3674 6276
124 302 155 355 ε
1224 273 1287 330 lN
1327 273 1580 339 lSAlAM,
1620 273 1771 330 CAP.
1816 275 1878 333 v.

122 420 207 470 aut:
228 403 301 473 Qui
319 400 481 461 dicmt,
502 394 609 452 Cito
638 394 1043 465 appropinquatt
1066 408 1180 461 qua:
1209 394 1440 463 {acturus
1464 403 1537 447 est

122 506 249 561 per:
269 495 495 547 rideamus.
522 487 573 541 ld
598 486 741 556 quod
772 494 824 539 et
848 486 985 545 alius
1014 484 1270 554 propheta
1298 486 1377 539 eis
1406 486 1536 539 vitio

121 596 193 648 Mill
209 590 367 642 dicens:
395 580 472 635 Vte
490 578 880 634 desiderantibus
909 577 1039 631 diem
1071 574 1300 630 Domini.
1326 574 1391 629 Et
1414 578 1541 646 quid

119 689 181 741 es
197 684 268 734 hcc
288 675 408 730 dies?
432 672 491 727 Et
518 672 624 725 lucc
649 680 721 726 est
746 671 979 736 tenebraz,
1012 686 1115 723 non
1143 669 1236 724 lux
1253 712 1267 732 ,
1298 679 1345 722 et
1371 669 1537 740 caligo

117 795 160 829 η
186 773 313 825 labeas
348 764 640 836 splendorem
676 779 821 817 suum
856 760 1030 833 (Amos
1075 761 1130 816 5.
1162 760 1248 816 18.
1278 759 1407 830 20).
1439 760 1537 815 Et-

115 870 183 922 cum
208 862 257 916 illi
283 870 460 928 quoque
501 853 754 909 increduli
790 851 1037 908 dicebant
1066 869 1081 907 :
1113 851 1334 920 Quando
1363 852 1540 907 veniet

116 950 351 1023 técssupplicii
375 957 423 1002 et
460 943 713 1000 ultionis?
748 944 841 999 20.
886 942 973 999 Va:
1002 943 1087 1016 qui
1131 944 1307 998 dicunt
1347 944 1538 997 malum

112 1066 217 1111 arm,
237 1054 269 1099 et
288 1045 439 1097 bonum
463 1040 683 1106 malum;
709 1037 797 1109 qui
819 1048 1012 1109 ponunt
1038 1038 1198 1092 lucem
1223 1037 1469 1104 tenebras,
1491 1045 1538 1091 et

114 1142 231 1194 sua
255 1138 410 1200 tutan;
432 1133 510 1202 qui
539 1141 732 1203 ponunt
760 1132 906 1187 dulce
933 1147 1167 1185 amarum
1187 1172 1201 1195 ,
1230 1139 1277 1186 et
1305 1147 1538 1185 amarum

110 1240 187 1287 aut.
205 1232 379 1285 Rursum
396 1225 457 1281 de
472 1224 657 1279 iisdem
677 1224 932 1295 loquitur.
960 1222 1221 1292 Quoniam
1250 1206 1537 1294 prophetas

111 1320 311 1377 natumeliis
333 1315 599 1373 onerabant
627 1324 681 1370 et
705 1314 1022 1386 deceptores
1046 1314 1309 1369 vocabant
1334 1333 1346 1369 :
1379 1329 1539 1385 pseu-

110 1413 327 1483 mophetas
350 1424 463 1465 vero
491 1408 843 1473 honorabant,
871 1422 1157 1478 rerumque
1188 1407 1429 1465 ordinem
1457 1408 1537 1463 in-

110 1509 277 1570 cubant,
296 1505 416 1573 ipsos
439 1502 661 1557 miseros
682 1500 934 1571 praedicat
962 1501 1033 1557 ob
1058 1510 1362 1570 corruptum
1389 1500 1536 1571 judi-

106 1606 185 1655 em.
208 1597 297 1663 γε,
322 1596 508 1665 inquit,
532 1595 622 1666 qui
648 1595 822 1648 dicunt
847 1597 1041 1648 malum
1064 1592 1253 1648 bonum
1275 1634 1291 1657 ,
1320 1592 1372 1648 id
1410 1603 1491 1649 est
1516 1634 1533 1659 ,

106 1688 506 1761 pendopmpheliam,
533 1696 582 1741 et
607 1685 793 1741 bonum
819 1685 1031 1751 malum,
1062 1684 1427 1756 prophetiam;
1451 1685 1539 1755 qui

104 1792 203 1845 sunt
226 1781 350 1835 lucem
379 1779 599 1833 tenebras
616 1820 633 1845 ,
663 1788 711 1832 et
747 1776 973 1831 tenebras
1002 1775 1197 1844 lucem;
1225 1777 1313 1848 qui
1339 1785 1536 1847 ponunt

106 1879 173 1925 uti:
190 1888 363 1925 amarum
383 1912 397 1938 ,
422 1880 464 1925 et
491 1886 725 1923 amarum
752 1869 919 1925 dulce.
947 1868 1171 1924 Etiamsi
1199 1869 1340 1924 enim
1367 1869 1537 1924 mole-

102 1966 211 2018 asint
230 1963 371 2028 verba,
401 1962 585 2034 inquit,
618 1960 713 2017 sed
744 1960 876 2015 nihil
901 1960 1108 2015 dulcius
1127 1969 1210 2016 est
1235 1958 1538 2033 prophetis,

103 2058 142 2123 ιχξεὶ
153 2056 349 2110 verborum
368 2052 881 2109 interminationibus
906 2068 1082 2107 rerum
1103 2052 1537 2123 experimentum

102 2151 267 2217 unum.
294 2150 385 2205 Etsi
408 2147 575 2203 dulcia
603 2148 710 2203 sint
734 2146 898 2201 verba
925 2144 1533 2217 pseudoprophetarum,

103 2246 144 2293 sel
159 2241 240 2293 nihil
262 2240 345 2294 illis
368 2238 615 2305 amarius,
640 2238 730 2309 qui
757 2254 853 2311 per
874 2237 1097 2309 gratiam
1127 2236 1411 2293 verborum
1437 2236 1537 2291 mi-

100 2332 189 2389 min
209 2349 289 2388 rem
313 2342 358 2386 et
379 2346 531 2401 opera
559 2341 797 2387 vertunt.

132 2432 160 2480 ἶ.
177 2430 227 2482 En
248 2427 479 2497 prophetae
504 2426 843 2495 sapientiam,
877 2422 1143 2497 quomodo
1169 2423 1385 2479 illorum
1415 2423 1535 2496 opi-

102 2524 212 2573 eam
232 2520 433 2574 inrertat.
466 2518 602 2587 Quia
630 2519 773 2573 enim
795 2517 899 2572 illis
923 2527 980 2570 ut
1005 2516 1279 2571 acerbiora
1308 2529 1537 2568 narran-

104 2616 168 2664 eis
184 2627 258 2664 non
279 2610 601 2665 attendehaut
627 2627 642 2674 ;
679 2610 761 2664 his
796 2623 952 2663 secus
979 2618 1037 2661 ut
1072 2606 1369 2661 mitioribus
1395 2604 1537 2659 mul-

102 2702 507 2773 aepedulcedinem
530 2702 935 2766 exhibentibus,
956 2700 1242 2763 dixit,,rem
1266 2698 1538 2754 contrario

101 2796 257 2849 elabere
274 2794 431 2861 modo,
453 2792 785 2862 multamque
811 2806 929 2848 esse
954 2790 1330 2861 prophetarum
1354 2789 1539 2844 dulce-

102 2884 217 2951 tm,
238 2885 421 2940 multam
456 2882 1048 2956 pseudoprophetarum
1076 2881 1487 2937 amaritudinem
1520 2897 1533 2934 :

102 2980 240 3032 uetiam
257 2977 312 3033 de
332 2978 439 3035 luce
459 2987 512 3033 et
529 2977 605 3033 de
630 2976 862 3033 tenebris
882 2991 1060 3031 sermo
1082 2974 1233 3029 nobis
1260 2972 1538 3029 habendus

102 3067 242 3123 estNam
260 3068 320 3123 illi
340 3070 400 3125 ad
418 3084 679 3135 errorem,
701 3068 755 3123 hi
775 3067 841 3123 ad
865 3068 1140 3123 veritatem
1165 3065 1498 3121 deducebant
1520 3083 1534 3119 :

99 3162 175 3213 etilli
192 3162 352 3232 quidem
373 3162 693 3235 captivitatis
721 3161 929 3232 caligini
960 3175 1151 3215 manus
1180 3158 1345 3213 ferme
1372 3158 1541 3229 ligan-

102 3255 376 3321 tstndebant,
409 3256 460 3310 hi
487 3266 675 3311 autem
716 3254 844 3310 nihil
876 3269 981 3309 non
1010 3252 1275 3323 agebant,
1306 3266 1362 3305 ut
1391 3251 1441 3304 in
1471 3250 1536 3304 li-

102 3344 373 3402 iam'ulucem
402 3347 757 3403 adducerent.
790 3346 1050 3415 Quoniam
1083 3359 1212 3413 ergo
1240 3342 1539 3413 oppositam

104 3446 197 3488 5m
215 3448 585 3493 cortsentaneam
627 3437 697 3492 de
735 3436 863 3507 ipsis
889 3436 1207 3490 sententiam
1236 3433 1539 3495 habebant,

104 3530 248 3591 .‘l'ltillos
264 3531 455 3602 corrigit
478 3531 672 3586 dicens
703 3546 720 3585 :
753 3528 855 3596 Qui
879 3536 1071 3599 ponunt
1100 3526 1261 3581 lucem
1292 3523 1539 3587 tenebras,

105 3622 283 3676 atatim
312 3625 479 3677 lucem.
518 3621 620 3677 21.
660 3619 751 3676 ναν
786 3620 869 3689 qui
895 3619 1225 3689 intelligentes
1261 3626 1377 3671 sunt
1404 3612 1545 3685 apud

103 3716 299 3783 Missos,
322 3726 364 3771 et
388 3733 557 3770 coram
584 3730 643 3770 se
678 3714 906 3769 scientes.
944 3711 1060 3767 Non
1101 3724 1329 3781 parvum
1359 3717 1413 3763 et
1443 3706 1546 3762 hoc

105 3804 221 3868 tim.
241 3821 336 3860 uim
360 3806 620 3877 quispiam
642 3819 701 3860 se
729 3804 1022 3873 sapientem
1049 3809 1235 3871 putat,
1263 3809 1317 3855 et
1340 3799 1543 3868 cogita-

102 3894 135 3945 *ἐή
154 3899 227 3951 ibus
241 3899 327 3954 suis
346 3899 516 3956 omnia
541 3896 825 3971 permittit.
859 3894 992 3951 Nam
1022 3893 1148 3949 hinc
1176 3891 1305 3947 illud
1333 3892 1543 3957 oritur;

104 3988 243 4041 mirum
269 3991 388 4059 quod
411 3990 597 4045 dicant
627 3988 823 4044 malum
851 3986 1049 4041 bonum
1074 4025 1089 4051 ,
1118 3993 1173 4039 et
1196 3983 1394 4037 bonum
1434 3997 1547 4035 ma-

103 4076 211 4133 anet
224 4093 397 4137 cetera.
421 4080 534 4138 lloc
554 4080 722 4138 etiam
742 4078 937 4133 Paulus
958 4075 1195 4131 externis
1214 4072 1550 4146 philosophis

104 4169 214 4225 Cimini
236 4174 341 4227 dans
363 4176 571 4231 dicebat
587 4189 607 4229 :
631 4171 865 4227 Dicentes
902 4186 956 4225 se
981 4170 1230 4240 sapientes
1258 4184 1383 4233 esse,
1410 4166 1551 4220 stulti

100 4266 247 4327 {15ml
270 4266 419 4336 (Rom.
437 4268 488 4324 l.
506 4266 634 4336 22).
656 4262 1115 4331 Proverbialisque
1141 4275 1319 4315 sermo
1340 4272 1551 4313 rursum

102 4354 134 4405 ri
149 4358 279 4412 labet:
306 4356 406 4412 Vidi
428 4360 707 4418 hominem,
726 4355 810 4425 qui
833 4354 928 4408 sibi
949 4352 1150 4423 sapiens
1174 4350 1432 4404 videbatur
1447 4364 1554 4402 esse

101 4450 166 4509 aut
179 4454 468 4518 temetipsum;
492 4454 745 4521 majorem
768 4463 915 4515 quam
937 4445 1027 4499 ille
1050 4460 1189 4514 spem
1206 4442 1351 4495 habet
1370 4440 1553 4495 stultus

102 4540 274 4598 ultumis.
290 4545 381 4616 l2).
401 4545 512 4600 line
528 4546 709 4615 ipsum
728 4542 917 4595 iterum
933 4536 1103 4607 arguit
1124 4534 1319 4589 Paulus
1335 4532 1418 4586 his
1442 4546 1553 4585 ver-

100 4630 157 4687 is:
173 4632 323 4690 Scitis
344 4637 614 4707 prudentes
634 4631 771 4703 apud
790 4630 1114 4698 vosmetipsos
1138 4624 1414 4699 (Rom.12.
1438 4623 1550 4695 lli);

102 4738 271 4780 annm
285 4730 355 4783 :Si
370 4729 475 4797 quis
489 4730 545 4780 in
565 4729 709 4780 vobis
722 4723 947 4776 videatur
962 4718 1163 4789 sapiens
1179 4734 1284 4772 esse
1295 4717 1347 4768 in
1364 4718 1458 4768 hoc
1469 4729 1555 4768 sa:-

102 4822 305 4879 ωυιιω
317 4822 558 4891 ﬁat,utsit
574 4816 870 4885 sapiensﬂ.
893 4814 1009 4868 Cor.
1033 4813 1087 4866 5.
1106 4811 1220 4880 18).
1236 4809 1310 4863 Ne
1328 4806 1556 4878 proprias

104 4912 459 4985 θλῑδαιιίτδωιιιίι,
476 4927 657 4983 neque
673 4905 1082 4981 cogitationibus
1099 4902 1211 4958 suis
1223 4901 1366 4963 (idat,
1384 4898 1476 4954 sed
1496 4897 1558 4951 il-

104 5004 387 5075 l1sustinens,
410 5007 647 5077 Spiritus
670 5001 926 5058 doctrinae
950 4996 1183 5051 animum
1208 4991 1398 5048 tradat.
1422 4990 1557 5056 Quia

106 5094 291 5168 ἐκπεριιὰ
306 5102 503 5156 iud-.eos
521 5099 742 5170 quidam
763 5101 915 5149 erant
928 5085 1251 5160 bujusmodi,
1270 5082 1557 5155 prophetas

108 5194 487 5265 ᾉβάωιεεμιωεί
507 5203 750 5263 pastores
763 5198 816 5244 et
828 5202 887 5242 ea
895 5179 1469 5256 prarios,volentesque
1485 5189 1573 5229 sa—

106 5286 265 5343 i’f‘tesin
281 5264 566 5357 semetipsis
584 5281 775 5347 videri,
800 5277 939 5350 quod
963 5285 1074 5330 tum
1093 5269 1406 5340 arrogantia:
1429 5264 1557 5335 ipsis

118 5378 220 5426 εῦςὶη
236 5389 343 5445 erat,
363 5390 468 5435 tum
491 5386 555 5434 ut
576 5375 677 5431 sibi
696 5374 834 5428 dicta
853 5371 1279 5427 contemnerent,
1297 5362 1418 5431 jure
1439 5358 1559 5412 illos

124 5479 177 5528 ξεί
188 5471 348 5527 dicens:
367 5472 443 5526 Va
456 5474 544 5543 qui
559 5468 895 5539 intelligentes
909 5472 1028 5518 sunt
1040 5460 1179 5531 apud
1188 5454 1499 5521 semetipsos,
1511 5457 1559 5502 et

118 5578 312 5631 “meum
333 5583 417 5620 sua
436 5566 668 5620 scientes.
686 5560 777 5614 22.
792 5556 882 5611 Vw
902 5554 988 5625 qui
1011 5556 1161 5623 fortes
1176 5556 1290 5603 sunt
1305 5546 1433 5598 inter
1448 5557 1554 5607 uos.

115 5658 449 5723 ιιήιιιιὺύὺηηί,
467 5660 555 5727 qui
584 5664 805 5727 potentes
824 5658 960 5714 sunt,
982 5645 1068 5718 qui
1095 5644 1301 5695 miscent
1324 5640 1555 5693 siceram.

114 5742 291 5807 imiteris
306 5755 343 5809 si
358 5768 472 5809 cum
492 5753 657 5824 paulo
676 5757 797 5803 ante
810 5753 953 5800 tanta
977 5738 1169 5798 dixerit
1185 5746 1367 5794 contra
1385 5734 1557 5791 ebrie-

3166 280 3238 338 κϐ

1648 402 1832 459 tatem,
1855 409 2040 449 rursus
2061 394 2307 451 eumdem
2334 406 2569 454 resumat
2588 413 2913 459 sermonem.
2936 400 3067 469 Quia
3089 403 3235 457 enim

1642 500 1806 557 grave
1845 487 1997 542 ulcus
2022 496 2177 555 erat,
2210 503 2309 543 nec
2335 489 2595 553 cedebat,
2625 490 2746 546 ideo
2774 493 2901 546 illud
2932 493 3239 563 frequenter

1644 579 1954 649 abstergere
1983 581 2287 650 oportebat.
2328 581 2501 636 Grave
2534 591 2588 636 et
2629 592 2814 636 curata
2860 583 3073 637 difﬁcile
3106 584 3234 639 illud

1643 679 1758 735 est,
1790 685 1912 724 cum
1942 670 1994 725 id
2023 670 2164 741 quod
2190 671 2371 726 multis
2396 672 2608 728 videtur
2635 688 2739 727 non
2770 688 2891 729 esse
2922 682 3195 741 peccatum
3220 716 3235 739 ,

1642 761 2014 831 gravissimum
2057 770 2235 817 tamen
2289 764 2528 819 omnium
2585 774 2667 820 est
2713 775 3036 834 peccatum,
3091 765 3235 835 quod

1642 862 1927 908 sexcentos
1958 853 2232 923 ingeneret
2261 855 2497 909 morbos.
2528 854 2655 910 Ideo
2678 857 2755 910 ait
2783 872 2798 911 :
2832 854 2930 923 Qui
2960 856 3129 908 vinum
3157 856 3236 908 bi-

1643 945 1802 1015 bunt,
1834 958 1881 1003 et
1904 956 2129 1018 potentes
2154 989 2169 1013 ,
2196 948 2282 1020 qui
2310 948 2517 1003 miscent
2546 949 2780 1003 siceram.
2814 947 3015 1018 Duplex
3046 948 3235 1017 pra-ci-

1643 1039 1865 1110 pitium,
1896 1040 2135 1113 tyrannis
2173 1040 2481 1108 ebrietatis,
2520 1049 2575 1094 et
2613 1039 2864 1109 potentia:
2903 1038 3236 1109 magnitudo.

1642 1129 1902 1185 Omnibus
1930 1130 2126 1201 quippe
2155 1129 2460 1185 horninibus
2496 1130 2778 1186 ratiocinio
2805 1140 2888 1186 est
2913 1145 3046 1202 epus
3068 1169 3086 1198 ,
3117 1148 3235 1185 ma—

1642 1222 1786 1277 xime
1817 1236 1946 1277 vero
1972 1222 2035 1277 iis
2060 1221 2150 1293 qui
2180 1221 2233 1275 iu
2259 1220 2516 1292 dignitate
2539 1231 2594 1276 et
2624 1220 2673 1275 in
2706 1221 2938 1292 potentia
2973 1230 3097 1276 sunt
3117 1262 3133 1289 ,
3165 1236 3234 1276 ne

1644 1314 1971 1384 principatus
1995 1324 2225 1381 tumore,
2249 1328 2349 1368 ceu
2376 1313 2743 1368 inundantium
2761 1328 3016 1384 aquarum
3036 1315 3238 1384 impetu

1642 1405 1945 1477 praecipites
1969 1413 2213 1476 agantur.
2236 1405 2327 1460 25.
2362 1406 2462 1471 Qui
2478 1406 2765 1477 justiﬁcanl
2790 1406 3001 1476 impium
3028 1416 3238 1477 prapter

1640 1514 1869 1563 munera,
1899 1507 1947 1551 et
1965 1498 2058 1569 jus
2074 1496 2202 1567 justi
2231 1497 2412 1551 tollunt
2440 1500 2504 1550 ab
2534 1498 2644 1551 illo.
2678 1496 2881 1566 Duplex
2915 1512 3098 1552 rursus
3125 1499 3233 1552 eri—

1639 1602 1762 1647 men
1792 1590 1949 1647 oti‘ert
1970 1632 1986 1657 ,
2008 1589 2150 1661 quod
2189 1604 2339 1645 reum
2366 1589 2669 1659 dimittant,
2696 1600 2750 1645 et
2778 1589 2920 1661 quod
2948 1590 3231 1646 innoxium

1639 1680 2021 1737 condemnent.
2067 1679 2357 1751 Utriusque
2401 1681 2607 1751 peccati
2650 1681 2801 1737 radix
2845 1690 2971 1737 sum
3012 1693 3231 1753 accepta

1639 1790 1883 1830 munera.
1911 1776 2002 1831 24.
2033 1774 2161 1830 Ideo
2186 1774 2611 1849 quemadmodum
2634 1778 2963 1831 succendetur
2988 1777 3178 1847 stipula
3202 1794 3235 1831 a

1639 1869 1857 1925 carbone
1879 1870 2031 1941 ignis,
2060 1879 2107 1926 et
2131 1869 2459 1925 succendetur
2480 1886 2511 1923 a
2537 1870 2749 1940 ﬂamma
2772 1886 3002 1924 accensa.
3030 1870 3235 1925 Celeri-

1642 1971 1801 2017 tatem
1821 1963 2035 2018 ultionis
2049 1972 2103 2018 et
2122 1960 2429 2018 facilitatem
2453 1961 2696 2018 sumendi
2719 1962 2965 2032 supplicii
2992 1962 3228 2029 exhibet,

1640 2063 1936 2111 extremam
1962 2054 2174 2109 illorum
2196 2054 2484 2125 perniciem
2516 2054 2746 2125 imagine
2772 2055 3101 2124 exprimens.

1711 2146 1765 2202 8.
1807 2146 1933 2201 Haec
1958 2146 2153 2217 quippe
2172 2149 2350 2201 omnia
2374 2147 2608 2211 flamma,
2638 2145 2920 2213 carbones,
2950 2147 3143 2217 stipula
3177 2156 3233 2201 et

1638 2254 1760 2309 qua:
1804 2248 2101 2309 sequuntur
2141 2238 2295 2295 nobis
2336 2238 2591 2295 indicant.
2641 2237 2815 2293 Radix
2864 2256 3038 2293 eorum
3086 2241 3234 2305 quasi

1640 2332 1804 2404 puluis
1833 2334 1956 2399 erit,
2002 2339 2051 2386 et
2091 2332 2188 2404 ﬂos
2216 2347 2389 2387 eorum
2420 2331 2564 2401 quasi
2607 2332 2771 2402 pulvis
2813 2332 3067 2385 ascendet.
3103 2331 3235 2399 Qum

1642 2423 1746 2479 lixa
1777 2433 1900 2479 sunt
1928 2432 1983 2480 et
2011 2424 2160 2479 firma
2186 2423 2452 2494 peribunt,
2485 2439 2603 2493 qua:
2628 2423 2907 2493 Splendida
2956 2424 3237 2479 ell'uuden-

1641 2526 1748 2583 tur,
1776 2534 1896 2589 qua:
1924 2518 2046 2574 lzeta
2080 2516 2305 2572 abibunt
2333 2526 2387 2573 et
2428 2516 2693 2572 diffluent.
2736 2516 2860 2571 Non
2900 2519 3032 2573 enim
3061 2520 3236 2573 volue-

1639 2618 1759 2664 runt
1788 2612 1945 2682 legem
1975 2610 2181 2664 Domini
2205 2608 2433 2666 Sabaoth
2462 2613 2652 2682 facere,
2683 2612 2774 2663 sed
2794 2608 3048 2670 eloquium
3076 2614 3237 2665 sancti

1641 2710 2087 2773 exasperaverunt.
2121 2700 2406 2772 Eloquium
2428 2709 2585 2755 vocat
2622 2702 2816 2771 legem.
2842 2700 2931 2756 25.
2973 2700 3040 2754 Et
3077 2702 3236 2754 iratus

1641 2805 1713 2851 est
1731 2798 1904 2868 furore
1926 2792 2175 2848 Dominus
2200 2792 2430 2849 Sabaoth
2458 2792 2509 2848 in
2545 2792 2789 2863 pupulum
2811 2808 2957 2846 suum
2989 2807 3009 2847 :
3029 2803 3074 2846 et
3100 2790 3236 2864 inje-

1641 2891 1707 2944 cit
1735 2905 1941 2943 manum
1967 2904 2109 2942 suam
2132 2888 2185 2943 in
2204 2904 2309 2954 eos,
2340 2898 2387 2942 et
2429 2886 2673 2959 percussit
2691 2903 2791 2940 eos.
2826 2884 2889 2938 Et
2915 2886 3237 2939 exacerbatus

1642 2991 1715 3037 est
1752 2981 1995 3036 adversus
2042 2989 2274 3045 montes,
2319 2990 2368 3035 et
2401 2980 2540 3050 facta
2584 2986 2706 3032 sunt
2758 2977 3026 3031 morticina
3065 2993 3238 3029 eorum

1641 3074 1786 3144 quasi
1809 3083 2001 3128 stercus
2040 3072 2092 3126 in
2119 3070 2283 3125 medio
2324 3071 2439 3125 vite.
2474 3068 2544 3123 Et
2584 3070 2639 3123 in
2677 3068 2908 3124 omnibus
2936 3069 3013 3121 his
3039 3076 3237 3122 nonest

1642 3183 1845 3221 aversus
1874 3166 2019 3236 [uror
2043 3166 2159 3238 ejus
2189 3179 2210 3219 :
2227 3163 2317 3219 sed
2334 3164 2505 3217 adhuc
2528 3178 2711 3217 manus
2735 3162 2846 3233 ejus
2860 3159 3079 3215 excelsa.
3126 3161 3238 3216 Iloc

1643 3262 1763 3317 loco
1806 3261 2003 3316 bellum
2050 3274 2214 3329 grave
2243 3258 2260 3291 ¹
2286 3256 2608 3322 snbindicat,
2655 3256 2707 3310 in
2752 3271 2857 3325 quo
2900 3269 2968 3309 ne
3013 3268 3239 3322 corpora

1644 3354 1857 3424 quidem
1901 3350 2117 3421 sepeliri
2162 3358 2431 3421 poterunt,
2464 3364 2572 3403 non
2611 3354 2670 3402 ut
2711 3346 2787 3401 illi
2818 3360 3003 3416 pmnas
3035 3344 3163 3399 dent
3191 3346 3236 3411 ',

1645 3445 1740 3501 sed
1768 3453 1822 3499 ut
1844 3444 1933 3515 qui
1960 3444 2141 3499 vivent
2167 3441 2357 3497 alienis
2378 3439 2533 3497 malis
2570 3438 2787 3495 abducti
2815 3438 3014 3509 aliquid
3040 3438 3237 3493 saltem

1646 3538 1714 3593 de
1741 3537 1978 3607 nequitia
2029 3534 2327 3590 succidant.
2368 3535 2448 3587 Ac
2471 3529 2597 3588 vide
2620 3530 2892 3603 quomodo
2914 3529 3237 3585 atrociorem

1648 3630 1941 3687 reddiderit
1969 3626 2431 3684 sermonem.l\'ou
2474 3625 2618 3681 enim
2659 3624 2819 3688 dixit,
2848 3639 2953 3678 non
2998 3623 3240 3692 sepultos

1648 3725 1836 3790 fuisse,
1865 3722 1960 3779 sed
1983 3721 2245 3778 cadavera
2272 3717 2589 3789 abjectiora,
2618 3731 2777 3788 quam
2802 3726 3015 3771 stercus
3042 3714 3240 3784 ipsum,

1649 3817 1811 3873 modo
1833 3815 2071 3885 projecta
2111 3828 2233 3869 esse
2260 3829 2275 3868 :
2300 3809 2442 3883 quod
2470 3808 2772 3865 viventibus
2796 3808 3036 3862 omnium
3069 3808 3243 3862 hurri-

1652 3911 1970 3966 bilissimum
2017 3921 2139 3962 esse
2194 3905 2437 3971 videtur,
2487 3912 2543 3958 et
2587 3902 2703 3972 ipsa
2750 3909 2929 3967 morte.
2974 3899 3242 3955 acerbius.

1651 4002 1805 4071 Quod
1833 4017 1956 4057 vero
1981 3999 2131 4070 pejus
2154 4006 2253 4062 est,
2276 4012 2343 4052 ne
2362 3995 2443 4050 his
2472 3994 2687 4066 quidem
2717 3994 2787 4047 ita
2814 4006 2876 4047 se
2901 3989 3242 4055 habentibus,

1646 4092 1845 4168 inquit,
1874 4093 2263 4149 moderatiores
2292 4090 2420 4144 facti
2443 4096 2599 4153 sunt;
2638 4084 2734 4141 sed
2766 4085 2818 4139 in
2849 4082 3037 4139 iisdem
3071 4081 3244 4151 persi-

1654 4200 1820 4246 stunt.
1849 4188 1981 4256 Quia
2011 4186 2171 4256 igitur
2216 4197 2322 4236 non
2366 4179 2617 4236 meliores
2641 4182 2959 4240 evaserunt,
3008 4173 3247 4227 minatur

1654 4300 1868 4342 rursum
1910 4282 2013 4337 illis
2041 4276 2412 4353 gravissimam
2441 4274 2587 4329 illam
2619 4272 2973 4326 barbarorum
3011 4266 3244 4337 plagam.

1656 4374 2015 4446 Quamobrem
2043 4370 2215 4442 pergit
2236 4368 2421 4423 dicens
2450 4382 2465 4420 :
2494 4362 2586 4419 26.
2615 4360 2786 4433 Igitur
2818 4357 3004 4414 levabit
3044 4356 3248 4427 signum

1654 4472 1708 4525 in
1734 4465 2020 4522 nationibus
2050 4460 2247 4535 procul.
2289 4457 2369 4514 Ne
2404 4456 2505 4511 vite
2542 4451 2819 4524 longitudo
2860 4450 2914 4503 in
2962 4448 3246 4518 segnitiem

1658 4562 1778 4619 illos
1806 4557 2072 4629 conjiciat,
2101 4552 2261 4607 aitita
2289 4548 2445 4604 facile
2473 4560 2631 4618 posse
2647 4546 2810 4599 Deum
2836 4540 2959 4597 illos
2972 4537 3246 4603 inducere,

1658 4666 1719 4713 ut
1748 4654 1902 4710 facile
1933 4660 2015 4706 est
2040 4650 2218 4703 levare
2243 4645 2476 4715 signum,
2507 4648 2562 4696 et
2588 4652 2682 4692 eos
2702 4635 2794 4707 qui
2822 4633 3064 4688 adornati
3092 4646 3247 4701 para-

1661 4752 1805 4821 tique
1832 4754 1957 4802 sunt
1985 4744 2215 4800 educere
2242 4739 2294 4794 in
2322 4737 2519 4797 aciem,
2547 4730 2690 4801 quod
2718 4731 2900 4800 utique
2927 4725 2987 4781 fit
3011 4726 3076 4821 in
3094 4724 3243 4794 equis

1659 4818 1731 4901 ad
1751 4840 2063 4901 certandum
2092 4831 2389 4891 instructis.
2439 4824 2611 4882 Simul
2656 4824 2800 4877 enim
2845 4829 3006 4888 atque
3034 4818 3248 4886 signum

1659 4931 1964 4993 emissionis
1989 4930 2040 4983 in
2070 4925 2300 4980 sublime
2346 4919 2599 4989 erigitur,
2623 4930 2689 4969 ex
2716 4908 3023 4967 carceribus
3069 4906 3251 4962 confe-

1661 5030 1785 5085 stim
1815 5025 1889 5080 illi
1919 5018 2189 5079 exsiliunt.
2215 5011 2478 5083 Propheta
2510 5008 2669 5077 igitur
2695 5004 2803 5059 duo
2821 5002 2906 5057 hic
2928 4999 3246 5065 snbindicat,

1662 5122 1817 5179 facile
1844 5130 2036 5184 nempe
2059 5126 2178 5168 esse
2199 5124 2293 5164 eos
2319 5103 2578 5160 accedere
2619 5100 2727 5153 Deo
2770 5103 3016 5160 vocante,
3044 5102 3100 5147 et
3143 5092 3253 5184 jam

1662 5216 1791 5270 olim
1818 5182 2072 5265 venturos
2117 5202 2301 5265 fuisse,
2357 5196 2458 5251 nisi
2494 5209 2587 5249 eos
2633 5192 2817 5260 ingens
2858 5187 2952 5241 Dei
3003 5182 3247 5253 patientia

1664 5304 1998 5363 detinuisset.
2030 5292 2229 5351 Deinde
2267 5290 2407 5344 inter
2437 5281 2764 5340 narrandum
2808 5278 3064 5346 majorem
3101 5274 3247 5327 exhi-

1663 5401 1754 5455 bet
1792 5394 2097 5451 facilitatem
2140 5386 2322 5440 dieens
2352 5400 2366 5435 :
2394 5376 2465 5433 Et
2510 5375 2727 5431 sibilavit
2796 5388 2879 5427 eos
2917 5370 2979 5423 ab
3019 5379 3243 5425 extremo

1665 5504 1831 5546 terrae.
1860 5486 1939 5542 Ne
1964 5480 2174 5538 mireris
2199 5487 2377 5532 autem
2406 5469 2475 5527 de
2502 5470 2612 5525 Deo
2650 5467 2953 5538 loquentem
2985 5461 3059 5513 ita
3102 5477 3249 5516 eras-

1729 5605 1746 5637 ί
1782 5603 1837 5653 In
1860 5610 1977 5664 Reg.
2004 5600 2056 5647 et
2084 5591 2227 5646 savii.
2259 5590 2461 5654 legitur,
2492 5582 2679 5648 aliquid
2710 5589 2873 5644 grave,
2920 5587 3027 5637 pro,
3080 5569 3255 5622 bellum

1664 5680 1909 5791 "rivfiéc,
1930 5736 2021 5777 non
2043 5728 2091 5779 ut
2114 5716 2187 5772 illi
2208 5728 2373 5781 pwnas
2399 5717 2528 5775 dent,
2551 5710 2731 5760 desunt
2762 5703 2811 5753 in
2836 5708 2951 5763 Reg.
2974 5703 3026 5748 et
3065 5696 3213 5749 Savil.
