3674 6276
381 223 452 283 6‘7
1088 217 1148 274 S.
1185 215 1465 275 JOANNIS
1500 211 1977 271 CIlRYSOSTOMl
2017 211 2336 271 ARCHILP.
2377 216 2912 279 CONS’I‘ANTINOP.
3592 237 3638 290 ω

380 338 604 396 sissimis
633 338 707 394 uti
736 336 917 394 verbis
951 353 964 390 :
998 352 1121 391 nam
1153 334 1448 391 secundum
1486 331 1845 402 insipientiam
1869 344 1967 383 au-

379 432 611 485 ditorum
648 430 810 484 verba
836 437 1179 499 attemperat,
1213 442 1376 480 unum
1406 425 1487 479 his
1508 423 1759 478 omnibus
1795 420 1976 476 decla-

380 537 501 577 rare
526 522 736 588 volens,
761 520 812 577 id
836 535 1028 590 nempe
1056 521 1167 574 Deo
1186 518 1345 574 facile
1371 532 1513 583 esse,
1533 526 1584 571 et
1615 530 1728 570 rem
1752 528 1974 584 prorsus

380 623 731 680 eventuram;
765 612 887 668 ideo
912 613 1189 682 subjunxit
1219 630 1232 665 :
1262 610 1332 665 Et
1358 626 1470 665 ecce
1497 612 1595 663 cito
1622 609 1855 661 velociter
1888 623 1973 661 ve-

380 705 647 759 nient.27.
679 703 803 758 Non
852 705 1093 767 esurient,
1134 716 1291 773 neque
1318 699 1634 764 laborabunt,
1667 715 1825 769 neque
1855 697 1975 751 dor-

380 798 647 852 mitabunt.
674 796 801 853 Haec
832 796 1173 869 hyperbolice
1191 803 1314 848 sunt
1340 794 1502 848 dicta.
1526 790 1807 859 Quomodo
1827 791 1973 846 enim

380 890 495 945 ﬁeri
526 898 738 958 poterat
777 896 839 944 ut
885 903 1058 958 neque
1099 887 1386 949 esurirent,
1435 899 1610 956 neque
1651 882 1970 947 dormirent,

381 983 629 1039 homines
648 997 773 1038 cum
801 989 983 1037 essent
1004 1021 1020 1047 ,
1066 993 1517 1048 communemque
1562 985 1764 1032 naturze
1789 974 1975 1030 condi-

382 1076 582 1131 tionem
634 1073 812 1129 sortiti
860 1072 1080 1128 essent?
1130 1070 1235 1127 Sed
1288 1070 1627 1125 velocitatem
1680 1068 1970 1136 exercitus,

381 1167 712 1234 facilitatem,
735 1166 1085 1228 celeritatem,
1114 1171 1174 1219 ut
1192 1162 1302 1233 jam
1324 1162 1453 1228 dixi,
1480 1161 1565 1217 his
1600 1161 1849 1217 omnibus
1877 1159 1974 1216 de-

382 1270 670 1318 monstrat.
718 1258 899 1331 Neque
934 1259 1125 1314 solvent
1158 1274 1315 1312 zonas
1358 1272 1479 1311 suas
1511 1273 1545 1310 a
1578 1255 1758 1310 lumbis
1790 1253 1897 1309 suis
1926 1253 1967 1321 ⁸,

383 1369 538 1424 neque
585 1352 962 1422 disrnmpentur
1014 1350 1244 1420 corrigiae
1282 1348 1733 1403 calceamentorum
1774 1362 1966 1401 eorum.

379 1443 472 1500 28.
500 1444 727 1511 Quorum
746 1443 942 1514 sagittte
968 1451 1133 1497 acuta:
1156 1450 1292 1506 sunt,
1310 1450 1358 1494 et
1380 1456 1532 1494 arcus
1560 1456 1734 1493 eorum
1758 1439 1969 1493 extenti.

386 1536 553 1592 Pedes
582 1551 822 1607 equorum
873 1550 1047 1588 eorum
1075 1541 1131 1587 ut
1173 1533 1339 1587 solida
1378 1542 1521 1602 petra
1560 1530 1781 1602 reputati
1815 1539 1969 1599 sunt,

380 1640 507 1683 reue
529 1643 769 1682 curruum
804 1642 976 1681 eorum
1012 1634 1068 1679 ut
1100 1624 1353 1694 procellae.
1380 1623 1470 1680 29.
1501 1621 1704 1693 Impetu
1741 1623 1973 1693 feruntur

380 1732 437 1777 ut
462 1723 648 1788 leones,
675 1730 724 1776 et
752 1704 1052 1775 adstiterant
1075 1730 1128 1771 ut
1153 1718 1309 1772 catuli
1332 1716 1556 1771 leonum.
1588 1715 1657 1770 Et
1689 1719 1972 1786 apprehen-

381 1814 486 1882 det,
512 1823 559 1867 et
586 1812 825 1867 clamabit
859 1812 1006 1883 quasi
1042 1810 1173 1880 fera,
1205 1818 1252 1864 et
1294 1810 1494 1881 ejiciet;
1531 1818 1579 1863 et
1614 1825 1718 1864 non
1754 1809 1848 1863 erit
1884 1809 1973 1880 qui

380 1905 552 1959 liberet
581 1920 684 1959 eos.
714 1903 804 1959 30.
835 1902 903 1957 Et
919 1902 1155 1956 clamabit
1184 1910 1392 1971 propter
1419 1917 1505 1955 eos
1526 1901 1581 1955 in
1600 1900 1819 1969 dieillo,
1840 1901 1972 1956 sicut

378 2013 477 2053 vox
494 1998 647 2053 maris
670 1996 945 2051 restuantis.
972 1993 1043 2049 Et
1064 1994 1307 2066 aspicient
1328 1993 1381 2047 in
1400 1993 1580 2048 cretum
1603 2009 1825 2062 sursum,
1851 2002 1898 2047 et
1918 1994 1977 2073 in

381 2100 570 2144 terrant
597 2090 834 2143 deorsum
863 2103 883 2143 :
911 2096 960 2141 et
985 2103 1098 2142 ecce
1117 2085 1333 2140 tenebrat
1360 2085 1526 2153 durae,
1559 2085 1775 2140 tenebris
1798 2087 1852 2140 in
1871 2102 1971 2141 an-

381 2182 548 2252 gustia
571 2197 765 2235 eorum.
800 2179 956 2236 Hisce
985 2179 1233 2234 omnibus
1254 2192 1560 2234 sermonem
1590 2178 1966 2249 amplificavit,

380 2284 437 2330 et
477 2277 722 2330 timorem
767 2274 936 2341 auxit,
968 2273 1273 2329 minutatim
1319 2273 1529 2344 singula
1575 2288 1856 2343 enarrans,
1903 2275 1971 2333 de

380 2366 621 2430 decreto,
648 2366 717 2421 de
743 2364 1074 2433 fortitudine,
1103 2365 1171 2421 de
1194 2365 1379 2431 armis,
1402 2365 1471 2421 de
1492 2366 1666 2437 equis,
1686 2365 1753 2422 de
1796 2367 1970 2437 curri-

382 2459 503 2527 bus,
533 2459 605 2515 ita
643 2467 703 2514 ut
744 2458 1010 2514 dictorum
1060 2459 1403 2516 multitudine
1450 2474 1699 2531 magnam
1748 2461 1974 2518 inferret

380 2549 725 2617 anxietatem,
750 2558 803 2605 et
824 2549 1116 2621 imaginum
1143 2551 1387 2608 claritate
1409 2566 1496 2608 res
1520 2568 1688 2623 prope
1717 2553 1817 2610 sub
1845 2570 1974 2611 ocu-

382 2642 468 2699 los
504 2649 706 2713 ageret.
749 2641 876 2698 Ideo
914 2642 1158 2699 leonibus
1200 2643 1322 2700 illos
1359 2653 1670 2715 comparat,
1712 2659 1889 2718 neque
1917 2647 1974 2703 in

383 2733 488 2790 hoc
514 2735 760 2805 exemplo
780 2734 1039 2800 substitit,
1069 2733 1164 2791 sed
1190 2734 1397 2807 effingit
1424 2750 1608 2792 vocem
1631 2748 1686 2793 et
1714 2737 1971 2809 impetum

382 2826 536 2895 ferte,
561 2827 723 2898 inque
748 2826 1064 2898 metaphora
1087 2824 1305 2895 insistit,
1330 2826 1604 2900 multaque
1642 2829 1807 2885 utitur
1832 2830 1972 2901 ligu-

382 2928 497 2976 rata
524 2918 783 2975 dictione.
798 2919 932 2975 Hinc
946 2918 1012 2974 ad
1030 2934 1178 2974 mare
1193 2934 1498 2977 sermonem
1515 2919 1762 2988 traducit,
1786 2920 1973 2979 dicens

384 3023 589 3069 tantum
610 3013 722 3069 fore
742 3013 1045 3078 tumultum,
1070 3022 1267 3069 tantam
1285 3013 1757 3085 perturbationem,
1774 3024 1971 3086 quanta

382 3106 543 3163 fuerit
563 3106 862 3162 insaniente
890 3115 947 3162 et
968 3115 1228 3163 aestuante
1250 3107 1436 3179 pelago
1463 3125 1478 3161 :
1506 3122 1570 3163 ac
1597 3108 1773 3164 modis
1795 3108 1970 3165 omni-

381 3199 482 3256 bus
510 3199 769 3256 annititur
796 3208 854 3254 ut
878 3210 1079 3255 metum
1100 3209 1312 3271 augeat,
1331 3210 1388 3254 ut
1407 3200 1485 3255 illi
1512 3215 1618 3255 non
1640 3210 1833 3272 egeant
1859 3202 1970 3273 ipsa

382 3306 565 3347 rerum
594 3291 954 3362 experientia.
982 3290 1241 3363 Quodque
1266 3291 1477 3363 gravius
1505 3300 1609 3357 est,
1630 3309 1791 3350 nemo
1814 3295 1970 3350 adfu-

381 3392 535 3440 turus
560 3392 663 3453 est,
682 3383 874 3456 inquit,
905 3400 1079 3457 neque
1103 3400 1171 3441 ex
1198 3394 1361 3451 terra,
1388 3400 1562 3457 neque
1581 3401 1648 3442 ex
1672 3386 1848 3452 caelis;
1876 3386 1972 3444 sed

383 3473 623 3531 destituti
662 3490 898 3546 superno
925 3476 1155 3539 auxilio,
1187 3484 1243 3531 et
1269 3484 1481 3532 terrena
1521 3491 1657 3548 ope,
1700 3476 1978 3534 tradentur

384 3566 652 3625 hostibus.
674 3567 947 3624 Tenebras
970 3580 1149 3624 autem
1175 3568 1262 3624 hic
1284 3567 1414 3625 dicit
1433 3583 1548 3637 eas,
1583 3584 1703 3641 quae
1724 3585 1795 3629 ex,
1825 3568 1971 3625 cala-

388 3659 577 3714 mitate
607 3660 736 3729 ipsis
761 3659 1013 3717 immissas
1044 3670 1199 3727 sunt,
1222 3676 1329 3716 non
1360 3660 1500 3732 quod
1531 3662 1662 3717 radii
1685 3662 1816 3719 solis
1841 3662 1973 3722 sub-

383 3748 477 3805 lati
510 3760 714 3818 essent,
747 3750 843 3807 sed
883 3751 1025 3823 quod
1050 3767 1146 3823 pro
1169 3751 1362 3807 allectu
1389 3752 1704 3823 patientium
1732 3754 1785 3809 in
1806 3754 1973 3810 meri-

386 3842 477 3898 die
502 3843 574 3898 illi
602 3858 700 3914 pro
738 3842 860 3900 luce
907 3843 1157 3901 tenebras
1188 3844 1420 3900 viderint
1450 3864 1464 3900 :
1497 3844 1549 3900 id
1576 3845 1718 3916 quod
1744 3846 1847 3902 illis
1879 3846 1974 3918 qui

383 3934 571 3991 dolore
590 3944 645 3991 et
676 3936 931 3991 :erumnis
960 3948 1276 4007 premuntur
1298 3938 1611 4009 contingere
1638 3938 1794 3994 solet.
1824 3940 1892 3995 Et
1917 3948 1976 3995 ut

383 4029 561 4085 discas
586 4044 694 4085 non
713 4044 781 4086 ex
802 4039 989 4085 natura
1037 4032 1182 4086 aeris
1209 4031 1458 4086 tenebras
1493 4033 1807 4101 provenisse
1830 4074 1845 4099 ,
1876 4033 1973 4089 sed

382 4134 451 4175 ex
481 4119 694 4176 illorum
719 4119 931 4191 affectu,
963 4120 1159 4193 adjecit
1186 4139 1199 4176 :
1234 4122 1472 4178 Tenebrae
1499 4124 1642 4180 dum
1663 4125 1716 4179 in
1740 4125 1976 4196 angustia

382 4228 574 4268 eorum.

997 4325 1221 4385 CAPUT
1261 4328 1351 4385 Vl.

458 4437 512 4494 1.
554 4437 623 4492 Et
648 4442 841 4511 factum
864 4450 942 4494 est
961 4440 1016 4494 in
1043 4457 1200 4506 anno,
1227 4456 1325 4511 quo
1346 4451 1575 4497 mortuus
1605 4459 1697 4499 rex
1728 4443 1903 4501 Ozias.

464 4571 515 4627 Ι.
557 4570 664 4628 Cur
696 4581 894 4630 caetera
940 4574 1117 4629 omnia
1143 4586 1382 4647 tempora
1427 4592 1459 4631 a
1500 4578 1609 4634 vita
1638 4595 1848 4650 regum,
1876 4580 1979 4638 hoc

388 4674 568 4721 autem
595 4681 625 4720 a
643 4675 815 4722 morte
862 4683 1002 4723 nunc
1029 4669 1289 4740 propheta
1320 4672 1511 4729 notat?
1536 4672 1650 4728 Non
1687 4675 1828 4730 enim
1854 4676 1928 4730 ait
1959 4692 1975 4730 :

334 4758 341 4765 ’
388 4756 611 4813 Factum
642 4768 724 4815 est
750 4759 803 4815 in
826 4759 1013 4816 diebus
1039 4760 1203 4828 Ozias,
1236 4776 1364 4831 non,
1392 4774 1649 4834 regnante
1676 4763 1801 4821 Ozia
1819 4808 1834 4832 ,
1859 4766 1976 4834 sed,

387 4848 613 4906 Factum
668 4859 751 4906 est
795 4866 918 4906 cum
967 4860 1210 4908 mortuus
1251 4861 1353 4908 est.
1399 4853 1535 4924 Quid
1581 4870 1710 4927 ergo
1744 4857 1855 4912 vult
1892 4856 1981 4913 hic

392 4941 591 5013 agere?
616 4941 731 4997 Non
763 4950 1000 5011 temere,
1032 4958 1132 4999 nec
1162 4943 1382 5000 fortuito
1426 4946 1511 5001 hic
1548 4948 1687 5017 agit;
1720 4949 1813 5004 sed
1853 4949 1980 5019 quid

392 5050 647 5091 arcanum
671 5035 825 5091 nobis
849 5036 1180 5092 subindicat.
1218 5036 1355 5106 Quid
1390 5038 1520 5094 illud
1542 5040 1661 5095 est?
1688 5041 1783 5097 llic
1825 5042 1981 5097 Ozias

394 5142 461 5181 ex
484 5126 646 5182 rebus
693 5127 967 5197 gestisque
1010 5131 1282 5200 prosperis
1304 5130 1505 5198 ebrius,
1535 5142 1590 5187 et
1614 5131 1869 5191 felicitate
1898 5136 1981 5190 in-

395 5218 575 5286 ﬂatus,
603 5221 775 5288 majus
802 5220 1072 5291 quidpiam
1101 5239 1259 5293 quam
1288 5238 1381 5278 sua
1414 5224 1650 5296 dignitas
1671 5225 1876 5284 ferebat
1900 5228 1982 5284 af-

396 5311 613 5367 fectavit
635 5312 711 5378 (4.
735 5310 863 5383 Reg.
893 5314 980 5370 15.
1004 5315 1067 5379 2;
1087 5313 1142 5369 2.
1160 5313 1341 5371 Paral.
1363 5317 1477 5388 26).
1508 5319 1573 5373 Et
1593 5320 1715 5390 quia
1733 5335 1821 5377 rex
1843 5330 1984 5393 erat,

401 5405 605 5476 putavit
637 5405 733 5460 sibi
764 5416 1090 5477 competere,
1112 5419 1172 5463 ut
1196 5409 1498 5468 sacerdotio
1536 5410 1874 5485 fungeretur,
1899 5415 1984 5470 in-

475 5558 651 5625 ‘_Haac,
684 5572 716 5608 a
740 5557 921 5625 lumbis
959 5556 1060 5625 suis
1086 5558 1216 5625 leno
1242 5563 1326 5616 τῆς
1348 5558 1522 5625 ossae;
1559 5560 1757 5625 αρτῶν),
1802 5563 1983 5616 desunt

414 5620 463 5670 in
496 5621 619 5681 Reg.
655 5629 708 5671 et
734 5620 913 5682 Savil.,
955 5622 1043 5669 sed
1086 5620 1331 5668 habentur
1373 5620 1427 5670 in
1467 5620 1636 5673 Morel.
1674 5620 1727 5675 et
1758 5625 1809 5675 in
1836 5630 1981 5677 textu

413 5682 624 5746 Biblico,
648 5690 702 5740 et
728 5685 853 5735 lecta
889 5690 1005 5736 sunt
1025 5697 1053 5733 a
1080 5682 1351 5735 Tilmanuo.

2087 328 2217 383 siliit
2248 331 2299 385 in
2324 336 2600 405 templum,
2626 336 2896 406 ingressus
2915 348 2999 395 est
3023 339 3076 395 in
3103 351 3286 397 sancta
3321 355 3620 405 sanctorum

2079 432 2135 477 et
2154 423 2450 480 reluctante
2474 428 2778 495 sacerdote,
2814 440 2974 501 atque
3002 432 3298 504 ingressum
3329 436 3454 493 illuc
3479 442 3638 509 prohi-

2078 510 2260 579 bente,
2309 530 2414 571 non
2470 519 2589 573 tulit
2627 520 2739 585 ille,
2767 521 2860 576 sed
2908 524 2961 577 in
3000 527 3234 580 amentia
3277 536 3631 597 perseveravit

2080 620 2297 675 parvam
2344 611 2641 665 sacerdotis
2680 613 2942 670 rationem
2982 614 3202 672 habens.
3236 619 3317 674 οι)
3344 628 3539 677 tantam
3566 626 3638 681 im

2078 695 2388 765 pudentiam
2419 700 2642 756 immisit
2671 702 2744 757 illi
2763 704 2903 759 Deus
2934 706 3136 776 lepram
3164 709 3217 762 in
3246 708 3498 767 frontem.
3527 714 3637 772 Cun

2076 786 2220 842 enim
2248 789 2528 859 majorem,
2556 808 2715 863 quam
2743 796 2843 851 sibi
2865 809 3218 868 competeret,
3250 802 3509 861 honorem
3534 811 3634 865 all‘e

2076 888 2271 949 claret,
2296 884 2365 937 ab
2389 884 2481 939 illo
2501 888 2662 941 etiam
2686 903 2855 959 quem.
2874 891 3101 949 habebat
3125 895 3342 951 excidit.
3360 898 3475 954 Non
3502 904 3638 957 m0dl

2076 973 2220 1028 enim
2242 976 2599 1033 sacerdotium
2628 995 2735 1035 non
2761 985 2989 1055 accepit,
3018 986 3112 1041 sed
3145 988 3449 1048 immundus
3475 994 3638 1052 factus

2076 1082 2108 1123 a
2134 1083 2301 1140 regno
2325 1072 2489 1127 etiam
2530 1076 2785 1145 expulsus
2806 1087 2907 1140 est.
2940 1094 3004 1135 ac
3043 1096 3137 1149 per
3170 1097 3330 1140 omne
3369 1095 3577 1157 tempus
3612 1092 3638 1146 il

2074 1158 2484 1233 domoquadam
2509 1167 2749 1223 occultus
2779 1167 3075 1239 habitabat,
3102 1174 3245 1244 quod
3273 1177 3528 1246 pudorem
3559 1198 3638 1237 non

2075 1248 2265 1308 ferret.
2294 1252 2527 1325 Populus
2550 1273 2765 1329 quoque
2789 1263 2963 1317 omnis
2994 1265 3048 1318 in
3070 1274 3289 1334 partem.
3309 1271 3637 1328 talisultioni:

2075 1354 2299 1401 vocatus
2319 1356 2425 1415 est,
2456 1349 2578 1418 quia
2608 1350 2753 1422 leges
2780 1352 2871 1408 Dei
2894 1353 3234 1425 despexerat,
3254 1368 3310 1413 et
3335 1367 3638 1420 centnmeli:

2074 1433 2325 1491 allectum
2380 1441 2735 1497 sacerdotium
2782 1459 2895 1500 non
2937 1447 3323 1507 vindicaverat.
3386 1452 3638 1522 Quomodc

2075 1528 2235 1600 igitur
2255 1530 2306 1585 in
2334 1542 2537 1601 partem
2571 1535 2789 1591 ultionis
2820 1550 3040 1595 vocatus
3070 1542 3191 1595 est?
3215 1542 3348 1610 Quia
3378 1546 3638 1616 prepheti:

2074 1626 2307 1677 retracta
2329 1632 2450 1677 est:
2480 1624 2645 1680 iratus
2684 1627 2882 1697 quippe
2923 1629 3063 1685 Deus
3093 1632 3235 1686 circa
3264 1649 3375 1688 rem
3423 1641 3634 1706 qnamvi

2075 1711 2210 1766 nihil
2254 1714 2544 1784 respondit.
2600 1719 2713 1776 Hoc
2769 1736 2899 1777 vero
2986 1739 3091 1777 non
3141 1724 3208 1780 ad
3250 1740 3410 1783 omne
3459 1741 3633 1800 lempu

2076 1802 2222 1871 fecit,
2254 1804 2350 1860 sed
2379 1808 2672 1864 secundum
2698 1828 3003 1869 mensuram
3029 1817 3148 1872 vitae
3176 1819 3337 1890 regis,
3356 1838 3638 1880 mensuran

2074 1909 2287 1966 quoque
2315 1897 2532 1955 ultionis
2556 1900 2817 1959 delinivit.
2844 1904 3011 1961 Simul
3043 1923 3171 1979 ergo
3199 1920 3359 1981 atque
3385 1913 3477 1969 ille
3504 1915 3638 1970 vitan

2074 1987 2229 2056 obiit,
2268 1988 2412 2046 Deus
2453 1991 2585 2047 iram
2616 1994 2810 2060 solvit,
2851 2007 2907 2053 et
2953 1998 3096 2055 fores
3134 2001 3325 2058 iterum
3368 2006 3638 2075 prophetia

2074 2081 2304 2150 aperuit.
2335 2081 2447 2139 Hoc
2474 2084 2653 2156 itaque
2671 2088 3015 2147 subindicans
3037 2092 3320 2164 propheta,
3350 2103 3638 2157 memorian

2074 2172 2232 2228 nobis
2262 2177 2535 2231 revocavit
2564 2179 2740 2235 obitus
2767 2185 2929 2253 regis.

2134 2256 2287 2317 'Deus
2314 2267 2568 2335 quomodo
2593 2269 2752 2324 videri
2775 2274 2951 2341 possit.
2974 2306 3046 2315 —
3069 2275 3424 2344 Quamobrem
3452 2284 3534 2339 sic
3548 2300 3638 2354 pro

2073 2353 2309 2425 phetiam
2334 2357 2539 2412 orditur
2570 2374 2591 2414 :
2616 2359 2835 2417 Factum
2863 2374 2933 2419 est
2960 2366 3013 2419 in
3036 2383 3190 2436 anno,
3218 2387 3317 2441 quo
3343 2353 3573 2431 mortuus
3596 2396 3638 2432 ei

2074 2462 2168 2501 rex
2188 2446 2361 2515 Ozias,
2382 2451 2485 2505 vidi
2503 2451 2773 2509 Dominum
2792 2457 3061 2514 sedentem.
3089 2461 3252 2533 Atqui
3286 2463 3534 2523 Christus
3554 2472 3631 2525 ait

2076 2535 2242 2593 Deum
2266 2557 2412 2596 nemo
2450 2543 2572 2598 vidit
2610 2561 2870 2616 umquam.
2902 2548 3202 2620 Unigenitus
3236 2558 3323 2625 qui
3353 2568 3427 2611 est
3456 2560 3513 2613 in
3552 2562 3637 2615 sim

2077 2628 2270 2698 Patris,
2301 2633 2393 2688 ille
2423 2637 2649 2691 narravit
2674 2639 2694 2709 (
2719 2637 2876 2695 Joan.
2906 2643 2959 2697 1.
2988 2643 3055 2699 18
3078 2646 3120 2715 ).
3160 2645 3230 2701 Et
3256 2664 3468 2706 rursum
3500 2670 3515 2706 :
3546 2653 3633 2708 No

2074 2736 2195 2792 quia
2214 2720 2423 2779 Patrem
2441 2724 2554 2797 quis
2579 2729 2721 2796 vidit,
2745 2731 2843 2786 nisi
2861 2734 2949 2803 qui
2976 2744 3047 2788 est
3074 2753 3106 2789 a
3132 2737 3240 2792 Deo
3256 2755 3276 2793 :
3297 2741 3385 2795 ille
3408 2744 3536 2796 vidit
3559 2743 3638 2797 Pa

2077 2821 2205 2867 trem
2235 2813 2418 2886 (Joan.
2452 2816 2505 2873 6.
2533 2818 2652 2887 46).
2685 2820 2883 2893 illeque
2903 2823 3070 2896 Moysi
3094 2826 3259 2883 dixit:
3285 2829 3453 2886 Nemo
3485 2835 3638 2889 videbs

2076 2904 2260 2998 [aciem
2283 2925 2446 2963 meam
2468 2920 2514 2966 et
2534 2912 2658 2967 vivet
2682 2913 2702 2985 (
2729 2913 2899 2970 Exod.
2920 2917 3009 2972 55.
3030 2917 3101 2974 20
3124 2920 3165 2990 ).
3197 2922 3481 2988 Quomodo
3514 2929 3638 2998 igitu

2078 2996 2166 3055 hic
2189 3001 2264 3054 ait
2286 3016 2344 3057 se
2364 3003 2561 3060 vidisse
2586 3005 2905 3064 Dominum?
2924 3009 3056 3065 Nam
3087 3014 3178 3079 ait,
3211 3014 3329 3070 Vidi
3351 2996 3634 3073 Dominum

2076 3104 2183 3146 non
2214 3096 2477 3150 contraria
2499 3096 2571 3152 ait
2601 3113 2729 3155 vero
2745 3100 2832 3169 iis,
2858 3117 2978 3172 quae
3005 3103 3247 3161 Christus
3271 3106 3422 3173 dixit,
3451 3112 3551 3165 sed
3580 3112 3638 3166 ad

2076 3183 2295 3239 modum
2339 3190 2749 3245 consona.Nam
2780 3192 3024 3250 Christus
3070 3196 3141 3252 de
3181 3212 3427 3255 accurata
3483 3204 3638 3273 cogni

2076 3275 2221 3333 tione
2241 3278 2506 3349 loquitur,
2536 3284 2828 3341 secundum
2872 3302 3031 3357 quam
3073 3305 3231 3346 nemo
3259 3294 3390 3348 vidit
3421 3312 3436 3352 :
3474 3300 3637 3351 nudat

2073 3371 2217 3428 cnim
2236 3372 2568 3431 divinitatem
2600 3393 2892 3450 puramque
2931 3382 3283 3439 substantiam
3332 3403 3497 3445 nemo
3543 3391 3631 3444 vid

2075 3474 2271 3537 praeter
2302 3465 2677 3538 Unigenitum;
2708 3473 2963 3544 prepheta
2991 3492 3120 3533 vero
3148 3489 3369 3537 eatenus
3388 3498 3449 3538 se
3473 3486 3638 3540 vidiss

2072 3568 2281 3626 narrat,
2312 3570 2576 3631 quatenus
2604 3574 2836 3635 poterat.
2872 3567 3056 3640 Neque
3081 3572 3224 3627 enim
3269 3575 3385 3643 ipse
3422 3575 3476 3631 id
3525 3595 3637 3648 quo

2075 3649 2217 3707 Dens
2242 3661 2323 3708 est
2346 3653 2526 3709 videre
2554 3664 2778 3726 poterat,
2817 3660 2912 3715 sed
2959 3661 3058 3716 sub
3086 3662 3249 3733 ﬁgura
3264 3666 3495 3735 quadam
3528 3670 3638 3724 illm

2076 3746 2555 3816 centemplabatur,
2596 3750 2686 3820 qui
2728 3760 2936 3808 tantum
2983 3754 3355 3824 descenderat,
3407 3775 3638 3831 qnanun

2076 3836 2491 3906 contemplantis
2547 3839 2827 3897 inﬁrmitas
2870 3846 3163 3903 ascendere
3223 3857 3452 3918 poterat.
3522 3854 3638 3919 Qui:

2076 3924 2219 3979 enim
2249 3941 2422 3998 neque
2449 3928 2582 3998 ipse,
2608 3946 2783 4002 neque
2809 3934 3085 4004 quisquam
3102 3939 3238 3994 alius
3261 3940 3457 3996 nudam
3484 3946 3638 3999 vider

2077 4015 2431 4085 divinitatem,
2455 4021 2523 4077 ab
2552 4022 2617 4077 iis
2641 4038 2760 4093 quae
2796 4037 3014 4081 narrant
3044 4032 3379 4100 perspicuum
3412 4046 3522 4090 est.
3565 4036 3638 4088 Vi.

2077 4112 2243 4178 enim,
2274 4112 2466 4184 inquit,
2517 4113 2793 4171 Dominum
2837 4120 3108 4176 sedentem.
3157 4123 3298 4179 Deus
3342 4137 3531 4182 autem
3577 4146 3637 4182 nr

2077 4202 2234 4261 sedet
2262 4220 2277 4259 :
2305 4203 2420 4260 hmc
2438 4206 2634 4277 quippe
2654 4208 2821 4280 ﬁgura
2837 4226 3120 4283 corporum
3142 4224 3243 4271 est.
3267 4218 3337 4272 At
3363 4235 3474 4273 non
3492 4222 3638 4275 modi

2080 4293 2373 4363 Sedentem,
2404 4298 2520 4362 sed,
2543 4299 2713 4369 Super
2740 4302 2944 4356 solium.
2979 4305 3118 4360 Deus
3136 4322 3265 4363 vero
3296 4324 3402 4364 non
3431 4312 3638 4367 contitn

2080 4396 2170 4444 tur
2198 4407 2212 4444 :
2244 4392 2513 4461 quomodo
2540 4394 2685 4448 enim
2724 4397 2986 4452 contineri
3015 4400 3204 4468 possit,
3231 4402 3321 4472 qui
3352 4404 3562 4476 ubique
3588 4423 3638 4460 at

2080 4492 2185 4549 est,
2214 4493 2269 4537 et
2287 4486 2467 4539 omnia
2496 4486 2716 4555 implet,
2746 4486 2813 4542 In
2836 4492 2983 4560 cujus
3015 4508 3169 4547 manu
3209 4505 3328 4549 sunt
3363 4498 3498 4564 ﬁnes
3541 4510 3638 4553 teri

2082 4575 2255 4647 (Psal.
2288 4578 2377 4634 94.
2409 4578 2504 4650 4)ἳ
2534 4579 2683 4637 Unde
2712 4583 2884 4652 palam
2907 4594 2987 4640 est
3017 4585 3068 4640 id
3102 4588 3242 4657 quod
3272 4588 3590 4657 videbatur,
3628 4611 3638 4646 α

2081 4672 2524 4740 attemperatione
2581 4674 2809 4744 quadam
2857 4676 3043 4735 fuisse.
3078 4678 3167 4735 Sic
3204 4680 3362 4751 igitur
3392 4683 3543 4739 alter
3568 4702 3637 4755 pr

2082 4761 2248 4831 pheta
2277 4778 2344 4818 ex
2373 4779 2600 4835 persona
2627 4768 2717 4823 Dei
2736 4769 3080 4829 subindicans
3100 4772 3309 4828 dicebat
3340 4774 3498 4848 :Ego
3533 4781 3637 4835 visi

2084 4870 2173 4907 nes
2202 4856 2535 4927 multiplicaui
2570 4857 2723 4928 (Osee
2740 4860 2826 4917 t2.
2852 4861 2921 4917 i0
2946 4863 2985 4933 ).
3018 4862 3069 4919 id
3098 4874 3213 4929 est,
3243 4865 3476 4923 Diverso
3528 4887 3638 4924 mm

2083 4947 2231 5004 visus
2261 4964 2401 5003 sum.
2434 4949 2490 5005 Si
2522 4965 2679 5020 porro
2700 4953 2814 5022 ipsa
2842 4954 3137 5010 substantia
3164 4958 3302 5013 nuda
3343 4962 3637 5029 appareba

2084 5056 2192 5096 non
2239 5041 2452 5098 diverso
2498 5044 2659 5099 modo
2692 5046 2967 5104 videbatur
2994 5067 3009 5104 :
3042 5049 3141 5105 sed
3175 5052 3311 5121 qnia.
3340 5051 3634 5113 descende

2086 5150 2229 5191 nunc
2276 5136 2371 5191 illo
2400 5153 2543 5193 nunc
2576 5139 2684 5194 alio
2713 5140 2874 5197 modo
2909 5142 3185 5213 prephetis
3227 5146 3470 5214 seipsnm
3501 5160 3632 5204 oste

2083 5231 2264 5299 debat,
2297 5234 2627 5303 temporibus
2641 5245 3021 5304 congruentem
3047 5236 3265 5307 figuram
3287 5253 3391 5308 qua
3405 5240 3637 5299 videret

2086 5339 2385 5390 assumens,
2418 5325 2539 5381 ideo
2565 5324 2698 5381 dicit
2723 5345 2736 5382 :
2773 5324 2997 5381 Visiones
3012 5329 3363 5399 multiplicari,
3387 5339 3436 5388 et
3470 5333 3546 5387 in.
3575 5352 3638 5387 mi

2086 5420 2233 5476 nibus
2278 5420 2637 5492 prophetarum
2671 5420 2987 5476 assimilatas
3020 5438 3154 5477 sum.
3182 5423 3297 5479 Non
3337 5425 3489 5482 sicut
3521 5444 3638 5484 erat

2089 5514 2432 5583 apparebam,
2462 5513 2651 5585 inquit,
2683 5512 2778 5569 sed
2816 5513 3141 5575 assimilattts
3166 5516 3215 5571 ei
3248 5516 3437 5573 formae
3463 5560 3485 5585 ,
3533 5538 3638 5593 qua

2089 5605 2514 5674 contemplantes
2559 5606 2742 5662 videre
2782 5616 3049 5678 poterant.
3092 5607 3252 5665 Vides
3297 5609 3469 5681 igitur
3517 5614 3637 5684 ᾕρει

1934 5742 1938 5746 .
2095 5712 2236 5753 nunc
2259 5697 2558 5766 sedentem,
2587 5714 2729 5756 nunc
2751 5710 3039 5770 armatum,
3076 5715 3221 5759 nunc
3253 5704 3405 5761 canis
3436 5708 3638 5779 capilli
