3712 6274
287 225 359 282 69
1133 220 1193 277 S.
1231 217 1517 276 JOANNIS
1551 210 2036 272 CIIRYSOSTOMI
2075 210 2390 268 ARCIIIEP.
2433 210 2974 271 CONSTANTINOP.

288 342 723 414 διαφανεστάτων
738 341 838 412 τὴν
863 341 984 411 ὅφιν
1016 338 1492 408 ὲξεικονιζόμενον.
1520 336 1677 397 Τίνος
1727 335 1827 404 μὲν
1863 330 1958 388 οῦν

289 434 474 486 ἕνεκεν
506 429 602 483 νῦν
645 429 744 501 μὲν
776 429 1116 499 ὡπλισμένος
1159 427 1410 495 φαίνεται
1466 425 1561 476 καὶ
1607 421 1954 493 ᾑμαγμένος,

290 521 385 574 νῦν
403 520 459 572 δὲ
480 522 538 571 ὲν
560 519 638 589 τῷ
664 519 818 587 πυρὶ,
845 517 938 570 νῦν
958 518 1014 570 δὲ
1028 516 1094 569 τὰ
1112 514 1332 568 όπίσθια
1357 512 1588 574 δεικνὺς,
1623 510 1765 582 [ϋὸ]
1792 510 1885 563 νῦν
1902 510 1959 561 δὲ

292 611 350 661 ὲν
373 605 607 678 οὐρανῷ,
646 604 740 659 νῦν
766 604 822 657 δὲ
852 606 909 658 ὲν
940 603 1136 675 θρόνῳ,
1166 602 1261 655 νῦν
1300 602 1359 654 δὲ
1387 599 1612 653 ἐπὶτῶν
1661 599 1961 669 Χερουϐὶμ,

293 697 355 749 οὑ
387 694 481 748 τοῦ
506 693 767 765 παρόντος
799 692 865 747 ἂν
891 692 976 762 εἴη
1004 691 1182 760 λέγειν
1212 688 1427 761 καιροῦ,
1458 688 1597 742 ὥστε
1624 686 1699 757 μὴ
1737 687 1797 740 τὸ
1822 686 1965 757 πάρ-

295 799 456 853 εργον
510 782 602 835 τοῦ
642 780 802 851 ἔργου
834 778 1086 847 γενέσθαι
1131 778 1333 848 μεῖζον.
1371 777 1519 840 Τέως
1564 775 1621 829 δὲ
1668 777 1965 841 ἀναγκαῖον

298 871 438 941 ὑπὲρ
452 870 550 940 τῆς
571 868 847 939 παρούσης
872 868 1045 935 ὅψεως
1069 864 1429 936 διαλεχθῆναι.
1452 864 1607 926 Τίνος
1624 860 1715 918 οὖν
1736 864 1921 915 ἕνεκεν
1938 873 1965 902 ει

296 959 440 1013 οὑτω
480 956 728 1027 φαίνεται
754 955 848 1008 νῦν
866 956 958 1008 ἐπὶ
993 954 1181 1025 θρόνου
1216 953 1549 1023 καθήμενος,
1574 953 1667 1005 καὶ
1695 952 1835 1021 μετά
1857 949 1965 1024 τῶν

299 1046 581 1117 Σεραφίμ;
618 1042 981 1115 Ἀνθρώπινον
1012 1042 1129 1104 ἔθος
1171 1044 1437 1111 μιμεῖται,
1475 1040 1661 1111 ἐπειδὴ
1694 1040 1789 1093 καὶ
1829 1038 1969 1108 πρὸς

299 1134 619 1205 ἀνθρώπους
674 1126 741 1203 ἦν
792 1133 821 1183 6
867 1130 1022 1198 λόγος
1069 1129 1237 1200 αὐτῷ.
1283 1128 1502 1200 Ἐπειδὴ
1552 1129 1660 1199 γάρ
1696 1127 1970 1195 ἀπόφασιν

300 1223 555 1294 ἐκφέρειν
587 1221 766 1292 μέλλει
793 1219 934 1290 ὑπὲρ
963 1217 1211 1289 μεγάλων
1244 1216 1584 1287 πραγμάτων
1624 1217 1718 1269 καὶ
1747 1215 1846 1283 τῆς
1891 1216 1971 1266 οἰ-

302 1311 570 1380 κουμένης
600 1310 838 1378 ἀπάσης,
872 1307 1037 1360 ἔτιδὲ
1088 1308 1183 1360 καὶ
1232 1308 1361 1378 περὶ
1401 1305 1510 1360 τῶν
1563 1304 1969 1375 Ἰεροσολύμων,

302 1400 397 1454 καὶ
426 1399 618 1468 διπλῆν
646 1397 825 1466 τίθησι
862 1395 1065 1466 ψῆφον,
1099 1395 1198 1465 τὴν
1236 1394 1332 1465 μὲν
1358 1393 1577 1452 κόλασιν
1598 1396 1664 1464 τῇ
1693 1392 1845 1445 πόλει
1879 1391 1976 1454 φέ-

307 1504 503 1561 ρουσαν
526 1487 620 1541 καὶ
648 1485 726 1555 τῷ
756 1484 897 1538 έθνει
928 1482 1111 1545 παντὶ,
1144 1482 1243 1554 τὴν
1270 1482 1326 1536 δὲ
1359 1481 1679 1553 εὐεργεσίαν
1706 1483 1773 1552 τῇ
1797 1480 1976 1533 οἰκου-

309 1580 463 1650 μένῃ,
498 1577 594 1631 καὶ
633 1577 875 1649 μεγάλας
903 1573 1378 1646 ὲπαγγελλομένην
1409 1573 1625 1637 ἐλπίδας
1666 1572 1763 1625 καὶ
1807 1570 1976 1642 τιμάς

303 1667 628 1729 ἀθανάτους.

378 1753 443 1823 β’.
474 1753 631 1816 Ἕθος
659 1751 715 1805 δὲ
741 1754 852 1815 τοῖς
864 1748 1325 1816 δικάζουσιταῦτα
1352 1751 1524 1801 ποιεῖν
1552 1748 1625 1820 μὴ
1650 1745 1846 1817 λάθρα,
1863 1744 1976 1799 ἀλλ’

305 1844 389 1912 ἐφ’
414 1840 620 1912 ὑψηλοῦ
650 1839 744 1893 τοῦ
765 1840 1006 1910 βήματος
1037 1836 1403 1908 καθημένους,
1428 1834 1789 1906 παρεστώτων
1808 1834 1981 1887 ἀπάν-

303 1948 436 1995 των,
490 1929 584 1983 καὶ
645 1928 753 1981 τῶν
805 1925 1324 1998 παραπετασμάτων
1365 1924 1773 1993 συνελκομένων
1821 1920 1980 1975 τοῦτο

307 2017 503 2069 ποιεῖν.
533 2013 767 2074 Τούτους
790 2011 882 2064 καὶ
915 2009 1074 2073 αὑτὸς
1102 2010 1437 2080 μιμούμενος
1464 2008 1807 2077 παρέστησεν
1832 2006 1981 2077 αὑτῷ

304 2104 375 2157 τά
404 2102 673 2173 Σεραφὶμ,
701 2099 794 2154 καὶ
823 2100 908 2169 ἐφ’
940 2097 1147 2167 ὑψηλοῦ
1187 2096 1421 2165 κάθηται
1464 2094 1675 2165 θρόνου,
1709 2095 1804 2147 καὶ
1838 2092 1981 2148 οὕτω

306 2192 406 2261 τὴν
429 2191 700 2259 ἀπόφασιν
733 2188 938 2258 ταύτην
961 2184 1207 2257 ἐκφέρει.
1238 2183 1350 2239 Καὶ
1388 2182 1475 2238 ίνα
1505 2182 1708 2256 μάθῃς,
1753 2182 1834 2235 ὅτι
1883 2183 1981 2251 οὑχ

309 2278 513 2349 ὑποψία
538 2278 598 2332 τὸ
626 2279 877 2348 πρᾶγμα,
901 2276 1037 2330 ἀλλά
1065 2275 1224 2328 τοῦτο
1251 2273 1372 2337 ἔθος
1396 2274 1564 2345 αὑτῷ,
1597 2274 1693 2328 καὶ
1707 2273 1765 2340 ἐξ
1792 2270 1981 2346 ἐτέρου

310 2369 588 2439 προφήτου
615 2366 774 2419 τοῦτο
812 2365 1144 2435 πειράσομαι
1176 2363 1397 2434 ποιῆσαι
1432 2362 1686 2434 φανερόν.
1733 2364 1843 2417 Kal
1874 2364 1984 2433 γάρ

310 2456 405 2509 ἐπὶ
452 2453 545 2508 τοῦ
594 2452 819 2523 Δανιὴλ,
850 2452 1040 2522 ἐπειδὴ
1069 2452 1163 2505 καὶ
1202 2453 1319 2504 ἐκεῖ
1348 2450 1532 2520 ψῆφόν
1572 2467 1694 2504 τινα
1738 2451 1984 2522 μεγάλην

312 2545 566 2614 ἐκφέρειν
593 2540 783 2611 εμελλε
818 2540 948 2609 περὶ
976 2538 1248 2592 κολάσεων
1292 2538 1389 2591 καὶ
1433 2537 1712 2609 τιμωριῶν
1768 2539 1987 2592 Ἰουδαῖο

313 2632 426 2685 κῶν
450 2630 543 2683 καὶ
575 2629 681 2682 τῶν
711 2627 929 2696 ἀγαθῶν
966 2627 1074 2680 τῶν
1105 2626 1408 2697 μελλόντων
1436 2629 1500 2697 τῇ
1523 2627 1813 2700 οἰκουμένῃ
1848 2628 1986 2681 δίδο-

315 2718 460 2779 σθαι,
482 2718 641 2771 κάκεῖ
662 2715 852 2787 θρόνος
879 2712 1128 2783 φαίνεται
1155 2713 1408 2784 λαμπρὸς
1433 2714 1529 2768 καὶ
1552 2715 1875 2787 περιφανὴς,
1893 2718 1988 2769 καὶ

313 2806 485 2875 δῆμος
520 2803 763 2872 ἀγγέλων
795 2800 1177 2873 παρεστηκὼς,
1204 2802 1299 2855 καὶ
1330 2800 1459 2872 ἔθνη
1486 2802 1863 2874 ἀρχαγγέλων,
1891 2804 1987 2857 καὶ

314 2895 342 2946 6
369 2891 677 2960 Μονογενης
708 2889 1137 2960 συγκαθήμενος,
1186 2887 1280 2941 καὶ
1308 2887 1479 2958 βίϐλοι
1518 2890 1853 2958 ἀνοίγονται,
1894 2891 1988 2944 καὶ

315 2978 549 3048 ποταμοὶ
579 2976 747 3048 πυρὸς
776 2976 1043 3039 ἕλκονται,
1075 2977 1171 3030 καὶ
1199 2976 1463 3030 πάντοθεν
1500 2977 1686 3048 σχῆμα
1727 2977 1986 3048 δικαστη-

321 3066 434 3138 ρίου
459 3064 791 3118 συνίσταται.
820 3063 930 3116 Kal
951 3062 1066 3115 ἐστι
1101 3063 1328 3117 κάκεῖνα
1358 3064 1594 3134 συγγενῆ
1623 3067 1737 3127 τοῖς
1757 3064 1989 3119 ἐνταῦθα

313 3151 629 3224 λεγομένοις
679 3149 931 3215 ἅπαντα,
984 3149 1017 3221 ἢ
1064 3150 1157 3203 καὶ
1205 3150 1537 3222 σαφέστερον
1595 3151 1798 3215 ἐκεῖνος
1848 3152 1987 3205 αὑτά

315 3238 664 3308 ἀπαγγέλλει.
695 3238 788 3292 am
819 3237 927 3290 τῶν
952 3238 1159 3308 χρόνων
1184 3238 1477 3310 ἐγγύτερον
1509 3238 1831 3309 γινομένων,
1891 3240 1987 3292 καὶ

318 3328 453 3398 πρὸς
475 3326 644 3388 αὑτὰς
674 3325 856 3378 λοιπὸν
884 3326 984 3389 τὰς
1006 3325 1173 3397 θύρας
1216 3327 1316 3396 τῆς
1360 3327 1696 3398 προφητείας
1730 3327 1988 3396 ἀφικνου-

325 3416 509 3486 μένης.
546 3413 705 3466 Ἀλλὰ
730 3411 901 3466 ταῦτα
922 3415 1033 3476 τοῖς
1062 3414 1369 3482 φιλοπόνοις
1407 3414 1635 3483 ἀφέντες
1663 3417 1988 3483 συναγαγεῖν

321 3501 415 3555 καὶ
438 3500 814 3571 παρατιθέναι,
846 3501 940 3553 καὶ
974 3501 1072 3572 τὴν
1098 3501 1367 3572 ἑκατέρας
1388 3502 1487 3573 τῆς
1518 3502 1854 3573 προφητείας
1882 3520 1989 3555 κοι-

320 3591 515 3643 νωνίαν
571 3588 1033 3658 καταμανθάνειν,
1079 3589 1217 3659 ὅπερ
1266 3589 1403 3660 ἔφην
1428 3628 1443 3654 ,
1483 3590 1582 3659 τῆς
1622 3592 1991 3662 προκειμένης

319 3679 479 3746 ἡμεῖς
502 3674 767 3745 ἁψώμεθα
805 3674 941 3744 μετά
966 3674 1280 3745 ἀκριϐείας,
1319 3675 1396 3738 ὼς
1429 3675 1495 3730 ἂν
1524 3670 1636 3729 οἷόν
1669 3694 1728 3730 τε
1831 3678 1989 3750 ῥῆσιν

321 3762 556 3831 ἑκάστην
574 3761 945 3831 ἐξηγούμενοι.
976 3761 1131 3814 Οὑτω
1151 3762 1260 3833 γάρ
1290 3763 1387 3816 καί⁵
1417 3764 1549 3833 ἡμῖν
1588 3765 1683 3818 καὶ
1726 3766 1856 3835 ὑμῖν
1891 3782 1989 3819 σα-

320 3850 558 3921 φέστερα
589 3850 741 3902 ἔσται
769 3850 838 3903 τὰ
865 3849 1151 3920 εἰρημένα.
1181 3849 1246 3901 Τί
1274 3845 1368 3904 οὖν
1402 3867 1603 3921 φησινς
1655 3848 1837 3908 Εἶδον
1881 3853 1991 3906 τὸν

322 3940 541 4006 Κύριον
570 3937 925 4007 καθήμενον.
962 3937 1035 3990 Τὸ
1062 3936 1329 4009 καθῆσθαι
1373 3940 1465 3992 ἐπὶ
1493 3938 1683 4009 θρόνου
1722 3940 1989 4010 σύμϐολον

322 4026 407 4079 ἀεὶ
428 4024 661 4096 κρίσεώς
694 4026 878 4085 ἐστιν,
905 4023 1094 4095 ῶσπερ
1134 4025 1163 4077 6
1207 4024 1370 4078 Δαυῖδ
1416 4042 1582 4095 φησιν
1610 4043 1625 4058 ·
1668 4025 1990 4094 Ἐκὰθισας

321 4112 420 4165 ἐπὶ
462 4112 677 4179 θρόνου
719 4114 753 4165 ὁ
794 4111 1012 4179 κρίνων
1049 4110 1447 4181 δικαιοσύνην
1470 4130 1486 4145 ο
1533 4114 1629 4167 καὶ
1670 4115 1700 4167 6
1737 4114 1937 4184 Δανιήλ
1971 4130 1987 4147 ’

326 4200 531 4267 Θρόνοι
554 4199 868 4267 ἐτέθησαν,
896 4199 995 4253 καὶ
1019 4199 1320 4267 κριτήριον
1337 4199 1599 4258 ἐκάθισε.
1630 4202 1703 4256 Τὸ
1726 4202 1781 4255 δὲ
1804 4202 1991 4267 ἁπλῶς

324 4286 595 4355 καθῆσθαι
621 4286 806 4357 ἐτέρου
836 4285 1102 4356 σύμϐολον
1129 4283 1271 4340 εἷναί
1292 4304 1456 4357 φησιν
1479 4288 1509 4339 6
1542 4290 1851 4359 προφήτης.
1886 4289 1986 4342 Τί-

325 4392 413 4439 νος
433 4374 492 4428 δὲ
522 4373 742 4438 τούτους
773 4373 879 4428 τοῦ
908 4373 1126 4441 παγίου,
1150 4373 1245 4426 τοῦ
1282 4375 1529 4444 μονίμου,
1551 4375 1644 4428 τοῦ
1668 4375 1985 4446 βεϐηκότος,

324 4462 418 4517 τοῦ
469 4463 757 4533 ἀτρέπτου,
783 4459 880 4513 τοῦ
905 4460 1287 4530 ἀτελευτήτου,
1315 4465 1415 4532 τῆς
1447 4461 1590 4532 ζωῆς
1618 4463 1716 4533 τῆς
1748 4464 1990 4533 ἀπεράν-

326 4569 441 4605 του.
481 4550 579 4602 Διά
608 4548 765 4602 τοῦτό
802 4563 957 4616 φησι.
987 4545 1059 4598 Σὺ
1097 4546 1399 4617 καθήμενος
1438 4548 1518 4609 είς
1540 4549 1632 4601 τὸν
1666 4548 1858 4614 αἰῶνα,
1897 4551 1991 4603 καὶ

329 4640 490 4711 ἡμεῖς
521 4636 877 4707 ἀπολλύμενοι
899 4636 978 4698 είς
1000 4634 1091 4687 τὸν
1126 4635 1321 4690 αίώνα.
1348 4634 1442 4699 Συ,
1472 4637 1623 4705 φησὶ,
1663 4637 1859 4707 μένων,
1891 4636 1988 4701 ὢν,

329 4730 472 4794 ζῶν,
528 4725 615 4780 ἀεὶ
668 4722 930 4785 ὡσαύτως
980 4721 1077 4775 ῶν.
1124 4723 1244 4775 Ὅτι
1293 4721 1401 4793 γὰρ
1443 4724 1505 4776 οὑ
1547 4724 1675 4795 περὶ
1724 4725 1991 4797 καθέδρας

330 4813 597 4883 ἑλεγεν,ή
634 4810 1003 4881 ἀντιδιαστολὴ
1028 4810 1184 4880 δῆλον
1225 4810 1499 4876 ἐποίησεν.
1544 4811 1618 4863 Οὑ
1662 4811 1771 4883 γὰρ
1818 4810 1988 4878 εἶπεν,

342 4903 527 4971 Ἡμεῖς
569 4900 819 4962 ἑστῶτες,
852 4898 1007 4962 ἀλλά,
1057 4895 1457 4968 Ἀπολλύμενοι.
1495 4899 1568 4952 T6
1601 4899 1656 4952 δὲ
1684 4901 1776 4953 ἐπὶ
1803 4901 1990 4972 θρόνου

333 4988 600 5057 καθῆσθαι
628 4987 688 5039 τὸ
727 4986 931 5057 κρίνειν
969 4985 1103 5038 ἐστί.
1152 4986 1248 5039 Διά
1294 4986 1451 5039 τοῦτο
1485 4987 1644 5039 αὑτὸν
1681 4988 1853 5053 οὕτως
1891 4993 1993 5062 ὁρᾷ

334 5075 637 5145 καθήμενον
668 5074 760 5125 ἐπὶ
790 5072 978 5143 θρόνου
1014 5071 1217 5141 ὑψηλοῦ
1250 5073 1345 5125 καὶ
1376 5075 1689 5145 ἐπηρμένου
1709 5115 1721 5131 ,
1752 5077 1783 5146 ἢ
1810 5076 1992 5147 ἕτερον

346 5166 443 5233 μὲν
471 5160 649 5219 τοῦτο,
668 5161 852 5230 ἕτερον
881 5160 937 5212 δὲ
967 5161 1140 5212 ἐκεῖνο
1168 5160 1478 5214 αἰνίττεται.
1512 5164 1622 5215 Kal
1654 5164 1761 5234 γὰρ
1789 5165 1991 5234 ὑψηλὸς

333 5249 401 5323 ἦν
438 5253 467 5305 6
505 5250 712 5319 θρόνος,
754 5247 1037 5309 τουτέστι,
1100 5247 1271 5317 μέγας
1296 5288 1311 5310 ,
1347 5250 1441 5302 καὶ
1480 5250 1803 5321 ὑπερμήκης
1839 5270 1853 5284 .
1899 5256 1993 5309 καὶ

340 5338 659 5409 ἐπηρμένος,
688 5334 948 5398 τουτέστι,
996 5335 1087 5387 καὶ
1144 5338 1200 5387 ἐν
1249 5335 1370 5405 ὑψει
1414 5338 1733 5408 φαινόμενος
1778 5341 1991 5413 many,

334 5428 429 5481 καὶ
462 5426 750 5496 μετέωρος.
773 5425 877 5478 Καί
916 5424 1152 5491 πλήρης
1178 5428 1210 5478 ό
1238 5422 1402 5491 οἶκος
1430 5424 1536 5493 τῆς
1560 5426 1743 5494 δόξης
1784 5432 1991 5486 αὐτοῦ.

337 5521 494 5581 Ποῖος
518 5515 694 5583 οἷκος;
721 5518 840 5570 εἰπέ
869 5534 978 5587 μοι.
1023 5516 1082 5569 ὐ
1105 5518 1248 5579 ναός.
1274 5516 1384 5588 [661
1420 5518 1635 5589 Ἐπειδὴ
1656 5520 1763 5590 γὰρ
1788 5523 1996 5575 ἐκεῖθεν

335 5610 369 5677 ή
398 5606 583 5676 ἔχθρα,
612 5606 830 5667 εἰκότως
850 5606 943 5658 καὶ
971 5605 1028 5656 ὲν
1058 5608 1122 5674 τῇ
1145 5605 1264 5673 ὄψει
1283 5608 1348 5675 τῇ
1381 5605 1659 5679 θαυμασία
1685 5608 1859 5680 ταύτῃ
1882 5612 1997 5663 ἐκεῖ

399 5735 424 5762 ³
452 5732 648 5802 βεεν-οι
668 5729 959 5802 δεύμτένοε
984 5729 1063 5777 οὖν
1106 5729 1357 5802 ἕνεκενλῖῐι
1392 5731 1564 5784 Morel.
1594 5733 1675 5784 οὖν
1700 5735 1843 5786 deest
1871 5751 1881 5785 :
1905 5736 1992 5786 sed

340 5797 418 5845 hic
444 5793 768 5851 desideratur,
792 5801 842 5843 el
861 5793 1144 5842 ’I‘ilmmnus
1180 5793 1318 5855 legit.

2066 331 2375 402 καθήμενος
2410 333 2680 400 φαίνεται.
2712 334 2879 397 Δόξαν
2918 334 2974 388 δὲ
3022 333 3257 389 ἐνταῦθά
3298 350 3432 405 φησι
3478 334 3694 407 λαμπρ

2063 438 2222 489 τητα,
2258 420 2373 489 φῶς
2402 421 2695 490 ἀπρόσιτον
2718 422 2767 477 b.
2792 423 2929 493 ὅπερ
2978 423 3311 493 ἑρμηνεῦσαι
3348 421 3426 493 τῷ
3474 422 3630 493 λόγῳ

2062 508 2379 578 δυνάμενος,
2407 508 2565 571 δόξαν
2597 509 2844 566 ἐκάλεσε,
2877 509 2971 562 καὶ
3020 510 3117 579 ούχ
3168 508 3351 572 ἁπλῶς
3391 509 3574 573 δόξαν,
3609 508 3693 562 ἀλ

2063 596 2194 649 Θεοῦ
2248 596 2422 662 δόξαν.
2466 596 2574 650 Καὶ
2622 597 2884 667 Σεραρίμ
2933 597 3319 664 είστήκειο-αν
3368 599 3574 664 κύκλῳ
3646 616 3693 653 a

2065 683 2193 739 τοῦ.
2241 684 2373 737 Τίνα
2427 683 2573 752 λέγει
2613 684 2786 738 ταῦτα
2830 685 2897 738 τά
2942 686 3233 757 Σεραφίμ;
3282 687 3547 757 Δυνάμεις
3593 687 3693 740 ἀσι

2070 771 2271 842 μάτους
2296 782 2317 809 ε
2352 770 2460 824 τῶν
2491 772 2601 825 ἄνω
2645 772 2850 844 δήμων,
2889 770 2964 827 ῶν
2989 774 3085 844 τὴν
3127 772 3323 845 ἀρετὴν
3355 775 3446 827 καὶ
3487 774 3588 845 τὴν
3650 792 3694 842 μ

2067 859 2364 930 καριότητα
2436 860 2531 912 καί
2599 859 2706 913 ἀπὸ
2779 863 2877 931 τῆς
2946 861 3315 933 προσηγορίας
3376 862 3521 915 ἔστιν
3593 861 3687 914 ίδε

2069 950 2146 1020 Τῇ
2206 949 2312 1021 γάρ
2372 949 2650 1021 Ἐϐραίων
2708 948 2922 1024 γλώττῃ
2987 951 3206 1021 ἔμπυρα
3267 950 3504 1022 στόματα
3570 952 3694 1023 έρμ

2069 1036 2285 1091 νεύεται
2316 1036 2383 1088 τὰ
2412 1038 2682 1109 Σεραφίμ.

2143 1123 2208 1178 Τί
2274 1119 2365 1178 οὖν
2401 1125 2466 1178 ἐκ
2530 1126 2717 1178 τούτου
2762 1125 3136 1197 μανθάνομενς
3208 1126 3283 1180 T6
3343 1126 3586 1199 καθαρὸν
3661 1145 3693 1178 τ

2070 1211 2257 1274 οὑσίας
2281 1252 2296 1277 ,
2332 1213 2393 1265 τὸ
2440 1212 2713 1284 ἄγρυπνον
2738 1256 2753 1281 ,
2802 1214 2864 1267 τὸ
2913 1215 3325 1287 διεγηγερμένον
3348 1258 3363 1283 ,
3411 1217 3470 1269 1:6
3509 1214 3693 1286 γοργέ

2071 1299 2131 1352 τὸ
2189 1301 2579 1372 ἐνεργητικὸν,
2638 1302 2701 1355 τὸ
2756 1302 3103 1370 ἀκηλίδωτον.
3163 1303 3319 1356 Οὓτω
3371 1303 3501 1372 γοῦν
3558 1306 3670 1356 καὶ

2074 1394 2358 1464 προφήτης
2402 1393 2562 1447 Δαυῒδ
2619 1394 2726 1447 τῶν
2769 1395 2880 1448 ἄνω
2934 1394 3213 1464 δυνάμεων
3265 1394 3361 1465 τὴν
3408 1395 3693 1467 ἀπαραπὸ

2078 1498 2200 1534 στον
2225 1481 2498 1534 διακονίαν
2531 1480 2850 1551 βουλόμενος
2871 1481 3001 1551 ήμῖν
3031 1480 3384 1546 ἐνδείξασθαι.
3408 1484 3501 1535 καὶ
3523 1483 3592 1535 τὸ
3614 1500 3693 1534 τα

2076 1572 2175 1640 τῆς
2207 1569 2511 1640 ὑπηρεσίας
2555 1570 2650 1623 καὶ
2691 1570 2893 1642 σφόδρα
2937 1569 3176 1641 ὲνεργὲς,
3217 1569 3433 1637 ἔλεγεν·
3473 1568 3529 1622 ’0
3560 1586 3694 1623 ποια

2076 1657 2219 1723 τοὺς
2246 1658 2542 1726 ἀγγέλους
2567 1659 2753 1712 αὑτοῦ
2794 1659 3122 1727 πνεύματα,
3170 1658 3267 1713 καὶ
3301 1658 3443 1725 τοὺς
3472 1662 3693 1713 λειτου

2078 1744 2224 1812 γοὺς
2260 1743 2446 1798 αὑτοῦ
2492 1744 2683 1813 πυρὸς
2725 1748 2955 1815 φλόγαο
3001 1745 3064 1798 τὸ
3100 1748 3257 1816 ταχὺ,
3297 1746 3360 1798 τὸ
3400 1746 3633 1817 κοῦφον,

2079 1833 2403 1904 δραστήριον
2438 1833 2570 1902 ήμῖν
2604 1832 2693 1886 διὰ
2715 1833 2824 1887 τῶν
2858 1832 3138 1903 στοιχείων
3167 1832 3369 1886 τούτων
3401 1833 3694 1905 ὲνδεικνύρ

2081 1939 2191 1985 νος.
2219 1919 2454 1974 Τοιαῦτα
2499 1921 2594 1974 καὶ
2625 1922 2682 1973 αἱ
2708 1920 2964 1991 δυνάμεις
3007 1920 3167 1974 αὑταὶ
3183 1919 3233 1987 ά,
3255 1921 3509 1991 καθαροῖς
3535 1923 3693 1991 στόμ

2084 2026 2170 2062 σιν
2195 2006 2529 2078 ἀνυμνοῦσαι
2562 2006 2656 2060 τὸν
2692 2008 2990 2077 Δεσπότην,
3018 2008 3178 2079 ἔργον
3229 2007 3385 2061 τοῦτο
3413 2009 3645 2078 ἔχουσαι
3688 2034 3694 2055 ‹

2081 2096 2314 2167 ηνεκῶς,
2332 2097 2469 2167 εὑφη
2478 2096 2606 2167 μίας
2633 2097 3015 2168 ἀναφέρουσαι,
3038 2097 3373 2169 λειτουργίαν
3389 2098 3693 2153 ἀδιάλειπτ

2083 2185 2331 2239 Δείκνυσι
2363 2184 2419 2237 δὲ
2450 2185 2627 2239 αὑτῶν
2657 2185 2718 2237 τὸ
2753 2184 2966 2255 ἀξίωμα
2990 2185 3049 2239 τὸ
3076 2185 3300 2256 πλησίον
3330 2183 3466 2240 εἶναι
3498 2187 3601 2240 τοῦ
3638 2187 3694 2258 θε

2084 2290 2196 2329 νου.
2232 2272 2498 2344 Καθάπερ
2520 2272 2629 2341 γὰρ
2661 2274 2753 2326 ἐπὶ
2779 2274 2887 2326 τῶν
2918 2274 3180 2343 βασιλέων
3204 2275 3310 2328 τῶν
3353 2276 3445 2328 ἐπὶ
3472 2275 3577 2346 γῆς
3616 2279 3671 2328 οἱ

2088 2362 2330 2435 μείζοσιν
2354 2359 2656 2433 ἀξιώμασιν
2682 2361 2853 2425 ὄντες,
2877 2361 3005 2433 παρ’
3033 2361 3195 2415 αὑτὸν
3228 2363 3488 2433 ἑστήκασι
3516 2363 3617 2416 τὸν
3642 2365 3694 2435 θγ

2084 2468 2173 2505 νον
2198 2452 2286 2504 τὸν
2331 2451 2638 2519 βασιλικόν*
2677 2449 2820 2504 οὑτω
2858 2448 2922 2521 δὴ
2962 2448 3056 2501 καὶ
3086 2444 3245 2503 αὗται
3279 2450 3337 2501 αί
3376 2449 3647 2520 δυνάμεις
3685 2456 3694 2499 ἁ

2083 2540 2181 2610 τὴν
2212 2539 2652 2609 ὑπερϐάλλουσαν
2704 2538 2904 2610 ἀρετὴν
2954 2534 3045 2593 τὸν
3087 2536 3199 2589 ἄνω
3242 2536 3425 2607 θρόνον
3472 2539 3689 2593 κυκλοῦ

2084 2627 2185 2696 τῆς
2215 2627 2525 2699 ἀπορρήτου
2555 2627 2952 2697 μακαριότητος
2970 2628 3334 2685 ἀπολαύουσαι
3353 2627 3649 2700 διηνεκῶς,
3679 2652 3694 2686 π

2085 2715 2427 2785 ὲντρυφῶσαι
2458 2716 2524 2784 τῇ
2568 2715 2814 2786 μακαρία
2856 2713 3005 2784 λήξει
3035 2715 3135 2785 τῆς
3161 2716 3499 2787 λειτουργίας
3527 2721 3694 2774 ταύτι

2092 2800 2197 2865 Ἐξ
2235 2803 2523 2869 πτέρυγες
2560 2800 2640 2868 τῷ
2673 2802 2784 2866 ἐνὶ,
2815 2803 2912 2855 καί
2955 2801 3025 2866 ἐξ
3064 2802 3349 2872 πτέρυγες
3379 2804 3458 2868 τῷ
3494 2806 3616 2862 ἐνί.
3660 2815 3694 2863 Ιι

2086 2889 2216 2955 ταῖς
2248 2890 2366 2958 μὲν
2402 2888 2545 2944 δυσί
2601 2889 3054 2943 κατεκάλυπτον
3092 2891 3234 2956 τοὺς
3280 2892 3467 2960 πόδας
3504 2895 3694 2950 ἐαυτᾶ

2085 2978 2215 3043 ταῖς
2253 2978 2321 3030 δὲ
2341 2977 2480 3031 δυσί
2505 2976 2956 3031 κατεκάλυπτον
2974 2979 3044 3032 τὰ
3060 2980 3347 3046 πρόσωπα
3369 2980 3623 3046 ἑαυτῶν,
3671 3003 3693 3035 2

2087 3065 2216 3132 ταῖς
2243 3065 2425 3120 δυσίν
2451 3065 2758 3119 ἐπέτοντο.
2780 3064 2889 3117 Καὶ
2918 3064 3237 3135 ἑκέκραγεν
3262 3066 3633 3138 ἓτεροςπρύς
3664 3090 3693 3124 τ

2086 3152 2312 3220 ἕτερον,
2332 3153 2428 3206 καὶ
2459 3153 2701 3222 ἔλεγονο
2733 3152 2950 3221 Ἄγιος,
2984 3152 3168 3222 ἅγιος,
3194 3154 3377 3222 ἅγιος,
3410 3158 3630 3223 Κύριος
3660 3164 3692 3212 2

2089 3234 2263 3291 σαώθ.
2297 3236 2541 3305 Πλήρης
2570 3234 2738 3290 πᾶσα
2778 3236 2816 3302 ἡ
2848 3235 2922 3304 γῆ
2955 3233 3067 3304 τῆς
3091 3236 3276 3303 δόξης
3307 3239 3514 3293 αὑτοῦ.
3548 3242 3617 3294 Τί
3646 3243 3692 3311 βι

2087 3324 2237 3377 λεται
2279 3325 2408 3395 ἡμῖν
2442 3322 2613 3376 ταῦτα
2644 3323 2711 3376 τὰ
2750 3324 2944 3393 πτερὰ,
2978 3324 3071 3375 καὶ
3098 3324 3150 3376 τί
3172 3327 3493 3380 αἰνίττονται
3528 3330 3673 3399 ἡμῖν

2089 3412 2395 3483 πτέρυγες;
2428 3411 2501 3464 Ού
2531 3411 2637 3480 γὰρ
2667 3411 2727 3481 δὴ
2757 3411 2929 3481 πτερά
2960 3412 3053 3464 ἐπὶ
3099 3412 3196 3475 τάς
3239 3414 3567 3483 ἀσωμάτους
3599 3419 3692 3471 δυι

2092 3517 2210 3570 μεις
2257 3499 2507 3562 ὲκείνας·
2543 3498 2679 3551 ἀλλά
2735 3498 2896 3551 πάλιν
2954 3498 3043 3551 διὰ
3095 3502 3412 3570 παχυτέρων
3460 3508 3691 3574 σχημάτχ

2088 3588 2371 3659 ἀπόρρητά
2419 3604 2537 3640 τινα
2567 3588 2697 3657 ήμῖν
2740 3587 2769 3639 ὀ
2811 3588 3096 3657 προφήτης
3136 3589 3451 3658 παραδηλοῖ,
3480 3607 3692 3659 συγκατ

2089 3676 2290 3729 ϐαίνων
2323 3676 2420 3744 μὲν
2445 3677 2512 3745 τῇ
2546 3672 2799 3743 ἀσθενείᾳ
2823 3673 2930 3726 τῶν
2958 3675 3076 3726 τότε
3106 3675 3491 3747 ἀκροωμένων,
3521 3681 3681 3748 ὅμως

2089 3764 2184 3817 καὶ
2201 3764 2287 3817 διὰ
2306 3765 2403 3833 τῆς
2427 3760 2885 3830 συγκαταϐἀσεως
2910 3763 3089 3815 πᾶσαν
3108 3763 3344 3829 διάνοιαν
3362 3766 3692 3837 ὑπερϐαίνον

2089 3852 2334 3921 νοήματα
2365 3848 2502 3920 μετά
2532 3847 2818 3919 ἀκριϐείας
2840 3850 2970 3919 ἡμῖν
3001 3848 3423 3921 ἐνδεικνύμενος.

2160 3942 2229 4005 γ’.
2253 3936 2318 3989 Τί
2353 3935 2447 3988 οῦν
2467 3934 2794 3989 αἰνίττονται
2812 3936 2867 3987 al
2889 3934 3155 4006 πτέρυγες
3172 3953 3186 4001 ;
3206 3936 3278 3989 Τὸ
3294 3937 3493 4007 ὑψηλὸν
3506 3942 3603 3994 καὶ
3635 3961 3690 4013 με

2090 4024 2279 4096 άρσιον
2305 4022 2410 4076 τῶν
2446 4022 2726 4092 δυνάμεων
2766 4023 2990 4076 τούτων.
3016 4022 3172 4076 Οὕτω
3201 4027 3297 4078 καὶ
3325 4028 3353 4079 6
3386 4027 3631 4102 Γαϐριὴλ
3667 4051 3690 4084 τ

2088 4113 2333 4183 τόμενος,
2373 4109 2468 4164 καὶ
2499 4111 2562 4162 ὲκ
2596 4109 2703 4163 τῶν
2730 4110 2971 4179 οὑρανῶν
3006 4112 3344 4167 καταϐαίνων
3368 4116 3642 4185 φαίνεται,
3678 4122 3689 4172 Ξ

2093 4200 2270 4271 μάθῃς
2299 4197 2361 4250 τὸ
2395 4198 2531 4267 ταχὺ
2569 4199 2662 4250 καὶ
2700 4197 2920 4265 κοῦφον.
2950 4198 3057 4251 Kal
3090 4198 3405 4271 θαυμάζεις,
3444 4206 3493 4257 εί
3522 4206 3619 4260 ἐπὶ
3654 4226 3690 4260 τι

2089 4286 2476 4357 λειτουργικῶν
2514 4285 2793 4355 δυνάμεων
2844 4286 3069 4351 ταύταις
3116 4292 3237 4353 ταῖς
3266 4290 3441 4355 λέξεσι
3464 4293 3690 4366 κέχρῃτς

2089 4378 2222 4429 ὅπου
2246 4391 2309 4444 γε
2347 4376 2442 4427 καὶ
2469 4374 2554 4425 ἐπ’
2589 4372 2753 4426 αὑτοῦ
2795 4373 2887 4427 τοῦ
2916 4375 3025 4429 τῶν
3066 4374 3199 4430 ὅλων
3245 4377 3379 4432 Θεοῦ
3412 4380 3471 4433 ού
3505 4398 3689 4458 παρῃτ

2092 4479 2221 4515 σατο
2249 4461 2451 4531 ταύτην
2501 4461 2977 4532 μεταχειρίσασθαι
3010 4465 3107 4533 τὴν
3146 4468 3582 4539 συγκατάϐασιν;
3623 4475 3690 4526 Βο

2089 4552 2311 4622 λόμενος
2344 4551 2451 4622 γάρ
2474 4550 2637 4604 αὑτοῦ
2661 4550 2827 4615 δεῖξαι
2854 4550 2885 4622 ἢ
2923 4551 2983 4604 τὸ
3014 4553 3318 4625 ἀσώματον,
3348 4558 3380 4628 ἦ
3405 4559 3464 4611 τὸ
3490 4564 3632 4632 ταχὺ
3662 4581 3687 4616 τ

2092 4637 2364 4708 πανταχοῦ
2416 4638 2734 4709 παρουσίας,
2783 4640 2947 4708 φησιν
2989 4642 3017 4693 6
3058 4642 3257 4695 Δαυῖδ·
3301 4645 3364 4698 ’0
3414 4661 3688 4715 περιπατι

2089 4722 2186 4775 ἐπὶ
2209 4722 2513 4789 πτερύγων
2531 4721 2782 4791 ἀνέμων.
2811 4723 3000 4776 Καίτοι
3029 4723 3142 4795 [67]
3166 4743 3227 4794 γε
3255 4727 3375 4780 οὔτε
3401 4729 3592 4801 ἄνεμοι
3626 4752 3688 4787 πτ

2095 4827 2258 4881 ρυγας
2282 4809 2509 4880 ἔχουσιν,
2537 4808 2658 4861 οὔτε
2682 4810 2842 4873 αὑτὸς
2865 4809 2956 4863 ἐπὶ
2983 4813 3266 4883 πτερύγων
3290 4822 3597 4887 περιπατεῖ.
3634 4823 3687 4874 ΙΙι

2091 4902 2219 4968 γὰρ,
2252 4900 2280 4950 6
2313 4896 2585 4967 πανταχοῦ
2630 4898 2854 4970 παρών;
2892 4898 3030 4951 Ἀλλ’
3064 4900 3200 4971 ὅπερ
3244 4902 3412 4973 ἔφθην
3451 4905 3648 4971 εἰπὼν,
3686 4934 3687 4939 η

2091 4986 2343 5057 ἀσθενείᾳ
2369 4986 2475 5038 τῶν
2496 4987 2797 5040 ἀκουόντων
2825 4988 3289 5055 συγκαταϐαίνων,
3320 4991 3425 5045 ἀπὸ
3446 4994 3554 5047 τῶν
3581 4999 3688 5067 ὲγχι

2094 5074 2327 5145 ρούντων
2348 5073 2548 5143 ἀνῆγεν
2574 5073 2749 5127 αὐτῶν
2769 5074 2866 5143 τὴν
2892 5074 3143 5131 διάνοιαν.
3173 5079 3279 5131 Kal
3305 5079 3465 5134 πάλιν
3495 5083 3598 5153 τὴν
3627 5088 3684 5155 βο

2094 5164 2242 5216 θειαν
2275 5164 2437 5218 αὑτοῦ
2471 5163 2791 5234 βουλόμενος
2835 5166 2929 5217 καὶ
2975 5166 3072 5237 τὴν
3123 5169 3186 5221 ἐκ
3225 5169 3426 5241 ταύτης
3451 5173 3683 5243 άσφάλει

2093 5251 2441 5316 ἐνδείξασθαι,
2474 5255 2588 5316 ταῖς
2616 5253 2803 5315 αὑταῖς
2836 5254 3095 5325 κέχρηται
3120 5256 3342 5323 λέξεσιν,
3367 5258 3509 5313 οὕτω
3540 5260 3685 5332 λέγω

2106 5342 2206 5395 Ἐν
2239 5340 2436 5409 σκέπῃ
2464 5340 2580 5393 τῶν
2627 5343 2930 5411 πτερύγων
2966 5359 3082 5396 σου
3127 5344 3457 5413 σκεπάσεις
3488 5366 3588 5417 με.
3638 5352 3685 5403 Ἐ

2155 5488 2327 5563 hilleg.
2355 5489 2588 5563 (ξιμεεινὶιιἶ
2608 5492 2704 5563 φῶς
2732 5492 3010 5563 ᾀπέρῥητον.
3045 5493 3214 5563 Mprel.
3265 5502 3314 5545 el
3358 5498 3622 5551 Bavaricus
3658 5520 3685 5563 φ

2093 5552 2366 5612 ἀπρόσιτον,
2390 5558 2541 5619 alque_
2560 5553 2622 5599 ita
2652 5553 2770 5663 ίξὲὶι
2791 5552 3073 5603 Tiimaunus
3096 5556 3356 5619 inm-rpres.

2158 5619 2179 5642 υ
2212 5614 2332 5663 R92.
2364 5620 2415 5659 el
2435 5615 2582 5660 Savll.
2621 5616 2657 5661 δ’
2736 5632 2834 5663 uel:
2852 5617 3113 5663 ἀσώματοι.
3159 5619 3330 5663 Morel.

2158 5614 3113 5693 ῗ,ηέ³εέ;,εῖὶ⁸ἓ)·ί1;,εἴτεμειίάσξώιιοξτει·
3150 5614 3330 5693 μὲιίῖτεξι-
3368 5621 3583 5693 δυνάμεις
3626 5627 3685 5672 ἀσ

2095 5673 2267 5744 μάτους
2290 5682 2445 5744 rege,
2467 5680 2519 5722 et
2543 5677 2613 5744 sig
2629 5673 3027 5744 eliamAemendal
3051 5679 3260 5744 Sayiliqs
3278 5683 3326 5730 in
3348 5673 3587 5744 margine;

2129 5733 2185 5844 ιδ
2212 5736 2468 5786 Bavaricus
2489 5737 2702 5787 τοιαῦται
2744 5742 2792 5789 al
2834 5741 3046 5802 δυνάμεις
3092 5742 3250 5791 αὐταί.
3291 5744 3392 5797 Alii
3440 5733 3640 5795 ’ἶοιαῦτα
3671 5761 3686 5791 ι

2095 5812 2161 5845 αι.
