3712 6274
138 265 185 319 εθ
1369 232 1434 288 lN
1475 230 1725 298 manu,
1765 231 1938 289 cap.
1980 234 2069 290 vr.
3282 242 3353 300 7o

132 370 252 432 nodo
271 370 321 423 in
346 379 503 428 aura,
531 360 690 418 modo
729 358 782 413 in
824 358 967 427 igne,
995 367 1135 409 nunc
1157 368 1191 408 a
1231 359 1381 421 tergo
1415 363 1681 419 apparen-

129 484 207 525 tam
224 508 239 533 ,
261 475 397 517 nunc.
423 473 596 528 super
623 452 911 510 Cherubim
931 490 947 514 ,
977 457 1031 503 et
1058 446 1125 501 ad
1153 445 1544 501 metallicarum
1572 456 1685 496 ma-

127 562 339 615 teriarum
377 552 555 619 magis
594 544 977 618 pellucidarum
1027 538 1367 611 splendorem
1399 535 1681 605 imaginem

123 650 535 709 cnnformantcm.
586 640 696 695 Cur
743 651 872 706 ergo
911 632 1073 689 modo
1105 640 1345 685 armatus
1371 636 1591 697 apparet
1629 635 1684 681 et

123 756 276 799 cruore
300 747 646 805 conspersus,
667 726 955 800 aliquando
971 726 1022 780 in
1047 725 1189 795 igne,
1209 721 1367 777 modo
1390 718 1683 789 posteriora

122 832 389 892 ostendens,
420 826 589 882 modo
618 826 669 878 in
715 821 869 886 caelo,
918 815 1081 872 modo
1114 816 1168 869 in
1204 814 1359 878 solio,
1388 826 1529 865 nunc
1553 824 1684 864 vero

120 921 571 997 superChembim,
592 932 699 971 non
726 910 1005 986 prmsentis
1029 906 1285 978 temporis
1303 904 1460 960 luerit
1479 903 1680 969 dicere,

121 1015 521 1077 necorollarium
553 1011 646 1064 fiat
674 1021 838 1078 opere
876 1003 1069 1073 majus.
1104 1000 1319 1055 Interim
1359 1012 1537 1067 opera:
1565 1009 1686 1065 pre—

120 1117 220 1164 tium
252 1106 412 1161 luerit
453 1103 526 1158 de
556 1097 810 1171 praesenti
852 1096 1061 1150 visione
1100 1092 1387 1146 disserere.
1418 1086 1525 1144 Cur
1553 1100 1684 1157 ergo

120 1216 231 1255 nunc
252 1199 327 1253 sic
359 1203 594 1267 apparet
615 1206 776 1261 super
801 1187 990 1243 solium
1021 1183 1240 1250 sedens,
1280 1191 1334 1237 et
1373 1195 1493 1236 cum
1523 1177 1685 1234 Sera-

120 1289 274 1363 pbim?
307 1288 618 1343 Humanum
640 1297 845 1337 morem
870 1278 1125 1343 imitatur,
1146 1275 1267 1346 quia
1297 1288 1418 1327 cum
1449 1270 1685 1326 homini-

117 1390 192 1442 bus
205 1396 375 1438 sermo
397 1380 504 1451 ipsi
538 1386 673 1433 erat.
700 1374 832 1440 Quia
860 1370 1001 1426 enim
1027 1366 1351 1423 sententiam
1384 1364 1686 1434 prolaturus

117 1477 263 1532 estde
283 1473 496 1545 magnis
518 1470 681 1527 rebus
710 1468 885 1538 deque
915 1472 1027 1519 toto
1054 1473 1317 1516 terrarum
1346 1458 1500 1521 orbe,
1539 1458 1687 1511 insu-

118 1584 285 1641 per-que
308 1567 377 1622 de
390 1560 775 1634 Jerosolymis,
805 1557 1076 1628 duplicem
1100 1553 1303 1624 profert
1326 1550 1645 1605 sententiam
1665 1589 1683 1615 ,

116 1665 303 1719 alteram
325 1673 433 1729 qua
463 1669 681 1726 pcenam
709 1649 951 1707 decernit
984 1646 1107 1702 urbi
1137 1653 1191 1701 et
1210 1644 1356 1715 genti
1395 1642 1524 1707 toti,
1554 1641 1687 1696 alte-

117 1771 204 1812 ram
220 1770 332 1823 qua:
355 1748 684 1806 beneﬁcium
723 1743 840 1799 orbi
866 1752 1151 1806 terrarum,
1165 1750 1518 1809 magnamque
1536 1748 1688 1804 spem

118 1850 368 1922 pollicetur
419 1855 480 1901 et
510 1843 746 1898 honores
768 1835 1118 1893 immortales.

166 1943 214 1996 Ξ.
229 1940 337 1995 llos
359 1948 448 1993 est
464 1946 647 1990 autem
664 1931 935 2003 iudicibus
949 1927 1066 1983 haec
1080 1941 1188 1982 non
1205 1924 1346 1981 clam
1368 1922 1563 1986 facere,
1583 1919 1680 1976 sed

118 2038 157 2092 in
177 2033 375 2091 excelso
404 2027 667 2086 tribunali
712 2024 963 2081 sedentes
981 2063 998 2091 ,
1047 2020 1298 2075 omnibus
1322 2010 1685 2073 adstantibus,

117 2142 158 2184 et
191 2127 475 2183 contractis
509 2122 663 2178 velis.
697 2119 808 2175 llos
835 2116 1051 2172 imitans
1100 2113 1244 2168 Deus
1276 2109 1377 2166 sibi
1398 2108 1684 2165 Cherubim

117 2221 295 2276 adstare
314 2217 506 2289 jussit,
538 2223 593 2271 et
622 2213 676 2268 in
705 2210 920 2268 excelso
945 2207 1082 2263 solio
1121 2204 1295 2270 sedet,
1326 2201 1513 2271 sicque
1554 2214 1684 2254 sen-

120 2318 301 2368 tentiam
349 2310 499 2365 hanc
541 2305 764 2376 profert.
799 2303 866 2358 Et
894 2309 954 2356 ut
980 2299 1159 2355 discas
1199 2310 1314 2351 rem
1343 2308 1451 2349 non
1495 2292 1685 2362 conje-

117 2416 238 2459 ctura
263 2412 468 2457 tantum
528 2398 650 2461 niti,
700 2394 797 2451 sed
825 2393 969 2448 hunc
1006 2389 1080 2445 illi
1114 2400 1319 2443 morem
1358 2384 1523 2439 luisse
1546 2424 1562 2448 ,
1613 2398 1681 2437 ex

118 2499 199 2552 alio
221 2510 428 2567 quoque
467 2489 735 2562 propheta
764 2485 813 2541 id
851 2484 1027 2555 palam
1077 2480 1252 2536 facere
1278 2474 1517 2533 tentabo.
1553 2473 1686 2529 Nam

118 2588 228 2658 apud
252 2585 555 2650 Danielem,
586 2579 839 2652 quoniam
866 2575 938 2631 ibi
964 2573 1124 2630 etiam
1146 2569 1464 2626 sententiam
1494 2581 1687 2637 quam-

119 2680 217 2733 dam
237 2690 485 2746 magnam
521 2672 825 2743 prolaturus
847 2675 964 2722 erat
991 2664 1132 2720 circa
1154 2661 1414 2733 supplicia
1445 2666 1497 2714 et
1527 2658 1686 2713 ultio-

118 2786 191 2825 nes
215 2768 409 2824 ludatis
442 2761 796 2828 inferendas,
845 2767 901 2815 et
921 2756 1063 2812 circa
1107 2755 1244 2811 bona
1271 2767 1391 2824 qua:
1436 2749 1555 2805 orbi
1580 2758 1689 2805 ter-

120 2878 266 2915 rarum
287 2855 619 2915 conferenda
639 2861 813 2919 erant,
837 2851 1027 2905 solium
1049 2848 1258 2918 quoque
1272 2853 1493 2916 apparet
1514 2841 1690 2913 splen-

121 2953 269 3007 didum
298 2959 353 3007 et
394 2949 773 3018 conspicuum,
813 2951 867 2999 et
891 2940 1202 3012 angelorum
1229 2937 1425 2993 chorus
1446 2934 1683 2999 adstans,

120 3054 162 3097 et
194 3040 630 3113 archangelorum
683 3044 874 3099 cattus,
918 3041 975 3089 et
1017 3030 1329 3101 Unigenitus
1370 3026 1582 3093 sedens,
1633 3033 1685 3081 et

122 3135 215 3189 libri
237 3134 572 3203 aperiuntur,
618 3136 673 3185 et
704 3127 847 3182 fluvii
894 3124 1033 3195 ignei
1076 3129 1322 3185 manant,
1368 3128 1423 3174 et
1451 3118 1688 3188 undique

122 3226 364 3283 tribunalis
412 3224 592 3279 forma
640 3218 982 3276 constituitur
1011 3212 1269 3286 (Dan.7).
1320 3208 1459 3266 Sunt
1507 3217 1685 3264 autem

123 3323 188 3375 illa
222 3321 394 3376 omnia
427 3320 497 3374 iis
541 3316 743 3379 afﬁnis,
774 3327 892 3383 qua:
921 3310 1009 3365 hic
1050 3313 1377 3363 narrantur:
1405 3313 1496 3358 aut
1524 3302 1684 3358 etiam

122 3415 323 3483 apertius
369 3414 415 3466 is
447 3411 568 3464 haec
612 3405 931 3470 annuntiat,
983 3400 1105 3472 quia
1147 3396 1401 3453 viciniora
1448 3405 1684 3463 tempora

125 3508 193 3561 illa
217 3516 383 3571 erant,
414 3516 472 3559 et
502 3502 570 3557 ad
602 3502 747 3571 ipsas
776 3498 990 3553 demum
1018 3493 1162 3549 fores
1199 3487 1477 3561 prophetia
1500 3499 1686 3557 perve-

122 3597 470 3653 nerat.Verum
502 3593 619 3648 bzcc
642 3588 897 3646 studiosis
927 3586 1311 3655 relinquentes.
1336 3590 1393 3635 ut
1423 3577 1676 3647 colligant

122 3699 160 3743 et
195 3696 457 3758 apponant
481 3727 498 3751 ,
542 3693 596 3739 et
625 3680 902 3751 utriusque
932 3675 1226 3748 prephetite
1273 3669 1679 3726 consonantiam

122 3783 349 3844 aliscant,
378 3781 457 3835 uti
482 3779 595 3849 jam
622 3776 753 3841 dixi,
782 3787 899 3827 eam
926 3784 1086 3841 quam
1125 3765 1280 3822 nobis
1306 3761 1686 3833 proposuimus

114 3870 481 3936 jam‘accurate
527 3875 841 3929 tractemus,
891 3876 991 3934 pro
1038 3858 1179 3914 virili
1225 3863 1406 3911 nostra
1450 3852 1686 3923 singulas

122 3967 348 4021 dictiones
366 3959 759 4032 expendentes.
786 3955 858 4010 Ita
888 3953 1032 4009 enim
1071 3960 1126 4006 et
1155 3948 1310 4004 nobis
1334 3956 1389 4002 et
1411 3945 1567 4000 vobis
1596 3942 1681 3998 di-

123 4056 345 4112 lucidiora
371 4062 536 4111 erunt
556 4066 619 4105 ea
636 4064 755 4121 qua:
774 4046 911 4102 dicta
930 4051 1071 4100 sunt.
1096 4040 1234 4110 Quid
1259 4032 1541 4111 igiturait?
1570 4034 1687 4089 Vidi

126 4144 369 4200 Dominum
396 4144 671 4199 sedentem.
700 4137 755 4191 In
786 4137 922 4192 solio
950 4134 1162 4200 sedere,
1215 4144 1426 4199 semper
1467 4125 1685 4198 symbo-

124 4238 404 4308 lumjudicii
431 4243 538 4301 est,
582 4228 1034 4303 quemadmodum
1057 4222 1219 4279 David
1250 4222 1325 4275 ait
1350 4238 1364 4273 :
1393 4218 1684 4275 Sedistisu.

124 4349 197 4399 per
236 4333 471 4384 thronum
519 4328 606 4397 qui
638 4323 848 4397 judicas
884 4320 1140 4392 justitiam
1179 4315 1356 4389 (Psal.
1383 4313 1569 4384 9.4);
1627 4321 1687 4365 et

125 4424 283 4479 Daniel
315 4420 552 4477 :Throni
603 4416 753 4488 positi
789 4424 904 4469 sunt
929 4454 945 4479 ,
990 4421 1036 4466 et
1062 4409 1327 4479 judicium
1366 4405 1493 4460 sedit
1521 4402 1683 4471 (Dan.

124 4515 274 4586 7.9).
305 4512 513 4570 Sedere
540 4518 719 4563 autem
762 4502 1073 4575 simplici'er
1120 4498 1339 4556 alterius
1387 4493 1686 4567 symbolum

123 4619 207 4675 est,
223 4609 293 4662 ait
320 4604 602 4677 propheta.
632 4597 957 4669 Cujusnam?
985 4593 1170 4662 Firmi,
1203 4590 1485 4653 manentis,
1502 4600 1689 4657 proce-

126 4702 296 4765 dentis,
320 4694 686 4759 immutabilis,
708 4686 1263 4751 interminabilis,vit:e
1284 4679 1687 4754 perennis.ldeo

126 4798 185 4848 sit
202 4812 214 4845 :
234 4793 310 4849 Tu
340 4791 539 4847 sedens
566 4786 619 4841 in
642 4787 917 4852 sazculum,
944 4791 999 4838 et
1016 4795 1114 4836 nos
1138 4785 1425 4851 pereuntes
1449 4774 1501 4830 in
1520 4787 1690 4827 saecu-

128 4886 326 4961 lum(a).
363 4888 471 4954 Tu,
499 4885 692 4957 inquit,
723 4893 966 4944 manens,
1001 4874 1284 4939 exsistens,
1311 4868 1515 4932 vivens,
1548 4880 1690 4921 sem-

131 4996 208 5049 per
225 4956 413 5037 eadem
434 4956 707 5036 assistens
734 4973 914 5029 modo.
937 4968 1089 5037 Quod
1122 4965 1264 5021 enim
1292 4961 1343 5017 id
1373 4976 1478 5015 non
1497 4956 1688 5013 dixerit

130 5048 467 5135 decatbedra,
520 5070 632 5139 ipsa
671 5063 940 5121 distinctio
966 5053 1366 5115 demonstravit.
1390 5050 1506 5107 Non
1547 5048 1688 5103 enim

130 5164 261 5232 dixit,
285 5165 394 5221 Nos
419 5172 647 5227 stantes,
678 5158 797 5223 sed,
818 5163 1124 5228 pereuntes.
1156 5146 1289 5204 lllud
1318 5153 1494 5201 autem
1526 5142 1577 5198 in
1599 5155 1689 5195 so-

132 5256 191 5312 lio
211 5257 413 5323 sedere,
441 5255 496 5310 id
523 5262 607 5309 est
630 5251 890 5322 judicare.
920 5246 1047 5302 Ideo
1077 5244 1249 5313 ipsum
1289 5239 1367 5294 sic
1411 5235 1557 5290 videt
1599 5248 1690 5287 se-

133 5350 319 5406 dentem
341 5364 506 5420 super
530 5346 722 5403 solium
751 5340 1024 5397 excelsum
1039 5344 1092 5391 et
1114 5336 1377 5390 elevatum
1404 5347 1418 5396 ;
1440 5327 1525 5383 vel
1548 5324 1693 5380 aliud

135 5446 238 5510 hoc,
257 5444 396 5500 aliud
426 5440 559 5498 illud
584 5436 906 5494 subindicat.
938 5430 1146 5487 Etenim
1168 5425 1436 5483 excelsum
1467 5429 1583 5477 erat
1606 5434 1695 5510 sof

135 5535 258 5603 lium,
299 5536 352 5592 id
378 5544 462 5592 est
498 5544 754 5603 magnum
785 5535 840 5582 et
864 5521 1184 5581 altissimum
1204 5560 1220 5587 ,
1248 5525 1302 5573 et
1329 5515 1613 5577 elevatum,
1642 5509 1695 5565 id

186 5671 247 5734 (a)
275 5670 479 5734 Videtur
523 5668 605 5734 hic
635 5664 1000 5734 Chrysostomns
1034 5656 1201 5734 locum
1209 5645 1697 5734 ‘aliquenmnhap-if‘lis

139 5711 303 5796 allii-ie,
320 5711 934 5793 E'Mimﬁaphm;
957 5722 1048 5774 sed
1070 5717 1265 5770 nullum
1278 5711 1427 5767 talem
1448 5711 1662 5775 reperio.

1786 358 1903 413 est,
1952 348 2226 404 immensa:
2251 349 2545 406 altitudinis
2589 366 2851 421 apparens
2900 361 2956 408 ct
2999 353 3264 413 sublimis.
3301 357 3368 412 Et

1787 439 1938 508 plena
1963 448 2070 493 erat
2110 440 2289 494 domus
2313 442 2476 510 gloria
2505 443 2631 513 ejus.
2663 443 2794 512 Qum
2833 443 3061 499 domus?
3090 446 3177 501 dic
3213 448 3369 510 mihi.

1786 530 2087 602 Templum.
2110 532 2241 599 Quia
2260 534 2400 589 enim
2425 536 2571 590 illinc
2590 536 3220 603 oriebanturinimicitite,
3247 541 3373 605 jure

1786 622 1840 676 in
1861 622 1959 679 hac
1980 624 2210 680 mirabili
2231 626 2435 681 visione
2456 627 2526 680 ibi
2546 628 2870 697 conspicitur
2892 629 3106 685 sedens.
3132 630 3368 689 Gloriam

1785 723 1962 769 autem
2007 715 2093 771 hic
2121 726 2277 772 vocat
2322 718 2879 787 splendorem,lucem
2923 722 3367 796 inaccessi’ilem,

1784 824 1943 878 quam
1971 824 2091 863 cum
2118 825 2223 865 non
2265 819 2448 879 posset
2482 812 2656 866 verbis
2681 814 3002 882 exprimere,
3033 816 3253 886 gloriam
3283 830 3377 869 vo-

1785 901 1946 968 cavit,
1981 917 2156 973 neque
2185 902 2499 973 simpliciter
2517 905 2761 974 gloriam,
2793 905 2887 960 sed
2920 906 3014 962 Dei
3039 907 3283 977 gloriam.
3309 908 3366 965 2.

1786 992 1856 1047 Et
1895 993 2169 1063 Serapltim
2211 994 2410 1049 stabant
2451 996 2505 1050 in
2542 996 2757 1049 circuitu
2784 998 2910 1069 ejus.
2958 997 3210 1065 Qumnam
3240 1000 3372 1056 dic't

1786 1087 1903 1144 haec
1927 1088 2242 1160 Seraphim?
2267 1088 2506 1145 Virtutes
2529 1090 2870 1160 incorporeas
2886 1106 3236 1160 supernorum
3261 1109 3379 1155 caa-

1786 1189 1967 1246 tuum,
2009 1196 2233 1251 quarum
2263 1180 2512 1235 virtutem
2544 1190 2597 1235 et
2622 1180 3001 1237 beatitudinem
3028 1199 3095 1238 ex
3134 1183 3249 1253 ipso
3278 1200 3377 1240 no.

1787 1274 1932 1328 mine
1950 1273 2131 1328 videre
2147 1280 2250 1328 est.
2272 1272 2404 1327 Nam
2429 1272 2685 1329 llebraica
2713 1274 2892 1346 lingua
2915 1274 3193 1347 Seraphim
3212 1278 3373 1348 ignita

1787 1381 1880 1420 ora
1910 1365 2207 1435 significant
2236 1363 2332 1438 (a).

1870 1454 2121 1510 Virtutum
2145 1456 2418 1511 cmlestium
2448 1455 2703 1527 oﬁicia.—
2717 1455 2853 1523 Quid
2881 1456 3042 1528 igitur
3069 1456 3193 1513 hinc
3215 1457 3378 1515 disci-

1788 1549 1944 1604 mus?
1970 1549 2259 1604 Puritatem
2286 1548 2616 1616 substantiae,
2644 1549 2990 1619 vigilantiam,
3020 1549 3373 1622 diligentiam,

1789 1639 2102 1710 agilitatem,
2135 1640 2242 1694 vim
2286 1639 2564 1709 operandi,
2597 1638 2934 1695 munditiem.
2968 1639 3047 1695 lla
3074 1640 3218 1695 enim
3247 1656 3375 1712 pro-

1788 1732 1950 1803 pheta
1978 1732 2146 1787 David
2177 1747 2527 1802 supernarum
2558 1742 2884 1804 potestatum
2915 1733 3220 1804 expeditum
3268 1736 3374 1790 mi-

1789 1823 2068 1878 nisterium
2088 1823 2276 1878 volens
2292 1823 2446 1877 nobis
2466 1823 2772 1889 ostendere,
2802 1839 3007 1879 necnon
3038 1818 3373 1883 velocitatem

1789 1913 2188 1984 agilitatemque
2231 1913 2555 1981 ministerii,
2584 1914 2837 1969 dicebat:
2874 1916 2973 1982 Qui
2999 1918 3129 1988 facis
3169 1918 3376 1989 angelos

1788 2016 1900 2062 tuos
1938 2009 2165 2078 spiritus,
2215 2016 2262 2060 et
2287 2007 2543 2061 ministros
2570 2016 2682 2062 tuos
2711 2009 2973 2079 ﬂammam
3018 2009 3151 2079 ignis
3200 2010 3371 2082 (Psal.

1790 2101 1913 2156 105.
1936 2100 2024 2170 ι);
2050 2100 2409 2165 velocitatem,
2443 2100 2731 2169 levitatem,
2754 2101 3044 2172 agilitatem
3093 2104 3246 2159 nobis
3278 2119 3375 2174 per

1790 2193 1907 2249 haec
1944 2194 2211 2249 elementa
2246 2192 2560 2248 ostendens.
2594 2192 2911 2263 llujusmodi
2953 2194 3131 2249 officia
3178 2195 3378 2252 habent

1791 2284 1874 2339 hae
1894 2285 2139 2347 virtutes,
2162 2298 2257 2339 ore
2283 2298 2417 2352 puro
2437 2282 2769 2340 celebrantes
2789 2284 3091 2351 Dominum,
3122 2285 3224 2340 hoc
3243 2302 3377 2357 opus

1783 2378 1987 2451 jugiter
2009 2376 2290 2444 habentes,
2319 2375 2504 2431 laudes
2532 2376 2841 2443 offerentes,
2874 2377 3191 2434 incessabile
3216 2379 3376 2434 mini-
3416 2435 3419 2438 .

1788 2470 2033 2527 sterium.
2083 2469 2279 2525 Earum
2320 2476 2500 2522 autem
2536 2466 2845 2537 dignitatem
2896 2468 2947 2523 id
2994 2478 3379 2526 commonstrat

1788 2562 1931 2632 quod
1974 2562 2113 2617 solio
2151 2560 2259 2616 sint
2297 2560 2507 2616 vicinas.
2539 2559 2995 2628 Quemadmodum
3043 2562 3185 2617 enim
3236 2563 3376 2632 apud

1789 2664 2037 2712 terrenos
2072 2668 2246 2725 reges,
2278 2654 2368 2725 qui
2413 2653 2466 2708 in
2497 2653 2701 2723 majore
2728 2651 2988 2722 dignitate
3017 2661 3163 2719 sunt,
3211 2669 3377 2724 prope

1789 2748 1985 2804 solium
2014 2747 2216 2818 regium
2248 2754 2392 2800 stant
2420 2764 2433 2799 :
2462 2746 2541 2800 sic
2563 2754 2614 2800 et
2640 2744 2723 2800 lue
2753 2752 3047 2815 potestates
3067 2745 3138 2800 ob
3166 2747 3376 2801 virtutis

1789 2840 2134 2897 eminentiam
2165 2837 2394 2893 sublime
2424 2838 2621 2893 solium
2646 2837 3074 2903 circumsistunt,
3125 2836 3375 2894 ineffabili

1789 2932 2121 2991 beatitudine
2151 2940 2409 3001 perpetuo
2436 2929 2695 2992 fruentes,
2729 2939 2783 2984 et
2824 2930 2876 2984 in
2914 2929 3069 2985 beata
3101 2940 3249 2985 sorte
3277 2929 3377 2985 bn-

1781 3025 2021 3094 jusmodi
2051 3024 2210 3079 ofﬁcii
2237 3021 2551 3095 gaudentes.
2582 3022 2688 3078 Sex
2712 3022 2809 3077 ala:
2833 3022 2941 3087 uni,
2967 3032 3015 3076 et
3042 3039 3131 3077 sea;
3157 3023 3257 3076 ala:
3292 3024 3374 3077 al-

1789 3120 1901 3172 teri.
1935 3117 1998 3172 Et
2020 3117 2220 3190 quidem
2245 3116 2441 3169 duabus
2465 3112 2693 3168 volabant
2720 3114 2867 3184 pedes
2888 3130 3026 3180 suos,
3059 3113 3254 3169 duabus
3281 3132 3377 3169 au-

1788 3221 1885 3268 tem
1911 3211 2139 3266 uelabant
2161 3209 2315 3279 facies
2339 3225 2457 3262 suas
2482 3206 2556 3281 (b)
2578 3249 2591 3273 ,
2618 3216 2664 3261 et
2692 3208 2887 3261 duabus
2915 3206 3170 3261 volabant.
3198 3206 3253 3262 5.
3302 3207 3371 3262 Et

1787 3304 2072 3360 clamabant
2100 3304 2227 3359 alter
2246 3302 2315 3356 ad
2338 3302 2572 3367 alterum,
2602 3310 2648 3355 et
2685 3301 2951 3355 dicebant:
2979 3300 3220 3365 Sanctus,
3249 3318 3374 3355 san-

1787 3406 1917 3462 ctus,
1943 3404 2164 3460 sanctus,
2196 3393 2445 3448 Dominus
2483 3392 2731 3447 Sabaoth.
2766 3390 2933 3445 Plena
2962 3400 3033 3447 est
3060 3392 3222 3446 omnis
3242 3400 3375 3447 terra

1787 3490 1951 3563 gloria
1980 3491 2106 3560 ejus.
2134 3487 2270 3554 Quid
2299 3486 2452 3541 nobis
2484 3485 2568 3540 hae
2589 3500 2782 3556 pennae
2810 3485 3126 3556 significant,
3152 3493 3206 3541 et
3247 3486 3375 3557 quid

1788 3579 1943 3635 nobis
1972 3580 2071 3634 alte
2100 3578 2471 3633 subindicaut?
2494 3575 2681 3646 Neque
2708 3576 2849 3631 enim
2894 3576 3225 3647 incorporea:
3270 3577 3372 3634 illa!

1786 3679 2082 3742 potestates
2113 3670 2225 3726 alas
2256 3669 2493 3725 habent:
2516 3667 2609 3723 sed
2632 3683 2846 3723 rursum
2869 3668 3219 3724 crassioribus
3246 3667 3361 3739 ligu-

1778 3765 1862 3820 ris
1892 3778 2086 3819 arcana
2106 3761 2350 3834 qumdam
2376 3761 2532 3816 nobis
2554 3760 2752 3815 indicat
2780 3760 3057 3831 propheta,
3081 3759 3367 3821 infirmitati

1787 3872 1972 3912 eorum
2000 3857 2088 3927 qui
2118 3866 2246 3911 tunc
2278 3853 2566 3909 audiebant
2591 3868 2650 3908 se
2679 3861 3066 3923 attemperans,
3111 3852 3376 3922 simulque

1788 3951 1949 4007 etiam
1976 3966 2071 4020 per
2102 3950 2239 4004 hanc
2258 3947 2754 4017 attemperationem
2775 3960 2932 4001 sensa
2957 3944 3201 4016 qutedam
3229 3960 3377 4002 men-

1790 4056 1896 4101 tem
1928 4058 2144 4098 omnem
2169 4041 2475 4111 superantia
2500 4046 2749 4093 accurate
2776 4037 2931 4092 nobis
2956 4036 3264 4092 ostendens.

1859 4137 1913 4191 '5.
1953 4133 2090 4201 Quid
2129 4134 2287 4203 igitur
2332 4129 2669 4185 subindicant
2712 4127 2850 4182 alat?
2893 4125 3274 4182 Celsitudinem
3320 4135 3377 4182 et

1790 4228 2166 4285 sublimitatem
2198 4224 2384 4277 harum
2410 4216 2687 4277 virtutum.
2726 4218 2815 4275 Sic
2843 4228 2897 4274 et
2925 4217 3135 4274 Gabriel
3164 4217 3375 4284 volans,

1789 4330 1844 4376 et
1869 4320 1935 4374 de
1961 4317 2094 4373 ctelo
2121 4314 2456 4373 descendens
2475 4321 2716 4383 apparet,
2746 4320 2806 4366 ut
2831 4310 3007 4366 discas
3035 4309 3377 4366 velocitatem

1789 4420 1845 4468 et
1865 4410 2153 4466 levitatem.
2188 4407 2256 4462 Et
2278 4405 2407 4478 quid
2432 4404 2662 4470 miraris,
2694 4403 2738 4457 si
2764 4402 2831 4457 de
2857 4400 3185 4457 administris
3212 4401 3378 4457 virtu-

1790 4504 1932 4559 tibus
1955 4503 2178 4571 loquens
2203 4496 2507 4569 hujusmodi
2526 4497 2701 4551 verbis
2720 4510 2844 4550 usus
2870 4503 2972 4561 est,
2989 4495 3201 4566 quando
3217 4495 3378 4549 etiam

1791 4595 1859 4649 de
1887 4592 2256 4649 universorum
2281 4590 2390 4645 Deo
2412 4604 2518 4644 non
2540 4587 2853 4658 dedignatus
2871 4595 2953 4641 est
2972 4586 3109 4641 hanc
3122 4585 3380 4641 adhibere

1792 4682 2335 4754 attemperationem?
2373 4680 2505 4736 Cum
2540 4680 2683 4735 enim
2714 4679 2872 4733 vellet
2901 4678 3065 4732 David
3096 4677 3380 4733 ostendere

1791 4788 1883 4834 aut
1917 4778 2035 4849 ejus
2060 4777 2429 4845 incnrpoream
2458 4783 2701 4829 naturam
2721 4811 2737 4837 ,
2774 4779 2868 4825 aut
2898 4771 3232 4825 velocitatem
3259 4786 3380 4839 quae

1794 4871 1988 4940 ubique
2019 4882 2259 4939 praesens
2305 4876 2409 4931 est,
2459 4865 2571 4919 ait:
2607 4863 2706 4927 Qui
2743 4861 2974 4915 ambulas
3016 4874 3167 4926 super
3189 4876 3381 4931 pennas

1792 4971 2053 5017 ventorum
2098 4958 2292 5028 (Psal.
2336 4957 2460 5013 105.
2504 4957 2579 5026 '5),
2635 4954 2734 5010 etsi
2774 4968 2945 5024 neque
2985 4952 3131 5007 venti
3176 4966 3384 5022 pennas

1794 5055 2046 5119 habeant,
2072 5068 2246 5124 neque
2272 5051 2384 5121 ipse
2413 5064 2573 5118 super
2596 5061 2797 5117 pennas
2817 5045 3070 5100 ambulet.
3102 5043 3384 5111 Quomodo

1795 5149 1939 5205 enim
1963 5147 2077 5203 fieri
2105 5144 2293 5216 possit,
2320 5157 2441 5199 cum
2469 5141 2663 5211 ubique
2692 5154 2927 5209 praesens
2948 5136 3051 5193 sit?
3074 5136 3293 5200 Verum,
3327 5144 3383 5188 ut

1860 5285 1932 5348 (a)
1963 5292 2092 5334 Hanc
2115 5294 2228 5331 esse
2246 5285 2382 5343 putat
2403 5278 2775 5348 Chrysostomus
2787 5272 3378 5348 interpretationem_v_o_c_ts

1798 5335 2062 5407 Hebraiae.
2101 5335 2304 5408 Emit],
2335 5344 2472 5404 quasi
2495 5335 2721 5389 videlicet
2758 5335 3021 5399 compdsita
3050 5335 3115 5382 sit
3138 5346 3200 5381 ex
3224 5336 3343 5411 f-Tw
3363 5373 3378 5394 ,

1800 5456 1959 5501 urere,
1986 5446 2039 5491 et
2059 5446 2136 5500 ΠΒ
2164 5434 2245 5488 vel
2266 5442 2325 5496 τε)
2346 5448 2415 5494 os,
2439 5432 2554 5484 oris.
2572 5432 2661 5482 Sed
2685 5432 2948 5494 Serapbim,
2970 5434 3024 5478 ut
3042 5439 3186 5477 nemo
3208 5428 3381 5484 nescit,

1787 5499 1972 5581 ignitus
1997 5511 2075 5560 vel
2098 5511 2259 5581 igneos
2278 5506 2560 5581 simpliciter
2576 5502 2828 5581 significat.

1955 5561 2084 5637 Haec
2104 5561 2298 5637 inversa
2319 5561 2461 5637 su'nt;
2486 5561 2670 5637 namin
2704 5566 2941 5637 Scriptura
2962 5572 3099 5611 sacra
3125 5561 3277 5637 primo
3295 5569 3381 5620 po-

1802 5621 1986 5689 nuntur
2006 5621 2096 5688 alae
2111 5621 2228 5699 quae
2249 5631 2424 5684 faciem
2446 5621 2637 5694 tegunt,
2656 5621 2870 5678 secundo
2895 5623 2989 5675 illas
3011 5636 3121 5687 quae
3131 5621 3290 5685 pedes
3310 5634 3392 5670 w-

1805 5702 2008 5754 cultant.
