3674 6276
328 262 389 317 7i
998 257 1059 314 ὃ.
1096 254 1375 315 JOANNIS
1400 251 1879 313 CIIRYSOSTOMI
1918 252 2234 311 AliClllEP.
2273 253 2807 312 CONSTANTINOP.
3553 260 3637 314 ’ΤΞ

322 375 430 446 jam
460 373 600 440 dixi,
643 371 941 428 inﬁrmitati
979 371 1307 427 audientium
1334 385 1394 426 se
1420 378 1782 440 attemperans
1801 409 1818 437 ,
1850 370 1918 423 ab

326 468 411 533 iis,
447 481 670 536 quorum
695 479 920 534 capaces
941 471 1113 527 erant,
1147 470 1381 518 mentem
1414 476 1599 516 eorum
1621 460 1812 515 erexit.
1841 460 1919 515 Ac

323 574 540 615 rursum
585 557 703 628 ejus
747 556 1002 611 auxilium
1052 564 1107 610 et
1155 553 1497 609 securitatem
1543 553 1666 609 inde
1712 560 1917 623 partam

324 652 580 709 exhibere
603 650 791 705 volens
814 690 830 716 ,
862 646 1051 703 iisdem
1078 647 1242 702 utitur
1266 644 1464 708 verbis,
1493 644 1571 699 sic
1596 644 1779 698 dicens
1809 664 1813 668 ·
1849 641 1918 697 1η

326 743 505 799 umbra
531 743 731 796 alarum
758 751 961 795 tuarum
988 746 1216 809 proteges
1251 753 1330 791 me
1364 734 1534 810 (Psal.
1566 734 1654 790 16.
1679 736 1757 803 8).
1804 733 1919 790 Hoc

322 845 503 891 autem
532 835 650 890 loco
681 848 787 888 non
809 830 1189 887 sublimitatem
1221 828 1395 883 solum
1431 826 1547 897 ejus
1571 840 1635 881 ac
1661 825 1917 880 velocita-

325 942 433 986 tem
465 944 560 1001 per
583 928 698 983 alas
720 924 1054 990 subindicat;
1082 922 1177 977 sed
1201 931 1256 977 et
1278 920 1420 976 aliud
1447 918 1716 990 quidpiam
1739 917 1915 973 horri-

326 1025 453 1080 bile.
501 1019 750 1078 Ostendit
781 1017 925 1074 enim
949 1058 966 1085 ,
994 1015 1205 1071 etiamsi
1245 1013 1298 1069 id
1334 1011 1477 1084 quod
1503 1010 1779 1066 videbatur
1818 1024 1917 1082 per

323 1118 823 1188 attemperationem
844 1120 1006 1177 esset,
1031 1119 1091 1165 ut
1114 1122 1301 1165 revera
1325 1116 1460 1173 erat,
1487 1120 1746 1176 supernas
1769 1112 1916 1160 certe

323 1220 652 1285 potestates,
685 1223 751 1264 ne
786 1207 888 1262 hac
928 1204 1145 1276 quidem
1186 1214 1438 1257 mensura
1486 1197 1537 1253 id
1580 1211 1773 1268 capere
1815 1211 1913 1267 po-

326 1306 515 1359 tuisse.
545 1301 678 1357 Nam
700 1298 842 1370 quod
869 1303 1110 1368 tegerent
1140 1292 1325 1365 pedes,
1349 1300 1404 1347 et
1428 1289 1567 1361 quod
1600 1289 1727 1343 item
1752 1287 1913 1343 dorsa

324 1396 584 1460 velarent,
630 1390 957 1461 stupentium
985 1394 1132 1451 erat,
1177 1395 1232 1441 et
1262 1384 1603 1439 tremoutium
1628 1379 1910 1451 fulgorem,

324 1502 424 1542 nec
451 1485 732 1541 ferentium
760 1479 1101 1552 splendorem
1122 1493 1191 1533 ex
1219 1476 1353 1532 solio
1375 1474 1759 1546 prosilientem.
1787 1471 1912 1528 ideo

325 1582 537 1652 objecta
582 1578 824 1643 alarum,
871 1590 971 1629 ceu
1018 1571 1247 1644 quodam
1294 1571 1530 1640 pariete,
1580 1565 1743 1621 facias
1787 1578 1913 1621 suas

323 1672 746 1733 obumbrabant;
772 1667 823 1723 id
847 1665 988 1738 quod
1018 1665 1193 1719 facere
1220 1662 1457 1717 solemus
1477 1667 1569 1713 aut
1594 1659 1791 1713 tonitru
1812 1657 1911 1713 de-

324 1768 535 1825 cidente
559 1808 573 1830 ,
604 1774 695 1819 aut
724 1761 1020 1832 fulguribus
1050 1755 1295 1819 emissis,
1326 1767 1513 1809 versus
1547 1750 1911 1822 pavimentum

323 1874 423 1917 nos
450 1858 791 1919 inclinantes,
820 1853 922 1907 hoc
945 1859 1001 1907 et
1027 1850 1131 1904 illa:
1156 1846 1436 1903 faciebant.

396 1953 663 2007 Anomams
685 1949 975 2001 insectatur.
1003 1973 1075 1984 —
1101 1939 1254 2009 Quod
1294 1938 1341 1994 si
1378 1936 1681 2007 Seraphim,
1708 1950 1913 2006 magna!

325 2047 431 2103 illa:
458 2043 834 2111 mirabilesque
867 2038 1109 2099 virtutes,
1135 2034 1306 2089 Deum
1329 2030 1629 2097 sedentem,
1673 2029 1726 2083 in
1754 2029 1909 2095 solio,

324 2139 565 2209 inquam,
594 2134 869 2189 sedentem
900 2130 1016 2185 sine
1046 2128 1237 2183 timore
1275 2123 1459 2215 videre
1498 2138 1605 2179 non
1644 2130 1909 2194 poterant,

330 2232 428 2287 sed
471 2236 527 2283 et
570 2225 733 2281 facies
761 2232 814 2278 et
840 2221 1003 2293 pedes
1030 2211 1308 2277 velabant;
1329 2211 1450 2283 quis
1477 2228 1655 2270 sermo
1702 2214 1911 2268 illorum

324 2320 587 2378 insaniam
616 2316 893 2372 declarare
920 2312 1137 2383 poterit,
1165 2309 1257 2379 qui
1285 2322 1345 2363 se
1370 2307 1517 2362 clare
1542 2306 1713 2375 ipsum
1747 2304 1913 2360 Deum

327 2429 488 2470 nosse
529 2411 734 2475 dicunt,
761 2416 816 2463 et
851 2404 942 2477 qui
983 2406 1050 2460 de
1077 2400 1363 2458 immortali
1390 2400 1478 2456 illa
1504 2398 1796 2454 substantia
1822 2413 1917 2453 cu-

325 2507 471 2564 riose
499 2500 847 2575 perquirunt?
879 2498 1088 2553 Duabus
1102 2494 1420 2559 volabant,et
1445 2491 1748 2546 clamabant.
1778 2489 1916 2559 Quid

327 2599 433 2654 hoc
476 2606 559 2652 est
584 2637 601 2664 ,
640 2591 926 2656 Volabant,
971 2598 1027 2645 et
1068 2587 1193 2659 quid
1239 2586 1352 2641 vult
1394 2583 1727 2656 signiﬁcare?
1769 2582 1916 2653 lpsas

328 2707 522 2763 nempe
541 2689 753 2745 assidue
779 2687 920 2743 circa
948 2686 1115 2740 Deum
1141 2697 1281 2749 esse,
1310 2696 1411 2737 nec
1432 2680 1615 2735 abillo
1640 2678 1911 2744 secedere,

327 2785 423 2841 sed
472 2784 608 2838 hanc
654 2780 760 2836 illis
804 2792 925 2834 esse
952 2774 1165 2831 vivendi
1207 2774 1509 2837 rationem,
1554 2777 1614 2825 ut
1659 2777 1919 2840 perpetuo

328 2880 501 2949 ipsum
530 2882 761 2938 canant,
794 2881 852 2927 ut
887 2885 1101 2941 semper
1143 2866 1399 2938 Opiﬁcem
1439 2879 1594 2919 suum
1620 2863 1916 2919 celebrent.

329 2970 448 3027 Non
471 2968 614 3025 enim
639 2966 793 3031 dixit,
821 2963 1220 3026 Clamaverunt,
1245 2957 1362 3022 sed,
1386 2955 1702 3022 Clamabunt,
1735 2954 1786 3010 id
1813 2963 1916 3021 est,

332 3066 435 3119 hoc
457 3069 714 3133 perpetuo
740 3057 936 3112 habent
956 3068 1112 3126 opus.
1154 3052 1298 3107 Alter
1321 3051 1389 3104 ad
1411 3050 1628 3104 alterum
1653 3090 1668 3117 ,
1694 3057 1744 3104 et
1781 3048 1919 3102 dice-

332 3153 453 3207 bant
476 3170 490 3204 :
526 3151 767 3213 Sanctus,
790 3156 1015 3211 sanctus,
1040 3153 1266 3199 sanctus.
1316 3140 1429 3197 Hoc
1455 3141 1772 3196 concinnam
1799 3155 1919 3194 mo-

330 3242 671 3310 dulatamque
700 3253 884 3294 eorum
931 3234 1302 3307 symphoniam
1347 3231 1586 3295 indicat,
1632 3229 1922 3299 laudesque

330 3346 525 3405 magno
566 3344 833 3385 consensu
875 3325 1193 3381 celebratas.
1252 3322 1349 3378 Hic
1393 3322 1623 3394 hymnus
1667 3335 1774 3376 non
1805 3320 1921 3376 laus

332 3424 496 3481 modo
539 3434 642 3488 est,
691 3420 784 3475 sed
828 3419 989 3474 etiam
1016 3414 1299 3487 pr0phetia
1330 3413 1397 3469 de
1423 3414 1579 3469 bonis
1606 3427 1725 3483 qua:
1752 3419 1920 3468 totum

332 3515 517 3570 orbem
546 3520 868 3581 occupatura
894 3516 1040 3574 sunt,
1072 3516 1230 3577 atque
1243 3507 1403 3560 etiam
1429 3504 1734 3574 dogmatum
1764 3516 1924 3557 accu-

333 3614 451 3661 rata
494 3603 792 3672 disciplina.
840 3598 948 3655 Cur
976 3606 1152 3654 autem
1198 3611 1304 3651 non
1347 3596 1513 3651 semel
1555 3595 1835 3661 dixerunt,
1869 3602 1925 3649 et

334 3706 635 3760 tacuerunt,
668 3708 840 3764 neque
868 3690 1107 3746 secundo
1131 3732 1146 3757 ,
1178 3697 1232 3744 et
1260 3698 1444 3760 postea
1470 3686 1781 3752 desierunt,
1828 3684 1924 3740 sed

336 3790 552 3845 tertium
584 3788 743 3843 etiam
769 3783 1130 3840 addiderunt?
1160 3782 1351 3836 Annon
1398 3779 1571 3849 palam
1602 3786 1683 3833 est
1709 3777 1759 3832 id
1804 3776 1925 3832 ideo

277 3930 285 3949 ,
334 3881 454 3937 illas
479 3880 670 3936 fecisse
693 3920 709 3946 ,
742 3887 799 3933 ut
835 3876 1091 3948 hymnum
1120 3872 1375 3928 oﬁ‘erreut
1403 3869 1693 3926 Trinitati?
1722 3867 1925 3924 Idcirco

334 3975 568 4031 Joannes
599 3972 650 4028 id
676 3972 743 4027 de
770 3970 904 4027 Filio
932 3968 1131 4024 dictum
1176 3966 1337 4020 fuisse
1364 3963 1457 4030 ait,
1502 3963 1675 4018 Lucas
1703 3977 1830 4017 vero
1859 3960 1926 4016 de

338 4069 564 4141 Spiritu,
597 4065 855 4138 propheta
886 4062 1103 4118 demum
1132 4058 1201 4115 de
1231 4058 1411 4113 Patre.
1461 4056 1592 4124 Quae
1635 4063 1928 4125 sequuntur

337 4174 514 4217 autem
538 4159 676 4214 hanc
696 4156 851 4212 nobis
871 4154 1144 4222 insinuapt
1158 4150 1496 4206 sententiam.
1522 4148 1650 4202 Post
1672 4146 1925 4218 hymnum

338 4256 483 4312 enim
510 4252 832 4308 addiderunt
865 4268 878 4305 :
912 4247 1075 4301 Plena
1107 4256 1189 4300 est.
1217 4243 1379 4300 omnis
1418 4252 1551 4297 terra
1588 4241 1753 4312 gloria
1794 4240 1925 4309 ejus.

340 4347 400 4405 Id
446 4344 586 4417 quod
618 4352 882 4397 accurata:
908 4337 1205 4409 prophetia:
1229 4343 1366 4399 erat,
1394 4332 1624 4388 futuram
1651 4331 1927 4385 scientiam

341 4436 733 4511 praenuntiant,
768 4448 862 4503 per
887 4445 1045 4502 quam
1092 4429 1372 4483 universus
1418 4424 1564 4480 orbis
1615 4423 1712 4479 Dei
1759 4422 1928 4493 gloria

340 4530 582 4603 repletus
609 4535 693 4583 est
720 4542 733 4580 :
764 4540 885 4580 cum
913 4531 1098 4577 contra
1125 4521 1277 4587 olim,
1308 4527 1363 4574 et
1388 4533 1508 4574 cum
1539 4517 1654 4572 haec
1682 4517 1927 4572 diceren-

342 4634 452 4689 tur,
501 4635 606 4675 non
651 4617 811 4674 modo
836 4616 1055 4686 reliquae
1084 4612 1230 4669 orbis
1261 4620 1463 4683 partes,
1508 4609 1604 4665 sed
1627 4608 1787 4665 etiam
1813 4608 1929 4680 ipsa

344 4715 647 4774 ludaaorum
690 4711 878 4781 regio,
928 4708 1091 4762 multa
1136 4705 1409 4777 impietate
1437 4703 1611 4774 plena:
1655 4709 1829 4766 erant,
1876 4710 1933 4757 et

342 4825 501 4866 nemo
530 4821 754 4877 usquam
787 4805 953 4859 Deum
998 4799 1349 4872 gloriﬁcabat.
1397 4796 1681 4864 Testisque
1706 4804 1789 4850 est
1817 4796 1930 4864 ipse

337 4902 608 4972 propheta
636 4900 818 4955 dicens
847 4914 861 4952 :
906 4895 1126 4967 Propter
1150 4910 1235 4948 vos
1273 4908 1457 4947 nomen
1500 4907 1667 4945 meum
1695 4888 1931 4958 blasphe-

344 5005 514 5051 matur
533 4996 585 5047 in
616 4993 843 5064 gentibus
875 4988 1026 5063 (Isai.
1053 4988 1142 5044 52.
1173 4987 1251 5058 5).
1280 4983 1627 5054 Quandonam
1656 4984 1815 5054 igitur
1840 4983 1932 5037 im-

348 5086 490 5156 pleta
512 5092 595 5139 est
620 5093 759 5138 terra
782 5082 947 5151 gloria
970 5079 1121 5149 ejus?
1141 5078 1274 5132 Cum
1302 5076 1390 5132 hic
1414 5075 1643 5148 hymnus
1664 5076 1713 5128 in
1738 5084 1932 5129 terram

345 5178 558 5234 delatus
600 5186 683 5231 est
706 5217 721 5241 ,
757 5174 1105 5241 hominesque
1150 5170 1204 5225 in
1235 5178 1375 5224 terra
1401 5167 1557 5238 positi
1583 5180 1931 5237 supernarum

345 5274 601 5328 virtutum
643 5268 810 5323 choro
854 5264 1086 5335 adjuncti
1135 5270 1291 5325 sunt,
1340 5274 1603 5329 unamque
1648 5257 1932 5313 melodiam

349 5365 674 5429 retulerunt,
700 5371 753 5416 ct
777 5359 1100 5429 conjunctim
1133 5357 1297 5411 Deum
1320 5352 1679 5410 celebrarunt.
1709 5349 1861 5419 Quod
1886 5350 1934 5405 si

349 5455 568 5514 Judaeus
599 5455 683 5510 his
708 5452 1047 5522 impudenter
1070 5448 1329 5513 obsistat,
1360 5445 1557 5501 indicet
1596 5442 1933 5514 quandonam

352 5548 527 5601 omnis
556 5556 697 5601 terra
717 5543 887 5615 gloria
914 5542 1029 5611 ejus
1055 5540 1258 5610 repleta
1283 5538 1385 5602 sit;
1414 5537 1515 5592 hac
1535 5550 1724 5605 nempe
1744 5533 1933 5605 gloria,

354 5653 472 5705 qum
500 5652 564 5692 ex
596 5637 899 5707 cognitione
926 5630 1300 5704 proﬁciscitur.
1329 5628 1437 5685 Sed
1452 5642 1737 5697 numquam
1759 5634 1938 5682 osten-

355 5729 521 5797 derit,
545 5729 753 5785 etiamsi
794 5726 1092 5785 sexcenties
1140 5720 1523 5797 impudentiam
1546 5734 1695 5781 suam
1724 5716 1936 5792 prodat.

2024 370 2078 424 4.
2109 368 2175 422 Et
2200 370 2441 424 eleuatum
2466 382 2541 425 est
2564 372 2950 441 cupa-liminum
2970 387 3001 426 a
3020 387 3157 439 voce,
3182 388 3281 443 qua
3307 376 3635 431 clamabam.

2025 458 2215 514 Vidisti
2260 462 2558 532 prophetiae
2587 461 2898 517 facilitatem
2923 502 2940 529 ,
2971 478 3059 519 res
3103 464 3246 534 ipsas
3291 466 3391 521 sibi
3431 478 3638 521 mutuo

2022 551 2390 607 cohaerentes?
2413 552 2543 607 Nam
2574 562 2696 623 post
2725 553 2868 608 hunc
2908 553 3163 625 hymnum
3187 596 3202 620 ,
3233 570 3353 611 cum
3395 557 3636 628 impleta

2024 654 2163 700 esset
2190 653 2331 700 terra
2355 647 2521 716 gloria
2544 648 2681 717 ejus,
2708 646 2927 704 Iudaica
2954 649 3133 704 omnia
3153 660 3451 721 cessarunt,
3470 652 3632 724 quod

2023 736 2196 808 ipsum
2225 740 2461 795 ostendit
2488 755 2584 810 per
2611 742 2874 797 elevatum
2902 744 3327 812 superliminare.

2091 830 2146 885 4.
2187 829 2299 886 Hoc
2327 832 2522 902 quippe
2550 834 2760 903 signum
2796 844 2912 890 erat
2948 835 3293 893 desolationis
3341 849 3397 895 et
3436 840 3633 895 eversi

2021 921 2238 989 templi;
2262 923 2465 993 templo
2495 934 2673 979 autem
2700 925 2768 981 de
2796 926 2977 982 medio
3002 927 3233 995 sublato,
3263 930 3365 985 alia
3396 932 3636 1001 insuper

2020 1015 2199 1069 omnia
2218 1027 2581 1072 cessaverunt.
2606 1016 2677 1074 Ut
2694 1028 2871 1075 autem
2888 1020 3062 1076 discas
3078 1021 3285 1078 Novum
3301 1023 3637 1081 Testamen-

2021 1112 2135 1159 tum
2160 1106 2445 1177 abrogasse
2475 1108 2663 1176 Vetus,
2689 1110 2732 1164 A
2757 1126 2893 1176 voce,
2923 1112 3112 1183 inquit,
3145 1114 3388 1168 eleuatum
3418 1126 3494 1171 est
3525 1132 3633 1171 su-

2021 1197 2376 1267 perliminare;
2402 1199 2453 1254 id
2484 1211 2584 1267 est,
2612 1216 2677 1257 eo
2700 1203 2841 1273 quod
2873 1202 2989 1259 base
3026 1206 3341 1275 gloriﬁcatio
3379 1209 3639 1266 advene-

2019 1290 2108 1352 rit,
2132 1300 2189 1345 et
2213 1293 2383 1361 gratia
2412 1291 2693 1361 elfulserit,
2724 1295 2999 1366 gloriaque
3028 1296 3193 1353 effusa
3223 1300 3293 1353 sit
3319 1316 3413 1370 per
3439 1310 3632 1358 totum

2019 1380 2226 1450 orbem,
2260 1383 2463 1439 umbrat
2504 1384 2776 1455 dissipatae
2805 1396 2948 1442 sunt.
2981 1386 3051 1442 Et
3091 1390 3271 1445 domus
3312 1392 3505 1462 repleta
3548 1404 3634 1448 est

2018 1476 2183 1548 fumo.
2230 1475 2344 1532 Hoc
2370 1492 2581 1548 quoque
2610 1479 2739 1534 mihi
2784 1479 2992 1536 videtur
3035 1482 3243 1553 signum
3287 1499 3407 1541 esse
3446 1486 3632 1543 futuri

2017 1567 2135 1637 ejus
2163 1569 2373 1635 excidii,
2400 1570 2643 1641 ignisque
2664 1571 2947 1637 barbarici,
2977 1576 3401 1649 atrocissimique
3424 1580 3634 1637 incen-

2018 1656 2113 1712 dii.
2146 1658 2199 1713 5.
2229 1658 2297 1712 Et
2326 1659 2433 1714 dixi
2453 1676 2473 1715 :
2497 1659 2542 1715 0
2563 1678 2642 1717 me
2662 1659 2938 1717 miserum!
2960 1665 3080 1734 quia
3108 1678 3436 1732 compunctus
3469 1687 3626 1733 sum,

2017 1748 2135 1818 quia
2165 1749 2314 1805 homo
2333 1767 2447 1805 cum
2474 1753 2590 1819 sim,
2618 1764 2665 1806 et
2691 1752 2953 1808 immunda
2980 1755 3113 1810 labia
3138 1757 3362 1825 habeam,
3394 1762 3447 1815 in
3498 1779 3631 1817 me-

2018 1842 2103 1897 dio
2128 1844 2306 1913 populi
2326 1845 2589 1899 immunda
2617 1846 2751 1900 labia
2777 1847 3005 1903 habentis
3032 1865 3124 1921 ego
3153 1849 3401 1912 habito,et
3426 1851 3628 1907 Domi-

2018 1949 2138 1988 num
2165 1934 2393 1990 Sabaoth
2411 1938 2427 1968 ¹
2455 1937 2557 1991 vidi
2595 1938 2757 1993 oculis
2785 1940 2926 1994 meis.
2962 1940 3090 1997 Haec
3118 1941 3253 1997 visio
3290 1945 3628 2015 prophetam

2017 2028 2297 2095 exterruit,
2328 2028 2705 2101 expergefecit,
2736 2031 2786 2085 in
2814 2047 3060 2103 magnam
3101 2032 3436 2091 formidinem
3480 2053 3632 2093 con-

2015 2116 2167 2189 jecit,
2185 2118 2253 2174 ad
2281 2120 2673 2177 confessionem
2698 2125 3216 2195 perpulit,vilitatem
3239 2130 3465 2199 propria:
3484 2130 3633 2186 sub-

2019 2212 2228 2267 stantiae
2258 2221 2313 2267 ut
2347 2213 2539 2269 melius
2592 2224 2941 2285 cognosceret
2978 2215 3173 2272 effecit.
3210 2217 3366 2275 Tales
3410 2222 3631 2292 quippe

2018 2313 2145 2360 sunt
2171 2306 2338 2360 sancti
2368 2321 2590 2362 omnes:
2613 2306 2826 2378 quando
2864 2308 3055 2379 majori
3100 2308 3347 2366 fruuntur
3373 2309 3626 2378 honore,

2019 2403 2146 2453 tunc
2170 2399 2337 2469 magis
2363 2398 2727 2454 humiliantur.
2769 2399 2860 2455 Sic
2888 2410 2943 2456 et
2980 2400 3249 2456 Abraham
3276 2403 3444 2458 Deum
3478 2404 3634 2458 al'lo-

2019 2504 2209 2560 quens,
2244 2499 2441 2545 terram
2464 2500 2519 2547 et
2540 2492 2775 2548 cinerem
2804 2492 3040 2563 seipsum
3081 2494 3305 2549 vocabat
3331 2493 3487 2564 (Gen.
3522 2496 3629 2551 18.

2019 2586 2146 2656 27);
2176 2588 2253 2641 sic
2279 2595 2333 2641 et
2360 2587 2556 2643 Paulus
2602 2587 2816 2659 quando
2867 2589 3071 2644 visione
3114 2588 3202 2643 illa
3231 2588 3479 2660 dignatus
3507 2602 3631 2653 est.

2021 2689 2147 2735 tunc
2166 2680 2461 2735 abortivum
2489 2696 2547 2737 se
2574 2682 2866 2751 nominavit
2885 2680 2959 2754 (ι.
2982 2680 3101 2738 Cor.
3133 2684 3323 2754 15.8);
3356 2684 3421 2737 ita
3442 2693 3500 2739 et
3535 2684 3636 2740 hic

2021 2784 2081 2826 se
2134 2772 2387 2849 miserum
2427 2771 2718 2841 praedicat,
2764 2772 2937 2843 primo
2976 2789 3043 2828 ex
3089 2782 3273 2828 natura
3325 2774 3509 2829 'iicens
3534 2794 3551 2829 :
3586 2777 3637 2829 Ο

2022 2880 2103 2917 me
2122 2864 2392 2918 miserum!
2410 2865 2528 2934 quia
2551 2874 2879 2934 compunctus
2897 2881 3029 2933 sum,
3051 2866 3169 2937 quia
3193 2866 3464 2921 homocum
3494 2869 3639 2932 aint;

2022 2955 2214 3012 deinde
2262 2955 2332 3011 ab
2377 2956 2539 3011 animi
2591 2957 2918 3023 conditione,
2962 2955 3031 3011 Et
3061 2958 3263 3027 impura
3312 2957 3641 3012 labia'cum

2022 3048 2252 3103 habeam.
2282 3049 2488 3120 [mpura
2514 3048 2650 3105 labia
2677 3063 2773 3104 sua
2800 3049 3026 3115 vocavit,
3056 3058 3114 3104 ut
3139 3064 3240 3119 ego
3268 3050 3549 3111 existimo,
3582 3058 3647 3113 in

2023 3140 2476 3210 comparationem
2505 3141 2653 3211 igniti
2680 3141 2789 3195 oris
2816 3140 3022 3195 illarum
3051 3155 3301 3211 purarum
3330 3141 3637 3207 virtutum,

2023 3241 2079 3288 et
2103 3233 2489 3289 accuratissimi
2510 3234 2652 3289 illius
2680 3233 2980 3289 ministerii.
3010 3231 3191 3303 Neque
3211 3234 3294 3291 hic
3321 3238 3494 3307 stetit,
3529 3236 3643 3290 sed

2026 3341 2123 3398 pro
2154 3334 2265 3381 toto
2292 3326 2487 3396 populo
2510 3326 2811 3392 conﬁtetur,
2832 3324 2946 3380 haec
2970 3324 3295 3395 subjungen.»
3318 3341 3331 3378 :
3357 3323 3427 3378 In
3452 3328 3647 3382 medio

2027 3419 2205 3489 pOpuli
2228 3418 2491 3473 immunda
2518 3417 2652 3473 labia
2673 3418 2899 3472 habentis
2918 3434 3009 3487 ego
3037 3418 3225 3472 habito.
3253 3417 3365 3485 Qua
3396 3432 3538 3472 vero
3564 3419 3648 3475 de

2026 3525 2185 3565 causa
2213 3510 2298 3566 hic
2328 3510 2465 3566 labia
2490 3511 2846 3566 criminatur?
2870 3509 2943 3566 Se
2970 3509 3156 3565 ﬁducia
3179 3510 3431 3581 loquendi
3449 3511 3648 3567 desu-

2029 3611 2199 3658 tutum
2230 3602 2538 3658 ostendens.
2566 3602 2696 3657 Nam
2727 3611 2834 3657 tres
2865 3601 2936 3656 illi
2966 3601 3116 3672 pueri
3135 3602 3236 3657 hoc
3257 3603 3427 3672 ipsum
3448 3616 3648 3673 prope

2029 3695 2297 3761 dicebant,
2338 3710 2458 3750 cum
2501 3705 2679 3750 essent
2709 3694 2762 3748 in
2802 3693 3054 3749 fornace:
3084 3691 3204 3748 Non
3233 3693 3346 3747 licet
3376 3694 3531 3747 nobis
3582 3711 3650 3749 σε

2028 3787 2224 3858 aperire
2253 3784 2413 3858 (Dan.
2439 3786 2493 3841 3.
2525 3784 2639 3858 38).
2680 3785 2747 3840 Et
2788 3798 2928 3840 nunc
2954 3783 3166 3855 quando
3206 3783 3541 3854 hymmrum
3588 3796 3653 3838 et

2030 3879 2246 3934 laudum
2278 3887 2485 3947 tempus
2508 3887 2645 3945 erat,
2689 3885 2745 3932 et
2780 3890 3041 3947 supernas
3079 3883 3371 3947 potestates
3399 3873 3653 3930 videbat

2031 3971 2133 4026 hoc
2157 3980 2393 4042 agentes,
2417 3969 2538 4041 jure
2572 3969 2641 4025 ad
2681 3969 2817 4025 labia
2854 3982 3156 4024 sermonem
3187 3967 3473 4030 convertit,
3506 3983 3655 4037 qua:

2030 4066 2261 4121 maxime
2294 4064 2361 4119 ad
2400 4064 2505 4120 hoc
2539 4062 2773 4119 ofﬁcium
2810 4070 3087 4117 vocantur.
3113 4058 3313 4114 Verum
3338 4055 3482 4113 labia
3533 4075 3653 4115 sua

2031 4157 2151 4212 ideo
2182 4155 2451 4211 immunda
2494 4154 2735 4220 vocavit;
2778 4153 2960 4225 populi
2995 4165 3125 4208 vero
3153 4150 3289 4205 labia
3328 4164 3436 4204 non
3470 4150 3651 4217 item,

2030 4252 2125 4307 sed
2155 4252 2278 4322 quia
2306 4250 2581 4321 iniquitate
2607 4248 2774 4304 multa
2798 4245 2988 4318 repleti
3016 4254 3187 4302 erant.
3216 4242 3283 4297 Et
3300 4242 3501 4313 Regem
3516 4242 3655 4297 Do-

2032 4346 2228 4400 minum
2261 4344 2365 4398 vidi
2391 4342 2551 4400 oculis
2580 4342 2725 4397 meis.
2755 4339 2882 4397 Ideo
2916 4352 3075 4411 gemo
3113 4345 3169 4393 et
3208 4337 3384 4407 lugeo,
3427 4335 3650 4405 inquit,

2032 4436 2174 4509 quod
2196 4435 2441 4507 indignus
2460 4435 2585 4491 licet
2606 4443 2811 4489 tantum
2834 4432 3092 4487 honorem
3111 4430 3212 4485 sim
3234 4438 3655 4499 consequutus,

2033 4528 2125 4600 qui
2155 4542 2330 4583 meam
2352 4527 2663 4598 dignitatem
2687 4533 2922 4596 superat,
2946 4537 3227 4593 meamque
3250 4529 3503 4577 naturam
3532 4538 3656 4577 ex-

2033 4618 2195 4675 cedit.
2223 4618 2357 4674 Cum
2383 4627 2561 4673 autem
2588 4616 2735 4683 dicit,
2764 4608 2896 4682 Vidi,
2918 4629 2986 4670 ne
3000 4623 3243 4669 exactam
3266 4612 3656 4684 cognitionem

2034 4720 2210 4784 putes,
2242 4710 2337 4767 sed
2364 4725 2484 4765 eam
2509 4710 2662 4779 cujus
2684 4708 2772 4764 ille
2796 4722 2965 4778 capax
2993 4714 3130 4761 erat.

2107 4804 2448 4877 Confessionis
2475 4803 2672 4857 lucrum
2707 4809 2970 4871 quantum.
2992 4827 3064 4838 —
3090 4797 3169 4852 Ac
3196 4793 3517 4852 consideres
3554 4811 3654 4853 ve-

2036 4897 2127 4953 lim
2158 4905 2412 4968 quantum
2440 4896 2511 4951 sit
2537 4892 2886 4950 confessionis
2912 4891 3137 4947 lucrum.
3176 4888 3423 4958 Seipsum
3471 4902 3654 4953 accu-

2036 4990 2192 5053 savit,
2217 4998 2271 5044 et
2291 4988 2471 5043 statim
2494 4986 2781 5041 mundatus
2828 4992 2929 5039 est.
2960 4981 3095 5049 Quia
3131 4980 3274 5037 enim
3305 4979 3421 5034 haec
3453 4982 3654 5038 verba

2036 5083 2347 5155 protulerat,
2379 5082 2430 5138 6.
2461 5081 2651 5135 Missus
2670 5090 2742 5135 est
2768 5079 2835 5133 ad
2864 5093 2962 5143 me,
2995 5076 3185 5146 inquit,
3213 5090 3345 5128 unus
3370 5088 3434 5127 ea:
3459 5073 3654 5129 Sera-

2038 5177 2198 5248 phim,
2231 5184 2276 5229 et
2304 5175 2356 5228 in
2383 5190 2537 5227 manu
2560 5189 2653 5227 sua
2690 5169 2899 5225 habebat
2926 5168 3210 5233 carbonem,
3240 5181 3386 5235 quem
3416 5180 3654 5236 accepe-

2037 5277 2117 5321 rat
2140 5267 2333 5339 forcipe
2357 5265 2419 5318 de
2441 5263 2609 5318 altari.
2633 5264 2686 5318 7.
2708 5262 2772 5316 Et
2794 5261 2950 5332 tetigit
2962 5276 3018 5314 os
3035 5274 3217 5323 meum,
3246 5266 3293 5311 et
3314 5256 3443 5310 diuit
3458 5271 3486 5310 :
3502 5256 3652 5315 Eca

2039 5358 2195 5430 tetigit
2224 5357 2329 5411 htec
2367 5354 2499 5409 labia
2525 5363 2632 5421 tua,
2662 5363 2712 5408 et
2735 5355 2927 5422 auferet
2951 5350 3235 5420 iniquitates
3274 5357 3409 5410 tuas,
3438 5353 3493 5399 et
3519 5366 3652 5418 pen

2040 5461 2152 5505 cata
2178 5461 2264 5503 tua
2288 5448 2538 5519 purgabit.
2569 5446 2797 5515 Quidam
2818 5444 3003 5500 dicunt
3043 5442 3158 5497 haec
3186 5440 3493 5496 futurorum
3525 5458 3652 5515 my.

2040 5545 2324 5602 steriorum
2348 5542 2591 5616 symbola
2611 5558 2765 5599 esse:
2795 5540 2964 5597 altare
2992 5554 3204 5609 nempe,
3235 5538 3411 5609 ignem
3434 5552 3652 5612 δυνος.

2110 5727 2128 5759 ί
2165 5724 2221 5777 in
2242 5720 2407 5776 Biblih
2420 5719 2624 5789 legitur,
2648 5729 2818 5785 Regem
2842 5718 3099 5771 Dominus:
3117 5717 3340 5768 Sabaoth.
