3674 6276
213 182 285 246 ’73

230 305 536 367 Ἰουδαϊκὸν,
561 302 767 375 φοϐερά
794 318 912 357 τινα
938 300 1296 370 ἀπαγγέλλων
1329 298 1424 353 καὶ
1453 297 1721 366 ἀφόρητα.
1743 290 1887 359 Πέμ-

220 420 382 457 πεται
417 401 593 457 τοίνυν
629 400 699 453 τὰ
733 399 1003 470 Σεραφὶμ,
1044 397 1184 451 ῶστε
1222 396 1388 467 φόϐου
1447 394 1540 447 καὶ
1572 387 1888 463 παρρησίας

226 497 383 552 ἀύτὸν
423 494 723 565 ἐμπλῆσαι.
761 495 872 548 Καὶ
929 494 1016 547 ἵνα
1076 493 1153 564 μὴ
1204 490 1595 563 προϐάλληται,
1637 485 1890 558 καθάπερ

224 588 480 662 Μωῦσῆς,
512 591 683 660 λέγων
712 590 1035 661 ἰσχνόφωνος
1065 586 1224 654 εἶναι,
1254 589 1347 641 καὶ
1375 586 1662 659 Ἱερεμίας,
1693 584 1892 639 νεώτε-

225 705 317 760 ρος
345 683 505 747 εἶναι,
527 685 668 739 οὕτω
693 688 784 740 καὶ
810 682 961 749 οὗτος
987 684 1273 756 ἀκάθαρτα
1303 682 1456 753 χείλη
1489 682 1657 752 ἔχειν,
1692 678 1788 733 καὶ
1819 677 1893 748 μὴ

222 754 479 837 δύνασθαι
519 781 834 853 διακονῆσαι
870 784 981 845 τοῖς
1017 754 1362 851 λεγομένοιςο
1394 777 1611 848 ἔρχεται
1637 776 1705 830 τὰ
1736 754 1908 846 Σερα-ί

226 880 333 950 φἰμ
374 877 768 953 ἐκκαθαίρονται
811 877 977 933 αὑτοῦ
1024 876 1094 931 τά
1136 875 1531 948 ἁμαρτήματα,
1577 873 1679 927 ούκ
1720 871 1896 943 οἰκείᾳ

226 974 449 1044 δυνάμει
475 974 654 1046 (τοῦτο
680 975 788 1045 γὰρ
812 974 1024 1045 Πατρὸς
1051 974 1142 1027 καὶ
1169 972 1300 1026 Υἰοῦ
1331 973 1425 1027 καὶ
1452 971 1609 1040 ἁγίου
1651 968 1898 1039 Πνεύμα-

227 1088 318 1133 τος
360 1070 562 1141 μόνον),
592 1070 704 1123 ἀλλ’
730 1070 1081 1141 ὲπιτάγματι,
1127 1070 1220 1122 καὶ
1261 1068 1405 1122 δόσει
1439 1067 1549 1121 τῶν
1589 1066 1893 1137 ἀνθράκων.

229 1165 306 1217 Οὐ
361 1166 469 1237 γὰρ
520 1161 692 1233 εἶπεν,
732 1164 862 1218 Ἰδοὺ
903 1164 1121 1234 ἀφαιρῶ
1160 1161 1295 1233 ἐγὼ,
1345 1162 1480 1227 ἀλλ’,
1527 1160 1682 1216 Ἰδοὺ
1722 1158 1897 1214 τοῦτο

230 1262 557 1331 ἀφαιρεῖται
592 1263 699 1329 τὰς
737 1263 988 1331 ἀνομίας
1020 1277 1158 1326 σου,
1204 1262 1302 1315 καὶ
1335 1261 1440 1326 τὰς
1472 1258 1757 1329 ἁμαρτίας
1781 1273 1897 1312 σου

231 1358 648 1428 περικαθαριεῖ,
683 1358 769 1411 διὰ
804 1357 865 1410 16
899 1357 1179 1427 ἐπίταγμα
1226 1355 1321 1408 τοῦ
1359 1353 1691 1425 πέμψαντος.
1741 1355 1784 1406 Τ
1792 1354 1898 1418 ίνος

231 1455 287 1507 δὲ
320 1455 502 1509 ἕνεκεν
528 1456 584 1506 ὲν
606 1456 672 1524 τῇ
699 1453 873 1507 λαϐίδι
918 1453 985 1505 τὰ
1029 1452 1278 1525 Σεραφὶμ
1313 1451 1473 1504 ἔλαϐε
1495 1451 1586 1504 τὸν
1615 1450 1894 1521 ἀνθρακα;

232 1552 306 1603 U6
334 1552 441 1623 γὰρ
466 1551 530 1622 δή
568 1553 601 1623 ή
625 1550 915 1622 ἀσώματος
942 1549 1172 1620 δύναμις
1194 1547 1652 1618 ἐγκατακαίεσθαι
1676 1546 1899 1618 ἔμελλεν

234 1647 341 1700 ὑπὸ
365 1647 472 1701 τῶν
503 1645 808 1719 ἀνθράκων.
847 1647 1003 1711 Τίνος
1037 1646 1224 1700 ’ἐνεκεν
1249 1643 1424 1699 ταῦτα
1454 1644 1740 1713 γεγένηται
1762 1661 1776 1708 ;
1802 1643 1903 1696 Διά

235 1744 439 1815 πολλὴν
469 1743 897 1813 συγωτάϐασιν.
929 1742 1029 1797 Διά
1056 1743 1118 1812 δὴ
1153 1741 1309 1795 τοῦτο
1340 1742 1433 1796 καί
1454 1740 1563 1793 ἀπὸ
1586 1739 1680 1792 τοῦ
1712 1740 1903 1792 θυσια-

237 1841 459 1913 στηρίου
496 1838 790 1910 λαμϐάνει,
840 1837 970 1891 ἔνθα
1013 1839 1072 1891 αἰ
1130 1836 1310 1891 θυσίαι
1358 1836 1777 1907 προσεφέροντο,
1809 1835 1904 1888 καὶ

234 1940 285 1992 οἰ
332 1936 609 2008 καθαρμοὶ
660 1936 767 1989 τῶν
811 1932 1243 2006 ἁμαρτημάτων.
1297 1933 1362 1986 Εἰ
1415 1933 1474 1986 δὲ
1529 1932 1727 2001 λέγοις,
1780 1931 1905 1994 Πῶς

236 2035 298 2088 τὸ
339 2035 513 2103 στόμα
562 2033 623 2086 06
680 2032 925 2101 κατεκάη
985 2030 1081 2083 τοῦ
1134 2030 1459 2101 προφήτου;
1518 2029 1749 2099 μάλιστα
1809 2028 1906 2099 μὲν

236 2130 320 2181 ὅτι
362 2128 482 2180 οὐδὲ
534 2126 647 2197 πῦρ
695 2125 951 2194 αίσθητδν
1002 2120 1071 2196 ἦν
1115 2124 1175 2176 16
1223 2123 1573 2194 φαινόμενον·
1615 2123 1791 2186 ἄλλως
1827 2123 1903 2188 δὲ,

238 2208 377 2277 ὂταηῖ
400 2225 429 2276 6
454 2223 584 2285 Θεὸς
610 2221 910 2292 ἐργάζηται
944 2237 1015 2287 τι,
1045 2220 1120 2292 μὴ
1152 2219 1615 2291 πολυπραγμόνει,
1651 2219 1785 2290 μηδὲ
1815 2236 1909 2272 πε-

241 2319 553 2391 ριεργάζου.

312 2425 372 2470 ε’.
398 2417 507 2471 Καὶ
536 2415 644 2488 γὰρ
673 2412 928 2484 ἐνεργοῦν
965 2414 1058 2468 καὶ
1084 2413 1339 2485 αἰσθητὸν
1372 2412 1481 2485 πῦρ
1513 2411 1757 2484 σώμασιν
1783 2413 1907 2483 όμι-

241 2513 435 2583 λῆσαν,
458 2512 523 2564 τὰ
555 2510 649 2563 τοῦ
681 2510 850 2582 πυρὸς
881 2508 980 2562 οὐκ
1001 2508 1331 2575 ἐπεδείξατο.
1361 2509 1425 2561 Εἰ
1449 2508 1505 2561 δὲ
1537 2508 1664 2561 ἔνθα
1698 2494 1923 2588 κλημαέ

242 2611 386 2673 τίδες
418 2610 512 2663 καὶ
539 2608 727 2668 πίσσα,
754 2606 855 2676 τῆς
882 2606 1087 2668 οἰκείας
1116 2604 1410 2658 ἐπελάθετο
1443 2603 1656 2673 φύσεως
1684 2605 1717 2674 ἡ
1756 2604 1907 2673 φλὸξ,

243 2705 297 2759 τί
332 2704 651 2776 θαυμάζεις,
671 2704 719 2756 εἰ
746 2702 840 2756 νῦν
862 2701 1129 2771 τοσαύτης
1148 2700 1599 2772 παραδοξοποιίας
1619 2701 1912 2771 γενομένης

245 2800 540 2871 ἐκάθηρεν,
563 2798 677 2853 ἀλλ’
712 2798 813 2851 ούκ
842 2798 1038 2851 ἔκαυσε
1073 2797 1220 2849 τουτὶ
1258 2796 1318 2848 16
1348 2795 1492 2867 πῦρ;
1530 2797 1641 2849 Καὶ.
1678 2795 1915 2863 ἥκουσα

245 2897 358 2965 τῆς
383 2894 591 2966 φωνῆς
617 2894 841 2963 Κυρίου
874 2892 1194 2963 λέγοντος-⁸
1242 2892 1382 2945 Τίνα
1417 2891 1734 2947 ἀποστελῶ
1757 2931 1772 2955 ,
1818 2892 1914 2945 καὶ

247 2995 343 3061 τίς
382 2993 741 3062 πορεύσεται
783 2990 934 3059 πρὸς
958 2990 1067 3044 τὸν
1085 2989 1234 3043 λαὸν
1268 2989 1513 3053 τοῦτον;
1551 2989 1713 3061 Ὁρᾷς
1754 2991 1917 3042 πόσον

249 3093 446 3163 ήνυσεν
479 3092 512 3162 η
539 3090 682 3160 ὄψις,
725 3089 888 3141 πόσον
919 3087 1280 3159 κατώρθωσεν
1310 3088 1338 3140 6
1360 3086 1552 3156 φόϐος;
1584 3086 1696 3159 [70]
1726 3086 1917 3140 Καίτοι

248 3204 313 3257 γε
360 3188 457 3241 καλ⁵
488 3188 580 3240 ἐπὶ
613 3184 891 3247 Μωῢσέως
943 3183 1185 3237 τοιοῦτόν
1223 3200 1276 3236 τι
1308 3183 1564 3252 γέγονεν·
1610 3184 1658 3235 εί
1698 3183 1807 3255 γὰρ
1842 3182 1916 3253 μὴ

248 3282 501 3355 Σεραφὶμ
531 3281 728 3352 ἐφάνη,
764 3280 897 3351 μηδὲ
929 3279 1089 3342 αὐτὸς
1120 3278 1211 3332 ἐπὶ
1228 3278 1416 3349 θρόνου
1448 3277 1776 3349 καθήμενος,
1801 3277 1917 3333 ἀλλ’

252 3379 401 3449 ὅμως
429 3376 615 3447 ἕτερον
633 3374 934 3447 παράδοξον
961 3373 1138 3444 θέαμα
1154 3374 1274 3426 τότε
1300 3373 1513 3444 ἐδείχθη
1535 3373 1613 3445 τῷ
1640 3375 1915 3445 προφήτῃ,

254 3472 349 3529 καὶ
367 3470 627 3535 τοιοῦτον,
665 3468 738 3533 ὡς
770 3469 976 3542 μηδένα
994 3468 1311 3539 ἀντιϐλέψαι
1329 3468 1623 3540 δυνηθῆναι
1642 3467 1719 3539 τῷ
1734 3485 1915 3537 φαινο-

256 3568 423 3640 μένῳ.
449 3568 519 3622 Ἡ
530 3566 642 3638 γὰρ
655 3565 853 3632 ,ϐάτος
865 3566 1120 3631 ἐκαίετο,
1141 3565 1297 3636 φησὶ,
1319 3565 1419 3619 καί
1451 3568 1523 3619 οὐ
1549 3566 1915 3619 κατεκαίετο.

269 3667 404 3720 Ἀλλ’
426 3667 576 3737 ὅμως
596 3664 690 3719 καὶ
730 3665 845 3734 μετ’
872 3664 1055 3717 ἐκεῖνα
1109 3664 1204 3716 καὶ
1258 3661 1358 3734 τὴν
1400 3663 1601 3735 πολλὴν
1649 3662 1744 3716 τοῦ
1786 3662 1918 3716 Θεοῦ

256 3760 579 3832 παραίνεσιν
603 3761 632 3814 6
671 3758 844 3829 μέγας
878 3755 1165 3811 ἀναδύεται
1192 3756 1453 3829 Μωῦσῆς,
1481 3758 1575 3811 καὶ
1599 3759 1918 3828 σκήπτεται,

256 3858 351 3912 καὶ
398 3855 598 3928 μυρίας
630 3854 835 3908 ἐπινοεί
882 3854 1186 3925 προφάσεις
1239 3853 1644 3925 παραιτήσεως,
1698 3852 1873 3921 λέγων
1905 3869 1919 3885 ο

270 3952 672 4024 Ἰσχνόεσωνός
698 3953 815 4021 εἰμι
848 3949 948 4004 καί
968 3949 1483 4019 βραδύγλωσσος·
1528 3951 1643 4015 καὶ,
1678 3949 1924 4019 Προχεί-

251 4065 422 4120 ρισαι
463 4047 547 4103 σὺ
578 4047 797 4110 ἄλλον,
827 4045 900 4099 ὃν
935 4043 1387 4111 ὲξαποστελεῖς.
1426 4045 1536 4098 Καὶ
1571 4044 1836 4117 Ἱερεμίας
1867 4045 1923 4099 δὲ

257 4146 359 4218 τήν
399 4144 615 4217 ήλικίαν
660 4140 1042 4215 προϐάλλεται.
1098 4141 1208 4195 Καὶ
1254 4140 1515 4213 Ἰεζεκιὴλ
1566 4142 1624 4196 δὲ
1674 4143 1813 4214 μετά
1867 4144 1925 4196 16

260 4239 638 4310 κελευσθῆναι,
664 4238 804 4291 ἑπτὰ
846 4236 1111 4309 διατρίϐει
1144 4238 1272 4308 περὶ
1295 4237 1386 4290 τὸν
1418 4239 1658 4309 ποταμὸν
1692 4239 1924 4309 ἡμέρας,

259 4335 621 4407 ἀναδυόμενος
649 4334 743 4387 καὶ
770 4333 964 4386 ὀκνῶν.
991 4331 1081 4386 Διδ
1115 4332 1207 4385 καὶ
1233 4332 1332 4403 τὴν
1362 4334 1674 4406 παραϐολὴν
1711 4337 1924 4408 ἐκείνην

264 4432 601 4506 προσέθηκεν
628 4425 657 4485 6
684 4426 815 4494 Θεὸς
832 4429 1005 4498 λέγων
1028 4446 1043 4462 ο
1065 4428 1304 4483 Σκοπὸν
1329 4429 1561 4483 δέδωκὰ
1580 4446 1653 4485 σε
1686 4431 1765 4498 τῷ
1788 4433 1931 4497 οἴκῳ

268 4532 557 4610 ,Ἰσραήλο
583 4530 798 4597 καὶ,ὃτι
851 4529 971 4599 Τὴν
1006 4528 1218 4598 ψυχὴν
1247 4528 1447 4584 αὐτῶν
1476 4529 1544 4583 ἐκ
1578 4531 1777 4601 χειρός
1810 4544 1929 4587 σου

265 4632 590 4702 ἐκζὴτήσω.
635 4631 819 4695 Ἰωνᾶς
846 4630 903 4683 δὲ
936 4630 998 4683 ού
1030 4630 1191 4701 μόνον
1234 4632 1584 4702 παρῃτήσατο
1608 4671 1624 4698 ,
1672 4630 1807 4684 ἀλλά
1838 4632 1933 4684 καί⁸

268 4729 653 4801 ὲδραπέτευσε.
685 4728 751 4781 Τί
779 4722 872 4781 οὖν
897 4744 912 4793 ;
941 4726 1339 4799 τολμηρότερος
1378 4727 1595 4781 πάντων
1619 4729 1647 4781 6
1684 4726 1930 4792 Ἡσαΐας,

270 4830 366 4882 καὶ
407 4826 684 4889 Μωῦσέως
718 4823 813 4877 τοῦ
862 4824 1129 4895 μεγάλου;
1173 4824 1283 4878 Καὶ
1330 4823 1412 4886 τίς
1449 4823 1516 4878 ἂν
1560 4823 1716 4877 τοῦτο
1741 4823 1932 4893 εἴποις

217 4908 222 4914 ’
272 4924 444 4979 Πόθεν
476 4920 568 4976 οῦν
596 4922 947 4991 κελευόμενος
987 4921 1193 4981 ἐκεῖνος
1246 4919 1518 4981 ἀνεδύετο,
1575 4914 1728 4982 οὗτος
1765 4919 1821 4972 δὲ
1860 4920 1934 4991 μὴ

274 5018 522 5090 φανερῶς
551 5013 826 5083 ὲπιταγεὶς
852 5014 1204 5084 εἰσεπήδησεν
1224 5030 1239 5079 ;
1258 5013 1390 5066 Οὐδὲ
1417 5013 1522 5082 γὰρ
1542 5010 1694 5068 εἶπεν
1712 5017 1937 5080 ,Ἂπελ-

275 5112 519 5173 θεέάλλά
553 5110 643 5165 τοῦ
683 5110 815 5163 Θεοῦ
842 5110 1110 5178 λέγοντος,
1159 5112 1299 5163 Τίνα
1328 5110 1676 5173 ἀποστελῶ;
1721 5116 1726 5140 λ

484 5112 519 5166 ἀ
553 5110 643 5165 τοῦ
683 5110 815 5163 Θεοῦ
842 5110 1110 5178 λέγοντος,
1159 5112 1299 5163 Τίνα
1328 5110 1676 5173 ἀποστελῶ;
1721 5112 1933 5181 ἥρπασε

276 5213 337 5267 16
368 5212 663 5281 ἐπίταγμα.
704 5208 861 5271 Τινὲς
900 5207 998 5278 μὲν
1023 5203 1116 5261 οῦν
1142 5223 1324 5275 φασιν,
1372 5208 1452 5261 ὃτι
1475 5206 1662 5279 ἐπειδὴ
1694 5208 1932 5281 ἥμαρτε,

277 5309 367 5363 τὸν
398 5307 576 5373 ὐζίαν
595 5306 696 5359 οὐκ
724 5303 949 5374 ἐλέγξας
981 5302 1406 5374 κατατολμῶντα
1421 5304 1528 5360 τῶν
1554 5305 1780 5369 ἀδύτων,
1798 5308 1935 5379 ὑπὲρ

279 5406 493 5476 ἐκείνης
534 5404 853 5476 βουλόμενος
894 5403 1335 5474 ἀπολογήσασθαι
1375 5406 1474 5475 τῆς
1525 5407 1816 5479 ἁμαρτίας,
1869 5413 1933 5481 τῇ

283 5502 421 5576 μετά
451 5501 622 5555 ταῦτα
647 5500 924 5574 προθυμίᾳ
950 5501 1047 5571 τῆς
1086 5500 1332 5571 ὑπακοῆς
1372 5502 1679 5573 ὲπεπήδησε
1708 5504 1914 5574 ταχέως

277 5595 323 5649 ὤ
334 5611 415 5649 στε
438 5594 817 5659 ἐξιλεώσασθαι
850 5600 932 5655 τὸν
954 5599 1104 5657 Θεόν.
1121 5599 1216 5655 Διὰ
1233 5600 1340 5672 γὰρ
1361 5600 1516 5657 τοῦτο
1534 5602 1624 5657 καὶ
1652 5599 1934 5673 ἀκάθαρτα

1002 185 1061 242 S.
1097 182 1381 242 JOANNIS
1416 169 1903 237 CHRYSOSTOMI
1940 167 2259 226 ARCIHEI’.
2298 160 2845 225 CONSTANTINOP.
3578 155 3622 210 7.

1986 292 2059 345 τὰ
2104 292 2256 363 χείλη
2298 291 2465 346 αὐτοῦ
2499 292 2682 361 ἔλεγεν
2730 286 2903 359 εἶναι,
2944 289 3034 346 διὰ
3080 289 3144 345 16
3180 290 3622 363 ἀπαρρησίαστον

2004 386 2143 441 Ἀλλ’
2180 388 2280 441 οὐκ
2314 387 2382 444 ἂν
2431 389 2770 462 ἀνασχοίμην
2806 389 2916 443 τῶν
2951 387 3124 443 ταῦτα
3168 388 3465 457 λεγόντων·
3503 388 3622 452 ἀξιο

1991 486 2307 557 πιστότερος
2332 486 2441 557 γάρ
2456 485 2632 540 αὐτῶν
2648 488 2677 540 ό
2702 485 2935 549 Παῦλος,
2954 487 2984 540 ό
3001 484 3274 557 τολμητὴν
3292 484 3453 538 αύτδν
3471 484 3622 538 καλῶ

1992 585 2088 639 ναὶ
2116 585 2315 654 λέγων·
2352 588 2599 653 Ἡσαΐας
2620 587 2689 640 δὲ
2719 585 3029 656 ἀποτολμᾷ
3056 585 3154 639 καί
3192 584 3376 655 λέγει.
3402 586 3501 639 Διά
3522 584 3621 654 γοῦ

1992 676 2151 731 τοῦτο
2170 679 2290 732 οὐδὲ
2305 678 2383 750 τῷ
2413 679 2597 749 κοινῷ,
2626 679 2701 743 ῶς
2718 696 2869 750 φασι,
2897 678 3045 750 νόμῳ
3059 679 3156 750 τὴν
3174 678 3316 750 ζωὴν
3340 679 3622 732 κατέλυσεν

1994 773 2129 827 ἀλλὰ
2158 772 2544 845 χαλεπωτάτην
2570 773 2775 845 ὑπέστη
2803 774 3087 844 τιμωρίαν,
3118 773 3226 827 τῶν
3260 772 3533 826 Ἰουδαίων
3560 774 3618 824 o6

1995 874 2321 943 ἐνεγκόντων
2354 872 2518 927 αὑτοῦ
2565 873 2664 944 τὴν
2708 873 3040 945 παρρησίαν.
3073 873 3255 945 Χωρὶς
3298 872 3356 926 δὲ
3388 872 3595 925 τούτων

1994 947 2116 1023 όύδέ
2142 985 2305 1040 φησιν
2327 969 2362 1039 ή
2393 968 2582 1040 Γραφή
2612 986 2737 1035 που,
2767 969 2849 1023 ὅτι
2880 970 3082 1040 παρῆν,
3108 969 3273 1039 ήνίκα
3300 969 3369 1022 τά
3410 969 3551 1022 κατὰ
3570 968 3622 1021 16

2009 1065 2191 1131 Ὀζίαν
2219 1066 2455 1136 ἐγένετο,
2489 1067 2583 1120 καὶ
2608 1066 2796 1139 παρὼν
2820 1066 2997 1135 ἐσίγα,
3025 1066 3141 1120 ἀλλ’
3172 1064 3383 1121 οῐκοθεν
3412 1067 3508 1121 καὶ
3534 1084 3622 1137 παι

1998 1163 2205 1216 ἑαυτῶν
2231 1161 2403 1216 ταῦτα
2433 1162 2483 1216 οἰ
2512 1162 2762 1230 λέγοντες
2790 1163 3160 1233 στοχάζονται.
3192 1161 3260 1214 Τί
3288 1157 3381 1215 οῦν
3414 1162 3560 1215 ἔστιν
3585 1164 3622 1215 εἰ

1997 1260 2150 1325 πεῖνς
2183 1259 2306 1312 Ὅτι
2339 1258 2439 1312 οὐκ
2467 1253 2534 1329 ἢν
2557 1259 2671 1311 ἴσον
2706 1258 2769 1311 τὸ
2824 1259 3101 1323 Μωῡσέως
3139 1259 3233 1312 καὶ
3263 1257 3441 1311 τοῦτο.
3474 1258 3533 1311 '0
3565 1258 3622 1329 μὲ

1998 1355 2109 1427 γὰρ
2132 1357 2213 1419 εἰς
2241 1354 2525 1425 ἀλλοτρίαν
2571 1353 2850 1425 ἐπέμπετο
2881 1356 2975 1409 καὶ
3010 1356 3090 1418 εἰς
3143 1354 3419 1425 βάρϐαρον
3455 1353 3622 1426 χώραπ

1999 1452 2094 1507 καὶ
2122 1452 2257 1523 πρὸς
2280 1451 2561 1522 τύραννον,
2590 1450 2684 1504 καὶ
2718 1452 3059 1522 μαινόμενον,
3082 1452 3176 1506 καὶ
3189 1451 3465 1506 λυττῶντα
3484 1471 3496 1483 ·
3511 1448 3622 1507 οῦτι

1999 1549 2057 1602 δὲ
2086 1548 2222 1620 πρὸς
2253 1550 2381 1611 τοὺς
2422 1549 2675 1613 οἰκείους,
2711 1548 2806 1604 καὶ
2843 1548 3101 1613 πολλάκις
3129 1550 3449 1620 ἀκηκοότας,
3481 1551 3574 1603 καὶ
3606 1552 3622 1604 ἰ

2002 1644 2180 1716 πολλῷ
2206 1645 2591 1710 παιδευθέντας
2631 1647 2833 1719 χρόνῳο
2869 1648 2963 1701 καὶ
2991 1648 3052 1701 06
3082 1648 3181 1717 τῆς
3220 1648 3389 1717 αὐτῆς
3420 1648 3622 1719 ἀνδρεία

1999 1737 2070 1812 ἦν
2095 1741 2157 1795 τὸ
2186 1742 2489 1797 ὑπακοῦσαι
2518 1745 2636 1796 ἐκεῖ
2665 1760 2725 1796 τε
2757 1744 2852 1797 καὶ
2894 1744 3145 1799 ἐνταῦθα.
3178 1746 3335 1809 Τινὲς
3365 1746 3425 1799 δέ
3467 1763 3622 1815 φασιν

2001 1836 2084 1890 ὃτι
2113 1838 2207 1890 καὶ
2237 1838 2423 1910 ἔτερόν
2448 1856 2500 1892 τι
2541 1839 2690 1910 αύτῷ
2713 1840 2813 1912 τὴν
2852 1841 3160 1912 προθυμίαν
3196 1842 3418 1913 ἐποίησε
3443 1842 3622 1912 ταύτηε

2017 1934 2233 2005 Ἐπειδὴ
2254 1934 2364 2007 γάρ
2380 1935 2519 2007 ὑπέρ
2535 1953 2593 1989 τε
2621 1936 2813 1990 ἑαυτοῦ
2833 1937 2924 1991 καί
2945 1937 3037 1991 τοῦ
3054 1937 3184 1991 λαοῦ
3201 1937 3622 2008 ὲξωμολογήσατι

2004 2030 2100 2083 καλ¹
2129 2031 2195 2084 τὰ
2233 2032 2480 2102 Σεραφίμ
2510 2025 2647 2085 εἶδεν
2667 2031 3054 2095 ἀποσταλέντα,
3074 2033 3168 2085 καὶ
3188 2031 3565 2103 έκκαθάραντα
3582 2051 3622 2087 αν

2004 2128 2097 2181 τοῦ
2113 2128 2180 2182 τὰ
2190 2127 2363 2199 χείλη,
2379 2127 2776 2199 προσδοκήσας,
2789 2128 2868 2183 ὅτι
2886 2128 3073 2199 καὶτῷ
3088 2127 3200 2200 λαῷ
3215 2128 3387 2183 ταῦτα
3405 2146 3470 2183 συ
3478 2129 3621 2201 μϐήση

2005 2242 2114 2288 ται,
2142 2224 2423 2278 καὶταῦτα
2466 2224 2823 2278 ἀπελεύσεται
2851 2224 3225 2294 ἀπαγγέλλων,
3254 2224 3547 2296 προθύμως
3571 2228 3622 2297 ἧι

2007 2337 2147 2374 πασε
2168 2320 2227 2373 16
2259 2319 2681 2390 λεχθέν.Ὦσπερ
2703 2320 2810 2393 γὰρ
2835 2318 2948 2391 [71]
2967 2314 3106 2391 ἦσαν
3136 2320 3392 2390 φιλόθεοι,
3413 2320 3553 2375 οὕτω
3578 2341 3622 2376 κς

2009 2418 2350 2488 φιλόστοργοι
2385 2418 2620 2489 μάλιστα
2642 2416 2853 2472 πάντων
2876 2414 3180 2490 ἀνθρώπων
3206 2422 3255 2472 οἰ
3292 2420 3458 2488 ἆγιοι.
3500 2420 3622 2473 Ἐλπ

2010 2531 2109 2576 σας
2137 2509 2228 2568 οὖν
2254 2512 2405 2566 λύσιν
2420 2513 2542 2566 τινὰ
2564 2512 2671 2567 τῶν
2688 2511 2868 2566 κάκῶν
2884 2513 3234 2583 ἀπαγγελεῖν,
3250 2515 3496 2586 ὲπεπήδη
3505 2532 3558 2568 σε
3573 2533 3622 2569 1a

2010 2609 2169 2679 χέως,
2193 2610 2286 2663 καί
2307 2626 2471 2679 φησιν
2486 2625 2499 2637 ·
2529 2609 2672 2663 Ἰδοὺ
2692 2608 2952 2679 Malm,
2970 2611 3335 2665 ἀπόστειλόν
3344 2628 3443 2681 με.
3467 2613 3622 2665 Ἀλλα

2008 2705 2065 2758 δὲ
2080 2705 2172 2758 καὶ
2187 2705 2362 2777 ψυχὴν
2379 2706 2582 2777 σφόδρα
2598 2706 2732 2777 πρὸς
2744 2706 3020 2769 κινδύνους
3036 2707 3521 2780 παρατεταγμένην
3535 2705 3622 2778 εῐχί

2012 2802 2105 2857 καὶ
2122 2802 2276 2872 δῆλον
2310 2801 2472 2855 αὐτοῦ
2495 2801 2649 2855 τοῦτο
2663 2802 2723 2855 16
2743 2798 2873 2874 ἦθος
2894 2802 2980 2855 διὰ
2999 2803 3180 2874 πάσης
3205 2804 3302 2875 τῆς
3329 2805 3622 2877 προφητεία

2012 2896 2176 2951 ἐστίν.
2208 2898 2360 2950 Ἐπεὶ
2381 2892 2472 2950 οῦν
2487 2897 2752 2967 ὑπέσχετο
2782 2897 3194 2964 ἀπελεύσεσθαι,
3226 2901 3320 2953 καὶ
3356 2900 3458 2956 οὐκ
3476 2902 3622 2972 ὲτόλμ

2013 2992 2195 3047 λοιπὸν
2228 2992 2540 3057 ἀνανεῦσαι,
2571 2992 2689 3046 τότε
2712 2993 2897 3048 ἀκούει
2928 2995 2995 3048 τά
3022 2994 3255 3067 λυπηρά.
3294 2996 3404 3050 Καὶ
3434 2997 3541 3068 γὰρ
3575 3015 3622 3052 κε

2013 3092 2041 3143 6
2061 3090 2191 3154 Θεὸς
2210 3090 2369 3144 αὑτὸν
2396 3089 2574 3158 σοφῶς
2606 3091 2992 3161 μετεχείρισεν.
3018 3093 3090 3147 06
3117 3093 3225 3165 γάρ
3247 3094 3305 3159 ἐξ
3334 3095 3508 3166 ἀρχῆς
3530 3092 3621 3149 εἶπξ

2015 3185 2345 3257 Πορεύθητι,
2374 3186 2467 3240 καὶ
2504 3187 2659 3240 εἰπέ’
2691 3186 2824 3241 ἀλλά
2863 3189 3124 3260 πρότερον
3155 3189 3429 3261 μετέωρον
3452 3194 3622 3262 ποιήσι

2015 3280 2076 3335 16
2121 3283 2418 3354 ἐπίταγμα,
2470 3284 2565 3337 καὶ
2602 3283 2793 3353 ἄδηλον
2845 3285 2942 3352 τῆς
2975 3285 3275 3357 ἀποστολῆς
3320 3286 3415 3341 τὸν
3454 3288 3622 3361 τρόπο⁸

2029 3378 2244 3449 Ἐπειδὴ
2265 3376 2292 3415 ὶ)
2316 3379 2512 3450 ῥᾳδίως
2540 3380 2834 3451 ὑπήκουσε,
2854 3380 3000 3449 λέγει
3023 3381 3091 3436 τὰ
3114 3381 3531 3455 καταληψόμενα
3550 3386 3622 3437 τοί

2029 3474 2313 3539 Ἰουδαίους
2352 3474 2518 3531 κακά.
2550 3475 2684 3529 Τίνα
2722 3476 2779 3529 δὲ
2811 3475 2981 3530 ταῦτα
3011 3472 3108 3548 ἦνς
3140 3479 3486 3545 Πορεύθητι,
3516 3482 3621 3547 φησ

2018 3571 2117 3625 καί
2150 3571 2281 3626 είπὲ
2302 3570 2383 3637 τῷ
2408 3571 2535 3638 λαῷ
2560 3573 2748 3638 τούτῳ
2770 3588 2785 3604 ·
2829 3573 2883 3626 Ἀ
2896 3570 3009 3641 κοῇ
3041 3572 3349 3636 ἀκούσετε,
3379 3574 3481 3628 καί
3500 3576 3569 3628 οὐ
3584 3592 3622 3642 μ

2016 3667 2269 3738 συνῆτε·
2297 3667 2397 3722 καί
2423 3667 2762 3732 ,βλέποντες
2780 3665 3067 3736 βλέψετε,
3114 3667 3216 3721 καί
3258 3670 3329 3723 οὐ
3371 3668 3461 3739 μὴ
3489 3671 3622 3739 tam.

2031 3764 2368 3833 Ἐπαχύνθη
2402 3763 2512 3832 γὰρ
2548 3765 2587 3832 ἠ
2610 3762 2820 3832 καρδία
2839 3763 2945 3818 τοῦ
2981 3762 3134 3818 λαοῦ
3167 3765 3404 3828 τούτου,
3434 3767 3529 3823 καί
3552 3768 3622 3819 to}

2016 3858 2170 3913 ὠσὶν
2209 3852 2408 3913 αὐτῶν
2429 3858 2665 3927 ,βαρέως
2704 3857 3002 3927 ἥκουσαν,
3030 3860 3293 3927 καὶτοὺς
3331 3864 3621 3932 ὀφθαλμοί

2019 3954 2217 4009 αὐτῶν
2257 3953 2637 4022 ἐκάμμυσαν,
2666 3956 2899 4024 μήποτε
2934 3955 3105 4010 ιδωσι
3155 3956 3281 4024 τοῖς
3326 3959 3622 4029 ὀφθαλμοῆ

2022 4050 2119 4103 καί
2144 4050 2267 4115 τοῖς
2294 4050 2446 4104 ὠσὶν
2465 4048 2794 4114 ἀκούσωσι,
2816 4049 2913 4102 καὶ
2940 4048 3015 4119 τῇ
3040 4049 3253 4120 καρδίᾳ
3285 4053 3539 4121 συνῶσι,
3573 4072 3622 4109 κα

2021 4145 2447 4215 ἐπιστρέψωσι,
2478 4145 2576 4198 καί
2604 4139 2852 4214 ίάσωμαι
2874 4145 3114 4213 αὐτούς.
3146 4146 3331 4202 Ταῦτα
3357 4149 3475 4203 οὐδὲ
3501 4151 3622 4220 έρμτ

2023 4242 2172 4304 νείας
2205 4237 2357 4311 οἶμαι
2395 4240 2621 4307 δεῖσθαι,
2656 4238 2764 4293 τῶν
2797 4236 3040 4312 ἀκριϐῶς
3084 4239 3255 4297 ταῦτα
3281 4243 3618 4316 ὲπισταμένω

2024 4336 2399 4411 προλαϐόντων
2416 4338 2508 4391 καὶ
2542 4336 2965 4408 ἐξηγησαμένων
3003 4338 3161 4404 αὐτὰ,
3209 4339 3455 4394 Ἰωάννου
3497 4357 3554 4393 τε
3578 4356 3622 4393 τι

2039 4437 2155 4490 υίοῦ
2186 4437 2282 4507 τῆς
2313 4434 2562 4508 βροντῆς,
2593 4438 2688 4489 καλ¹
2715 4432 2930 4490 Παύλου
2956 4439 3051 4491 τοῦ
3086 4438 3154 4493 τὰ
3176 4439 3379 4495 παλαιά
3403 4440 3494 4494 καὶ
3519 4458 3622 4493 καιι

2028 4532 2165 4603 μετά
2190 4531 2476 4604 ἀκριϐείας
2494 4531 2713 4595 εἰδότος.
2729 4531 2787 4585 Ὅ
2803 4533 2898 4602 μὲν
2909 4532 3089 4617 γὰῇέν
3107 4537 3174 4605 τῇ
3200 4535 3382 4617 Ῥώμῃ
3404 4536 3537 4606 πρὸς
3552 4535 3622 4589 τοί

2027 4627 2375 4691 συνελθόντας
2407 4626 2525 4696 μὲν,
2560 4615 3016 4698 ἀποπηδήσαντας
3030 4628 3108 4693 δὲ,
3145 4615 3356 4683 καὶούκ
3381 4630 3618 4700 ἀνασχομ

2026 4740 2148 4786 νους
2172 4721 2282 4776 τῶν
2308 4721 2634 4792 λεγομένων,
2668 4721 2992 4795 δημηγορῶν
3020 4724 3188 4792 ἔλεγε·
3218 4724 3426 4792 Καλῶς
3459 4721 3622 4779 εἴκει

2027 4818 2267 4887 Πνεῦμα
2286 4817 2350 4871 τὸ
2372 4816 2561 4885 ἅγιον·
2592 4815 2759 4885 Ἀκοῇ
2783 4819 3097 4883 ἀκούσετε,
3118 4821 3217 4875 καί
3234 4824 3305 4876 οὐ
3321 4821 3406 4892 μὴ
3431 4821 3621 4890 our-ﬁt

2039 4915 2097 4968 Ὀ
2122 4914 2181 4967 δὲ
2203 4913 2301 4983 τῆς
2327 4912 2554 4983 βροντῆς
2598 4912 2729 4979 υίὸς,
2756 4914 2943 4985 ἐπειδὴ
2974 4914 3223 4986 θαύματα
3249 4916 3451 4989 ἑώρων,
3468 4918 3557 4970 καὶ
3581 4917 3622 4970 oz’

2029 5009 2330 5073 ἐπίστευον,
2357 5009 2448 5061 καὶ
2480 5006 2763 5079 δογμάτων
2796 5008 3011 5081 ήκουον,
3051 5012 3145 5064 καὶ
3171 5012 3231 5064 06
3257 5015 3540 5083 προσεῖχον
3564 5014 3622 5081 (άο

2031 5106 2226 5175 έστησε
2265 5104 2373 5175 γὰρ
2406 5102 2656 5176 Λάζαρον
2692 5105 2721 5158 ό
2753 5105 3008 5178 Χριστὸς,
3044 5106 3137 5160 καὶ¹
3167 5106 3374 5161 ἀνελεῖν
3407 5106 3564 5162 αὐτὸν
3589 5107 3622 5159 ὲι

2050 5333 2081 5402 ⁸,
2098 5337 2125 5367 α
2143 5334 2296 5395 Χωρὶς
2317 5334 2367 5404 δὲ
2389 5334 2587 5404 τούτων,
2616 5336 2734 5386 Haec
2752 5338 2823 5386 sic
2844 5341 3084 5404 oqnverlit
3104 5340 3393 5389 Tilmannns
3413 5360 3424 5387 :
3443 5403 3447 5404 ν
3466 5340 3622 5404 Ezram

2030 5391 2160 5444 hisce
2178 5391 2453 5461 mg'gacibys.
2478 5398 2742 5461 Perperam
2765 5402 2997 5461 omnino;
3036 5414 3162 5461 nam,
3188 5408 3243 5450 ut
3270 5414 3331 5450 ex
3354 5403 3483 5449 serie
3511 5391 3622 5459 liquit

2031 5456 2344 5525 vertengOm_,_
2365 5459 2553 5525 Ρνιεζετ
2572 5456 2677 5525 [uno
2696 5466 2895 5522 autem;
2930 5456 3159 5512 nimiruni
3191 5462 3322 5512 aliud
3342 5456 3622 5525 argumerilu

2032 5518 2425 5583 prgegggleplibus
2442 5520 2621 5583 adjicit.

2092 5573 2123 5614 ιι
2144 5577 2232 5627 Hic
2252 5578 2376 5649 τοιςιε
2398 5573 2661 5643 Iegéndum
2677 5582 2835 5641 ἐπειδὴ
2859 5584 2929 5646 δέ,
2954 5584 3030 5634 τοι
3052 5586 3215 5647 potius
3239 5591 3348 5649 post
3364 5583 3533 5648 τρόπον
3550 5593 3622 5631 τοι

2037 5653 2114 5690 ma
2133 5642 2429 5702 ponendum.
