3674 6276
130 298 183 351 73
1394 270 1460 327 IN
1499 262 1747 334 ISAIAM,
1786 250 1937 320 car.
1979 256 2075 317 VL-
3320 211 3403 304 π

130 408 357 482 ρτεὶιιιηι,
411 403 669 460 virtutem
721 395 1130 457 ministrantem,
1174 386 1314 458 quod
1356 381 1703 482 admetttssit

238 495 384 567 quod
414 494 481 548 ad
512 491 881 564 purgationem
910 493 1280 555 peccatorum:
1308 491 1405 533 nos
1425 484 1602 529 autem
1624 473 1708 526 in-

128 593 259 647 terim
286 587 535 643 historia:
574 584 861 643 haeremus,
890 591 953 632 ac
976 574 1222 639 dicimus,
1251 570 1401 640 cujus
1429 568 1504 623 rei
1544 578 1703 622 causa

127 684 211 737 hoc
236 680 439 735 factum
461 676 555 734 sit.
585 670 874 729 Mittendus
899 676 982 723 est
1018 663 1084 720 ad
1112 662 1362 734 pepulum
1404 658 1703 722 Iudaicum,

127 772 369 831 terribilia
402 768 652 841 quaedam
680 773 735 822 et
771 758 1101 819 intoleranda
1131 754 1562 810 annuntiaturus.
1589 749 1708 804 Μίιε-

124 872 291 920 tsntur
309 840 447 932 ergo
462 856 769 929 Serapbim,
792 863 847 909 ttt
866 850 1197 907 eum'timere
1211 845 1368 902 simul
1385 852 1439 899 et
1460 840 1711 912 loquendi

124 954 296 1011 Mucia
314 951 606 1020 impleant.
623 949 701 1003 Ac
717 959 785 1001 ne
799 944 1076 1014 objiceret,
1103 935 1548 1009 quemadmodum
1564 933 1711 1005 Meya

122 1062 216 1113 ses,
245 1059 305 1100 se
333 1043 545 1099 exilem
570 1051 756 1095 vocem
779 1035 977 1090 habere
1002 1028 1195 1103 (Exod.
1223 1029 1277 1084 4.
1311 1026 1424 1098 10),
1448 1035 1503 1081 et
1527 1034 1586 1080 ut
1618 1025 1711 1080 Je-

122 1137 326 1201 remias,
356 1131 711 1202 sejunierem
736 1140 856 1183 esse
880 1122 1009 1196 (Jer.
1038 1122 1092 1175 1.
1118 1117 1195 1191 6),
1226 1118 1302 1173 sic
1320 1126 1371 1174 et
1398 1119 1509 1187 ipse
1526 1130 1585 1172 se
1614 1115 1713 1169 int-

122 1227 305 1285 munda
332 1225 483 1280 labia
507 1220 706 1276 habere
731 1259 748 1285 ,
776 1231 883 1272 non
904 1228 1060 1284 posse
1096 1208 1253 1266 dictis
1276 1209 1598 1273 ministrare,
1620 1221 1715 1262 ves

122 1321 263 1374 aiunt
277 1316 419 1372 Sera
428 1314 576 1385 pltim
594 1320 654 1366 ut
671 1314 963 1379 expurgem
978 1303 1092 1372 ejus
1108 1309 1344 1372 peccata,
1374 1308 1478 1355 non
1501 1297 1714 1369 propria

124 1411 307 1463 virtute
337 1408 473 1476 (hoc
500 1404 646 1459 enim
675 1408 758 1456 est
787 1397 957 1453 solum
984 1392 1177 1458 Patris,
1219 1402 1272 1447 et
1298 1388 1435 1454 Filii,
1474 1397 1528 1444 et
1551 1387 1717 1458 Spiri-

124 1510 199 1555 tus
216 1498 446 1566 sancti),
471 1493 572 1550 sed
611 1492 787 1563 jussu,
833 1498 884 1545 et
928 1485 1233 1542 admotione
1262 1482 1570 1538 carbonum.
1600 1479 1723 1566 Nett‘

126 1592 254 1646 enim
276 1564 443 1653 dixit,
477 1585 626 1640 Ecce
655 1582 890 1638 auferam
918 1591 1035 1648 ego,
1069 1574 1187 1641 sed,
1217 1572 1350 1628 Ecce
1389 1574 1483 1625 hoc
1526 1564 1720 1641 auferet

128 1681 415 1753 iniquitates
445 1687 584 1743 tuas,
614 1683 662 1730 et
689 1680 892 1743 peccata
922 1678 1009 1723 tua
1034 1667 1287 1738 pnrgabit,
1320 1671 1538 1734 propter
1570 1670 1721 1717 man-é

127 1774 293 1827 datum
328 1766 625 1824 mittentis.
649 1765 759 1821 Cur
771 1772 947 1818 autem
974 1759 1175 1829 forcipe
1195 1755 1473 1827 Seraphim
1502 1769 1723 1824 accepea

130 1874 239 1919 runt
266 1860 613 1917 carbonem?
657 1858 837 1928 Neque
873 1854 1014 1911 enim
1054 1854 1369 1922 incorporea
1408 1849 1578 1904 virtus
1608 1863 1724 1904 car-

130 1953 346 2009 bonibus
374 1952 465 2006 uri
495 1955 726 2020 poterat.
750 1946 856 2002 Cur
875 1945 997 1999 ltatc‘
1014 1943 1148 1998 facta
1174 1940 1335 1996 sunt?
1361 1939 1463 1995 Per
1478 1953 1723 2010 magnam

129 2042 542 2112 indulgentiam.
573 2038 804 2107 Ideoque
831 2051 897 2091 ex
946 2033 1099 2089 altari
1148 2032 1361 2102 accipit,
1407 2030 1496 2085 ubi
1533 2029 1725 2085 hostiae

131 2134 490 2190 efferebantur
506 2128 947 2201 cxpiationesque
970 2131 1328 2195 peccatorum.
1350 2120 1501 2190 Quod
1518 2124 1562 2177 si
1580 2119 1728 2176 dixe;

130 2232 225 2282 ris:
254 2223 557 2293 Quomodo
582 2237 645 2277 os
687 2218 961 2291 prophetat
1002 2231 1107 2272 non
1135 2215 1383 2271 adustum
1427 2213 1543 2269 est?
1570 2212 1728 2269 Certe

132 2321 239 2388 quia
272 2316 328 2371 id
356 2314 512 2386 quod
542 2312 837 2383 apparebat
854 2326 958 2365 non
977 2317 1093 2365 erat
1118 2300 1255 2379 ignis
1276 2305 1572 2369 sensibilis;
1597 2305 1729 2359 alias

133 2424 269 2473 tere,
294 2422 431 2462 cum
453 2405 735 2476 quidpiam
760 2402 900 2458 Deus
925 2408 1197 2472 operatur,
1228 2412 1293 2454 ne
1314 2397 1528 2453 curiose
1556 2396 1728 2466 inqui-

130 2512 209 2553 ras
231 2498 315 2551 rel
344 2496 640 2552 scruteris.
1548 2490 1551 2495 ‘

194 2588 248 2643 5.
280 2584 510 2641 Etenim
546 2583 743 2639 ardens
767 2590 822 2638 et
845 2580 1110 2638 sensibilis
1138 2579 1274 2652 ignis
1298 2579 1609 2650 corporibus
1637 2577 1731 2633 ad-

131 2690 335 2745 motus,
367 2694 436 2733 ea
468 2693 583 2733 non
620 2676 797 2733 effecit
824 2690 941 2747 quat
975 2683 1282 2745 competunt
1311 2675 1417 2744 igni
1447 2672 1543 2746 (a).
1578 2673 1732 2739 Quod

132 2773 169 2825 si
202 2771 288 2825 ttbi
333 2777 624 2823 sarmenta
651 2809 666 2833 ,
698 2774 756 2822 et
789 2766 873 2837 pix
896 2806 912 2830 ,
955 2765 1167 2819 ﬂamma
1200 2765 1431 2835 prepria:
1460 2763 1622 2818 oblita
1652 2771 1734 2818 est

133 2872 329 2916 natura:
355 2902 374 2926 ,
408 2858 547 2930 quid
577 2857 860 2917 miraris.si
891 2870 1029 2910 nunc
1058 2854 1110 2910 in
1140 2864 1248 2910 tam
1279 2854 1541 2925 stupende
1566 2869 1691 2909 casu
1712 2894 1730 2921 ,

134 2955 208 3008 hic
235 2954 379 3023 ignis
413 2948 762 3020 purgaverit,
792 2960 890 3002 nec
917 2944 1218 3001 adttsserit?
1246 2944 1299 3001 8.
1340 2943 1406 2998 Et
1451 2944 1619 2998 audivi
1647 2959 1734 2998 vo-

133 3062 225 3099 cat
253 3042 475 3097 Domini
504 3039 721 3093 dicentis
748 3053 766 3091 :
792 3037 949 3103 Quem
977 3036 1190 3101 mittant,
1221 3044 1268 3090 et
1295 3035 1405 3105 quis
1433 3033 1520 3087 ibit
1548 3034 1616 3087 ad
1645 3049 1736 3104 po-

136 3139 298 3206 pulum
322 3132 512 3187 hunc?
539 3129 727 3185 Videu’
750 3136 1002 3200 quantum
1031 3126 1285 3197 profuerit
1305 3125 1458 3192 visio,
1483 3134 1732 3195 quantam

134 3243 232 3281 rem
259 3223 570 3297 perfecerit
596 3221 792 3276 timor?
820 3219 966 3275 Licet
999 3219 1100 3274 sub
1137 3218 1318 3290 Moyse
1351 3218 1619 3289 quidpiam
1656 3217 1733 3272 si-

134 3318 247 3371 mile
265 3326 491 3386 gestum
519 3314 593 3368 sit
616 3328 631 3366 :
655 3311 756 3368 etsi
776 3310 917 3367 enim
939 3308 1218 3381 Serapbim
1242 3324 1345 3364 non
1369 3309 1730 3380 apparuerint,

134 3425 221 3465 nec
248 3411 399 3465 Deus
436 3407 496 3463 in
526 3406 667 3461 solio
708 3403 932 3468 sedens;
968 3411 1203 3458 attamen
1237 3402 1379 3457 aliud
1416 3401 1734 3472 stupendum

134 3500 507 3571 spectaculum
537 3506 667 3552 tunc
688 3496 960 3569 prepbette
986 3495 1279 3550 exhibitum
1302 3504 1404 3558 est,
1429 3504 1736 3565 tantumque

135 3602 185 3646 ut
202 3605 365 3647 neruo
393 3591 450 3646 in
479 3588 617 3645 illud
639 3588 909 3657 respicere
934 3589 1120 3657 possit.
1146 3585 1320 3640 Rubus
1339 3587 1482 3641 enim
1506 3586 1732 3653 ardebat,

136 3686 332 3756 inquit,
376 3693 431 3738 et
475 3697 586 3737 non
622 3678 1001 3735 comburebatur
1030 3677 1235 3750 (Exod.
1277 3680 1330 3734 '5.
1360 3677 1453 3746 2).
1485 3680 1736 3734 Attamen

136 3777 284 3829 etiam
314 3782 449 3844 post
487 3772 619 3836 illa,
648 3780 701 3827 et
719 3773 849 3842 “post
883 3770 1105 3825 multam
1141 3768 1235 3824 Dei
1275 3768 1735 3836 adhortationem,

136 3868 430 3921 reluctatur
452 3874 638 3919 tamen
668 3862 876 3934 Moyses
901 3862 995 3918 ille
1023 3876 1266 3932 magnus,
1293 3861 1648 3927 causiﬁcatur,
1674 3876 1738 3917 ac

138 3970 423 4013 Sexcentas
446 3956 722 4027 excogitat
755 3954 1034 4011 recusandi
1060 3968 1247 4009 causas
1273 3952 1456 4008 dicens
1481 3971 1493 4007 :
1520 3952 1737 4007 Gracilis

140 4053 263 4105 cocis
287 4066 435 4115 sunt,
462 4060 513 4104 et
544 4050 715 4119 lingua
744 4048 918 4102 tardus
945 4044 1143 4116 (Exod.
1172 4045 1223 4100 4.
1257 4044 1345 4100 10.
1374 4045 1462 4115 15)
1487 4060 1502 4111 ;
1530 4053 1604 4112 et,
1633 4044 1738 4099 De-

143 4144 234 4214 Ege
256 4153 311 4196 tu
338 4144 540 4209 alium,
568 4158 715 4211 quem
741 4142 908 4194 mittas
938 4138 1074 4211 (Jer.
1104 4139 1156 4194 1.
1184 4138 1293 4209 16).
1321 4137 1580 4193 Jeremias
1608 4151 1737 4191 vero

140 4243 353 4289 autem
386 4242 632 4288 teneram
662 4229 921 4287 obtendit.
965 4229 1213 4286 Ezechiel
1248 4237 1424 4284 autem
1457 4236 1736 4299 postquam

139 4326 317 4392 jussus
356 4323 576 4387 fuerat,
606 4330 809 4391 septem
848 4319 1033 4375 diebus
1062 4321 1201 4374 circa
1232 4319 1427 4373 ﬂumen
1461 4325 1735 4383 versatur,

143 4417 421 4470 reluctans
446 4424 501 4468 et
530 4413 906 4482 tergiversaris.
937 4410 1061 4466 Ideo
1090 4409 1393 4481 parabolam
1430 4408 1574 4463 illam
1602 4408 1741 4462 Deus

141 4506 342 4574 adjecit
367 4504 558 4559 dicens
584 4520 599 4557 :
629 4501 1009 4572 Speculatorem
1035 4508 1082 4555 te
1105 4499 1220 4554 dedi
1245 4500 1415 4553 domui
1440 4497 1641 4563 Israel;
1662 4508 1737 4559 et,

143 4598 389 4649 Animam
427 4610 603 4649 eorum
640 4593 702 4647 de
733 4608 887 4645 manu
914 4600 1001 4645 tua
1028 4590 1281 4659 requiram
1308 4588 1530 4663 (Ezech.
1565 4588 1619 4642 '5.
1649 4588 1737 4642 I7.

146 4688 260 4757 18).
290 4686 465 4742 Jonas
493 4692 671 4739 autem
701 4698 807 4738 non
834 4684 994 4738 modo
1020 4680 1307 4747 recusavit,
1338 4679 1430 4736 sed
1459 4680 1618 4735 etiam
1648 4693 1743 4732 auc

146 4781 299 4851 fugit.
343 4777 487 4844 Quid
535 4776 730 4847 igitur?
772 4774 1093 4829 audaciorne
1129 4772 1377 4827 omnibus
1414 4771 1510 4826 fuit
1546 4771 1743 4837 Isaias,

147 4878 423 4940 etiamque
454 4882 651 4938 magno
680 4866 775 4922 ille
803 4865 1026 4937 Moyse?
1055 4864 1185 4933 Quis
1229 4864 1344 4918 haec
1379 4862 1612 4919 dixerit?
1637 4863 1746 4918 Cur

148 4979 274 5034 ergo
298 4964 399 5018 ille
419 4964 604 5032 jussus
629 4959 1006 5025 reluctabatur,
1032 4958 1118 5014 hic
1142 4971 1269 5013 vero
1296 4970 1401 5012 non
1430 4967 1612 5027 aperte
1631 4957 1747 5026 jus-

149 5071 268 5120 sus,
302 5053 555 5109 insiliens
592 5062 790 5122 prieste
827 5050 960 5105 fuit?
984 5049 1167 5121 Neque
1194 5048 1336 5104 enim
1362 5047 1520 5113 dixit,
1552 5047 1699 5103 Vade
1729 5064 1743 5104 :

150 5146 239 5199 sed
271 5146 393 5200 Deo
418 5144 632 5199 dicente
656 5184 671 5208 ,
700 5143 860 5208 Quem
884 5141 1121 5196 mittant?
1144 5140 1351 5211 jussum
1380 5139 1469 5195 ille
1496 5138 1745 5210 abripuit.

151 5240 384 5303 Quidam
409 5247 560 5292 certe
578 5235 780 5301 dicunt,
806 5249 952 5301 eum,
978 5234 1099 5304 quia
1128 5241 1457 5305 peccaverat,
1479 5230 1620 5302 quod
1644 5245 1747 5285 non

154 5329 593 5400 reprehendisset
624 5327 844 5395 Oziam,
877 5327 967 5398 qui
1011 5328 1064 5383 in
1105 5328 1260 5398 adyta
1301 5342 1359 5382 se
1397 5316 1751 5381 intremittere

154 5439 315 5479 usus
340 5433 450 5485 est,
481 5431 541 5475 ut
564 5421 631 5476 de
661 5421 752 5475 ille
781 5429 1001 5491 peccato
1030 5435 1148 5476 sese
1174 5427 1421 5490 purgaret
1448 5433 1541 5488 per
1565 5416 1751 5471 alacri-

155 5522 311 5569 btem
339 5511 690 5579 obedientiam
717 5511 896 5566 statim
923 5512 1185 5576 insiliisse,
1216 5520 1273 5566 ut
1304 5510 1467 5566 Deum
1499 5510 1749 5580 placaret.

212 5649 285 5721 (εξ)
322 5655 441 5699 Haec
463 5653 689 5710 spectant
712 5644 774 5697 ad
796 5652 901 5697 tres
923 5655 1101 5708 pueros
1120 5649 1172 5696 et
1188 5641 1248 5694 ad
1270 5642 1511 5694 fornacem
1534 5642 1660 5702 ignis
1677 5653 1754 5689 ar-

1809 375 2012 433 Idcirco
2038 374 2181 431 enim
2207 372 2413 444 impura
2430 385 2557 428 esse
2581 370 2719 426 labia
2744 384 2838 426 sua
2863 368 3092 449 dicebat,
3113 367 3256 440 quod
3281 381 3386 424 non

1809 467 2053 524 libertate
2091 465 2341 535 loquendi
2366 477 2494 520 usus
2516 472 2682 519 esset.
2706 464 2776 518 At
2803 478 2895 518 eos
2923 454 3011 533 qui
3053 462 3175 517 talia
3203 459 3389 515 dicunt

1810 559 1949 615 ferre
1988 572 2091 613 non
2131 558 2330 627 possim
2361 573 2376 611 :
2409 570 2531 611 nam
2558 555 2662 610 [ide
2686 554 2895 625 dignior
2925 554 3030 609 illis
3054 563 3135 609 est
3161 552 3388 614 Paulus,

1810 652 1900 721 qui
1940 651 2194 705 audacem
2236 648 2383 703 illunt
2418 656 2568 703 vocat
2604 654 2659 701 et
2694 646 2806 712 ait,
2839 646 3006 699 Isaias
3028 659 3142 698 vero
3167 643 3317 696 audet
3346 650 3393 696 et

1811 744 1933 795 dicit
1958 742 2132 813 (Rom.
2157 741 2245 798 10.
2269 740 2386 810 20).
2417 738 2540 795 Ideo
2566 738 2725 808 igitur
2743 752 2849 792 non
2873 753 2938 793 ex
2962 736 3231 790 communi
3254 735 3393 805 lege.

1814 841 1871 887 ttt
1910 833 2097 898 aiunt,
2136 839 2362 887 mortem
2404 831 2574 896 obiit,
2604 829 2696 885 sed
2735 829 3107 899 gravissimum
3145 824 3400 881 sustinuit

1813 924 2127 994 supplicium
2158 922 2231 995 (a)
2255 964 2270 989 ,
2309 916 2667 991 Juda‘is-ejus
2686 919 2935 990 loquendi
2966 919 3261 973 libertatem
3293 932 3397 973 non

1815 1013 2126 1069 ferentibus.
2159 1013 2364 1069 Praeter
2389 1010 2504 1067 haec
2527 1020 2703 1067 autem
2739 1010 3010 1081 Scriptum
3036 1023 3293 1079 nusquam
3318 1008 3401 1061 di-

1815 1104 1920 1169 cit,
1952 1104 2122 1173 ipsum
2151 1112 2466 1173 prresetttem
2497 1100 2660 1156 fuisse
2678 1142 2693 1165 ,
2721 1109 2777 1155 et
2812 1109 3131 1170 prementem
3158 1097 3411 1159 siluisse,

1815 1193 2029 1265 quando
2054 1193 2212 1249 Ozias
2251 1193 2337 1247 illa
2374 1192 2694 1249 attentavit:
2723 1191 2817 1246 sed
2855 1190 2943 1259 qui
2973 1189 3089 1245 haec
3125 1188 3406 1259 proferunt

1818 1302 1882 1341 ex
1913 1287 2103 1356 scipsis
2132 1286 2256 1341 talia
2286 1285 2597 1355 conjiciunt.
2637 1283 2772 1352 Quid
2812 1298 2941 1354 ergo
2968 1282 3252 1338 dicendum
3277 1280 3405 1337 est?

1818 1376 1933 1432 Non
1963 1391 2084 1433 esse
2122 1391 2302 1445 parem
2333 1375 2531 1447 Meysis
2554 1384 2608 1431 et
2640 1374 2796 1445 hujus
2823 1375 3108 1433 rationem.
3140 1374 3233 1429 Ille
3260 1374 3415 1427 enim

1822 1467 1873 1520 in
1902 1466 2131 1521 alienam
2158 1474 2213 1521 et
2248 1466 2529 1521 barbaram
2556 1474 2753 1521 terram
2785 1465 3119 1529 mittebatur,
3145 1475 3199 1521 et
3227 1464 3294 1519 ad
3320 1474 3408 1535 ty-

1823 1572 2051 1613 rannum
2092 1556 2387 1625 furentem,
2429 1557 2892 1628 insanientemque
2920 1571 2982 1612 ac
3009 1556 3253 1613 rabidum
3277 1572 3292 1623 ;
3321 1557 3409 1611 hic

1823 1664 1953 1705 vero
1978 1649 2042 1704 ad
2073 1665 2230 1714 suos,
2259 1650 2348 1720 qui
2376 1663 2435 1705 se
2460 1664 2602 1719 same
2629 1650 2940 1714 audierant,
2967 1649 3242 1719 multoque
3270 1658 3410 1704 tem—

1826 1755 1955 1810 pore
1982 1741 2203 1795 instituti
2230 1740 2442 1795 fuerant
2472 1757 2485 1794 :
2515 1756 2686 1810 neque
2712 1742 2853 1811 paris
2877 1751 2993 1795 erat
3014 1740 3331 1797 constantia:
3358 1740 3411 1794 in

1827 1831 1920 1887 illo
1943 1839 1997 1885 et
2020 1831 2071 1885 in
2098 1830 2199 1885 hoc
2218 1845 2344 1885 casu
2366 1832 2606 1901 obsequi.
2632 1831 2855 1899 Quidam
2883 1846 3046 1902 porro
3064 1831 3250 1887 dicunt
3267 1830 3411 1885 aliud

1825 1920 2094 1991 quidpiam
2127 1918 2326 1976 tantam
2353 1921 2428 1976 illi
2458 1921 2713 1978 indidisse
2734 1922 3083 1977 alacritatem.
3105 1922 3238 1990 Quia
3266 1923 3411 1977 enim

1828 2028 1925 2084 pro
1952 2028 2011 2070 se
2036 2022 2093 2069 et
2120 2014 2316 2084 populo
2353 2014 2632 2071 confessus
2667 2025 2816 2082 erat,
2847 2026 2901 2072 et
2930 2016 3211 2087 Serapltim
3244 2016 3315 2072 ad
3353 2033 3416 2072 se

1830 2107 1968 2162 mitti
1996 2107 2223 2173 viderat,
2250 2123 2370 2179 qua:
2399 2109 2535 2163 labia
2562 2124 2656 2164 sua
2684 2118 3060 2179 expurgarent,
3083 2124 3205 2164 cum
3233 2124 3417 2179 spera-

1829 2206 1911 2253 ret
1947 2198 2134 2253 eadem
2175 2199 2288 2269 ipsa
2329 2200 2525 2269 populo
2549 2208 2802 2256 eventura
2830 2215 2953 2256 esse
2975 2242 2990 2268 ,
3017 2214 3181 2272 seque
3205 2202 3273 2257 ad
3302 2201 3419 2257 hate

1831 2288 2190 2344 annuntianda
2237 2290 2502 2346 abiturum
2545 2306 2699 2359 esse,
2750 2292 2997 2349 alacriter
3040 2293 3238 2349 dictum
3286 2280 3416 2348 illud

1830 2380 2089 2450 rapuisse.
2119 2381 2298 2436 Sancti
2321 2381 2462 2436 enim
2488 2390 2548 2436 ut
2586 2382 2680 2438 Dei
2718 2394 2959 2439 amantes
2986 2394 3171 2446 erant,
3202 2384 3272 2439 ita
3299 2385 3421 2453 plus

1832 2485 1990 2540 quam
2030 2472 2118 2526 alii
2160 2487 2349 2528 omnes
2394 2472 2641 2529 homines
2681 2474 2936 2544 populum
2975 2476 3245 2531 amabant.
3283 2475 3425 2531 Cum!

1833 2570 2076 2631 speraret
2103 2562 2261 2632 igitur
2288 2576 2348 2619 se
2377 2563 2639 2618 malorum
2666 2564 2949 2635 quamdam
2977 2566 3298 2624 solutionem
3319 2583 3420 2623 an-

1835 2655 2202 2709 nuntiaturum
2231 2655 2493 2720 esse,cite
2519 2656 2757 2723 insilivit,
2785 2666 2837 2712 et
2861 2658 2933 2713 ait
2962 2675 2977 2713 :
3005 2657 3139 2714 Ecce
3162 2676 3255 2731 ego
3284 2676 3417 2725 sum,

1834 2745 1974 2798 mitte
2009 2760 2105 2799 me.
2147 2744 2294 2799 Alias
2331 2760 2461 2801 vero
2496 2745 2728 2802 animam
2766 2746 2833 2802 ad
2873 2749 3107 2818 pericula
3145 2752 3427 2807 subeunda

1834 2834 1988 2891 valde
2032 2850 2349 2906 propensam
2398 2835 2627 2893 habebat
2674 2855 2686 2890 :
2728 2838 3007 2909 ipsumque
3055 2839 3127 2895 ita
3172 2840 3423 2897 ali'ectum

1835 2926 1999 2984 fuisse
2038 2942 2134 3000 per
2177 2936 2341 2983 totam
2379 2929 2496 2999 ejus
2530 2930 2862 3001 prophetiam
2897 2931 3221 2987 declaratur.
3265 2933 3426 2992 Pest-

1835 3037 1991 3093 quam
2023 3030 2150 3093 er‘go
2179 3023 2496 3093 promiserat
2523 3037 2582 3078 se
2609 3023 2896 3090 abiturum,
2924 3039 3044 3080 cunt
3073 3039 3177 3080 non
3201 3025 3425 3081 auderet

1835 3115 1973 3171 ultra
2003 3114 2257 3180 abnuere,
2285 3124 2409 3171 tunc
2432 3115 2601 3170 tristia
2627 3115 2845 3171 audivit.
2872 3116 3145 3186 Siquidem
3176 3117 3315 3172 Deus
3339 3131 3424 3171 sa-

1835 3208 2037 3277 gaciter
2059 3218 2178 3261 cum
2201 3206 2293 3261 illo
2316 3222 2430 3262 rem
2453 3206 2716 3262 tractavit.
2741 3206 2921 3277 Neque
2940 3208 3085 3261 enim
3109 3223 3138 3262 a
3165 3209 3429 3278 principio

1836 3297 1970 3352 dixit
2001 3315 2014 3351 :
2044 3296 2191 3352 Vade
2212 3338 2227 3365 ,
2260 3306 2314 3352 et
2338 3297 2461 3364 dic;
2488 3297 2583 3352 sed
2623 3297 2768 3367 prius
2796 3297 3098 3353 mandatum
3130 3297 3184 3353 itt
3208 3298 3424 3354 sublimi

1838 3398 2025 3446 tenens
2044 3431 2059 3453 ,
2089 3389 2356 3444 missionis
2384 3389 2600 3445 ntodum
2627 3389 2892 3445 occultum
2930 3387 3134 3445 habuit.
3166 3388 3297 3445 Cum
3324 3405 3425 3445 au-

1840 3491 1946 3538 tem
1974 3482 2061 3537 ille
2086 3480 2243 3537 facile
2271 3480 2555 3552 paruisset,
2584 3489 2711 3537 tunc
2734 3480 2869 3535 mala
2892 3495 3012 3552 quae
3036 3481 3248 3536 Judatos
3274 3481 3427 3537 inva-

1838 3589 1961 3631 sura
1991 3582 2142 3629 erant
2165 3572 2315 3627 dixit.
2343 3572 2595 3641 Quaenam
2627 3568 2787 3643 perro
2811 3571 2927 3627 Itree
2950 3573 3145 3628 erant?
3170 3572 3225 3629 9.
3264 3572 3424 3640 Vade,

1839 3662 2008 3735 inquit
2027 3704 2040 3728 ,
2068 3673 2115 3717 et
2144 3663 2226 3717 dic
2255 3662 2445 3732 populo
2469 3662 2585 3716 huic
2610 3677 2629 3717 .'
2654 3661 2846 3716 Audita
2873 3661 3118 3728 audietis,
3141 3673 3189 3717 et
3217 3679 3319 3717 non
3346 3663 3428 3716 itt-

1840 3754 2102 3825 telligetis,
2130 3765 2177 3808 et
2207 3754 2425 3809 videntes
2462 3752 2689 3808 videbitis
2708 3794 2723 3819 ,
2751 3762 2798 3807 et
2835 3769 2935 3808 non
2974 3754 3302 3825 perspiciatis.
3336 3755 3426 3810 10.

1841 3845 2186 3900 lncrassatutn
2212 3845 2347 3899 enim
2371 3853 2443 3898 est
2472 3860 2561 3898 cor
2584 3842 2761 3914 populi
2787 3843 2939 3915 hujus
2957 3884 2973 3910 ,
3005 3854 3053 3898 et
3084 3844 3291 3900 auribus
3322 3846 3429 3900 suis

1840 3935 2056 4006 graviter
2078 3934 2367 3999 audierunt,
2395 3943 2441 3987 et
2465 3934 2634 3987 oculos
2657 3949 2775 3987 suos
2802 3933 3172 4002 clauserunt,ttc
3195 3936 3327 4003 forte
3349 3936 3426 3988 ui-

1841 4028 1992 4081 deant
2016 4023 2200 4091 oculis,
2230 4034 2276 4077 et
2309 4023 2513 4077 auribus
2542 4022 2773 4085 audiant,
2805 4031 2851 4076 et
2872 4022 3023 4076 corde
3048 4021 3353 4093 intelligant,
3380 4032 3430 4078 et

1842 4126 2227 4181 convertantur,
2256 4122 2302 4168 et
2337 4129 2510 4168 sanem
2548 4129 2650 4166 eos.
2688 4112 2814 4167 Haec
2851 4112 3295 4182 interpretatione
3321 4130 3427 4168 non

1842 4222 1975 4277 epus
2002 4205 2197 4260 habere
2224 4212 2369 4273 puto,
2396 4217 2515 4258 cum
2542 4201 2576 4256 ii
2598 4201 2686 4273 qui
2714 4201 2832 4257 haec
2855 4201 3023 4272 probe
3039 4202 3299 4267 sciebant,
3316 4202 3429 4272 jam

1843 4301 1968 4356 olim
1999 4315 2062 4355 ea
2096 4306 2343 4354 accurate
2381 4296 2710 4367 interpretati
2750 4296 2895 4361 sint;
2923 4294 3157 4352 Joannes
3184 4295 3434 4353 videlicet

1846 4394 2061 4450 tenitrui
2089 4393 2249 4456 filius,
2276 4402 2330 4448 et
2356 4390 2572 4459 Paulus,
2603 4389 2695 4461 qui
2724 4398 2777 4445 et
2804 4396 2985 4444 vetera
3010 4399 3065 4444 et
3089 4402 3226 4445 nova
3255 4390 3433 4461 appri-

1845 4504 1932 4545 me
1957 4496 2197 4543 noverat.
2224 4486 2320 4541 llic
2340 4484 2482 4541 enim
2513 4484 2697 4539 Roma:
2720 4482 2786 4538 iis
2806 4482 3151 4549 eoneionans,
3175 4482 3266 4555 qui
3289 4494 3435 4555 pest-

1845 4593 2003 4649 quam
2044 4583 2409 4641 aceesserant,
2437 4575 2739 4630 resilierant
2763 4580 2821 4628 et
2844 4571 2982 4628 dicta
3019 4586 3115 4628 sua
3154 4587 3260 4629 non
3292 4572 3431 4629 fere—

1847 4671 1994 4736 bant,
2017 4669 2191 4724 aiebat
2211 4684 2225 4720 :
2241 4666 2380 4721 Bene
2395 4666 2521 4719 dixit
2543 4664 2766 4733 Spiritus
2784 4672 2988 4718 sanctus
3006 4678 3025 4718 :
3043 4663 3180 4718 Attre
3196 4664 3433 4727 audietis,

1848 4771 1894 4815 et
1920 4778 2019 4816 non
2047 4759 2334 4829 intelligetis
2363 4756 2509 4828 (Act.
2538 4755 2630 4810 28.
2660 4753 2751 4808 25.
2779 4753 2851 4808 9.6
2867 4752 2909 4823 ).
2940 4752 3104 4808 Filius
3134 4767 3263 4808 vero
3292 4754 3435 4807 toni-

1849 4854 1975 4921 trui,
1999 4867 2120 4908 cum
2146 4849 2398 4905 miracula
2422 4847 2680 4911 viderent,
2712 4860 2810 4901 nec
2832 4844 3133 4910 crederent,
3158 4844 3434 4915 dogmata.

1848 4962 1954 5018 que
1973 4944 2235 5010 audirent,
2262 4954 2361 4997 nec
2378 4938 2712 4996 attenderem
2732 4937 2997 5009 (Christus
3015 4938 3157 4995 enim
3174 4937 3430 4994 Lazarum

1915 5142 1989 5216 (α)
2020 5141 2259 5192 Veterum
2281 5146 2472 5190 Patrum
2492 5138 2652 5210 opinio
2673 5138 3014 5209 sententiaque
3036 5135 3123 5211 fuit
3146 5137 3314 5190 Isaiam
3339 5145 3433 5188 Itas-

1915 5218 2005 5248 εςις
2026 5212 2247 5248 temnere
2284 5207 2473 5248 sectum
2496 5198 2663 5248 futsse.
2684 5199 2736 5248 Id
2760 5206 2827 5248 att
2847 5200 3136 5248 Athanasius
3158 5201 3242 5248 lit).
3268 5202 3333 5248 de
3357 5208 3433 5248 tn-

1850 5200 2005 5255 rtassis
2026 5212 2247 5265 tempore
2284 5207 2473 5251 sectum
2496 5200 2663 5249 fuisse.
2684 5200 2736 5248 Id
2760 5200 2827 5249 ait
2847 5200 3136 5249 Athanasius
3158 5201 3242 5249 lib.
3268 5202 3333 5250 de
3357 5208 3433 5249 ln-

1865 5268 2425 5353 ςῆτξιεείέιηειῇηρρςέρ,
2441 5268 2661 5353 aia-.9
2680 5256 3436 5353 3.9%.“.sia'ﬁijaiait‘ﬂfi‘z:

1867 5339 1917 5383 el
2015 5331 2093 5390 78,
2119 5331 2154 5382 C
2179 5344 2190 5378 :
2225 5326 2647 5394 Ἢσαΐαςέπρίσθη
2680 5330 2781 5391 μὲν,
2816 5328 2919 5375 ἀλλ’
2960 5328 3047 5375 οὐκ
3082 5327 3157 5374 ἐπὶ
3183 5326 3319 5379 ξύλου
3350 5341 3439 5393 ’κς-

1866 5412 1926 5465 κρ
1954 5410 2148 5465 ascra-
2178 5391 2670 5465 ιξὲρτοιιδὲιειιελθῖο
2705 5385 3438 5465 i."meaemeaeﬂectens

1868 5448 1927 5524 ad
1956 5448 2044 5524 'tib.
2079 5448 2445 5524 Paralip._c.‘35
2470 5469 2479 5502 :
2512 5448 2981 5524 Traduttt‘Hebragi,
3010 5448 3439 5524 idft'tgceeccisntn

1871 5515 2157 5583 [saiant,_eo
2180 5510 2305 5583 quod
2333 5528 2419 5583 eos
2431 5513 2751 5583 appellauerit
2772 5510 3015 5583 principes
3026 5510 3370 5583 _S.edotnorum
3392 5514 3439 5583 et

1869 5569 2181 5649 Gomorrlltaeq
2193 5569 2249 5649 ἰζ
2254 5576 2291 5625 is
2306 5575 2450 5649 gddi
2465 5569 2654 5649 possent
2680 5569 2990 5649 ditgustint'ts,
3010 5648 3014 5649 γ
3024 5569 3370 5649 Iteodprctns,
3395 5577 3439 5649 et

1868 5626 2035 5688 auctor
2068 5636 2181 5707 libri
2212 5636 2272 5688 de
2299 5626 2554 5703 Propltctis
2584 5636 2715 5699 apud
2742 5626 3085 5699 Epiphaniam,
3116 5632 3321 5696 aliique,
3354 5626 3437 5682 sed

1871 5700 1972 5752 Itwc
1995 5706 2111 5751 satis
2131 5706 2289 5750 sunto.
