3674 6276
87 256 133 314 u
834 262 835 265 γ
1343 234 1413 294 1N
1452 224 1703 296 ISAIAM,
1742 224 1891 284 CAP.
1936 226 2048 283 vn.
3267 225 3336 280 73

88 365 348 423 uehunt
392 369 453 418 et
480 360 737 425 stabunt,
762 358 932 414 donec
967 354 1250 426 pristinum
1277 350 1400 404 vitae
1438 344 1651 401 institu-

86 459 388 514 astiterunt
418 453 767 523 acceperint,
791 458 847 508 et
870 448 937 505 ad
977 446 1206 518 priscam
1237 439 1495 499 redierint
1522 452 1651 494 san-

84 546 389 603 nimouiam.

667 650 894 710 CAPUT
931 648 1043 706 VII.

82 776 115 828 l.
155 771 217 825 Et
248 773 455 842 factum
482 779 559 824 est
603 768 657 822 in
698 767 872 820 diebus
925 763 1099 818 Achaz
1153 762 1249 834 ﬁlii
1295 760 1523 815 Joathan
1564 757 1659 828 filii

604 859 745 915 Ozia:
772 859 900 929 regis
926 854 1087 912 Iuda.

130 998 171 1050 l.
212 994 378 1048 Ratio
424 993 830 1063 propheticum.
874 990 1168 1061 Prophetire
1211 989 1463 1059 quomodo
1510 988 1662 1055 fidem

80 1089 258 1143 deleret
276 1085 454 1140 Dm.
480 1113 560 1126 —
582 1084 645 1140 id
666 1083 809 1154 quod
835 1097 979 1152 saepe
1000 1081 1133 1145 dixi,
1159 1082 1213 1135 id
1227 1089 1283 1135 et
1304 1094 1445 1135 nunc
1460 1078 1658 1143 dicam,

78 1176 369 1249 prophetiam
388 1176 531 1232 olim
548 1189 659 1230 non
685 1173 808 1230 ideo
840 1173 1064 1228 emissas
1083 1171 1246 1228 fuisse
1272 1170 1469 1234 solum,
1496 1180 1551 1224 ut
1573 1168 1666 1225 iu-

75 1272 150 1325 det
162 1268 343 1324 futura
354 1266 663 1333 discerent,
680 1264 776 1321 sed
790 1272 849 1319 ut
862 1263 1063 1329 edocti,
1080 1264 1290 1319 lucrum
1302 1262 1424 1317 inde
1436 1262 1667 1332 percipeo

78 1370 191 1427 rest,
205 1367 262 1415 et
276 1358 565 1413 minarum
582 1365 791 1412 terrore
814 1354 1257 1424 temperantiores
1275 1353 1485 1421 tierent,
1501 1352 1668 1408 bono-

79 1466 274 1521 rumque
304 1449 685 1520 promissione
709 1445 1059 1502 studiosiores
1093 1445 1409 1502 exercendae
1422 1444 1664 1500 virtutis:

79 1544 320 1612 utrunque
346 1542 638 1597 discentes
669 1550 725 1596 et
750 1540 844 1594 Dei
894 1538 1209 1610 potentiam,
1268 1546 1322 1594 et
1362 1538 1481 1609 ejus
1535 1552 1666 1609 erga

80 1637 175 1688 illos
194 1632 638 1703 providentiam.
673 1630 784 1687 Hac
801 1629 943 1686 enim
962 1629 1034 1686 de
1052 1644 1211 1686 causa
1237 1628 1354 1684 haec
1399 1627 1660 1700 praedice-

79 1726 262 1789 hatur,
286 1737 456 1778 aene
507 1730 761 1793 putarent
785 1736 850 1777 ea
900 1736 1020 1792 quae
1081 1719 1413 1786 accidebant,
1465 1729 1670 1776 temere

80 1828 120 1871 et
151 1831 276 1871 casu
319 1816 593 1885 quapiam
646 1814 955 1884 contingere
976 1852 994 1881 ,
1048 1811 1341 1868 secundm
1382 1810 1667 1883 quamdam

80 1917 258 1962 nam
276 1907 524 1973 seriem,
550 1914 647 1960 aut
663 1904 954 1961 secundum
979 1918 1158 1960 rerum
1186 1918 1437 1970 cursum;
1465 1902 1558 1958 sed
1592 1903 1672 1958 vi-

80 1999 243 2055 derent
289 2014 366 2054 ex
423 2012 671 2068 superno
710 2005 767 2053 et
792 1996 974 2052 divino
1009 1996 1227 2052 decreto
1276 1995 1392 2052 haec
1441 2005 1667 2067 utraque

83 2092 211 2146 ﬁeri:
241 2092 298 2146 id
325 2090 489 2162 quod
518 2089 627 2145 illis
644 2089 875 2145 maxime
894 2088 961 2144 ad
993 2088 1084 2144 Dei
1130 2088 1486 2159 cognitionem
1539 2088 1671 2144 utile

84 2192 190 2237 eat.
217 2179 436 2237 Verum
484 2180 763 2251 quoniam,
791 2186 851 2235 ut
890 2189 1016 2236 ante
1055 2179 1188 2245 dixi,
1231 2179 1509 2250 prephetia
1562 2194 1670 2235 non

84 2273 245 2327 eadem
292 2274 433 2342 ipso
482 2279 732 2342 tempore
796 2285 955 2326 suum
1006 2269 1205 2326 exitum
1259 2269 1526 2336 habebat;
1576 2271 1672 2326 sed

86 2365 484 2435 verbaquidem
546 2375 675 2418 tunc
718 2362 1146 2433 proferebantur,
1198 2376 1286 2418 res
1325 2372 1505 2419 autem
1551 2370 1675 2433 post

85 2458 308 2510 diuturna
333 2454 472 2510 inde
496 2463 739 2525 tempora
764 2454 967 2509 exitum
1007 2452 1266 2509 habiturae
1315 2462 1493 2521 erant,
1551 2468 1672 2509 cum

84 2550 170 2616 jam
185 2547 443 2602 nonnulli
481 2546 639 2602 exiis
657 2546 751 2616 qui
778 2545 1077 2614 audierant,
1098 2560 1244 2617 saepe
1266 2554 1495 2602 mortem
1511 2545 1675 2603 oblis-

88 2649 203 2705 sent,
228 2655 334 2694 nec
360 2640 677 2709 potuissent
698 2637 766 2693 de
788 2636 1049 2693 dictorum
1067 2646 1261 2693 eventu
1281 2636 1545 2707 judicare,
1588 2638 1668 2692 vi-

88 2731 142 2785 de
164 2730 287 2801 quid
317 2730 495 2785 faciat
521 2737 579 2785 et
603 2729 853 2786 moliatur
882 2730 1042 2785 Deus.
1074 2729 1411 2799 Pmphetiam
1440 2729 1674 2800 prophe-

90 2820 452 2875 tiiseonnectit
474 2834 493 2884 ;
518 2819 587 2875 iis
609 2834 728 2889 quae
753 2827 876 2889 post
901 2819 1117 2889 longum
1142 2826 1351 2889 tempus
1407 2829 1672 2876 eventura

92 2923 273 2980 essent,
293 2926 427 2969 eam
449 2910 610 2982 cujus
645 2912 820 2967 exitus
864 2924 1032 2983 prope
1080 2919 1218 2979 erat,
1271 2927 1370 2983 per
1392 2926 1513 2968 eam
1554 2927 1676 2984 qua:

95 3004 166 3056 illa
211 3005 263 3057 in
286 3001 651 3073 generatione
670 3001 867 3057 exitum
888 3001 1130 3058 habitura
1159 3009 1294 3069 erat,
1341 3002 1408 3058 iis
1448 3017 1675 3073 quorum

97 3103 301 3148 eventus
324 3102 460 3165 post
473 3092 785 3148 diuturnum
806 3102 1013 3163 tempus
1029 3092 1236 3149 futurus
1254 3102 1370 3150 erat
1387 3094 1675 3150 maximam

99 3186 239 3239 idem
269 3184 508 3240 faciens.
552 3183 609 3239 ln
633 3184 921 3255 evangeliis
946 3195 1124 3242 autem
1152 3186 1255 3241 hoc
1295 3186 1534 3243 utilitatis
1586 3202 1678 3259 ge-

98 3291 182 3331 nus
206 3276 310 3331 alio
338 3274 510 3329 modo
538 3282 750 3342 tractat,
779 3274 1030 3330 miracula
1079 3275 1370 3347 prophetiis
1395 3277 1674 3348 copulatis,

98 3367 224 3422 aliud
259 3368 369 3422 alio
398 3369 751 3423 confirmans.
794 3368 1035 3439 Exempli
1072 3383 1234 3425 causa
1265 3388 1279 3425 :
1308 3370 1535 3426 accessit
1580 3370 1679 3426 ali-

102 3457 296 3525 quando
335 3458 413 3513 ad
448 3474 576 3514 eum
611 3459 874 3529 leprosus,
902 3469 957 3515 et
980 3461 1266 3516 mundatus
1293 3470 1393 3529 est,
1449 3478 1513 3517 ac
1558 3452 1679 3532 post

104 3550 231 3603 illam
252 3565 447 3605 rursus
471 3564 607 3619 puer
632 3551 957 3606 centurionis
978 3565 1008 3605 a
1036 3551 1180 3622 gravi
1213 3552 1304 3607 illo
1332 3552 1523 3607 morbo
1545 3554 1678 3609 libe-

104 3651 232 3695 ratus
248 3648 355 3706 est,
397 3640 656 3711 signaque
678 3640 792 3695 hmo
819 3656 1008 3711 magna
1037 3651 1191 3697 erant
1218 3659 1231 3696 :
1257 3650 1312 3698 et
1339 3650 1515 3698 tamen
1568 3659 1673 3699 non

105 3732 145 3781 ia
186 3732 355 3801 signis
405 3732 578 3795 stetit,
624 3731 719 3785 sed
765 3740 819 3786 et
876 3731 1212 3802 praplietiam
1273 3732 1488 3803 adjecit.
1538 3734 1675 3801 Quia

106 3825 226 3876 enim
253 3824 509 3879 centurio
553 3824 919 3881 admirandam
951 3825 1096 3880 illaut
1145 3834 1201 3881 et
1237 3841 1481 3897 magnam
1526 3827 1680 3883 exhi-

108 3915 273 3969 buerat
312 3913 507 3981 fidem,
555 3929 659 3984 qua
704 3930 929 3984 puerum
970 3915 1039 3971 ab
1082 3916 1395 3987 aegritudine
1439 3918 1674 3988 eripuit,

107 4008 465 4065 hrcsuhdidit
488 4007 733 4071 Christus
766 4027 780 4064 a
808 4008 962 4064 Multi
997 4011 1059 4066 ab
1101 4013 1291 4069 oriente
1333 4020 1379 4066 et
1422 4012 1678 4067 occidente

106 4103 297 4164 misul,
321 4111 371 4157 et
396 4100 684 4156 recumberet
707 4118 822 4155 cum
848 4102 1123 4167 Abraham,
1152 4101 1303 4157 Isaac
1324 4114 1372 4157 et
1388 4102 1571 4169 Iacob,
1604 4105 1672 4173 ﬁ-

105 4192 151 4243 ἐξ
174 4202 339 4247 ωει-
389 4192 535 4264 regni
558 4192 817 4261 ejicientar
855 4202 998 4247 extra
1023 4192 1043 4262 (
1066 4191 1252 4247 Matth.
1277 4196 1331 4249 8.
1358 4195 1417 4249 ll
1456 4194 1496 4264 ).
1547 4194 1674 4251 Haec

107 4296 249 4345 μηπο
288 4281 528 4346 dicebat,
558 4291 612 4338 et
662 4283 900 4352 gentium
942 4284 1236 4340 Ecclesium
1262 4293 1318 4340 et
1364 4285 1674 4342 Judaeorum

105 4374 520 4447 reprolntionem
549 4375 909 4446 praenuntiatus
931 4393 946 4442 ;
971 4376 1115 4447 quod
1138 4378 1296 4433 etiam
1350 4394 1491 4433 nunc
1516 4394 1679 4448 opere

104 4467 414 4536 sapientia
434 4476 539 4534 est,
564 4475 619 4522 et
664 4467 780 4523 sole
804 4468 1003 4525 clarius
1043 4470 1294 4526 omnibus
1340 4472 1624 4528 exhibetur
1657 4490 1672 4527 :

103 4558 179 4611 sed
225 4567 352 4612 tunc
380 4556 670 4611 obscurum
689 4566 826 4626 erat,
853 4566 908 4615 et
946 4560 1015 4616 ab
1059 4560 1347 4617 incredulis
1376 4578 1483 4619 non
1521 4562 1678 4621 facile

105 4648 485 4703 stimulabatur.
522 4647 756 4720 Ideoque
790 4651 1000 4722 signum
1043 4636 1169 4708 tunc
1187 4654 1483 4711 exhibitum
1538 4673 1679 4728 pra:-

100 4740 263 4806 cessit,
310 4739 460 4812 quod
488 4740 710 4795 multam
733 4741 890 4798 fidem
934 4754 1057 4800 ante
1094 4742 1322 4803 faciebat
1364 4749 1441 4804 rei
1493 4757 1675 4818 postea

103 4839 359 4888 uenture
384 4849 399 4883 :
420 4831 870 4903 quemadmodum
884 4844 939 4891 et
951 4835 1066 4905 ipsa
1085 4837 1382 4908 prophetia,
1399 4855 1517 4912 quae
1537 4858 1678 4899 nunc

104 4924 591 4994 apereeompletnr,
624 4926 778 4995 signo
808 4934 936 4986 tunc
978 4926 1123 4985 facto
1168 4944 1417 5000 magnam
1474 4932 1678 5002 praebet

104 5013 570 5070 conﬁrmtionem.
597 5017 736 5085 Quid
766 5019 961 5075 dixerit
988 5020 1338 5079 incredulus?
1362 5040 1429 5080 an
1451 5027 1677 5082 munda-

106 5111 199 5158 tm
243 5121 350 5162 non
412 5107 576 5163 fuisse
621 5109 932 5179 leprosum?
963 5112 1232 5184 Respiciat
1279 5117 1332 5172 in
1382 5118 1676 5189 prophetiae

111 5196 398 5262 veritatem,
438 5208 497 5251 ut
543 5199 628 5253 illa
700 5212 979 5271 perspecta
1043 5206 1196 5275 signo
1248 5207 1408 5264 ﬁdem
1459 5208 1672 5266 habeat.

110 5284 223 5347 lkid
251 5302 419 5357 porro
444 5288 683 5345 dixerint
706 5290 787 5345 illi
815 5300 941 5347 tunc
967 5293 1177 5349 Judaei?
1200 5313 1266 5352 an
1295 5314 1359 5355 ea
1411 5315 1531 5370 quae
1581 5301 1672 5357 ille

112 5377 415 5441 villicabat
466 5395 575 5435 non
622 5396 745 5437 esse
804 5388 973 5439 vera?
1019 5387 1329 5457 Respiciant
1396 5391 1674 5462 leprosum

110 5469 421 5534 nudatum,
449 5478 505 5525 et
528 5486 592 5525 ex
623 5471 884 5530 beneﬁcio
908 5476 983 5531 illi
1009 5478 1202 5534 collato
1223 5478 1413 5537 futuris
1433 5499 1539 5538 non
1571 5499 1666 5540 ne-

108 5568 209 5623 gent
252 5559 442 5627 ﬁdat),
488 5576 613 5616 cum
669 5565 958 5621 maximum
1012 5568 1087 5625 illi
1134 5571 1429 5640 prophetiae
1485 5574 1675 5645 pignus

110 5650 386 5721 ruperis!
414 5692 430 5719 ,
482 5666 681 5727 nempe
729 5655 961 5729 signum,
1006 5668 1063 5716 ut
1106 5659 1352 5720 hodierni
1396 5664 1533 5744 signi
1592 5665 1673 5739 pi~

1759 357 1895 412 guus
1946 341 2278 413 praphetiam
2310 341 2525 398 habent.
2568 340 2754 400 Viden'
2799 341 3068 415 quomodo
3109 342 3339 400 alterum

1758 431 1927 488 altero
1977 432 2365 487 conﬁrmetur?
2420 431 2552 487 Illud
2601 432 2761 488 etiam
2813 434 2866 489 in
2909 434 3083 490 Veteri
3153 433 3341 490 Testa-

1759 532 1941 577 mento
1969 522 2146 578 videre
2184 532 2268 579 est
2288 524 2307 594 (
2327 525 2380 579 5.
2412 523 2666 595 Rng5).
2695 524 2830 591 Quia
2880 526 3023 580 enim
3052 526 3341 583 Jeroboam

1759 617 2069 686 gravissima
2108 618 2193 672 illa
2241 618 2444 673 insania
2498 618 2778 685 laboravit,
2821 628 2875 674 et
2914 619 3107 675 vitulas
3151 635 3343 676 aureas

1760 710 1953 776 erexit,
1995 710 2217 765 veniens
2253 710 2511 781 propheta
2549 709 2724 766 futura
2752 713 3143 780 praenuntiavit,
3176 721 3231 768 et
3266 714 3343 767 si-

1760 814 1921 868 gnum
1948 801 2127 856 statim
2155 800 2323 856 dedit.
2357 800 2437 857 Ne
2473 801 2593 871 quis
2624 802 2769 857 enim
2797 800 2956 857 fidem
2984 816 3088 857 non
3111 802 3337 861 haberet

1764 892 1849 958 iis,
1874 908 1994 963 quae
2038 903 2157 963 post
2186 903 2454 950 trecentos
2492 907 2661 949 annos
2685 905 2943 950 eventura
2970 903 3125 950 erant
3144 934 3162 958 ,
3193 909 3343 949 aram

1763 985 1938 1057 fregit,
1984 995 2038 1041 et
2076 986 2288 1056 adipem
2312 986 2516 1053 effudit,
2548 986 2796 1058 regisque
2839 1002 3057 1041 manum
3098 987 3343 1055 arefacit,

1765 1092 1830 1133 ex
1860 1078 1943 1142 iis,
1972 1093 2090 1148 qua:
2117 1087 2241 1134 ante
2282 1078 2466 1135 oculos
2490 1079 2825 1147 eveniebant,
2853 1094 3039 1135 eorum
3077 1095 3199 1149 quae
3228 1089 3349 1148 post

1766 1173 1993 1225 multum
2018 1170 2275 1239 temporis
2296 1181 2551 1226 eventura
2568 1179 2719 1226 erant
2734 1170 3074 1239 conspicuam
3100 1170 3354 1241 praebens

1767 1262 2296 1318 demonstrationem.
2327 1262 2594 1333 Multaque
2620 1261 2921 1333 hujusmodi
2970 1261 3151 1317 videre
3188 1270 3273 1317 est
3296 1262 3353 1317 in

1767 1352 1916 1409 Novo
1940 1362 1996 1409 et
2016 1354 2193 1409 Veteri
2221 1353 2582 1420 Testamento,
2616 1353 2726 1410 Deo
2753 1352 2980 1408 diversis
3005 1352 3176 1409 modis
3192 1353 3350 1407 saluti

1770 1456 1968 1503 nostra:
1995 1446 2368 1517 prospiciente.
2395 1445 2450 1502 id
2472 1446 2615 1518 quod
2641 1446 2800 1501 etiam
2824 1446 2911 1503 hic
2932 1446 3144 1510 accidit,
3168 1455 3222 1501 et
3240 1447 3350 1500 uti~

1769 1553 1877 1607 que
1904 1553 2025 1594 cum
2054 1538 2244 1607 majori
2274 1538 2426 1607 copia
2451 1555 2465 1592 a
2502 1553 2609 1592 non
2638 1537 2845 1608 signum
2876 1538 3019 1593 enim
3040 1536 3221 1604 modo,
3249 1538 3342 1591 sed

1772 1627 2107 1698 prophetiam
2147 1644 2269 1684 cum
2296 1630 2451 1698 signo
2479 1629 2788 1683 connexuit.
2823 1627 3019 1683 Verum
3060 1636 3117 1683 ut
3144 1643 3205 1683 ea
3232 1644 3354 1697 qua:

1770 1717 2002 1774 diximus
2028 1718 2252 1774 clariora
2278 1718 2538 1786 evadant,
2569 1720 2739 1790 ipsam
2778 1719 3054 1775 historiam
3107 1727 3356 1774 accurate

1772 1824 2178 1879 prosequamur.
2220 1810 2271 1865 1.
2307 1809 2372 1864 Et
2397 1809 2589 1880 factum
2629 1819 2700 1866 est
2738 1812 2793 1866 in
2829 1809 3002 1866 diebus
3046 1812 3221 1865 Achaz
3258 1811 3356 1879 ﬁlii

1771 1899 1998 1956 Joatltan
2044 1901 2139 1969 ﬁlii
2185 1900 2325 1956 Ozias
2365 1902 2498 1972 regis
2547 1900 2688 1955 Juda
2708 1940 2724 1968 ,
2781 1901 3007 1955 ascendit
3057 1900 3217 1956 Basia
3264 1917 3356 1956 rea:

1773 1994 1948 2058 Aram,
1979 2004 2026 2049 et
2063 1993 2259 2049 Phocea
2296 1994 2434 2062 ﬁlius
2461 1992 2707 2049 Romolia:
2729 2010 2821 2048 rea:
2860 1993 3026 2050 Israel
3048 1996 3102 2049 in
3136 1993 3356 2049 Jerusa-

1775 2086 1895 2152 lem,
1920 2094 1974 2139 ut
2001 2094 2353 2156 appuguarent
2378 2101 2511 2149 eam,
2558 2101 2648 2139 nec
2674 2094 2941 2156 potuerunt
2965 2102 3271 2156 expugnare.
3297 2085 3353 2140 ε.

1775 2175 1844 2232 Et
1886 2179 2239 2233 annuntiatum
2273 2188 2345 2233 est
2369 2179 2424 2233 in
2450 2178 2601 2233 domo
2634 2178 2796 2234 David
2821 2195 2855 2232 a
2882 2178 3157 2233 dicentibus
3179 2194 3199 2232 :
3222 2177 3355 2233 Con-

1775 2271 1930 2326 sensit
1950 2271 2107 2325 Aram
2131 2287 2247 2325 cuin
2275 2268 2547 2341 Ephraim.
2579 2270 2704 2325 Haec
2724 2270 2947 2325 historia
2968 2278 3115 2337 sunt,
3144 2285 3354 2326 rerum-

1776 2379 1881 2433 que
1903 2371 2175 2433 gestarum
2200 2364 2434 2419 narratio
2463 2380 2476 2417 :
2507 2362 2605 2418 sed
2623 2363 2713 2433 qui
2740 2374 2921 2419 mente
2945 2362 3107 2431 valet,
3131 2370 3189 2418 et
3203 2372 3355 2418 acute

1777 2458 1941 2522 videt,
1991 2457 2220 2514 multum
2268 2457 2394 2513 hinc
2434 2457 2569 2513 lucri
2607 2458 2824 2522 referet,
2866 2456 2958 2513 Dei
3000 2470 3245 2528 magnam
3273 2471 3361 2510 sa-

1778 2548 2031 2620 pientiam
2056 2590 2073 2616 ,
2133 2563 2341 2605 necnon
2385 2549 2503 2621 ejus
2538 2564 2663 2619 erga
2707 2548 2922 2604 Judaeos
2970 2547 3362 2620 providentiam

1778 2642 2043 2698 ediscens.
2092 2642 2275 2712 Neque
2302 2642 2446 2698 enim
2486 2657 2516 2695 a
2543 2642 2806 2712 principio
2835 2640 3035 2697 bellum
3078 2641 3359 2712 repressit,

1779 2748 1952 2804 neque
1980 2734 2097 2805 ipso
2122 2733 2401 2805 ingruente
2418 2734 2605 2790 urbem
2634 2733 2753 2803 capi
2781 2732 3045 2804 permisit,
3072 2730 3168 2788 sed
3193 2731 3363 2787 verbo

1780 2830 1932 2879 tenus
1961 2832 2165 2879 tantum
2198 2823 2668 2881 comminationem
2710 2823 2827 2880 lieri
2870 2823 3076 2890 sinens,
3118 2821 3236 2893 ejus
3256 2837 3357 2877 ex-

1779 2915 2444 2986 perimentum-prohibuit,
2475 2915 2595 2971 illos
2623 2930 2725 2971 una
2772 2914 3224 2986 expergefaciens,
3250 2922 3306 2970 et
3331 2927 3363 2968 a

1780 3008 2022 3065 socordia
2045 3007 2326 3074 reducens,
2356 3021 2619 3078 suamque
2645 3007 2935 3077 potentiam
2961 3006 3359 3063 demonstrans:

1780 3103 1923 3172 quod
1950 3100 2195 3157 videlicet
2233 3101 2346 3170 ipse
2389 3101 2580 3171 possit,
2606 3098 2766 3156 etiam
2795 3114 2918 3155 cum
2947 3113 3035 3156 res
3072 3099 3141 3155 ad
3180 3106 3363 3155 extre-

1783 3207 1927 3246 mum
1960 3192 2119 3246 linem
2150 3191 2393 3247 deductae
2419 3190 2688 3255 videntur,
2715 3190 2866 3260 quasi
2893 3189 3129 3245 nondum
3159 3188 3360 3259 cmpis-

1782 3292 1923 3346 sent,
1964 3283 2043 3337 sic
2082 3283 2133 3336 in
2161 3282 2399 3351 periculo
2428 3289 2703 3337 versantes
2724 3280 2923 3335 illaesos
2946 3294 3181 3335 servare.
3209 3278 3364 3346 Quod

1783 3372 1957 3443 ipsum
1983 3386 2126 3441 saepe
2154 3370 2345 3427 fecisse
2369 3370 2550 3426 videre
2578 3378 2683 3435 est,
2714 3376 2773 3425 ut
2795 3369 2945 3426 verbi
2969 3370 3137 3439 gratia
3167 3369 3220 3424 in
3246 3368 3363 3425 for-

1782 3479 1915 3520 nace
1943 3462 2282 3533 Babylonica,
2312 3463 2363 3516 in
2395 3462 2510 3517 lacu
2526 3461 2765 3528 leonum,
2795 3468 2850 3517 et
2874 3460 2927 3516 in
2954 3460 3073 3516 aliis
3093 3461 3363 3516 sexcentis

1782 3555 2014 3614 casibus.
2054 3554 2266 3610 Etenim
2304 3552 2357 3607 hi
2395 3561 2672 3617 venerunt,
2715 3552 3065 3619 obsederunt,
3101 3561 3156 3608 et
3185 3568 3366 3609 muros

1781 3645 2108 3712 adorientes,
2135 3644 2586 3714 obsessorumque
2613 3643 2820 3699 animos
2840 3641 3360 3719 perterrefacientes,

1782 3736 1912 3791 nihil
1935 3736 2072 3791 ultra
2093 3734 2268 3791 facere
2296 3742 2603 3805 potuerunt.
2886 3793 2897 3801 ,

1851 3827 1907 3881 2.
1947 3827 2084 3883 Hinc
2110 3836 2288 3884 autem
2316 3828 2617 3898 perspicere
2642 3826 2767 3882 licet
2790 3826 2975 3883 decem
3005 3825 3239 3883 tribuum
3260 3826 3365 3881 ini-

1783 3920 2057 3991 quitatem,
2101 3919 2244 3990 quod
2279 3934 2384 3975 non
2416 3919 2576 3974 modo
2617 3918 2773 3975 civile
2816 3918 3114 3988 inceperint
3141 3916 3364 3980 bellum,

1783 4026 1955 4082 neque
1980 4010 2140 4067 modo
2163 4020 2349 4067 contra
2377 4010 2569 4065 fratres
2597 4024 2741 4065 arma
2774 4009 3061 4073 moverint,
3079 4008 3176 4064 sed
3202 4008 3364 4063 etiam

1783 4107 2094 4178 alienigenis
2111 4106 2418 4175 exterisque
2434 4104 2677 4174 gentibus
2703 4118 2761 4159 se
2787 4102 3146 4172 adjunxerint,
3171 4110 3226 4156 et
3246 4115 3363 4164 eos,

1781 4197 2094 4269 quibuscum
2121 4195 2431 4251 societatem
2460 4193 2659 4251 habere
2678 4192 2808 4263 ipsis
2835 4206 2942 4248 non
2969 4191 3185 4257 licebat,
3202 4191 3365 4248 etiam

1781 4288 2174 4346 commilitones
2192 4284 2516 4351 vocaverint,
2539 4300 2664 4342 cum
2683 4285 2851 4355 iisque
2885 4283 3245 4341 castrametati
3264 4283 3363 4339 adn
3384 4284 3395 4319 ι

1782 4394 1973 4437 versus
1994 4379 2264 4435 civitatem
2290 4378 2554 4435 steterint.
2585 4377 2792 4434 Etenim
2823 4377 2985 4432 Rasin
3012 4376 3365 4447 alienigenam

1783 4470 2041 4527 adversus
2082 4470 2419 4539 metropolim
2469 4483 2620 4525 suam
2664 4468 2983 4524 excitarunt.
3025 4467 3260 4536 Eratque
3310 4466 3366 4522 in

1778 4556 1968 4629 praelia
1993 4553 2225 4627 partium
2268 4555 2627 4626 inaequalitas.
2679 4555 2837 4627 Apud
2866 4555 2988 4617 illos
3014 4555 3370 4613 enimutultlv

1776 4649 1905 4706 tudo
1934 4648 2143 4704 inﬁnita
2171 4657 2308 4714 erat,
2336 4657 2394 4703 et
2419 4647 2603 4716 urbes,
2634 4656 2692 4703 et
2718 4656 2910 4718 gentes
2939 4654 2993 4703 et
3022 4648 3234 4717 populi;
3281 4648 3371 4706 hic

1775 4755 1951 4803 autem
1980 4745 2110 4800 nihil
2132 4745 2332 4808 simile,
2354 4743 2449 4800 sed
2483 4746 2608 4798 urbs
2633 4758 2735 4797 una
2765 4751 2823 4798 et
2844 4742 3183 4813 metropolis,
3210 4744 3279 4799 ita
3313 4755 3371 4797 ut

1778 4838 1871 4893 Dei
1903 4835 2162 4893 fortitudo
2189 4833 2572 4895 exuberantius
2597 4834 2939 4889 enitesceret.
2963 4833 3196 4891 Nomine
3220 4835 3366 4889 enim

1774 4942 1926 4984 arma
1968 4935 2249 4993 movente,
2290 4924 2508 4981 nemine
2548 4934 2784 4983 exeunte
2825 4936 2882 4980 et
2923 4933 3363 4994 castrametante,

1777 5035 1966 5078 eorum
1988 5019 2211 5091 maligni
2232 5029 2458 5076 conatus
2488 5018 2542 5074 in
2572 5018 2797 5074 nihilum
2826 5019 3094 5075 abierunt.
3129 5019 3248 5075 Non
3275 5037 3370 5089 po-

1778 5124 1983 5171 tuerunt
2002 5114 2166 5180 enim,
2181 5114 2370 5185 inquit,
2381 5128 2681 5183 expugnare
2699 5127 2831 5166 eam.
2861 5112 2929 5169 At
2951 5111 3081 5183 quid
3108 5113 3369 5182 impedic-

1776 5205 1903 5262 bat‘l
1929 5203 2073 5261 Nihil
2102 5204 2248 5260 aliud
2273 5220 2433 5275 quam
2476 5203 2573 5258 Dei
2617 5218 2829 5269 manus,
2856 5219 2975 5272 quae
3003 5218 3100 5259 eos
3127 5204 3366 5259 invisibi-

1778 5299 1902 5355 liter
1948 5297 2272 5368 depellebat.
2322 5296 2724 5361 Verumtamen,
2751 5303 2808 5350 ut
2848 5295 2959 5363 jam
3005 5294 3135 5361 dixi,
3166 5295 3364 5350 bellum

1778 5390 2008 5460 depulit,
2034 5389 2129 5445 sed
2160 5397 2359 5445 metum
2401 5404 2509 5444 non
2553 5388 2734 5443 statim
2781 5388 3019 5443 sustulit.
3068 5386 3209 5443 Nam
3250 5388 3363 5443 ait:

1779 5484 2151 5537 Annuntialum
2174 5482 2321 5538 estin
2351 5483 2504 5537 domo
2536 5482 2702 5538 David
2732 5500 2746 5535 :
2774 5482 3041 5537 Consensit
3068 5482 3225 5535 Aram
3248 5497 3366 5536 cum

1780 5571 2055 5642 Ephraim.
2103 5569 2176 5626 Et
2205 5583 2373 5628 emo'a
2408 5582 2482 5627 est
2519 5573 2693 5628 anima
2719 5573 2863 5643 ejus,
2893 5580 2941 5627 et
2982 5572 3158 5626 animo
3185 5572 3366 5644 populi

1781 5668 1913 5741 ejus.
1946 5666 2079 5726 Cum
2120 5667 2235 5731 vult
2265 5667 2408 5728 Deus
2431 5666 2634 5741 aliquid
2663 5666 2996 5738 inopinatum
3024 5664 3224 5730 facere.
3257 5681 3364 5729 non
