3674 6276
106 267 129 325 π
762 282 763 285 γ
1168 243 1235 301 IN
1274 244 1525 311 ISAIAM,
1563 242 1714 301 CAP.
1759 241 1869 301 vn.
3174 245 3245 301 es

108 369 254 445 [phire
276 364 530 427 Somaron,
562 370 610 419 et
637 370 790 433 caput
816 359 1066 416 Somaron
1101 359 1240 428 ﬁlius
1282 358 1544 413 Romelite.

106 464 270 519 litium
301 454 626 520 credideritis,
672 469 774 507 non
821 448 1127 521 intelligetis.
1176 449 1383 504 Rursus
1425 464 1550 518 pro-

105 556 185 623 dcta
204 560 405 617 magnum
428 543 721 616 pmphetiae
753 550 1123 611 argumentum
1148 539 1382 596 exhibet.
1415 538 1548 608 Quia

102 648 174 699 aia
208 640 331 693 timor
371 636 484 692 illos
524 633 866 705 exagitabat,
909 639 965 686 et
1011 640 1136 685 ante
1180 630 1362 687 oculos
1411 630 1548 684 mala

102 742 203 793 cum.
228 731 337 785 bona
371 735 538 781 autem
578 726 633 780 in
667 740 786 795 spe,
826 723 1388 794 exSpectationemque
1431 736 1550 775 om-

102 841 161 879 seu
187 818 457 890 superantia,
506 831 605 871 nec
647 816 778 870 satis
813 813 1016 870 creduli
1060 820 1218 869 erant
1257 812 1547 878 auditores,

100 917 160 969 title
186 912 278 983 quid
305 910 467 965 iaciat.
496 908 596 964 Dat
622 908 834 977 signum
875 905 1165 960 maximum
1207 919 1394 959 eorum
1431 916 1552 973 qua:

98 1017 251 1061 creatura
267 1008 417 1064 erant,
436 999 658 1053 consilia
680 996 911 1052 hostium
933 996 987 1050 in
1005 995 1237 1051 medium
1257 993 1549 1048 adducens.

99 1099 213 1150 [nam
235 1106 429 1161 namque
453 1090 689 1144 animum
720 1088 913 1159 aperit.
941 1102 1048 1157 quo
1077 1084 1208 1141 moti
1236 1084 1421 1140 urbem
1450 1098 1550 1155 op-

98 1184 309 1257 pqnabsnt,
336 1191 385 1237 et
426 1181 549 1250 quid
581 1189 766 1235 mutuo
801 1179 1094 1249 colloquuti
1124 1185 1334 1241 essent,
1366 1186 1420 1233 et
1445 1191 1552 1249 quo

99 1291 182 1349 pcto
208 1277 310 1330 inito
363 1273 633 1338 redierint,
684 1271 1021 1340 ostenditque
1062 1278 1154 1325 aut
1197 1269 1549 1339 proditionem

97 1384 155 1423 ssc
169 1367 202 1421 id
218 1364 328 1434 quod
345 1364 590 1434 agebatur
609 1361 918 1434 (Colloquuti
950 1360 1115 1425 enim,
1140 1369 1332 1425 mutuo,
1360 1360 1549 1431 inquit,

98 1480 153 1513 ait
172 1462 276 1529 ipsi,
292 1475 364 1512 eos
389 1466 663 1510 arcrtemus
684 1456 752 1508 ad
773 1454 919 1522 nos);
945 1462 1037 1508 aut
1066 1453 1230 1507 multa
1249 1452 1550 1523 arrogantia

98 1567 174 1619 pos
207 1549 350 1607 ebrios
390 1561 506 1603 esse
530 1587 546 1613 ,
607 1546 977 1601 existimantes
1026 1559 1094 1599 ne
1132 1544 1295 1598 armis
1337 1542 1551 1613 quidem

97 1646 164 1711 ipsis
182 1655 268 1696 esse
286 1654 423 1705 opus,
454 1653 628 1707 neque
652 1637 769 1693 acie
796 1646 848 1692 et
875 1635 1145 1699 conﬂictu,
1169 1644 1228 1689 ut
1256 1634 1443 1689 urbem
1464 1649 1553 1689 ca-

98 1731 356 1801 tereot.Satis
372 1737 449 1783 est
469 1769 484 1796 ,
513 1728 761 1797 inquiunt
791 1768 809 1795 ,
839 1726 960 1781 siin
990 1735 1341 1796 conspectum
1366 1725 1550 1778 venia-

98 1843 157 1878 nos
190 1833 230 1879 ct
272 1822 617 1892 colloqnamur
648 1861 665 1887 ,
707 1828 761 1874 et
811 1833 1001 1873 omnes
1069 1819 1125 1872 in
1183 1815 1551 1887 captivitatem

98 1916 307 1969 abducentes
326 1911 673 1967 discedemus.
697 1909 919 1975 Deinde,
949 1917 1004 1963 ut
1026 1908 1201 1963 solent
1218 1915 1551 1977 arrogantes,

98 2010 225 2074 tuspe
244 2004 382 2058 inﬂati
408 2002 471 2058 de
507 2017 634 2073 rege
662 1998 1037 2057 constituendo
1060 1998 1341 2053 consilium
1373 1998 1557 2053 ineunt

104 2099 176 2165 nisi
192 2098 273 2165 jam
294 2106 430 2166 capta
456 2094 591 2150 urbe
613 2134 629 2161 ,
663 2104 718 2151 et
745 2108 904 2165 quem
936 2100 1180 2163 oporteat
1206 2092 1258 2146 in
1288 2100 1558 2161 metropo-

98 2194 143 2242 ξω
158 2206 287 2259 regem
304 2190 619 2244 constituere
647 2186 969 2242 consultant.
1019 2185 1095 2239 Eo
1127 2185 1178 2239 in
1210 2192 1351 2239 statu
1385 2199 1471 2239 res
1493 2184 1558 2239 il-

100 2284 195 2334 inst
217 2291 356 2345 erant,
380 2281 548 2350 inquit
570 2296 585 2336 :
608 2294 729 2349 qua:
759 2293 888 2333 vero
917 2277 1055 2332 Deus
1080 2276 1404 2331 moliebatur
1443 2277 1559 2331 haec

98 2375 196 2426 sani:
215 2373 266 2428 de
287 2373 447 2427 medio
475 2372 829 2427 sustulerunt.
858 2368 1064 2424 Idcirco
1088 2367 1393 2436 subjunsit:
1428 2366 1555 2421 Πωο

100 2466 159 2515 bal
176 2463 369 2517 Dontinus
394 2480 411 2527 ;
440 2477 613 2533 neque
641 2462 728 2515 hic
752 2460 920 2527 stetit,
950 2458 1043 2514 sed
1069 2458 1282 2528 adjecit,
1307 2456 1556 2513 Sabaoth.

98 2555 167 2608 tua
182 2556 290 2609 enim
308 2553 466 2624 magni
498 2551 776 2623 quidpiam
796 2550 1209 2605 annuntiaturus
1231 2557 1334 2615 est,
1366 2557 1557 2618 poten-

101 2649 166 2699 ω.
188 2647 255 2702 Dei
277 2655 540 2709 memorat,
566 2659 859 2714 supernum
881 2658 1074 2713 nempe
1103 2656 1326 2711 regnum
1355 2684 1369 2705 ,
1400 2650 1562 2712 atque

102 2738 413 2805 δρα-111111111υά
448 2752 706 2807 magnum
732 2750 794 2791 ac
831 2734 1173 2802 stupendum.
1202 2732 1340 2801 Quid
1386 2733 1562 2800 ita-nte

104 2843 135 2880 at
147 2830 276 2884 Deus?
298 2829 406 2883 Non
442 2829 667 2883 manebit
703 2827 968 2881 consilium
998 2826 1092 2880 hoc
1114 2842 1271 2895 neque
1310 2825 1404 2879 erit
1429 2840 1448 2879 :
1472 2825 1562 2879 scd

102 2932 182 2983 utut
204 2922 329 2975 Aram
353 2920 656 2974 Damascus.
686 2918 970 2988 Imperium
992 2916 1108 2987 ejus
1138 2957 1152 2981 ,
1185 2916 1257 2969 ait
1287 2956 1304 2981 ,
1330 2923 1563 2985 potestas

106 3014 472 3078 r,u.inDamaseo
498 3012 667 3067 stabit
706 3053 721 3077 ,
757 3026 855 3067 nec
888 3011 1023 3064 ultra
1054 3008 1439 3079 progredietur.
1494 3006 1564 3061 Et

103 3118 182 3171 seu
202 3106 396 3162 Damasci
419 3107 602 3161 Rasin.
668 3105 730 3160 Et
781 3104 1025 3174 princeps
1056 3101 1295 3157 Damasci
1327 3142 1343 3166 ,
1373 3100 1563 3170 inquit,

105 3211 187 3264 ene
206 3198 462 3253 dominator
489 3198 657 3253 Rasin
691 3196 793 3252 erit
825 3212 841 3260 ;
886 3193 939 3249 id
978 3201 1096 3261 est,
1148 3192 1200 3247 in
1244 3193 1309 3247 iis
1347 3207 1467 3263 qua:
1496 3190 1565 3247 ad

106 3288 435 3359 Mpeﬂinent
455 3288 717 3354 manebit,
740 3301 803 3341 ac
823 3285 1078 3356 majorem
1092 3283 1193 3339 sibi
1219 3298 1326 3337 non
1353 3281 1567 3351 adjiciet

108 3381 301 3443 muniam.
334 3379 392 3434 Et
420 3381 591 3433 adhuc
611 3378 879 3449 sexaginta
901 3386 948 3431 et
973 3377 1193 3447 quinque
1218 3374 1362 3442 anni,
1395 3382 1447 3428 et
1475 3372 1565 3427 de-

108 3472 348 3543 ,iittreguuns
371 3472 620 3543 Ephraint
646 3489 679 3525 a
698 3470 908 3541 populo.

140 3566 171 3619 ι
188 3568 362 3622 Maxima
382 3567 623 3622 veritatis
651 3563 1063 3620 demonstratio.
1095 3559 1307 3632 quando
1328 3567 1569 3629 tempora

110 3656 599 3729 radicantprophctae,
626 3669 815 3709 ansam
848 3653 1145 3725 prtebentes
1172 3652 1237 3707 iis
1265 3651 1355 3721 qui
1383 3650 1570 3705 volunt

109 3748 303 3813 adorandi
342 3765 457 3805 eum
504 3745 849 3803 accuratione
896 3746 1002 3800 vim
1054 3744 1369 3815 prophetiae.
1417 3740 1569 3796 Nunc

112 3838 389 3911 magna,
434 3838 730 3896 abseedent
756 3836 824 3893 ab
847 3836 1010 3901 urbe;
1054 3833 1149 3890 sed
1190 3842 1308 3904 post
1336 3832 1572 3903 quinque

110 3934 340 4002 sexaginta
366 3948 535 3988 annos
568 3932 816 3986 universa
846 3943 979 3999 gens
1003 3926 1230 3998 peribit,
1268 3934 1322 3981 et
1348 3933 1570 3994 regnum

112 4020 193 4075 aut
208 4023 255 4078 de
276 4024 431 4081 medio
456 4024 713 4088 tolletur;
740 4021 808 4077 ab
831 4019 1072 4075 hostibus
1097 4016 1377 4085 intercepti
1403 4013 1574 4068 abdu-

111 4124 212 4166 cunt
233 4131 408 4172 omnes.
438 4116 595 4171 Nunc
622 4122 771 4170 certe
816 4120 937 4167 ante
964 4109 1228 4165 excidium
1283 4105 1409 4161 illud
1439 4104 1571 4159 nihil

112 4206 168 4265 ἓδις
196 4206 447 4276 habebunt,
477 4222 643 4279 quam
684 4220 748 4261 ea
773 4218 892 4274 qua:
917 4216 1012 4258 sua
1054 4207 1200 4256 sunt.
1236 4197 1301 4254 Ut
1326 4211 1395 4252 ne
1429 4194 1571 4251 enim

110 4312 152 4349 tu
168 4300 336 4355 audiens
362 4315 451 4357 eos
478 4308 606 4370 post
638 4296 910 4366 sexaginta
951 4290 1185 4364 quinque
1222 4302 1390 4343 annos
1446 4300 1572 4357 per-

121 4404 201 4444 m
216 4406 328 4456 esse,
343 4392 476 4464 apud
496 4407 561 4447 se
581 4391 787 4446 diceret
805 4403 821 4444 :
851 4386 986 4453 Quid
1018 4382 1206 4455 igitur?
1225 4381 1572 4450 si,postquam

109 4494 270 4538 ultime
293 4484 550 4555 ceperint,
601 4491 729 4535 tunc
776 4478 1055 4550 peribunt,
1084 4489 1203 4545 quae
1253 4471 1379 4526 hinc
1421 4468 1575 4525 nobis

112 4574 499 4640 aliusmonlide,
542 4573 750 4644 inquit,
791 4570 951 4627 etiam
975 4568 1040 4623 de
1066 4562 1435 4638 praasentibus.
1470 4558 1575 4616 Ca-

108 4664 230 4723 esar
246 4668 364 4722 enim
388 4678 514 4723 tunc
540 4664 798 4728 omnino;
826 4661 918 4717 sed
943 4675 1082 4716 nunc
1112 4656 1241 4713 nihil
1269 4654 1388 4726 plus
1417 4652 1579 4707 habe-

108 4756 344 4829 ὶιπῌιωιιι
370 4762 418 4816 id
438 4761 585 4832 quod
608 4759 825 4814 habent.
856 4755 962 4811 Sed
990 4754 1091 4810 erit
1110 4759 1268 4820 caput
1298 4746 1575 4819 prraim,

111 4858 160 4899 sic
176 4860 232 4903 est
260 4850 423 4908 decem
452 4852 692 4907 tribuum
713 4891 728 4913 ,
759 4846 993 4904 Samaria
1023 4862 1037 4899 τ
1087 4843 1155 4898 ibi
1181 4841 1323 4897 enim
1367 4839 1578 4893 illorum

113 4940 189 5006 erit
213 4954 328 5010 erat;
354 4954 532 5000 etnon
557 4943 783 4998 ulterius
811 4936 1161 4998 extendetur;
1194 4942 1248 4988 et
1275 4937 1436 5000 caput
1476 4928 1578 4983 Sa-

112 5038 210 5091 mia
231 5056 306 5095 rex
326 5038 504 5096 Israel.
538 5036 696 5107 Quod
722 5036 790 5091 de
822 5035 1149 5089 Damasceno
1179 5025 1425 5088 dicebat,
1476 5022 1579 5076 hoc

112 5127 197 5181 “iam
231 5130 301 5187 hic
333 5132 626 5203 signiﬁcat,
675 5143 867 5197 nempe
915 5123 1045 5179 nihil
1102 5120 1220 5192 plus
1267 5118 1577 5180 habituros,

114 5228 195 5278 im
224 5235 337 5277 nunc
373 5221 660 5276 haberent.
710 5214 947 5282 Deinde,
997 5212 1121 5283 quia
1161 5207 1325 5265 verba
1374 5204 1583 5261 dixerat

116 5304 291 5365 ωτι-ιω
312 5313 571 5367 rationem
618 5308 924 5379 superantia
945 5346 961 5372 ,
991 5312 1046 5359 et
1083 5299 1326 5372 quamvis
1366 5293 1580 5351 ratioci-

116 5399 277 5457 Ξῑὸιῖιιιιιιω
302 5405 485 5461 seriem
527 5401 877 5466 excedentia,
904 5413 1022 5452 cum
1055 5394 1106 5450 id
1140 5391 1283 5464 quod
1307 5388 1583 5445 dicebatur

117 5491 281 5556 mdia
301 5505 467 5561 esset,
493 5495 625 5566 jure
648 5490 879 5562 adjecit:
910 5486 1028 5542 Nisi
1054 5481 1391 5558 credideritis,
1423 5494 1582 5549 neque

122 5584 307 5653 “Equis.
331 5587 405 5644 Nc
428 5600 646 5659 quaeras
664 5626 679 5652 ,
712 5583 911 5654 inquit,
937 5594 1043 5651 quo
1068 5576 1229 5633 modo
1268 5582 1323 5630 et
1348 5586 1453 5644 qua
1497 5584 1584 5625 ra-

122 5688 189 5728 est
210 5677 298 5734 hac
321 5680 494 5737 futura
524 5677 639 5736 sint
667 5693 683 5734 :
712 5675 853 5734 Deus
892 5672 1033 5731 enim
1063 5676 1145 5727 est
1173 5667 1263 5740 qui
1293 5672 1543 5738 operatur
1561 5702 1578 5730 ,

1654 358 1873 427 solaque
1899 355 2003 411 title
2035 371 2169 427 opus
2199 355 2290 413 tibi
2313 364 2395 414 est
2413 398 2427 423 ,
2458 364 2510 413 et
2540 356 2800 430 intelliges
2829 359 3100 429 operantis
3128 360 3242 413 vir-

1655 458 1859 517 tutem;
1889 450 2401 507 demonstrationem
2439 466 2652 507 omnem
2681 467 2836 522 supra
2861 452 3123 508 dictorum
3151 468 3242 508 ac-

1654 544 1862 616 cepisti.
1891 545 2016 601 Ideo
2046 544 2211 601 David
2237 545 2494 615 propheta
2524 545 2737 601 dicebat
2766 563 2780 600 :
2812 544 3246 619 Credidi,proptcr

1655 635 1791 705 quod
1818 635 2056 704 loquutus
2075 652 2186 689 sum
2212 635 2383 707 (Psal.
2413 637 2536 693 115.
2568 636 2680 706 10).
2709 636 2776 692 Et
2803 637 3001 693 Paulus
3028 637 3126 692 hac
3154 655 3244 693 ar-

1655 733 1805 795 repta
1828 724 2081 793 dictione,
2097 741 2127 781 e
2148 741 2205 783 re
2224 726 2366 782 illam
2388 726 2455 783 ad
2485 742 2571 783 res
2586 728 2817 798 majores
2838 728 2998 782 traxit
3015 728 3201 785 dicens
3226 746 3240 782 :

1660 814 1912 871 [labentes
1942 826 2109 871 autem
2150 818 2380 872 eumdem
2412 819 2662 888 Spiritum
2705 819 2827 888 ﬁdei
2844 860 2859 884 ,
2880 821 3153 874 secundum
3189 819 3245 874 id

1654 910 1789 978 quod
1807 909 2049 979 scriptum
2073 919 2166 975 est,
2195 909 2432 975 Credidi,
2456 920 2660 980 propter
2684 911 2819 981 quod
2846 909 3080 983 loquutus
3107 925 3238 977 sum,

1657 1006 1704 1050 et
1724 1014 1815 1052 nos
1856 1000 2127 1065 credimus,
2159 1009 2365 1069 propter
2392 1000 2528 1069 quod
2553 1009 2602 1054 et
2644 999 2894 1072 loquimur
2920 1000 3000 1071 (2.
3039 1000 3157 1055 Cor.
3186 1000 3240 1056 4.

1657 1087 1771 1154 15).
1794 1087 1925 1143 Nam
1951 1089 1996 1143 si
2022 1098 2201 1144 vetera
2233 1089 2336 1143 lide
2377 1104 2510 1159 opus
2553 1088 2853 1152 habebant.
2886 1106 3005 1159 qua:
3037 1099 3241 1146 tantum

1655 1179 1854 1236 distant
1875 1180 1943 1237 ab
1969 1180 2032 1235 iis
2062 1196 2181 1251 quae
2206 1181 2258 1235 in
2283 1197 2419 1237 nova
2447 1182 2564 1252 lege
2589 1190 2746 1247 sunt,
2777 1193 3030 1253 quantum
3051 1184 3241 1239 celum

1656 1287 1686 1328 a
1709 1282 1885 1338 terra,
1924 1272 2092 1327 multo
2134 1272 2304 1342 magis
2334 1280 2440 1327 tam
2478 1271 2783 1327 sublimium
2819 1273 3123 1344 dogmatum
3151 1290 3244 1329 co-

1654 1364 1845 1433 gnitio,
1876 1378 1995 1433 qua:
2025 1363 2078 1417 in
2108 1362 2306 1418 nullius
2334 1378 2584 1433 umquam
2610 1374 2839 1420 mentem
2870 1375 3148 1421 venerunt.
3186 1366 3242 1422 Id

1656 1453 1798 1523 quod
1818 1465 1872 1509 et
1898 1455 2011 1524 ipse
2046 1454 2352 1525 signiﬁcans
2386 1455 2633 1511 dicebat:
2666 1456 2795 1524 Quae
2819 1458 2997 1511 oculus
3034 1475 3137 1512 non
3162 1460 3241 1513 vi-

1656 1548 1730 1599 tlit
1750 1588 1764 1609 ,
1796 1554 1841 1600 et
1860 1548 2001 1602 auris
2028 1564 2129 1602 non
2174 1548 2396 1614 audivit,
2425 1557 2469 1601 et
2494 1548 2545 1600 in
2574 1564 2661 1601 cor
2687 1550 2904 1604 hominis
2942 1566 3042 1603 non
3066 1567 3245 1606 ascen.

1657 1640 1837 1694 derunt
1856 1682 1872 1709 ,
1903 1657 2014 1708 quia
2043 1641 2348 1711 praeparavit
2372 1639 2507 1695 Deus
2530 1640 2852 1711 diligentibus
2873 1658 2925 1695 se
2953 1643 3028 1711 (1.
3046 1641 3164 1697 Cor.
3184 1641 3240 1695 2.

1658 1732 1735 1801 9).
1771 1732 1856 1786 10.
1888 1732 1952 1785 Et
1977 1734 2161 1803 adjecit
2194 1733 2438 1786 Dominus
2467 1734 2602 1801 loqui
2630 1733 2697 1785 ad
2720 1734 2891 1785 Acltaz
2910 1733 3080 1786 dicens
3102 1748 3121 1787 .'
3153 1734 3241 1787 11.

1660 1822 1784 1878 Pete
1810 1824 1896 1877 tibi
1924 1824 2124 1894 signum
2142 1840 2174 1875 a
2206 1822 2424 1878 Domino
2453 1822 2558 1877 Deo
2587 1833 2673 1877 tuo
2700 1823 2752 1876 in
2774 1823 3083 1893 profundum
3103 1862 3118 1887 ,
3142 1823 3245 1878 sive

1658 1917 1709 1969 in
1726 1916 2103 1971 cxcelsumJQ.
2149 1915 2217 1969 Et
2261 1915 2389 1969 dixit
2428 1915 2634 1968 Actias:
2666 1912 2787 1967 Non
2829 1922 3024 1983 petam,
3050 1924 3104 1967 tet
3144 1930 3245 1969 non

1660 2011 1857 2066 tentabo
1886 2010 2184 2065 Dominum.
2237 2012 2321 2065 l3.
2370 2008 2435 2063 Et
2458 2009 2583 2065 dixit
2622 2007 2835 2064 Isaias:
2864 2008 3047 2064 Audite
3088 2025 3239 2080 ergo,

1659 2103 1837 2156 domus
1875 2100 2043 2155 David
2075 2114 2094 2155 :
2121 2098 2384 2170 Numquid
2412 2116 2593 2170 parum
2632 2098 2769 2153 vobis
2794 2106 2888 2165 est,
2920 2115 3130 2169 agonem
3151 2115 3243 2152 ea:-

1660 2191 1827 2246 Itibere
1854 2191 2180 2245 hominibus?
2223 2189 2285 2243 Et
2313 2206 2403 2243 cur
2446 2188 2664 2242 Domino
2712 2186 2952 2242 exlribetis
2992 2186 3247 2257 agonem?

1662 2282 1749 2338 14.
1785 2281 1998 2352 Propter
2026 2281 2119 2336 hoc
2140 2280 2277 2334 dabit
2307 2279 2551 2333 Dominus
2579 2280 2685 2348 ipse
2710 2278 2844 2332 vobis
2865 2278 3083 2349 signum.
3114 2276 3248 2331 Ecce

1660 2377 1802 2446 virgo
1826 2375 1879 2430 in
1922 2384 2064 2429 utero
2102 2373 2314 2441 accipiet
2338 2382 2385 2425 et
2429 2371 2590 2442 pariet
2641 2370 2805 2439 ﬁlium
2836 2385 2854 2424 .'
2883 2378 2930 2423 et
2960 2370 3204 2423 uocabunt
3228 2369 3245 2401 ⁸

1662 2483 1844 2521 nomen
1868 2466 1978 2536 ejus
2005 2463 2330 2519 Emmanuel.
2370 2462 2529 2517 Multa
2558 2461 2648 2516 Dei
2677 2460 3003 2531 indulgentia
3021 2500 3038 2527 ,
3072 2459 3248 2530 ingra-

1666 2560 1899 2614 tissimus
1944 2566 2027 2613 est
2053 2556 2193 2627 regis
2229 2555 2459 2611 animus.
2487 2552 2777 2622 Oportebat
2812 2552 2957 2608 enim
3000 2565 3248 2605 eumoau-

1664 2651 1776 2705 dito
1806 2649 2061 2720 propheta
2082 2690 2095 2711 ,
2125 2646 2193 2702 dc
2231 2646 2386 2701 dictis
2414 2645 2541 2699 nihil
2567 2643 2809 2698 dubitare
2839 2660 2853 2699 :
2882 2641 3023 2712 quod
3062 2641 3109 2696 si
3151 2640 3249 2695 du-

1666 2741 1899 2806 bitabat,
1940 2740 2127 2796 saltem
2168 2738 2282 2793 viso
2323 2737 2477 2806 signo
2512 2734 2772 2803 credere,
2812 2732 2952 2804 quod
3008 2732 3250 2803 plerique

1665 2833 1801 2903 apud
1824 2832 2038 2888 Iudaeos
2084 2830 2343 2885 iecerunt.
2373 2827 2581 2883 Etenim
2635 2826 2775 2880 Deus
2819 2825 3078 2895 benignus
3123 2839 3248 2880 eum

1666 2927 1769 2994 sit,
1801 2942 1905 2981 non
1940 2924 2206 2981 recusavit
2238 2936 2383 2991 saepe
2410 2921 2558 2991 signa
2603 2918 2844 2990 prtebere
2895 2916 3249 2973 crassioribus

1666 3027 1720 3074 et
1743 3018 1888 3073 humi
1940 3015 2247 3088 repentibus
2298 3023 2558 3082 terrasque
2586 3009 2759 3065 allixis
2804 3024 2821 3065 :
2875 3017 2932 3063 ut
2979 3008 3106 3063 fecit
3144 3007 3251 3063 Ge-

1666 3109 1825 3166 deoni
1881 3108 1979 3180 (a).
2029 3108 2163 3162 Cum
2210 3105 2353 3163 enim
2398 3102 2626 3175 (Achaz)
2678 3108 2823 3158 esset
2864 3100 3159 3171 imperitior
3195 3108 3251 3156 et

1668 3198 1953 3255 admodum
1994 3196 2176 3260 rudis,
2208 3195 2330 3251 vide
2370 3209 2476 3265 quo
2523 3194 2662 3249 Deus
2704 3207 2762 3248 se
2790 3191 3082 3247 demiserit.
3132 3190 3251 3261 Ipse

1669 3293 1816 3349 illum
1843 3291 2092 3356 attrahit,
2118 3299 2172 3346 et
2198 3290 2439 3343 hortatur
2466 3297 2527 3341 ut
2553 3286 2762 3357 signum
2793 3290 2936 3355 petat
2965 3305 2978 3339 :
3010 3284 3109 3339 etsi
3141 3298 3247 3338 non

1670 3404 1891 3462 parvum
1931 3388 2032 3443 hoc
2059 3387 2267 3457 signum
2293 3393 2441 3448 erat,
2466 3382 2580 3452 ejus
2610 3395 2799 3436 arcana
2828 3377 3075 3450 prodere,
3102 3377 3250 3447 ejus-

1670 3497 1776 3553 que
1817 3478 2137 3535 sententiam
2167 3484 2330 3531 totam
2361 3475 2412 3528 in
2463 3471 2698 3527 medium
2731 3469 3058 3540 producere,
3098 3478 3153 3524 et
3180 3468 3253 3522 si-

1672 3571 2017 3628 mulationem
2062 3568 2178 3639 ejus
2217 3579 2429 3621 omnem
2459 3563 2730 3633 detegere.
2781 3559 2913 3628 Quia
2942 3558 3084 3614 enim
3129 3572 3254 3627 pro-

1673 3662 1832 3735 pheta
1860 3658 2091 3723 dicebat,
2123 3656 2242 3711 Pete
2261 3656 2347 3709 tibi
2364 3656 2583 3726 signum,
2610 3651 2701 3707 ille
2720 3664 2849 3705 vero
2878 3662 2937 3705 se
2965 3646 3253 3703 admodum

1672 3753 1894 3811 credere
1923 3749 2179 3807 simulans
2206 3738 2714 3815 respondebat,N0n
2735 3748 2920 3809 petant,
2952 3746 3118 3793 etnon
3147 3746 3256 3791 ten-

1674 3844 1789 3899 tabo
1819 3841 2114 3905 Dominum,
2144 3836 2263 3893 vide
2280 3850 2401 3891 cum
2420 3838 2613 3904 quanta
2633 3828 2968 3886 vehementia
2995 3826 3253 3898 propheta

1673 3934 1966 3991 sectionem
2011 3927 2207 3999 inﬂigat
2232 3968 2248 3995 ,
2276 3926 2395 3996 jure
2424 3930 2545 3993 post
2567 3920 2984 3977 demonstratam
3033 3916 3256 3974 simula-

1675 4024 1871 4080 tionem
1916 4004 2126 4092 gravius
2166 4018 2430 4072 intentans
2455 4012 2678 4068 crimen.
2706 4008 2830 4064 ldeo
2872 4008 3017 4062 illum
3060 4021 3128 4061 ne
3167 4021 3255 4059 re-

1638 4120 1639 4123 “
1674 4115 1962 4187 sponsione
1978 4110 2187 4181 quidem
2204 4107 2470 4179 dignatur,
2493 4102 2586 4158 sed
2605 4101 2669 4156 ad
2689 4100 2940 4172 populum
2954 4112 3256 4154 sermonem

1675 4204 1938 4264 convertit
1970 4220 1983 4257 :
2014 4199 2399 4259 Audrte.domus
2428 4191 2632 4248 David:
2664 4190 2927 4260 Numquid
2958 4204 3140 4258 parum
3164 4204 3253 4241 vo-

1677 4298 1751 4353 bis
1778 4306 1885 4362 est,
1924 4306 2134 4364 agonem
2176 4286 2396 4359 prtebere
2432 4280 2756 4339 hominibus?
2795 4278 2863 4333 Et
2908 4296 2997 4332 cur
3038 4276 3258 4333 Domino

1676 4403 1888 4461 agonem
1913 4383 2179 4455 prwbclis?
2205 4380 2499 4437 Obscurum
2524 4384 2607 4431 est
2632 4374 2685 4429 id
2713 4372 2854 4444 quod
2876 4371 3069 4427 dicitur
3095 4386 3109 4424 :
3138 4370 3259 4425 ideo

1676 4460 1879 4535 dictum
1907 4475 2036 4531 illud
2083 4480 2332 4529 accurate
2359 4482 2443 4526 est
2489 4464 2887 4541 explicandum.
2918 4460 3071 4531 Quod
3116 4460 3260 4517 enim

1677 4574 1835 4637 dicit,
1860 4570 1962 4625 hoc
1984 4579 2067 4625 est
2097 4565 2271 4624 :Num
2301 4578 2419 4619 mea
2445 4561 2607 4617 verba
2634 4556 2797 4615 sunt?
2826 4571 2951 4611 num
2978 4568 3096 4609 mea
3135 4568 3261 4608 sen-

1680 4663 1881 4721 tentia?
1918 4660 1974 4717 Si
2011 4667 2189 4716 autem
2234 4654 2539 4712 hominibus
2564 4665 2670 4706 non
2713 4647 2933 4704 credere
2959 4646 3075 4700 sine
3102 4657 3263 4699 causa

1679 4771 1840 4829 grave
1865 4763 1919 4811 et
1940 4750 2313 4809 criminatione
2353 4746 2570 4816 dignum
2598 4749 2710 4806 est,
2740 4739 2906 4794 multo
2930 4735 3097 4806 magis
3128 4733 3259 4789 Deo.

1681 4828 1815 4909 illud
1847 4850 2027 4920 igitur,
2053 4857 2280 4916 agonem
2324 4839 2601 4911 praebere,
2642 4832 2773 4889 nihil
2801 4828 2944 4885 aliud
2971 4835 3056 4920 est
3101 4839 3261 4920 quani

1682 4946 1843 5003 ﬁdem
1866 4913 2228 5012 negareiﬂoc
2246 4976 2261 5001 ,
2289 4930 2494 5003 inquit,
2517 4941 2643 4983 num
2672 4937 2894 4995 parvum
2923 4919 3126 5012 crimen
3145 4913 3262 5012 esti

1683 5056 1749 5094 an
1781 5007 2342 5108 parvavcriminationis
2368 5037 2527 5080 causa
2552 5017 2857 5075 hominibus
2873 5028 2978 5071 non
3002 5007 3267 5068 credere?

1686 5104 1838 5197 Quod
1863 5128 1908 5183 si
1936 5127 2036 5181 hoc
2059 5137 2250 5196 grave,
2280 5117 2449 5174 multo
2480 5112 2649 5183 magis
2678 5124 2785 5165 non
2806 5104 3027 5165 credere
3059 5104 3191 5161 Deo.

1748 5270 1766 5301 ι
1804 5266 1862 5317 In
1878 5264 2038 5315 Bibliis
2059 5262 2260 5325 legitur,
2283 5261 2329 5308 et
2350 5250 2553 5305 vocabis.

1749 5352 1822 5414 (a)
1856 5320 2153 5414 nicgomnin‘o
2191 5350 2415 5405 putamus
2458 5332 2634 5414 aliquid
2648 5320 3272 5414 ἐφῇεξςξηκξεειδτιξξξ

1687 5385 2614 5467 ὶηιῧίυᾟῖιιὶίῖἶιῖἶέπ’έιῖίῖὲῖίιυυηίιιι-
2645 5394 2729 5467 de
2752 5385 3126 5467 ρεςἯέΔὲἓέ

1685 5450 2394 5530 labici;d'ewdc'hdio'dicfuutur:
2419 5450 2586 5530 {seque
3157 5456 3270 5530 eum

1687 5512 2183 5597 5}"éﬁipia'5tiéii,‘ii(
2191 5512 2271 5597 hic
2290 5512 2950 5597 Gedeonisjeset‘u‘pl'u‘mfif

1687 5520 2093 5597 edient—piamen,
2116 5536 2171 5577 ut
2192 5526 2271 5575 hic
2290 5520 2529 5596 Gedeonis
2561 5520 2860 5589 exemplum,
2880 5522 2950 5558 διο
2978 5520 3141 5617 raucis
3163 5520 3270 5577 rem

1685 5596 1958 5649 absolvere.
1993 5589 2126 5641 nullo
2155 5589 2268 5638 dato
2309 5596 2451 5649 srguo
2478 5580 2721 5633 iudicante
2751 5571 2881 5637 quod
2913 5582 2976 5619 re
3033 5566 3181 5632 quale
3204 5575 3270 5617 stt

1690 5660 1808 5714 illud
1833 5653 2129 5719 exemplum.
