3696 6278
398 282 469 338 83
1107 275 1165 332 S.
1203 270 1480 330 JOANNIS
1516 264 1984 328 CllllYSOSTOMl
2024 262 2342 321 ARCHIEI‘.
2381 261 2914 320 CONSTANTINOP.
3608 267 3642 321 8

468 394 522 450 5.
564 392 676 448 lloe
720 404 882 462 porro
928 387 1156 454 dicebat,
1189 396 1246 440 ut
1292 385 1559 440 discerent
1608 396 1813 444 omnes,
1848 395 1977 450 pro-

394 487 610 556 phetam
638 483 809 552 decipi
840 496 944 536 non
974 494 1151 551 posse,
1181 494 1278 533 nec
1321 493 1351 531 a
1394 475 1590 542 verbis,
1613 489 1732 543 quae
1777 471 1978 542 prolata

396 579 626 646 fuerant,
680 577 958 647 deceptum
1004 591 1145 642 esse,
1177 573 1270 628 sed
1321 571 1388 626 ab
1433 571 1514 632 iis,
1547 583 1665 639 qua:
1705 567 1756 621 in
1801 574 1980 620 mente

393 670 592 724 Acbazi
643 677 821 734 erant,
857 667 1062 722 ferebat
1106 662 1446 720 sententiam.
1477 661 1590 715 Hoc
1631 669 1684 713 et
1708 657 1979 713 Christum

391 776 535 830 saepe
576 760 764 814 fecisse
796 759 846 812 in
877 756 1176 826 Evangeliis
1207 754 1418 824 legitur.
1448 751 1601 806 Prius
1638 750 1778 805 enim
1822 761 1977 817 quam

393 850 901 906 demonstrationem
949 861 1012 901 ex
1071 846 1235 915 signis
1282 842 1566 914 prtcberet,
1597 838 1850 894 malitiam
1882 837 1979 891 Ju-

392 942 653 1006 dmorum,
683 955 839 1009 quam
882 947 1058 991 mente
1093 935 1399 998 versabant,
1441 933 1493 986 in
1526 931 1757 985 medium
1800 927 1976 997 profe-

391 1044 533 1094 rens,
572 1031 671 1083 hoc
698 1030 806 1098 jam
852 1044 956 1081 non
998 1040 1218 1095 parvum
1250 1025 1456 1093 signum
1495 1020 1726 1075 edebat:
1769 1028 1825 1071 ut
1857 1017 1978 1070 fecit

390 1123 530 1175 circa
561 1120 932 1190 paralyticnm.
976 1116 1108 1170 Cum
1142 1115 1284 1170 enim
1335 1114 1409 1166 illi
1449 1111 1668 1166 dixisset
1697 1126 1712 1164 :
1743 1107 1973 1175 Con/ide,

391 1213 487 1280 ﬁli,
510 1211 829 1263 dimittuntur
857 1209 946 1262 tibi
973 1217 1197 1277 peccata,
1224 1206 1429 1275 ipsique
1447 1203 1686 1257 dicerent
1708 1201 1758 1254 in
1782 1207 1978 1253 semet-

393 1305 542 1372 ipsis,
593 1302 917 1370 Blasphemat
949 1298 1158 1369 (Matth.
1189 1298 1244 1353 9.
1273 1295 1328 1350 2.
1361 1296 1416 1360 3)
1451 1313 1464 1347 :
1507 1294 1639 1347 dixit
1668 1292 1768 1346 illis
1799 1291 1977 1360 prius-

390 1409 547 1464 quam
580 1393 929 1464 paralyticum
963 1390 1240 1445 roboraret
1271 1407 1283 1442 :
1329 1387 1466 1454 Quid
1493 1384 1723 1457 cogitatis
1753 1383 1888 1436 mala
1925 1382 1978 1435 in

391 1485 626 1538 cordibus
652 1483 824 1536 vestris
851 1481 1011 1551 (Ibid.
1043 1497 1089 1533 υ.
1114 1480 1211 1549 tl)?
1258 1478 1545 1532 niaximum
1589 1475 1690 1529 hoc
1736 1472 1977 1542 praebens

390 1573 683 1629 divinitatis
711 1572 982 1637 indicium,
1021 1570 1161 1640 quod
1190 1583 1381 1623 arcana
1427 1567 1621 1621 mentis
1664 1571 1866 1620 nosset.
1902 1561 1977 1615 Tu

389 1665 545 1730 enim,
578 1663 767 1732 inquit,
814 1663 947 1715 nosti
989 1661 1143 1714 corda
1188 1662 1324 1715 solus
1375 1659 1450 1730 (5.
1481 1657 1610 1726 Reg.
1658 1655 1710 1710 8.
1763 1652 1880 1724 39).
1910 1653 1978 1706 Et

392 1755 556 1810 David
580 1769 762 1809 rursus
783 1754 885 1807 ait‘
913 1770 926 1807 :
953 1753 1198 1808 Scrutans
1223 1751 1380 1805 corda
1401 1760 1448 1804 et
1469 1766 1610 1804 renes
1638 1747 1772 1801 Deus
1800 1747 1973 1814 (Psal.

390 1845 445 1899 7.
471 1845 580 1915 10).
610 1844 722 1898 Hoc
751 1844 913 1898 etiam
943 1842 1216 1912 prophetis
1242 1855 1384 1909 saepe
1413 1840 1574 1895 dabat
1600 1839 1740 1893 Deus
1767 1847 1827 1892 ut
1853 1852 1978 1890 nos-

388 1944 509 1990 sent
533 1976 549 2001 ,
583 1943 642 1989 ut
667 1933 753 2004 qui
786 1933 1075 1988 audiebant
1119 1932 1242 1986 hinc
1269 1931 1590 1997 ediscerent,
1627 1929 1760 1984 nihil
1788 1945 1972 1985 eorum

387 2043 506 2096 qua:
549 2025 864 2081 dicebantur
904 2026 1191 2079 humanum
1222 2039 1361 2089 esse,
1391 2023 1485 2078 sed
1532 2037 1761 2092 superne
1804 2029 1859 2077 et
1907 2021 1974 2076 de

386 2118 531 2173 czelis
559 2131 719 2172 omne
749 2117 1024 2172 decretum
1071 2131 1190 2170 esse
1228 2115 1483 2170 delatum.
1527 2114 1652 2169 Ideo
1697 2114 1972 2168 vocalissi-

389 2223 508 2263 mus
538 2207 623 2263 hic
663 2208 826 2262 Isaias
853 2216 1133 2277 postquam
1165 2221 1288 2261 cum
1315 2206 1458 2259 omni
1487 2205 1851 2259 moderatione
1889 2218 1974 2258 re-

386 2314 505 2370 gem
551 2306 666 2355 erat
689 2298 1014 2368 alloquutus,
1039 2311 1266 2366 eumque
1295 2311 1324 2350 a
1352 2296 1506 2351 malis
1547 2296 1884 2357 liberaverat,
1910 2310 1974 2350 ac

386 2391 454 2447 de
487 2391 837 2462 praesentibus
863 2389 1136 2446 conﬁdere
1151 2390 1403 2459 jusserat,
1442 2399 1494 2444 et
1530 2389 1720 2445 indicia
1749 2389 1971 2460 hujusce

386 2483 463 2537 rei
496 2483 594 2553 ipsi
621 2482 960 2552 prtebuisset,
992 2482 1132 2551 quod
1161 2482 1439 2536 consilium
1471 2495 1530 2535 se
1556 2482 1970 2552 oppugnantium

385 2575 487 2643 ipsi
530 2575 851 2645 aperuisset,
883 2574 1238 2644 proditionem
1266 2573 1573 2638 detexisset,
1603 2574 1970 2643 excidiumque

386 2666 648 2736 integrum
677 2663 889 2720 lsraelis
925 2664 1274 2735 prtedixisset,
1306 2673 1359 2720 et
1402 2672 1610 2734 tempus
1646 2663 1966 2732 adjecisset:

388 2755 470 2810 bis
499 2772 602 2810 non
627 2763 929 2820 contentus,
954 2755 1179 2810 ulterius
1206 2755 1559 2826 progreditur,
1581 2770 1751 2824 neque
1777 2754 1971 2809 insistit

387 2857 446 2903 ut
475 2849 681 2919 signum
723 2849 976 2917 postulet,
1008 2848 1102 2904 sed
1129 2849 1297 2916 illum,
1328 2847 1398 2904 ob
1431 2849 1651 2904 nimiam
1683 2848 1970 2904 increduli-

385 2950 549 2996 tatem
596 2942 646 2995 id
697 2942 989 3007 nolentem,
1020 2942 1289 3007 hortatur;
1336 2956 1508 3012 neque
1551 2941 1602 2995 id
1634 2942 1965 3011 simpliciter,

382 3035 480 3090 sed
531 3034 752 3089 liberam
802 3043 1117 3104 potestatem
1169 3035 1378 3104 signum
1420 3034 1648 3104 eligendi
1695 3035 1963 3104 relinquit.

385 3125 569 3195 Neque
614 3126 756 3180 enim
802 3125 956 3196 dicit,
980 3126 1086 3181 hoc
1114 3125 1198 3180 vel
1250 3124 1375 3180 illud
1407 3125 1636 3195 signum,
1665 3125 1759 3180 sed
1789 3133 1845 3180 ut
1873 3141 1967 3180 vo-

380 3216 579 3284 lueris,
624 3217 732 3284 ait;
781 3217 930 3273 dives
958 3226 1044 3275 est
1085 3217 1358 3284 Dominus,
1393 3219 1730 3287 omnipotens
1775 3220 1963 3287 virtus,

383 3306 670 3363 inetl'abilis
697 3316 954 3378 potestas.
987 3306 1042 3362 Si
1068 3322 1132 3362 ex
1159 3308 1306 3362 caelis
1347 3308 1598 3374 volueris,
1633 3308 1759 3363 nihil
1801 3310 1967 3380 impe-

381 3397 498 3462 dit;
546 3398 590 3451 si
639 3413 703 3452 ex
737 3406 897 3463 terra,
926 3396 1056 3452 nihil
1103 3397 1368 3466 prohibet.
1415 3398 1470 3453 ld
1515 3399 1658 3453 enim
1708 3400 1807 3455 sibi
1855 3401 1971 3456 vult

379 3490 532 3556 illud,
561 3489 626 3543 In
647 3490 977 3561 profundum,
1009 3499 1097 3543 aut
1126 3492 1178 3544 in
1206 3492 1476 3546 excelsum.
1507 3490 1638 3545 Cum
1665 3501 1840 3547 autem
1867 3507 1966 3548 nec

378 3583 458 3635 sic
503 3597 625 3635 eum
679 3581 980 3647 adduxerit,
1009 3597 1077 3636 ne
1124 3580 1211 3636 hic
1258 3581 1472 3652 quidem
1525 3583 1704 3646 tacuit,
1734 3582 1828 3637 sed
1874 3597 1964 3638 reo

381 3669 738 3738 prcbensione
766 3670 1066 3739 subjuncta,
1097 3670 1254 3740 idque
1295 3670 1359 3725 ad
1398 3671 1822 3726 emendationem
1870 3686 1966 3727 au-

375 3762 594 3825 dientis,
612 3771 663 3816 et
688 3770 744 3816 ut
769 3762 1074 3817 ostenderet
1093 3773 1153 3818 se
1179 3777 1283 3817 non
1312 3763 1456 3817 illum
1477 3763 1768 3834 decepisse,
1790 3779 1964 3835 neque

374 3853 796 3908 circumvenisse
825 3853 1024 3919 verbis,
1072 3853 1403 3924 prophetiam
1447 3855 1648 3910 revelat
1692 3870 1957 3923 arcanam,

376 3945 429 3998 in
457 3944 683 3998 salutem
705 3943 849 3998 orbis
871 3945 1123 4011 futuram,
1148 3953 1200 3999 et
1230 3945 1281 4000 in
1307 3961 1488 4000 rerum
1520 3947 1755 4006 omnium
1781 3961 1962 4001 emen-

374 4033 648 4090 dationem
677 4053 688 4089 :
718 4037 896 4106 aitque
926 4037 1133 4107 signum
1171 4051 1278 4090 non
1302 4035 1554 4108 deinceps
1585 4037 1696 4092 dari
1726 4040 1960 4104 Achazo,

373 4125 467 4180 sed
497 4125 593 4181 toti
639 4125 948 4181 Iudaeorum
983 4126 1198 4197 p0pulo.
1234 4125 1388 4182 lnitio
1410 4129 1549 4182 enim
1581 4128 1753 4198 ipsum
1783 4144 1959 4200 regem

373 4216 778 4285 aIIOquebatur;
827 4220 948 4288 quia
995 4234 1122 4274 vero
1161 4234 1219 4274 se
1259 4221 1374 4288 ipse
1405 4220 1676 4291 indignum
1709 4221 1957 4288 reddidit,

379 4307 581 4362 turbam
607 4309 786 4376 populi
817 4309 1128 4378 alloquitur.
1159 4310 1302 4375 Ideo,
1325 4310 1512 4380 inquit,
1539 4311 1675 4364 dabit
1702 4327 1806 4366 non
1843 4312 1956 4378 tibi,

373 4396 468 4452 sed
496 4397 631 4450 vobis
659 4398 876 4468 signum.
920 4397 1089 4462 Vobis,
1115 4399 1467 4468 quibusnam?
1513 4401 1582 4455 lis
1625 4403 1712 4471 qui
1740 4410 1863 4456 sunt
1905 4402 1957 4457 in

374 4486 535 4542 domo
584 4488 771 4542 David.
830 4489 1040 4544 Etenim
1100 4490 1246 4545 illine
1293 4492 1502 4561 signum
1551 4502 1793 4547 exortum
1852 4501 1954 4548 est.

371 4577 650 4645 Quodnam
682 4578 841 4647 igitur
864 4588 945 4633 est
973 4579 1216 4650 signum?
1247 4580 1380 4634 Ecce
1399 4581 1536 4651 virgo
1563 4582 1614 4634 in
1647 4592 1787 4636 utero
1824 4584 1959 4636 acci-

370 4672 488 4741 piet,
520 4679 568 4723 et
612 4670 772 4738 pariet
799 4670 983 4739 filium,
1013 4679 1060 4724 et
1087 4671 1330 4725 vocabunt
1371 4688 1551 4725 nomen
1593 4674 1703 4743 ejus
1742 4671 1956 4727 Emma-

367 4763 510 4816 nuel.
545 4763 967 4831 Observandum,
989 4763 1040 4818 id
1066 4763 1207 4835 quod
1237 4773 1291 4818 et
1315 4773 1438 4820 ante
1459 4764 1590 4829 dixi,
1615 4780 1718 4820 non
1742 4765 1955 4821 Achazo

366 4853 550 4908 datum
585 4854 746 4910 fuisse
775 4856 1003 4925 signum.
1029 4855 1179 4923 Quod
1210 4864 1386 4912 autem
1416 4855 1468 4911 id
1509 4873 1613 4911 non
1658 4873 1724 4912 ex
1767 4857 1954 4927 conje-

365 4956 517 5001 ctura
562 4945 785 5012 dicatur,
821 4948 933 5016 ipse
981 4947 1237 5018 prOpheta
1269 4949 1566 5020 objurgavit
1604 4958 1660 5005 et
1685 4950 1954 5005 accusavit

366 5037 552 5092 dicens
577 5055 591 5090 :
625 5037 891 5108 Numquid
915 5055 1097 5109 parum
1123 5041 1257 5094 vobis
1287 5051 1358 5095 est
1381 5058 1591 5112 agonem
1613 5043 1833 5112 prtebere
1861 5042 1954 5096 ho-

365 5127 627 5181 minibus?
652 5138 706 5183 et
731 5127 957 5198 adjecit:
988 5128 1112 5183 Ideo
1138 5131 1276 5184 dabit
1301 5131 1549 5186 Dominus
1573 5134 1708 5188 vobis
1727 5133 1948 5205 signum.

365 5217 500 5273 Ecce
529 5219 666 5290 virgo
699 5221 751 5272 in
783 5231 923 5274 utero
963 5221 1178 5276 habebit.
1205 5222 1261 5278 Si
1305 5233 1482 5278 autem
1511 5224 1658 5294 virgo
1688 5239 1791 5280 non
1823 5225 1951 5280 fuis-

365 5319 470 5379 set,
501 5311 712 5381 signum
760 5326 865 5365 non
893 5322 1026 5366 erat.
1066 5313 1286 5382 Signum
1335 5315 1476 5369 enim
1525 5331 1700 5371 rerum
1753 5316 1945 5372 seriem

423 5421 600 5490 tineg._
623 5427 674 5470 et
695 5419 867 5490 savii".
880 5427 925 5471 et
949 5421 1318 5490 Pauius_rursu_s
1340 5423 1423 5474 ait.
1469 5426 1725 5490 Morel._et
1760 5435 1943 5487 Bavar.,

357 5487 403 5530 ct
444 5482 795 5548 Davidrursus
817 5482 902 5540 ait,
950 5489 1001 5548 et
1033 5485 1102 5533 sic
1125 5483 1251 5548 legit
1279 5485 1545 5548 Interpres.
1573 5488 1740 5538 Melius
1761 5497 1901 5538 certe
1929 5482 1941 5538 Ξ

357 5555 466 5606 nam
488 5544 581 5592 etsi
606 5544 813 5605 idipsum
859 5543 1046 5603 Paulus,
1072 5543 1199 5593 nom:
1226 5547 1273 5603 8,
1299 5547 1377 5606 ‘27,
1409 5543 1473 5596 ex
1497 5549 1675 5598 Davide
1699 5557 1947 5600 mutuatus

355 5603 585 5673 proterat,
603 5603 719 5673 cum
739 5607 903 5673 verba
918 5612 1102 5673 tantum
1126 5608 1330 5673 Davidis,
1367 5603 1592 5673 nihilque
1617 5610 1748 5661 aliud
1771 5611 1943 5662 alieru-

354 5670 451 5725 tnr,
472 5666 632 5714 Davidi
655 5665 831 5716 melius
847 5667 1133 5718 adscribitur
1155 5666 1304 5719 locus.

2094 376 2355 432 excedere
2378 376 2557 444 debet,
2587 384 2640 431 et
2680 385 2882 430 natura:
2925 376 3362 433 consuetudinem
3401 392 3653 447 superare

2088 466 2322 537 itemque
2361 482 2556 522 novum
2588 475 2642 522 et
2685 468 3106 536 inexspectatum
3141 483 3281 533 esse,
3326 469 3396 523 ita
3427 479 3483 523 ut
3508 469 3560 524 id
3593 470 3647 524 in

2086 557 2238 626 signe
2284 559 2354 614 sit
2404 559 2626 629 singulis
2653 558 2744 629 qui
2794 558 2975 614 vident
3001 569 3055 614 et
3082 561 3325 616 audiunt.
3379 559 3506 617 Ideo
3531 564 3653 616 enin

2085 650 2294 719 signum
2335 651 2654 721 appellatur,
2682 650 2823 720 quod
2866 651 2934 705 sit
2974 651 3202 722 insigne.
3249 650 3458 722 insigne
3493 662 3653 707 auten

2086 757 2192 798 non
2243 743 2419 811 fuerit,
2449 744 2493 798 si
2532 745 2810 799 delitescat
2851 745 2904 798 iu
2934 745 3315 800 communitate
3353 755 3653 799 eaeterarun

2085 847 2283 887 rerum.
2327 833 2508 904 Itaque
2551 833 2595 888 si
2623 849 2800 888 sermo
2826 843 2970 889 esset
3013 835 3081 890 de
3108 835 3331 889 muliere
3376 835 3653 889 secundun

2084 934 2288 979 natura:
2339 925 2506 995 legem
2561 925 2830 994 pariente,
2875 941 2970 980 cur
3013 926 3222 996 signum
3267 935 3488 981 vocaret
3531 943 3653 996 qum

2085 1014 2322 1083 quotidie
2369 1014 2482 1069 ﬁeri
2533 1015 2712 1070 solet?
2755 1016 2877 1070 Ideo
2907 1017 2959 1071 in
3006 1016 3228 1071 exordio
3257 1019 3535 1083 sermonis,
3568 1035 3653 1071 not

2086 1107 2401 1177 simpliciter
2421 1107 2574 1172 dixit,
2619 1107 2758 1162 Ecce
2783 1108 2950 1177 virgo,
2978 1108 3092 1171 sed,
3125 1107 3254 1162 Ecce
3279 1109 3386 1162 ha'c
3409 1109 3549 1179 virgo
3573 1108 3649 1179 (a)

2085 1197 2358 1252 additioue
2386 1197 2592 1251 articuli
2628 1198 2887 1267 insignem
2914 1197 3219 1266 quamdam,
3249 1207 3303 1253 et
3331 1198 3470 1252 hanc
3498 1199 3649 1252 solan

2085 1289 2250 1344 fuisse
2280 1290 2433 1344 nobis
2462 1289 2827 1344 subindieans.
2856 1289 3006 1356 Quod
3038 1291 3178 1345 enim
3212 1291 3314 1346 hoc
3338 1290 3644 1346 additamen

2084 1394 2194 1437 tum
2239 1381 2289 1437 id
2335 1381 2617 1453 signiﬁcet,
2661 1397 2726 1437 ex
2764 1381 3065 1452 Evangeliis
3109 1382 3317 1437 discere
3360 1397 3648 1451 possumus

2082 1475 2213 1529 Cum
2240 1475 2382 1530 enim
2407 1474 2471 1529 ad
2496 1474 2755 1529 Joannem
2781 1474 3234 1530 misissentJudtei
3263 1475 3650 1544 interrogantes

2086 1564 2210 1631 Quis
2247 1566 2338 1619 es?
2368 1580 2472 1619 non
2507 1564 2775 1629 dicebant,
2807 1564 2888 1619 Tu
2917 1578 2977 1619 es
3001 1563 3280 1627 Christus;
3310 1563 3427 1632 sed,
3453 1565 3516 1621 Si
3544 1576 3597 1619 tu
3625 1584 3653 1619 ei

2081 1658 2167 1712 ille
2191 1657 2420 1714 Christus
2448 1675 2468 1712 :
2495 1673 2666 1728 neque
2709 1657 2974 1722 dicebant,
3006 1655 3086 1710 Tu
3114 1671 3172 1711 es
3215 1657 3504 1726 pr0pheta;
3536 1659 3633 1713 sed

2082 1751 2145 1806 Si
2172 1761 2224 1805 tu
2251 1767 2302 1805 es
2330 1752 2416 1805 ille
2440 1751 2686 1822 propheta
2706 1750 2886 1819 (Joan.
2929 1751 2981 1804 l.
3015 1749 3219 1820 19.25)
3244 1767 3257 1804 :
3290 1751 3430 1819 quod
3463 1761 3642 1804 utrum

2080 1858 2184 1912 que
2214 1845 2466 1898 eximium
2496 1853 2630 1898 erat.
2664 1843 2787 1898 Ideo
2816 1843 3050 1898 Joannes
3077 1843 3418 1914 Evangelium
3450 1845 3653 1900 ordiens

2080 1950 2185 1989 non
2208 1934 2437 2000 dicebat,
2470 1935 2521 1988 In
2552 1935 2812 2004 principio
2836 1947 2949 1990 erat
2977 1934 3226 2001 Verbum,
3265 1935 3381 2002 sed,
3417 1934 3481 1989 In
3522 1936 3653 2004 print

2078 2027 2209 2096 cipio
2255 2035 2364 2080 erat
2409 2025 2539 2080 illud
2576 2025 2812 2092 Verbum,
2842 2036 2890 2079 et
2937 2026 3067 2080 illud
3117 2025 3329 2081 Verbum
3373 2036 3480 2080 erat
3526 2045 3653 2097 aput

2079 2115 2242 2171 Deum
2274 2117 2451 2187 (Joan.
2488 2117 2538 2187 _l.
2583 2117 2658 2187 1).
2699 2116 2788 2171 Sic
2827 2115 3006 2172 ethoc
3044 2116 3163 2172 loco
3205 2131 3310 2172 non
3340 2117 3492 2186 dixit,
3527 2119 3653 2172 Ecct

2079 2211 2248 2281 virgo,
2268 2211 2382 2276 sed,
2407 2183 2532 2263 Εεῖε
2551 2215 2657 2263 Iure
2682 2212 2819 2281 virgo
2845 2225 2863 2264 :
2887 2225 2948 2264 ac
2969 2225 3087 2265 eum
3110 2210 3363 2281 dignitate
3389 2212 3653 2281 propheta

2077 2303 2410 2358 convenienti
2443 2302 2592 2366 illud,
2629 2301 2776 2368 Ecce,
2806 2303 3164 2372 prmmittitur.
3202 2303 3332 2358 Nam
3381 2303 3549 2360 ferme
3579 2307 3653 2359 vi-

2077 2394 2253 2450 dentis
2297 2404 2350 2449 et
2397 2395 2681 2465 imaginem
2711 2394 2764 2449 in
2814 2405 2992 2450 mente
3037 2395 3283 2452 habentis
3327 2395 3439 2452 lucc
3483 2410 3653 2452 erant

2077 2486 2401 2554 multamque
2450 2485 2502 2540 in
2546 2499 2604 2540 se
2657 2484 2903 2540 habentis
2949 2500 3132 2541 eorum
3181 2502 3298 2556 qua:
3349 2486 3653 2542 dicebantm

2076 2578 2417 2633 evidentiam.
2463 2576 2595 2632 Nam
2643 2577 2716 2631 illi
2746 2577 2882 2632 oculi
2922 2579 3116 2633 clarius
3141 2594 3297 2648 quam
3348 2580 3514 2635 nostri
3569 2581 3653 2635 ill:

2075 2668 2175 2722 sub
2213 2676 2486 2737 aspectum
2530 2683 2634 2722 non
2679 2667 2920 2723 cadentia
2964 2667 3234 2723 videbant.
3262 2669 3463 2726 Sensus
3513 2671 3653 2726 enin

2073 2759 2248 2830 decipi
2278 2768 2486 2830 potest;
2514 2759 2745 2830 Spiritus
2775 2775 2904 2816 vero
2949 2761 3119 2831 gratia
3145 2761 3276 2816 nulli
3311 2759 3534 2818 fallacia:
3562 2763 3653 2818 ob

2077 2853 2289 2906 noxiam
2322 2852 2639 2906 sententiam
2669 2851 2959 2921 praebebat.

2145 2942 2198 2997 6.
2233 2942 2298 2996 Et
2322 2957 2417 2997 cur
2443 2956 2547 2997 non
2578 2941 2791 3011 adjecit,
2822 2941 3048 3012 inquies,
3078 2949 3283 3012 partum
3306 2941 3420 2999 fore
3445 2957 3512 2998 ex
3542 2942 3653 3013 Spit

2073 3034 2177 3088 ritu
2205 3033 2425 3088 sancto?
2452 3032 2732 3102 Prophetia
2763 3043 2876 3088 erat
2901 3032 2954 3087 id
2981 3031 3121 3103 quod
3152 3032 3445 3098 dicebatur,
3475 3044 3530 3088 et
3561 3035 3653 3088 sul

2073 3125 2257 3180 umbra
2284 3125 2584 3180 annuntiari
2606 3123 2852 3189 debebat,
2885 3134 2942 3179 ut
2969 3139 3110 3194 saepe
3134 3123 3264 3188 dixi,
3295 3123 3363 3179 ob
3393 3124 3648 3194 ingratnn

2074 3218 2401 3273 audientium
2423 3217 2684 3285 animum,
2708 3231 2775 3273 ne
2801 3216 2977 3272 omnia
3003 3216 3148 3271 clare
3177 3215 3464 3282 discentes,
3495 3216 3651 3270 libro:

2072 3323 2257 3365 omnes
2299 3309 2696 3364 comburerent.
2741 3308 2798 3364 Si
2829 3323 3056 3379 namque
3098 3307 3371 3378 prophetis
3409 3323 3520 3362 non
3569 3325 3651 3378 pe«

2073 3411 2379 3473 percerunt,
2401 3402 2571 3457 multo
2601 3400 2776 3456 minus
2793 3416 2820 3454 a
2840 3401 3048 3469 scriptis
3075 3399 3482 3455 abstinuissent.
3508 3400 3651 3466 Qum

2070 3501 2248 3548 autem
2277 3493 2327 3548 id
2360 3509 2465 3547 non
2499 3508 2566 3548 ex
2593 3492 2897 3562 conjectura
2923 3493 3121 3546 dictum
3153 3492 3241 3557 sit,
3274 3489 3411 3545 alius
3437 3490 3649 3559 quidan

2070 3600 2168 3640 rex
2201 3585 2300 3640 sub
2325 3585 2556 3640 Jcremia
2576 3624 2592 3650 ,
2623 3598 2742 3639 cum
2772 3583 2915 3652 ipsos
2941 3582 3102 3639 libros
3130 3583 3456 3652 accepisset,
3493 3581 3649 3638 disci

2071 3676 2165 3740 dit,
2195 3685 2248 3730 et
2291 3676 2397 3746 igni
2443 3675 2656 3730 tradidit
2699 3673 2832 3744 (Jer.
2875 3674 2962 3729 36.
3013 3672 3127 3744 ‘23).
3160 3673 3350 3728 Viden’
3391 3673 3649 3728 insanian

2071 3767 2499 3823 intolerabilem?
2527 3766 2698 3821 viden‘
2714 3766 2843 3819 iram
2868 3765 3074 3820 ratione
3097 3779 3315 3819 vacuam
3333 3764 3357 3818 ?
3376 3763 3496 3819 Non
3526 3766 3649 3820 satis

2070 3863 2170 3933 ipsi
2199 3863 2296 3918 fuit
2322 3861 2515 3932 scripta
2547 3861 2862 3917 obliterasse
2881 3903 2895 3927 ,
2923 3861 3081 3915 etiam
3122 3859 3434 3924 combussit,
3465 3869 3530 3914 ut
3571 3876 3649 3915 rat

2071 3956 2230 4011 tionis
2257 3965 2531 4027 expertem
2563 3954 2809 4009 allectum
2839 3953 3102 4023 impleret.
3138 3952 3385 4007 Attamen
3414 3952 3518 4007 etsi
3566 3954 3642 4006 mi

2068 4049 2248 4104 rabilis
2267 4048 2353 4103 hic
2373 4046 2634 4117 prOpbeta
2652 4046 2879 4101 obscure
2901 4044 3150 4114 loquutus
3171 4044 3258 4109 sit,
3287 4051 3454 4098 totum
3475 4052 3647 4098 tamet

2068 4141 2328 4197 exhibuit.
2361 4140 2521 4210 Virgo
2561 4153 2809 4209 namque,
2851 4136 3024 4192 donec
3075 4145 3256 4190 manet
3295 4135 3478 4205 virgo,
3517 4138 3647 4189 ιιηώ

2068 4248 2259 4305 parere
2290 4232 2490 4303 possit,
2530 4231 2629 4286 nisi
2657 4245 2722 4286 ex
2749 4229 2949 4300 Spiritu
2992 4231 3213 4286 saneto?
3242 4228 3468 4285 Solvere
3513 4231 3647 4284 enin

2066 4327 2236 4396 legem
2264 4335 2466 4380 natura:
2493 4339 2598 4379 non
2640 4324 2858 4379 alterius
2886 4333 3034 4393 erat,
3064 4337 3220 4392 quam
3263 4321 3377 4392 ejus
3403 4321 3496 4392 qui
3529 4337 3643 4376 con

2067 4417 2199 4471 didit
2228 4425 2495 4470 naturam.
2521 4415 2704 4484 Itaque
2731 4429 2853 4469 cum
2884 4412 3053 4468 dixit:
3075 4411 3232 4482 Virgo
3257 4412 3444 4481 pariet,
3483 4421 3645 4467 totun

2066 4506 2373 4561 declaravit.
2407 4504 2637 4560 Proinde
2662 4503 2805 4558 dicto
2847 4511 3020 4573 partu,
3061 4501 3191 4557 dicit
3217 4511 3272 4556 et
3310 4515 3510 4557 nomen
3541 4503 3645 4572 ejui

2065 4597 2155 4666 qui
2194 4607 2351 4651 natus
2375 4605 2477 4661 est,
2511 4611 2615 4650 non
2646 4594 2697 4650 id
2738 4594 2881 4665 quod
2915 4593 2965 4648 ei
3012 4593 3316 4663 impositum
3343 4604 3444 4658 εει,
3475 4595 3581 4648 sed
3616 4597 3645 4648 lt

2064 4689 2206 4760 quod
2228 4705 2294 4745 ex
2322 4689 2480 4745 rebus
2522 4688 2652 4759 ipsis
2689 4688 2762 4742 illi
2803 4687 3157 4758 competebat.
3186 4685 3643 4752 Quemadmodun

2061 4781 2203 4837 enim
2221 4781 2518 4838 Jerusalem
2547 4790 2700 4836 vocat
2723 4781 2991 4836 civitatem
3013 4779 3234 4850 justitia:
3259 4779 3408 4850 (lsai.
3442 4779 3502 4833 Ι.
3533 4779 3643 4849 26)

2061 4871 2183 4929 licet
2234 4888 2492 4944 nusquam
2541 4871 2644 4928 hoc.
2691 4871 2906 4927 nomine
2958 4871 3222 4941 appellata
3273 4870 3381 4936 sit,
3426 4872 3531 4926 sed
3595 4887 3643 4927 e:

2058 4965 2221 5020 rebus
2249 4965 2377 5035 ipsis
2409 4963 2546 5018 hanc
2572 4963 2759 5019 sortita
2785 4963 2854 5019 sit
2885 4961 3342 5018 nomenclaturam
3362 5003 3376 5028 ,
3405 4977 3476 5017 eo
3507 4979 3643 5034 ειιιοι

2057 5055 2341 5111 admodum
2365 5054 2614 5111 mutanda
2638 5054 2688 5109 in
2713 5055 2902 5109 melius
2923 5063 2975 5108 et
3000 5053 3265 5122 tequitatis
3286 5053 3641 5123 patrocinium

2057 5147 2195 5202 foret
2213 5146 2430 5220 (etenim
2449 5162 2568 5202 cum
2593 5146 2734 5200 illam
2755 5146 3090 5200 meretricem
3108 5154 3260 5200 vocat
3278 5143 3438 5217 :lbid.
3459 5161 3513 5198 υ.
3535 5147 3641 5218 2|]

2057 5255 2163 5294 non
2191 5239 2454 5308 signiﬁcat
2477 5253 2594 5292 eam
2623 5236 2906 5308 aliquando
2925 5235 3025 5290 hoc
3051 5237 3264 5291 nomine
3291 5235 3452 5291 fuisse
3482 5253 3636 5292 νος..

2058 5342 2199 5397 tam;
2228 5329 2322 5385 sed
2351 5345 2382 5384 a
2414 5328 2649 5400 nequitia
2680 5343 2872 5384 nomen
2914 5328 3169 5398 imponit;
3197 5328 3273 5383 sic
3315 5335 3370 5382 et
3396 5337 3606 5398 postea
3638 5349 3641 5383 :

2113 5485 2186 5546 (a)
2219 5483 2274 5533 In
2297 5491 2473 5550 caeco,
2492 5491 2574 5550 wet
2589 5493 2832 5550 'ij_u90ivo¢,
2849 5495 2960 5532 cum
2981 5480 3183 5531 articulo
3203 5483 3284 5550 qui
3303 5480 3520 5550 aliquam
3549 5488 3639 5534 viri

2049 5545 2214 5609 ginem
2251 5547 2502 5609 speciatim
2537 5545 2741 5609 indicat;
2766 5557 2935 5605 ωριινος
2963 5551 3160 5609 autem,
3201 5545 3357 5609 t‘irgo,
3387 5546 3639 5609 _\'irt;i.tt‘tt

2051 5604 2324 5670 generatim
2369 5607 2501 5670 dicit.
2532 5605 2642 5670 _Vox
2670 5604 2923 5667 adjectiva,
2954 5604 3076 5668 hac,
3116 5604 3319 5656 multum
3355 5606 3503 5657 abest
3532 5621 3639 5670 qun

2051 5667 2238 5722 articuli
2254 5669 2402 5720 (ἐι-αξςὶ
2417 5670 2512 5718 tam
2531 5667 2726 5720 habeat.
