3696 6278
117 271 151 324 l5
798 318 805 324 .
1337 263 1406 321 IN
1443 264 1696 338 ISAIAM,
1734 269 1888 328 CAP.
1932 273 2046 331 VII.
3243 281 3311 336 86

118 378 258 450 rittute)
286 394 298 432 :
328 376 564 448 idipsum
595 377 773 449 itaque
801 375 870 434 de
898 375 1112 434 Christo
1139 375 1446 447 dicendum,
1475 379 1620 451 quod

116 487 236 541 nempe
256 470 345 540 ipsi
381 484 449 523 ex
487 470 652 526 rebus
695 484 889 524 nomen
934 469 1267 538 imposuerit.
1308 469 1458 524 Tunc
1479 472 1622 525 enim

114 563 270 619 maxime
293 560 572 616 nobiscum
597 562 738 616 Deus
764 559 934 614 factus
960 567 1062 627 est,
1087 574 1210 614 cum
1239 560 1290 614 in
1315 568 1455 614 terra
1479 559 1623 615 visus

111 667 168 721 est,
187 664 228 707 et
251 668 361 708 cum
405 653 726 708 hominibus
759 660 1106 707 conversatus
1148 660 1267 718 est,
1295 652 1623 722 multamque

109 762 182 818 ep
205 760 287 801 nos
309 745 709 814 providentiam
748 744 1008 800 exhibuit.
1038 742 1156 799 Non
1181 743 1323 798 enim
1353 744 1492 798 ultra
1529 758 1625 798 au-

107 849 216 909 guris,
238 853 332 892 non
356 838 724 908 archangelus
750 837 1052 903 nobiscum,
1080 835 1174 890 sed
1202 835 1317 906 ipse
1345 836 1620 902 Dominus,

104 934 158 1003 qui
179 931 463 996 descendit,
499 946 715 986 omnem
743 932 796 985 in
825 946 884 985 se
909 930 1144 1000 suscepit
1171 929 1621 996 emendationem,

105 1040 179 1077 cum
195 1023 550 1078 meretricibus
566 1023 813 1094 loquens,
834 1037 954 1076 cum
973 1022 1270 1092 publicanis
1287 1022 1622 1088 recumbens,

106 1119 134 1169 in
155 1123 459 1185 pemtorum
492 1115 688 1170 domus
717 1113 1041 1185 ingrediens,
1071 1115 1368 1170 latronibus
1398 1114 1621 1170 liberam

106 1207 287 1276 i-tqnendi
330 1207 590 1263 ﬁduciam
623 1207 811 1262 indens
832 1249 848 1274 ,
885 1222 1069 1277 magos
1103 1206 1400 1270 attrahens,
1444 1207 1626 1262 omnia

105 1301 362 1368 perlustrans
396 1309 458 1355 et
499 1300 830 1365 reformans,
872 1299 1044 1370 ipsam
1088 1308 1334 1354 naturam
1377 1301 1479 1355 sibi
1525 1301 1626 1371 ipsi

105 1393 249 1444 sitiens.
272 1390 393 1445 Haec
420 1393 608 1460 itaque
625 1391 801 1446 omnia
827 1384 1081 1461 propheta
1100 1391 1445 1461 prmttuntiat,
1469 1393 1625 1446 simul

104 1493 251 1552 partum
276 1483 501 1548 dicens,
541 1493 597 1537 et
623 1493 804 1551 partus
846 1482 1053 1538 lucrum
1097 1483 1364 1538 ineffabile
1402 1483 1530 1538 illud
1572 1492 1627 1539 ct

103 1579 376 1632 immensum.
421 1573 564 1630 Cum
611 1576 750 1630 enim
803 1575 943 1630 Deus
985 1589 1108 1630 cum
1152 1575 1460 1630 hominibus
1505 1584 1622 1642 est,

101 1666 183 1719 nihil
207 1666 330 1719 ultra
361 1665 689 1731 timendum,
733 1665 862 1720 nihil
891 1665 1256 1734 tremendum,
1285 1666 1381 1722 sed
1412 1666 1480 1722 de
1505 1681 1626 1720 om-

101 1755 486 1810 attendendum
515 1764 599 1812 est
629 1773 644 1809 :
678 1756 730 1810 id
759 1756 900 1827 quod
927 1757 1088 1811 etiam
1128 1756 1327 1812 factum
1355 1765 1458 1812 est.
1492 1756 1624 1812 Nam

100 1848 255 1916 ntiqua
294 1846 380 1900 illa
419 1856 479 1902 et
511 1848 729 1901 immota
756 1846 894 1901 mala
921 1847 1096 1901 soluta
1127 1856 1272 1912 sunt,
1304 1847 1412 1901 lata
1439 1856 1625 1903 contra

99 1953 317 1993 tammune
357 1938 648 1993 hominum
695 1953 863 2008 genus
905 1940 1168 1994 sententia
1215 1939 1460 1995 submota
1507 1950 1621 2010 est,

100 2031 345 2100 peccatique
373 2031 533 2086 nervi
565 2032 706 2100 rupti
732 2039 888 2095 sunt,
917 2030 1114 2085 diaboli
1146 2031 1385 2102 tyrannis
1413 2033 1588 2088 soluta
1607 2075 1623 2100 ,

98 2125 412 2195 paradisusque
440 2123 696 2180 omnibus
724 2125 1028 2180 inaccessas
1049 2125 1330 2180 homicida:
1354 2136 1410 2180 et
1431 2127 1626 2182 latroni

99 2219 260 2282 primum
299 2218 582 2286 aperitur,
609 2217 853 2272 caelestes
892 2216 1125 2274 fornices
1162 2227 1490 2283 reserantur,
1522 2219 1625 2273 ho-

97 2323 232 2376 neque
252 2322 370 2363 cum
393 2308 610 2379 angelis
629 2309 1028 2375 commiscetur,
1057 2324 1119 2365 ac
1143 2319 1328 2363 natura
1359 2320 1538 2365 nostra
1559 2310 1626 2366 ad

97 2401 240 2467 regium
259 2400 453 2453 solium
487 2399 771 2454 adducitur
795 2418 808 2454 :
835 2400 1026 2454 inferni
1049 2415 1233 2455 carcer
1254 2401 1458 2456 inutilis
1485 2417 1630 2457 mor-

96 2493 212 2558 tique
228 2505 420 2545 nomen
453 2491 631 2545 solum
665 2492 896 2558 mansit,
920 2507 980 2547 re
1008 2492 1125 2562 ipsa
1163 2507 1388 2547 vacuum
1422 2511 1436 2548 :
1478 2507 1623 2547 mar-

96 2594 213 2650 tyrum
239 2585 383 2639 chori
406 2626 424 2651 ,
456 2593 516 2639 et
540 2585 796 2639 mulieres
825 2584 1072 2640 stimulos
1101 2585 1298 2640 inferni
1329 2585 1625 2654 fregerunt.

137 2673 287 2727 Castra
308 2674 632 2729 Marcionem
651 2684 698 2729 et
727 2674 1066 2729 Valentinum.
1085 2703 1155 2715 —-
1173 2675 1298 2731 Iltec
1315 2675 1492 2747 itaque
1513 2691 1628 2730 om-

97 2765 145 2816 tia
165 2765 446 2834 pravidens
479 2765 742 2836 propheta
768 2765 1067 2820 exsultabat
1087 2774 1141 2822 et
1160 2765 1385 2821 choreas
1412 2765 1622 2836 agebat,

149 2871 228 2910 uno
255 2855 420 2912 verbo
455 2856 642 2912 omnia
681 2856 837 2910 nobis
871 2855 1186 2919 declaravit,
1217 2856 1623 2911 Emmanuelem

99 2947 202 3001 [3;th
221 2950 611 3018 pmnuntians.
637 2947 725 3003 I5.
753 2946 1003 3018 Butyrum
1028 2956 1074 3002 et
1097 2947 1195 3000 mel
1214 2947 1458 3013 comedet,
1485 2955 1628 3001 ante-

219 3041 333 3094 sciat
364 3042 484 3110 ipse
505 3040 580 3094 uel
614 3040 902 3110 prteeligere
926 3041 1089 3104 mala,
1122 3040 1270 3108 eliget
1296 3040 1500 3094 bonum.
1535 3040 1622 3094 16.

97 3133 184 3190 tisi:
209 3142 481 3203 antequam
509 3133 635 3186 sciat
671 3148 798 3202 puer
822 3130 1006 3186 bonum
1038 3140 1125 3185 aut
1157 3131 1347 3186 malum
1365 3174 1379 3197 ,
1408 3148 1511 3186 non
1539 3133 1627 3186 ob-

97 3234 276 3291 :eapcmt
300 3225 543 3290 malitia,
570 3233 625 3277 ut
653 3224 807 3295 eligat
838 3224 1045 3278 bonum.
1074 3223 1335 3290 Quoniam
1363 3239 1496 3294 puer
1525 3224 1625 3279 iste

96 3326 375 3386 missaeque
415 3315 586 3371 homo
610 3314 837 3384 simplex
863 3323 998 3380 erat,
1023 3328 1197 3384 neque
1223 3314 1366 3369 Deus
1396 3322 1623 3380 tantum,

98 3405 151 3457 sed
168 3405 285 3461 Deus
311 3407 366 3462 in
401 3407 652 3472 homine,
675 3405 794 3476 jure
822 3404 1081 3475 propheta
1107 3419 1410 3460 sermonem
1432 3405 1625 3474 variat,

97 3509 184 3550 tunc
209 3496 337 3563 hoc,
381 3511 537 3552 nunc
576 3494 706 3550 illud
750 3495 955 3561 dicens,
988 3495 1247 3566 stupenda
1280 3510 1622 3566 .proponens,

95 3600 154 3637 tu
173 3589 480 3655 permittens
525 3595 584 3642 ut
612 3586 742 3642 fides
784 3597 1008 3657 negetur
1055 3587 1370 3642 (economite
1408 3595 1627 3658 propter

94 3677 374 3733 eminentiam
425 3677 701 3733 miraculi.
733 3677 864 3733 Cum
910 3677 1142 3732 dixisset
1181 3678 1324 3732 enim
1365 3678 1625 3749 virginem

94 3781 167 3820 esse
189 3770 501 3837 parituram,
533 3768 589 3823 id
617 3767 757 3837 quod
786 3777 1031 3822 naturam
1058 3768 1364 3839 superabat,
1385 3776 1441 3824 et
1465 3768 1618 3826 illum

93 3854 345 3915 hmanael
369 3858 678 3914 vocandum
701 3873 839 3922 esse,
868 3858 1008 3928 quod
1031 3860 1202 3928 ipsum
1225 3859 1625 3929 exspectatione

93 3950 207 4016 anius
225 3960 356 4016 erat,
379 3967 456 4007 ne
485 3951 605 4021 quis
625 3949 1030 4005 Emmanuelem
1050 3950 1293 4017 audiens,
1322 3951 1372 4005 in
1402 3951 1626 4006 Marcio-

90 4041 137 4093 n;
158 4049 202 4096 et
223 4042 271 4096 in
290 4041 572 4098 Valentini
599 4041 844 4096 morbum
863 4041 1142 4108 incideret,
1171 4051 1388 4114 propter
1405 4043 1624 4115 dispen-

89 4133 311 4200 sationem,
339 4134 702 4190 clarissimam
731 4133 938 4190 induxit
962 4134 1378 4204 dispensationis
1398 4135 1622 4193 demon-

86 4227 338 4282 strationem
397 4226 480 4300 (α)
508 4270 523 4294 ,
567 4243 600 4282 a
647 4242 831 4283 mensa
866 4227 967 4298 ipsi
1016 4226 1175 4282 fidem
1223 4227 1444 4284 faciens.
1480 4229 1618 4297 Quid

85 4328 102 4363 ε
119 4316 180 4368 alin
204 4318 318 4371 ait?
340 4317 600 4388 Butyrum
624 4325 672 4372 et
698 4316 796 4370 mel
823 4317 1064 4372 comedet.
1108 4316 1166 4372 Id
1194 4333 1322 4374 vero
1347 4334 1454 4374 non
1482 4319 1619 4375 divi-

83 4405 212 4462 nitatis
233 4408 423 4473 fuerit,
448 4407 544 4462 sed
576 4415 778 4462 natura:
808 4417 1026 4462 nostrze.
1077 4407 1284 4464 Idcirco
1328 4409 1471 4464 enim
1514 4426 1620 4466 non

81 4499 336 4566 smpliciter
380 4500 437 4554 in
482 4497 698 4554 homine
734 4498 802 4553 ab
835 4513 894 4554 se
929 4497 1156 4554 formato
1183 4498 1438 4556 habitavit
1464 4543 1481 4570 ,
1514 4501 1610 4558 sed

81 4589 193 4642 etiam
218 4589 264 4644 in
292 4600 454 4645 utero
485 4598 724 4661 gestatus
748 4598 831 4644 est
855 4631 869 4654 ,
912 4589 1072 4660 idque
1116 4605 1212 4660 per
1238 4607 1430 4648 novem
1458 4608 1609 4650 men-

81 4692 148 4741 ss,
169 4691 365 4747 partum
398 4695 717 4752 pannosque
742 4679 923 4745 subiit,
947 4689 1001 4736 et
1025 4681 1202 4737 cibum
1235 4683 1448 4739 tenella:
1476 4687 1618 4742 aetati

79 4781 476 4839 tzrtsentaneum,
505 4780 563 4825 ut
593 4787 687 4839 per
712 4771 828 4826 haec
852 4771 1031 4826 omnia
1060 4785 1122 4827 os
1151 4772 1423 4829 obturaret
1442 4775 1508 4830 iis
1523 4776 1614 4847 qui

79 4859 452 4919 mmmam“;
485 4877 683 4932 negare
719 4861 1000 4919 auderent.
1048 4863 1176 4919 Haec
1219 4865 1397 4938 itaque
1421 4868 1618 4937 praevi-

81 4953 168 5004 deus
192 4954 453 5024 propheta
480 4968 587 5008 non
611 4953 807 5008 natalia
827 4953 998 5009 solum
1019 4964 1073 5010 ct
1094 4955 1390 5012 mirabilem
1406 4967 1618 5028 partum

81 5044 190 5096 dicit:
216 5046 306 5101 sed
334 5047 509 5101 etiam
551 5044 865 5100 alimentum
910 5046 1124 5102 tenellae
1173 5049 1346 5104 artatis
1371 5090 1386 5117 ,
1415 5064 1523 5119 quo
1555 5050 1608 5105 in

85 5135 295 5191 arma.
323 5152 465 5191 usus
485 5144 588 5200 est,
611 5135 755 5206 quod
784 5135 912 5191 nihil
942 5136 1222 5194 differebat
1247 5153 1277 5192 a
1305 5149 1619 5196 caeterorum

85 5225 296 5285 hminum
317 5245 472 5296 esca,
490 5244 591 5284 nec
609 5228 878 5300 quidpiam
906 5229 1179 5287 insolitum
1207 5231 1460 5288 habebat.
1484 5231 1616 5289 Nam

89 5315 114 5364 ἐι
133 5319 200 5373 illo
225 5336 403 5393 neque
435 5322 618 5376 omnia
647 5319 857 5376 diversa
875 5329 1048 5389 erant,
1079 5337 1250 5393 neque
1279 5324 1456 5379 omnia
1481 5339 1622 5381 com-

119 5452 167 5517 ta)
193 5451 316 5509 Quod
341 5451 470 5517 dicit
490 5449 614 5517 infra
637 5449 1004 5517 Chrysostomus
1020 5451 1192 5517 Isaiam
1209 5452 1341 5517 clare
1363 5455 1616 5516 dispensa-

223 5526 309 5562 seu
347 5513 723 5578 incarnationis,
761 5513 1224 5578 demonstrationem
1252 5513 1524 5578 induxisse,
1554 5531 1618 5567 ne

93 5573 147 5614 τες
164 5588 201 5620 ευ
223 5576 585 5641 ant
607 5572 850 5641 Valentini
875 5576 1096 5641 morbum
1137 5577 1393 5641 incideret,
1421 5593 1480 5628 eo
1503 5572 1619 5641 spe-

89 5641 140 5713 te;
151 5635 660 5713 quattvalentinuset
675 5638 883 5713 farciat:
906 5637 1148 5713 dicerent,
1174 5638 1337 5689 t-‘ilitun
1361 5653 1455 5691 non
1480 5635 1617 5705 vere,

87 5705 284 5758 essene
304 5705 522 5762 tantum,
547 5710 747 5749 carnem
767 5705 1050 5761 sumpsisse.

1731 386 1934 442 munia.
1965 387 2100 444 Illud
2119 391 2286 459 enim,
2315 407 2380 449 ex
2412 393 2636 450 muliere
2669 397 2811 452 nasci
2837 439 2854 465 ,
2879 413 3162 457 commune
3187 413 3272 458 est
3297 421 3312 466 ;

1729 492 1795 533 cx
1822 478 2026 550 virgine
2052 491 2228 539 autem
2249 525 2264 553 ,
2295 486 2467 555 majus
2503 503 2660 558 quam
2691 488 2926 544 conditio
2948 501 3126 547 nostra
3159 492 3316 548 ferat.

1730 572 2056 629 Alimentunt
2084 590 2299 633 sumere
2322 593 2534 634 rursum
2563 620 2579 645 ,
2623 595 2690 636 ex
2713 591 2919 636 natura:
2945 583 3061 653 lege
3087 593 3169 639 est
3197 601 3320 654 qua:

1731 666 1939 720 caeteris
1968 669 2244 738 competit,
2267 685 2330 725 ac
2355 686 2641 728 commune
2669 683 2752 728 est
2777 691 2791 738 ;
2820 683 2877 728 at
2907 676 3161 745 templum
3189 678 3317 732 illud

1731 753 2061 810 inaccessum
2086 771 2205 813 esse
2226 762 2494 830 nequitiae,
2515 778 2690 831 neque
2709 764 3134 833 experimentum
3154 767 3318 820 ullum

1733 847 1950 901 malitia:
1972 849 2169 906 habere
2191 890 2208 916 ,
2239 851 2342 907 hoc
2367 868 2566 908 novum
2587 895 2602 918 ,
2635 856 2735 910 hoc
2763 856 3082 925 stupendum
3115 865 3196 910 est
3221 897 3235 921 ,
3263 866 3318 912 (ι

1732 937 1830 1006 ipsi
1861 939 1958 994 soli
1982 943 2255 1012 competit.
2281 943 2511 1014 Ideoque
2533 946 2709 1000 ethoc
2729 957 2782 1000 et
2807 947 2935 1000 illud
2964 948 3161 1016 posuit.
3191 947 3310 1002 Non

1732 1029 1874 1082 enim
1907 1038 2028 1099 post
2056 1032 2480 1101 experimentum
2510 1035 2728 1090 malitia:
2763 1051 2792 1088 a
2835 1037 3034 1090 malitia
3063 1037 3266 1092 abstitit
3293 1079 3312 1106 ,

1733 1119 1904 1188 inquit
1937 1160 1954 1185 ,
1986 1121 2079 1176 sed
2109 1123 2176 1177 ab
2204 1124 2319 1193 ipso
2349 1125 2610 1196 principio
2639 1136 2694 1180 et
2719 1126 2942 1181 exordio
2967 1143 3183 1182 omnem
3208 1130 3318 1184 vir-

1734 1219 1898 1268 tutem
1929 1213 2190 1269 exhibuit.
2217 1215 2368 1282 Quod
2391 1227 2447 1272 et
2464 1217 2576 1287 ipse
2597 1219 2670 1272 ait
2699 1233 2714 1272 :
2749 1219 2875 1283 Quis
2901 1235 2964 1273 ea:
2991 1220 3114 1288 ipsis
3139 1228 3321 1290 arguet

1731 1321 1811 1357 me
1839 1305 1902 1357 de
1926 1315 2127 1374 peccato
2145 1308 2170 1360 ?
2198 1316 2252 1360 et
2279 1323 2294 1362 :
2334 1306 2478 1362 Venit
2509 1311 2744 1379 princeps
2768 1311 2923 1381 hujus
2945 1311 3126 1363 mundi
3155 1352 3171 1376 ,
3196 1322 3240 1364 et
3267 1313 3321 1364 in

1732 1411 1811 1448 me
1834 1411 1934 1449 non
1965 1396 2111 1450 habet
2134 1398 2393 1468 quidpiam
2417 1397 2593 1469 (Joan.
2619 1401 2671 1454 8.
2702 1400 2791 1454 46.
2816 1409 2862 1453 et
2890 1402 2978 1455 M.
3008 1400 3120 1469 50).

1809 1486 1862 1539 7.
1902 1487 2076 1557 Atque
2119 1488 2206 1543 hic
2250 1491 2364 1558 ipse
2413 1491 2670 1559 prottheta
2719 1492 2770 1544 in
2821 1493 3166 1561 sequentibus
3207 1493 3319 1547 ait:

1734 1576 2009 1632 Peccatum
2043 1595 2141 1632 non
2168 1580 2304 1648 fecit,
2338 1597 2496 1650 neque
2519 1580 2666 1634 dolus
2695 1583 2921 1636 inventus
2941 1593 3012 1636 est
3034 1584 3085 1637 in
3111 1600 3194 1638 ore
3213 1587 3322 1655 ejus

1736 1667 1888 1738 (Isai.
1921 1670 2008 1725 55.
2051 1669 2128 1739 9).
2175 1669 2286 1724 lIoc
2314 1679 2460 1725 certe
2490 1680 2544 1726 et
2581 1671 2683 1727 hoc
2721 1674 2840 1727 loco
2867 1674 2960 1739 ait,
2992 1675 3112 1743 quia
3145 1676 3322 1743 prius-

1731 1773 1889 1827 quam
1926 1759 2061 1815 sciat
2105 1761 2218 1829 ipse
2256 1761 2342 1815 vel
2384 1762 2520 1814 mala
2551 1763 2894 1832 prmeligere,
2939 1765 3006 1818 ab
3043 1775 3200 1818 aetate
3230 1765 3322 1819 illa

1732 1849 1933 1903 nullum
1965 1859 2181 1919 experta
2228 1852 2467 1917 malum,
2513 1852 2581 1905 ah
2620 1853 2735 1921 ipso
2773 1855 3037 1923 principio
3070 1854 3320 1908 virtutem

1731 1941 1999 2007 ostendet,
2049 1941 2284 2012 nihilque
2325 1958 2444 1996 cum
2493 1943 2724 2012 nequitia
2761 1959 3045 1999 commune
3083 1945 3319 1999 habebit.

1736 2034 1869 2099 Quia
1918 2036 2210 2105 priusquam
2256 2037 2382 2089 sciat
2426 2053 2550 2106 puer
2593 2037 2776 2090 bonum
2821 2046 2910 2090 aut
2955 2039 3179 2101 malum,
3218 2054 3322 2091 non

1732 2126 2040 2195 obtemperat
2079 2125 2318 2192 malitite,
2363 2135 2417 2178 ut
2444 2127 2595 2196 eligat
2635 2126 2836 2180 bonum.
2869 2127 3100 2181 Rursum
3131 2127 3318 2181 iisdem

1731 2216 1909 2273 verbis
1947 2217 2192 2272 eamdem
2231 2218 2546 2273 sententiam
2593 2218 2919 2284 subindicat,
2955 2229 3009 2273 et
3047 2219 3100 2272 in
3130 2219 3320 2274 eodem

1732 2317 1974 2363 versatur
2001 2323 2270 2362 sermone.
2299 2308 2429 2375 Quia
2465 2309 2604 2363 enim
2635 2308 2922 2363 admodum
2953 2310 3181 2364 sublime
3209 2317 3325 2364 erat

1733 2397 1782 2453 id
1805 2397 1944 2467 quod
1970 2397 2265 2462 dicebatur,
2284 2398 2601 2453 narrationis
2617 2399 3009 2453 continuatione
3033 2398 3131 2467 ipsi
3161 2398 3318 2453 fidem

1736 2489 2006 2544 conciliat.
2046 2488 2196 2555 Quod
2221 2491 2363 2545 enim
2392 2505 2550 2560 supra
2581 2490 2873 2545 declaravit
2895 2490 3077 2546 dicens
3101 2507 3114 2543 :
3136 2490 3322 2545 Prius-

1731 2596 1880 2649 quam
1904 2581 2028 2634 sciat
2053 2581 2160 2650 ipse
2188 2581 2264 2636 vel
2284 2582 2574 2651 prateligere
2597 2585 2755 2647 mala,
2785 2581 2889 2637 hoc
2916 2592 3100 2653 postea
3123 2581 3311 2636 subin-

1731 2670 1926 2725 dicavit
1953 2670 2174 2737 dicens,
2210 2669 2516 2739 Priusquam
2551 2672 2678 2726 sciat
2709 2688 2867 2742 puer;
2891 2683 2946 2726 et
2981 2672 3322 2727 enarratione

1731 2775 1940 2817 rursum
1970 2762 2134 2818 utitur
2163 2761 2601 2819 dicsttssBonum
2627 2773 2716 2817 aut
2745 2765 2969 2830 malum,
3000 2781 3102 2817 non
3128 2766 3320 2818 obtem-

1731 2863 1875 2924 perat
1901 2855 2127 2921 malitiat,
2158 2863 2213 2909 ut
2239 2855 2392 2926 eligat
2419 2857 2624 2910 bonum.
2655 2856 2822 2926 Hujus
2849 2856 2988 2911 enim
3020 2856 3185 2910 solius
3207 2866 3325 2911 erat

1733 2945 1846 2999 hmc
1869 2945 2235 3014 prmrogativa.
2254 2945 2375 3000 Ideo
2395 2955 2449 3002 et
2468 2945 2663 3001 Paulus
2679 2945 2780 3001 hoc
2798 2945 3011 3001 assidue
3040 2956 3244 3012 versat,
3267 2955 3323 3001 et

1730 3034 1966 3090 Joannes
1999 3035 2187 3090 videns
2230 3036 2414 3103 illum,
2464 3035 2569 3091 hoc
2615 3036 2942 3106 praedicavit.
2989 3035 3124 3090 Ecce
3159 3053 3322 3108 agnus

1730 3125 1828 3180 Dei
1847 3127 1931 3196 qui
1957 3128 2086 3182 tollit
2106 3139 2359 3199 peccatum
2387 3129 2566 3183 mundi
2589 3128 2769 3199 (Joan.
2800 3129 2852 3184 I.
2881 3129 2994 3198 29).
3016 3129 3117 3195 Qui
3139 3139 3317 3184 autem

1729 3217 1952 3273 aliorum
1981 3229 2194 3289 peccata
2224 3218 2441 3274 tollebat
2465 3259 2479 3283 ,
2511 3219 2678 3274 multo
2705 3219 2873 3289 magis
2902 3220 3013 3289 ipse
3041 3233 3070 3272 a
3098 3229 3321 3289 peccato

1730 3308 1982 3366 immunis
2011 3320 2144 3366 erat.
2178 3311 2242 3365 Et
2267 3311 2482 3378 Paulus,
2510 3321 2567 3366 ut
2595 3311 2755 3367 modo
2779 3311 3042 3378 dicebam,
3072 3311 3322 3384 frequen-

1731 3409 1812 3457 ter
1836 3401 2063 3471 idipsum
2089 3401 2305 3457 clamat.
2324 3403 2455 3469 Quia
2480 3403 2619 3458 enim
2649 3403 2738 3458 ille
2761 3402 3051 3458 moriturus
3075 3411 3222 3471 erat,
3250 3419 3320 3460 ne

1728 3495 1848 3564 quis
1875 3493 2163 3549 infidelium
2187 3502 2414 3564 putaret,
2438 3495 2611 3564 ipsum
2637 3495 2836 3564 peccati
2861 3496 2942 3550 sui
2963 3494 3089 3549 dare
3109 3509 3317 3564 pinnas,

1731 3584 2041 3656 frequenter
2068 3591 2184 3656 ejus
2214 3587 2708 3656 impeccabilitatem
2737 3587 2789 3642 in
2814 3588 3046 3643 medium
3073 3587 3317 3654 adducit,

1730 3686 1789 3732 ut
1807 3685 2034 3732 mortem
2056 3677 2222 3748 ipsius
2244 3677 2445 3746 peccati
2468 3678 2634 3732 nostri
2656 3677 2976 3732 solutionem
2999 3691 3119 3732 esse
3138 3686 3322 3732 osten-

1729 3767 1901 3824 deret.
1923 3768 2276 3836 Quamobrcm
2297 3767 2775 3825 dicebat:Christus
2796 3785 3060 3839 resurgens
3085 3786 3146 3823 ea:
3173 3785 3315 3823 mor-

1731 3860 1852 3925 tuis,
1875 3860 1980 3926 iam
2002 3876 2102 3914 non
2123 3861 2355 3915 moritur.
2377 3859 2575 3914 Etenim
2594 3860 2728 3930 quod
2749 3871 2976 3914 mortuus
2997 3870 3090 3925 est,
3115 3869 3316 3928 peccato

1730 3959 1958 4004 mortuus
1985 3961 2058 4005 est
2088 3950 2262 4022 (Rom.
2293 3951 2346 4006 6.
2378 3950 2431 4006 9.
2461 3949 2572 4022 10).
2599 3951 2778 4021 Neque
2807 3959 2979 4006 morte
3014 3950 3135 4018 illa,
3166 3951 3316 4019 quasi

1731 4058 1873 4109 reus,
1901 4043 2089 4113 inquit,
2109 4043 2400 4099 secundum
2426 4044 2684 4099 rationem
2713 4044 2910 4113 peccati
2933 4053 3175 4098 mortuus
3199 4053 3314 4109 est;

1730 4133 1823 4189 scd
1853 4149 1948 4203 pro
1977 4135 2246 4188 communi
2289 4135 2527 4188 omnium
2563 4133 2781 4188 delicto.
2833 4133 2889 4188 Si
2931 4134 3108 4203 itaque
3152 4135 3318 4204 priori

1729 4226 1887 4279 morti
1909 4224 2199 4278 secundum
2222 4223 2323 4280 hoc
2343 4225 2602 4280 obnoxius
2623 4240 2726 4281 non
2745 4236 2880 4290 erat,
2903 4226 3032 4280 satis
3049 4241 3316 4297 superque

1730 4315 2151 4370 demonstratum
2197 4327 2296 4380 est,
2351 4317 2522 4387 ipsum
2574 4332 2679 4372 non
2725 4319 2950 4388 amplius
3000 4318 3316 4374 moriturum

1730 4421 1870 4463 esse.
1904 4405 1971 4460 Et
2010 4408 2381 4476 derelinquetur
2425 4417 2576 4476 terra,
2624 4426 2774 4480 quam
2819 4422 2872 4463 tu
2915 4411 3089 4475 times,
3129 4428 3161 4465 a
3190 4413 3316 4484 facit

1729 4498 1945 4553 duorum
1987 4515 2182 4569 regunt.
2227 4499 2378 4566 Quod
2422 4499 2726 4572 frequenter
2765 4500 2892 4556 facit
2932 4502 3220 4572 propheta,
3265 4503 3314 4557 id

1729 4589 1890 4643 etiam
1933 4587 2059 4644 fecit
2088 4590 2189 4645 hoc
2226 4590 2365 4645 loco.
2413 4590 2543 4645 Post
2584 4590 2916 4661 prophetiam
2945 4591 3013 4646 ad
3040 4591 3312 4646 historiam

1728 4693 2030 4735 sermonem
2060 4680 2286 4736 reducit.
2331 4680 2444 4735 Hoc
2472 4681 2630 4736 etiam
2666 4680 2825 4735 modo
2857 4682 2995 4736 circa
3037 4682 3311 4750 Seraphim

1727 4783 1788 4825 se
1828 4771 2060 4840 gessisse
2102 4771 2380 4840 perspicue
2423 4771 2788 4838 ostendimus,
2827 4771 2968 4840 quod
3019 4772 3179 4826 etiam
3229 4772 3308 4829 hic

1728 4862 1922 4918 effecit.
1956 4862 2086 4918 Cum
2115 4863 2470 4918 enarravisset
2513 4862 2656 4918 enim
2703 4862 2840 4918 bona
2881 4862 2998 4918 orbi
3051 4872 3307 4922 terrarum

1729 4954 2020 5008 obventura
2040 4992 2057 5020 ,
2107 4953 2175 5008 ad
2222 4967 2400 5023 regem
2445 4951 2660 5008 demum
2702 4967 3004 5008 sermonem
3031 4955 3315 5013 convertit.

1728 5044 1852 5102 Ideo
1881 5045 2015 5113 haec
2053 5045 2323 5116 subiungit
2352 5045 2778 5112 :Derelinquetur
2820 5055 2974 5101 terra.
3019 5046 3157 5114 Quid
3207 5053 3309 5111 est,

1727 5136 2149 5209 Derelinquetur?
2165 5137 2363 5192 Intacta
2382 5138 2500 5204 erit,
2525 5136 2693 5193 libera
2711 5137 2867 5206 erit’,
2884 5137 3014 5192 nihil
3031 5137 3311 5193 molestum

1728 5233 1994 5304 patietur,
2022 5230 2145 5286 belli
2174 5230 2312 5285 mala
2351 5244 2456 5286 non
2504 5230 2803 5286 sustinebit.
2845 5228 2914 5283 Et
2943 5229 3314 5300 dcrelinquetttr

1728 5331 1892 5390 terra,
1919 5337 2069 5391 quam
2095 5329 2148 5374 tu
2178 5320 2350 5387 times,
2380 5335 2477 5391 pro
2500 5335 2600 5392 qua
2629 5319 2901 5385 formidas,
2931 5334 3032 5389 pro
3059 5334 3161 5390 qua
3193 5328 3304 5373 tre-

1725 5427 1848 5482 mts,
1890 5430 1922 5466 α
1950 5413 2080 5482 facie
2120 5412 2335 5466 duorum
2383 5429 2591 5485 regum;
2645 5411 2958 5467 Damasceni
3011 5424 3202 5480 nempe
3256 5419 3312 5464 et

1725 5506 1998 5564 Israelita).
2028 5505 2228 5561 Deinde
2249 5521 2316 5561 ne
2338 5521 2432 5576 per
2447 5506 2704 5562 bonorum
2733 5503 3064 5576 prophetiam
3093 5503 3310 5576 segnior

1790 5642 1828 5685 ι.
1843 5647 1960 5698 Reg.
1987 5644 2041 5687 et
2061 5638 2201 5688 Savil.
2228 5639 2337 5698 hoc,
2357 5639 2509 5690 libera
2531 5638 2642 5695 erit,
2661 5641 2888 5691 omittunt
2910 5651 2922 5688 :
2950 5638 3037 5689 sed
3062 5634 3229 5688 Morel.
3250 5645 3303 5688 et

1790 5652 1828 5685 ι.
1844 5652 1908 5689 ne
1949 5674 1960 5686 .
1987 5652 2041 5687 et.
2061 5652 2201 5688 savii.
2229 5652 2337 5698 noc,
2357 5652 2509 5690 noera
2531 5652 2642 5695 ενιι,
2661 5652 2734 5688 om

1727 5709 1888 5754 Bavar.
1909 5652 2117 5766 ﬁabent,
2144 5711 2196 5753 et
2209 5701 2487 5754 Tiltuannus
2510 5704 2575 5753 ita
2595 5701 2734 5766 legit.
