3696 6278
376 341 445 395 81
1090 323 1149 381 S.
1187 317 1465 380 JOANNIS
1500 301 1975 373 CHRYSOSTOMI
2013 291 2332 358 ARCﬂlEP.
2371 291 2907 362 CONSTANTINOP.
3044 357 3047 360 g
3258 392 3261 393 ν
3611 278 3662 335 81

378 450 653 513 evaderet,
685 459 786 503 nec
806 459 902 516 per
920 454 1106 513 pacem
1132 437 1365 500 mollior,
1380 433 1499 503 ejus
1523 440 1711 486 rursus
1732 423 1974 480 animum

380 538 695 610 perstringit
718 536 904 592 dicens
928 555 942 591 :
968 533 1056 587 Π.
1088 529 1194 585 Sed
1225 526 1445 582 adducet
1488 522 1624 577 Deus
1649 533 1803 610 super
1829 523 1897 610 te,
1924 520 1975 567 et

379 651 535 705 super
554 606 811 704 populum
831 636 1008 693 tuum,
1048 633 1098 679 et
1133 637 1287 691 super
1320 616 1525 673 domum
1833 606 1971 705 dies,

381 701 468 795 qui
508 701 736 781 nendum
774 727 1013 777 uenerunt
1049 731 1114 771 ea:
1154 730 1253 784 quo
1295 712 1379 766 die
1414 706 1623 765 abstulit
1658 701 1977 795 Ephraimta

384 791 526 872 ,Μία
552 832 719 887 regem
746 811 1087 883 Assyriorum.
1114 806 1221 864 Per
1246 803 1363 859 inec
1388 800 1531 857 enim
1560 797 1758 887 indicat
1782 791 1977 887 barba-

387 925 569 967 rorum
603 882 973 976 irruptionem,
1004 915 1113 970 qua
1134 897 1321 952 urbem
1348 908 1382 949 a
1408 886 1769 949 fundamentis
1794 882 1976 976 dirue-

387 1008 533 1061 runt.
562 973 799 1069 ipsisque
824 997 877 1049 in
896 991 1261 1062 captivitatem
1292 984 1535 1055 abreptis
1554 980 1822 1036 abierunt.
1851 973 1977 1030 Haec

390 1106 519 1149 vero
549 1086 810 1159 praedicit,
855 1100 959 1138 non
989 1090 1048 1136 ut
1087 1079 1358 1143 eveniant,
1389 1074 1485 1130 sed
1513 1080 1572 1131 ut
1600 1077 1755 1159 metu
1773 1076 1977 1133 tempe-

391 1158 659 1239 rantiores
685 1177 829 1241 facti,
854 1172 1321 1235 comminationem
1344 1162 1646 1234 depuisen't.
1663 1158 1798 1227 Quia
1818 1168 1980 1226 porro

395 1287 573 1342 neque
593 1286 658 1335 cx
681 1267 995 1335 bonis,'qn:'c
1016 1271 1211 1332 prmter
1232 1257 1478 1313 meritum
1499 1246 1812 1320 consequuti
1833 1252 1978 1342 sunt,

394 1336 644 1420 meliores
671 1368 797 1414 sunt
819 1355 993 1427 effecti
1021 1350 1185 1423 (quod
1210 1350 1352 1407 enim
1380 1354 1577 1419 printer
1596 1341 1844 1399 meritum
1868 1336 1982 1391 bac

396 1451 710 1522 consequuti
742 1449 882 1512 sint,
913 1442 1148 1500 ostendit
1173 1442 1311 1511 regis
1336 1438 1549 1499 animus
1590 1442 1645 1491 et
1685 1433 1873 1502 ingens
1899 1427 1983 1522 inf

397 1519 708 1611 credulitas)
732 1580 748 1604 ,
794 1552 968 1608 neque
996 1534 1312 1591 terribilium
1352 1525 1767 1587 comminatione
1794 1519 1985 1579 mutati

398 1644 569 1697 sunt,
621 1631 717 1686 sed
770 1628 983 1698 utrique
1030 1625 1247 1681 salutari
1298 1622 1585 1694 pharmace
1640 1617 1988 1673 vehementer

399 1724 740 1787 obstiterunt,
769 1719 1059 1775 sectionem
1085 1715 1301 1771 domum
1330 1708 1724 1782 profundiorem
1752 1702 1942 1774 inﬂigit
1969 1741 1986 1766 ,

401 1814 725 1872 exscindens
772 1809 1041 1882 putridum
1083 1808 1255 1870 ulcus,
1302 1813 1357 1860 et
1399 1798 1771 1860 immedicabiii
1800 1795 1989 1851 morbo

405 1909 714 1963 laborantes
740 1916 1008 1958 reserans.
1042 1898 1177 1966 Quid
1214 1897 1313 1953 sibi
1343 1894 1457 1949 vult
1484 1892 1646 1958 illud,
1676 1889 1761 1944 Ea:
1786 1903 1885 1959 quo
1909 1887 1993 1941 die

402 1997 609 2053 abstulit
638 1993 888 2065 Ephraim
918 2008 951 2044 a
985 1989 1134 2045 Iuda
1154 2003 1319 2059 regem
1359 1982 1722 2055 Assyriorum?
1748 1981 1993 2049 lrrupere

408 2087 621 2145 barbari
664 2086 783 2141 illos
818 2098 1007 2139 omnes
1042 2078 1355 2144 abducturi;
1403 2075 1499 2132 sed
1542 2072 1756 2129 emissis
1778 2070 1913 2127 Juda
1939 2077 1997 2125 et

408 2179 618 2235 duabus
648 2175 892 2231 tribubus
911 2215 926 2238 ,
972 2184 1157 2228 contra
1191 2168 1353 2225 israel
1395 2164 1638 2221 conversi
1669 2170 1812 2219 sunt.
1842 2158 1995 2227 Quod

411 2271 576 2342 igitur
601 2269 760 2337 dicit,
807 2266 908 2321 hoc
937 2263 1124 2321 est:A
1157 2261 1246 2325 die
1289 2259 1403 2324 illo,
1447 2271 1553 2328 quo
1593 2255 1778 2311 decem
1829 2252 1996 2308 tribus

412 2362 760 2420 barbarorum
788 2358 1075 2415 exercitum
1104 2354 1172 2410 ad
1199 2369 1259 2410 se
1302 2351 1637 2422 pertrahent,
1667 2363 1697 2402 a
1739 2346 1998 2415 vobisque

413 2465 676 2519 averterit,
711 2454 783 2509 ob
809 2450 1009 2522 peccati
1036 2449 1118 2505 sui
1145 2444 1585 2518 magnitudinem,
1615 2442 1787 2511 iisque
1811 2438 2001 2495 adver-

415 2563 508 2604 sus
533 2563 592 2604 se
616 2546 852 2603 evocatis
874 2543 1117 2600 abductas
1152 2548 1343 2597 erunt:
1372 2539 1439 2593 ab
1467 2537 1579 2602 ille,
1610 2533 1848 2605 inquam,
1880 2531 1997 2599 die,

418 2640 608 2694 timere
635 2646 689 2692 et
715 2635 999 2695 formidare
1023 2633 1239 2693 domum
1272 2636 1503 2700 oportet.
1544 2624 1816 2695 Progressi
1846 2636 2002 2679 uatu-

382 2756 385 2761 λ
416 2744 546 2801 que,
576 2728 645 2783 ad
672 2744 767 2782 vos
794 2726 955 2783 etiam
982 2723 1234 2789 venient,
1266 2721 1369 2777 nisi
1400 2718 1741 2788 resipiscatis.
1770 2716 2001 2785 Aitqne:

419 2821 503 2875 Ab
527 2820 620 2875 ille
636 2818 723 2874 dia
736 2818 971 2873 adducet
989 2831 1100 2872 eos.
1121 2814 1236 2869 Non
1255 2812 1398 2868 enim
1423 2810 1585 2867 simul
1605 2823 1728 2865 cum
1755 2807 2007 2863 Israelita:

419 2912 816 2966 abducerentur
838 2948 855 2977 ,
898 2908 973 2965 illi
1012 2906 1154 2978 capti
1194 2910 1340 2973 sunt,
1369 2901 1462 2959 sed
1494 2910 1679 2972 parum
1708 2897 2009 2954 intercessit

421 3001 702 3073 temporis.

392 3118 393 3121 η
497 3093 551 3149 8.
579 3090 731 3161 Quod
757 3091 916 3162 igitur
942 3089 1088 3157 dicit,
1112 3087 1218 3143 lion
1237 3095 1338 3152 est,
1368 3084 1596 3142 Decreto
1621 3090 1720 3138 suo
1744 3088 1872 3136 tunc
1893 3079 2009 3136 dies

424 3183 547 3240 illas
586 3181 1044 3241 induxissetzsed
1084 3177 1428 3250 exspectabat
1456 3177 1626 3243 Deus,
1666 3183 1721 3230 et
1752 3166 2013 3244 patienter

430 3275 656 3341 ferebat,
706 3274 913 3331 etiamsi
958 3272 1073 3343 jam
1115 3280 1242 3327 tunc
1290 3276 1505 3340 peccata
1550 3265 1815 3336 supplicio
1855 3263 2013 3334 digna

425 3377 640 3435 esteem;
685 3367 736 3422 id
763 3366 903 3437 quod
930 3378 1073 3435 stupe
1108 3363 1287 3420 facere
1312 3359 1588 3418 consuevit
1606 3399 1621 3425 ,
1649 3368 1706 3414 ut
1730 3371 1857 3413 cum
1881 3356 2017 3411 assi-

426 3470 625 3531 gnatus
651 3461 767 3515 dies
804 3458 1110 3523 advenerit,
1138 3456 1311 3512 adhuc
1335 3452 1691 3525 precrastinet
1715 3459 1770 3506 et
1795 3457 2016 3505 cuncte-

398 3563 549 3617 .tur;
589 3551 731 3622 quod
762 3560 847 3606 est
891 3551 1181 3605 maximum
1224 3544 1523 3605 clementia:
1568 3545 1686 3615 ejus
1728 3543 2015 3610 indicium,

433 3657 644 3698 necnon
661 3648 1034 3711 argumentum
1056 3639 1402 3708 conspicuum
1423 3635 1612 3706 ingrati
1631 3648 1821 3690 eorum
1832 3632 2017 3697 animi,

426 3733 527 3802 ,ηιιὶ
556 3732 672 3802 ejus
706 3730 1036 3801 indulgentia
1085 3730 1303 3795 nolunt,
1333 3736 1392 3783 ut
1422 3741 1520 3798 par
1556 3734 1736 3792 esset,
1780 3725 1877 3779 uti.
1910 3723 2022 3779 Hoc

438 3823 599 3894 igitur
620 3824 697 3878 ait
724 3823 824 3877 hoc
853 3823 995 3890 loco,
1022 3822 1145 3892 jam-
1159 3830 1287 3876 tunc
1309 3833 1505 3890 nempe
1524 3817 2019 3883 comminationem,

432 3914 545 3984 jam
572 3924 698 3969 tunc
724 3912 963 3968 ditiuam
990 3912 1121 3969 iram
1150 3910 1407 3978 adfuisse,
1430 3919 1488 3966 ut
1507 3909 1767 3980 supplicio
1788 3907 1855 3963 ad
1883 3907 2025 3964 feres

441 4004 694 4071 adducto,
720 4005 979 4060 excitaret
1013 4004 1079 4061 ad
1110 4002 1477 4075 paenitentiam
1499 4041 1515 4068 ,
1547 4001 1800 4057 meliores
1829 3999 2025 4056 redde-

440 4200 638 4257 neque,
671 4186 791 4257 quia
822 4186 896 4240 illi
937 4185 1150 4242 abducti
1187 4184 1430 4251 ﬁxerant,
1464 4182 1517 4238 bi
1549 4197 1679 4239 vero
1703 4182 2026 4254 effugerant,

442 4279 563 4334 ideo
584 4280 861 4349 segniores
890 4280 1102 4335 fierent.
1135 4277 1224 4334 i8.
1253 4277 1326 4331 Et
1350 4277 1443 4331 erit
1467 4277 1520 4331 in
1545 4276 1629 4331 die
1655 4277 1781 4345 illa,
1814 4272 2032 4331 sibilabit

443 4369 697 4425 Dominus
747 4369 971 4434 muscis,
1022 4384 1136 4439 qua:
1186 4367 1581 4424 dominabuntur
1625 4366 1761 4437 parti
1808 4367 2033 4438 [luminis

443 4459 685 4535 tEggpti.
712 4460 899 4516 Viden‘
919 4477 1008 4516 me
1027 4475 1133 4516 non
1158 4460 1358 4516 frustra
1384 4459 1604 4525 dixisse,
1631 4460 1803 4529 ipsum
1832 4467 2030 4514 metum

444 4569 643 4625 angere
667 4553 957 4621 volentem,
986 4553 1056 4609 ab
1070 4553 1161 4608 illa
1176 4552 1265 4611 die
1278 4551 1749 4608 comminationem
1769 4550 2031 4607 intulisse.

442 4646 578 4713 Quze
594 4653 893 4715 sequuntur
918 4645 1095 4715 itaque
1119 4645 1220 4701 hoc
1244 4644 1499 4709 indicant,
1522 4642 1671 4713 queis
1689 4638 1853 4698 verbo
1874 4642 2036 4697 timo-

449 4752 565 4791 rem
588 4737 805 4803 incutit,
831 4736 1100 4792 exercitus
1119 4735 1224 4790 illis
1243 4733 1544 4800 declarans,
1565 4732 1655 4803 qui
1675 4730 2037 4787 formidabiles

449 4830 582 4899 ipsis
606 4839 761 4884 erant
780 4870 795 4893 ,
824 4838 880 4884 et
911 4828 1199 4884 invasienis
1224 4826 1530 4882 facilitatem
1558 4824 1953 4891 demonstrans,
1983 4823 2038 4879 id

447 4921 594 4991 quod
616 4921 737 4976 illos
760 4920 1045 4976 admodum
1076 4919 1419 4991 percellebat,
1447 4919 1714 4975 exercitus
1738 4915 2039 4972 multitudi-

452 5026 577 5065 nem
595 5011 834 5066 indicans
850 5012 888 5075 ί,
907 5010 1048 5081 quod
1070 5010 1283 5066 illorum
1304 5010 1510 5065 animos
1529 5009 1762 5064 maxime
1783 5008 2035 5087 terrebat.

455 5102 584 5158 Haac
612 5118 774 5172 porro
799 5104 977 5157 omnia
1014 5104 1066 5158 in
1108 5103 1454 5174 sequentibus
1492 5100 1864 5157 snbindicavit.
1908 5100 2043 5155 Ani-

459 5208 604 5248 mum
628 5202 807 5249 autem
832 5192 1026 5250 adhibe
1053 5209 1067 5247 :
1097 5193 1167 5247 Et
1189 5194 1280 5248 erit
1300 5193 1463 5247 iit-die
1482 5192 1592 5258 illa,
1618 5192 1805 5262 inquit,
1828 5189 2047 5246 sibifabit

458 5285 711 5340 Dominus
756 5285 962 5340 muscis.
1010 5284 1219 5340 Musam
1265 5284 1353 5339 hic
1394 5283 1605 5339 vocavit
1638 5282 1947 5355 Egypties,
1977 5283 2045 5339 ob

464 5376 847 5450 impudentiam
872 5384 928 5432 et
956 5375 1407 5443 iuverecundlam,
1430 5383 1485 5431 ct
1500 5373 1641 5445 quod
1661 5387 1806 5445 stepe
1823 5372 2045 5445 repulsi,

530 5552 548 5583 ι
583 5556 701 5620 Reg.
727 5559 782 5601 et
802 5546 1223 5620 savil.,_e.rercitus
1240 5546 1716 5620 gladiummdicmts.
1732 5548 1825 5620 sed
1846 5549 2051 5620 sanitas

458 5611 512 5675 in
529 5611 751 5675 margine
769 5613 921 5674 ponit,
948 5613 1068 5674 forte
1084 5611 1327 5675 exercitus
1350 5612 1557 5674 contine.
1573 5621 1725 5675 Porro
1743 5619 1925 5675 Graece,
1949 5613 2051 5675 gla-

454 5671 569 5725 dius
583 5666 929 5738 inferpretatur
939 5666 1054 5738 έινοςε
1064 5673 1257 5738 agmina
1280 5666 1416 5731 vero,
1427 5686 1577 5738 cum;
1590 5674 1722 5724 unde
1734 5666 2051 5727 similitudine

461 5747 635 5784 vocum
657 5735 833 5787 ductus
849 5735 992 5788 uuam
1014 5735 1156 5795 alteri
1178 5735 1568 5793 substituendae
1591 5737 1867 5802 suspicatus
1886 5748 1981 5789 est.

2050 412 2055 417 ’
2080 429 2227 485 σει-βο
2252 415 2546 479 instarent,
2575 398 2753 484 neque
2783 392 3342 484 tantillum'reSpiram
3360 404 3510 485 ipsis
3539 426 3654 468 con

2079 506 2356 575 cederent»,
2385 505 2480 562 sed
2506 520 2651 575 stepe
2675 491 2781 560 illis
2803 506 3054 560 sexcenta
3079 504 3289 575 negotia
3315 503 3662 562 facesserent

2080 608 2141 654 ut
2164 611 2363 654 muscte
2388 597 2718 664 vulneribus,
2744 597 2825 654 sic
2847 597 3097 654 continue
3124 597 3361 669 ipsorum
3394 599 3662 655 calamita

2080 692 2224 747 tibus
2249 689 2577 746 insistentes.
2610 689 2719 746 Hes
2747 689 2907 761 igitur
2947 690 3111 747 ducet
3145 691 3312 757 Deus;
3350 707 3455 749 nec
3494 700 3662 749 tamet

2078 781 2237 847 dixit,
2264 780 2451 848 Decet,
2481 780 2576 837 sed
2598 772 2853 850 Sibilabit,
2875 781 3183 838 facilitatem
3209 772 3471 839 ascensus
3491 795 3658 840 esten

2052 873 2237 938 -dens,
2284 882 2340 929 et
2388 874 2853 944 inexpugnabilem
2896 872 2991 931 Dei
3045 876 3368 945 potentiam,
3422 877 3659 948 quedqn

2082 963 2313 1019 sufﬁa'at
2335 972 2497 1019 nutus
2523 964 2638 1033 ejus
2662 972 2723 1018 ιιι
2742 965 2920 1020 omnia
2946 973 3255 1035 sequantur.
3286 966 3591 1038 Meritoque
3620 984 3651 1020 a

2054 1096 2060 1101 ι
2084 1054 2170 1110 bis
2189 1053 2549 1111 comminandi
2580 1055 2786 1110 initium
2814 1056 2959 1111 ducit
2983 1073 3102 1127 qua:
3123 1055 3232 1127 jam
3258 1058 3468 1128 experti
3496 1067 3662 1113 erant

2084 1145 2157 1200 Et
2179 1145 2286 1216 api,
2308 1161 2422 1217 qua
2443 1155 2518 1201 est
2536 1147 2596 1201 in
2614 1157 2747 1202 terra
2764 1148 3108 1219 Assyriorum.
3131 1147 3297 1225 Syrus
3318 1161 3372 1207 et
3391 1150 3662 1206 llebmens

2086 1247 2148 1294 ut
2169 1239 2337 1305 aiunt,
2380 1254 2485 1294 non
2515 1239 2731 1307 dicunt,
2764 1242 2904 1311 Apes
2923 1283 2938 1304 .
2965 1241 3081 1309 sed,
3110 1241 3389 1299 Crebrones
3407 1242 3515 1317 (a).
3546 1243 3659 1311 Qui

2086 1334 2231 1391 enim
2258 1347 2365 1388 non
2388 1333 2509 1388 illos
2534 1333 2710 1388 adimo
2728 1333 3015 1389 admodum
3044 1334 3248 1405 experti
3279 1344 3455 1403 erant,
3488 1336 3662 1392 insect

2089 1423 2252 1495 hujus
2279 1425 2511 1496 imagine
2534 1424 2589 1480 in
2619 1424 2943 1481 anxietatem
2975 1426 3095 1481 illos
3126 1426 3397 1497 ingentem
3420 1427 3662 1497 conjicie

2062 1515 2201 1579 "bat,
2236 1513 2365 1569 hinc
2403 1515 2683 1570 declarans
2722 1515 2930 1570 illorum
2957 1515 3377 1582 vehementiam,
3405 1518 3662 1589 pungent

2064 1607 2199 1662 .vim
2226 1615 2391 1677 atque
2413 1605 2713 1677 pugnandi,
2744 1606 3024 1663 vulnerum
3068 1606 3446 1676 acerbitatem,
3476 1607 3662 1664 veloci

2094 1707 2258 1755 tatem
2299 1698 2560 1755 adventus
2584 1739 2601 1767 ,
2644 1714 2705 1754 se
2744 1698 2814 1755 ab
2842 1699 2921 1755 eis
2951 1701 3129 1756 tuendi
3167 1699 3559 1758 difficultatem.
3595 1701 3662 1757 lﬂ

2095 1791 2166 1846 Et
2191 1793 2387 1848 eadem
2413 1800 2461 1847 et
2486 1793 2790 1863 requiesceut
2826 1808 3001 1848 omnes
3035 1792 3089 1848 in
3118 1793 3329 1849 vallibus
3352 1795 3577 1865 regionis
3600 1835 3617 1859 ,
3653 1817 3662 1847 t

2094 1885 2148 1938 in
2174 1883 2509 1954 {erantinibus
2546 1894 2836 1956 petrarum,
2881 1894 2928 1939 et
2966 1885 3019 1940 in
3060 1885 3345 1956 speluncis,
3392 1886 3521 1941 etin
3549 1902 3662 1939 om:

2070 2020 2075 2027 .
2098 1976 2303 2046 ﬁssura,
2335 1984 2383 2030 et
2417 1976 2474 2030 in
2502 1976 2639 2031 omni
2683 1977 2839 2047 ligno.
2873 1974 3150 2031 Enarratis
3174 1974 3412 2046 gentium
3439 1982 3662 2031 terrore

2097 2065 2471 2136 exercitusque
2526 2065 2835 2132 celeritate,
2890 2062 3295 2121 multitudinem
3329 2064 3547 2120 demum
3603 2078 3662 2122 re

2070 2162 2073 2165 λ
2098 2166 2301 2213 censet.
2325 2156 2441 2213 Non
2474 2156 2628 2225 dixit,
2644 2155 3317 2222 Castrametabuntur,sed,
3335 2156 3661 2228 quuiescen

2100 2263 2277 2321 neque
2301 2258 2557 2305 venturos
2581 2242 2736 2320 quasi
2750 2249 2816 2304 ad
2838 2248 3087 2305 hostilem
3105 2249 3401 2319 regionem,
3421 2247 3515 2304 sed
3538 2263 3661 2319 qua

2103 2341 2159 2396 in
2190 2342 2405 2414 propria
2430 2341 2638 2396 deliciis
2656 2355 2720 2396 se
2739 2339 3036 2408 dedituros,
3056 2340 3207 2411 quasi
3230 2339 3375 2394 nullo
3396 2338 3582 2394 labere
3614 2354 3662 2390 Vt

2103 2432 2482 2504 defatigatione
2508 2426 2725 2504 egeant,
2754 2433 2849 2488 sed
2876 2432 3025 2504 quasi
3055 2432 3120 2487 ad
3148 2440 3347 2487 certam
3376 2431 3662 2491 victoriam

2105 2533 2161 2581 et
2185 2534 2419 2596 paratam
2448 2523 2701 2594 prtedam.
2728 2523 2932 2579 Idcirco
2952 2524 3044 2590 ait,
3072 2522 3281 2577 Venient
3301 2532 3347 2579 et
3365 2514 3662 2593 requiescet:

2106 2615 2250 2686 quod
2280 2616 2511 2672 victores
2554 2616 2786 2682 indicat,
2839 2623 3096 2686 tropaeum
3141 2616 3443 2685 erigentes,
3490 2624 3547 2670 et
3582 2631 3661 2685 pe

2076 2707 2339 2769 vmultmn
2393 2705 2646 2762 sudorem
2697 2707 2999 2776 multasque
3045 2705 3222 2761 caedes
3274 2706 3661 2777 requiescente

2081 2842 2087 2847 .
2108 2798 2293 2870 Neque
2320 2798 2375 2854 in
2400 2799 2688 2869 campestri
2717 2798 2890 2854 selum
2921 2798 3040 2853 loco
3064 2797 3431 2869 requiescent;
3454 2796 3553 2853 sed
3579 2813 3657 2868 qu

2112 2890 2375 2947 immensa
2421 2901 2547 2945 sunt
2587 2889 2906 2957 multitudo,
2952 2904 3057 2945 non
3098 2904 3265 2959 capax
3300 2889 3401 2945 erit
3424 2889 3599 2960 "regio
3632 2899 3662 2943 lt

2113 2998 2422 3054 corporum,
2452 2982 2547 3040 sed
2565 2982 2753 3050 valles,
2770 2993 2957 3052 petrzr,
2983 2991 3213 3049 montes,
3239 2982 3427 3051 saltus,
3445 2994 3501 3038 et
3522 2996 3656 3036 omn

2115 3075 2437 3149 ebtegentur
2473 3078 2825 3134 barbarorum
2874 3077 3208 3147 corporibus.
3238 3076 3578 3147 Quamquam
3610 3086 3662 3132 ct

2118 3185 2224 3226 non
2247 3179 2352 3227 tam
2377 3170 2582 3227 feroces
2602 3170 2843 3235 fuissent,
2860 3184 3031 3241 neque
3048 3169 3127 3225 sic
3154 3177 3405 3241 superata
3422 3168 3614 3224 faciles
3638 3172 3657 3239 (

2118 3271 2273 3317 erant
2292 3303 2307 3329 ,
2352 3261 2637 3318 multitude
2665 3262 2862 3333 quippe
2895 3260 3191 3317 sufficiebat
3215 3260 3281 3315 ad
3310 3260 3432 3315 illos
3458 3271 3657 3317 censtc

2122 3353 2603 3424 nendoszquando
2646 3361 2824 3408 autem
2863 3361 3148 3424 utrumque
3190 3351 3409 3417 aderat,
3457 3361 3518 3408 et
3569 3361 3661 3407 tan

2123 3438 2439 3513 multitudo,
2470 3455 2525 3501 et
2552 3454 2658 3501 tam
2700 3446 2887 3515 ingens
2919 3444 3151 3516 petentia
3171 3486 3187 3513 ,
3216 3452 3270 3501 et
3296 3443 3438 3516 quod
3466 3445 3662 3500 omnin

2094 3537 2496 3609 gravissimum
2525 3546 2627 3602 est,
2662 3537 2739 3591 ira
2771 3536 2864 3592 Dei
2896 3535 3189 3592 exercitum
3215 3535 3437 3602 ducens,
3465 3550 3596 3606 qua:
3627 3535 3662 3591 ι]

2127 3647 2270 3686 mum
2296 3642 2422 3701 spes
2459 3630 2680 3685 salutis?
2710 3628 2840 3684 illud
2868 3643 2997 3686 vero
3017 3671 3032 3698 ,
3062 3627 3129 3684 In
3169 3629 3307 3684 omni
3337 3629 3559 3699 ﬁssura,
3594 3640 3645 3685 et

2096 3754 2099 3757 ν
2127 3722 2265 3776 omni
2296 3721 2437 3791 ligno
2459 3762 2474 3789 ,
2521 3720 2865 3792 hyperbolice
2898 3720 3099 3776 dictum
3126 3728 3229 3777 est.
3259 3720 3443 3792 Neque
3477 3722 3635 3778 enim

2127 3813 2411 3869 arboribus
2438 3821 2592 3869 erant
2618 3812 2853 3883 requiem
2888 3813 3128 3882 capturi;
3161 3811 3257 3868 sed
3286 3812 3463 3878 simul,
3495 3823 3558 3868 ut
3589 3814 3662 3869 di:

2129 3906 2477 3980 byperbolem
2507 3906 2735 3962 obscure
2761 3903 3028 3972 adhibuit,
3078 3916 3131 3960 et
3176 3904 3228 3959 in
3259 3906 3578 3975 metaphora
3609 3922 3661 3961 et

2100 4000 2359 4055 ‘bronum
2387 3999 2601 4055 mansit.

439 4105 545 4163 ret,
572 4106 628 4151 et
655 4105 783 4167 post
801 4094 1013 4155 illorum
1041 4093 1305 4150 excidium
1336 4093 1388 4148 in
1417 4106 1617 4164 angore
1642 4092 2025 4158 constitueret,
2104 4108 2113 4112 ·

2204 4091 2296 4147 Ira
2318 4091 2413 4147 Dei
2436 4090 2700 4147 novacula.
2726 4122 2797 4131 —
2820 4089 2912 4146 20.
2954 4088 3020 4144 In
3055 4090 3136 4144 die
3169 4089 3260 4155 illa
3295 4089 3435 4143 radet
3466 4087 3662 4147 Domin

2134 4185 2385 4241 novacula
2425 4184 2692 4239 inebriata.
2740 4183 3013 4239 Timorem
3065 4197 3158 4252 per
3195 4181 3460 4241 exercitus
3505 4192 3661 4236 aucti

2136 4290 2347 4332 rursum
2385 4273 2696 4345 amplificat,
2723 4273 2789 4328 ad
2827 4274 3017 4329 etelum
3039 4286 3339 4328 sermonem
3372 4272 3661 4329 li‘ﬂfistl‘Ci

2137 4354 2537 4443 ostendensque
2566 4382 2673 4441 non
2716 4365 2972 4422 barbaros
3009 4365 3265 4437 quosdam
3306 4363 3593 4436 [Egyptios
3640 4381 3662 4420 ει

2140 4462 2352 4533 Persas,
2383 4460 2476 4516 sed
2506 4460 2670 4531 Deum
2692 4474 2812 4515 esse
2836 4460 2925 4530 qui
2951 4458 3151 4517 .iudteis
3171 4458 3369 4516 bellum
3406 4457 3593 4515 infert.
3624 4461 3662 4515 Ν

2140 4553 2385 4608 vaculam
2435 4540 2619 4607 autem
2656 4552 2742 4606 bic
2770 4562 2925 4606 vocat
2972 4550 3359 4605 intolerandam
3399 4550 3517 4617 ejus
3569 4552 3651 4605 ira

2141 4662 2298 4719 quam
2329 4660 2487 4703 nemo
2518 4646 2659 4711 ferre
2679 4644 2868 4717 possit,
2897 4643 3050 4703 facile
3079 4644 3414 4700 invadentem
3450 4656 3505 4702 et
3535 4662 3662 4704 con:

2120 4750 2398 4795 mentem.
2427 4737 2885 4807 Quemadmodum
2903 4738 3044 4793 enim
3075 4735 3163 4808 pili
3189 4736 3427 4806 corporis
3450 4753 3662 4795 novacu

2145 4836 2313 4889 aciem
2347 4847 2453 4887 non
2500 4832 2784 4899 sustinent,
2814 4830 2923 4903 sed
2949 4830 3128 4885 statim
3160 4830 3357 4885 cedunt
3399 4838 3453 4884 et
3480 4831 3662 4888 abcun

2146 4929 2223 4983 sic
2248 4936 2303 4984 et
2330 4942 2416 4983 res
2435 4926 2677 4985 Iudaicre’
2695 4927 2827 4983 iram
2858 4926 3001 4982 illam
3038 4941 3068 4983 a
3098 4924 3209 4982 Deo
3243 4924 3539 4989 immissatn
3571 4943 3662 4983 nul

2147 5038 2304 5093 quam
2334 5022 2704 5090 sustinuerint,
2745 5020 2857 5083 ait.

2219 5112 2271 5169 9.
2314 5111 2582 5179 Novacula
2609 5111 2770 5185 igitur
2808 5111 3065 5187 inebriato
3105 5110 3373 5181 vigentem
3416 5109 3661 5179 plenamc

2151 5209 2242 5264 Dei
2273 5188 2427 5275 iram,
2456 5205 2885 5277 completamque
2928 5202 3248 5259 sententiam
3293 5201 3443 5256 nobis
3473 5200 3662 5258 declar

2151 5298 2303 5367 Quod
2354 5307 2531 5353 autem
2586 5297 2708 5353 ait:
2738 5292 2905 5361 Trans
2953 5295 3165 5366 ﬂumen
3197 5292 3329 5365 regis
3374 5292 3662 5364 Assyriam

2132 5518 2137 5519 ί
2212 5496 2285 5557 (a)
2321 5500 2593 5544 mcerte
2615 5490 2678 5540 ab
2713 5487 2958 5557 imperitis
3000 5485 3199 5536 edidicit
3221 5484 3607 5557 Chrysostemus.
3632 5496 3662 5540 tt

2134 5580 2202 5644 in
2220 5549 2429 5633 item
2449 5558 2633 5643 legitur
2666 5549 2881 5632 me
2899 5612 2915 5638 ,
2941 5568 3103 5635 uari
3321 5549 3330 5550 ί
3424 5554 3425 5557 “

2215 5669 2287 5731 (b)
2321 5652 2377 5717 In
2407 5678 2597 5726 Graece,
2629 5676 2723 5730 μηδι
2754 5679 2847 5721 οὕτω
2879 5676 3021 5731 ῥᾴδιοι.
3054 5665 3283 5714 Libenter
3326 5662 3521 5713 credam
3565 5663 3662 5727 aliq

2153 5739 2351 5795 deesse.
2373 5740 2424 5783 et
2445 5732 2709 5783 divinando
2719 5731 2877 5782 locum
2894 5733 3057 5781 Latine
3086 5734 3378 5779 convertere
3400 5733 3600 5776 coactu
3619 5738 3661 5775 si
