3696 6278
81 255 117 307 Β
1284 254 1352 312 IN
1392 252 1646 324 ISAIAM,
1685 252 1838 312 CAP.
1880 256 2015 324 VIII.

75 383 171 424 ms
191 366 532 439 Euphratem
568 368 819 427 videlicet
850 384 864 421 :
899 378 957 425 ut
990 375 1109 426 erat
1141 366 1327 424 Judaea
1368 378 1422 424 et
1451 368 1618 424 Palae-

366 474 404 513 a
430 460 662 518 Perside
680 459 1047 519 redeuntibus.
1072 458 1199 515 Haec
1218 459 1396 530 itaque
1419 460 1619 535 omnia,

74 552 210 622 inquit,
248 552 483 621 penitus
525 551 750 609 delebit.
782 550 956 621 Caput
991 559 1193 618 autem,
1223 550 1464 621 capillos,
1498 550 1623 606 bar-

71 648 148 699 Μ
171 652 220 698 et
258 642 461 713 pedes,
518 645 826 700 universam
868 644 1143 714 regionem
1181 642 1311 699 dicit
1341 643 1442 698 sub
1478 658 1627 699 com-

69 735 291 806 paratione
319 735 604 805 corporis,
646 750 871 806 eamque
897 744 1062 790 totam
1104 747 1352 790 sermone
1387 734 1627 805 comple-

68 831 198 893 (titur,
228 828 703 896 quemadmodum
728 828 881 883 initio
906 826 1117 884 dicebat
1143 844 1157 881 :
1184 826 1347 882 Omne
1381 838 1533 898 caput
1555 828 1625 882 ad

66 922 258 986 Mens,
286 931 339 973 et
367 936 530 975 omne
555 937 647 975 cor
683 921 750 974 ad
774 920 1021 975 dolorem.
1051 920 1095 974 Α
1136 920 1346 990 pedibus
1373 936 1530 991 usque
1552 920 1623 974 ad

64 1020 171 1077 tapal
194 1028 297 1064 non
326 1021 409 1065 est
433 1012 493 1066 in
523 1028 582 1066 eo
607 1012 798 1068 sanitas
826 1010 978 1083 (lsai.
1004 1012 1050 1067 I.
1086 1010 1142 1067 5.
1167 1011 1223 1083 6)
1252 1030 1266 1066 :
1296 1027 1401 1067 non
1422 1012 1489 1067 de
1517 1026 1623 1068 uno

64 1114 215 1157 satum
238 1102 439 1158 dicens
463 1104 705 1170 homine,
736 1102 830 1159 sed
861 1112 1027 1159 totam
1056 1102 1329 1174 regionem
1355 1104 1447 1159 uni
1473 1119 1622 1159 com-

61 1208 208 1261 parans
239 1194 496 1264 corpori.
541 1194 655 1251 Hoc
679 1203 860 1250 autem
903 1194 992 1251 hic
1022 1194 1149 1250 dicit
1176 1213 1190 1250 :
1217 1204 1382 1251 totam
1424 1205 1619 1253 terram

60 1302 174 1355 pave
199 1285 517 1342 subituram
545 1286 862 1359 supplicium
892 1301 1033 1344 esse.
1059 1287 1126 1343 Et
1154 1287 1257 1344 hoc
1280 1288 1496 1360 quidem
1525 1304 1627 1359 per

62 1380 361 1446 simiam,
396 1380 534 1436 illud
565 1396 698 1437 vero
731 1397 828 1452 per
852 1382 1093 1452 corporis
1119 1381 1404 1453 imaginem
1440 1381 1622 1439 decla-

62 1472 171 1536 nrit,
223 1472 558 1541 ostendens,
604 1471 882 1529 decretum
930 1487 962 1527 a
1006 1473 1118 1528 Deo
1166 1473 1331 1528 latum
1377 1473 1619 1530 acerbius

62 1578 175 1629 iam
200 1564 533 1619 noraculam
570 1563 863 1634 quamlibet
887 1571 941 1620 et
969 1563 1215 1620 homines
1242 1574 1297 1620 et
1325 1574 1481 1621 terra:
1505 1565 1621 1621 fru-

60 1665 139 1710 ctus
171 1664 631 1725 consumpturum
654 1696 671 1721 ,
721 1655 972 1727 illamque
1005 1657 1201 1711 nudam
1252 1665 1307 1712 et
1351 1656 1617 1713 desertam

59 1746 328 1799 relicturum
375 1760 524 1802 esse.
576 1745 778 1801 Deinde
807 1746 924 1819 ejus
966 1747 1268 1802 vastitatem
1317 1762 1412 1818 per
1459 1748 1617 1804 aliam

58 1834 482 1904 mparationem
517 1836 759 1892 exhibet.
788 1835 952 1907 quue
983 1836 1109 1892 facit
1145 1848 1342 1892 curans
1372 1846 1430 1893 ut
1461 1838 1619 1895 timor

58 1944 227 1995 smper
249 1929 448 1999 vigens
476 1937 713 1995 maneat,
737 1939 791 1986 et
813 1944 977 2001 angor
998 1929 1326 2000 longitudine
1355 1932 1618 1988 sermonis

58 2035 129 2072 rem
151 2020 451 2076 minuatur.
483 2021 555 2076 Et
581 2020 797 2092 quidem
822 2021 1032 2077 videtur
1072 2021 1160 2077 hic
1199 2037 1378 2078 sermo
1408 2024 1492 2090 iis,
1524 2025 1617 2096 qui

57 2129 131 2166 seu
152 2112 466 2177 attendunt,
499 2114 745 2183 quaedam
786 2114 1045 2169 bonorum
1088 2116 1347 2185 promissa
1375 2117 1617 2186 compleo

55 2206 103 2256 di
127 2222 139 2255 :
162 2204 255 2259 sed
275 2204 376 2275 qui
419 2216 676 2260 accurate
716 2212 1041 2272 scrutantur,
1068 2206 1243 2261 sciunt.
1273 2207 1501 2277 ingentis
1525 2222 1617 2262 va-

56 2297 218 2351 stitatis
240 2311 367 2352 esse
388 2296 926 2353 demonstrationem.
958 2297 1094 2364 Quid
1129 2302 1271 2354 enim
1299 2300 1411 2354 ait?
1434 2301 1525 2355 2i.
1554 2300 1618 2354 Et

56 2394 122 2441 erit
156 2390 207 2442 in
249 2390 339 2444 die
376 2390 498 2458 illa,
540 2392 727 2445 nutriet
770 2392 919 2446 homo
945 2392 1155 2446 vitulam
1187 2392 1359 2462 boum,
1399 2404 1444 2450 et
1489 2395 1618 2451 duas

56 2498 155 2534 nes.
194 2480 286 2536 22.
328 2480 402 2535 Et
432 2483 550 2548 erit,
593 2499 657 2537 ex
694 2484 917 2554 plurima
959 2485 1163 2556 potione
1199 2486 1365 2554 lactis,
1395 2488 1618 2543 comedet

60 2578 276 2643 tam,
306 2574 434 2643 quia
461 2575 698 2646 butyrum
744 2584 792 2631 et
833 2577 931 2633 mel
958 2577 1180 2633 comedet
1217 2580 1382 2634 omnis
1409 2580 1616 2636 relictus

59 2676 401 2731 aperiamus.
428 2667 543 2722 Hoc
564 2668 808 2736 multam,
831 2679 889 2725 ut
907 2669 1038 2736 dixi,
1068 2672 1369 2729 vastitatem
1396 2674 1613 2731 indicat.

59 2756 182 2811 Tura
210 2758 361 2812 enim
394 2774 519 2828 quae
539 2760 864 2814 frumentum
903 2768 959 2816 et
982 2760 1240 2817 hordeum
1264 2763 1486 2829 ferebat,
1518 2764 1616 2819 hu-

60 2849 248 2904 ιριιιῶιις
274 2850 565 2918 destituta,
591 2850 812 2906 uberem
840 2850 1235 2921 pabulationem
1264 2854 1449 2911 ovibus
1477 2871 1616 2927 prte—

62 2938 189 3001 iebit,
213 2950 270 2996 et
297 2940 376 2995 ita
399 2941 647 3008 uberem,
690 2951 749 2997 ut
778 2941 853 2997 ob
879 2942 1258 3000 abundantiam
1288 2946 1409 3001 talis
1433 2947 1612 3017 pabuli

63 3033 280 3089 adiciant
300 3050 440 3091 oves
466 3035 588 3090 dua:
612 3045 667 3092 et
695 3050 799 3091 una
827 3036 1011 3104 vitula,
1043 3046 1101 3093 ut
1122 3039 1416 3109 possessori
1442 3039 1616 3097 fontes

64 3125 175 3178 actis
195 3126 496 3195 prabeant.
537 3126 719 3198 Itaque
746 3111 1072 3185 abundantia
1101 3130 1282 3201 pabuli
1312 3130 1612 3199 brutorum,

64 3215 320 3271 salitudinis
347 3216 633 3272 hominum
658 3219 948 3274 maximum
972 3229 1054 3275 est
1084 3229 1481 3290 argumentum.
1511 3222 1615 3278 Mel

65 3320 232 3375 sesque
267 3306 404 3362 illud
433 3308 737 3364 subindicat
761 3326 776 3364 :
805 3310 983 3365 solent
1009 3310 1153 3366 enim
1182 3325 1311 3381 apes
1338 3311 1390 3367 in
1421 3312 1613 3368 solitu-

66 3398 231 3452 {uibus
251 3398 509 3455 lubenter
532 3401 755 3469 versari,
781 3400 867 3456 ubi
894 3401 1181 3456 abundanti
1204 3417 1326 3457 esca
1346 3404 1610 3470 fruantur,

62 3500 97 3537 et
128 3488 205 3541 ubi
230 3489 416 3544 nullus
444 3490 519 3544 sit
546 3490 638 3560 qui
672 3490 967 3562 perturbet.
1014 3491 1081 3548 Ut
1112 3508 1238 3547 vero
1261 3493 1437 3548 discas
1467 3493 1610 3549 illam

63 3580 285 3647 iacntem
327 3582 677 3638 solitudinem
734 3583 1107 3652 subindicare,
1159 3602 1223 3641 ex
1268 3588 1612 3658 sequentibus

61 3670 153 3723 ésd
180 3681 380 3743 potest.
409 3674 503 3728 23.
544 3672 611 3728 Et
640 3675 732 3729 erit
766 3676 821 3730 in
858 3676 940 3730 die
974 3676 1087 3743 illa,
1134 3676 1218 3732 ubi
1247 3678 1435 3747 fuerint
1472 3680 1611 3735 mille

64 3768 176 3816 esse:
200 3766 341 3819 mille
382 3766 647 3832 siclorunt,
676 3768 728 3820 in
752 3768 996 3822 incultam
1025 3779 1193 3835 erunt,
1231 3780 1281 3824 et
1307 3771 1360 3824 in
1384 3771 1606 3842 spinam.

63 3844 120 3899 ii.
139 3848 255 3903 Cani
280 3851 475 3920 sagitta
500 3860 548 3905 et
581 3866 701 3905 arcu
727 3852 1072 3921 ingrediantur
1099 3852 1243 3921 illuc,
1274 3856 1395 3925 quia
1420 3855 1611 3910 inculta

60 3942 245 4007 arpinis
269 3943 437 3996 obsita
463 3943 557 3997 erit
582 3944 744 3998 omnis
786 3952 942 3998 terra.
970 3944 1215 4015 Magnum
1257 3956 1311 4003 et
1341 3946 1442 4002 hoc
1468 3947 1608 4003 infe-

62 4028 231 4085 licitatis
255 4033 471 4103 signum
514 4043 616 4097 est,
643 4034 783 4104 quod
813 4049 918 4090 non
964 4044 1175 4092 montes
1212 4046 1267 4093 et
1305 4039 1476 4106 silvas,
1511 4039 1607 4096 sed

60 4121 137 4186 ipsa
158 4123 376 4179 arabilis
415 4133 584 4192 terra,
612 4140 734 4195 quae
776 4125 1063 4197 diligenter
1090 4127 1387 4196 colebatur,
1426 4130 1610 4200 spinas

59 4212 173 4265 lerat.
211 4213 401 4283 Neque
422 4214 571 4270 enim
603 4224 805 4273 temere
833 4217 1107 4279 vinearum
1136 4220 1366 4290 pretium
1404 4222 1603 4292 posuit,

55 4304 117 4356 id
142 4314 197 4359 ut
233 4315 490 4362 naturam
516 4315 678 4362 teme
701 4307 1114 4377 demonstraret,
1158 4311 1483 4383 multamque
1515 4328 1607 4368 co.

54 4392 256 4450 horum
285 4410 500 4452 curam.
524 4397 771 4454 Attamen
799 4400 887 4456 illa
905 4416 1022 4472 quae
1050 4403 1197 4472 prius
1220 4412 1325 4459 tam
1350 4419 1606 4476 prospera

54 4497 187 4554 erant,
212 4490 408 4560 inquit,
438 4498 499 4546 et
518 4491 870 4561 agricolarum
909 4494 1154 4551 manibus
1180 4496 1508 4566 fruebantur,
1538 4498 1592 4553 in

57 4590 215 4637 natam
253 4591 431 4639 vertet
472 4583 843 4654 solitudinem,
885 4595 942 4642 ut
966 4587 1146 4658 spinas
1185 4604 1284 4659 pro
1320 4590 1490 4646 vineis
1530 4591 1605 4647 fe-

56 4685 155 4738 rat,
184 4685 236 4731 et
255 4686 467 4732 tantum
496 4676 754 4734 incutiant
790 4680 1210 4751 ingredientibus
1238 4690 1518 4753 terrorem,
1546 4693 1606 4741 ut

3250 276 3325 334 90

1742 385 1951 441 evocet,
1991 375 2128 432 bona
2157 375 2540 446 intermisceat,
2578 380 2765 439 dicens
2795 383 2922 442 :25.
2972 385 3151 445 Omnis
3176 406 3321 446 utens

1737 478 1909 524 aratro
1935 470 2168 527 sulcatus
2208 474 2463 529 arabitur.
2500 474 2960 542 Quemadmodum
2996 482 3142 539 enim
3180 483 3320 540 irato

1736 560 1869 629 Deo,
1909 563 2069 619 etiam
2102 563 2251 621 ferax
2276 566 2524 637 planities
2551 569 2782 627 solitudo
2808 573 2911 628 erit
2935 592 2949 627 :
2976 575 3056 631 sic
3084 576 3174 632 illo
3201 577 3320 648 pla-

1732 664 1877 720 cato,
1908 655 2069 711 etiam
2100 658 2216 713 loca
2240 672 2425 728 aspera
2450 659 2745 732 pinguioris
2776 673 2929 720 terrm
2954 668 3316 726 conditionem

1733 748 2032 818 nequirent,
2073 758 2129 805 et
2167 761 2404 808 aratrum
2444 754 2715 825 excipient
2757 764 2918 829 atque
2947 774 3171 822 .semen.
3223 763 3320 819 llis

1734 853 1897 909 porro
1936 844 2184 910 peractis,
2237 846 2397 902 etiam
2439 862 2501 903 ea
2540 864 2660 919 qua“:
2712 849 2826 907 hcce
2879 866 3178 925 sequuntur
3220 858 3320 912 ad~

1732 940 1910 1000 erunt,
1945 947 2067 1003 pax,
2113 934 2354 1002 libertas.
2387 938 2601 1005 fiducia,
2639 958 2736 997 nec
2767 944 2907 1001 ullus
2944 947 3046 1001 erit
3076 947 3233 1003 timor
3263 957 3321 1004 ut

1732 1023 1957 1094 pridem.
1984 1025 2117 1081 Nam
2145 1028 2240 1093 ait,
2274 1029 2392 1085 Non
2413 1032 2724 1104 ingredietur
2750 1036 2856 1091 illic
2884 1038 3051 1092 timor.
3081 1038 3197 1094 Erit
3221 1057 3319 1094 au-

1732 1122 1829 1168 tem
1866 1118 1929 1171 ab
1959 1118 2148 1172 inculta
2176 1130 2330 1188 terra,
2376 1132 2423 1177 et
2461 1141 2495 1177 a
2520 1125 2669 1194 spina
2705 1126 2758 1181 in
2790 1145 2979 1195 pascua
3021 1131 3147 1196 ovis,
3188 1142 3233 1185 et
3262 1137 3318 1188 in

1730 1208 2161 1264 conculcationem
2188 1211 2345 1267 bovis.
2388 1213 2491 1270 Per
2533 1216 2650 1271 haec
2690 1233 2873 1275 rursus
2902 1236 2991 1277 res
3033 1237 3318 1293 prosperas

1728 1298 2011 1367 signiﬁcat,
2058 1302 2198 1357 sicut
2237 1313 2291 1360 et
2324 1305 2549 1361 ulterius
2588 1311 2933 1379 progrediens
2978 1313 3052 1367 ait
3078 1331 3093 1369 :
3122 1313 3315 1369 Beatus

1727 1392 1814 1458 qui
1858 1394 2071 1448 seminat
2110 1411 2267 1465 super
2313 1413 2510 1452 omnem
2551 1415 2758 1470 aquam,
2804 1405 2886 1457 ubi
2927 1404 3018 1459 bos
3056 1415 3102 1459 et
3142 1409 3317 1462 asinus

1728 1484 1926 1539 calcant
1977 1485 2130 1557 (Isai.
2175 1487 2261 1544 52.
2306 1489 2421 1562 20).
2472 1491 2932 1559 Quemadmodum
2974 1497 3139 1564 enim,
3191 1515 3314 1556 cum

1728 1579 2070 1635 solitudinem
2100 1582 2217 1637 vult
2236 1583 2558 1654 significare,
2587 1587 2804 1644 Sirenas
2833 1599 2886 1646 et
2910 1590 3315 1651 Onocentauros
3336 1578 3353 1587 ’

1727 1671 1779 1727 in
1818 1673 2051 1728 medium
2080 1674 2297 1732 adducit
2329 1676 2480 1749 (lsai.
2511 1680 2600 1735 15.
2644 1681 2734 1736 21.
2776 1682 2869 1755 22)
2898 1701 2911 1737 :
2937 1685 3032 1749 sic,
3066 1701 3188 1742 cum
3218 1702 3314 1757 pa-

1725 1778 1841 1819 cem
1868 1775 1922 1819 et
1941 1766 2304 1836 securitatem,
2336 1770 2581 1825 animalia
2612 1784 2889 1830 mansueta
2918 1787 2974 1833 et
2997 1778 3311 1845 tractabiiia,

1726 1873 1951 1928 qumque
2012 1860 2352 1931 agricultura:
2413 1863 2709 1921 inserviunt
2755 1868 2953 1939 ubique
3021 1871 3312 1942 conspicua

1725 1949 1961 2016 exhibet,
1994 1952 2062 2007 ab
2088 1951 2172 2006 his
2197 1968 2259 2009 ea
2286 1970 2406 2025 quac
2442 1972 2626 2012 eorum
2671 1959 2968 2015 ministerio
2994 1962 3127 2018 fiunt
3169 1964 3310 2020 indi.
3343 1968 3346 1972 “

1725 2054 1876 2107 εειιιε,
1900 2043 2278 2114 agriculturam
2302 2058 2359 2103 et
2378 2046 2479 2105 alia
2507 2064 2693 2106 eorum
2715 2051 3025 2109 ministeria.

2315 2181 2539 2241 CAPUT
2589 2184 2719 2240 VIII.

1728 2295 1776 2349 l.
1820 2294 1886 2348 Et
1924 2296 1994 2349 ait
2034 2294 2283 2352 Dominus
2325 2298 2394 2351 ad
2437 2315 2515 2354 me
2544 2314 2563 2354 :
2589 2300 2749 2356 Sume
2774 2302 2865 2359 tibi
2906 2311 3095 2358 tomum
3123 2308 3311 2362 charta:

1797 2402 2014 2450 novum,
2065 2404 2335 2459 magnum,
2379 2399 2427 2443 et
2471 2391 2629 2445 scribe
2668 2392 2721 2445 in
2764 2409 2823 2447 eo
2878 2396 3008 2463 ston
3052 2397 3268 2450 nominis
3292 2435 3310 2460 ,

1795 2487 1848 2530 ut
1912 2479 2144 2533 velociter
2216 2480 2641 2546 deprwdatiouem
2694 2484 2851 2553 faciat
2910 2488 3208 2557 spoliorum.
3252 2491 3309 2547 2.

1795 2571 1948 2626 Adest
1968 2573 2101 2627 enim
2129 2589 2147 2626 :
2171 2583 2218 2628 et
2234 2584 2380 2629 testes
2401 2576 2525 2629 mihi
2550 2576 2632 2644 [ac
2651 2578 2824 2646 [idet'es
2852 2579 3099 2650 homines,
3133 2580 3178 2637 U
3183 2583 3310 2636 riam

1793 2664 2102 2718 sacerdotem
2138 2666 2154 2696 ¹
2175 2706 2191 2732 ,
2244 2674 2289 2720 et
2315 2665 2623 2721 Zachariam
2651 2668 2812 2737 [ilium
2836 2667 3125 2728 Barac/tite.
3154 2674 3209 2728 5.
3246 2674 3312 2729 Et

1794 2765 1978 2814 accessi
1993 2759 2061 2813 ad
2081 2761 2467 2831 prapltctissam,
2498 2771 2542 2817 et
2567 2764 2619 2816 in
2646 2775 2783 2817 utero
2812 2765 3024 2833 accepit,
3052 2777 3097 2820 et
3119 2769 3310 2837 peperit

1802 2852 1982 2904 lilium.
2012 2849 2080 2904 Et
2118 2849 2246 2905 dixit
2284 2851 2405 2905 milii
2436 2850 2734 2908 Dominus:
2785 2853 2921 2908 Voca
2961 2873 3140 2911 nomen
3178 2859 3309 2928 ejus,

1796 2944 1905 2997 (lito
1932 2945 2115 3015 spolia,
2157 2943 2406 2999 Velociter
2451 2947 2700 3017 prwdare.
2746 2949 2799 3004 4.
2859 2948 2990 3014 Quia
3040 2960 3310 3023 antequam

1791 3030 1916 3083 sciat
1951 3046 2075 3099 puer
2104 3046 2281 3085 uocare
2306 3040 2500 3102 patrem
2540 3040 2627 3085 aut
2670 3042 2900 3101 matrem,
2951 3036 3164 3105 accipiet
3212 3036 3311 3091 vir-

1795 3131 1949 3176 tutem
1977 3120 2218 3176 Damasci
2247 3132 2293 3178 et
2318 3122 2484 3195 spolia
2514 3123 2765 3180 Samaria:
2793 3142 2964 3179 coram
3004 3143 3119 3198 rege
3146 3126 3277 3197 Assy
3296 3158 3311 3169 -

1792 3232 2002 3270 norunt.

1793 3332 1844 3387 1.
1885 3331 2010 3388 Haec
2050 3332 2156 3389 duo
2198 3345 2459 3405 praecepta
2503 3334 2794 3391 secundum
2826 3335 3029 3392 literam
3061 3335 3307 3393 videntur

1720 3425 1939 3479 omnino
1983 3425 2193 3481 diversa
2222 3441 2343 3482 esse
2366 3467 2381 3493 ,
2412 3425 2648 3497 nihilque
2676 3442 2961 3484 commune
2997 3427 3195 3485 habere
3222 3447 3235 3483 :
3262 3431 3306 3485 si

1718 3516 1838 3587 quis
1885 3531 2015 3571 vero
2058 3518 2441 3572 sententiarum
2469 3518 2572 3573 vim
2617 3528 2867 3574 accurate
2909 3520 3306 3589 exploraverit,

1719 3607 1938 3662 multam
1968 3608 2165 3663 videbit
2193 3609 2245 3663 in
2272 3624 2335 3664 ea
2361 3625 2420 3664 re
2447 3610 2850 3665 consonantiam
2884 3620 2939 3666 et
2979 3626 3140 3666 unum
3184 3626 3307 3666 sco-

1717 3716 1865 3772 pum.
1891 3701 2256 3758 Necessarium
2278 3710 2454 3757 autem
2483 3712 2566 3758 est
2591 3703 2737 3773 prius
2756 3703 2934 3758 dicere
2960 3719 3054 3758 cur
3080 3703 3307 3773 prophe-

1718 3795 1789 3849 tia
1821 3794 1872 3849 in
1908 3793 2181 3849 hominum
2208 3793 2367 3849 vitam
2398 3794 2611 3851 inducta
2645 3794 2733 3850 sit.
2780 3794 2887 3851 Cur
2927 3811 3055 3866 ergo
3099 3796 3306 3852 invecta

1715 3889 1820 3955 sit,
1849 3903 2069 3944 necesse
2106 3897 2191 3945 est
2232 3888 2428 3944 dicere.
2475 3889 2619 3946 Solet
2667 3890 2807 3945 Deus
2848 3890 2914 3945 ad
2962 3905 3147 3961 pinnas
3177 3905 3305 3961 pec-

1715 3980 1962 4035 cantibus
1988 3980 2294 4037 inferendas
2322 3981 2558 4037 cunctari
2588 3993 2642 4036 et
2674 3982 3083 4050 procrastinare,
3115 3997 3303 4053 quom-

1716 4073 2015 4129 admodum
2050 4082 2324 4145 promptus
2362 4075 2613 4145 celerque
2640 4083 2722 4129 est
2746 4074 2812 4128 ad
2843 4075 3098 4130 beneficia
3139 4073 3304 4144 probe

1714 4166 2011 4222 viventibus
2033 4165 2352 4236 praestanda.
2376 4165 2489 4220 Hoc
2513 4164 2565 4221 id
2591 4165 2756 4220 efficit
2781 4174 2838 4220 ut
2861 4170 3133 4233 segniores
3156 4165 3303 4222 deci-
3407 4199 3419 4216 .

1714 4258 1860 4325 dant,
1889 4273 1955 4314 eo
1983 4258 2125 4329 quod
2152 4256 2285 4313 ultio
2308 4257 2571 4313 scelerum
2602 4273 2704 4312 non
2728 4273 2759 4312 e
2781 4256 3002 4327 vestigio
3025 4266 3300 4329 sequatur.

1715 4351 1784 4407 Ut
1814 4365 1943 4422 ergo
1972 4350 2111 4405 Deus
2137 4349 2442 4420 patientiam
2464 4362 2613 4404 suam
2636 4348 2906 4412 exhibeat,
2926 4363 3099 4420 neque
3125 4358 3301 4404 tamen

1715 4442 1789 4497 illi
1826 4442 1950 4498 hinc
1994 4441 2267 4512 segniores
2312 4441 2575 4506 evadant,
2620 4439 2911 4511 prOphetiie
2954 4441 3299 4511 pharmacum

1710 4543 1964 4605 apparat,
1994 4548 2101 4589 non
2137 4533 2515 4604 suppliciorum
2544 4533 2929 4604 experimento,
2961 4532 3053 4588 sed
3084 4533 3297 4589 interim

1712 4627 2044 4698 prmscientia
2068 4626 2318 4683 erudiens
2344 4634 2670 4697 peccatores,
2693 4635 2750 4678 ut
2775 4625 2818 4679 si
2849 4624 3045 4679 auditis
3068 4626 3297 4680 commi-

1712 4719 2013 4775 nationibus
2060 4718 2312 4774 meliores
2357 4717 2622 4783 evadant,
2656 4730 2828 4785 pinnae
2869 4715 3297 4786 experimentum

60 4778 174 4818 ceno
195 4767 392 4821 audeat
421 4766 599 4822 nudus
624 4777 676 4823 et
716 4769 834 4825 sine
862 4770 1026 4827 armis
1056 4770 1302 4829 introire.
1342 4772 1453 4830 Hoc
1472 4790 1603 4831 vero

58 4854 117 4913 in.
142 4856 480 4912 solitudinem
505 4858 606 4913 loci
634 4858 933 4928 declarans,
962 4862 1292 4935 multamque
1310 4863 1416 4919 illis
1440 4866 1493 4921 in
1524 4866 1603 4922 lo-

59 4960 105 4997 cs
124 4946 346 5004 Ferarum
368 4949 745 5021 frequentiam.
770 4950 983 5008 Illorum
1005 4954 1184 5026 itaque
1203 4952 1382 5013 animo
1407 4958 1601 5015 timore

61 5040 275 5105 mllso,
303 5041 549 5112 ipsisque
576 5041 882 5100 vehementi
919 5044 1133 5102 incusso
1180 5055 1346 5115 metu,
1386 5065 1598 5106 rursum

62 5140 310 5187 tam
343 5147 536 5203 parum
570 5135 815 5203 rauittit,
843 5136 983 5193 bona
1028 5138 1353 5207 admiscens,
1388 5157 1598 5200 necnon

63 5227 357 5280 latim
396 5226 452 5281 in
507 5226 741 5293 melius;
769 5236 827 5285 ut
879 5230 1129 5302 utrinque
1175 5233 1267 5289 Dei
1309 5237 1597 5304 potentiam

64 5326 382 5377 tenaces-ent.
420 5317 624 5375 Verum
667 5320 723 5376 in
770 5322 1097 5379 terribilibus
1141 5325 1339 5382 diutius
1378 5329 1594 5400 insistit,

65 5406 150 5461 ha
182 5426 313 5467 vero
342 5412 529 5468 statim
574 5421 637 5469 ut
671 5413 827 5485 dixit,
857 5415 1184 5472 intermittit.
1216 5418 1436 5487 Quare?
1461 5422 1595 5489 Quia

67 5496 121 5553 is
152 5506 384 5560 annue
410 5505 798 5576 increpationis
826 5508 1127 5579 pharmace
1167 5519 1295 5567 tunc
1324 5514 1592 5584 egebant;

66 5590 101 5638 ιι
122 5605 165 5646 ιι
182 5606 473 5669 postquam
494 5598 712 5670 copiose
744 5600 872 5657 illud
906 5603 1173 5672 apposuit,
1203 5619 1310 5674 quo
1329 5606 1468 5661 sinat
1492 5620 1593 5677 pa-

66 5693 213 5756 uper
254 5692 557 5764 respirare,
611 5700 666 5750 et
707 5690 832 5749 hinc
879 5694 1038 5750 etiam
1080 5694 1148 5750 ad
1200 5695 1447 5754 virtutem
1494 5714 1589 5756 eos

1709 4811 1977 4884 depellant
2005 4827 2020 4867 :
2047 4811 2129 4866 sin
2166 4824 2296 4866 vero
2337 4810 2455 4865 sine
2493 4824 2651 4865 sensu
2698 4818 2983 4877 maneant,
3010 4818 3136 4864 tunc
3166 4809 3297 4880 ipsis

1710 4904 2024 4976 supplicium
2048 4896 2256 4958 inferat.
2282 4901 2392 4957 Hoc
2419 4901 2744 4972 perspiciens
2770 4899 3033 4969 diabolus,
3053 4908 3110 4956 et
3135 4916 3295 4971 quan-

1709 5008 1821 5053 tum
1852 4997 1975 5051 hinc
2000 4996 2133 5051 lucri
2163 4996 2298 5051 foret
2326 4996 2583 5066 cogitans,
2603 4992 3095 5063 pseudoprophetas
3115 4994 3296 5049 immi-

1707 5092 1797 5157 sit,
1825 5091 1913 5155 qui
1940 5088 2214 5160 prophetis
2242 5086 2566 5143 minantibus
2593 5084 2786 5141 famem
2811 5125 2826 5149 ,
2860 5095 3083 5155 peStem,
3127 5085 3292 5150 bella,

1707 5183 2053 5239 barbarorum
2085 5179 2443 5237 incursionem
2464 5219 2479 5245 ,
2506 5177 2942 5234 contradicehant
2963 5218 2977 5244 ,
3008 5177 3177 5232 fausta
3199 5191 3295 5232 an-

1705 5274 2032 5330 nuntiantes.
2063 5268 2520 5338 Quemadmodum
2550 5269 2693 5324 enim
2739 5267 2878 5322 Deus
2917 5277 3060 5322 metu
3101 5267 3293 5321 verbo-

1706 5380 1824 5420 rum
1853 5363 2068 5420 volebat
2092 5362 2337 5433 supplicii
2364 5361 2785 5433 experimentum
2813 5357 3101 5428 depellere,
3130 5357 3207 5410 sic
3236 5366 3290 5411 et

1703 5454 1946 5510 diabolus
1975 5455 2297 5510 contrarium
2323 5452 2679 5525 operabatur;
2713 5444 2995 5506 verborum
3025 5444 3291 5502 illecebris

1704 5562 1799 5604 eos
1846 5548 2122 5603 emolliens
2164 5555 2219 5602 et
2263 5545 2541 5617 segniores
2594 5541 2857 5607 reddens,
2915 5538 3286 5595 necessitatem

1772 5708 1788 5740 ¹
1823 5704 1950 5770 Vox,
1975 5705 2287 5769 sacerdotem,
2310 5704 2455 5756 deest
2475 5703 2522 5753 in
2546 5698 2707 5765 nibliis
2727 5704 2854 5749 ιλιι.
