3696 6278
414 268 483 329 at
1092 269 1150 326 s.
1192 268 1470 327 JOANNIS
1507 252 1873 325 cunvsdsrt

2202 267 2336 325 IEP.
2372 266 2904 328 CONSTANTINOP.
3601 272 3657 330 οε

413 387 668 445 afferebat
690 396 749 443 ut
777 385 1031 457 supplicia
1062 385 1234 454 teipsa
1260 384 1647 455 experirentur.
1674 383 1838 449 Hine,
1868 382 1995 452 quia

416 490 601 553 postea
643 477 1121 551 pseudOprophetis
1167 475 1325 531 tidem
1374 476 1633 531 habentes
1654 516 1668 543 ,
1698 490 1761 529 ac
1792 474 2003 530 virtutis

412 570 726 627 exercitium
751 576 1173 632 contemnentes,
1201 565 1294 620 sed
1323 565 1373 619 in
1405 565 1631 634 peccatis
1656 566 1766 619 suis
1796 578 2004 633 perma-

415 670 605 718 nentes
625 654 767 727 ,sibi
798 658 1113 729 supplicium
1144 656 1482 712 attrahebant
1502 696 1517 723 ,
1549 670 1737 725 ac-per
1802 653 2007 710 exitum

412 752 789 825 prophetarum
814 751 1009 805 veritas
1028 748 1422 812 ostendebatur,
1442 756 1495 802 et
1517 745 2004 817 pseudoprophcta-

413 863 529 902 rum
553 844 888 901 mendacium
908 842 1273 912 detegebatur,
1307 841 1463 895 aliam
1494 855 1676 895 rursus
1702 839 2003 898 machinam

413 945 637 1007 apparat
678 935 744 990 ad
785 949 968 990 eorum
997 932 1284 1004 perniciem
1313 932 1401 1002 qui
1431 946 1489 987 se
1526 931 1769 1000 intercipi
1799 930 1998 984 sinunt.

410 1026 589 1083 Suasit
615 1040 756 1080 eorm
794 1026 944 1095 ipsis,
971 1024 1060 1094 qui
1091 1023 1314 1093 deceptu
1346 1022 1529 1077 faciles
1557 1030 1730 1086 erant,
1762 1022 1858 1076 has
1883 1036 2002 1091 qua:

411 1117 720 1174 accidebant
749 1115 1078 1173 calamitates
1108 1131 1173 1171 ex
1213 1115 1515 1169 dmmonum
1547 1116 1623 1169 ira
1668 1114 1952 1183 provenire
1978 1153 1995 1179 ,

410 1210 554 1280 quod
581 1210 650 1263 ab
677 1208 804 1279 ipsis
832 1208 1225 1278 negligerentur
1251 1219 1314 1260 ac
1353 1206 1626 1275 despectui
1654 1205 1997 1260 haberentur.

415 1303 564 1357 Ilanc
607 1302 766 1369 igitur
810 1298 1074 1354 fallaciam
1119 1308 1176 1357 ut
1214 1298 1427 1353 tolleret
1465 1298 1625 1364 Deus,
1670 1310 1793 1352 ante
1836 1296 1998 1351 multa

414 1402 654 1462 tempora
700 1406 820 1461 quae
866 1390 977 1445 illis
1013 1398 1268 1445 eventura
1312 1399 1487 1456 erant,
1517 1389 1623 1445 imo
1666 1389 1839 1459 potius
1879 1402 1999 1458 quat

409 1488 554 1556 ipsos
582 1486 1029 1557 comprehensum
1058 1493 1211 1539 erant
1249 1482 1385 1537 mala
1428 1483 1746 1553 praenuntiat
1770 1522 1785 1544 .
1812 1492 1871 1535 ut
1906 1480 1999 1551 qui

408 1580 528 1634 illos
552 1578 887 1646 decipiebant
908 1586 1254 1647 tittmpossent
1274 1575 1366 1629 irae
1387 1575 1687 1630 daemonum
1714 1573 1813 1628 bos
1838 1588 1999 1629 even-

411 1681 496 1725 tus
538 1669 861 1725 adscribere.
913 1668 1063 1736 Quod
1111 1676 1291 1723 autem
1334 1682 1440 1721 non
1493 1681 1589 1736 per
1634 1664 1996 1734 conjecturam

410 1761 526 1816 haec
550 1760 723 1815 dicam
745 1802 761 1827 ,
794 1759 917 1813 audi
962 1759 1151 1813 Isaiam
1176 1758 1440 1812 dicentem
1471 1775 1485 1810 :
1516 1757 1641 1813 Scio
1676 1757 1797 1827 quia
1838 1756 2001 1810 durus

408 1870 478 1917 es,
511 1864 557 1915 et
586 1867 764 1905 nereus
806 1854 997 1921 ferreus
1026 1849 1215 1903 collum
1245 1860 1386 1901 tuum
1405 1888 1418 1914 ,
1448 1858 1495 1902 et
1537 1849 1679 1918 frons
1718 1858 1805 1900 tua
1833 1863 1993 1901 anea.

406 1941 533 1997 Ideo
559 1942 620 1995 ab
647 1942 788 1995 initio
827 1940 1062 2014 loquutus
1101 1956 1211 1994 sum
1244 1939 1331 1993 tibi
1352 1980 1366 2004 ,
1396 1955 1456 1993 ne
1480 1938 1619 1993 dicas
1648 1954 1669 1991 :
1690 1937 1843 1992 Idola
1872 1938 1999 1991 mihi

406 2039 646 2105 fecerunt,
671 2043 715 2088 et
744 2032 1001 2103 sculptilia
1020 2042 1065 2088 et
1084 2033 1367 2103 con/iutilia
1394 2032 1523 2085 mihi
1548 2034 1792 2102 fecerunt.
1818 2029 1996 2101 Neque

405 2126 537 2180 uasti
562 2168 576 2190 ,
609 2142 765 2196 neque
812 2126 989 2178 audita
1031 2129 1172 2196 [acre
1216 2125 1303 2177 tibi
1333 2123 1501 2193 (Isai.
1554 2123 1644 2178 48.
1694 2124 1749 2178 4.
1796 2124 1849 2177 5.
1894 2122 1991 2192 8).

405 2217 536 2284 Quia
568 2216 748 2286 igitur,
780 2223 836 2269 ut
862 2216 1141 2281 dicebam,
1176 2222 1428 2284 utque'cx
1470 2214 1772 2269 testimonio
1812 2213 1994 2268 videre

405 2318 504 2374 est,
550 2308 883 2363 dmmonibus
934 2307 1023 2362 illa
1069 2306 1481 2373 adscribebant,
1518 2307 1662 2361 venit
1710 2307 1991 2377 prophetia

404 2398 542 2453 banc
573 2396 766 2453 tollens
787 2397 1045 2463 fraudem,
1065 2407 1115 2452 et
1134 2412 1194 2452 ea
1217 2407 1339 2452 ante
1362 2398 1524 2451 multa
1548 2406 1780 2469 tempora
1804 2382 1996 2469 prtedi-

402 2505 551 2543 cens.
580 2488 684 2545 Sed
720 2489 842 2559 quia
882 2487 1043 2543 etiam
1082 2488 1159 2541 sic
1195 2487 1483 2542 verisimile
1518 2497 1633 2542 erat
1657 2503 1769 2553 eos,
1799 2488 1990 2559 ingrati

402 2596 526 2636 cum
556 2591 756 2645 essent,
780 2580 1019 2635 dicturos
1047 2594 1185 2644 esse,
1209 2578 1322 2635 Non
1353 2579 1688 2649 prmdixisus,
1713 2595 1817 2634 non
1846 2582 1992 2649 prius

404 2673 717 2738 audivimus,
745 2687 886 2727 nunc
924 2671 975 2727 id
1021 2671 1216 2743 fingitis
1246 2682 1368 2742 post
1391 2682 1637 2728 eventum
1670 2691 1683 2728 :
1714 2688 1818 2727 non
1849 2674 1991 2729 enim

404 2767 574 2821 uestis
599 2780 662 2820 ea
687 2781 804 2837 qua:
829 2775 1081 2820 eventura
1114 2773 1266 2819 sunt:
1290 2764 1553 2819 undenam
1580 2780 1706 2834 ergo
1735 2764 1785 2819 id
1818 2765 1988 2835 palam

403 2859 525 2923 erit,
550 2857 689 2929 quod
727 2873 917 2927 nempe
958 2855 1157 2911 dictum
1191 2856 1395 2911 fuerit?
1420 2856 1541 2913 vide
1577 2857 1844 2929 quomodo
1887 2859 1990 2912 illis

401 2953 546 3007 clare
569 2936 902 3006 ineluctabile
932 2959 1080 3021 paret
1108 2959 1501 3020 argumentum,
1526 2951 1849 3022 impudentia
1871 2966 1993 3007 con-

400 3059 562 3099 snens
606 3060 717 3098 ora.
750 3043 864 3097 Non
906 3043 1046 3096 enim
1091 3042 1348 3112 permittit
1389 3051 1444 3096 ut
1482 3048 1686 3096 tantum
1712 3042 1871 3110 dicat,
1895 3043 1989 3099 sed

396 3136 548 3206 jubet
578 3135 629 3189 in
670 3135 849 3189 charta
878 3134 1037 3189 scribi
1068 3149 1132 3187 ea
1153 3149 1272 3204 quae
1319 3134 1598 3202 dicuntur;
1631 3149 1803 3204 neque
1830 3136 1989 3189 modo

402 3228 584 3293 scribi,
615 3242 681 3280 ne
726 3227 908 3280 liceret
936 3226 1014 3280 eis
1043 3225 1241 3290 dicere,
1274 3225 1387 3281 Hoc
1430 3237 1615 3297 postea
1662 3228 1850 3295 tinxit;
1881 3230 1979 3285 sed

382 3319 569 3391 etiam
594 3326 758 3373 testes
797 3317 1118 3387 scriptorum
1146 3326 1301 3372 vocat
1324 3317 1568 3374 homines
1593 3318 1694 3374 fide
1718 3318 1913 3391 dignos
1935 3330 1990 3376 et

400 3426 431 3463 a
452 3409 706 3479 dignitate
735 3415 790 3463 et
817 3423 845 3461 a
877 3422 1095 3463 morum
1118 3408 1398 3477 probitate.
1420 3408 1553 3465 Nam
1582 3410 1656 3466 ait
1688 3427 1700 3465 :
1732 3410 1840 3468 Fac
1864 3413 1989 3468 mihi

400 3510 576 3565 testes,
630 3498 803 3568 ﬁdeles
832 3498 1056 3553 homines
1078 3541 1092 3565 ,
1131 3498 1309 3553 Uriam
1337 3502 1645 3557 sacerdotem
1667 3544 1689 3569 ,η
1714 3515 1758 3557 et
1788 3504 1988 3559 Zacha-

397 3596 527 3649 riam
549 3610 571 3659 ;
601 3604 658 3649 ut
685 3594 899 3666 quando
925 3610 1102 3649 rerum
1133 3596 1309 3649 exitus
1336 3596 1471 3660 erit,
1502 3606 1556 3652 et
1599 3598 1671 3652 illi
1716 3598 1984 3666 dixerint,

399 3684 524 3745 Haec
551 3697 677 3741 ante
705 3686 871 3740 multa
913 3694 1153 3754 tempora
1205 3701 1310 3739 non
1353 3686 1494 3741 dicta
1543 3686 1694 3744 fuere
1715 3729 1739 3756 ,
1761 3690 1986 3751 eductus

399 3777 534 3832 liber
555 3786 610 3833 et
640 3785 805 3833 testes
831 3778 919 3847 qui
946 3776 1169 3832 aderant
1195 3778 1589 3848 impudentibus
1614 3781 1718 3836 illis
1747 3796 1808 3837 os
1832 3783 1988 3839 obtu-

395 3878 534 3935 rent.
586 3867 809 3937 ldeogait
830 3908 849 3936 ,
876 3867 1035 3924 Sume
1059 3868 1251 3924 charte
1276 3879 1465 3923 tomum
1508 3887 1687 3926 novum
1709 3912 1726 3939 ,
1759 3881 1816 3927 ut
1841 3890 1910 3929 ne
1941 3874 1986 3932 si

396 3969 546 4015 vetus
562 3958 675 4029 jam
717 3959 819 4023 sit,
846 3960 956 4017 cito
984 3970 1200 4029 pereat;
1231 3959 1325 4017 sed
1350 3960 1446 4032 qui
1468 3961 1634 4019 multo
1661 3963 1817 4019 duret
1848 3976 1986 4021 tem-

396 4064 546 4120 pore,
576 4061 628 4106 et
651 4066 746 4120 per
770 4052 967 4121 scripta
999 4052 1121 4107 illos
1144 4053 1371 4113 incusat.
1401 4052 1471 4111 Et
1486 4054 1648 4109 scribe
1673 4056 1803 4127 slylo
1827 4057 1984 4112 Iacnti-

393 4144 505 4209 uis,
532 4143 584 4199 id
609 4152 695 4199 est
734 4142 977 4209 calamo,
1002 4159 1117 4213 quae
1142 4147 1317 4214 futura
1340 4154 1476 4202 sunt.
1522 4145 1783 4212 Quaenam
1808 4147 1981 4205 futura

392 4235 558 4289 sunt?
576 4234 806 4301 Bellum,
823 4236 1044 4290 victoria
1066 4234 1439 4304 barbarorum,
1457 4239 1750 4309 spoliorum
1774 4239 1983 4311 deprar-

389 4324 569 4391 stitio,
599 4326 916 4381 exuviarum
942 4327 1147 4397 rapina.
1190 4326 1316 4382 Haec
1341 4328 1519 4400 itaque
1543 4331 1752 4398 omnia,
1780 4332 1979 4403 inquit,

393 4417 572 4473 scribe
594 4458 612 4484 ,
645 4416 712 4472 Ut
755 4419 986 4472 velociter
1010 4420 1436 4489 deprcrdationem
1478 4423 1633 4491 faciat
1675 4424 1977 4493 spoliorum.

391 4509 551 4563 Adest
570 4508 723 4563 cuius.
746 4506 882 4575 Quid
911 4507 1011 4565 sibi
1038 4509 1149 4563 vult
1175 4508 1321 4576 illud,
1347 4510 1500 4564 Adest
1525 4512 1694 4566 enim?
1718 4512 1843 4575 [line
1865 4513 1971 4569 duo

391 4600 691 4670 signiticet:
714 4616 907 4671 nentpe
921 4601 1032 4671 jam
1056 4611 1180 4657 tunc
1201 4613 1535 4672 peccatorum
1559 4605 1977 4675 magnitudinem

390 4693 655 4748 ultionem
672 4694 977 4764 expetiisse,
998 4704 1053 4749 et
1075 4694 1126 4748 in
1150 4693 1349 4750 foribus
1371 4694 1480 4764 iam
1508 4710 1627 4752 esse
1648 4697 1933 4753 vindictam
1959 4717 1974 4753 :

310 4828 317 4835 .
390 4786 565 4856 ipsum
595 4801 724 4843 vero
751 4786 1009 4852 cunctari,
1037 4787 1287 4857 patientia
1316 4802 1410 4844 sua
1437 4788 1619 4851 volens
1648 4789 1768 4845 illos
1794 4791 1979 4846 melio-

390 4892 479 4932 res
503 4877 756 4945 reddere,
770 4890 822 4934 et
846 4880 1100 4934 ultionem
1126 4895 1378 4937 amovere
1406 4898 1418 4934 :
1449 4881 1654 4952 ipsique
1680 4881 1833 4939 facile
1858 4898 1978 4939 esse

390 4970 509 5023 solo
532 4979 664 5024 nutu
703 4972 880 5025 omnia
921 4971 987 5025 ad
1030 4970 1278 5031 eﬂ‘ectum
1309 4973 1621 5042 perducere.
1670 4974 1801 5042 Quia
1832 4975 1975 5030 enim

389 5059 459 5123 de
481 5058 721 5119 barbaris
743 5075 920 5115 sermo
949 5070 1064 5116 erat
1083 5103 1096 5126 ,
1121 5063 1210 5131 qui
1238 5063 1435 5125 bellum
1466 5065 1659 5121 illaturi
1687 5076 1839 5121 erant
1856 5107 1871 5132 ,
1897 5067 1977 5123 Nc

388 5150 608 5221 putetis,
637 5150 951 5220 inquit,vire
970 5152 1375 5222 longitudinem,
1402 5156 1773 5226 exercitusque
1798 5157 1974 5212 multi-

389 5243 627 5297 tudinem
669 5243 1061 5299 cunctationem
1100 5246 1383 5313 quamdam
1427 5247 1704 5302 allaturam
1736 5261 1889 5316 esse;
1921 5249 1977 5305 id

388 5335 530 5406 quod
560 5335 697 5391 solet
729 5334 871 5404 apud
903 5335 1148 5394 homines
1175 5339 1438 5412 accidere.

404 5469 409 5475 .
434 5429 513 5481 ι
546 5426 654 5481 Deo
680 5426 820 5481 adest
845 5428 888 5481 is
910 5429 996 5498 qui
1025 5432 1198 5497 procul
1224 5440 1316 5484 est.
1337 5431 1552 5492 -φΝειω
1586 5432 1696 5488 Deo
1742 5433 1894 5501 ade-st
1928 5435 1971 5490 is

390 5525 480 5591 qui
509 5521 697 5591 procul
720 5529 803 5576 est
830 5537 844 5574 :
874 5522 945 5576 ita
975 5520 1281 5577 facillimum
1314 5525 1413 5594 ipsi
1454 5535 1535 5581 est
1579 5540 1686 5583 uno
1707 5528 1973 5597 temporis

391 5624 663 5671 momento
706 5613 775 5669 ab
815 5615 1069 5670 extremis
1118 5624 1274 5671 terrae
1329 5619 1564 5688 partibus
1589 5662 1603 5682 ,
1634 5620 1840 5676 etiamsi
1891 5620 1973 5675 illi

388 5722 581 5778 magno
602 5721 831 5763 numero
873 5709 981 5763 sint
1004 5749 1018 5774 ,
1052 5694 1169 5765 illos
1196 5710 1375 5765 statim
1404 5709 1668 5769 adducere
1714 5712 1967 5777 vobiSQue

2106 384 2318 440 sistere.
2343 384 2410 438 Et
2434 370 2583 439 testes
2609 382 2736 439 mihi
2753 388 2835 454 {ac
2861 387 3035 457 ﬁdeles
3061 377 3302 451 homines.
3334 387 3496 444 Un'am
3512 406 3643 445 επεν

2109 476 2293 540 dotem,
2317 489 2362 531 et
2382 475 2683 531 Zachariam
2708 478 2873 547 ﬁlium
2895 478 3177 533 Baracltire.
3200 479 3364 549 Cujus
3386 482 3455 536 rei
3478 483 3658 536 testcs‘

2109 567 2389 639 Temporis
2419 587 2433 624 :
2465 572 2539 625 ut'
2572 570 2616 626 si
2666 572 2862 642 scripta
2896 572 3175 627 calumniis
3220 574 3544 643 impetantur,
3573 572 3658 627 bo«

2110 660 2281 715 mines
2308 659 2484 715 adhuc
2524 663 2760 717 viventes
2787 701 2805 728 ,
2843 663 2932 732 qui
2985 662 3109 717 dum
3167 662 3282 719 hsce
3332 665 3658 719 scriberentut

2108 759 2402 819 praesentes
2431 759 2582 806 erant
2605 793 2619 819 ,
2654 762 2968 822 tempusque
2997 754 3239 823 apprime
3284 762 3528 809 noverant
3564 766 3658 823 qua

2108 842 2221 898 haec
2244 843 2581 908 dicebantur,
2605 844 2807 915 possint
2831 859 2891 899 os
2916 846 3165 901 obturare
3189 845 3506 914 impudenter
3528 846 3658 901 obla-

2108 920 2386 991 trantibus.
2417 937 2606 992 Eidem
2640 938 2806 992 haeret
2831 945 3144 1008 argumento
3172 939 3223 993 id
3246 939 3389 1008 quod
3411 940 3658 1010 sequitur,

2106 1026 2300 1081 clarius
2343 1027 2420 1082 rei
2471 1016 2839 1098 probationem
2888 1031 3140 1085 inferens.
3196 1029 3466 1097 Quomodo
3489 1038 3541 1086 et
3567 1044 3658 1099 qua

2105 1118 2357 1174 ratione?
2385 1117 2500 1189 Ipsa
2529 1119 2690 1174 verba
2721 1120 3014 1175 audiamus.
3044 1120 3265 1175 Accessit
3293 1121 3450 1187 enim,
3479 1122 3584 1187 ait,
3609 1137 3658 1173 ao

2110 1208 2503 1279 prophetissam.
2562 1210 2794 1266 Uxorem
2848 1213 3115 1284 propriam
3162 1214 3238 1269 sic
3264 1214 3398 1269 forte
3435 1215 3658 1280 vocavit,

2104 1302 2244 1372 quod
2289 1303 2375 1357 illa
2406 1304 2565 1359 etiam
2609 1304 2922 1375 prophetico
2964 1305 3169 1377 Spiritu
3210 1306 3419 1377 dignata
3449 1307 3657 1362 fuisset:

2104 1408 2225 1449 nam
2258 1410 2364 1450 non
2394 1396 2523 1451 viris
2565 1398 2722 1452 modo
2753 1397 2869 1454 luce
2906 1413 3129 1455 munera
3176 1398 3449 1467 dabantur,
3478 1402 3573 1457 sed
3622 1405 3657 1457 ll

2104 1488 2418 1544 muliebrem
2456 1489 2615 1544 etiam
2646 1504 2830 1546 sexum
2861 1493 3202 1548 transierant.
3230 1493 3409 1564 Neque
3434 1495 3569 1551 enim
3622 1510 3657 1549 u

2102 1580 2156 1633 in
2184 1580 2524 1637 saecularibus
2567 1584 2791 1653 negotiis
2824 1582 2998 1640 officia
3040 1584 3458 1656 distinguuntur,
3484 1594 3535 1642 et
3572 1588 3658 1642 ali:

2102 1672 2338 1728 virorum
2369 1682 2491 1728 sunt
2513 1717 2528 1741 ,
2557 1674 2657 1729 alia
2689 1676 3005 1742 mulierum,
3033 1692 3130 1732 nec
3160 1687 3380 1746 possunt
3428 1679 3523 1733 illa:
3550 1679 3647 1734 fun

2100 1764 2313 1821 ctiones
2335 1765 2473 1821 inter
2499 1781 2557 1822 se
2586 1769 2899 1823 commutari
2924 1788 2935 1822 :
2962 1769 3032 1824 ita
3063 1784 3122 1825 se
3148 1785 3236 1825 res
3264 1770 3419 1825 habet
3442 1772 3489 1826 in
3515 1774 3657 1843 spirit

2102 1855 2359 1921 tualibus;
2391 1857 2484 1912 sed
2530 1858 2677 1927 paria
2719 1869 2845 1913 sunt
2886 1861 3174 1915 certamina
3200 1904 3213 1929 ,
3244 1876 3542 1919 communes
3585 1879 3657 1917 co

2100 1962 2263 2003 route.
2295 1947 2361 2002 Et
2394 1947 2507 2003 haec
2534 1950 2713 2019 utique
2742 1950 2921 2006 videre
2952 1961 3032 2007 est
3062 1952 3114 2007 in
3150 1953 3323 2008 Veteri
3350 1963 3403 2008 et
3435 1954 3484 2008 in
3523 1953 3658 2009 Novi

2099 2039 2463 2108 Testamento,
2497 2039 2548 2094 in
2579 2049 2690 2096 toto
2718 2041 2952 2097 lmmano
2977 2059 3170 2115 genere
3195 2046 3511 2115 contingere.
3536 2047 3658 2101 Cuu

2100 2131 2199 2185 hac
2228 2131 2385 2201 igitur
2409 2146 2474 2186 ex
2503 2132 2621 2202 lege
2645 2135 2969 2188 matrimonii
2998 2149 3315 2206 congressus
3354 2152 3469 2191 cum
3513 2146 3658 2194 esset

2099 2232 2460 2293 praegnantem
2502 2224 2643 2278 illam
2670 2224 2865 2280 eﬂ'ecit.
2912 2225 2981 2280 Et
3024 2237 3300 2298 postquam
3345 2240 3495 2285 natus
3534 2246 3658 2285 esse

2104 2328 2235 2384 puer
2256 2356 2269 2379 ,
2305 2329 2496 2369 nomen
2526 2330 2719 2369 novum
2771 2324 2824 2370 et
2868 2316 3237 2373 admirandum
3266 2319 3364 2389 ipsi
3394 2321 3648 2391 imposuit

2095 2404 2238 2475 quod
2275 2404 2570 2460 futurorum
2598 2406 2870 2462 historiam
2893 2410 3353 2477 complecteretur.
3380 2412 3513 2480 Quid
3534 2416 3657 2469 etiir

2096 2498 2209 2551 ait?
2259 2496 2390 2551 Voca
2415 2514 2595 2553 nomen
2620 2501 2752 2570 ejus,
2777 2498 2887 2555 Cito
2915 2500 3100 2570 spolia,
3140 2501 3386 2557 Velociter
3413 2507 3654 2575 prazdarc

2097 2595 2154 2641 ut
2181 2586 2389 2642 etiamsi
2416 2589 2627 2659 scriptis
2656 2588 2786 2645 fides
2812 2604 2917 2645 non
2946 2590 3232 2648 haberetur
3270 2594 3321 2648 in
3351 2603 3494 2650 tomo
3536 2598 3658 2665 ι)οεὶ

2099 2681 2188 2747 tis,
2205 2681 2489 2750 appellatio
2512 2682 2657 2752 pueri
2681 2681 2981 2738 futurorum
3003 2684 3277 2741 historiam
3298 2689 3658 2757 complectens

2095 2781 2150 2827 et
2189 2782 2312 2829 ante
2341 2782 2590 2829 eventum
2618 2789 2795 2830 rerum
2826 2776 3088 2846 imposita,
3113 2792 3175 2833 ac
3205 2777 3511 2846 frequenter
3540 2796 3658 2835 onn

2095 2872 2334 2933 tempore
2358 2865 2582 2934 prolata,
2615 2866 2699 2921 vel
2731 2866 3306 2936 impudentissimorum
3337 2884 3429 2925 ora
3455 2885 3658 2926 OOIISUl

2093 2965 2193 3010 ret.
2222 2955 2371 3022 Quod
2393 2956 2535 3010 enim
2562 2955 2677 3013 lucc
2698 2957 2952 3028 propheta
2973 2974 3078 3014 non
3110 2969 3226 3030 post
3248 2969 3501 3017 eventum
3533 2963 3650 3017 νῐίίπ

2095 3047 2267 3114 urit,
2312 3047 2408 3102 sed
2452 3047 2609 3118 longe
2657 3058 2783 3103 ante
2827 3051 3171 3120 praeviderit,
3217 3054 3377 3107 etiam
3409 3054 3443 3108 ii
3474 3056 3572 3124 qui
3634 3071 3658 3110 ε

2094 3137 2270 3193 studio
2320 3139 2511 3209 ingrati
2559 3140 2865 3211 stupidique
2913 3151 3067 3197 erant
3120 3142 3244 3198 hinc
3295 3152 3352 3198 nt
3400 3146 3658 3201 crederet

2093 3230 2282 3288 adduci
2334 3240 2618 3303 poterant,
2676 3235 2766 3304 qui
2818 3244 2945 3290 ante
2996 3249 3174 3290 rerum
3228 3246 3486 3292 eventum
3552 3238 3653 3292 hui

2094 3336 2313 3393 puerum
2341 3323 2580 3378 viderant
2610 3324 2686 3377 sic
2713 3324 2990 3394 appellari,
3010 3335 3065 3379 et
3090 3324 3385 3381 futurarum
3411 3328 3658 3382 calamit:

2094 3417 2202 3463 tum
2255 3408 2554 3463 doctrinam
2607 3408 2684 3462 sie
2734 3409 3047 3478 prtedicare.
3110 3409 3338 3481 Ideoque
3390 3412 3658 3482 progtheti

2092 3502 2197 3556 vim
2226 3501 2602 3571 interpretatur
2621 3543 2637 3567 ,
2667 3510 2981 3571 tempusque
3009 3511 3254 3561 accurate
3281 3503 3557 3574 significat
3624 3507 3658 3559 Ιι

2091 3593 2267 3649 verbis
2296 3585 2309 3645 ἐ
2344 3592 2483 3659 Quia
2513 3602 2781 3659 antequam
2829 3593 2955 3646 sciat
2991 3609 3115 3662 puer
3161 3608 3339 3647 vocare
3383 3604 3596 3664 patrem
3634 3613 3657 3650 t

2090 3694 2320 3747 mtrem,
2341 3683 2568 3754 accipiet
2589 3684 2860 3754 potentiam
2897 3682 3160 3751 Damasci,
3179 3696 3223 3737 et
3242 3684 3408 3755 spolia
3430 3684 3657 3747 Samar:

2089 3793 2257 3831 coram
2296 3793 2410 3847 rege
2436 3776 2780 3846 Assyriorum.
2829 3776 2980 3844 Quod
3025 3776 3192 3841 dicit,
3224 3775 3539 3846 ltujusmodi
3603 3797 3658 3835 et

2090 3868 2145 3923 In
2178 3878 2419 3938 tempore
2442 3910 2456 3933 ,
2492 3866 2700 3937 inquit,
2734 3868 3029 3921 immatura:
3058 3868 3259 3930 :etatis,
3293 3882 3413 3921 eum
3444 3871 3658 3924 nondu

2089 3962 2255 4033 possit
2276 3959 2440 4027 loqui,
2472 3958 2694 4013 victoria
2709 3968 2763 4013 et
2789 3968 2986 4037 tropaea
3015 3967 3206 4023 erunt;
3240 3975 3343 4012 non
3373 3959 3528 4028 quod
3567 3976 3658 4029 pu

2089 4055 2252 4124 possit
2275 4053 2445 4107 aciem
2469 4053 2752 4117 instruere,
2777 4050 3063 4121 hostesque
3085 4051 3401 4121 profligare:
3428 4054 3531 4107 sed
3553 4072 3658 4124 qm

2090 4155 2221 4200 tetas
2250 4144 2362 4209 illa,
2395 4144 2507 4198 sive
2534 4152 2743 4210 tempus
2783 4140 2916 4195 illud
2959 4142 3195 4209 elapsum
3227 4154 3525 4211 antequam
3567 4160 3658 4211 νυ

2086 4237 2231 4308 loqui
2281 4236 2484 4306 possit,
2522 4235 2699 4288 otnnia
2753 4232 2927 4287 tradat
2968 4231 3233 4287 hostibus.
3270 4232 3323 4287 5.
3378 4230 3452 4285 Et
3502 4234 3657 4303 adje

2085 4328 2334 4383 Dominus
2359 4326 2428 4380 ad
2456 4342 2534 4380 me
2561 4325 2697 4392 loqui
2722 4325 2891 4377 adhuc
2912 4337 2932 4377 :
2953 4322 3119 4377 6.'Eo
3139 4322 3277 4391 quod
3310 4338 3411 4376 non
3452 4324 3593 4379 uelit
3642 4328 3658 4377 l

2085 4420 2300 4491 papulas
2330 4433 2513 4488 aquam
2535 4416 2755 4483 Siloam,
2775 4431 2891 4483 qua
2918 4423 3089 4468 manat
3121 4415 3303 4484 quiete,
3339 4406 3432 4468 sed
3460 4416 3589 4470 auls
3629 4421 3658 4472 Α

2083 4515 2195 4566 bere
2209 4511 2368 4566 Rasin
2391 4520 2437 4564 et
2457 4509 2619 4579 ﬁlium
2638 4507 2878 4563 Ilomelia:
2903 4522 3066 4579 regem
3092 4522 3244 4576 super
3267 4522 3379 4574 vos,
3401 4508 3458 4560 7.
3481 4526 3651 4582 prOp

2083 4606 2177 4657 hoc
2206 4618 2316 4657 ecce
2334 4603 2545 4655 adducit
2572 4600 2825 4655 Dominus
2840 4616 2992 4671 super
3014 4616 3099 4653 vos
3118 4616 3298 4667 aquam
3322 4600 3580 4670 ﬂuminis
3610 4608 3658 4674 [4

2083 4702 2199 4759 tem,
2234 4693 2463 4761 multam,
2502 4708 2666 4764 regem
2690 4691 3028 4762 Assyriorum.
3056 4690 3197 4745 Deus
3232 4704 3329 4761 pro
3369 4704 3533 4745 more
3586 4708 3657 4748 se

2081 4804 2185 4843 non
2216 4787 2385 4844 solum
2416 4800 2601 4857 poenas
2631 4784 2907 4855 praedicit,
2939 4783 3031 4838 sed
3062 4796 3250 4837 causas
3276 4782 3437 4838 aﬂ'ert
3459 4825 3477 4847 ,
3510 4795 3587 4839 ut
3656 4810 3657 4819 ι

2080 4880 2351 4936 auditores
2394 4879 2597 4936 erudiat
2628 4897 2647 4932 τ
2672 4878 2725 4932 id
2750 4878 2849 4931 hoe
2878 4877 3035 4931 etiam
3065 4876 3187 4930 loco
3206 4875 3349 4929 facit.
3384 4874 3491 4929 Ubi
3557 4897 3583 4931 ι
3611 4895 3658 4933 n

2081 4972 2324 5043 pnedixit
2375 4971 2795 5025 devastatiooem
2857 4983 2951 5038 per
3002 4967 3325 5043 alienigenas
3388 4967 3658 5030 futura.

2079 5066 2296 5135 abrepta
2320 5063 2508 5134 spolia,
2527 5070 2582 5117 et
2610 5061 2955 5117 barbarorum
2975 5046 3319 5129 irruptioacm
3344 5066 3657 5126 praenum

2079 5159 2173 5222 vit,
2204 5170 2415 5211 causam
2441 5154 2561 5208 belli
2591 5153 2737 5208 dicit.
2761 5151 3017 5219 Quamam
3044 5150 3193 5204 hate?
3216 5149 3460 5219 Ingratus
3488 5152 3650 5207 civi

2084 5261 2188 5306 tem
2211 5249 2555 5305 incolentium
2578 5248 2807 5301 animus.
2832 5245 3113 5312 Quoniam,
3136 5243 3323 5311 inquit,
3341 5256 3471 5296 eum
3498 5258 3658 5315 regi

2079 5343 2308 5397 habeant
2352 5341 2720 5404 moderatum,
2753 5337 2935 5391 mitem
2979 5344 3031 5390 et
3082 5336 3417 5390 manSuetum
3445 5374 3471 5400 ,
3502 5336 3609 5392 ab

2078 5434 2423 5497 resilit-runt,
2480 5440 2839 5503 tyrannosque
2888 5435 3159 5497 optarunt,
3190 5435 3244 5480 et
3287 5425 3388 5479 sub
3435 5426 3658 5484 alieni

2079 5526 2361 5598 imperium
2403 5523 2734 5594 transfugere
2774 5523 2949 5577 conati
2979 5530 3139 5583 sunt,
3172 5521 3490 5575 felicitatem
3534 5540 3658 5578 su:

2076 5634 2184 5675 non
2211 5617 2444 5675 ferentes
2470 5659 2484 5683 ,
2516 5616 2838 5672 desiderium
2869 5622 3057 5669 eorum
3093 5612 3658 5683 eoiiiosiusieXpleh

2080 5716 2361 5770 barbarum
2403 5709 2683 5782 quemdam
2716 5717 2769 5764 et
2799 5704 3475 5763 inbumattum‘addueens.
3514 5704 3657 5765 Mc
