3696 6278
79 245 116 301 93
780 246 783 249 ’
804 236 809 239 Α
1300 232 1367 290 lN
1406 227 1648 296 ISAIAII,

1835 271 1849 286 .
1892 226 2026 285 Vili.
3252 219 3337 278 ‘95

80 359 247 432 uarice
276 371 453 428 porro
503 351 685 413 verbis
729 354 1140 419 utitur,mores
1184 346 1448 419 indigenae
1494 345 1636 416 regis

80 448 367 516 lesuibens,
392 457 456 505 et
486 447 701 504 barbari
731 442 1021 517 potentiam
1052 461 1066 497 :
1092 439 1145 496 id
1171 454 1299 496 vero
1326 437 1472 505 facit,
1498 435 1639 508 quod

76 556 242 611 semper
270 539 435 608 dixi,
470 548 531 596 ut
556 538 813 611 majorem
858 532 1125 592 sermonis
1167 530 1442 603 emphasin
1484 530 1639 586 exhi-

75 638 170 688 beat.
218 629 357 687 Ideo
381 631 464 687 ait
484 671 500 697 ,
530 629 609 684 Eo
657 627 794 698 quod
837 625 999 682 nolint
1028 640 1213 695 aquam
1257 622 1456 678 Siloam
1485 637 1503 675 :
1533 636 1641 675 non

74 728 259 793 tesqua
284 721 517 787 dicens,
546 720 641 777 sed
667 719 790 791 quia
818 717 937 773 fons
966 715 1165 772 sensim
1192 725 1248 769 et
1275 714 1392 769 sine
1416 712 1641 782 strepitu

72 826 245 881 meat,
296 815 587 872 lenitatem
633 821 690 869 et
727 810 1150 868 moderationem
1186 807 1302 878 ejus
1325 848 1341 873 ,
1385 809 1473 878 qui
1510 814 1643 883 tunc

75 907 342 979 regnabat,
376 905 671 977 tranquillo
720 916 974 974 aquarum
1023 898 1202 955 cursui
1250 907 1560 968 comparat,
1590 904 1644 951 et

71 1002 228 1055 Siloam
260 999 451 1069 ipsum
482 1008 668 1063 vocat,
696 994 838 1067 quod
861 993 995 1049 lenis
1022 992 1094 1046 sit
1118 998 1173 1046 et
1201 996 1512 1045 mansuetus
1543 1004 1558 1043 :
1590 987 1642 1041 id

71 1093 174 1164 quod
221 1092 533 1147 maximam
580 1088 807 1145 subditis
853 1086 1009 1141 all'ert
1054 1083 1519 1146 criminationem,
1551 1080 1643 1151 qui

71 1199 153 1238 cum
184 1197 296 1238 non
344 1196 515 1254 grave
536 1180 723 1252 jugum
753 1177 1049 1245 baberent,
1092 1189 1180 1230 res
1219 1187 1385 1228 novas
1429 1170 1645 1243 aggredi

74 1276 361 1342 tentabant,
396 1275 698 1345 alienisque
734 1271 949 1343 regibus
977 1283 1098 1325 sese
1136 1266 1353 1322 dedere.
1382 1264 1645 1333 Quoniam

72 1384 187 1441 ergo,
218 1367 425 1439 inquit,
453 1366 601 1422 illum
633 1364 819 1419 mitem
848 1360 1289 1428 moderatumque
1321 1357 1527 1421 nolunt,
1550 1352 1646 1409 sed

73 1462 200 1516 insin
227 1471 282 1516 et
311 1460 486 1515 [ilium
513 1456 792 1522 Romolius,
809 1453 1052 1509 inducam
1074 1451 1457 1522 Babylonium;
1484 1448 1645 1518 impe-

74 1568 262 1624 mque
291 1551 575 1607 exercitus
612 1548 757 1604 illius
787 1560 979 1618 aquam
1028 1543 1263 1599 fluminis
1287 1548 1442 1597 vocat
1464 1540 1649 1610 copio-

72 1661 153 1699 sam
180 1654 237 1698 et
261 1642 673 1698 vehementem.

114 1737 166 1793 5.
197 1734 413 1791 Deinde
440 1731 809 1803 metaphoram
840 1727 1117 1799 explicans
1139 1725 1233 1792 ait,
1265 1725 1454 1795 Regem
1482 1722 1641 1795 Assy-

72 1835 252 1887 rimas.
314 1829 517 1884 Videu‘
550 1841 708 1899 quam
746 1823 1098 1879 indubitatum
1127 1828 1379 1893 appareat
1414 1818 1466 1873 id
1506 1815 1650 1888 quod

73 1938 199 1991 supra
225 1920 511 1983 diximus,
559 1919 614 1973 in
646 1914 971 1986 metaphoris
1002 1926 1194 1982 nempe
1227 1908 1558 1981 Scripturam
1591 1922 1651 1962 se

73 2027 256 2080 semper
310 2007 669 2080 interpretari
717 2005 931 2062 solere?
978 2001 1131 2070 Quod
1159 2002 1318 2056 etiam
1358 1998 1455 2055 hic
1504 1998 1648 2054 fecit.

74 2105 174 2159 Cum
195 2104 343 2159 enim
367 2103 573 2157 ﬂumen
594 2099 839 2166 dixisset,
856 2111 963 2153 non
987 2095 1041 2151 in
1063 2094 1373 2164 metaphora
1394 2091 1649 2159 substitit,

74 2199 142 2253 sed
166 2196 445 2268 quodnam
484 2194 683 2250 ﬂumen
710 2201 854 2249 esset
877 2189 1047 2257 dixit,
1077 2187 1265 2260 Regem
1294 2186 1615 2257 Assyriorum
1633 2226 1650 2251 ,

76 2302 103 2342 et
122 2305 307 2343 omnem
330 2288 558 2359 gloriam
583 2286 714 2355 ejus.
739 2282 803 2337 Et
824 2280 1058 2338 ascendet
1078 2295 1232 2350 super
1252 2295 1450 2334 onmem
1473 2277 1655 2332 uallim

72 2393 278 2445 mtrem,
311 2358 365 2434 et
394 2375 740 2432 deambulabit
758 2391 911 2444 super
938 2388 1135 2428 omnem
1178 2387 1380 2426 murum
1417 2358 1651 2425 vestrum.

76 2475 111 2526 ε.
136 2473 198 2526 Et
232 2472 440 2541 auferet
470 2487 507 2523 α
529 2468 717 2524 iudica
738 2467 1015 2531 hominem,
1054 2465 1142 2535 qui
1173 2464 1331 2535 possit
1372 2464 1539 2517 leuare
1563 2477 1654 2515 ca-

76 2577 159 2633 put,
202 2574 293 2620 aut
345 2566 437 2636 qui
482 2563 644 2634 possit
688 2561 883 2633 aliquid
923 2559 1188 2632 perﬁcere.
1212 2557 1282 2612 Et
1318 2565 1462 2613 erunt
1488 2564 1657 2612 castra

78 2664 179 2727 ejus,
206 2660 282 2712 ita
307 2667 366 2711 ut
390 2657 641 2728 impleant
688 2652 1007 2708 latitudinem
1050 2652 1268 2723 regionis
1294 2660 1413 2705 tuae.
1459 2649 1654 2705 Osten-

78 2752 184 2804 deus
211 2765 318 2805 non
350 2748 588 2803 humana
611 2746 824 2813 virtute,
856 2743 949 2801 sed
988 2743 1063 2799 ira
1107 2742 1200 2798 Dei
1232 2741 1483 2798 smviente
1518 2741 1655 2810 haec,

80 2859 172 2910 ψει
210 2842 491 2905 dicuntur,
537 2848 790 2896 eventum
832 2850 982 2904 esse,
1012 2850 1122 2891 non
1168 2834 1316 2889 illum
1350 2842 1408 2888 ut
1448 2831 1658 2887 hostem

80 2938 170 2990 acie
196 2936 459 2990 instructa
482 2930 757 2999 describit,
802 2928 898 2986 sed
948 2936 1000 2984 ut
1038 2926 1105 2983 ad
1133 2936 1373 2997 paratam
1424 2925 1657 2995 praedam
1710 2936 1713 2939 ‘

83 3027 386 3086 seuientem.
411 3025 534 3082 Non
555 3024 698 3082 enim
721 3022 902 3090 stabit,
931 3020 1120 3092 inquit,
1144 3028 1200 3076 et
1217 3019 1387 3075 aciem
1412 3019 1656 3085 instruet,

83 3119 157 3173 sal
182 3134 469 3189 corporum
502 3116 836 3175 multitudine
864 3128 1019 3170 terra:
1050 3112 1240 3168 faciem
1270 3111 1502 3182 obteget,
1527 3110 1657 3165 faci-

86 3214 216 3279 leque
241 3210 422 3265 aderit
447 3210 551 3279 (a).
578 3208 659 3263 Ad
681 3207 795 3262 ha-c
848 3207 901 3262 in
951 3206 1027 3261 ira
1072 3203 1232 3260 etiam
1259 3218 1449 3275 magna
1474 3202 1660 3259 obser-

88 3315 215 3358 ratur
232 3302 549 3359 clementia.
576 3300 758 3371 Neque
782 3298 925 3354 enim
952 3296 1306 3353 comminatur
1332 3310 1393 3351 se
1422 3295 1658 3367 ipsorum

92 3394 248 3450 ubam
287 3393 677 3451 demoliturum
719 3405 867 3456 esse,
909 3387 1006 3447 sed
1057 3386 1419 3459 captivitatem
1466 3400 1658 3457 quam-

92 3488 189 3539 am
216 3495 267 3540 et
290 3483 673 3540 abductionem
704 3480 942 3553 pradicit
960 3521 976 3547 ,
1007 3479 1243 3551 reliquos
1263 3478 1449 3535 volens
1479 3492 1544 3533 ex
1570 3492 1661 3533 ca-

92 3581 329 3644 penos-um
372 3591 535 3649 paena
574 3575 644 3631 ad
671 3575 946 3631 meliorem
966 3572 1171 3650 frugem
1223 3571 1499 3649 reducere.
1527 3569 1658 3625 Nam

96 3672 149 3723 ἐξ
174 3689 187 3723 :
212 3673 422 3742 Auferet
447 3686 480 3723 o
501 3668 687 3725 Iudaea
714 3668 964 3723 hominem
986 3667 1073 3737 qui
1101 3667 1255 3738 possit
1284 3666 1446 3720 levare
1469 3674 1618 3734 caput
1640 3680 1660 3718 :

94 3763 147 3815 de
170 3762 478 3834 proceribus
507 3760 774 3832 loquitur,
803 3757 976 3829 deque
1004 3758 1068 3814 iis
1097 3757 1187 3829 qui
1235 3756 1411 3812 omnia
1442 3770 1658 3813 sursum

98 3856 315 3911 sursum
348 3862 602 3919 versant;
629 3867 723 3908 eos
749 3851 839 3923 qui
881 3848 1274 3907 multitudinem
1303 3848 1482 3919 populi
1507 3847 1659 3904 labe-

96 3946 356 4008 ‘sttabant,
390 3944 631 4015 captivos
656 3956 945 4013 servosque
986 3940 1164 4007 faciet,
1198 3939 1271 3995 ita
1298 3948 1354 3994 ut
1380 3938 1661 3995 inferiores

98 4038 273 4103 possint
297 4036 563 4091 tantillum
592 4033 874 4104 respirare,
903 4047 1077 4101 exque
1101 4038 1245 4086 metu
1275 4045 1372 4102 per
1390 4029 1661 4086 abductio-

94 4143 196 4181 sua
224 4126 450 4182 aliorum
483 4134 657 4196 parto,
687 4134 742 4180 et
774 4139 841 4179 ex
867 4123 1079 4194 prapria
1124 4121 1371 4178 libertate
1412 4120 1661 4177 meliores

97 4219 313 4275 eradere.
343 4218 473 4275 Ideo
492 4218 569 4273 ait
595 4235 608 4271 :
636 4217 735 4285 Qui
756 4216 912 4287 possit
948 4215 1144 4287 aliquid
1170 4215 1414 4287 perﬁcere
1431 4256 1445 4279 ,
1474 4214 1527 4270 id
1554 4222 1658 4281 est,

90 4312 281 4371 Ratun.
304 4309 509 4381 aliquid
533 4308 745 4380 operari
768 4308 1054 4374 valentem,
1083 4306 1172 4377 qui
1195 4305 1364 4377 possit
1400 4305 1481 4361 vel
1506 4304 1668 4360 mini-

154 4443 221 4511 (αἱ
244 4445 398 4511 Juxta
428 4446 649 4511 Grecam
671 4441 961 4511 lectionem,
985 4444 1247 4511 περέέσται,
1278 4444 1545 4511 legendum
1572 4457 1655 4495 es.

94 4514 179 4560 -εί,
199 4505 429 4570 foedeque
448 4505 639 4570 quiritet;
665 4505 754 4553 sed
768 4503 1274 4570 maluimuslecam
1300 4503 1472 4555 vocem
1496 4508 1653 4556 inter-

274 4562 417 4635 qaigi
437 4562 634 4635 fuisset,
654 4568 905 4635 εᾳρέσςτᾳε,
931 4562 1108 4635 oderit,
1127 4579 1352 4635 quaevox.
1374 4579 1483 4635 cum
1501 4580 1652 4635 versu

97 4625 305 4693 manus
334 4630 509 4693 allato,
537 4625 635 4693 col.
661 4625 742 4688 9|;
774 4625 859 4679 ubi
880 4628 1083 4691 tegitur,
1108 4625 1253 4681 Adest
1275 4628 1404 4681 enim
1429 4629 1650 4693 (πάρεστι

98 4692 213 4749 ml,
237 4690 413 4742 melius
434 4689 669 4755 quadrat.

1744 360 1890 401 mum
1906 343 2029 415 quid
2048 342 2278 400 efﬁcere.
2299 341 2367 399 Et
2387 350 2510 399 ante
2530 340 2921 411 abductionem,
2941 354 3035 414 per
3057 341 3230 414 ipsum
3251 358 3338 400 re-

1748 450 1867 490 rum
1878 444 2176 506 aspectum,
2192 435 2287 502 ait,
2305 434 2414 492 Vos
2430 434 2560 490 satis
2572 442 2778 489 terrore
2795 433 3043 503 percellet
3055 434 3335 500 barbarus,

1746 535 1913 583 totam
1932 536 2126 583 terram
2152 527 2378 598 implcns
2388 525 2737 583 barbarorum
2755 525 3090 595 corporibus.
3109 524 3235 580 ideo
3252 527 3337 581 in-

1747 618 1863 673 tulit
1884 636 1898 673 :
1923 619 1990 673 Et
2011 627 2157 674 erunt
2175 627 2341 673 castra
2356 619 2485 690 ejus,
2502 618 2575 671 ita
2596 626 2649 670 ut
2668 615 2911 687 impleant
2921 615 3238 671 latitudinem
3257 633 3333 671 rei

1745 711 1910 782 gionis
1939 720 2059 765 tuae.
2090 709 2371 765 Nobiscum
2393 708 2552 765 Deus.
2581 708 2635 764 9.
2665 708 2878 775 Scitote,
2896 718 3086 779 gentes,
3103 718 3155 763 et
3184 710 3339 763 vinci-

1747 804 1873 859 mini
1896 820 1913 859 :
1944 804 2171 858 nuntiate
2197 820 2354 875 usque
2372 803 2441 858 ad
2463 812 2740 858 extremum
2770 809 2939 868 terror,
2969 809 3017 855 et
3043 801 3340 872 fortitudine

1747 896 1969 951 valentes
1985 897 2260 951 uincimini.
2290 897 2355 952 Si
2374 898 2507 951 enim
2531 896 2713 951 iterum
2735 894 3101 966 prmolueritis
3122 935 3137 960 ,
3161 895 3341 952 iterum

1747 990 2033 1045 uincemini.
2057 990 2149 1047 lO.
2175 990 2242 1045 Et
2266 991 2613 1067 quodcumque
2635 991 2900 1045 consilium
2925 989 3159 1054 inieritis,
3186 987 3340 1042 dissi—

1748 1085 1883 1156 pabit
1906 1082 2155 1139 Dominus
2179 1100 2197 1139 :
2222 1094 2269 1139 et
2298 1084 2500 1139 uerbum
2529 1085 2874 1155 quodcumque
2902 1083 3095 1153 loquuti
3120 1082 3337 1154 fueritis,

1749 1195 1851 1233 non
1891 1178 2106 1232 manebit
2154 1178 2207 1231 in
2237 1178 2409 1244 vobis,
2458 1179 2575 1247 quia
2604 1177 2864 1232 nobiscum
2908 1168 3067 1231 Deus.
3121 1174 3342 1231 Videtur

1748 1270 1880 1327 mihi
1908 1270 2013 1327 hoc
2040 1271 2157 1326 loco
2186 1271 2430 1327 Ezecbize
2448 1270 2731 1327 victoriam
2748 1270 3060 1342 praedicere,
3079 1284 3142 1325 ac
3161 1269 3340 1340 splen-

1750 1361 1933 1417 didum
1965 1361 2094 1417 illud
2126 1371 2386 1432 trOpaaum
2428 1377 2751 1433 causamque
2802 1362 3062 1418 victoriae.
3118 1360 3340 1417 Etiamsi

1750 1455 1891 1509 enim
1918 1470 2064 1511 arma
2090 1456 2229 1526 apud
2279 1456 2396 1511 illos
2433 1457 2562 1521 sint,
2612 1456 2801 1527 inquit,
2835 1455 3045 1511 etiamsi
3076 1456 3340 1511 exercitus

1751 1544 2016 1611 immensi,
2048 1556 2102 1601 et
2131 1546 2255 1603 belli
2284 1547 2489 1616 peritia,
2521 1546 2614 1602 sed
2645 1547 2899 1603 auxilium
2920 1546 3076 1603 nobis
3103 1547 3339 1602 omnium

1752 1637 2175 1709 potentissimum
2198 1637 2476 1694 nobiscum
2494 1647 2597 1705 est,
2616 1654 2809 1709 nempe
2830 1638 2992 1694 Deus.
3020 1637 3178 1695 Venit
3196 1639 3339 1696 enim

1752 1730 2030 1796 barbarus,
2059 1738 2115 1784 ut
2157 1730 2303 1800 prius
2348 1730 2581 1785 minatus
2610 1730 2820 1799 fuerat,
2868 1739 2923 1787 et
2950 1731 3132 1787 multis
3173 1733 3340 1803 captis

1704 1882 1707 1885 _
1755 1822 1973 1878 urbibus
1998 1824 2224 1878 accessit
2269 1840 2282 1877 :
2314 1832 2497 1893 postea
2543 1838 2671 1879 vero
2708 1825 2938 1882 admotis
2967 1827 3177 1892 castris,
3210 1841 3340 1883 con-

1755 1912 1913 1968 traria
1942 1928 2129 1984 passus
2154 1924 2253 1968 est.
2282 1914 2407 1969 llmc
2434 1916 2613 1985 itaque
2640 1914 2882 1985 prmdicit
2907 1916 3186 1988 prepheta,
3209 1933 3339 1974 cau-

1753 2021 1975 2077 samque
1996 2006 2233 2061 victoriae
2261 2006 2532 2077 praedicat,
2557 2007 2807 2079 ipsosque
2828 2009 3084 2066 barbaros
3112 2009 3341 2083 alloqui-

1757 2106 1861 2154 tur.
1892 2097 1971 2154 Ne
1996 2097 2181 2169 priori,
2212 2099 2403 2169 inquit,
2433 2099 2670 2155 victoriae
2715 2099 2889 2156 ﬁdatis
2920 2120 2934 2155 :
2965 2101 3017 2156 in
3050 2101 3150 2157 hac
3197 2104 3371 2177 enim‘

1757 2191 2051 2261 irruptione
2077 2192 2369 2247 maximum
2388 2190 2542 2246 nobis
2569 2190 2722 2247 adest
2749 2191 3071 2262 praesidium.
3096 2191 3210 2250 Hoc
3229 2194 3344 2264 ipso

1758 2286 1917 2358 igitur
1941 2287 2155 2359 cognito
2186 2285 2437 2352 recedite,
2464 2294 2646 2357 utpote
2673 2286 2762 2356 qui
2805 2301 2888 2351 ea,
2930 2302 3050 2357 qua:
3091 2285 3205 2342 fieri
3253 2303 3344 2343 ne-

1758 2388 1985 2452 queunt,
2012 2379 2411 2453 aggrediamini.
2444 2378 2579 2433 l-linc
2605 2387 2659 2434 et
2699 2393 2916 2434 causam
2948 2379 3085 2435 illius
3110 2381 3266 2437 victo:
3282 2381 3345 2437 in

1757 2472 2055 2540 declarans,
2087 2481 2143 2530 et
2178 2472 2520 2540 annuntians,
2553 2470 2745 2528 famam
2774 2470 2890 2529 haec
2927 2473 3177 2544 praeclara
3198 2485 3345 2545 gesta

1758 2567 1826 2622 ad
1875 2575 2145 2623 extremos
2181 2580 2349 2636 usque
2394 2575 2551 2622 terra:
2598 2566 2732 2622 fines
2766 2566 3047 2623 allaturam
3077 2579 3201 2625 esse
3234 2570 3345 2628 ait:

1761 2657 2007 2714 Nuntiate
2047 2674 2205 2729 usque
2230 2658 2299 2712 ad
2338 2667 2615 2714 extremum
2666 2667 2832 2714 terra.
2875 2658 3046 2716 Nemo
3073 2660 3216 2717 enim
3242 2676 3348 2720 non

1760 2751 1962 2808 audivit
1986 2767 2047 2808 ea
2076 2768 2195 2823 quae
2220 2760 2346 2809 tunc
2369 2751 2718 2825 Jerosolymis
2758 2753 3114 2826 contigerunt.
3147 2754 3349 2811 Idcirco

1760 2845 1835 2900 ait
1865 2862 1878 2901 :
1905 2844 2089 2899 Audite
2129 2860 2284 2916 usque
2305 2844 2374 2898 ad
2404 2853 2682 2900 extremum
2726 2853 2902 2914 term,
2946 2855 2995 2901 et
3032 2847 3119 2919 qui
3143 2848 3352 2918 fortitu-

1761 2937 1880 2994 dine
1920 2938 2096 2994 ualetis
2145 2938 2422 2993 uinciniini.
2448 2938 2689 3009 Magnam
2726 2939 2924 3010 quippe
2955 2939 3180 3010 gloriam
3227 2948 3350 2997 tunc

1761 3030 2021 3087 barbarus
2081 3030 2151 3087 ob
2203 3029 2495 3101 potentiam
2563 3028 2857 3086 obtinebat.
2932 3029 3121 3086 Fortes
3172 3041 3350 3088 autem

1762 3122 1850 3179 hic
1879 3122 2012 3179 dicit
2036 3137 2142 3178 non
2183 3136 2409 3193 corpore
2456 3121 2740 3190 robustos,
2784 3121 2879 3177 sed
2927 3136 3022 3178 eos
3059 3123 3149 3194 qui
3194 3138 3351 3194 pecu-

1761 3215 1968 3270 niarum
1996 3214 2147 3284 capia
2172 3254 2186 3279 ,
2215 3221 2268 3269 et
2294 3212 2478 3283 gloria:
2520 3211 2806 3284 splendore
2855 3213 3131 3284 conspicui
3176 3223 3350 3270 erant.

1764 3304 1824 3361 Si
1849 3306 1981 3360 enim
2009 3306 2190 3360 iterum
2215 3303 2597 3375 pravalueritis,
2627 3303 2831 3375 inquit,
2861 3304 3043 3359 iterum
3060 3305 3352 3362 uincemini.

1764 3400 1833 3455 Et
1860 3400 2212 3471 quodcumque
2229 3398 2496 3454 consilium
2523 3398 2755 3465 inieritis,
2779 3398 3045 3469 dissipabit
3066 3398 3351 3457 Dominus:

1763 3503 1808 3548 et
1827 3493 2033 3549 uerbum
2057 3493 2408 3563 quodcumque
2435 3493 2631 3563 loquuti
2656 3492 2880 3563 fueritis,
2921 3508 3024 3548 non
3050 3493 3269 3549 manebit
3298 3495 3353 3553 iu

1762 3586 1920 3653 vobis,
1942 3585 2063 3658 quia
2088 3585 2348 3639 nobiscum
2377 3583 2534 3641 Deus.
2561 3581 2695 3657 Quia
2722 3584 2860 3639 mala
2885 3584 3026 3656 apud
3069 3599 3163 3641 eos
3202 3594 3354 3645 erant

1763 3679 2007 3745 consilia,
2038 3686 2093 3733 et
2112 3678 2399 3749 sperabant
2427 3690 2487 3736 se
2511 3674 2697 3733 urbem
2726 3674 2896 3746 ipsam
2938 3690 2966 3729 a
2993 3675 3353 3732 fundamentis

1764 3770 2112 3827 demolituros
2133 3783 2274 3838 esse,
2306 3776 2359 3825 ct
2399 3768 2477 3823 sic
2521 3766 2739 3823 domum
2763 3782 3098 3834 reversuros,
3127 3767 3354 3823 consilia

1765 3877 1959 3919 eorum
1979 3863 2031 3918 in
2058 3862 2291 3918 medium
2318 3859 2533 3915 adducit
2558 3858 2818 3929 propheta
2861 3865 2918 3914 et
2947 3859 3042 3923 ait,
3067 3859 3353 3914 verborum

1765 3964 1924 4013 tenus
1951 3956 2129 4011 omnia
2153 3964 2465 4010 remansura
2488 3966 2630 4009 esse.
2658 3949 2861 4027 Deinde
2882 3951 3005 4022 quia
3035 3966 3123 4008 res
3147 3966 3355 4007 annun-

1765 4048 1931 4105 tiabat
1949 4046 2236 4104 humanam
2264 4054 2506 4103 naturam
2528 4051 2866 4116 superantes,
2899 4053 2957 4100 ut
3003 4043 3107 4100 fide
3134 4045 3353 4117 dignum

1765 4133 2072 4199 sermonem
2096 4139 2362 4203 exhibeat,
2403 4137 2470 4193 ad
2516 4137 2831 4209 dignitatem
2858 4136 3110 4207 prmclare
3130 4151 3353 4207 Operan-

1767 4239 1835 4293 tis
1865 4236 2171 4307 frequenter
2197 4230 2435 4302 confugit
2476 4229 2694 4298 dicens,
2729 4230 2862 4297 Quia
2891 4230 3150 4285 nobiscum
3178 4229 3316 4284 Deus
3336 4273 3352 4298 ,

1765 4339 1820 4386 et
1847 4330 1969 4400 quia
1995 4326 2110 4383 hmo
2135 4324 2313 4382 omnia
2334 4322 2762 4380 machinamenta
2783 4321 3063 4393 dissipabit
3085 4323 3182 4395 (a).
3211 4322 3356 4391 Quo-

1766 4426 1907 4481 niam
1938 4422 2041 4495 ipsi
2066 4414 2257 4494 gloria.
2292 4420 2306 4439 ‘

1829 4561 1903 4625 (α)
1919 4567 2020 4625 Huc
2034 4558 2216 4625 desinit
2236 4556 2455 4625 Savilius,
2469 4554 2793 4625 etasterisoos
2809 4554 2988 4625 adjicit,
3004 4554 3142 4618 quasi
3161 4553 3354 4603 homilia

1763 4618 2032 4674 sit'uiutila.
2059 4620 2129 4670 Ac
2151 4633 2272 4670 vere
2296 4618 2462 4669 mutila
2485 4618 2695 4679 videtur,
2728 4618 3096 4681 iguoraturque,
3121 4627 3353 4680 quorsum

1769 4684 2063 4751 processerit
2077 4682 2459 4746 Chrysostomus.
