3738 6274
338 266 412 327 ’5
1035 261 1095 318 S.
1134 258 1422 319 JOANNIS
1460 246 1955 316 CHRYSOSTOKI
1991 243 2327 307 ARCHIEP..
2352 234 2906 299 CONSTANTINOP.
3530 224 3617 283 90

1762 872 2171 963 Morinum

1050 1092 1159 1155 AD
1204 1084 1600 1152 HOMILIAS
1643 1083 1733 1147 1N
1759 1079 2015 1145 OZIAM
2051 1076 2199 1142 SEU
2245 1074 2352 1138 DE
2399 1071 2897 1143 SERAPHINIS.

340 1342 349 1349 '
413 1331 497 1387 Ad
528 1326 791 1388 Homilias
824 1281 879 1381 in
913 1322 1244 1380 Oriamhtec
1268 1324 1426 1374 notat
1458 1312 1728 1370 Henricus
1758 1309 2019 1377 Sevilius,
2044 1304 2228 1363 τοωο
2254 1304 2309 1370 8,
2339 1303 2395 1357 ἱη
2432 1302 2578 1359 notis
2605 1300 2705 1357 col.
2736 1299 2847 1354 722
2879 1316 2891 1352 :
2929 1308 2947 1353 ι
2981 1292 3061 1352 Ειέ
3087 1296 3176 1353 his
3202 1295 3442 1368 quinque
3466 1292 3616 1351 Ora-

353 1446 596 1515 tionibus
638 1447 693 1503 in
734 1443 919 1500 Oziam
955 1440 1243 1512 Catalogus
1282 1435 1652 1511 Augustanus,
1684 1448 1840 1489 num.
1883 1429 1975 1497 '50,
2011 1427 2102 1495 3i,
2140 1426 2230 1492 52,
2266 1424 2355 1489 55,
2382 1420 2623 1492 agnoscit
2646 1428 2898 1491 quatuor,
2939 1417 3043 1473 hoc
3070 1424 3175 1482 est,
3206 1414 3390 1471 demta
3418 1419 3621 1483 quarta

346 1576 572 1637 caeteras
600 1579 811 1621 omnes.
844 1562 915 1618 Et
939 1556 1313 1632 proculdubio
1327 1568 1519 1610 omnes
1544 1551 1792 1622 γνήσιαι.
1824 1547 2062 1604 Primam
2098 1544 2243 1600 hanc
2269 1540 2356 1598 bis
2376 1538 2579 1597 editam
2612 1536 2805 1597 Romae
2828 1534 3238 1593 emendavimus
3268 1548 3336 1589 ex
3371 1504 3619 1603 quam

345 1677 566 1748 scriptis
592 1675 906 1738 deieibus,
952 1683 1197 1743 quorum
1213 1667 1430 1739 primus
1464 1663 1573 1719 fuit
1600 1658 1921 1733 interpretis
1948 1655 2181 1723 Erasmi,
2217 1662 2273 1710 et
2300 1669 2450 1709 nunc
2488 1660 2574 1709 est
2600 1652 2657 1707 in
2683 1650 3017 1707 Bibliotheca
3053 1647 3439 1707 Universitatis
3464 1645 3625 1702 Oxo-

346 1788 563 1854 niensis
593 1815 611 1851 τ
641 1782 916 1865 secundus
944 1804 1009 1846 ex
1038 1786 1377 1844 Bibliotheca
1411 1780 1635 1855 Collegii
1659 1778 1795 1834 Novi
1852 1771 2179 1833 Oxoniensis
2235 1754 2520 1843 promtus':
2557 1767 2751 1823 tertius
2778 1780 2844 1822 ex
2876 1754 3214 1821 Bibliotheca
3228 1762 3623 1821 Universitatis

348 1912 813 1999 Cantabrigiensia
843 1929 865 1965 τη
888 1915 1121 1981 quartus
1156 1904 1293 1961 mihi
1323 1919 1355 1959 a
1382 1898 1701 1959 doctissimo
1726 1894 2025 1953 Croshavio
2056 1889 2466 1957 commodatus;
2495 1883 2754 1942 adhibitis
2774 1882 2941 1939 etiam
2965 1879 3031 1949 Q.
3065 1878 3313 1951 Septimii
3342 1875 3629 1933 Florentia

349 2029 665 2099 Christiani,
704 2026 807 2085 viri
837 2022 1025 2081 multis
1056 2014 1519 2077 nominibusorbi
1542 2012 1863 2071 Christiano
1897 2008 2037 2073 noti,
2067 2004 2364 2079 ingeniosis
2387 2010 2445 2059 et
2480 1999 2657 2057 doctis
2682 1994 3015 2068 coniecturis
3043 2012 3057 2048 :
3102 2009 3230 2050 nam
3260 1993 3417 2049 libris
3455 1991 3627 2058 Mss...

317 2163 417 2219 ,ιη
441 2152 682 2215 videtur,
705 2158 930 2219 prorsus
957 2140 1377 2199 destituebatur.
1402 2137 1581 2192 Porro
1600 2134 1737 2190 sciat
1764 2132 1936 2188 lector
1976 2130 2035 2186 in
2060 2127 2313 2185 omnibrls
2340 2124 2457 2181 fere
2493 2120 2883 2180 illustrioribus
2910 2116 3255 2175 bibliothecis
3282 2114 3451 2172 Italiae
3472 2121 3528 2171 et
3558 2112 3627 2169 in

350 2268 518 2345 Regia
548 2265 778 2325 Lutetiae
806 2261 1039 2336 reperiri
1070 2260 1209 2316 inter
1236 2254 1608 2331 Chrysostomi
1638 2252 1826 2337 Manus

2153 2262 2252 2302 'um
2298 2241 2649 2316 inscriptum,
2691 2236 3086 2312 Χρυσοπόμου
3124 2233 3466 2319 μαργαρίταξ
3498 2250 3511 2287 :
3543 2245 3629 2302 qu

352 2364 533 2451 codex.
554 2387 693 2445 nihil
723 2385 884 2442 aliud
901 2383 1166 2447 continet,
1192 2392 1358 2451 quam
1406 2370 1731 2444 συναγωγὴν
1763 2352 1828 2444 qu

2156 2365 2517 2425 etisaimarum
2551 2362 2634 2432 (ut
2671 2358 2775 2431 ipsi
2821 2357 3128 2429 συναγωγεϊ
3158 2355 3337 2411 visum
3366 2358 3470 2417 est,
3504 2363 3632 2405 non

352 2502 533 2574 magni
559 2498 753 2572 iudicii
788 2498 928 2562 viro,
956 2493 1133 2565 utqui
1168 2492 1427 2563 pleraque
1454 2484 1755 2558 collegerit,
1790 2482 1934 2539 inter
1960 2495 2059 2537 sua
2091 2476 2406 2550 margarita,
2431 2472 2690 2533 subfusca
2717 2486 2786 2527 ac
2819 2470 3068 2539 liventia)
3103 2468 3413 2525 orationum
3450 2464 3635 2537 Chry-

354 2616 626 2674 seetomi:
656 2626 767 2684 quo
796 2611 852 2665 in
884 2622 1115 2664 numero
1146 2612 1275 2662 sunt
1301 2605 1389 2660 ha:
1426 2600 1669 2673 quinque
1706 2596 1771 2651 in
1794 2590 2003 2681 Oziam,
2033 2608 2127 2650 sex
2162 2601 2352 2649 contra
2381 2588 2621 2655 Judaeos,
2653 2593 2707 2642 et
2743 2586 2861 2642 alia;
2901 2585 2969 2640 ad
3013 2582 3102 2651 70,
3126 2583 3215 2640 vel
3254 2582 3327 2639 80
3349 2596 3587 2638 numero
3613 2602 3641 2653 ;

357 2749 491 2807 quas
516 2746 708 2789 omnes
746 2730 859 2785 suis
886 2726 1023 2793 locis
1049 2718 1591 2796 repraesentabimus.
1624 2711 1781 2781 Quod
1828 2709 2109 2779 monuisse
2138 2722 2318 2778 operae
2344 2705 2581 2777 pretium
2606 2702 2729 2771 fuit,
2770 2717 2841 2757 ne
2869 2701 2991 2774 quis
3023 2700 3077 2754 in
3115 2697 3267 2754 illam
3296 2699 3632 2772 συναγωγὴν

356 2838 637 2915 incidens,
658 2844 863 2917 aliquid
884 2828 1016 2899 novi
1046 2855 1103 2897 sc
1131 2845 1286 2910 putet
1306 2833 1594 2909 reperisse.
1633 2852 1653 2887 ι
3496 2802 3499 2803 ⁷

356 3006 359 3009 ν
429 2970 706 3031 Hactenus
736 2965 993 3029 Savilius,
1021 2961 1116 3033 qui
1147 2967 1295 3017 recte
1341 2959 1619 3014 observat
1641 2951 1907 3009 Bomilias
1942 2948 2062 3004 illas
2105 2955 2342 3017 quatuor
2381 2943 2437 2997 in
2479 2940 2667 2997 Oxiam
2698 2939 2755 2995 in
2804 2935 3061 3009 Catalogo
3093 2936 3429 3005 Augustam,
3459 2947 3643 3005 quem

354 3084 613 3141 dedimus
639 3081 814 3138 Temo
845 3079 899 3142 li,
930 3093 987 3149 p.
1017 3075 1143 3139 841,
1180 3078 1534 3135 memoratas,
1558 3081 1681 3123 esse
1710 3064 1966 3136 primam,
1992 3057 2310 3125 secundam,
2344 3053 2563 3112 tertiam
2601 3061 2658 3109 et
2684 3051 2967 3123 quintam;
2994 3049 3141 3106 unde
3170 3049 3438 3119 sequitur,
3461 3062 3645 3120 quar-

356 3198 470 3258 tam
507 3202 563 3256 in
588 3202 737 3275 ejus,
766 3195 857 3270 qui
886 3192 1204 3265 Catalogum
1233 3188 1387 3245 illum
1424 3184 1535 3254 jam
1564 3182 1695 3239 olim
1742 3160 2115 3245 concinnavit,
2158 3174 2458 3246 exemplari
2486 3187 2599 3228 non
2633 3170 2825 3237 fuisse,
2857 3176 2952 3224 aut
2983 3168 3175 3225 saltem
3208 3182 3321 3223 non
3350 3166 3427 3224 ibi
3452 3164 3640 3223 fuisse

358 3300 816 3387 eodcmposttam
842 3309 1055 3367 ordine.
1076 3285 1328 3375 Vereque
1352 3299 1696 3372 exploratum
1721 3304 1827 3363 est,
1858 3293 2022 3349 hasce
2040 3290 2295 3357 homilias
2323 3303 2435 3345 non
2457 3301 2579 3344 esse
2606 3300 2801 3342 omnes
2830 3298 2898 3340 eo
2922 3281 3135 3350 ordine,
3164 3296 3274 3353 quo
3292 3282 3494 3339 habitae
3514 3280 3645 3355 [95]

364 3438 517 3495 sunt,
555 3426 782 3499 positas.
824 3420 1008 3477 Prima
1057 3418 1207 3474 enim
1236 3429 1376 3473 cum-
1395 3410 1641 3470 secunda
1669 3424 1780 3467 non
1814 3408 2079 3472 cohaeret,
2106 3404 2433 3473 videturque
2461 3399 2607 3456 dicta
2635 3399 2799 3471 longe
2846 3406 2976 3469 post
3004 3396 3303 3454 secundam
3354 3398 3648 3471 tempore];

362 3556 566 3612 nempe
592 3537 834 3611 quando,
868 3533 1159 3606 imperium
1190 3536 1414 3587 tenente
1458 3526 1657 3597 ignavo
1698 3520 1937 3592 quodam
1972 3528 2029 3576 et
2054 3516 2190 3575 boni
2222 3515 2433 3574 consilii
2464 3525 2688 3587 experte
2719 3513 2989 3589 principe,
3037 3514 3255 3571 barbari
3290 3513 3647 3581 invaserunt,

362 3646 644 3718 exercitus
679 3638 1051 3709 Romanorum
1095 3643 1415 3717 proﬂigatus
1474 3648 1579 3705 est,
1636 3634 1973 3693 calamitates
2023 3633 2283 3703 immissae
2324 3627 2482 3700 sunt;
2538 3645 2660 3703 quae
2688 3631 2873 3687 omnia
2923 3638 3174 3695 recenset
3216 3629 3651 3703 Chrysostomus

366 3762 503 3825 num
533 3769 587 3826 4.
623 3765 749 3823 Ιιωο
781 3777 946 3837 porro
974 3761 1029 3818 in
1062 3755 1278 3815 Arcadii
1303 3755 1613 3827 imperium,
1639 3749 1786 3824 quod
1815 3747 1981 3821 coepit
2010 3762 2157 3823 anno
2192 3747 2317 3813 395,
2356 3745 2643 3804 referenda
2663 3747 2942 3815 videntur,
2972 3758 3034 3804 ut
3066 3749 3651 3808 animadvertitetiam

370 3883 457 3947 .Vir
483 3881 870 3956 sagacissimus
895 3872 1311 3934 Tillemoutius..
1329 3871 1414 3928 Ad
1454 3870 1574 3925 haec
1594 3875 1780 3931 autem
1807 3864 1983 3936 prima
2012 3860 2070 3916 in
2121 3860 2307 3918 Oziam
2353 3861 2510 3932 quasi
2540 3861 2829 3918 occasione
2866 3862 3097 3933 quadam
3134 3872 3344 3920 tantum
3375 3864 3434 3920 in
3461 3864 3653 3923 histo-

370 4000 511 4055 riam
541 3997 685 4053 Ozias
706 4005 778 4081 ~et.
800 3993 858 4053 in
892 3986 1335 4062 Seraphinorum
1352 3984 1630 4042 visionem
1646 3980 1840 4038 incidit
1873 3994 1890 4033 :
1924 3978 2000 4034 ita
2026 3984 2088 4032 ut
2113 3976 2352 4034 secunda
2373 3977 2458 4034 vel
2488 3993 2554 4035 ex
2582 3979 2746 4035 modo
2775 3978 3047 4045 ordiendi,
3074 3980 3180 4036 alio
3214 3980 3356 4038 facta
3396 3990 3654 4054 tempore

376 4119 591 4190 aliaque
621 4111 908 4197 occasione
941 4106 1124 4164 statim
1152 4103 1423 4160 videatur.
1452 4098 1614 4156 Certe
1652 4096 1827 4188 prima
1857 4093 1951 4181 diu
1977 4078 2191 4167 postea,
2225 4090 2440 4150 Arcadii
2468 4107 2667 4163 nempe
2701 4100 2968 4164 tempore,
3005 4102 3067 4150 ut
3093 4110 3160 4151 ex
3183 4095 3499 4168 conjectura
3530 4107 3657 4155 sta-

378 4234 571 4299 tuitur,
604 4231 757 4289 dicta,
784 4224 968 4284 fuerit.
994 4227 1078 4313 An
1107 4238 1237 4278 vero
1264 4217 1591 4284 Antiochiae,
1624 4231 1693 4270 an
1728 4211 2226 4285 Constantinopoli,
2264 4225 2373 4277 non
2403 4209 2477 4265 ita
2499 4209 2654 4266 facile
2689 4218 2776 4266 est
2806 4209 3077 4268 divinare.

372 4322 379 4331 δ
446 4349 699 4408 Secunda
726 4341 1041 4401 Antiochia
1062 4336 1208 4394 haud
1241 4335 1405 4392 dubie
1436 4334 1623 4391 habita
1644 4340 1746 4387 est.
1773 4331 1830 4386 ld
1851 4329 1997 4401 quod
2032 4344 2097 4384 ex
2123 4328 2212 4396 iis,
2233 4342 2356 4398 quae
2384 4326 2529 4382 circa
2556 4325 2721 4381 ﬁnem
2751 4326 2991 4383 humilia:
3016 4328 3113 4395 ait,
3137 4329 3416 4402 arguitur;
3438 4346 3661 4407 nempe

379 4478 439 4519 se
473 4461 637 4516 citius
660 4456 824 4512 linem
845 4450 1063 4508 dicendi
1091 4448 1293 4513 facere,
1326 4454 1386 4500 ut
1410 4445 1531 4505 loco
1558 4438 1718 4499 cedat
1746 4440 2079 4514 praeceptori
2101 4454 2201 4497 seu
2240 4437 2569 4510 διδασκάλῳ,
2628 4439 2838 4497 scilicet
2882 4440 3140 4498 Flaviano
3182 4443 3486 4502 Antiochiae
3533 4449 3662 4520 epi-

380 4591 572 4648 scopo,
605 4572 752 4645 quod
770 4580 832 4631 et
861 4568 989 4626 alibi
1019 4566 1223 4638 passim
1257 4563 1460 4620 factum
1496 4561 1982 4634 deprehendimus.
2010 4554 2090 4623 De
2136 4574 2283 4616 anno
2319 4566 2506 4615 autem
2553 4573 2665 4614 non
2715 4560 2791 4616 ita
2822 4560 2980 4618 facile
3018 4571 3104 4619 est
3132 4564 3219 4620 vel
3241 4579 3308 4620 ex
3330 4566 3659 4638 conjectura

379 4695 587 4751 dicere.
616 4692 753 4748 Nam
784 4688 929 4762 quod
960 4683 1345 4749 Tillemontius
1392 4682 1727 4754 suspicatur,
1774 4695 1901 4736 cum
1945 4687 2223 4750 comparat
2248 4677 2670 4750 Chrysostomus
2712 4674 3016 4736 doctrinam
3055 4697 3212 4738 suam
3253 4684 3461 4743 recenti
3501 4686 3660 4753 γίηο,

382 4809 691 4867 doctrinam
734 4814 917 4861 autem
968 4797 1211 4857 Flaviani
1241 4797 1371 4854 vino
1409 4795 1604 4862 veteri,
1630 4808 1689 4850 se
1724 4792 1842 4849 haec
1869 4791 2027 4847 initio
2053 4790 2342 4846 sacerdotii
2366 4790 2451 4847 sui
2482 4792 2867 4848 concionatum
2902 4793 3251 4853 subindicare
3285 4797 3461 4854 :illud
3506 4809 3667 4856 certe

382 4927 479 4985 vel
511 4925 631 4998 ipso
662 4920 995 4979 Tillcmontii
1026 4917 1236 4991 judicio
1265 4914 1601 4972 levissimum
1635 4921 1754 4980 est;
1787 4910 2034 4983 ejusdem
2059 4909 2275 4983 generis
2300 4919 2383 4966 est
2409 4909 2542 4965 illud
2567 4910 2715 4966 aliud
2751 4911 3033 4982 indicium,
3059 4913 3186 4971 inde
3214 4925 3479 4984 sumtum,
3511 4921 3667 4990 quod

381 5043 546 5117 paulo
564 5046 693 5112 post
713 5038 928 5094 initium
954 5034 1085 5092 dicit
1118 5050 1178 5090 se
1202 5032 1436 5105 dignum
1464 5029 1717 5086 habitum
1744 5028 1912 5084 fuisse
1948 5028 2040 5099 qui
2080 5026 2227 5099 apud
2251 5021 2372 5083 illus
2400 5026 2840 5096 eoneionaretur,
2872 5030 3318 5105 κατηξιώθημεν.
3357 5035 3496 5092 Nam
3524 5037 3664 5109 quid

388 5164 519 5222 inde
561 5161 786 5227 inieras,
823 5176 949 5217 cum
979 5166 1192 5214 certum
1220 5155 1291 5211 sit
1327 5153 1777 5225 Cltrysostomum
1803 5149 2118 5239 nonprilmo
2155 5150 2339 5237 solum
2369 5164 2533 5216 anno,
2563 5149 2658 5205 sed
2697 5151 2861 5205 etiam
2891 5152 3156 5219 secundo,
3184 5154 3368 5220 tertio,
3400 5153 3667 5226 aliisque,

391 5280 588 5339 honori
615 5278 719 5335 sibi
751 5277 899 5333 haud
923 5275 1090 5331 dubie
1112 5272 1331 5329 duxisse
1362 5271 1508 5343 quod
1538 5284 1724 5327 coram
1757 5276 1908 5325 tanta
1949 5268 2129 5340 plebe,
2164 5269 2422 5341 episcopo
2469 5284 2613 5341 saepe
2643 5279 2935 5341 prasente,
2964 5269 3419 5326 condonaretur?
3451 5269 3664 5328 verum

393 5401 629 5489 aliquam
658 5391 921 5464 temporis
947 5398 1155 5458 notam,
1188 5403 1353 5459 quam
1375 5402 1486 5442 non
1515 5382 1901 5443 animadvertit
1924 5384 2328 5453 Tillemontius,
2360 5384 2487 5440 inde
2512 5400 2729 5441 sumere
2760 5385 2910 5452 licet,
2932 5385 3079 5457 quod
3097 5400 3254 5442 num.
3284 5386 3321 5440 2
3352 5397 3407 5443 et
3432 5389 3667 5463 '5,post-

394 5531 558 5588 quant
578 5514 789 5571 dixerat
810 5512 980 5569 Deum
1006 5506 1299 5566 Abrahami
1328 5507 1536 5563 nomini
1564 5506 1836 5563 addidisse
1862 5506 2097 5573 literam,
2121 5506 2193 5561 ita
2218 5513 2277 5560 ut
2298 5505 2390 5576 qui
2424 5504 2637 5578 Ἀσράμ
2663 5507 2981 5573 vocabatur,
3007 5506 3262 5578 ’Δὸρσιάμ
3290 5517 3482 5578 postea
3511 5509 3667 5567 dice-

398 5642 575 5699 retur,
621 5638 681 5687 ut
716 5630 879 5687 unius
904 5626 1075 5685 litera:
1106 5624 1479 5682 additamenta
1524 5622 1738 5694 signum
1774 5620 2115 5694 principatus
2146 5619 2248 5695 ipsi
2296 5619 2487 5687 daret;
2537 5629 2725 5692 postea
2780 5620 3173 5695 subjunxerit:
3217 5620 3356 5678 ἀλλὰ
3404 5622 3533 5695 περὶ
3566 5623 3668 5696 μὲν
