1848 3139
42 121 71 151 β·
402 118 442 149 tu
458 118 575 153 uano,
595 117 665 148 VIDI
684 116 770 158 noui

944 117 983 147 IL.
1003 117 1024 146 ι.
1039 132 1075 140 -
1093 116 1268 157 κοωτυιι,
1295 135 1309 157 ντ
1614 119 1673 156 παπ

43 178 160 214 θυμάτων
172 178 203 206 ιν
219 178 311 215 ἑτὲρῳ
324 178 417 215 καιρῷ
427 179 604 215 διηγήσομαι,
618 178 664 205 κά
675 178 708 205 de
717 186 772 205 nom

972 185 1064 212 ηπιρονε
1088 177 1231 212 disseram,
1252 185 1307 214 quo
1321 176 1455 214 signiﬁcat
1473 185 1503 207 se
1518 177 1553 207 de
1566 161 1677 206 muta-’
1696 173 1701 187 ί

42 238 93 265 done
103 238 252 266 nominum
265 242 362 274 postea
377 237 514 266 dicturum
529 245 606 271 esse;
619 237 646 265 id
654 237 727 273 quod
735 237 844 265 abunde
856 236 983 272 prastitit
994 236 1023 264 in
1035 240 1153 272 quatuor
1164 236 1290 266 Hominis
1297 237 1331 265 de
1341 237 1490 266 Mutatione
1503 238 1658 271 nominum.

41 304 88 331 uias
103 297 189 326 babes
199 296 293 325 Tomo
305 298 333 331 5,
346 297 393 325 ubi
406 297 441 325 de
455 296 609 325 mutatione
625 296 747 324 nominis
765 296 904 324 Abraham
928 296 1029 332 agitur,
1045 303 1075 331 p.
1088 295 1149 328 l07,
1164 299 1193 324 et
1207 296 1270 329 “2,
1287 301 1315 324 et
1329 296 1461 325 Sermone
1471 305 1545 326 nono
1558 297 1587 326 in
1603 297 1659 326 Ge-

41 353 118 385 nsim,
129 353 178 388 qui
192 359 261 389 post
271 354 420 382 secundam
439 353 584 381 Homiliam
597 353 632 381 de
647 348 798 382 Mutatione
810 352 954 383 nominum
969 352 1079 380 habitus
1092 357 1145 386 est,
1161 353 1208 381 ubi
1224 353 1306 382 etiam
1321 354 1356 383 de
1371 355 1523 383 mutatione
1540 355 1662 384 nominis

40 412 136 439 Alnhc
147 411 256 448 agitur,
271 420 300 448 p.
315 412 377 441 69L
392 411 506 440 Certum
531 411 625 448 itaque
639 412 866 448 exploratumque
877 411 977 445 habeo,
991 411 1063 439 hanc
1078 411 1219 440 homiliam
1242 413 1338 441 eodem
1354 421 1428 441 anno
1443 413 1563 442 habitam
1577 414 1661 442 fuisse

39 475 79 503 quo
89 467 140 495 ΗΒ
153 467 362 496 de'llutatione
373 469 516 497 nominum
530 467 610 497 dicta;
633 472 709 501 sunt,
727 476 785 504 quo
801 466 883 496 etiam
905 466 1029 495 Humilia:
1045 467 1073 494 in
1093 463 1222 496 Genesim
1241 468 1379 504 sexaginta
1397 473 1520 504 septem;
1536 463 1661 499 Homilies

39 528 87 554 item
98 527 125 554 in
136 527 276 555 Actorum
286 526 506 564 inscriptionem,
523 532 551 556 et
568 527 629 556 alia:
646 528 781 563 qumdam,
798 532 830 556 ut
850 528 944 556 videas
958 511 1120 557 Praefatioue
1132 528 1160 556 in
1173 532 1301 563 quartum
1315 528 1443 563 Tomum,
1465 533 1493 557 et
1509 529 1537 557 in
1553 528 1660 557 Monito

39 585 62 613 ad
72 585 203 614 Romilius
220 587 249 614 in
267 587 476 623 inscriptionem
487 586 618 615 Actorum
633 586 719 615 Tomo
735 587 762 614 5.
777 586 845 619 Quis
857 594 922 615 vero
934 586 1023 615 sitille
1039 594 1139 620 annus,
1161 586 1283 614 nondum
1304 587 1381 623 potui
1402 587 1537 623 probabili
1564 587 1659 624 conje-

39 650 97 672 ctura
111 645 247 680 assequi:
262 645 322 673 hac
335 645 429 673 omnia
443 645 472 673 in
483 652 586 672 annum
596 644 649 673 388
666 643 763 679 conjici
779 643 850 671 forte
865 647 988 679 possent.
1566 677 1568 681 ι

61 700 175 728 liotnilia
191 701 274 728 tertia
294 701 435 736 aliquanto
450 705 572 735 tempore
582 704 652 740 post
676 698 824 726 secundam
848 698 939 725 habita
964 703 1015 730 est,
1034 698 1233 738 Flavianusgue
1251 700 1395 735 episcopus
1412 705 1473 736 post
1496 701 1661 736 Chrysosto-

39 764 97 785 nam
108 758 294 787 concionatus
308 763 367 792 est;
384 758 432 786 sed
446 758 490 785 hic
505 758 538 786 de
555 756 728 793 Martyribus,
743 756 955 791 Chrysostomus
972 761 1064 784 autem
1080 757 1114 784 dc
1130 756 1195 786 Ozia
1209 762 1235 785 et
1255 758 1288 786 de
1304 757 1474 794 Seraphinis,
1502 759 1557 787 imo
1571 759 1662 795 potius

39 814 200 850 bsuperbia
219 815 296 844 οὐκ
310 816 392 852 regis,
405 823 465 851 quae
480 815 570 850 ipsum
586 815 754 850 praecipitem
770 814 854 841 dedit.

63 875 175 905 liomilia
192 881 294 913 quarta
308 878 385 906 nullo
395 879 476 906 modo
491 885 573 914 posse
589 879 712 907 creditur
726 879 759 907 ad
780 879 881 915 quintae
897 879 996 908 seriem
1009 879 1122 913 deduci;
1144 879 1208 907 licet
1229 878 1302 907 enim
1319 878 1390 906 circa
1410 877 1530 905 medium
1545 878 1578 905 de
1597 876 1661 904 Ozia

38 943 128 976 apter,
142 938 217 966 nihil
243 943 287 967 est
301 939 372 974 quod
390 939 507 968 suadere
527 947 608 975 posse
634 939 757 968 videatur
772 940 844 968 hanc
858 940 954 968 eodem
971 944 1104 974 tempore,
1121 939 1270 974 eademque
1285 939 1313 966 in
1333 939 1401 966 urbe
1424 938 1545 966 habitam
1567 937 1661 964 fuisse.

40 1002 83 1029 lno
100 1007 238 1028 veronon
255 999 356 1028 desunt
371 1008 432 1036 qua:
452 1000 627 1028 subindicent
641 1000 713 1028 hanc
724 998 961 1035 Constantinopoli
974 998 1058 1028 fuisse
1073 999 1186 1027 dictam.
1203 998 1386 1032 Quamobrem
1403 998 1465 1033 jure
1478 997 1501 1024 is
1517 998 1562 1032 qui
1581 996 1662 1023 Cata-

40 1061 112 1094 lqul
125 1066 251 1095 operum
261 1056 448 1095 Cbrysostomi
466 1058 587 1093 γνησίων
608 1058 664 1093 jam
689 1058 754 1086 olim
770 1058 956 1090 concinnavit,
983 1058 1056 1085 hanc
1070 1066 1125 1085 non
1148 1057 1175 1084 in
1194 1057 1362 1092 reliquarum
1377 1057 1448 1084 serie
1466 1057 1568 1092 posuit.
1584 1055 1661 1082 lilum

40 1115 263 1152 rilth
279 1115 358 1144 Tom.
376 1115 403 1147 1,
420 1123 448 1151 p.
464 1114 527 1143 8M.
543 1114 600 1144 Hoc
613 1119 705 1142 autem
720 1122 763 1142 me
776 1120 868 1142 movet
881 1119 911 1141 ut
920 1114 1157 1149 Constantinopoli
1170 1113 1271 1140 editam
1287 1113 1449 1148 conjiciam;
1471 1121 1533 1140 nam
1552 1113 1579 1141 id
1591 1113 1664 1148 quod

39 1173 92 1204 dicit
104 1174 265 1210 σῦγιιλητυν
277 1173 335 1210 ἔχει
350 1172 398 1200 καὶ
413 1173 532 1203 ὑπάτους
547 1172 677 1208 ἀριθμεῖν
695 1171 804 1208 ἔχομεν,
818 1172 906 1198 ὠνίων
920 1171 1062 1206 ἀφθονίαν,
1081 1171 1182 1203 Θέσεως
1195 1171 1414 1207 ἐπιτηδειότητα,
1440 1170 1566 1198 Senatum
1589 1171 1665 1200 habet

40 1235 136 1270 (tl-pe
154 1231 251 1266 urbs),
276 1235 302 1258 et
326 1230 443 1258 consules
457 1238 596 1258 numerare
610 1238 757 1265 possumus,
782 1230 915 1257 venalium
929 1231 1042 1265 copiam,
1057 1230 1137 1257 silum
1160 1230 1339 1262 commodum,-
1366 1230 1438 1264 quod
1463 1228 1555 1256 Romae
1571 1230 1665 1257 urbem

40 1295 185 1328 mperat;
198 1289 275 1327 quod
292 1297 352 1317 eam
369 1289 436 1318 dicit
450 1289 524 1317 orbis
535 1289 724 1324 metropolim;
742 1290 800 1317 hinc
817 1290 948 1317 nimirum
960 1291 1053 1319 omnia
1068 1298 1122 1316 non
1141 1289 1221 1317 video
1237 1296 1317 1324 posse
1334 1289 1413 1318 alteri
1428 1298 1509 1326 quam
1529 1290 1666 1318 Constan-

41 1347 141 1385 tinopoli
156 1352 323 1384 «impetere
337 1354 434 1382 posse;
450 1346 500 1374 etsi
513 1345 717 1380 Tillcmontius,
744 1348 947 1377 subdubitando
972 1353 1075 1381 tamen,
1095 1348 1152 1375 haec
1173 1347 1208 1375 ad
1227 1347 1400 1375 Antiochiam
1416 1348 1519 1375 referre
1539 1353 1666 1376 conetur.

41 1407 204 1443 Quapropter
216 1406 293 1435 hanc
305 1409 382 1434 extra
398 1405 501 1434 seriem
524 1405 639 1432 aliarum
661 1408 833 1441 reponerem,
859 1406 880 1433 si
896 1414 944 1441 per
957 1405 1159 1440 manuscriptos
1176 1403 1291 1432 Codices
1313 1405 1416 1437 liceret,
1434 1405 1479 1432 ubi
1495 1405 1539 1432 hic
1555 1405 1623 1432 ordo
1637 1409 1668 1432 ut

193 1465 295 1497 saltem
310 1464 482 1493 observatur.
499 1462 562 1491 lianc
573 1471 655 1500 porro
666 1463 779 1491 homilia
806 1464 896 1491 habita
914 1468 957 1491 est
973 1471 1035 1491 cum
1052 1466 1137 1490 aestus
1161 1467 1234 1490 esset
1256 1462 1365 1498 ingens,
1378 1462 1491 1495 aestatis,
1511 1467 1541 1490 ut
1557 1463 1667 1490 credere

43 1530 234 1561 utmore-

66 1583 183 1613 lonilia
193 1583 282 1620 igitur
293 1583 389 1619 quinta
402 1583 510 1611 tertiam
528 1582 625 1610 ordine
640 1587 755 1618 sequuta
769 1588 822 1616 est,
834 1591 896 1611 cum
915 1583 1014 1618 iliaque
1030 1582 1170 1614 convenit,
1183 1589 1239 1608 non
1255 1581 1319 1608 item
1339 1589 1401 1608 cum
1421 1585 1528 1615 quarta,
1543 1587 1603 1614 qua:
1615 1579 1668 1605 alio

44 1646 164 1679 me.
180 1640 238 1669 alio
253 1644 285 1668 ut
309 1639 417 1670 videtur
431 1639 502 1673 loco,
524 1639 700 1675 pronuntiata
724 1638 785 1666 luit.
800 1638 881 1666 Sexta
896 1643 986 1666 autem
1004 1638 1114 1665 bomilia
1130 1637 1252 1672 quintam
1267 1635 1359 1663 nativo
1381 1635 1476 1662 ordine
1492 1635 1626 1670 sequitur,
1641 1639 1669 1661 et

46 1699 189 1728 1M6:
205 1698 306 1729 habita
321 1698 383 1726 fuit.
396 1697 460 1727 Haec
477 1706 558 1734 porro
571 1703 646 1726 sexta
659 1697 771 1725 homiiia
782 1697 854 1725 dictu
879 1697 930 1725 fuit
945 1696 1039 1732 paucis
1057 1697 1154 1724 diebus
1177 1699 1240 1723 ante
1259 1694 1508 1730 Quadragesimam,
1533 1693 1597 1720 anni
1611 1692 1667 1720 for-

46 1751 169 1787 *38
182 1765 191 1784 :
209 1763 267 1792 qua
281 1755 318 1784 de
334 1763 364 1783 re
377 1762 433 1784 non
453 1755 565 1783 omnino
580 1755 726 1788 constabit,
742 1755 829 1782 donec
845 1754 909 1789 quid
925 1754 1017 1782 indicii
1033 1753 1189 1781 accesserit.

55 1814 192 1852 γωςω
203 1814 334 1852 priorum
359 1814 550 1850 interpretatio
573 1820 615 1843 est
629 1813 744 1847 Erasmi,
764 1822 845 1849 quam
870 1814 962 1841 multis
980 1814 1006 1841 in
1029 1813 1095 1841 locis
1113 1811 1332 1843 cmendavimus;
1357 1815 1439 1839 sexta!
1457 1815 1499 1838 est
1522 1810 1671 1839 Frontonis
1719 1812 1721 1815 ’

48 1870 129 1901 κω.
