3696 6278
130 246 219 328 ετ
1132 273 1197 331 IN
1236 262 1484 341 ILLUD,
1522 273 1589 329 vi

1942 268 2041 336 JM,
2080 267 2315 326 ιιοωι.
2355 266 2401 325 I.
2556 270 2563 275 ’
3332 260 3401 317 98

795 507 3388 537 *ΝΜ-ῤ’.-

1488 899 2013 1004 HOMILIA

117 1210 179 1257 η
225 1212 500 1260 LAUDIII
544 1213 790 1271 EORUM,
827 1214 933 1268 QUI
979 1211 1494 1259 COMPARUERU‘NT
1536 1210 1576 1253 Il

1947 1237 1959 1265 ,
2022 1210 2292 1265 QUEQUB
2375 1214 2748 1262 MODERATIO
2788 1220 2888 1265 SIT
2964 1222 3293 1273 SBBVANDA
3341 1229 3406 1276 IN

192 1314 444 1360 DIVIle
520 1317 850 1361 LAUDIBUS.
918 1316 1075 1360 ITEM
1146 1315 1208 1359 IN
1272 1313 1485 1368 ILLUD,
1553 1310 1690 1355 VIDI
1774 1310 2073 1355 DOMINUM
2143 1314 2483 1363 SEDENTBM
2553 1319 2617 1363 IN
2701 1322 2881 1367 θοι.ιο
2974 1326 3250 1373 ειαειεο
3320 1312 3410 1396 (α)

195 1398 393 1479 (Isai.
436 1399 500 1460 6.
548 1399 634 1481 ι).

3210 1414 3229 1432 δ

1466 1491 2050 1548 ._._.mc.___

176 1683 234 1739 Ι.
260 1681 579 1737 Prcdicatio
598 1699 710 1737 cum
730 1683 1038 1756 agricultura
1058 1693 1401 1755 comparatur.
1424 1683 1716 1756 Chrysoato-

113 1791 227 1828 tua
254 1773 325 1828 de
374 1791 627 1830 concursu
654 1776 944 1830 auditorum
973 1778 1180 1847 gaudet.
1211 1775 1350 1830 Laus
1396 1776 1715 1831 ecclesiastici

109 1866 775 1937 comatum—Conspicio
799 1882 896 1922 vos
918 1867 1086 1922 multo
1109 1867 1285 1924 studio
1313 1866 1633 1934 adnitentes,
1655 1877 1714 1922 ut

107 1959 171 2013 ad
195 1957 457 2013 eﬂ’ectum
482 1959 801 2027 perducatis,
830 1975 949 2030 qua:
975 1958 1087 2015 heri
1134 1975 1164 2014 a
1208 1959 1360 2015 nobis
1385 1959 1522 2014 dicta
1548 1967 1709 2015 sunt:

108 2063 280 2120 eoque
320 2064 474 2103 nunc
523 2048 660 2104 haud
705 2059 925 2120 gravate
965 2064 1147 2105 semen
1177 2049 1431 2105 doctrina:
1453 2050 1710 2121 jacimus,

108 2141 243 2209 quod
271 2142 405 2195 hinc
436 2141 577 2195 bona
613 2156 735 2212 spes
760 2142 854 2197 alit
897 2142 1132 2198 animum
1160 2152 1422 2198 nostrum.
1478 2143 1609 2198 Nam
1658 2153 1713 2200 et

106 2232 337 2301 agricola
364 2275 378 2293 ,
416 2249 544 2287 cum
588 2249 693 2289 non
740 2234 857 2291 sine
882 2234 1062 2290 labore
1081 2235 1295 2305 quidem
1322 2237 1524 2292 semina
1543 2236 1670 2307 jecit
1692 2280 1708 2306 ,

105 2323 197 2377 sed
242 2323 396 2377 videt
429 2334 630 2378 terram
662 2324 891 2381 feracem
927 2335 1267 2396 segetemque
1307 2338 1563 2397 proventu
1611 2343 1708 2383 ex-

106 2415 453 2483 uberantem,
480 2416 815 2485 superiorum
840 2417 1077 2472 laborum
1100 2418 1450 2482 obliviscitur.
1466 2429 1624 2490 atque
1644 2420 1710 2475 ad

109 2506 381 2576 reliquum
433 2522 620 2577 opera:
676 2506 1245 2579 conservationemque
1285 2509 1520 2578 priorum
1576 2510 1708 2566 lucri

105 2599 513 2667 exspectatione
528 2600 808 2654 excitatur.
833 2598 1024 2654 Verum
1046 2599 1159 2655 haec
1176 2601 1493 2671 agricultura
1512 2610 1709 2672 quanto

104 2692 330 2745 feracior
382 2700 697 2762 quantoque
738 2690 997 2746 lucrosior
1051 2692 1166 2747 est?
1214 2691 1347 2747 Nam
1378 2693 1464 2747 illa
1492 2693 1705 2764 quidem

104 2781 309 2849 frugum
341 2781 688 2836 sensibilium
714 2782 923 2851 copiam
969 2781 1213 2838 adferens
1236 2823 1253 2849 ,
1283 2783 1597 2855 corporibus
1620 2799 1709 2839 re-

104 2876 243 2941 ponit
296 2874 665 2930 alimoniam:
708 2873 823 2930 haec
877 2889 1004 2930 vero
1048 2875 1172 2929 dum
1227 2890 1535 2931 sermonum
1579 2877 1710 2946 jacit

107 2964 444 3030 doctrinam,
507 2965 970 3037 spiritualiumque
1011 2964 1274 3021 donorum
1327 2967 1706 3023 abundantiam

110 3057 266 3113 adiat
289 3101 306 3125 ,
358 3058 532 3113 animi
571 3058 786 3116 divitias
822 3059 1098 3126 recondit,
1126 3060 1431 3115 alimoniam
1462 3076 1580 3132 quae
1609 3077 1707 3118 nec

108 3152 366 3216 consumi,
399 3167 509 3207 nec
526 3152 703 3207 vitiari
722 3160 916 3223 potest.
937 3152 1139 3207 reditus
1159 3153 1248 3223 qui
1268 3168 1442 3224 neque
1457 3162 1703 3224 pereunt,

109 3258 268 3311 neque
298 3259 427 3298 τενο
457 3254 912 3314 corrumpuntur,
941 3244 1033 3300 sed
1058 3243 1503 3318 arcana'quadam
1534 3254 1591 3301 et
1621 3247 1705 3301 in-

108 3333 292 3388 eﬂabili
316 3334 666 3404 providentia
686 3344 1088 3398 conservantur.
1112 3351 1339 3405 quorum
1363 3352 1488 3392 usus
1507 3336 1706 3395 fructus

112 3435 272 3479 alente
297 3426 626 3494 percipitur.
657 3426 750 3481 llic
769 3436 851 3481 est
872 3441 1109 3482 meorum
1132 3426 1374 3482 laborum
1396 3438 1703 3498 proventus,

113 3514 183 3569 li:
206 3525 335 3571 sunt
355 3531 497 3587 opes
519 3532 652 3585 quas
673 3526 862 3574 vestrae
885 3518 1089 3573 caritati
1108 3519 1464 3575 recondimus.
1487 3519 1593 3575 Has
1609 3521 1708 3575 ita-

114 3620 333 3675 qaecom
352 3607 654 3662 considero
677 3608 728 3662 in
752 3608 904 3663 vobis
917 3623 1224 3680 augescere,
1248 3608 1454 3680 gaudeo
1471 3624 1701 3679 semper,

115 3705 159 3749 ι
181 3698 267 3766 qui
292 3713 407 3752 non
429 3698 633 3752 frustra
659 3709 954 3755 sementem
968 3698 1209 3769 jecerim,
1229 3708 1286 3754 ut
1304 3701 1392 3770 qui
1410 3715 1514 3755 non
1534 3701 1708 3757 incas-

114 3802 211 3841 sum
237 3789 462 3844 labores
485 3790 821 3859 pertulerim,
844 3797 902 3844 ut
920 3791 1006 3859 qui
1034 3791 1085 3846 in
1106 3789 1410 3861 frugiferam
1436 3792 1710 3863 pinguem-

115 3895 202 3948 que
225 3893 459 3947 terram,
487 3890 544 3936 et
563 3880 630 3936 ad
658 3882 1079 3937 fructificandum
1099 3882 1343 3937 idoneam
1367 3898 1548 3938 semen
1571 3886 1710 3954 jece-

114 3973 219 4027 ria.
244 3973 406 4030 Unde
432 3974 597 4045 igitur
620 3974 722 4030 hoc
744 3975 949 4029 lucrum
976 3974 1093 4030 fore
1112 3974 1397 4044 conjecto?
1425 3976 1566 4031 unde
1586 3992 1708 4046 per-

115 4066 268 4133 sp’cio
296 4080 589 4121 sermones
619 4065 683 4120 ad
713 4081 846 4138 opus
885 4066 1185 4136 proﬁcere?
1225 4066 1483 4123 Nimirum
1511 4082 1575 4123 ex
1607 4068 1711 4123 hoc

114 4174 396 4226 concursu,
442 4175 517 4214 ex
552 4174 621 4215 eo
669 4159 812 4230 quod
864 4159 1146 4215 ecclesiam
1194 4161 1431 4216 omnium
1483 4169 1710 4215 matrem

114 4252 343 4307 studiose
364 4250 668 4321 occupatis,
709 4266 774 4307 ex
804 4251 906 4307 hac
933 4262 1186 4322 pernocte
1215 4263 1572 4324 perpetuaque
1601 4262 1709 4309 sta-

111 4347 274 4413 tione,
326 4361 397 4401 ex
452 4361 524 4399 eo
557 4345 699 4416 quod
743 4346 1106 4417 angelicorum
1147 4345 1391 4401 ordinum
1423 4354 1704 4401 stationem

108 4438 374 4493 imitantes
426 4437 551 4493 sine
605 4439 904 4493 cessatione
949 4437 1132 4493 laudes
1170 4447 1225 4494 et
1251 4439 1478 4509 hymnos
1505 4437 1708 4493 offertis

108 4527 401 4583 Conditori.
426 4528 476 4584 Ο
499 4529 633 4583 mira
658 4528 859 4584 Christi
890 4528 1058 4583 donat
1086 4530 1139 4583 In
1169 4529 1414 4598 supernis
1443 4532 1708 4585 exercitus

111 4621 413 4687 angelorum
463 4627 666 4674 canunt
718 4619 938 4689 gloriam
998 4638 1011 4673 :
1068 4620 1121 4675 in
1176 4620 1336 4675 terris
1372 4620 1614 4676 homines
1654 4622 1709 4675 in

112 4711 341 4765 εει-ιεςῶ
371 4711 575 4765 choros
604 4720 824 4780 agentes
856 4709 921 4765 ad
945 4711 1154 4765 illorum
1181 4710 1487 4781 exemplum
1522 4711 1706 4767 eadem

112 4811 301 4856 artant
349 4800 531 4856 laudis
584 4802 813 4857 cantica.
871 4801 929 4856 In
985 4802 1231 4872 supernis
1287 4802 1566 4873 Seraphim
1632 4813 1710 4859 ter

115 4903 347 4947 nocturn
390 4892 550 4948 illum
587 4892 844 4965 hymnum
875 4894 1107 4949 clamant
1139 4898 1159 4945 :'
1187 4894 1241 4969 in
1269 4896 1425 4950 terris
1457 4894 1711 4951 eumdem

113 4983 382 5039 hominum
412 4984 622 5055 promit
644 4984 952 5052 multitudo,
982 4985 1444 5056 communiterque
1466 4993 1581 5041 tum
1600 5001 1711 5042 cac-

116 5074 335 5144 lalinm,
366 5085 488 5129 tum
517 5076 855 5131 terrestrium
885 5075 1104 5132 festivus
1133 5087 1433 5133 conventus
1472 5093 1672 5149 congre
1690 5108 1703 5118 -ι

117 5179 290 5235 plur:
316 5184 428 5223 una
463 5168 760 5239 gratiarum
784 5169 926 5225 actio
944 5211 962 5237 ,
990 5184 1092 5225 una
1113 5169 1429 5236 exsultatio,
1460 5186 1561 5226 una
1583 5186 1710 5240 gauo

118 5259 277 5315 dentis
320 5260 548 5315 choreae
586 5260 769 5315 statio.
823 5259 974 5316 Hanc
1022 5260 1165 5317 enim
1194 5261 1473 5317 ineffabilis
1503 5258 1710 5316 Domini

118 5361 225 5403 sese
245 5349 311 5404 ad
342 5365 449 5406 os
476 5348 815 5406 demittentis
855 5350 1066 5407 bonitas
1094 5352 1400 5418 constituit,
1429 5351 1565 5407 hanc
1593 5351 1710 5422 Spi-

117 5440 235 5494 titus
275 5441 640 5512 congregavit
681 5449 898 5498 sanctus
934 5456 948 5493 :
993 5442 1153 5514 hujus
1196 5458 1388 5499 vocum
1417 5453 1735 5500 concentus.

174 5572 235 5637 ζει
264 5580 350 5623 n2
372 5572 597 5637 humilia).
621 5571 811 5637 collatze
832 5580 947 5637 sunt
968 5588 1076 5624 cum
1107 5572 1364 5628 Codicibus
1383 5578 1540 5637 Regiis
1568 5577 1707 5637 1819,

116 5630 239 5687 "51.
267 5636 410 5695 1958,
438 5634 584 5691 1960,
618 5636 759 5699 1063,
795 5635 939 5699 ιθδι,
978 5638 1118 5701 1975,
1156 5639 1300 5701 255i,
1344 5648 1397 5691 et
1419 5630 1712 5691 CBlbertiiits

116 5695 216 5756 Εἴ,
238 5697 377 5759 τωο,
401 5706 460 5750 et
482 5697 628 5749 5W5.

1820 1686 2045 1751 paterno
2088 1681 2423 1753 beneplacito
2450 1687 2465 1717 ⁸
2496 1688 2780 1757 congruit:
2812 1706 2843 1746 e
2865 1693 3010 1748 caelis
3040 1694 3198 1753 habet
3223 1701 3411 1757 modu-

1816 1771 1992 1828 lorum
2017 1777 2445 1846 consonantiam,
2475 1778 2599 1835 dum
2627 1795 2657 1834 a
2683 1764 2943 1841 Trinitate
2972 1788 3118 1844 velut
3142 1806 3171 1844 a
3201 1792 3408 1862 plectro

1817 1866 2070 1934 quopiam
2118 1877 2382 1934 movetur,
2418 1869 2732 1928 delectabile
2760 1873 2889 1930 illud
2931 1892 2995 1933 ac
3032 1877 3155 1935 felix
3190 1894 3408 1941 resonat

1818 1956 2006 2021 melos,
2025 1955 2169 2012 illam
2196 1960 2488 2029 angelicam
2516 1962 2837 2035 cantionem,
2871 1966 3020 2024 illum
3042 1969 3285 2030 desinere
3312 1991 3404 2031 ne‘

1817 2048 1985 2103 scium
2011 2061 2353 2106 concentum.
2390 2052 2484 2108 llic
2512 2064 2596 2109 est
2624 2055 2783 2111 studii
2829 2062 3108 2127 prmsentis
3136 2063 3286 2130 finis,
3315 2062 3404 2123 hic

1816 2149 2111 2195 conventus
2137 2142 2305 2197 nostri
2346 2141 2546 2197 fructus
2580 2163 2594 2199 :
2641 2160 2812 2216 eoque
2852 2150 3058 2218 gaudeo
3085 2154 3241 2209 talem
3268 2171 3401 2213 cono

1816 2230 2048 2300 spiciens
2076 2231 2474 2289 celebritatem:
2494 2236 2699 2304 gaudeo
2718 2237 2843 2292 dum
2872 2240 3172 2298 animorum
3195 2257 3404 2303 vestro-

1815 2337 1934 2376 rum
1987 2322 2223 2378 laetitiam
2276 2324 2747 2392 considero,dum
2787 2329 3037 2398 gaudium
3087 2336 3399 2406 spirituale,

1815 2412 1940 2467 dum
1968 2413 2258 2469 secundum
2292 2415 2458 2471 Deum
2478 2418 2906 2474 exsultationem.
2935 2421 3116 2494 Neque
3137 2428 3277 2482 enim
3297 2431 3401 2486 ulla

1816 2519 1906 2559 res
1936 2513 2161 2559 tantum
2183 2504 2362 2561 adfert
2387 2506 2565 2577 gaudii
2613 2507 2731 2562 vitae
2770 2520 2987 2579 nostra,
3020 2524 3273 2584 quantum
3301 2521 3404 2576 hoc

1814 2595 1954 2667 quod
1982 2611 2049 2651 ex
2071 2596 2249 2652 animo
2268 2596 2540 2667 gaudeatis
2566 2599 2618 2653 in
2639 2601 2865 2657 ecclesia
2886 2608 3210 2676 congregati.
3238 2609 3290 2664 In
3309 2628 3402 2666 ec-

1812 2687 1973 2743 clesia
2010 2687 2352 2757 gaudentium
2399 2700 2748 2746 conservatur
2774 2695 3044 2764 gaudium,
3079 2697 3131 2751 in
3175 2700 3401 2757 ecclesia

1813 2779 1993 2833 animo
2021 2778 2356 2848 deiectorum
2393 2790 2475 2836 est
2512 2783 2791 2850 recreatio,
2842 2785 2895 2840 in
2949 2787 3173 2844 ecclesia
3210 2790 3405 2848 dolen-

1813 2868 1943 2922 tium
1972 2878 2053 2923 est
2082 2870 2347 2939 voluptas,
2382 2871 2433 2925 in
2460 2871 2687 2941 ecclesia
2726 2872 3133 2946 defatigatorum
3174 2883 3405 2952 respira-

1815 2962 1910 3027 tio,
1942 2960 1995 3016 in
2024 2962 2253 3018 ecclesia
2284 2964 2639 3021 laborantium
2674 2968 2907 3039 requies.
2942 2969 3115 3027 Venite
3132 2975 3296 3039 enim,
3321 2977 3403 3031 in-

1811 3052 1943 3122 quit,
1971 3053 2042 3106 ad
2064 3070 2144 3108 me
2169 3071 2340 3111 omnes
2358 3057 2446 3127 qui
2474 3057 2716 3113 laboratis
2741 3070 2790 3113 et
2816 3063 3011 3117 onerati
3051 3066 3167 3119 estis
3192 3081 3214 3122 :
3238 3077 3285 3122 et
3309 3084 3402 3139 ego

1810 3147 2036 3215 reﬁciam
2066 3149 2194 3218 νος(
2226 3148 2414 3204 Matth.
2463 3152 2549 3205 Η.
2575 3151 2647 3206 28
2685 3150 2728 3223 ).
2775 3152 2913 3220 Quid
2954 3154 3052 3211 hac
3082 3172 3209 3213 voce
3234 3162 3403 3229 possit

1810 3253 1930 3294 esse
1956 3238 2398 3297 desiderabilius?
2440 3244 2566 3313 quid
2605 3244 2704 3299 hac
2733 3245 3048 3304 invitatione
3073 3250 3402 3319 jucundius?

1811 3332 1892 3386 Ad
1922 3331 2139 3401 epulum
2168 3342 2221 3388 te
2252 3342 2408 3388 vocat
2430 3334 2521 3404 qui
2553 3334 2607 3389 in
2640 3336 2922 3392 ecclesiam
2954 3347 3006 3393 te
3031 3352 3186 3396 vocat
3218 3343 3400 3399 Domi.

1812 3438 1931 3491 nus,
1973 3424 2040 3479 ad
2071 3425 2310 3496 requiem
2357 3442 2455 3496 pro
2484 3428 2755 3485 laboribus
2787 3430 3121 3500 adhortatur,
3149 3433 3215 3489 ad
3264 3438 3404 3492 rela-

1810 3516 2081 3571 xationem
2106 3532 2136 3570 a
2176 3517 2440 3574 molestiis
2491 3520 2760 3587 transfert,
2805 3522 3012 3591 pondus
3062 3537 3398 3594 peccatorum

1811 3606 2067 3673 allevans,
2096 3607 2298 3663 deliciis
2329 3609 2493 3665 animi
2520 3611 2821 3667 molesdam
2844 3655 2858 3677 ,
2892 3614 3085 3684 gaudio
3114 3632 3400 3677 mcerorem

1810 3709 1984 3755 sanat.
2030 3700 2075 3757 0
2102 3701 2424 3758 ineffabilem
2448 3704 2657 3759 curam!
2682 3720 2717 3760 ο
2748 3707 3080 3764 vocationem
3106 3711 3397 3768 caelestem!

1812 3792 2153 3850 Festinemns
2181 3796 2380 3867 itaque,
2407 3795 2611 3864 dilecti,
2645 3806 2704 3852 ut
2731 3798 2972 3855 eamdem
3000 3815 3264 3857 summam
3291 3805 3404 3859 ala-

1811 3883 2057 3940 critatem
2082 3884 2456 3951 exhibeamus,
2485 3895 2541 3941 et
2582 3902 2705 3942 cum
2734 3889 3071 3944 convenienti
3141 3894 3401 3951 modestia

1811 3976 2340 4048 considerationeque
2364 3977 2587 4033 decente
2610 3978 2746 4035 hanc
2775 3994 3205 4037 consummemus
3222 3986 3264 4038 ’.
3310 3984 3403 4038 Et-

1812 4069 1955 4123 enim
1997 4067 2065 4123 de
2118 4069 2221 4124 hoc
2273 4070 2425 4124 vobis
2478 4068 2793 4124 hodiernum
2840 4086 3143 4127 sermonem
3184 4089 3401 4131 movere

1812 4174 1953 4225 vom,
1986 4160 2038 4213 in
2075 4160 2307 4230 speciem
2334 4159 2550 4230 quidem
2581 4161 2887 4229 molestum,
2912 4171 3163 4218 caeterum
3186 4166 3355 4221 levem
3380 4210 3396 4234 ,

1812 4265 2046 4321 vereque
2072 4252 2275 4305 utilem.
2310 4251 2401 4307 Sic
2433 4251 2577 4307 enim
2605 4260 2658 4306 et
2686 4261 2929 4307 amantes
2970 4253 3261 4311 liberorum
3309 4273 3402 4327 pa—

1815 4354 1926 4400 tres
1954 4344 2154 4400 faciunt
2178 4365 2190 4400 :
2222 4359 2327 4399 non
2358 4345 2532 4400 solum
2559 4360 2621 4399 ea
2650 4360 2772 4414 qua:
2797 4344 2863 4399 ad
2899 4344 3061 4401 breve
3082 4356 3290 4417 tempus
3308 4349 3403 4405 de-

1815 4437 2030 4505 lectant,
2051 4452 2236 4492 verum
2263 4438 2421 4493 etiam
2449 4451 2569 4508 quae
2595 4435 2893 4491 molestiam
2916 4436 3146 4493 aﬁ‘crunt
3167 4438 3288 4493 ﬁliis
3307 4441 3403 4495 ad-

1811 4529 2036 4593 hibent;
2092 4544 2195 4584 nee
2233 4544 2295 4583 ea
2329 4530 2489 4583 modo
2530 4527 2846 4597 praecipiunt
2892 4528 3008 4594 eis,
3055 4544 3174 4598 qute
3219 4531 3402 4586 statim

1814 4621 2106 4676 ostendunt
2133 4621 2412 4675 utilitatem
2433 4660 2449 4685 ,
2482 4618 2575 4673 sed
2611 4634 2959 4690 quaecumque
3009 4619 3259 4675 videntur
3284 4621 3404 4691 qui.

1814 4714 1937 4769 dem
1967 4726 2090 4767 esse
2115 4712 2358 4777 molesta,
2381 4710 2635 4764 salutaria
2664 4717 2842 4765 tamen
2867 4717 3016 4778 sunt,
3045 4711 3088 4765 si
3123 4711 3404 4781 perﬁcian-

1816 4815 1919 4867 tur,
1953 4813 2007 4858 et
2034 4801 2149 4857 hrcc
2176 4800 2340 4855 multa
2369 4816 2495 4854 cura
2528 4799 2745 4865 docent,
2769 4799 3156 4871 diligenterque
3181 4808 3403 4871 exigunt

1814 4895 1883 4951 ab
1902 4895 1980 4950 eis
2008 4903 2065 4948 ut
2103 4902 2400 4948 serventur.
2435 4892 2611 4961 Atque
2639 4890 2782 4946 hunc
2818 4905 3122 4947 sermonem
3148 4892 3403 4963 produci-

1816 5002 1956 5053 mus,
1988 5000 2056 5040 ne
2097 4992 2412 5056 praesentem
2454 4982 2689 5039 laborem
2735 4984 2926 5039 frustra
2956 4984 3306 5051 insumamus,
3334 4999 3403 5042 ne

1880 5144 1897 5176 ι
1933 5143 2073 5206 alin,
2120 5139 2324 5206 Spiritus
2364 5140 2674 5206 beneplucilo.
2714 5150 2820 5193 Mss.
2858 5143 2967 5195 fere
2994 5157 3168 5196 oumes
3198 5145 3401 5206 habent,

1815 5211 2011 5271 paterno
2031 5204 2323 5271 betteptacito
2346 5241 2359 5265 ,
2379 5213 2441 5271 _et
2462 5206 2532 5253 sic
2555 5204 2677 5271 le,,it
2719 5212 2954 5271 Erasmus,
2981 5220 3189 5271 eamque
3214 5221 3302 5259 nos
3326 5204 3401 5258 le;

1814 5266 2025 5342 etionem
2047 5266 2570 5342 adomamtts_qertpm
2591 5266 2775 5330 quippe
2800 5269 2991 5317 videtur

1815 5338 1920 5393 tres
1956 5341 2189 5393 personas
2220 5329 2462 5379 Trinitatis
2482 5328 2561 5377 hic
2581 5328 2965 5393 conﬁnemorare
2997 5328 3228 5392 voluisse,
3258 5338 3312 5381 ut
3335 5345 3401 5381 ex

1815 5390 2156 5453 serie'liquet.
2191 5397 2289 5440 Duo
2332 5396 2439 5439 ttss.
2466 5396 2633 5453 totum
2664 5390 2824 5440 locum
2855 5394 2925 5441 sic
2946 5391 3129 5443 habent
3153 5390 3271 5441 :.....
3295 5393 3403 5453 Spi-

1815 5452 1937 5503 ritus
1958 5450 2151 5516 satietas
2186 5450 2529 5516 congregavit;
2548 5451 2675 5516 hunc
2707 5465 2874 5503 vocum
2890 5458 3213 5516 concentum,
3240 5450 3404 5515 pater-

1815 5527 1928 5573 num
1950 5512 2299 5576 benepiacituni
2315 5512 2567 5576 cooptavit,
2585 5513 2654 5564 ita
2676 5521 2726 5564 ut
2747 5527 2775 5565 e
2791 5514 2923 5567 antis
2944 5515 3129 5576 trabea,
3160 5512 3256 5567 etc.

1826 5580 1856 5646 Ἀ
1880 5579 1899 5609 ³
1929 5574 2162 5636 Quidam:
2211 5584 2277 5646 {ve
2316 5574 2465 5639 igitur
2499 5588 2590 5646 nos
2625 5576 2828 5646 (ardeat,
2858 5576 3045 5646 dilecti.
3078 5574 3290 5643 inopiam
3316 5591 3401 5629 uo-

1815 5644 1983 5707 stram,
2008 5650 2118 5701 qua:
2139 5638 2335 5707 quidem
2373 5638 2592 5707 maxima
2630 5644 2719 5701 est,
2756 5640 3039 5690 modestiam
3069 5648 3115 5693 α
3138 5638 3402 5705 έθηεινωυη

1818 5699 2093 5752 adhibemcs
2107 5700 2428 5764 attentionem,
2452 5699 2649 5752 satiare.
