3696 6278
290 276 361 333 99
1022 247 1082 305 S.
1124 242 1402 304 JOANNIS
1428 232 1912 301 CHRYSOSTOMI
1952 230 2270 303 ARCﬂlEP.
2311 232 2846 305 CONSTANTINOP.

272 380 596 439 sustinentes
623 372 812 445 vigilite
838 368 1212 427 necessitatem
1252 363 1513 420 inutiliter
1540 360 1593 415 in
1623 356 1857 429 pugilum

271 471 567 532 certamine
592 481 890 528 versentur,
920 477 990 517 ne
1016 472 1179 515 voces
1200 458 1253 512 in
1272 470 1451 513 aerem
1492 452 1767 513 dissolutae
1792 448 1858 507 ad

271 566 653 622 detrimentum
691 568 883 615 sonent
908 556 1085 626 petitis
1107 595 1122 619 ,
1150 567 1310 621 quam
1336 549 1402 604 ad
1432 548 1657 602 lucrum.
1679 543 1861 613 Neque

270 662 415 717 enim
437 655 736 727 negotiator
773 666 805 707 e
834 650 1120 718 longinquo
1167 657 1376 700 merces
1420 641 1735 709 importans,
1764 650 1860 689 ve-

273 751 581 805 hementem
610 752 893 798 ventorum
926 740 1199 794 incursum
1227 734 1596 802 undarumque
1617 728 1863 784 exorien-

270 844 403 895 tium
438 836 695 908 procellas
726 832 1011 891 sustinens,
1041 827 1231 883 frustra
1258 834 1310 881 et
1331 825 1597 879 incassum
1619 818 1862 890 suscipe-

274 941 359 987 ret
382 925 643 1000 ejusmodi
674 924 887 978 labores
922 943 934 977 :
968 934 1156 975 verum
1211 917 1330 972 ideo
1372 916 1541 970 maria
1570 912 1777 975 sulcat,
1807 917 1863 965 et

273 1023 453 1079 audax
489 1029 571 1075 est
594 1018 850 1074 adversus
874 1014 1127 1085 pericula,
1144 1012 1368 1079 locaque
1394 1007 1525 1061 locis
1544 1010 1859 1066 commutat,

277 1125 522 1183 totasque
561 1120 745 1166 noctes
774 1107 917 1162 ducit
939 1105 1209 1159 insomnes
1233 1144 1245 1165 ,
1279 1111 1337 1154 ut
1381 1096 1739 1169 negotiatione
1782 1093 1865 1147 di-

282 1216 470 1266 t'escat.
495 1204 646 1273 Quod
672 1203 719 1259 si
750 1216 854 1257 non
885 1200 1189 1268 contingat,
1218 1195 1313 1250 sed
1341 1208 1460 1249 cum
1505 1193 1656 1247 lucro
1701 1188 1864 1242 etiam

275 1302 439 1359 sortis
462 1300 724 1371 iacturam
769 1294 963 1358 faciat,
992 1306 1064 1346 ne
1105 1289 1314 1345 solvere
1354 1284 1568 1355 quidem
1611 1293 1861 1336 ancoram

277 1393 490 1465 poterit,
518 1405 616 1444 nec
649 1388 736 1443 illa
763 1386 910 1441 varia
938 1384 1178 1454 perferre
1207 1378 1540 1434 discrimina.

339 1487 396 1541 2.
424 1483 638 1539 Muralis
667 1478 964 1535 exhortatio.
985 1473 1330 1541 Quorumdam
1355 1467 1669 1538 incompositi
1696 1472 1866 1536 gestus

275 1580 329 1633 in
357 1576 584 1632 ecclesia.
615 1602 687 1615 —-
712 1572 823 1625 Hoc
868 1570 1046 1637 itaque
1081 1566 1333 1627 scientes,
1366 1576 1486 1616 cum
1513 1552 1735 1613 decente
1762 1556 1866 1609 cir-

277 1666 676 1738 cumspeetione
703 1663 808 1718 huc
830 1659 1169 1722 accedamus,
1198 1670 1266 1711 ne
1291 1668 1387 1724 pro
1418 1659 1757 1721 peccatorum
1780 1661 1868 1703 re-

276 1760 534 1817 missione
562 1757 721 1811 etiam
748 1743 1109 1809 acc'essionem
1146 1746 1379 1818 peccatis
1419 1744 1724 1814 adiunctam
1767 1738 1864 1793 do-

278 1868 427 1917 mum
444 1848 756 1905 referamus.
774 1843 909 1913 Quid
934 1851 1112 1896 autem
1134 1848 1215 1895 est
1239 1837 1381 1908 quod
1404 1835 1676 1906 quaeritur,
1696 1830 1868 1902 quod-

279 1959 387 2014 que
429 1958 461 1996 a
508 1939 661 1995 nobis
713 1933 1057 2006 reposcitur?
1108 1931 1174 1988 Ut
1218 1930 1343 1985 dum
1374 1927 1585 1983 divinos
1635 1925 1865 1996 hymnos

281 2035 594 2105 omittimus,
633 2029 803 2085 multo
846 2036 1079 2083 tremore
1122 2020 1403 2086 contracti,
1431 2018 1704 2087 multaque
1734 2016 1863 2072 reli-

278 2131 436 2199 gione
464 2124 656 2187 ornati.
691 2122 762 2177 ita
808 2120 1024 2176 demum
1066 2131 1159 2177 eos
1208 2114 1516 2171 oneramus.
1569 2109 1702 2165 Nam
1740 2114 1868 2163 sunt

277 2219 496 2292 quidam
524 2219 662 2271 inter
686 2228 780 2269 eos
807 2212 894 2282 qui
927 2210 1013 2265 hic
1037 2208 1251 2272 adsunt,
1280 2221 1414 2278 quos
1434 2218 1508 2259 ne
1532 2210 1726 2259 vestrae
1749 2200 1872 2269 qui-

278 2313 406 2379 dem
439 2306 642 2364 caritati
669 2304 903 2361 arbitror
931 2316 1050 2357 esse
1075 2300 1285 2370 ignotos
1307 2338 1324 2363 ,
1349 2295 1437 2367 qui
1464 2301 1870 2351 contemnentes

287 2405 480 2469 Deum,
507 2415 571 2457 ac
608 2398 839 2471 Spiritus
877 2395 1089 2466 eloquia
1133 2407 1231 2463 pro
1260 2389 1566 2461 vulgaribus
1601 2402 1666 2443 ac
1692 2384 1870 2456 profa-

283 2500 370 2554 nis
403 2497 678 2562 ducentes,
704 2491 1086 2561 incompositas
1114 2501 1276 2543 voces
1305 2487 1572 2550 emittunt,
1598 2483 1868 2553 nihiloque

282 2589 474 2645 melius
499 2602 557 2643 se
575 2592 786 2656 gerunt,
808 2597 965 2653 quam
992 2579 1269 2653 lymphati,
1298 2585 1407 2633 toto
1430 2584 1655 2647 corpore
1676 2572 1872 2629 tumul-

285 2688 497 2738 tuantes
519 2694 583 2734 ac
619 2675 950 2739 circumacti,
980 2688 1266 2744 moresque
1306 2688 1419 2743 prae
1467 2686 1529 2727 se
1565 2669 1799 2725 ferentes
1837 2682 1869 2721 a

284 2771 545 2843 Spirituali
572 2769 801 2826 statione
826 2767 1050 2823 alienos.
1075 2765 1232 2820 Miser
1249 2774 1305 2819 et
1330 2763 1516 2819 infelix
1542 2762 1556 2817 l
1584 2760 1871 2832 oportebat

280 2875 338 2918 te
363 2879 484 2919 cum
507 2872 742 2917 tremore
767 2874 830 2915 ac
859 2858 1159 2915 reverentia
1199 2856 1492 2927 angelicam
1528 2852 1872 2925 glorificatio—

286 2964 409 3011 nem
435 2952 704 3019 emittere,
736 2964 965 3018 cumque
992 2958 1197 3004 terrore
1226 2945 1619 3001 confessionem
1644 2942 1868 2998 reddere

284 3046 581 3111 Couditori,
604 3059 667 3100 ac
694 3058 786 3114 per
816 3041 953 3096 hanc
977 3040 1294 3096 delictorum
1324 3037 1533 3091 veniam
1562 3036 1866 3107 postulare:

284 3150 344 3195 tu
368 3152 501 3195 vero
527 3137 811 3191 mimorum
836 3142 899 3199 et
914 3132 1231 3187 saltatorum
1262 3143 1438 3184 mores
1470 3128 1575 3183 huc
1619 3126 1826 3181 inducis
1851 3164 1867 3192 ,

289 3231 419 3285 dum
442 3227 753 3284 indecenter
778 3240 967 3280 manus
984 3222 1178 3294 jactas,
1209 3220 1434 3292 pedibus
1464 3218 1733 3276 subsultas
1751 3258 1768 3285 ,
1794 3225 1875 3272 to-

280 3331 449 3391 toque
464 3317 837 3387 circumagcris
856 3328 1106 3385 corpore.
1132 3313 1198 3368 Et
1216 3312 1305 3384 qui
1325 3312 1401 3377 lit,
1422 3320 1481 3367 ut
1510 3325 1616 3365 non
1642 3318 1869 3374 metuas,

290 3424 465 3479 neque
491 3408 772 3463 horrescas
800 3405 914 3459 bzec
939 3403 1141 3459 audens
1175 3403 1437 3458 adversus
1456 3401 1580 3456 talia
1619 3400 1887 3470 eloquia?

288 3502 403 3557 Non
425 3501 628 3570 cogitas
672 3500 844 3568 ipsum
872 3497 957 3553 hic
984 3496 1318 3551 invisibiliter
1343 3494 1535 3550 adesse
1564 3493 1872 3559 Dominum,

290 3592 382 3662 qui
434 3588 851 3659 uniuscujusque
901 3594 1104 3642 motum
1153 3585 1488 3653 metitur,et
1528 3584 1873 3641 conscientia:

291 3682 560 3738 rationem
585 3678 785 3733 habet?
816 3692 921 3733 non
952 3677 1156 3747 cogitas
1184 3676 1402 3746 angelos
1429 3676 1555 3731 huic
1596 3674 1877 3745 stupendae

292 3777 544 3830 assistere
572 3785 811 3837 mensae,
859 3784 1086 3839 cumque
1128 3770 1426 3827 reverentia
1470 3768 1609 3825 hanc
1647 3769 1880 3824 circum-

294 3864 539 3920 vallare?
571 3862 772 3919 Verum
794 3869 848 3916 tu
874 3859 975 3916 ista
1000 3875 1107 3916 non
1129 3860 1352 3931 cogitas,
1383 3860 1631 3931 quoniam
1663 3874 1727 3916 ea
1756 3870 1876 3929 qna:

294 3961 348 4014 in
379 3956 601 4017 theatris
644 3954 966 4019 audiuntur,
1011 3968 1238 4023 qumque
1273 3961 1601 4023 spectantur,
1642 3962 1887 4007 mentem

295 4064 440 4107 tuam
470 4046 922 4120 obscurarunt(a)
950 4060 965 4098 :
995 4054 1050 4102 et
1075 4045 1197 4103 ideo
1222 4060 1342 4117 quae
1380 4046 1488 4101 illic
1526 4054 1787 4116 geruntur
1826 4046 1877 4099 in

300 4139 558 4207 Ecclesiae
571 4140 707 4195 ritus
726 4140 967 4197 inducis:
1000 4136 1123 4194 ideo
1148 4136 1472 4194 clamoribus
1497 4137 1628 4192 nihil
1648 4136 1781 4192 certi
1808 4140 1885 4191 si-‘

294 4232 666 4305 gniﬁeantibus
693 4231 928 4286 animum
956 4229 1364 4300 incompositum
1383 4228 1620 4300 evulgas.
1648 4229 1883 4298 Quomo-

294 4328 363 4382 do
378 4339 507 4395 ergo
525 4323 733 4379 veniam
749 4322 1041 4393 postulabis
1062 4332 1271 4377 tuorum
1291 4321 1629 4379 delictorum?
1644 4323 1879 4390 Quomo-

297 4420 369 4473 do
394 4418 461 4472 ad
490 4414 915 4472 misericordiam
953 4414 1237 4469 Dominum
1278 4413 1541 4481 innectes,
1586 4418 1676 4485 qui
1709 4431 1882 4486 usque

301 4512 437 4567 adeo
461 4508 813 4578 contemptim
838 4506 1030 4561 oﬂ'eras
1057 4507 1464 4576 precationem?
1489 4507 1729 4563 Miserere
1756 4509 1877 4575 mei,

299 4601 458 4664 Deus,
492 4599 687 4669 inquis,
714 4612 778 4652 ac
802 4613 981 4652 mores
1008 4613 1039 4652 a
1081 4597 1450 4653 misericordia
1474 4598 1678 4653 alienos
1705 4599 1886 4655 decla-

300 4709 409 4749 ras.
428 4691 660 4756 Clamas,
692 4689 851 4749 Serva
874 4706 979 4755 me,
1019 4699 1075 4745 et
1113 4689 1356 4760 corporis
1394 4692 1628 4759 speciem
1657 4706 1687 4745 a
1713 4692 1885 4747 salute

299 4788 530 4844 alienam
558 4784 836 4855 exprimis.
865 4783 1003 4852 Quid
1059 4782 1125 4837 ad
1168 4782 1573 4853 supplicandum
1603 4783 1885 4840 conferunt

301 4893 511 4945 manus,
535 4893 656 4947 qua:
676 4891 892 4947 semper
919 4876 970 4930 in
999 4874 1224 4930 sublime
1242 4875 1527 4942 jactantur,
1555 4884 1608 4930 et
1634 4875 1887 4931 indecore

301 4972 757 5038 circumaguntur,
786 4966 913 5036 quid
936 4967 1141 5021 clamor
1166 4966 1477 5033 vehemens,
1513 4967 1603 5038 qui
1630 4983 1753 5023 cum
1774 4968 1886 5024 vio-

306 5064 450 5118 lento
472 5061 691 5131 spiritus
718 5059 947 5129 impulsu
973 5059 1252 5130 strepitum
1283 5060 1439 5115 habet
1468 5060 1600 5115 nihil
1632 5061 1762 5115 certi
1794 5061 1885 5116 de-

307 5151 643 5225 clarantem?
694 5153 885 5207 Annon
951 5150 1049 5206 ista
1095 5151 1308 5220 quidem
1365 5151 1556 5222 partim
1599 5152 1885 5210 mulierum

306 5246 359 5299 in
407 5244 576 5299 triviis
626 5243 979 5298 meretriciam
1027 5254 1197 5299 artem
1235 5245 1642 5311 exercentium,
1693 5246 1886 5315 partim

306 5352 434 5394 vero
459 5349 666 5402 eorum,
689 5335 777 5406 qui
805 5335 857 5390 in
885 5334 1106 5391 theatris
1136 5333 1512 5402 vociferantur,
1524 5346 1647 5391 sunt
1674 5351 1835 5407 opera
1862 5337 1887 5392 ?

306 5428 584 5495 Quomodo
606 5428 766 5499 igitur
781 5428 944 5482 audes
964 5428 1270 5499 angelorum
1293 5429 1458 5483 Deum
1482 5427 1888 5499 glorificantium

310 5521 520 5593 hymnis
541 5521 857 5576 dmmonum'
871 5520 1165 5577 admiscere
1187 5518 1414 5576 ludicra?
1426 5518 1690 5591 quomodo
1711 5531 1888 5575 autem

372 5612 446 5673 (a)
480 5614 564 5676 ttic
597 5614 814 5676 exagitat
838 5625 924 5663 eos
945 5614 1029 5676 qui
1052 5613 1241 5664 theatra
1289 5620 1340 5663 et
1382 5600 1568 5663 Circum
1604 5611 1889 5676 frequenta-

312 5672 456 5739 bant;
481 5672 769 5739 bene_uuilti
794 5672 1260 5729 autem'Antioehite
1305 5682 1462 5736 erant,
1495 5686 1617 5738 quos
1649 5672 1891 5739 perpetuo

311 5738 575 5787 insectatur
596 5734 974 5797 Chrysostomus.

3453 213 3551 269 Μ’)

1968 367 2075 407 non
2105 354 2371 409 revereris
2396 353 2535 410 hanc
2560 369 2765 417 vocem,
2790 368 2949 424 quam
2971 352 3081 409 illic
3103 350 3332 423 profers,
3365 352 3557 408 Servite

1966 442 2187 499 Domino
2212 447 2264 499 in
2277 446 2470 512 timore,
2502 455 2548 499 et
2587 446 2833 501 exsultate
2858 446 2905 500 ei
2932 461 3046 499 cum
3077 454 3287 499 tremore
3312 443 3486 514 (Paul.
3498 444 3557 502 Ξ.

1968 535 2026 589 ll
2039 535 2086 605 )‘l
2105 535 2336 591 Hoccine
2352 546 2436 591 est
2461 551 2581 590 cum
2611 544 2843 591 tremore
2864 536 3086 601 servire,
3110 537 3188 590 sic
3212 536 3431 590 dill‘undi
3450 536 3563 590 dis-

1967 627 2242 696 tendique,
2265 637 2317 679 ut
2351 642 2449 682 nec
2476 628 2590 698 ipse
2615 628 2771 693 scias,
2795 643 2914 698 qua:
2937 628 3172 699 loquaris
3204 628 3561 698 incomposito

1964 715 2111 770 vocis
2133 716 2332 771 boatu?
2359 716 2503 771 Istud
2532 733 2660 773 vero
2681 726 3020 788 contemptus
3040 727 3143 785 est,
3172 733 3279 772 non
3309 719 3519 772 timoris
3543 734 3560 782 ;

1965 810 2301 878 arrogantim,
2336 824 2443 863 non
2474 810 2823 875 humilitatis;
2851 809 2989 864 istud
3028 808 3322 864 ludentium
3350 819 3434 864 est
3464 825 3561 879 po-

1965 898 2091 983 tius,
2139 914 2297 969 quam
2328 901 2537 955 divinas
2565 900 2749 957 laudes
2797 901 3201 957 celebrantium.
3244 902 3381 971 Quid
3430 919 3565 970 ergo

1969 992 2172 1046 servire
2215 991 2441 1046 Domino
2486 993 2540 1049 in
2584 993 2806 1048 timore?
2846 992 2977 1048 Cum
3029 1008 3188 1049 omne
3231 1004 3563 1065 praeceptum

1966 1081 2366 1153 perfecerimus,
2392 1098 2516 1138 cum
2546 1093 2778 1139 tremore
2819 1093 2875 1139 et
2919 1093 3064 1139 metu
3092 1084 3231 1140 hanc
3257 1085 3568 1141 confessio-

1968 1188 2089 1229 nem
2121 1175 2315 1240 faeere,
2354 1175 2519 1231 corde
2547 1176 2781 1230 contrito
2821 1184 3105 1245 menteque
3140 1174 3406 1231 submissa
3432 1191 3569 1244 pre-ﬁ

1966 1281 2058 1323 ces
2103 1266 2317 1321 offerre.
2367 1266 2477 1323 Nec
2522 1266 2696 1322 solum
2749 1267 2955 1323 servire
3001 1267 3054 1322 in
3112 1268 3322 1333 timore,
3371 1281 3560 1331 verum

1967 1362 2126 1417 etiam
2168 1361 2443 1416 exsultare
2487 1375 2609 1416 cum
2656 1369 2890 1416 tremore
2930 1360 3160 1430 Spiritus
3199 1369 3416 1435 sanctus
3459 1374 3564 1431 per

1966 1442 2279 1526 prophetam
2306 1454 2479 1521 jubet.
2511 1451 2644 1506 Nam
2675 1454 2927 1523 quoniam
2952 1451 3204 1522 prmeepti
3232 1454 3554 1522 exsequutio

1966 1545 2216 1615 gaudium
2242 1544 2464 1614 gignere
2494 1543 2633 1598 solet
2663 1544 2715 1597 in
2742 1544 2922 1597 animo
2946 1543 3194 1597 virtutem
3233 1545 3559 1611 exercentis,

1966 1649 2022 1695 et
2066 1637 2224 1705 hanc,
2272 1637 2462 1708 inquit,
2507 1636 2898 1693 confessionem
2936 1650 3056 1690 cum
3105 1644 3338 1693 tremore
3381 1634 3563 1691 facere

1967 1728 2241 1795 convenit,
2272 1743 2341 1783 ne
2366 1728 2410 1799 si
2438 1727 2684 1795 deposito
2733 1735 2880 1782 metu
2919 1725 3309 1782 conluudamur
3337 1741 3399 1781 ac
3440 1727 3573 1782 dis-.

1967 1806 2257 1886 Solvamur,
2294 1819 2452 1873 simul
2497 1827 2553 1874 et
2603 1819 2844 1873 laborum
2884 1818 3147 1889 jacturam
3190 1816 3467 1883 faciamus,
3504 1826 3567 1872 et

1972 1912 2136 1969 Deum
2165 1912 2218 1966 in
2242 1926 2343 1967 nos
2371 1926 2744 1982 provocemus.
2773 1910 2880 1967 Sed
2904 1909 3194 1982 quomodo,
3222 1912 3414 1981 inquis,
3442 1912 3585 1966 fieri.

1971 2012 2170 2073 potest,
2199 2010 2257 2057 ut
2282 2002 2657 2079 quisexsultet
2685 2018 2805 2058 cum
2837 2003 3108 2058 tremore?
3148 2000 3280 2057 Nam
3311 2003 3567 2073 impossi-

1971 2095 2075 2149 bile
2103 2104 2187 2149 est
2211 2093 2369 2149 simul
2398 2093 2512 2149 haec
2541 2093 2646 2148 duo
2671 2093 2937 2160 accidere,
2967 2108 3090 2149 eum
3133 2093 3270 2147 inter
3300 2092 3413 2147 lucc
3439 2090 3571 2164 plu-

1972 2189 2105 2241 rima
2133 2187 2205 2242 sit
2242 2186 2565 2243 differentia.
2608 2185 2871 2241 Gaudium
2896 2188 3038 2241 enim
3069 2193 3153 2240 est
3196 2199 3406 2251 eorum,
3434 2198 3563 2255 qua:

1971 2266 2241 2336 desiderat
2288 2280 2521 2346 animus,
2573 2279 2828 2349 expletio,
2872 2292 3161 2349 rerumque
3203 2277 3569 2347 jucundarum

1971 2373 2172 2438 fruitio,
2213 2372 2651 2449 ac_molestarum
2693 2371 2927 2436 oblivio;
2969 2380 3144 2426 metus
3166 2380 3344 2425 autem
3369 2385 3572 2438 exspe—

1970 2474 2234 2541 ctaturum
2273 2464 2534 2519 malorum
2564 2463 2834 2530 incursus,
2866 2463 3045 2518 oriens
3082 2460 3337 2517 adversus
3361 2459 3574 2516 conde-

1972 2548 2205 2615 mnatam
2249 2558 2655 2613 conscientiam.
2710 2555 2991 2624 Quomodo
3019 2556 3173 2625 igitur
3218 2552 3343 2609 licet
3370 2552 3567 2609 exsul-

1973 2662 2088 2708 tare
2127 2666 2249 2708 cum
2287 2650 2496 2718 timore,
2545 2665 2646 2706 nec
2683 2649 2995 2720 simpliciter
3040 2661 3161 2703 cum
3208 2646 3417 2710 timore,
3465 2646 3569 2700 sed

1972 2744 2133 2800 etiam
2175 2758 2297 2798 cum
2338 2751 2594 2808 tremore,
2626 2741 2719 2811 qui
2762 2750 2849 2796 est
2878 2740 3084 2795 timoris
3113 2737 3476 2805 vehementia,
3507 2746 3573 2792 et

1973 2834 2273 2892 immodica:
2301 2833 2578 2905 cujusdam
2605 2830 2888 2888 anxietatis
2914 2829 3162 2905 signum?
3510 2824 3513 2829 ’

2046 2927 2302 2995 Quantum
2329 2925 2571 2997 gaudium
2612 2921 2798 2991 aferat
2836 2921 3110 2992 Seraphim
3143 2920 3318 2992 [milia
3359 2919 3574 2975 visionis

1976 3020 2205 3089 Domini,
2231 3031 2279 3075 et
2305 3035 2396 3074 cur
2411 3017 2539 3073 illud
2559 3017 2802 3091 gaudium
2825 3024 2959 3069 metu
2978 3017 3041 3070 sit
3066 3014 3299 3068 mixtum.
3325 3042 3395 3052 —
3414 3012 3574 3081 Quo-

1976 3114 2136 3169 modo
2184 3114 2364 3184 igitur,
2396 3111 2591 3181 inquis,
2626 3109 2730 3164 boc
2757 3109 2884 3164 fiet?
2923 3108 3040 3180 Ipsa
3087 3116 3139 3163 le
3165 3105 3445 3177 Serapbim
3474 3106 3577 3163 do-

1976 3215 2120 3273 cent,
2152 3220 2269 3275 qua:
2297 3219 2357 3259 re
2385 3205 2499 3275 ipsa
2531 3203 2619 3257 tali
2650 3201 2948 3257 ministerio
2973 3199 3283 3272 funguntur.
3318 3198 3449 3254 Nam
3474 3202 3574 3254 illa

1978 3296 2231 3354 ineﬂ'abili
2266 3296 2434 3367 gloria
2472 3293 2776 3350 Conditoris
2807 3294 3075 3361 fruuntur,
3103 3291 3228 3347 dum
3258 3292 3574 3362 incompre-

1978 3388 2293 3461 hensibilem
2321 3387 2438 3458 ejus
2465 3385 2916 3457 pulchritudinem
2959 3384 3392 3457 contemplantur
3416 3401 3431 3438 :
3455 3399 3574 3439 non

1977 3481 2098 3539 dico
2137 3480 2283 3536 illam
2314 3490 2373 3535 ut
2397 3488 2481 3534 est
2510 3490 2698 3536 natura
2726 3478 2863 3548 (haec
2888 3478 3030 3533 enim
3070 3475 3424 3547 incogitabilis
3458 3482 3572 3543 est,

1980 3588 2079 3630 nec
2116 3571 2347 3641 spectari
2384 3578 2593 3641 potest,
2627 3584 2729 3625 nec
2757 3569 2924 3640 ﬁgura
2954 3567 3203 3639 exprimi.
3241 3566 3573 3623 absurdum-

1980 3682 2083 3737 que
2108 3663 2294 3721 estsic
2318 3663 2386 3718 de
2416 3663 2503 3717 illa
2537 3661 2767 3732 opinari)
2795 3678 2811 3728 ;
2849 3661 2945 3717 sed
2973 3670 3227 3731 quantum
3253 3674 3579 3717 concessum

1978 3767 2082 3826 est,
2123 3766 2380 3828 quantum
2426 3771 2493 3810 ex
2542 3755 2637 3812 illo
2681 3754 2971 3826 splendore
3025 3762 3251 3824 possunt
3284 3753 3575 3809 illustrari.

1980 3848 2244 3916 Quoniam
2284 3847 2431 3902 enim
2469 3845 2684 3901 assidue
2712 3843 3039 3899 famulantur
3080 3844 3133 3898 in
3173 3843 3399 3900 circuitu
3441 3843 3580 3900 solii

1980 3940 2195 4011 regalis,
2244 3938 2298 3992 in
2326 3936 2441 4008 jugi
2485 3935 2679 4007 gaudio
2720 3943 3088 4006 perseverant,
3145 3935 3198 3989 in
3243 3934 3580 4005 sempiterna

1982 4032 2359 4100 delectatione,
2420 4031 2473 4085 in
2522 4030 2885 4085 exsultatione
2939 4028 3100 4085 linem
3148 4044 3255 4083 non
3300 4027 3579 4095 habitura,

1982 4124 2290 4196 gaudentia,
2334 4121 2608 4188 saltantia,
2648 4123 2780 4177 citra
2818 4121 2987 4177 ullum
3035 4121 3305 4176 silentium
3342 4119 3581 4190 gloriam

1984 4218 2251 4275 canentia.
2278 4214 2414 4272 Nam
2454 4225 2599 4272 stare
2636 4216 2691 4271 in
2731 4222 3023 4284 conspectu
3066 4211 3360 4283 majestatis
3400 4210 3581 4276 illius,

1983 4311 2157 4381 deque
2185 4307 2472 4379 splendore
2498 4306 2649 4363 illinc
2678 4305 2975 4377 refulgente
3002 4302 3311 4368 illuminari,
3338 4302 3441 4357 hoc
3465 4301 3586 4358 illis

1986 4412 2072 4460 est
2109 4400 2384 4473 gaudium,
2412 4398 2517 4454 hoc
2559 4398 2665 4454 illis
2711 4406 2794 4453 est
2840 4397 3140 4462 exsultatio,
3177 4394 3279 4452 hoc
3302 4393 3583 4463 voluptas,

1986 4496 2091 4552 hoc
2113 4494 2347 4564 denique
2389 4492 2580 4563 gloria.
2618 4491 2888 4546 Fortassis
2917 4491 3161 4547 sensiStis
3190 4486 3388 4559 aliquid
3414 4486 3589 4541 volu-

1988 4586 2168 4658 piatis,
2196 4595 2253 4641 et
2276 4583 2540 4653 cupiditas
2561 4582 2806 4654 quaedam
2827 4582 2973 4638 illius
3000 4581 3186 4652 gloria:
3209 4595 3306 4637 vos
3334 4580 3499 4649 cepit.

2051 4678 2107 4733 5.
2146 4676 2215 4731 At
2241 4674 2287 4731 si
2314 4674 2486 4731 velitis
2508 4674 2882 4730 adhortantem
2913 4672 3118 4739 audire,
3146 4678 3603 4744 praesentemque.

1987 4768 2169 4840 gloria:
2190 4766 2386 4822 divinae
2420 4765 2838 4822 celebrationem
2878 4765 3126 4835 religiose
3154 4777 3433 4833 peragere,
3464 4776 3599 4819 non

1989 4859 2243 4916 destituet
2264 4872 2361 4913 vos
2390 4856 2695 4928 hujusmodi
2721 4855 2996 4927 gaudium,
3023 4854 3289 4925 siquidem
3334 4853 3448 4924 ipso
3492 4866 3596 4913 est

1989 4950 2081 5007 ille
2108 4950 2389 5016 Dominus,
2414 4942 2591 5019 quiet
2615 4948 2669 5002 in
2694 4948 2840 5003 caelis
2870 4956 2925 5003 et
2953 4947 3006 5002 in
3034 4948 3192 5002 terris
3212 4946 3586 5017 glorificatur;

1991 5041 2141 5097 Pleni
2170 5050 2286 5096 sunt
2313 5040 2455 5095 enim
2500 5040 2613 5094 εωιὶ
2640 5049 2689 5094 et
2714 5049 2849 5114 terra
2877 5038 3043 5111 gloria
3068 5039 3181 5109 ejus
3217 5036 3370 5110 (laci.
3403 5037 3458 5094 6.
3493 5038 3587 5107 ὃ).

1990 5131 2269 5199 Quomodo
2296 5132 2354 5185 fit
2399 5131 2583 5201 igitur,
2617 5140 2675 5185 ut
2702 5131 2790 5186 illa
2814 5129 3119 5201 Seraphim,
3152 5145 3273 5186 cum
3311 5130 3590 5201 ejusmodi

1988 5226 2260 5295 voluptate
2285 5224 2548 5292 fruantur,
2581 5224 2718 5280 hanc
2747 5239 2869 5279 cum
2896 5224 3084 5278 timore
3110 5224 3367 5279 misceant
3388 5225 3411 5277 Ἰ
3436 5224 3590 5282 Audi

1991 5319 2117 5391 quid
2144 5318 2282 5377 dicat
2302 5319 2563 5390 propheta
2596 5336 2610 5372 :
2644 5318 2760 5373 Vidi
2780 5317 3059 5373 Dominum
3082 5318 3335 5372 sedentem
3366 5316 3419 5369 in
3447 5316 3599 5370 solio

1994 5410 2187 5467 excelso
2213 5420 2260 5464 et
2281 5410 2493 5466 elevato.
2523 5409 2693 5478 Quam
2721 5409 2791 5469 ob
2816 5424 3031 5467 causam
3067 5423 3187 5465 cum
3217 5409 3444 5464 dixisset
3469 5408 3596 5464 Ex-

1994 5505 2212 5568 celsum,
2245 5502 2461 5575 adjecit,
2493 5503 2809 5561 Elevatum?
2843 5519 3020 5558 annon
3047 5502 3175 5557 satis
3210 5510 3326 5556 erat
3354 5516 3448 5573 per
3468 5502 3603 5557 cel-

1993 5594 2281 5651 situdinem
2305 5610 2420 5650 rem
2449 5603 2615 5650 totam
2642 5594 2961 5668 significare,
2994 5592 3601 5663 declararequedigni-

1995 5689 2117 5745 tatis
2143 5689 2528 5745 eminentiam?
2570 5703 2737 5760 quare
2766 5701 2896 5760 ergo
2942 5685 3169 5745 addidit,
3186 5678 3495 5736 Elevatum?
3519 5684 3603 5744 Ut
