3696 6278
125 277 174 333 in
1083 271 1148 328 IN
1189 269 1409 338 ILLUD,
1451 263 1586 323 VlDl
1627 263 1954 338 DOMINUM,
1995 267 2222 326 llOMlL.
2264 270 2302 326 t.

123 398 243 453 salem
274 387 874 459 ineomprehensibilem
917 389 1331 445 demonstraret.
1381 384 1637 454 Quando.

121 484 262 555 quidem
299 481 428 551 apud
458 495 560 537 nos
603 483 759 554 quod
803 481 1072 538 excelsum
1111 489 1195 535 est
1261 477 1640 548 cogitationem

122 576 322 652 quamdam
347 573 550 646 praebet
589 575 1017 646 comparationis
1061 572 1129 627 ad
1173 587 1235 626 ea
1264 587 1383 642 quae
1412 568 1638 625 humilia

119 679 194 726 sunt
229 680 282 720 ac
327 665 682 719 submissiora
726 683 740 719 :
785 665 949 720 veluti
998 663 1205 720 excelsi
1247 671 1372 716 sunt
1424 668 1636 714 montes

118 759 426 832 campestribus
449 767 498 813 et
548 759 803 829 planitiei
840 757 1131 829 comparati
1160 774 1175 813 :
1207 757 1479 811 excelsum
1509 753 1638 808 item

116 857 241 909 celum
261 851 319 905 ab
341 849 590 906 omnibus
619 852 859 906 terrenis
883 849 1163 905 altitudine
1190 857 1452 904 remotum
1480 864 1495 912 ;
1527 861 1638 900 ca:-

116 960 228 1001 letum
253 945 352 998 haec
378 942 692 999 sublimitas
720 953 778 998 et
802 943 1027 999 altitudo
1049 942 1218 997 solius
1246 949 1329 996 est
1355 941 1501 994 illius
1537 953 1634 992 na-

117 1054 201 1094 tum
241 1035 836 1106 incomprehensibilis,
883 1049 1041 1105 quam
1085 1048 1259 1105 neque
1310 1032 1637 1102 cogitatione

114 1131 338 1201 mncipere,
367 1142 540 1197 neque
569 1126 767 1182 verbis
809 1126 989 1196 eloqui
1015 1127 1293 1196 quisquam
1323 1131 1518 1193 potest,
1544 1136 1637 1177 co-

115 1240 174 1290 que
193 1221 295 1276 dicit
322 1237 334 1274 :
369 1217 484 1271 Vidi
509 1217 805 1272 Dominum
830 1217 1081 1272 sedentem
1119 1216 1172 1270 in
1210 1214 1338 1269 solio
1365 1215 1560 1269 excelso
1588 1223 1635 1267 et

114 1322 254 1367 άπαιο.
280 1309 375 1366 Sed
401 1309 530 1380 quid
563 1317 839 1378 praeterea
870 1306 1071 1373 vidisti,
1115 1321 1147 1362 o
1175 1305 1478 1376 prOpheta?
1508 1303 1634 1375 quid

114 1411 204 1460 citra
239 1405 366 1460 illum
399 1403 707 1473 spectasti?
740 1401 810 1456 Et
850 1400 1123 1470 Seraphin:
1165 1399 1385 1466 stabant,
1441 1398 1631 1470 inquit,

113 1502 140 1551 ia
164 1497 333 1551 circuitu
360 1496 468 1565 ejus
495 1491 660 1567 (Isai.
712 1494 771 1550 6.
814 1492 892 1564 2).
923 1491 1060 1560 Quid
1111 1491 1374 1546 faciebant
1418 1498 1472 1545 et
1509 1489 1634 1558 quid

112 1591 304 1651 dicebant,
330 1603 427 1657 qua
475 1585 682 1640 ﬁducia
740 1585 1095 1642 fruebantur?
1133 1581 1351 1638 Fiducia
1392 1582 1628 1652 quidem,

113 1682 238 1752 inquit,
261 1679 409 1742 nulla,
441 1693 637 1732 verum
669 1678 888 1732 timoris
912 1691 973 1731 ac
1002 1676 1238 1744 stuporis
1268 1684 1421 1729 erant
1452 1673 1629 1743 plena,

112 1776 181 1839 ipsa
213 1771 348 1825 etiam
389 1767 576 1838 specie
635 1776 846 1822 metum
905 1765 1227 1820 ineffabilem
1282 1765 1631 1820 declarantia.

113 1863 260 1917 Duabus
280 1860 410 1916 enim
441 1858 544 1914 alis
569 1858 838 1914 velabant
864 1859 1075 1926 faciem,
1105 1857 1266 1912 simul
1297 1856 1634 1912 excludentia

110 1955 252 2008 radium
276 1968 301 2008 e
334 1951 470 2007 solio
496 1952 898 2022 prodeuntem,
931 1965 998 2007 eo
1024 1951 1165 2021 quod
1196 1949 1339 2005 ferre
1368 1965 1475 2004 non
1507 1964 1635 2018 pos-

112 2056 183 2101 sent
204 2048 485 2100 immensam
519 2044 675 2099 illius
708 2044 954 2114 gloriam,
988 2042 1146 2096 simul
1169 2052 1347 2097 autem
1395 2048 1449 2095 et
1479 2055 1632 2094 suam

110 2140 336 2209 religionem
362 2153 423 2193 ac
453 2137 831 2194 reverentiam
856 2134 1223 2208 significantia,
1255 2148 1415 2206 quam
1437 2132 1636 2188 habent

208 2232 486 2286 Dominum.

151 2325 222 2377 Car
243 2322 497 2393 Serapkim
527 2322 728 2393 faciem
759 2328 808 2374 et
836 2320 983 2391 pedes
1011 2319 1190 2374 velent.
1211 2347 1283 2358 —-
1301 2317 1415 2373 Tali
1444 2316 1634 2389 gaudio

109 2418 267 2485 pudeat
291 2417 370 2471 illa
393 2458 408 2481 ,
441 2416 536 2472 tali
585 2414 783 2470 laetitia
815 2414 1116 2481 exsultant,
1145 2428 1245 2469 nec
1273 2413 1446 2467 solum
1473 2411 1635 2468 facies

107 2510 240 2574 velant,
262 2523 429 2563 verum
451 2516 507 2564 et
531 2507 731 2578 pedes.
763 2505 1119 2575 Quamobrem
1147 2505 1248 2560 hoc
1275 2504 1508 2560 faciunt?
1534 2503 1636 2558 Fa-

109 2600 174 2653 cies
202 2599 383 2670 quidem
420 2600 628 2655 merito
665 2600 852 2655 velant
891 2607 1109 2669 propter
1134 2596 1477 2652 metuendum
1508 2609 1633 2666 spe-

108 2691 318 2759 clnculum,
354 2691 614 2763 quodque
659 2705 770 2746 non
813 2691 1015 2760 possint
1049 2690 1376 2745 inaccessam
1411 2689 1633 2760 gloriam

109 2783 245 2837 caueri
272 2800 285 2837 :
315 2796 496 2838 verum
540 2782 720 2853 pedes
758 2797 922 2854 quare
951 2782 1106 2836 simul
1136 2781 1350 2836 velant?
1381 2785 1457 2836 Ac
1484 2780 1631 2836 vole-

109 2879 178 2929 tam
198 2874 378 2945 quidem
408 2875 568 2931 vobis
597 2874 712 2930 hoc
737 2873 1059 2945 relinquere,
1088 2880 1148 2928 ut
1175 2872 1274 2943 ipsi
1303 2873 1443 2928 circa
1479 2872 1634 2943 hujus

109 2968 153 3019 rei
164 2969 429 3024 solutionem
449 2966 810 3034 laboraretis,
829 2966 1073 3036 circaque
1088 2964 1439 3034 spiritualium
1455 2979 1634 3019 rerum

109 3061 421 3131 iistigationcm
449 3059 762 3133 vigilaretis
791 3076 806 3114 :
834 3068 1091 3114 caeterum
1120 3072 1188 3112 ne
1215 3066 1447 3112 vestram
1485 3057 1632 3127 cogi-

110 3153 284 3208 tationem
323 3154 459 3209 circa
506 3153 683 3222 hujus
726 3151 1125 3222 inquisitionem
1169 3150 1425 3205 intentam
1468 3149 1634 3204 relin-

109 3259 238 3312 qaaas,
257 3245 298 3301 id
318 3246 548 3303 efficiam
568 3255 631 3301 ut
653 3244 1073 3301 admonitionem
1096 3243 1390 3314 negligatis,
1417 3256 1635 3298 necesse

110 3347 155 3388 est
173 3348 213 3390 ut
239 3339 326 3393 hoc
351 3340 528 3393 obiter
553 3336 797 3393 solvam.
829 3337 1004 3405 Quare
1042 3335 1201 3406 igitur
1230 3335 1393 3406 pedes
1423 3335 1635 3390 velant?

111 3425 451 3498 inexplicabilem
471 3444 608 3500 erga
623 3427 980 3483 Conditorem
1008 3427 1361 3482 reverentiam
1383 3425 1636 3482 exhibere

110 3524 266 3591 student,
292 3525 628 3594 multamque
654 3523 979 3578 anxietatem
1009 3530 1120 3576 tum
1147 3521 1261 3591 ipso
1289 3519 1492 3586 habitu,
1525 3530 1633 3575 tum

111 3631 214 3680 lace,
241 3627 334 3672 tum
363 3627 594 3689 aspectu
618 3658 638 3684 ,
674 3615 904 3686 denique
931 3616 1046 3684 ipsa
1076 3614 1326 3670 statione.
1376 3614 1637 3683 Quoniam

111 3707 209 3772 igitur
238 3708 282 3763 id
315 3710 454 3780 quod
498 3707 826 3764 desiderant
863 3705 1112 3776 quodque
1149 3705 1500 3761 conveniebat
1531 3719 1639 3762 non

109 3812 397 3870 assepiunlur,
425 3802 715 3858 occultant
742 3799 937 3854 idcirco
959 3797 1192 3869 undique
1219 3798 1484 3853 defectum
1509 3798 1636 3853 dum

107 3891 523 3964 ecircumtegunt.
555 3891 765 3949 Utrum
789 3889 1082 3961 intelligitis
1132 3889 1272 3960 quod
1303 3889 1501 3944 dictum
1532 3899 1634 3956 est,

106 3995 142 4031 ai
161 3997 300 4051 opera
326 3984 564 4054 pretium
604 3987 691 4039 est
715 3989 772 4036 ut
804 3980 943 4036 idem
975 3978 1150 4035 denuo
1179 3979 1454 4050 repetam?
1485 3981 1596 4050 Age
1619 4022 1634 4048 ,

103 4084 135 4123 ut
153 4075 225 4128 hoc
245 4074 422 4130 faciam
447 4074 753 4130 dilucidius
778 4114 794 4140 ,
823 4087 888 4129 ex
913 4087 1094 4128 rerum
1119 4081 1420 4127 nostrarum
1451 4087 1636 4127 exem-

106 4166 166 4230 iiiis
182 4169 488 4223 manifestum
520 4167 713 4222 facere
736 4165 992 4222 conabor.
1018 4164 1230 4219 Assistit
1254 4164 1444 4234 aliquis
1471 4174 1639 4220 terre-

103 4273 139 4306 re
155 4261 238 4328 regi
260 4262 626 4331 omnibusque
650 4258 824 4314 modis
850 4257 1086 4324 molitur,
1111 4264 1168 4312 ut
1192 4257 1637 4328 quamplurimam

103 4362 179 4411 erga
203 4350 330 4405 illum
359 4351 735 4408 reverentiam
765 4347 1035 4414 exhibeat,
1068 4363 1175 4420 quo
1205 4364 1301 4418 per
1333 4349 1433 4404 hoc
1466 4351 1480 4381 ί
1518 4365 1636 4405 ma-

99 4439 210 4503 larem
244 4444 372 4498 illius
409 4459 544 4514 erga
601 4458 661 4497 se
698 4442 945 4497 conciliet
979 4441 1426 4498 benevolentiam.
1473 4442 1638 4513 Cujus

101 4534 211 4594 gratia
241 4535 407 4602 Specie
437 4533 648 4604 capitis
668 4574 685 4599 ,
719 4532 830 4602 ipsa
869 4546 998 4588 voce
1018 4574 1032 4598 ,
1063 4533 1174 4602 ipsa
1205 4548 1457 4588 manuum
1487 4549 1637 4589 com-

99 4625 311 4692 ;icsitione,
337 4628 448 4698 ipsa
475 4625 685 4699 pedum
706 4625 1094 4696 conjunctione,
1120 4626 1382 4698 totiusque
1399 4627 1639 4698 corporis

137 4825 145 4852 ε
174 4831 270 4887 Reg.
296 4825 415 4876 1852
444 4841 456 4876 :
486 4824 699 4876 ﬂuitant
735 4823 1050 4888 reuerentiam
1078 4836 1197 4888 erga
1217 4823 1640 4888 “Conditoremfta-

101 4889 182 4958 (est,
206 4884 340 4958 sinito
371 4899 588 4958 stupore
629 4884 973 4958 multiatur.
1000 4884 1152 4958 ⁸φυοηςξ
1171 4886 1370 4958 aﬂ'ectrts
1400 4893 1501 4935 tum
1536 4886 1641 4958 ἰρδρ

103 4948 225 5006 uita,
246 4956 339 4998 tam:
354 4948 492 5008 ecce,
521 4948 638 5000 tum
655 4955 869 5012 aspectu,
895 4948 1103 5012 denique
1125 4948 1232 5011 ipsa
1254 4949 1453 5012 statione
1475 4948 1641 5012 expri-

100 5021 182 5058 τετε
199 5018 436 5061 rmdur.
467 5009 718 5074 ouercam;
735 5009 882 5074 igitur
905 5010 980 5074 sic,
994 5009 1166 5074 etiam'_
1180 5010 1308 5074 quod
1333 5010 1471 5060 decet
1493 5009 1638 5074 attin-

101 5080 263 5122 ἕνεκα
297 5081 519 5134 possunt,
556 5085 611 5123 se
647 5071 847 5136 vetando
884 5072 1094 5136 tardique
1133 5071 1636 5136 derectumsupplent.

110 5137 220 5198 rm
528 5136 663 5198 φ,οᾴ
687 5134 868 5198 dictum
891 5141 978 5193 εει,
998 5134 1067 5198 Δφῃ
1087 5145 1249 5195 opera:
1266 5134 1475 5198 pretium
1495 5141 1564 5198 est
1589 5141 1639 5184 ut

103 5193 182 5243 tim
202 5199 343 5246 damn
378 5193 653 5258 i-epeuim?
673 5195 898 5258 equidem
940 5194 1059 5246 mihi
1097 5193 1410 5258 repetendam
1431 5193 1637 5245 videtur.

113 5266 159 5320 et?
183 5258 329 5326 igitur,
357 5266 406 5309 et
440 5257 540 5310 hoc
621 5257 837 5326 lucidum
879 5271 945 5326 ea;
983 5257 1160 5326 rerum
1183 5263 1457 5326 nostrarum
1479 5268 1642 5306 exem-

108 5319 159 5389 ῖίιει
179 5319 350 5389 Ῑόάᾳηι.
400 5327 459 5371 ει
511 5326 667 5380 certe,
701 5319 796 5389 die
825 5319 963 5377 mihi,
1135 5319 1465 5389 regpassistit,
1488 5329 1641 5369 nonne

108 5378 307 5432 Wa
321 5390 538 5432 canatur
574 5378 843 5432 maxumin
858 5393 975 5442 erga
990 5378 1131 5431 illum
1151 5378 1381 5430 eihibere
1418 5391 1643 5442 reveren-

106 5441 401 5505 tasinrocut
426 5442 624 5503 dubio;
664 5455 834 5504 nempe
871 5439 1186 5505 utpar-Attae,
1231 5449 1328 5491 etc.
1353 5440 1512 5505 Etuslc
1535 5439 1641 5505 fere

111 5504 229 5566 eaque
249 5505 324 5555 hic
343 5520 482 5554 unus
507 5501 698 5565 Codex,
721 5501 788 5557 ita
811 5510 867 5554 ut
902 5501 962 5554 si'
977 5503 1160 5566 vellem
1189 5507 1348 5554 omnia
1373 5502 1550 5551 all'erre
1571 5501 1642 5552 le-

277 5568 586 5626 diseritnina,
631 5567 739 5616 fere
773 5574 873 5617 tota
913 5565 1108 5616 bomilia
1142 5567 1200 5614 ad
1226 5565 1429 5615 verbum
1455 5566 1641 5614 exscri-

112 5623 211 5672 hh
233 5638 382 5679 esset.
408 5631 457 5679 Δ
486 5623 767 5678 Morelliana
797 5637 964 5678 autem
1007 5629 1221 5677 Fditione
1252 5628 1418 5676 verbis
1456 5633 1643 5676 tantum

252 5703 344 5740 non
380 5704 566 5744 sensu.
595 5690 652 5740 ln
679 5689 790 5741 aliis
819 5698 982 5740 autem
1020 5690 1349 5753 uanuseriptis
1380 5701 1490 5740 eum
1510 5688 1642 5738 adito

115 5744 237 5800 ﬁalis
251 5763 520 5816 perpauca
543 5754 864 5805 observantur
886 5753 1164 5803 varietates.

3238 285 3342 344 102

1747 384 2108 439 contractione
2153 385 2313 439 talem
2357 385 2706 441 reverentiam
2754 396 2976 444 conatur
3022 389 3329 449 ostendere.

1746 472 1859 530 lloc
1885 484 1939 530 et
1963 475 2030 529 ab
2054 475 2158 530 illis
2182 475 2508 546 incorporeis
2529 476 2810 533 virtutibus
2838 479 3170 535 observatur.
3194 481 3330 537 Cum

1743 564 1886 619 enim
1906 566 2183 636 plurimam
2206 567 2435 623 habeant
2453 583 2579 638 erga
2593 567 2936 625 Conditorem
2955 574 3330 640 reverentiam,

1744 666 1800 712 et
1829 659 1965 714 hanc
1994 660 2228 732 undique
2257 670 2517 716 conantur
2537 671 2791 732 praestare
2821 679 2835 716 :
2864 664 3056 720 deinde
3079 667 3330 734 quoniam

1744 764 1849 804 non
1872 763 2228 821 assequuntur
2241 753 2382 822 quod
2406 762 2679 823 expetunt,
2699 755 2840 825 quod
2863 756 3134 824 cupiditati
3154 756 3326 822 deest,

1742 838 1845 896 hoc
1875 843 1993 897 velo
2022 844 2292 913 obtegunt.
2339 844 2487 900 Hanc
2527 845 2596 899 ob
2636 861 2851 900 causam
2885 845 3042 916 igitur
3067 846 3228 903 facies
3265 864 3329 903 ac

1741 934 1906 1004 pedes
1935 944 2112 1006 tegere
2141 938 2406 993 dicuntur.
2437 939 2766 1009 Quamquam
2787 947 2870 995 est
2889 948 2942 995 et
2960 941 3060 994 alia
3083 941 3329 1012 quaedam

1741 1027 1910 1096 magis
1937 1028 2158 1099 mystica
2183 1030 2476 1099 speeulatio
2501 1046 2621 1100 qua:
2647 1031 2787 1085 circa
2815 1029 2916 1085 hoc
2936 1032 3326 1099 consideratur,

1740 1130 1847 1171 non
1877 1118 2017 1188 quod
2053 1117 2216 1187 pedes
2242 1134 2305 1175 ac
2331 1119 2495 1176 facies
2535 1121 2762 1177 habeant
2795 1122 2958 1191 (sunt
2979 1123 3120 1178 enim
3150 1124 3328 1180 incor-

1741 1222 1902 1278 porea
1927 1251 1942 1278 ,
1988 1212 2432 1282 quemadmodum
2479 1215 2652 1284 ipsum
2677 1213 2965 1285 Numen),
2997 1215 3088 1271 sed
3131 1224 3190 1271 ut
3225 1216 3328 1272 hoc

1741 1300 2004 1357 humanus
2027 1318 2206 1359 sermo
2226 1305 2459 1360 declaret
2477 1321 2540 1361 ea
2566 1306 2798 1377 undique
2823 1318 2966 1362 metu
2992 1323 3056 1364 ac
3079 1325 3330 1366 reveren-

1741 1392 1810 1446 tia
1853 1393 2038 1449 afl‘ecta
2081 1395 2282 1450 servire
2322 1396 2566 1452 Domino.
2612 1398 2701 1452 Sic
2738 1407 2950 1469 oportet
2989 1415 3088 1454 nos
3117 1415 3328 1471 quoque

1740 1485 1989 1541 assistere
2011 1528 2024 1552 ,
2058 1487 2215 1542 talem
2248 1489 2355 1545 Deo
2384 1490 2824 1560 glorificationem
2857 1493 3140 1548 offerentes
3162 1535 3176 1560 ,
3209 1509 3326 1549 me-

1741 1583 1948 1631 tuentes
1997 1591 2059 1632 ae
2087 1585 2398 1644 trementes,
2429 1596 2490 1634 ac
2512 1589 2780 1648 tamquam
2804 1582 2950 1637 illum
2977 1584 3147 1654 ipsum
3176 1599 3328 1640 men-

1741 1667 1807 1721 tis
1836 1668 2006 1723 oculis
2033 1668 2316 1725 intuentes.
2349 1671 2514 1727 Adest
2539 1671 2680 1727 enim
2708 1672 2794 1728 hie
2821 1674 3037 1729 omnino
3063 1676 3151 1746 qui
3179 1677 3327 1731 nullo

1740 1758 1857 1814 loco
1882 1760 2332 1815 circumscribitur
2352 1803 2365 1826 ,
2403 1777 2666 1833 vocesque
2695 1772 2902 1819 nostras
2937 1775 3202 1822 recenset.
3235 1765 3327 1822 Sic

1741 1849 1899 1919 igitur
1916 1853 2145 1906 contrito
2164 1860 2218 1906 et
2241 1853 2516 1907 humiliato
2536 1853 2699 1909 corde
2720 1854 2927 1910 laudem
2949 1856 3327 1927 depromentes

1739 1940 2023 1996 reddamus
2048 1956 2165 1996 eam
2186 1952 2482 2013 acceptam,
2506 1955 2560 1998 et
2582 1945 2728 1999 velut
2754 1946 3027 2001 incensum
3051 1947 3174 2002 boni
3195 1949 3326 2003 odoo

1739 2030 1814 2086 ris
1839 2031 1905 2086 ad
1935 2032 2122 2087 caelum
2153 2035 2442 2089 mittamus.
2475 2033 2575 2089 Cor
2613 2036 2754 2089 enim
2775 2077 2790 2101 ,
2821 2035 3026 2106 inquit,
3057 2039 3325 2092 contritum

1739 2133 1786 2177 et
1814 2123 2131 2178 lmmiliatum
2159 2125 2294 2181 Deus
2319 2143 2416 2179 non
2447 2127 2683 2196 despiciet
2710 2128 2728 2195 (
2755 2126 2900 2182 Psal.
2930 2129 3018 2184 50.
3052 2129 3119 2183 19
3142 2131 3182 2199 ).
3217 2130 3323 2186 Ve-

1739 2230 1858 2270 rum
1886 2217 2139 2286 prepheta
2161 2257 2176 2283 ,
2208 2217 2382 2288 inquis
2404 2259 2419 2284 ,
2450 2217 2761 2273 exhortatur
2790 2228 2846 2274 ut
2871 2235 2991 2276 cum
3015 2219 3183 2290 jubilo
3205 2223 3324 2292 glo-

1739 2306 2091 2362 rifieationem
2126 2323 2440 2378 peragamus
2483 2328 2496 2365 :
2539 2309 2802 2377 Jubilate,
2854 2310 3057 2381 inquit,
3081 2312 3324 2377 Domino,

1737 2398 1902 2451 omnis
1927 2407 2060 2453 terra
2085 2402 2103 2468 (
2127 2399 2268 2453 Psal.
2296 2399 2387 2454 65.
2421 2399 2508 2471 l).
2559 2402 2626 2455 At
2656 2416 2828 2471 neque
2859 2415 2957 2456 nos
2987 2403 3146 2458 talem
3183 2403 3324 2473 jubi-

1739 2491 1990 2548 lationem
2025 2492 2369 2563 prohibemus
2393 2535 2408 2558 ,
2451 2493 2545 2549 sed
2588 2509 2772 2548 vocem
2814 2493 3156 2564 prohibemus
3195 2495 3324 2550 nihil

1739 2583 2122 2655 significantem
2149 2601 2163 2648 ;
2207 2599 2377 2656 neque
2407 2585 2748 2655 prohibemus
2775 2600 2958 2641 vocem
2989 2587 3160 2642 laudis
3184 2630 3197 2653 ,
3231 2589 3324 2644 sed

1739 2691 1925 2733 vocem
1950 2677 2292 2733 absurditatis
2315 2687 2369 2733 et
2392 2678 2732 2744 inconditam,
2757 2694 2818 2734 ac
2841 2688 3050 2736 mutuas
3072 2682 3210 2736 inter
3231 2697 3327 2736 vos

1736 2769 2142 2836 contentiones,
2170 2784 2358 2824 manus
2388 2769 2654 2824 incassum
2680 2778 2987 2842 temereque
3010 2771 3243 2828 sublatas
3271 2774 3326 2829 in

1739 2876 1937 2928 aerem,
1957 2861 2119 2932 pedes
2136 2861 2566 2932 supplaudentes,
2585 2863 2867 2918 indecoros
2889 2863 3330 2936 ell‘eminatosquo

1741 2969 1938 3022 mores,
1965 2969 2086 3025 quae
2111 2962 2234 3008 sunt
2255 2969 2463 3023 eorum,
2488 2955 2576 3025 qui
2597 2955 2652 3009 in
2676 2956 2897 3011 theatris
2917 2970 2979 3011 ac
2999 2958 3328 3015 circensibus

1739 3049 1880 3104 ludis
1908 3058 2206 3115 versantur,
2239 3048 2462 3104 ludicra.
2500 3049 2652 3104 lllinc
2678 3049 2830 3123 nobis
2856 3050 3153 3120 perniciosa
3179 3053 3330 3108 inve-

1740 3142 1938 3198 huntur
1964 3142 2227 3213 exempla,
2261 3142 2405 3199 illinc
2431 3143 2741 3214 irreligiosze
2765 3143 3115 3216 vulgaresque
3144 3161 3325 3212 voces,

1741 3235 1888 3291 illine
1914 3251 2165 3290 manuum
2199 3235 2392 3305 inepta:
2421 3235 2850 3305 gesticulationes
2872 3278 2887 3304 ,
2919 3238 3286 3293 contentiones
3307 3279 3324 3306 ,

1740 3328 2163 3384 concertationes
2184 3370 2198 3394 ,
2227 3343 2287 3384 ac
2313 3342 2492 3384 mores
2518 3328 2872 3398 incompositi.

1811 3421 1865 3475 4.
1907 3419 2211 3490 Spectacula
2254 3419 2457 3489 publica
2493 3419 2718 3488 vitanda,
2757 3437 2931 3488 quare.
2954 3421 3196 3478 —Nulla
3234 3406 3323 3479 res

1742 3511 1887 3566 enim
1914 3526 2064 3582 aeque
2089 3509 2295 3582 eloquia
2320 3511 2411 3566 Dei
2439 3511 2652 3567 adducit
2679 3511 2729 3565 in
2756 3523 3140 3582 contemptum,
3169 3525 3328 3587 atque

1742 3603 2165 3674 Spectaculorum
2196 3619 2314 3672 qua:
2341 3602 2446 3656 illic
2476 3613 2843 3673 proponuntur
2869 3603 3168 3661 admiratio.
3197 3607 3327 3662 Pro-

1743 3696 1866 3751 inde
1893 3694 2200 3764 frequenter
2223 3710 2316 3748 vos
2347 3694 2586 3749 hortatus
2616 3711 2753 3761 sum,
2783 3711 2851 3751 ne
2879 3697 2996 3766 quis
3025 3712 3209 3753 eorum
3234 3701 3323 3769 qui

1743 3787 1848 3842 huc
1876 3786 2197 3852 adveniunt,
2226 3785 2510 3856 divinaque
2537 3785 2777 3842 doctrina
2809 3788 3085 3854 fruuntur,
3131 3792 3326 3862 quique

1744 3878 2009 3934 tremendi
2036 3893 2098 3932 ac
2128 3878 2335 3949 mystici
2368 3878 2649 3948 participes
2675 3888 2801 3934 sunt
2827 3882 3070 3937 sacrificii
3091 3924 3106 3948 ,
3133 3883 3199 3938 ad
3238 3885 3325 3940 illa

1744 3971 1846 4027 iret
1872 3971 2173 4041 spectacula
2198 4011 2212 4036 ,
2241 3985 2342 4025 neu
2374 3970 2548 4025 divina
2577 3986 2696 4025 cum
2728 3971 3067 4028 diemoniacis
3098 3977 3324 4030 cemmi-

1743 4074 1918 4119 sceret
1943 4063 2216 4134 mysteria.
2265 4063 2512 4118 Attamen
2554 4065 2795 4120 nonnulli
2826 4081 2993 4135 usque
3018 4067 3152 4122 adeo
3179 4057 3324 4124 insa-

1744 4155 1914 4220 niunt,
1942 4163 2002 4208 ut
2025 4153 2184 4209 etiam
2211 4168 2331 4207 cum
2361 4154 2591 4223 speciem
2621 4156 2893 4224 gravitatis
2922 4171 2985 4212 ac
3012 4161 3327 4216 reverentiae

1742 4248 1952 4318 plenam
1984 4244 2385 4308 circumferant,
2415 4255 2467 4300 et
2495 4245 2560 4299 ad
2588 4245 2897 4318 profundant
2926 4249 3174 4306 canitiem
3201 4263 3326 4322 per-

1742 4339 1987 4395 venerint
2012 4381 2026 4404 ,
2056 4337 2222 4393 nihilo
2252 4353 2406 4393 secus
2435 4349 2649 4394 currant
2681 4339 2746 4394 ad
2777 4339 2862 4395 illa
2886 4383 2900 4408 ,
2931 4355 3102 4412 neque
3130 4347 3327 4400 nostris

1743 4431 2078 4487 sermonibus
2125 4430 2479 4485 auscultantes
2508 4471 2521 4494 ,
2569 4446 2741 4502 neque
2790 4435 3057 4504 propriam
3109 4438 3324 4492 reveriti

1742 4525 1996 4597 speciem.
2049 4523 2243 4578 Verum
2273 4523 2479 4593 quoties
2508 4521 2585 4576 eis
2614 4522 2754 4577 hunc
2794 4539 3094 4580 sermonem
3127 4525 3323 4598 ingeri-

1744 4638 1896 4688 mus,
1929 4630 1982 4674 et
2010 4628 2066 4674 ut
2091 4617 2336 4673 canitiem
2367 4616 2782 4687 gravitatemque
2802 4632 2953 4673 suam
2981 4631 3329 4676 revereantur

1743 4713 2093 4768 adhortamur
2119 4752 2133 4776 ,
2166 4725 2325 4779 quam
2365 4709 2582 4763 frivolus
2612 4708 2816 4762 illorum
2841 4750 2857 4776 ,
2888 4727 3044 4780 quam
3072 4713 3329 4768 ridiculus

1746 4805 1955 4861 sermo!
1987 4801 2323 4872 Exemplum,
2355 4799 2630 4870 inquiunt,
2663 4799 2898 4854 victoriae
2927 4817 3044 4870 qua:
3070 4803 3120 4856 in
3149 4803 3331 4859 futuro

1745 4884 1938 4954 sat-culo
1959 4897 2061 4952 erit
2085 4905 2139 4951 et
2163 4910 2479 4951 coronarum
2506 4901 2629 4949 sunt
2655 4895 2740 4948 illa
2770 4895 3154 4965 plurimamque
3180 4897 3325 4953 illinc

1745 4993 2026 5048 utilitatem
2052 4988 2352 5044 referimus.
2380 4985 2515 5053 Quid
2542 4987 2620 5040 ais
2643 5028 2658 5054 ,
2686 4985 2883 5040 homo?
2909 4983 3193 5042 Ohsolctus
3230 4989 3329 5044 iste

1745 5097 1924 5139 sermo
1949 5082 1966 5113 ¹
1991 5088 2075 5135 est
2100 5094 2162 5134 ac
2183 5078 2403 5133 fallacia:
2429 5078 2637 5149 plenus.
2669 5075 2817 5133 Unde
2840 5076 3116 5131 utilitatem
3140 5078 3330 5134 islhinc

1746 5174 1954 5230 refers?
1983 5188 2050 5227 ex
2075 5170 2364 5226 innumeris
2390 5168 2838 5236 contentionibus,
2862 5184 2925 5224 ex
2949 5178 3152 5226 temere
3177 5171 3331 5227 factis

1703 5272 1706 5273 '
1743 5267 2061 5336 juramentis
2089 5266 2138 5319 in
2168 5264 2420 5318 damnum
2450 5260 2817 5330 loquentium?
2854 5277 2919 5315 an
2957 5277 3022 5317 ex
3051 5269 3327 5318 c0ntume-

1746 5359 1832 5414 liis
1858 5400 1872 5422 ,
1907 5357 2160 5412 conviciis
2180 5399 2193 5420 ,
2224 5354 2708 5424 scommatibusque
2732 5396 2746 5420 ,
2778 5351 2965 5425 quibus
3006 5363 3331 5423 speetatores

1749 5447 2008 5519 ejusmodi
2035 5461 2209 5502 rerum
2237 5459 2295 5501 se
2316 5454 2501 5500 mutuo
2524 5439 2915 5512 conspergunt?
2938 5439 3131 5498 Verum
3151 5455 3218 5497 ex
3238 5440 3324 5496 his

1750 5541 1879 5596 nihil
1911 5540 2149 5595 utilitatis
2179 5537 2245 5594 ad
2275 5546 2325 5594 te
2354 5537 2491 5593 redit
2525 5553 2537 5590 :
2571 5549 2641 5589 an
2673 5547 2799 5589 vero
2829 5531 2991 5586 ullam
3013 5534 3232 5593 omnino
3252 5552 3319 5593 ex

1814 5749 1829 5778 ¹
1867 5745 2020 5804 Alius,
2046 5747 2175 5794 teste
2199 5737 2389 5799 Savilio,
2416 5733 2650 5787 ridiculus
2667 5731 2756 5784 iste
2777 5741 2949 5783 sermo.
