3696 6278
362 280 494 342 ’103

385 386 760 464 incornpositis
784 385 1001 444 reclinis
1024 423 1041 450 ,
1066 384 1122 439 et
1159 380 1297 438 nihil
1336 377 1671 450 signiﬁcante
1699 374 1974 464 clamore,

386 498 529 555 eque
556 461 773 551 pulvere
795 476 888 548 qui
916 473 1196 539 emittitur,
1227 479 1339 525 tum
1367 484 1436 524 ex
1466 467 1530 523 iis
1557 464 1647 536 qui
1679 461 1978 555 impellunt,

388 554 480 645 qui
504 571 612 627 vim
635 570 850 634 facium,
871 566 1164 637 quicoram
1186 560 1493 619 mulieribus
1512 556 1732 613 delicias
1748 554 1979 645 faciunt,

395 643 675 720 utilitatem
698 658 943 730 colligis?
969 655 1129 724 Atqui
1159 653 1245 708 hic
1267 650 1482 722 quidem
1507 649 1678 718 ipsum
1702 643 1981 699 Dominum

398 754 708 824 angelorum
737 763 925 806 omnes
949 746 1220 817 propheta:
1235 742 1590 809 doctoresque
1612 750 1773 805 super
1788 732 1981 789 solium

392 845 666 905 excelsum
691 853 747 899 et
771 842 1035 899 elevatum
1060 835 1365 898 ostendunt,
1392 833 1561 901 iisque
1581 828 1673 899 qui
1693 825 1836 897 digni
1860 831 1984 885 sunt

394 941 577 997 bravia
602 945 656 992 et
681 948 909 991 coronas
931 929 1357 990 distribuentem,
1382 921 1613 994 indignis
1632 934 1761 975 vero
1783 916 1985 995 gehen-

395 1047 519 1088 nam
560 1040 616 1085 et
650 1029 826 1099 ignem
869 1024 1265 1093 assignantem;
1310 1028 1364 1073 et
1400 1016 1514 1086 ipse
1542 1014 1702 1070 etiam
1729 1010 1984 1073 Dominus

399 1125 503 1179 hoc
529 1120 828 1178 conﬁrmat.
878 1113 1142 1185 Numquid
1184 1112 1299 1166 hmo
1320 1108 1535 1181 quidem
1564 1104 1864 1162 contemnis
1885 1141 1901 1168 ,
1930 1100 1983 1157 in

392 1217 583 1287 quibus
614 1213 774 1269 etiam
798 1205 1135 1266 conscientiae
1162 1213 1337 1258 terror
1363 1209 1466 1265 est,
1491 1208 1545 1254 et
1572 1198 1832 1259 factorum
1860 1193 1981 1248 red-

370 1308 605 1379 argutio
651 1306 1025 1370 rationumque
1071 1292 1463 1352 reddendarum
1490 1289 1839 1379 anxietas,et
1863 1299 1987 1353 sup-

372 1378 612 1469 plicium
639 1390 945 1450 inevitabile
972 1406 985 1443 :
1015 1397 1072 1443 ut
1091 1396 1270 1443 autem
1291 1382 1574 1440 absurdam
1598 1378 1838 1436 invenias
1861 1390 1987 1447 spe-

398 1468 730 1544 ctaculorum
756 1524 772 1549 ,
812 1482 1005 1552 quibus
1033 1489 1321 1548 suspensus
1350 1473 1544 1537 imliias,
1564 1468 1984 1531 excusationem,

400 1577 535 1632 dicis
565 1583 619 1631 te
645 1574 926 1630 utilitatem
946 1584 1147 1640 capere
1174 1583 1242 1623 ex
1271 1566 1386 1632 his,
1415 1580 1478 1621 ex
1507 1561 1701 1633 quibus
1725 1560 1987 1631 iacturam

401 1666 600 1740 pateris
645 1660 1124 1721 inconsolabilem?
1168 1659 1321 1728 Rogo
1364 1656 1524 1713 etiam
1572 1663 1733 1725 atque
1778 1652 1984 1711 etiarn:

399 1761 754 1827 obsecroque,
785 1770 852 1811 ne
880 1751 1253 1810 excusationes
1279 1762 1597 1809 excusemus
1621 1746 1675 1800 in
1708 1744 1939 1814 peccatis
1968 1760 1982 1797 :

398 1858 689 1922 pnctextus
728 1848 869 1903 enim
904 1845 1008 1900 ista
1048 1853 1172 1898 sunt
1208 1858 1271 1897 ac
1305 1840 1548 1909 deceptio
1570 1879 1585 1904 ,
1616 1838 1811 1909 quibus
1835 1836 1989 1891 nobis

401 1941 533 2010 ipsis
561 1940 814 1995 damnum
840 1937 1184 1992 accemimus.
1211 1932 1414 1989 Verum
1444 1930 1510 1986 de
1542 1930 1624 1985 his
1654 1928 1869 1999 quidem
1894 1928 1990 1982 ha-

398 2042 587 2088 ctenus
614 2048 632 2084 :
666 2038 875 2098 tempus
905 2034 1083 2081 autem
1113 2030 1195 2079 est
1218 2031 1279 2077 ut
1300 2022 1410 2092 jam
1450 2020 1516 2076 ad
1542 2020 1777 2092 priorem
1808 2033 1988 2074 recur-

400 2136 582 2177 ramns
616 2118 1032 2175 admonitionem
1055 2154 1071 2181 ,
1098 2124 1260 2184 atque
1303 2121 1359 2167 ut
1388 2113 1569 2181 paucis
1603 2110 1671 2166 de
1698 2124 1761 2166 ea
1787 2107 1990 2179 loquuti

401 2213 639 2270 debitum
676 2208 900 2265 orationi
933 2208 1092 2262 tinem
1120 2207 1477 2274 imponamus.
1515 2202 1698 2272 Neque
1719 2202 1860 2258 enim
1889 2200 1991 2255 hoc

372 2356 375 2359 λ
405 2305 577 2359 solum
606 2310 875 2372 peccatur,
903 2297 1044 2369 quod
1069 2296 1302 2367 quzehic
1326 2296 1459 2349 ﬁunt
1480 2309 1671 2364 parum
1698 2307 1797 2363 pro
1821 2292 1992 2362 digni-

407 2406 513 2451 tate
554 2402 920 2464 peraguntur,
961 2404 1145 2446 verum
1190 2388 1350 2443 etiam
1388 2386 1522 2441 allus
1563 2384 1775 2453 quidam
1813 2382 1990 2453 gravis

408 2484 719 2541 obambulat
761 2483 779 2515 ⁸
824 2480 1063 2537 morbus.
1110 2478 1239 2545 Quis
1280 2476 1492 2533 tandem
1534 2476 1669 2531 iste?
1711 2474 1861 2543 Quod
1902 2474 1990 2543 qui

403 2583 797 2648 proposuerunt
823 2588 945 2629 cum
980 2572 1092 2627 Deo
1116 2570 1346 2641 colloqui
1370 2610 1385 2634 ,
1414 2570 1569 2639 eique
1604 2567 1827 2639 gloriam
1854 2565 1991 2621 refe-

406 2679 534 2725 runt
553 2668 597 2732 ⁸,
637 2682 764 2723 mox
804 2664 905 2720 hoc
934 2662 1133 2717 eruisse
1164 2677 1318 2716 suum
1350 2661 1571 2730 quisque
1600 2659 1829 2714 vicinum
1854 2658 1992 2712 arri-

410 2762 561 2832 piunt
581 2800 597 2826 ,
627 2758 983 2828 ordinantque
1018 2771 1108 2812 res
1134 2753 1455 2812 domesticas
1474 2794 1496 2818 ,
1521 2767 1748 2822 quaeque
1777 2750 1910 2805 fiunt
1938 2751 1992 2805 in

414 2854 556 2919 foro,
579 2867 699 2921 qua:
722 2851 774 2905 in
801 2848 1014 2919 populo,
1037 2860 1156 2918 qua:
1180 2847 1234 2902 in
1257 2845 1496 2910 theatris,
1520 2860 1639 2916 qua:
1660 2846 1710 2899 in
1726 2844 1990 2911 exercitu,

411 2952 466 2999 et
493 2940 762 3015 quomodo
786 2940 888 3002 alia
916 2938 1132 3008 quidem
1158 2946 1283 2993 sunt
1310 2936 1673 2993 administrata
1694 2974 1715 3004 ,
1744 2935 1843 2989 alia
1870 2951 1994 2990 rur-

409 3049 507 3097 sus
530 3032 786 3103 neglecta,
808 3038 870 3085 et
895 3028 1022 3099 quid
1042 3028 1099 3083 in
1123 3026 1372 3098 gerendis
1399 3026 1558 3082 rebus
1580 3026 1701 3096 plus
1722 3025 1853 3081 satis
1878 3023 1994 3079 fue-

409 3126 481 3180 rit
501 3124 673 3195 ,‘quid
702 3122 1021 3177 diminutum
1051 3136 1071 3173 :
1098 3120 1150 3174 in
1180 3133 1389 3175 summa
1410 3158 1426 3184 ,
1464 3117 1533 3172 de
1562 3117 1722 3172 rebus
1747 3115 1995 3171 omnibus

372 3278 375 3281 Α
410 3215 495 3270 vel
534 3213 765 3284 publicis
787 3252 800 3277 ,
832 3212 918 3267 vel
958 3210 1213 3280 privatis,
1245 3207 1336 3264 hic
1371 3207 1764 3279 colloquuntur.
1798 3207 1864 3262 Et
1890 3221 1994 3277 qua

410 3305 621 3361 tandem
653 3304 805 3359 venia
831 3302 989 3372 digna
1018 3310 1142 3356 sunt
1162 3300 1300 3356 ista?
1328 3299 1501 3373 Atqui
1525 3300 1569 3354 is
1597 3300 1686 3370 qui
1711 3314 1835 3354 cum
1870 3314 1996 3369 rege

368 3460 373 3463 _
408 3393 991 3463 terrenocolloquitur,
1021 3391 1088 3447 de
1113 3390 1195 3445 his
1218 3398 1427 3446 tamtum
1452 3389 1613 3445 verba
1639 3390 1763 3445 facit
1786 3389 1859 3445 de
1878 3388 1997 3460 qui.

414 3488 513 3542 bus
539 3486 624 3541 ille
657 3484 885 3539 voluerit
916 3482 1100 3538 audire
1121 3523 1139 3550 ,
1169 3491 1224 3538 et
1248 3481 1317 3537 de
1343 3476 1536 3552 quibus
1562 3497 1651 3536 rex
1683 3481 1840 3536 fuerit
1870 3496 1995 3551 per-

410 3587 690 3639 contatus;
736 3574 882 3646 quod
925 3575 972 3628 si
1012 3574 1130 3644 quis
1170 3574 1312 3628 ausit
1350 3572 1550 3643 aliquid
1592 3571 1813 3642 injicere
1841 3588 1995 3628 secus

410 3687 573 3744 quam
599 3671 685 3726 ille
714 3669 872 3734 velit,
903 3678 1143 3722 extremo
1168 3665 1427 3737 supplicio
1451 3664 1713 3722 afficietur
1742 3681 1756 3717 :
1784 3673 1842 3721 tu
1869 3681 1996 3741 vero

411 3782 534 3822 cum
576 3764 720 3833 Rege
756 3776 936 3832 regum
968 3760 1277 3831 colloquens
1300 3800 1315 3827 ,
1348 3759 1435 3814 cui
1461 3773 1583 3814 cum
1615 3767 1846 3814 tremore
1878 3772 1995 3813 ser-

413 3864 563 3917 viunt
588 3843 783 3931 angeli,
805 3856 1005 3912 omisso
1025 3869 1148 3910 cum
1168 3854 1259 3910 illo
1280 3863 1457 3925 coepto
1475 3868 1745 3918 sermone,
1767 3851 1836 3909 de
1860 3852 1993 3917 luto,

411 3953 482 4008 de
519 3952 733 4021 pulvere
752 3989 768 4017 ,
799 3949 868 4004 de
895 3947 1018 4002 telis
1045 3960 1357 4000 aranearum
1386 3944 1656 4015 loqueris?
1686 3942 1823 3999 Nihil
1851 3943 1995 3998 enim

414 4042 559 4098 aliud
585 4049 711 4095 sunt
735 4039 890 4108 hujus
915 4038 1036 4092 vita:
1065 4035 1293 4106 negotia.
1326 4036 1391 4090 Et
1416 4034 1682 4105 quomodo
1708 4034 1996 4091 sustinebis

412 4136 568 4189 istius
590 4138 925 4200 contemptus
950 4128 1203 4199 pinnam?
1228 4127 1349 4199 quis
1371 4137 1550 4183 autem
1577 4136 1628 4183 te
1652 4126 1721 4182 ab
1751 4128 1850 4183 hac
1875 4128 1994 4183 vin-

409 4226 554 4281 dicta
580 4222 869 4280 liberabit?

482 4317 783 4386 Principum
824 4312 1126 4386 negligentia
1159 4329 1294 4386 sa'pe
1317 4313 1543 4368 nascitur
1567 4328 1627 4367 ea:
1649 4312 1804 4382 culpa
1830 4328 1996 4383 popu-

408 4408 470 4465 li.
504 4436 575 4449 --
619 4408 814 4461 Verum
842 4404 980 4460 haud
1007 4414 1152 4459 recte
1173 4420 1232 4459 se
1262 4404 1487 4467 habent,
1518 4403 1787 4472 inquiunt,
1817 4406 1995 4473 reipu-

410 4499 567 4555 blicae
593 4496 799 4566 negotia
819 4538 834 4561 ,
864 4493 933 4550 de
958 4494 1040 4548 liis
1069 4494 1378 4563 plerumque
1406 4492 1708 4562 loquimur,
1737 4500 1790 4546 et
1814 4491 1881 4547 de
1912 4492 1996 4547 his

411 4590 627 4645 solliciti
672 4589 920 4661 anxiique
957 4601 1161 4640 sumus.
1190 4585 1327 4651 Quid
1368 4592 1544 4639 autem
1576 4584 1629 4639 in
1659 4584 1857 4639 causa?
1886 4580 1995 4639 Eo~

408 4698 529 4736 rum
554 4723 567 4747 ,
597 4680 872 4751 inquiunt,
894 4679 981 4750 qui
1005 4679 1369 4748 magistratum
1387 4685 1611 4753 gerunt,
1635 4676 1991 4747 incogitantia.

410 4772 524 4826 Non
560 4777 649 4824 est
676 4767 1060 4840 magistatuum
1085 4764 1438 4837 incogitantia
1462 4805 1476 4831 ,
1509 4767 1602 4822 sed
1632 4777 1810 4822 nostra
1855 4754 1997 4837 inju-

405 4863 576 4928 stitia,
604 4866 659 4917 et
695 4874 853 4931 pmna
881 4866 965 4915 est
1003 4871 1100 4927 pro
1128 4850 1324 4911 nostris
1350 4856 1642 4912 sceleribus
1669 4866 1873 4913 exacta.
1904 4860 1996 4915 Illa
2057 4855 2061 4857 “

407 4960 602 5007 cuncta
628 4964 837 5005 sursum
858 4949 1107 5005 deorsum
1130 4948 1377 5016 miscuit,
1401 4946 1489 5001 illa
1518 4948 1772 5019 quidquid
1799 4960 1884 5006 est
1908 4966 2002 5006 ca-

411 5041 706 5095 lamitatum
736 5039 970 5104 invexit,
1014 5039 1098 5093 illa
1141 5039 1368 5093 armavit
1405 5038 1622 5105 hostes,
1669 5039 1755 5095 illa
1786 5040 1911 5097 fecit
1940 5053 1998 5099 ut

412 5132 539 5188 victi
564 5130 983 5187 discederemus.
1013 5128 1129 5184 Non
1156 5128 1368 5184 aliunde
1395 5128 1549 5185 nobis
1575 5129 1835 5186 malorum
1866 5147 1994 5187 exa-

409 5239 534 5280 men
565 5220 871 5286 inundavit,
896 5236 1053 5290 quam
1075 5235 1140 5274 ex
1163 5218 1263 5273 hac
1285 5234 1462 5274 causa.
1495 5219 1725 5276 Proinde
1752 5222 1994 5292 quamvis

410 5314 678 5371 Abraham
697 5312 961 5384 quispiam
977 5320 1123 5367 esset
1143 5310 1230 5381 qui
1254 5310 1540 5380 imperaret
1562 5351 1578 5375 ,
1621 5313 1862 5381 quamvis
1887 5313 1996 5369 illo-

356 5392 359 5395 ’
559 5404 800 5476 quamvis
831 5400 1026 5466 David,
1051 5402 1294 5473 quamvis
1320 5397 1570 5457 Salomon
1599 5401 1687 5457 ille
1713 5402 1997 5481 sapientis-

409 5484 579 5553 simus
596 5537 612 5563 ,
633 5495 873 5568 quamvis
894 5492 1129 5550 omnium
1153 5492 1425 5557 hominum
1440 5491 1767 5563 justissimus
1791 5512 1803 5548 :
1832 5496 1875 5550 si
1898 5512 1994 5553 nos

476 5631 497 5695 ξ
529 5627 917 5695 Alius,_invaluit,
938 5639 1041 5689 pro,
1066 5622 1355 5695 obambulat.
1424 5685 1435 5695 .
1580 5684 1592 5695 _
1655 5685 1666 5695 ,

480 5692 500 5721 ³
528 5684 845 5763 Αϋυέωῡςῃ,
864 5684 1001 5755 eique
1017 5684 1246 5750 servituri,
1266 5700 1371 5751 tiro,
1388 5685 1526 5752 eique
1540 5684 1745 5754 gloriam
1762 5692 1990 5754 referunt.

1121 270 1181 328 S.
1217 265 1494 326 JOANNIS
1522 253 2001 323 CHRYSOS'IOIII
2037 253 2358 311 ARClllEP.
2398 253 2929 323 CONS‘EANTINOP.
3584 249 3628 303 ll

2088 370 2226 425 male
2262 370 2521 434 vivimus,
2557 370 2686 425 nihil
2718 370 2939 427 interest
2966 368 3141 443 qualis
3168 367 3264 427 ille
3290 368 3389 436 sit,
3424 380 3627 442 quantu

2086 460 2154 514 ad
2180 475 2394 515 causam
2418 463 2700 517 malorum.
2730 461 2832 529 Qui
2858 463 2973 531 sic,
3000 472 3092 517 aut
3115 462 3319 536 quare?
3348 461 3608 532 Quoniam

2090 561 2450 623 transgressor
2470 552 2647 622 legum
2671 553 2832 609 fuerit
2847 595 2863 621 ,
2886 554 2933 609 si
2957 562 3159 610 temere
3182 554 3432 625 nulloque
3455 553 3625 608 consil

2089 644 2324 712 feratur,
2354 655 2537 700 nostra
2566 646 2909 717 incogitantia
2940 657 3230 717 nostraque
3255 648 3528 702 temeritas
3553 647 3628 704 etl‘

2088 734 2195 800 cit,
2226 742 2285 789 ut
2310 734 2468 790 talem
2494 736 2861 806 magistratum
2891 736 3212 793 haberemus
3230 777 3246 803 ,
3274 747 3453 794 nostra
3478 739 3628 794 scelei

2090 825 2296 895 plagam
2318 826 2697 881 accersierunt.
2727 826 2861 882 Nam
2885 826 3025 897 quod
3068 827 3357 884 secundum
3396 828 3554 883 corda
3582 845 3627 883 ni

2088 929 2199 974 stra
2227 918 2518 989 accipimus
2546 919 2884 990 magiStratus
2912 920 3044 975 nihil
3072 921 3216 976 aliud
3256 931 3369 989 est,
3395 922 3495 977 nisi
3538 937 3628 991 qut

2064 1010 2357 1081 .przeterita
2413 1020 2627 1080 peccata
2669 1019 2869 1087 nostra
2895 1012 3052 1067 talem
3083 1012 3237 1067 nobis
3267 1012 3460 1071 dedere
3488 1012 3628 1084 prati.

2064 1112 2235 1159 .ctum
2255 1143 2272 1169 ,
2309 1102 2424 1158 sive
2452 1104 2573 1173 quis
2596 1102 2756 1159 fuerit
2782 1119 2849 1159 ex
2877 1103 3065 1159 ordine
3094 1102 3444 1172 sacerdotali,
3474 1106 3588 1161 sive
3625 1130 3627 1143 ι

2086 1210 2275 1251 eorum
2298 1211 2521 1252 numero
2545 1197 2635 1267 qui
2659 1197 2955 1253 mundanas
2978 1180 3355 1253 administrant
3373 1198 3628 1268 dignitate

2091 1285 2345 1354 Quamvis
2385 1294 2563 1341 autem
2600 1286 2777 1357 justus
2827 1286 3019 1352 fuerit,
3070 1287 3314 1358 adeoque
3359 1287 3570 1358 justus,
3625 1305 3627 1313 ί

2092 1392 2261 1448 usque
2289 1376 2356 1432 ad
2395 1376 2555 1434 Mosis
2584 1379 2832 1434 virtutem
2855 1380 3140 1452 pertingat,
3164 1380 3301 1435 haud
3336 1392 3508 1438 tamen
3537 1382 3628 1437 illii

2092 1469 2248 1524 unius
2290 1469 2495 1539 justitia
2542 1470 2801 1526 immensa
2829 1472 2845 1502 ¹
2875 1471 3210 1543 subditorum
3243 1484 3457 1542 peccata
3486 1474 3628 1530 valet

2091 1561 2386 1633 obtegere:
2430 1562 2590 1634 idque
2610 1563 2815 1634 poterit
2843 1564 2961 1636 quis
2987 1579 3053 1620 ex
3082 1565 3198 1637 ipso
3227 1565 3372 1621 Mose
3411 1577 3557 1623 certo
3586 1584 3628 1622 ει

2072 1669 2370 1725 gnoscere.
2400 1655 2536 1712 Cum
2564 1657 2818 1712 enimille
2839 1657 3020 1715 multis
3049 1657 3225 1714 modis
3249 1656 3473 1716 afﬂictus
3494 1660 3628 1716 fuiss

2094 1763 2191 1817 pro
2221 1746 2413 1815 Israel,
2446 1749 2809 1820 instanterque
2846 1750 2986 1821 apud
3014 1750 3183 1806 Deum
3210 1751 3593 1821 supplicasset,

2094 1848 2295 1894 terram
2337 1840 2653 1909 promissam
2700 1841 2754 1896 in
2796 1850 2996 1897 sortem
3039 1841 3145 1897 illis
3187 1843 3456 1911 traderet,
3504 1853 3628 1898 tann

2092 1931 2341 2001 quoniam
2382 1946 2443 1987 so
2480 1933 2708 2002 populus
2734 1932 2846 1987 suis
2883 1933 3118 2003 peccatis
3144 1932 3445 1990 reddiderat
3466 1934 3538 1990 ab
3584 1934 3627 1989 ὴ

2094 2022 2427 2090 promissone
2450 2022 2681 2078 alienum
2702 2064 2719 2089 ,
2745 2038 2851 2079 non
2879 2023 3048 2093 potuit
3078 2023 3239 2080 Hosis
3276 2014 3583 2095 deprecatio
3608 2027 3628 2097 j

2094 2114 2356 2169 stamDei
2386 2115 2700 2169 sententiam
2743 2115 3055 2183 immutare,
3085 2130 3192 2187 quo
3232 2114 3428 2172 factum
3452 2128 3509 2173 ut
3539 2127 3627 2174 tot

2096 2202 2183 2256 ille
2208 2202 2433 2272 populus
2476 2204 2527 2259 in
2554 2203 2768 2260 deserto
2799 2214 3244 2275 prosterneretur.
3274 2207 3518 2262 Attamen
3565 2226 3623 2279 qt

2094 2291 2239 2349 ldose
2263 2292 2482 2361 justior,
2510 2304 2603 2350 aut
2646 2296 2764 2368 quis
2808 2296 2925 2367 plus
2970 2296 3137 2352 valuit
3159 2297 3299 2369 apud
3357 2299 3561 2356 Deum?
3598 2301 3628 2355 li

2094 2393 2238 2437 ctum
2265 2394 2379 2448 est,
2407 2385 2584 2441 valere
2619 2386 2753 2455 justi
2790 2376 3249 2458 deprecationem,
3277 2389 3371 2444 sed
3410 2390 3628 2447 cfficace

2096 2474 2237 2545 (Iac.
2257 2476 2311 2531 5.
2343 2476 2452 2546 to),
2472 2477 2572 2533 hoc
2598 2487 2699 2546 est,
2722 2480 3030 2549 pcenitentia
3055 2482 3507 2554 conversioneque
3530 2484 3619 2553 adj

2097 2579 2202 2622 tam
2232 2584 2451 2635 eorum,
2496 2586 2593 2641 pro
2620 2573 2811 2643 quibus
2853 2571 3108 2629 funditur.
3157 2574 3251 2629 His
3281 2590 3444 2643 vero,
3490 2577 3628 2646 quib

2097 2676 2273 2717 mores
2313 2672 2529 2719 manent
2566 2664 2685 2719 sine
2730 2665 3040 2736 pmnitentia
3072 2666 3307 2737 citraque
3332 2668 3524 2723 bonam
3554 2684 3627 2724 co

2096 2754 2394 2809 versionem
2411 2796 2428 2821 ,
2454 2754 2721 2827 quomodo
2746 2757 2911 2826 possit
2930 2758 3171 2813 auxiliari
3190 2758 3317 2830 justi
3335 2758 3628 2830 deprecati.

2096 2859 2216 2899 cum
2248 2845 2325 2899 illi
2355 2846 2453 2916 ipsi
2482 2846 2593 2902 suis
2619 2846 2769 2901 factis
2797 2845 3094 2903 obsistam?
3248 2896 3252 2901 .
3396 2834 3401 2835 ⁷

2173 2936 2227 2992 5.
2258 2936 2325 2992 Et
2344 2938 2468 3009 quid
2487 2954 2970 2996 commemoramus
2992 2941 3367 2999 lioc'aecidisse
3391 2942 3484 2999 toti
3515 2960 3628 3015 pop

2097 3025 2149 3081 lo
2177 3028 2447 3096 peccanti,
2492 3044 2613 3084 cum
2655 3039 2709 3085 et
2752 3045 3037 3101 paucorum
3067 3032 3399 3089 subditorum
3428 3047 3627 3105 peccat

2060 3180 2065 3185 ,
2098 3120 2379 3197 imouuius
2397 3135 2559 3190 saepe,
2578 3120 2722 3191 juste
2744 3121 3113 3192 imperantium
3134 3122 3375 3179 ﬁduciam
3398 3139 3627 3196 superet:

2098 3214 2272 3283 Atque
2314 3211 2416 3267 hoc
2456 3227 2640 3268 rursus
2680 3228 2746 3269 ex
2786 3212 2980 3269 eodem
3018 3215 3212 3285 populo
3244 3215 3536 3273 Israelitico
3570 3234 3628 3289 pc

2099 3303 2289 3372 spicias
2319 3303 2534 3372 licebit;
2580 3305 2848 3376 quomodo
2875 3305 3080 3363 scilicet
3117 3307 3263 3364 Mose
3304 3309 3628 3379 rempublic:

2099 3394 2504 3451 administrante
2523 3438 2537 3462 ,
2567 3411 2687 3452 cum
2716 3397 2771 3453 in
2798 3405 2993 3453 terram
3017 3399 3431 3471 alienigenarum
3459 3402 3627 3474 irrup

2100 3497 2250 3556 sent,
2281 3503 2615 3561 pugnamque
2635 3492 2876 3548 cumillis
2888 3493 3305 3561 commisissent,
3326 3493 3543 3563 quidam
3578 3496 3628 3550 ill

2100 3597 2219 3636 rum
2265 3581 2591 3639 insanientes
2633 3584 2688 3640 in
2727 3584 2937 3640 illorum
2980 3584 3258 3652 mulieres,
3305 3586 3458 3641 totius
3510 3604 3625 3660 p0p

2099 3672 2305 3729 cladem
2328 3673 2653 3747 exitiumque
2674 3676 3010 3733 invaserunt.

2171 3766 2404 3822 Historia
2434 3769 2622 3823 Achar.
2643 3768 2793 3826 Iesus
2808 3770 2958 3827 Nave
2976 3770 3140 3843 ﬁgura
3163 3770 3286 3825 Iesu
3312 3758 3521 3827 Christi.
3554 3773 3627 3826 Αι

2102 3858 2269 3913 thema
2291 3859 2434 3929 quid.
2461 3858 2625 3915 Unius
2661 3860 2935 3931 aliquando
2959 3870 3215 3932 peccatum
3239 3852 3330 3917 (uti
3355 3866 3550 3934 papula
3585 3867 3628 3917 vi

2058 4024 2065 4033 ἰ
2101 3951 2289 4005 dictam
2334 3951 2861 4008 accersiL—Simile
2890 3953 3159 4024 quidpiam
3205 3954 3256 4008 in
3307 3970 3411 4009 uno
3467 3956 3628 4011 accid

2103 4043 2347 4099 videlicet
2391 4044 2587 4110 Achar,
2618 4045 2709 4114 qui
2734 4060 2857 4100 cum
2885 4046 3088 4101 variam
3112 4062 3175 4101 ex
3204 4047 3557 4103 anathemate
3588 4059 3628 4102 st

2103 4135 2209 4190 lam
2235 4136 2568 4203 sustulisset,
2604 4139 2769 4192 etiam
2796 4118 3055 4194 adversus
3102 4139 3352 4209 pepulum
3401 4140 3546 4195 iram
3606 4143 3628 4197 Ι

2053 4303 2057 4308 ν
2100 4226 2374 4283 succendit
2400 4227 2576 4300 (Iosue
2597 4228 2672 4300 '1).
2698 4228 2916 4293 Verum,
2936 4230 3252 4300 utconjicio,
3270 4231 3549 4288 nonnullis
3568 4248 3627 4303 pi

2100 4320 2329 4375 sentiunt
2362 4320 2538 4390 ignota
2566 4328 2648 4377 est
2671 4320 2787 4376 haec
2812 4321 3051 4377 historia.
3080 4321 3437 4389 Quamobrem
3466 4338 3628 4380 DCCC:

2101 4396 2204 4475 est,
2235 4420 2291 4465 ut
2318 4411 2499 4481 paucis
2524 4410 2591 4467 de
2615 4411 2725 4467 hac
2745 4412 3015 4481 loquutus,
3042 4420 3097 4467 et
3121 4413 3351 4470 scientes
3375 4428 3627 4470 commor

2054 4564 2061 4571 ,
2102 4501 2315 4570 faciam,
2345 4511 2400 4559 et
2428 4505 2726 4563 nescientes
2749 4503 2991 4561 doceam.
3024 4505 3200 4561 Achar
3222 4506 3399 4576 itaque
3422 4506 3531 4563 fuit
3564 4524 3628 4562 Illi

2102 4607 2168 4648 ex
2194 4609 2380 4650 eorum
2409 4611 2634 4653 numero
2656 4577 2755 4667 qui
2797 4611 2918 4652 cum
2942 4580 3071 4652 Iesu
3094 4596 3241 4653 Nave
3273 4597 3545 4653 transiere
3583 4598 3628 4655 ,ις

2102 4683 2314 4750 danem,
2338 4690 2431 4758 qui
2448 4686 2609 4745 Jesus
2634 4691 2813 4746 fuerat
2838 4698 2963 4745 ante
2988 4689 3079 4744 Dei
3102 4687 3303 4758 judicio
3322 4688 3578 4744 delectus
3602 4733 3619 4755 ,

2103 4776 2267 4849 Moysi
2293 4777 2620 4845 succederet,
2667 4780 2863 4851 quique
2894 4790 3075 4853 typum
3112 4796 3176 4837 ac
3219 4782 3442 4851 ﬁguram
3469 4784 3628 4854 geret

2104 4870 2213 4923 veri
2246 4868 2544 4925 Servatoris
2582 4871 2750 4931 nostri
2790 4871 2915 4928 Iesu
2962 4870 3177 4928 Christi.
3223 4868 3628 4941 Quemadmodt

2103 4962 2245 5017 enim
2277 4963 2367 5018 ille
2391 4979 2422 5019 e
2450 4963 2668 5020 deserto
2692 4979 2787 5033 per
2812 4964 3098 5022 Iordanem
3138 4965 3191 5020 in
3220 4973 3420 5022 terram
3460 4982 3628 5037 prem

2102 5073 2216 5114 sam
2269 5057 2515 5128 perduxit
2556 5060 2835 5129 populum,
2879 5060 2957 5115 sic
2984 5067 3039 5115 et
3083 5059 3335 5116 Servatur
3384 5071 3587 5119 noster

2103 5150 2413 5220 ignorantia:
2438 5161 2492 5206 et
2537 5149 2848 5206 idololatria:
2874 5150 3087 5208 deserto
3125 5166 3222 5222 per
3248 5140 3499 5207 sanctum
3523 5169 3594 5209 ac
3623 5174 3628 5207 ε

2103 5239 2371 5296 letiferum
2411 5239 2732 5310 baptismum
2761 5242 2815 5297 in
2854 5243 3125 5303 ,caalestem
3154 5241 3561 5314 Ierosolymam
3604 5263 3627 5301 ll

2104 5332 2355 5399 traduxit,
2386 5332 2453 5388 ad
2497 5340 2727 5389 matrem
2757 5333 3254 5405 primogenitornm,
3298 5335 3349 5389 in
3397 5350 3510 5407 qua
3554 5350 3627 5389 ve

2099 5426 2295 5494 quietis
2320 5437 2521 5498 paratie
2541 5434 2667 5483 sunt
2687 5425 3014 5492 mansiones,
3038 5426 3128 5482 ubi
3152 5428 3258 5482 vita
3290 5429 3571 5487 tumultus
3604 5448 3628 5486 n

2100 5520 2207 5575 scia
2238 5520 2582 5590 paciﬁcaquc.
2612 5520 2709 5575 llic
2739 5521 2916 5590 itaque
2940 5534 3061 5575 cum
3084 5519 3201 5591 ejus
3234 5520 3435 5579 virtute
3457 5524 3559 5595 qui
3585 5526 3628 5593 jt

2166 5697 2183 5727 ι
2220 5702 2347 5745 L'nus
2368 5693 2532 5753 habet,
2557 5698 2737 5753 nostra,
2762 5705 2868 5756 pro,
2889 5688 3143 5745 inuncata.
