3696 6278
235 3620 245 3633 ’
340 3620 680 3712 ραμύθητονξ
727 3631 824 3698 Εἷς
870 3631 1283 3704 ἐπλημμέλησε,
1326 3631 1420 3684 καὶ
1451 3634 1530 3695 είς
1577 3633 1790 3685 ἅπαντα
1832 3633 1924 3712 τὸν

360 263 387 318 Ι
395 259 466 319 05

361 376 580 447 θρεύσει
615 385 640 413 α
670 373 817 445 ἡμᾶς
865 373 928 426 ἐκ
962 369 1057 445 τῆς
1081 373 1213 449 γῆς,
1264 373 1689 446 Ἐπικίνδυνοςὴ
1726 375 1931 445 ἐντολὴ,

363 459 495 511 πολὺ
518 457 578 509 :6
600 457 697 525 τῆς
720 456 1006 524 ἀκριϐείας
1035 457 1128 510 τοῦ
1147 473 1204 509 τε
1232 457 1663 526 προστάσσοντος
1685 457 1818 510 Θεοῦ
1841 458 1933 510 καὶ

358 540 452 592 τοῦ
483 537 900 609 νομοθετοῦντος
931 538 1121 609 Ἰησοῦ.
1147 539 1272 602 Πῶς
1291 540 1400 610 γάρ
1423 541 1520 592 οὐκ
1534 535 1602 610 ἦν
1628 542 1684 593 ἐν
1698 539 1933 609 τοσούτῳ

359 621 554 693 πλήθει
596 621 670 691 μὴ
715 621 1095 692 παραϐαθῆναι
1139 621 1230 675 τὸν
1275 622 1435 693 νόμον
1483 621 1690 687 τοῦτον,
1726 621 1936 676 πολλῶν

357 707 525 760 ὄντων
550 703 660 757 τῶν
689 702 1072 758 συνωθούντων
1096 705 1231 775 πρὸς
1258 705 1448 768 τοῦτο;
1477 707 1548 758 ’Ἦ
1564 704 1672 775 γάρ
1689 703 1749 756 :6
1770 705 1956 758 άστά-·

358 792 563 861 θμητον
598 789 692 842 καὶ
714 789 773 841 :6
796 788 1108 859 φιλοκερδὲς
1135 788 1229 840 τοῦ
1256 790 1318 859 δή
1328 805 1450 858 μου,
1474 788 1506 858 ἢ
1527 787 1588 840 :6
1621 789 1693 857 μὴ
1729 788 1936 850 πάντας

357 875 659 944 κατηκόους
699 872 950 941 γενέσθαι
986 872 1083 942 τῆς
1121 870 1476 941 προτεθείσης
1517 871 1754 940 ἐντολῆς,
1807 871 1840 940 ἢ
1899 873 1930 939 ὴ

357 956 597 1010 ποικιλία
615 955 721 1008 τῶν
751 955 958 1008 σκύλων
983 955 1232 1026 καθάπερ
1257 954 1449 1026 δέλεαρ
1463 953 1817 1024 προκειμένη,
1841 955 1936 1007 καὶ

351 1043 480 1104 τοὺς
511 1041 736 1112 φιλοκτή
748 1057 916 1111 μονας
946 1038 1295 1102 δελεάζουσα,
1319 1039 1556 1102 εὐκόλως
1588 1038 1653 1092 ἂν
1680 1038 1814 1108 πρὸς
1836 1037 1935 1107 τὴν

356 1124 666 1195 παράϐασιν
701 1122 1073 1194 παρώρμησεν
1101 1123 1150 1177 1).
1189 1122 1328 1176 Ἀλλ’
1356 1124 1505 1194 ὅμως
1535 1124 1563 1176 6
1594 1121 1757 1191 νόμος
1782 1114 1935 1185 οὗτος

353 1208 535 1278 ἐτέθη,
572 1208 667 1260 καὶ
713 1207 850 1276 ὑπὲρ
893 1205 1134 1276 κεφαλῆς
1181 1207 1210 1258 6
1239 1206 1336 1277 τῆς
1371 1205 1734 1277 παραϐάσεως
1767 1203 1931 1258 αὐτοῦ

351 1293 596 1353 κίνδυνος
621 1291 1028 1361 ἐπεκρεμάσθη.
1065 1291 1130 1344 Τί
1161 1285 1254 1344 οὖν
1289 1290 1425 1361 μετὰ
1461 1289 1656 1356 τοῦτο;
1685 1289 1962 1342 Κατέιῖτε-Δ

353 1391 446 1430 σον
470 1376 538 1429 τὰ
558 1375 734 1445 τείχη,
768 1373 862 1426 καὶ
886 1375 944 1428 ἐν
971 1376 1129 1444 χερσὶ
1159 1373 1267 1426 τῶν
1294 1373 1723 1444 πολιορκούντων
1747 1371 1815 1425 τά
1835 1370 1934 1440 τῆς

352 1460 561 1522 πόλεως
607 1459 822 1526 ἐγένετο
858 1458 1057 1510 πάντα.
1093 1457 1300 1520 Παντὸς
1337 1458 1514 1510 τοίνυν
1546 1456 1640 1509 τοῦ
1674 1455 1804 1508 λαοῦ
1833 1456 1932 1524 τὴν

350 1541 569 1614 ἐντολὴν
607 1540 810 1610 ταύτην
843 1540 1248 1610 διατηροῦντος,
1279 1542 1312 1611 ὴ
1342 1540 1435 1593 τοῦ
1474 1540 1590 1603 ἐνὸς
1622 1537 1934 1608 παράϐασις

350 1629 430 1690 είς
469 1626 617 1679 ἅπαν
657 1624 720 1677 :6
783 1623 987 1692 πλῆθος
1029 1623 1127 1693 τὴν
1166 1623 1258 1676 τοῦ
1312 1623 1448 1676 Θεοῦ
1483 1623 1686 1694 ἀνῆψεν
1739 1621 1928 1692 ὀργήν.

362 1706 878 1777 Ἐπλημμέλησαν
915 1705 1044 1774 γὰρ,
1071 1707 1254 1776 φησὶν,
1285 1704 1435 1777 [104]
1459 1708 1513 1758 οἱ
1544 1706 1657 1759 υἱοὶ
1695 1704 1932 1771 Ἰσραὴλ

349 1791 768 1861 πλημμέλειαν
781 1789 1075 1859 μεγάλην,
1102 1789 1199 1842 καὶ
1222 1789 1650 1858 ἐνοσφίσαντο,
1677 1788 1775 1841 καὶ
1793 1789 1932 1841 ἔλα·
1954 1809 1956 1811 ·

349 1879 457 1930 θον
488 1873 607 1928 ἀπὸ
642 1873 742 1926 τοῦ
787 1870 1187 1941 ἀναθήματος,
1221 1871 1319 1924 καὶ
1348 1872 1564 1925 ἔλαϐεν
1593 1872 1771 1940 ’Ἁχαρ
1802 1870 1932 1937 υίὸς

348 1957 572 2027 Χαρμεῐ
599 1955 717 2010 ἀπὸ
758 1955 864 2008 τοῦ
897 1955 1297 2025 ἀναθήματος,
1334 1956 1432 2009 καὶ
1471 1952 1738 2024 ἐθυμώθη
1784 1952 1932 2024 ὀργῇ

349 2043 564 2112 Κύριος
582 2039 745 2106 ετοῖς
767 2038 922 2103 υίοῖς
951 2037 1207 2108 Ἰσραήλ.
1234 2039 1344 2093 Κσιλ⁷
1377 2039 1482 2111 μὴν
1503 2037 1582 2102 είς
1608 2035 1676 2110 ἦν
1694 2042 1721 2092 6
1751 2039 1857 2106 πλη
1867 2056 1932 2109 μ-

352 2127 610 2198 μελησας.
662 2122 788 2187 Πῶς
831 2117 924 2176 οὖν
973 2122 1403 2195 ἐπλημμέλησαν
1447 2124 1495 2175 οἱ
1546 2123 1651 2175 υἱοὶ
1693 2122 1927 2193 Ἰσραὴλ,

349 2213 444 2264 καὶ
472 2207 730 2280 ἐθυμώθη
764 2206 969 2280 Κύριος
996 2209 1106 2270 τοῖς
1147 2209 1279 2271 υἱοῖς
1321 2205 1575 2278 Ἰσραήλς
1617 2206 1778 2277 Ὁρᾷς
1815 2207 1932 2270 πῶς

348 2300 382 2367 ἡ
428 2293 523 2349 τοῦ
572 2293 691 2356 ἐνὸς
738 2292 981 2362 ἁμαρτία
1021 2290 1185 2345 παντὶ
1238 2289 1316 2361 τῷ
1367 2289 1482 2361 λαῷ
1520 2289 1616 2360 τὴν
1662 2290 1930 2362 τιμωρίαν

348 2378 710 2452 προεξένησες
750 2375 866 2438 πῶς
901 2375 1038 2446 πρὸς
1066 2375 1128 2427 :6
1159 2374 1360 2445 πλῆθος
1384 2375 1473 2427 τὸν
1506 2374 1636 2428 Θεὸν
1684 2373 1932 2439 ἐξεπολέ-

353 2479 564 2534 μωσεν;
605 2459 758 2512 Ὲπεὶ
787 2455 879 2512 οῦν
901 2458 960 2511 :6
986 2458 1304 2528 παράνομον
1332 2457 1605 2529 ἐπράχθη,
1629 2459 1724 2512 καὶ
1757 2458 1930 2522 οὐδεὶς

347 2544 415 2618 ἦν
448 2547 477 2598 6
504 2541 782 2606 συνειδὼς,
805 2542 946 2612 πλὴν
978 2541 1135 2612 μόνον
1169 2541 1263 2593 τοῦ
1297 2541 1365 2594 τὰ
1400 2540 1606 2613 κρύφια
1634 2542 1928 2610 γινώσκον-

343 2649 436 2694 τος
468 2628 628 2694 Θεοῦ,
654 2628 686 2698 ἡ
720 2627 816 2696 μὲν
839 2624 1080 2696 τιμωρία
1103 2623 1346 2694 ἔμελλεν,
1380 2627 1407 2678 6
1430 2625 1486 2677 δὲ
1508 2624 1718 2697 πράξας
1747 2625 1925 2690 τοῦτο,

347 2713 448 2768 κᾶν
474 2713 649 2766 ἐδόκει
686 2708 991 2773 λανθάνειν,
1023 2709 1139 2761 ἀλλ’
1171 2709 1319 2780 ὅμως
1349 2708 1455 2762 ύπό
1481 2708 1575 2762 τοῦ
1605 2709 1924 2774 συνειδότος,

346 2801 422 2862 ῶς
474 2797 580 2850 ὑπὸ
628 2795 800 2867 πυρὸς
864 2793 1206 2847 κατεκαίετο.
1242 2789 1413 2846 τΗλθε
1461 2793 1640 2847 τοίνυν
1689 2793 1784 2845 καὶ
1829 2795 1928 2864 τῆς

344 2881 574 2952 ἀπειλῆς
623 2879 652 2931 6
709 2877 930 2950 καιρὸς,
989 2878 1083 2930 καὶ
1139 2875 1235 2930 τοῦ
1294 2875 1529 2947 φανερὸν
1565 2876 1817 2944 γενέσθαι
1866 2876 1928 2929 :6

343 2966 562 3037 άμάρτη
573 2982 665 3034 μα.
698 2960 1038 3016 Ἀπέστειλε
1066 2961 1195 3031 γάρ,
1222 2960 1406 3030 φησὶν,
1441 2959 1676 3026 Ἰησοῦς
1705 2959 1928 3027 ἄνδρας

343 3051 462 3106 ἀπὸ
507 3047 722 3118 Ἰεριχὼ
755 3049 840 3113 εἰς
893 3045 1025 3100 Γαῖ.
1086 3046 1198 3099 Καὶ
1256 3044 1566 3112 ἀνέϐησαν
1612 3044 1741 3098 ἐκεῖ
1783 3045 1928 3099 ὡσεὶ

339 3135 662 3204 τρισχίλιοι
689 3131 917 3200 ἄνδρες,
946 3131 1044 3184 καὶ
1063 3131 1291 3199 ἔφυγον
1312 3127 1431 3182 ἀπὸ
1461 3128 1786 3196 προσώπου
1807 3127 1927 3181 τῶν

339 3217 578 3288 ἀνδρῶν
599 3217 729 3281 Γαῖ,
753 3216 853 3269 καὶ
883 3215 1248 3268 ἀπέκτειναν
1267 3212 1368 3266 ἀπ’
1386 3209 1587 3265 αὐτῶν
1610 3211 1926 3280 τριάκοντα

339 3303 438 3356 καὶ
468 3303 537 3367 ἒξ
576 3299 822 3368 ἄνδρας,
865 3298 962 3352 καὶ
997 3295 1338 3360 ἀπεδίωξαν
1365 3295 1606 3361 αὐτοὺς,
1647 3295 1744 3355 καὶ
1777 3312 1927 3350 συν-

338 3389 592 3457 έτριψαν
611 3385 854 3449 αὐτοὺς,
887 3383 982 3436 καὶ
1013 3380 1276 3449 ἐπτοήθη
1307 3377 1345 3447 ἢ
1370 3379 1583 3449 καρδία
1612 3379 1719 3434 τοῦ
1746 3381 1922 3448 λαοῦ,

338 3471 436 3528 καὶ
467 3469 705 3540 ἐγένετο
737 3465 939 3534 ὥσπερ
965 3464 1140 3533 ὕδωρ.

412 3561 487 3621 ς’.
503 3556 646 3625 Ὅρα
667 3553 797 3624 μιᾶς
814 3550 1087 3620 ἁμαρτίας
1104 3547 1408 3620 εἴσπραξιν,
1431 3549 1532 3619 ὅρα
1556 3548 1768 3620 πληγὴν
1784 3549 1926 3602 άπα-

338 3708 509 3793 δῆμον
541 3723 569 3774 6
600 3720 830 3781 θάνατος
864 3717 957 3770 καὶ
1002 3717 1035 3787 ἡ
1063 3715 1235 3768 δειλία
1268 3713 1526 3768 ἐπέπεσε.
1574 3715 1638 3766 Τί
1668 3715 1847 3778 τοῦτο,
1878 3708 1924 3768 ὦ

337 3805 605 3875 φιλάγαθε
627 3803 870 3856 Δέσποτα
892 3818 906 3866 ;
942 3799 1014 3851 Σὺ
1043 3793 1094 3850 εί
1118 3797 1278 3868 μόνος
1296 3797 1522 3864 δίκαιος,
1545 3799 1640 3851 καὶ
1671 3797 1846 3860 εὐθεῖς
1866 3800 1921 3852 αί

336 3890 545 3962 κρίσεις
575 3904 689 3941 σου.
723 3887 797 3938 Σὺ
832 3884 1048 3953 ἑκάστῳ
1080 3881 1220 3936 κατὰ
1253 3880 1323 3934 τὰ
1355 3883 1530 3934 οἰκεῖα
1562 3882 1698 3954 ἔργα
1729 3883 1922 3936 ἀπονέ-

337 3990 458 4044 μεις
504 3970 601 4042 τὴν
653 3969 855 4042 κρίσιν.
904 3968 975 4020 Σὺ
1006 3967 1164 4037 ἔφης,
1217 3965 1590 4036 φιλάνθρωπε,
1629 3967 1686 4018 ἐν
1714 3968 1780 4037 τῇ
1817 3965 1922 4038 ἰδία

333 4057 564 4110 ἕκαστον
592 4051 978 4108 ἀποθανεῖσθαι
1007 4049 1271 4122 ἁμαρτίᾳ,
1306 4049 1398 4102 καὶ
1436 4049 1511 4120 μὴ
1547 4051 1574 4088 ά
1602 4049 1760 4104 ἄλλον
1800 4050 1922 4104 ἀντὶ

331 4141 490 4192 ἄλλου
527 4135 1032 4209 τιμωρηθήσεσθαι.
1063 4133 1170 4197 Τίς
1215 4130 1309 4187 οῦν
1353 4133 1492 4203 αῦτη
1533 4136 1566 4204 ἡ
1595 4133 1777 4187 δικαία
1825 4153 1918 4189 σου

332 4225 512 4294 ψῆφος
540 4242 554 4290 ;
589 4222 747 4275 Καλά
778 4237 870 4273 σου
919 4217 986 4272 τά
1013 4219 1213 4283 πάντα,
1246 4217 1439 4289 Κύριε,
1481 4219 1576 4270 καὶ
1607 4217 1726 4274 λίαν
1755 4217 1915 4282 καλὰ,

331 4309 426 4362 καὶ
457 4307 592 4378 πρὸς
623 4305 682 4357 :6
710 4303 986 4373 συμφέρον
1005 4304 1137 4371 ἡμῖν
1164 4300 1609 4372 οἰκονομούμενα.
1642 4301 1803 4372 Λύμη
1833 4303 1920 4364 τίς

331 4395 469 4452 ἐστι,
516 4387 700 4457 φησὶν,
733 4388 767 4457 ἠ
805 4385 1052 4455 ἁμαρτία
1075 4399 1088 4414 ⁸
1137 4383 1330 4437 οὐκοῦν
1369 4384 1803 4454 ἐκπομπευέσθω
1830 4383 1917 4438 διὰ

330 4474 431 4544 τῆς
453 4469 726 4541 τιμωρίας
756 4471 836 4530 εἰς
870 4468 1099 4528 πάντας,
1136 4466 1222 4518 ἵνα
1252 4465 1325 4536 μὴ
1357 4458 1481 4528 τοὺς
1513 4467 1719 4529 πάντας
1753 4484 1919 4520 κατα-

329 4557 662 4628 λυμήνηται,
691 4552 778 4605 ἵνα
799 4549 1017 4619 γνόντες
1039 4547 1214 4618 πόσην
1229 4548 1456 4619 ἀπειλὴν
1489 4548 1589 4620 μία
1608 4548 1917 4619 παράϐασις

331 4641 507 4704 ἔτεκε,
533 4636 750 4706 φύγωσι
777 4635 878 4704 τὴν
903 4635 966 4685 ἐκ
997 4629 1258 4684 πλειόνων
1288 4631 1644 4702 ἀτελεύτητον
1663 4632 1912 4689 κόλασιν.

343 4723 489 4778 Ἰδὼν
515 4717 630 4786 οὖν,
657 4719 840 4790 φησὶν,
863 4718 890 4769 6
915 4713 1121 4786 Ἰησοῦς
1144 4713 1240 4784 τὴν
1267 4714 1636 4770 ἀνυπόστατον
1664 4715 1839 4787 φυγὴν
1865 4726 1912 4782 ε,

329 4805 580 4878 διέρρηξε
611 4802 681 4856 τὰ
726 4800 916 4871 ἱμάτια
960 4796 1146 4860 αὐτοῦ,
1177 4797 1270 4850 καὶ
1305 4797 1498 4852 ἔπεσεν
1537 4799 1630 4852 ἐπὶ⁸
1659 4800 1758 4871 τὴν
1788 4801 1912 4870 γῆν,

329 4890 571 4950 ἐκείνους
588 4887 714 4948 τοὺς
742 4885 971 4954 θρήνους
993 4881 1310 4952 τραγῳδῶν,
1339 4880 1430 4946 οὒς
1454 4884 1488 4952 ὴ
1511 4882 1629 4935 θεία
1659 4883 1913 4954 σημαίνει

330 4972 540 5043 Γραφή.
566 4970 630 5021 Τί
665 4964 756 5020 οὖν
789 4969 922 5037 πρὸς
953 4965 1115 5019 αὑτὸν
1142 4967 1170 5017 6
1203 4965 1520 5035 Δεσπότης;
1561 4965 1910 5034 Ἀνάστηθν

329 5056 431 5109 ἵνα
469 5052 527 5105 τί
571 5051 724 5104 οὕτω
759 5047 1242 5119 συμπέπτωκας;
1295 5047 1663 5117 Ἡμάρτηκεν
1701 5053 1734 5104 ό
1761 5051 1911 5116 λαός

328 5155 466 5204 σου,
507 5135 606 5191 καί
655 5135 884 5203 παρέϐη
932 5133 1048 5201 τὴν
1079 5131 1374 5201 διαθήκην
1405 5149 1545 5201 μου,
1582 5133 1681 5187 καὶ
1721 5135 1793 5187 οὐ
1824 5133 1910 5202 μὴ

389 5357 416 5384 ι
441 5355 549 5405 ι)υο
591 5348 908 5413 ἐξολοθρεύσῃ.
958 5345 1086 5396 Infra
1107 5347 1450 5413 παραϐᾳοῆναι.
1497 5345 1553 5395 In
1588 5345 1715 5394 hanc
1741 5359 1909 5396 vocem

327 5424 466 5469 notat
484 5416 632 5464 Savil.
667 5414 718 5461 in
739 5409 990 5473 inargLyp.
1023 5409 1416 5473 «0906mmng

388 5479 419 5522 b
449 5479 584 5528 Unus
603 5469 871 5538 παράϐασιν
889 5469 1215 5538 ἐξεκαλέσατο.
1239 5469 1364 5518 Ἀλλ’
1387 5469 1515 5531 ὅμως
1531 5471 1557 5517 6
1578 5469 1719 5530 νόμος
1740 5470 1905 5526 οὕτως.

328 5542 437 5592 Mox
461 5543 649 5601 aliquot
671 5532 784 5601 ἕαδε,
810 5532 1166 5601 ἀπεκρεμάσθητ
1239 5593 1248 5601 ,
1324 5589 1334 5599 .

389 5607 413 5635 ε
447 5591 582 5651 υιιιίς
603 5600 718 5662 ὀργὴ
743 5591 1111 5662 Κυρίουζαὶςιυε
1136 5593 1204 5642 ita
1238 5591 1361 5662 legi}
1381 5591 1624 5662 Ergsmps‘.

387 5664 416 5704 ἀ
440 5654 686 5723 Ουίιιίιυὶξί
703 5654 1528 5723 ιηςε.’ἄλλον-ἆντιτιμωρηθήσεσθαι
1543 5654 1717 5718 ἑτέρου.

389 5729 414 5759 ο
431 5713 527 5783 ’ἰὴν
546 5713 868 5770 ἀνυπόστατον
888 5718 1051 5782 φυγήν.
1080 5713 1308 5783 Ετέειῐίυξ.
1327 5717 1491 5775 vertit,
1503 5713 1668 5781 {again
1690 5713 1796 5783 s‘isti
1814 5729 1908 5783 non

327 5777 557 5844 passam
577 5783 787 5832 dubitari
812 5777 1066 5843 pot'est,an
1093 5793 1152 5828 ea
1171 5780 1236 5844 si}
1251 5778 1500 5844 Chrysos}.
1527 5777 1684 5826 niehs.
1711 5777 1908 5844 ’Amé-

327 5838 498 5900 ἆτατον
525 5846 674 5909 φυγήν
691 5838 827 5909 τοι-ιε’
840 5845 966 5893 veni
987 5851 1174 5906 posset,
1195 5839 1362 5906 fugam
1382 5838 1520 5906 cujus
1539 5852 1684 5891 causa
1704 5842 1776 5892 vel
1799 5852 1906 5890 ma-

327 5911 446 5965 teria
463 5906 557 5961 non
581 5906 857 5970 apparebat,

1103 263 1161 318 S.
1197 256 1481 318 JOANNIS
1517 253 2006 318 CHRYSOSTOMI
2049 259 2364 317 ARCHIEP.
2404 254 2947 316 CONSTANTINOP.

3501 252 3596 313 106

2043 373 2409 440 δυνήσονται
2444 375 2497 426 οὶ
2536 370 2654 425 υίοί
2698 368 2935 437 Ἰσραὴλ
2976 364 3195 434 στῆναι
3237 363 3387 417 κατὰ
3425 363 3595 432 πρόσ-

2042 473 2206 510 ωπον
2230 457 2348 510 τῶν
2371 453 2598 524 ἐχθρῶν
2619 453 2836 516 αὐτῶν,
2867 453 2978 516 ἕως
2999 451 3075 503 ἂν
3102 449 3353 517 ὲξὰρητε
3374 448 3436 502 τὸ
3461 450 3596 502 ἀνά·

2040 545 2196 608 θημα
2216 539 2284 604 ἐξ
2319 538 2484 609 ὑμῶν
2506 536 2723 592 αὐτῶν.
2772 536 2900 605 Ἐκη
2911 533 3082 605 ρύχθη
3104 533 3280 585 τοίνυν
3307 534 3362 583 ἐν
3397 531 3466 603 τῷ
3495 531 3600 602 λαῷ

2039 623 2216 684 τοῦτο,
2253 624 2344 675 καὶ
2377 621 2638 692 μηνύεται
2662 619 2766 673 ὑπὸ
2799 619 2932 672 Θεοῦ
2954 619 2982 671 ό
3010 617 3110 688 τὴν
3139 616 3446 688 παράϐασιν
3467 617 3601 688 πρά-

2041 706 2136 771 ξας
2158 723 2170 736 ν
2199 705 2654 774 συγκατατίθεται
2689 697 2862 765 οὗτος.
2913 699 3206 772 Ἀπεκρίθη
3246 699 3384 768 γάρ,
3418 700 3598 768 φησὶν,

2044 791 2221 861 Ἀχαρ
2275 788 2352 860 τῷ
2412 788 2618 857 Ἰησοῦ,
2666 788 2759 840 καὶ
2804 783 2990 838 εἶπεν·
3042 783 3297 851 Ἀληθῶς
3349 783 3604 852 ἥμαρτον

2038 874 2316 926 ἐναντίον
2342 872 2448 926 τοῦ
2479 872 2698 938 Κυρίου
2722 868 2869 924 Θεοῦ
2909 867 3152 937 Ἰσραήλ
3173 883 3187 897 ⁶
3209 867 3362 920 οὕτω
3392 866 3480 920 καὶ
3506 868 3601 920 οὕ-

2039 973 2144 1021 τως
2163 956 2440 1023 ἐποίησα.
2467 953 2649 1009 Εἶδον
2669 955 2739 1006 ἐν
2761 951 2836 1021 τῇ
2856 949 3127 1020 προνομῇ
3145 949 3382 1018 στολὴν
3397 950 3601 1019 ψιλὴν,

2039 1041 2346 1107 ποικίλην,
2385 1040 2527 1093 λίαν
2563 1037 2584 1077 ί
2625 1037 2844 1105 καλὴν,
2890 1035 2988 1090 καὶ
3024 1035 3303 1088 διακόσια
3325 1033 3605 1104 δίδραχμα

2039 1122 2344 1192 ἀργυρίου.
2370 1123 2468 1177 καὶ
2499 1122 2790 1192 γλῶσσαν
2806 1121 2955 1191 μίαν
2976 1118 3219 1188 χρυσῆν
3242 1117 3606 1185 πεντήκοντα

2037 1205 2393 1274 διδρὰχμων,
2420 1205 2516 1260 καί
2547 1206 2900 1274 ἐνθυμηθείς
2922 1205 3162 1266 ἔλαϐον,
3187 1201 3338 1273 [1051
3366 1202 3457 1255 καὶ
3483 1201 3608 1256 ίδοὺ

2038 1290 2221 1342 ταῦτα
2268 1289 2665 1358 ἐγκέκρυπται
2695 1289 2764 1343 ὲν
2795 1288 2870 1357 τῇ
2903 1287 2981 1358 τῇ
3020 1289 3089 1341 ἐν
3117 1286 3190 1354 τῇ
3237 1287 3436 1353 σκηνῇ
3467 1305 3602 1354 μου.

2039 1372 2222 1426 Πάντα
2253 1373 2438 1427 λοιπὸν
2467 1374 2548 1437 είς
2593 1372 2822 1444 φανερὸν
2866 1373 3008 1441 ἄγει,
3050 1369 3236 1438 ἐπειδὴ
3280 1370 3478 1439 ἀψευδῆ
3520 1369 3610 1421 τὸν

2037 1455 2210 1510 ταῦτα
2254 1456 2714 1528 καταμηνύσαντα
2747 1455 2914 1527 ἐώρα,
2965 1455 3191 1526 σφοδρόν
3225 1463 3249 1501 ε
3287 1470 3347 1506 τε
3385 1448 3492 1522 εἶχε
3522 1453 3612 1505 τὸν

2038 1539 2326 1610 ἐλέγχοντα
2359 1541 2534 1612 μάρτυ
2545 1558 2630 1612 ρα.
2658 1540 2799 1613 Ὅρα
2819 1541 2875 1593 δὲ
2898 1540 2989 1593 τὸν
3011 1537 3370 1593 ἐπονείδιστον
3387 1539 3476 1590 καὶ
3496 1537 3611 1588 όλέ-

2039 1623 2188 1693 θριον
2239 1623 2404 1676 αὑτοῦ
2458 1623 2682 1678 θάνατον
2707 1641 2720 1655 ο
2789 1622 3127 1691 Ἀνήνεγκε,
3182 1621 3380 1691 φησὶν,
3427 1621 3614 1675 αὑτιῗν

2051 1708 2290 1774 Ἰησοῦς
2335 1710 2423 1774 εὶς
2453 1709 2725 1777 φάραγγα
2765 1706 2964 1775 Ἀχὼρ,
3004 1706 3101 1759 καὶ
3141 1705 3286 1772 τοὺς
3309 1705 3475 1771 υἱοὺς
3503 1707 3611 1758 αὺ-

2039 1791 2164 1855 τοῦ,
2197 1790 2295 1844 καὶ
2327 1791 2434 1856 τὰς
2460 1790 2783 1861 θυγατέρας
2804 1790 3013 1855 αὑτοῦ,
3041 1789 3138 1843 καί
3172 1789 3312 1855 τοὺς
3337 1789 3616 1858 μόσχους

2036 1876 2240 1942 αὐτοῦ,
2275 1877 2371 1930 καὶ
2397 1877 2470 1930 τὰ
2487 1875 2771 1946 ὑποζύγια
2789 1873 3000 1941 αὐτοῦ,
3031 1875 3131 1928 καὶ
3158 1873 3354 1927 πάντα
3373 1873 3442 1926 τὰ
3467 1873 3614 1940 πρό-

2037 1961 2184 2014 ϐατα
2216 1960 2425 2027 αὑτοῦ,
2471 1961 2569 2014 καὶ
2601 1959 2719 2028 τὴν
2757 1958 3004 2026 σκηνὴν
3037 1956 3244 2021 αὐτοῦ,
3288 1958 3385 2011 καὶ
3416 1956 3619 2010 πάντα

2036 2045 2152 2098 ὅσα
2183 2045 2466 2114 ὑπῆρχον
2513 2043 2673 2109 αὐτῷ
2707 2042 2805 2097 καὶ
2840 2043 3280 2110 ἐλιθοϐόλησαν
3305 2040 3454 2095 αὐτὰ
3494 2040 3619 2108 πᾶς

2049 2128 2294 2197 Ἰσραὴλ
2334 2130 2404 2182 ἐν
2436 2129 2649 2196 λίθοις.
2674 2142 2676 2144 ·
2699 2127 2847 2198 Αὕτη
2885 2127 2986 2196 τῆς
3027 2125 3372 2198 παρανομίας
3417 2125 3450 2196 ἡ
3487 2125 3622 2178 ἀντ-

2035 2213 2306 2276 απόδοσις,
2357 2213 2530 2276 οὓτως
2571 2215 2605 2284 ἡ
2644 2212 2740 2265 τοῦ
2791 2209 2927 2264 Θεοῦ
2965 2209 3260 2272 ἀδέκαστός
3297 2209 3412 2262 ἐστι
3464 2207 3619 2277 δίκη.

2035 2295 2205 2351 Τοῦτο
2224 2297 2403 2351 τοίνυν
2423 2296 2640 2362 εἰδότες,
2667 2294 2880 2348 οἰκείων
2902 2292 3314 2365 ἁμαρτημάτων
3327 2292 3625 2363 εἴσπραξιν

2034 2380 2131 2453 τὴν
2161 2381 2269 2434 τῶν
2300 2379 2538 2450 ἀνιαρῶν
2569 2378 2754 2449 ἔφοδον
2796 2377 3138 2447 λογιζώμεθα
3172 2378 3263 2431 καὶ
3311 2377 3432 2430 καθ’
3482 2375 3623 2429 ἐκά-

2035 2483 2166 2535 στην
2190 2465 2257 2519 τά
2288 2464 2496 2518 ἐαυτῶν
2526 2461 2871 2528 ἐξετάζοντες
2903 2462 3243 2532 ἐγκλήματα,
3280 2460 3354 2532 μὴ
3382 2460 3627 2532 ἑτέροις,

2032 2549 2145 2602 ἀλλ’
2177 2550 2308 2619 ἡμῖν
2336 2548 2520 2609 αὐτοῖς
2540 2546 2636 2619 τὴν
2663 2546 2865 2600 τούτων
2889 2546 3282 2617 περιάπτωμεν
3306 2544 3513 2598 αἰτίαν.
3545 2547 3627 2597 06

2031 2631 2140 2703 γάρ
2173 2635 2205 2704 ἡ
2239 2631 2348 2685 τῶν
2375 2631 2652 2704 ἀρχόντων
2689 2630 2847 2701 μόνον
2885 2625 3205 2698 ἀπροσεξία,
3245 2626 3380 2680 ἀλλὰ
3430 2625 3630 2697 πολλῷ

2035 2715 2235 2786 μᾶλλον
2249 2715 2317 2767 τὰ
2336 2716 2578 2786 ἡμέτερα
2607 2714 2924 2783 πταίσματα
2944 2711 3011 2764 τὰ
3031 2711 3177 2764 κακὰ
3199 2711 3628 2780 συνεισήγαγεν.

2032 2798 2187 2852 Οὕτω
2215 2800 2394 2851 τοίνυν
2427 2797 2657 2851 ἐνταῦθα
2687 2795 3120 2866 παραγινόμενος
3146 2795 3394 2857 ἕκαστος,
3423 2793 3530 2846 καὶ
3558 2792 3633 2844 τά

2030 2883 2204 2948 οἰκεῖα
2232 2882 2580 2952 λογιζόμενος
2615 2878 3062 2952 παραπτώματα,
3093 2877 3214 2930 οὔτε
3248 2877 3434 2948 ἕτερον
3472 2875 3632 2948 μέμ-

2029 2966 2203 3036 ψοιτο,
2237 2968 2331 3018 καὶ
2364 2965 2501 3037 μετὰ
2532 2965 2631 3034 τῆς
2659 2962 3042 3034 προσηκούσης
3072 2961 3324 3026 εὐταξίας
3349 2960 3452 3032 τὴν
3476 2978 3638 3032 παρ-

2029 3051 2196 3104 οῦσαν
2238 3041 2549 3121 ἀναπέμψω
2571 3051 2599 3089 h
2623 3046 2948 3115 δοξολογίαν.
2969 3045 3125 3099 Ἐστι
3152 3046 3206 3098 δὲ
3240 3047 3273 3116 ἡ
3302 3045 3432 3116 παρ’
3451 3045 3637 3115 ἡμῶν

2029 3134 2404 3205 ἀπαιτουμένη
2450 3132 2674 3198 εὐταξία
2700 3131 2921 3203 τοιαύτη
2945 3146 2960 3162 ·
2994 3131 3208 3202 πρῶτον
3259 3129 3378 3200 μὲν,
3427 3146 3640 3182 συντε-

2028 3219 2306 3292 τριμμένῃ
2339 3217 2541 3288 καρδίᾳ
2577 3215 2977 3288 προσέρχεσθαι.
3008 3213 3085 3284 τῷ
3115 3212 3254 3284 Θεῷ,
3289 3213 3488 3266 ἔπειτα
3527 3215 3641 3267 καὶ

2029 3302 2089 3356 τὸ
2124 3305 2223 3374 τῆς
2257 3301 2483 3374 καρδίας
2518 3299 2650 3371 ἦθος
2698 3299 2785 3353 διὰ
2830 3299 2923 3352 τοῦ
2959 3298 3284 3369 φαινομένου
3327 3297 3641 3368 σχήματος

2030 3385 2419 3451 ὑποδεικνύειν,
2453 3385 2539 3439 διὰ
2582 3387 2679 3455 τῆς
2711 3385 2973 3448 στάσεως,
3013 3383 3101 3436 διὰ
3129 3383 3227 3453 τῆς
3267 3380 3374 3434 τῶν
3407 3381 3642 3452 χειρῶν

2028 3469 2300 3536 εὐταξίας,
2323 3470 2409 3524 διὰ
2433 3471 2531 3540 τῆς
2561 3469 2793 3540 πραείας
2811 3467 2905 3522 καὶ
2940 3465 3376 3536 συνεσταλμένης
3399 3465 3642 3535 φωνῆς.

2027 3555 2262 3610 Εὕκολον
2303 3553 2413 3624 γὰρ
2443 3553 2622 3616 τοῦτο,
2666 3551 2760 3606 καὶ
2805 3551 2970 3605 παντὶ
2997 3551 3075 3622 τῷ
3110 3549 3416 3620 βουλομένῳ
3453 3548 3642 3602 δυνα-

2029 3639 2141 3693 τόν.
2184 3640 2310 3703 Πῶς
2351 3633 2444 3692 οῦν
2486 3632 2563 3700 εἷς
2605 3635 2814 3698 πάντας
2854 3633 3363 3706 κατορθωθήσεταις
3411 3631 3642 3702 Θῶμεν

2026 3725 2238 3787 ἑαυτοῖς
2284 3723 2466 3792 νόμον,
2518 3721 2611 3774 καὶ
2649 3720 2892 3790 εἴπωμεν
2935 3720 3016 3772 ὅτι
3053 3716 3383 3788 κοινωφελὴς
3418 3717 3642 3790 ἐντολὴ

2025 3808 2356 3879 κατεϐλήθη,
2394 3808 2487 3861 καὶ
2514 3807 2594 3860 δεῖ
2619 3805 2825 3868 πάντας
2851 3805 3000 3876 ἡμᾶς
3025 3802 3282 3872 τοιαύτης
3315 3805 3642 3872 μετασχεῖν

2023 3873 2441 4039 ὠφελείας.Χιὰ
2473 3890 2628 3943 τοῦτο
2656 3890 2750 3943 καὶ
2794 3888 2891 3950 τὰς
2927 3889 3194 3950 ἀτάκτους
3224 3886 3623 3952 κατασιγάσω

2028 3995 2127 4039 μεν
2154 3975 2305 4039 φωνὰ
2344 4016 2356 4039 ,
2385 3975 2478 4028 καὶ
2507 3974 2575 4027 τά
2598 3974 2706 4026 τῶν
2736 3965 2933 4039 χειρῶν
2956 3971 3397 4039 καταστείλωμεν
3423 3969 3554 4039 ἤθη
3598 3974 3612 4010 i

2028 3995 2127 4048 μεν
2154 3965 2478 4045 φωνάῶκαὶ
2507 3974 2575 4027 τά
2598 3974 2706 4026 τῶν
2736 3965 2933 4043 χειρῶν
2956 3971 3397 4040 καταστείλωμεν
3423 3969 3554 4041 ἤθη
3598 3974 3612 4010 i
3637 4015 3642 4034 ,

2024 4062 2316 4131 δεδεμένας
2353 4059 2556 4121 ταύτας
2590 4058 3016 4128 παριστάνοντες
3053 4055 3130 4126 τῷ
3164 4053 3320 4124 Θεῷ,
3376 4055 3487 4106 καὶ
3560 4057 3642 4126 μέ*

2024 4147 2134 4209 τοῖς
2151 4145 2413 4214 ἀκόσμοις
2441 4141 2811 4211 ἐπαιρομένας
2838 4139 3088 4209 νεύμασι.
3123 4139 3291 4192 Μισεῖ
3310 4136 3418 4208 γάρ
3452 4139 3642 4193 τοῦτ(

2022 4230 2118 4284 καὶ
2152 4227 2554 4298 ἀποστρέφεται
2578 4228 2606 4279 6
2639 4225 2794 4288 Θεὸς.
2828 4223 3015 4294 ῶσπερ
3055 4221 3145 4275 τὸν
3177 4220 3642 4292 συνεσταλμένον

2022 4313 2210 4384 ἀγαπᾷ
2248 4313 2343 4365 καὶ
2378 4309 2662 4382 προσίεται
2685 4325 2699 4341 ο
2752 4307 2876 4360 Ἐπί
2913 4308 3049 4361 τίνα
3081 4306 3210 4377 γάρ,
3249 4306 3440 4376 φησὶν,
3496 4309 3642 4364 ἐπι.

2021 4396 2244 4464 ϐλέψω,
2274 4395 2409 4450 ἀλλ’
2441 4395 2479 4463 ἢ
2518 4393 2617 4446 ἐπὶ
2667 4391 2772 4445 τόν
2812 4389 3005 4459 πρᾶον
3044 4390 3142 4444 καὶ
3186 4391 3490 4459 ἡσύχιον,
3534 4410 3636 4448 κα

2026 4477 2311 4549 τρέμοντα
2333 4495 2453 4548 μου
2476 4476 2618 4543 τοὺς
2647 4478 2869 4544 λόγους
2893 4490 2909 4537 ;
2935 4474 3194 4544 Είπωμεν
3220 4473 3519 4543 ἀλλήλοις,
3558 4476 3636 4530 ὅτ

2021 4564 2080 4616 06
2128 4562 2370 4633 βούλεται
2400 4561 2548 4632 αὐτῷ
2588 4557 3138 4630 προσδιαλεγομένους
3173 4558 3318 4627 ἡμᾶς
3353 4557 3456 4611 καὶ
3493 4560 3642 4613 ἑαυι

2019 4650 2132 4710 τοῖς
2161 4646 2529 4718 προσομιλεῖν,
2565 4644 2685 4698 οὐδὲ
2713 4642 2947 4712 ἀφέντας
2974 4642 3072 4710 τὴν
3113 4639 3248 4711 πρὸς
3292 4641 3465 4694 αὐτὸν
3509 4643 3642 4698 διάι

2019 4731 2183 4796 λεξιν,
2225 4729 2324 4794 τὰς
2355 4730 2463 4784 τῶν
2515 4729 2795 4798 παρόντων
2847 4727 3121 4780 ἀνακινεῖν
3156 4725 3486 4794 συντυχίας,
3546 4745 3642 4783 κει

2016 4815 2094 4886 τῷ
2124 4813 2369 4886 βορϐόρῳ
2396 4812 2522 4876 τοὺς
2547 4811 2893 4883 μαργαρίτας
2921 4809 3239 4880 ἁναφύρειν.
3269 4807 3494 4878 ’Ὕϐριν
3525 4813 3642 4884 γὰ,

2018 4897 2245 4960 οἰκείαν,
2289 4897 2384 4950 καὶ
2421 4895 2480 4948 οὐ
2511 4893 2816 4962 δοξολογίαν
2849 4893 2910 4945 τὸ
2939 4890 3175 4944 τοιοῦτον
3214 4891 3466 4961 ἡγεῖται.
3512 4894 3641 4949 Κᾶ,

2017 4999 2101 5044 τις
2125 4978 2410 5051 βουληθείη
2435 4977 2638 5048 ταύτην
2665 4975 2978 5048 παραϐῆναι
3004 4973 3101 5046 τὴν
3132 4973 3368 5045 ἐντολὴν,
3389 4975 3514 5028 ἐπι
3526 4995 3642 5034 στς

2021 5065 2266 5135 μίσωμεν
2299 5063 2345 5126 i,
2393 5061 2469 5126 ὡς
2525 5059 2813 5115 ἐπίϐουλον
2862 5062 2961 5130 τῆς
3004 5058 3278 5130 ἡμετέρας
3325 5062 3642 5131 σωτηρία.

2015 5145 2421 5216 ἀποδιώξωμεν,
2453 5144 2558 5209 ἐξω
2585 5143 2694 5197 τῶν
2728 5143 3031 5213 περιϐόλων
3057 5141 3155 5212 τῆς
3193 5139 3354 5208 ἁγίας
3397 5141 3641 5216 ἐκκληι

2016 5231 2137 5294 σίας
2156 5229 2493 5299 ἐκϐάλωμεν.
2513 5228 2668 5281 Οὕτω
2689 5227 2798 5298 γὰρ
2823 5225 3122 5288 ποιοῦντες,
3142 5223 3209 5276 τὰ
3237 5223 3334 5293 μὲν
3355 5225 3579 5292 πρό-τε.
3593 5246 3642 5300 ρι

2015 5315 2381 5386 ἁμαρτήματα
2406 5311 2602 5382 ῥᾳδίως
2622 5310 3017 5381 ἀπονιψόμεθα,
3033 5309 3192 5362 αὐτὸν
3207 5307 3262 5360 δὲ
3279 5305 3369 5359 τὸν
3394 5309 3492 5361 Δε
3506 5314 3642 5366 σπό

2081 5466 2100 5504 τ
2130 5469 2350 5529 Προνομῇ
2375 5464 2548 5529 στολὴν
2571 5462 2789 5529 ποικίλην
2812 5461 2914 5509 λίαν
2941 5461 3106 5529 καλήν.
3135 5459 3243 5508 Duo
3273 5453 3359 5529 κιῇί
3379 5472 3642 5529 nemo};

2012 5531 2153 5586 ψιλὴν
2175 5523 2392 5582 ποικίλην
2418 5526 2526 5587 μίαν
2547 5524 2714 5581 καλήν.
2729 5523 2960 5573 Erasmus
2969 5523 3182 5584 priorem
3199 5523 3409 5568 secutus
3442 5523 3642 5576 lectic

2013 5604 2143 5647 nem,
2169 5590 2277 5648 μίαν
2300 5589 2448 5644 καλήν
2470 5588 2610 5648 legit.

2073 5653 2099 5692 8
2135 5651 2273 5702 Unus
2293 5651 2500 5712 ἀσφαλῆ.

2073 5713 2100 5751 ιι
2128 5714 2264 5764 Unus
2307 5703 2650 5773 ἀναπέμψοιτο.
2674 5709 2815 5759 Alius
2842 5709 2927 5765 τήν
2949 5709 3218 5770 πρέπουσαν
3243 5703 3642 5771 ἀναπέμψοιτ,

2010 5789 2109 5877 n0?
2129 5779 2362 5886 ἳιῖίιῗίκαὶ
2385 5836 2469 5892 τήν
2489 5835 2585 5883 τῶν
2607 5835 2779 5897 χειρῶν
2802 5833 3186 5892 καταστεὶλωμεν
3205 5828 3521 5883 συνήθειαν,

2079 5901 2092 5952 i
2126 5899 2260 5949 Unus
2279 5899 2486 5957 ἐντολὴν,
2511 5897 2878 5959 ἐπιτιμήσωμεν,
