3696 6278
125 312 201 369 ns
1102 315 1167 371 IN
1206 314 1429 382 1LLUD,
1470 315 1605 372 VIDI
1645 318 1969 389 DOMINUM,
2013 323 2242 382 HOMIL.
2282 326 2322 385 Ι.

121 435 231 479 terat
254 421 514 480 lsi-solitas
537 427 945 497 transmisisset,
997 426 1428 500 admovissetun
1451 432 1657 486 exerci-

121 530 204 572 tum
242 530 420 574 contra
464 520 721 589 Jericho,
767 536 959 577 novam
1006 523 1150 578 illam
1204 534 1261 579 et
1294 526 1659 581 admirandam

118 610 403 666 dsidionetu
432 614 682 678 moliens,
712 628 838 668 mox
860 615 1078 669 ruituris
1107 615 1394 681 moenibus,
1426 616 1551 686 quid
1582 618 1661 673 lo-

115 702 256 769 initur
274 703 437 772 ‘apud
478 704 766 773 populum?
789 703 902 757 Erit
938 704 1206 759 anathema
1242 707 1349 761 hrec
1375 707 1586 762 civitas:
1613 718 1661 762 et

114 793 315 862 quidquid
339 803 415 846 est
442 794 499 847 in
527 811 605 857 ea,
639 793 863 849 Domino
884 796 1132 861 Sabaoth,
1162 808 1370 867 excepta
1390 798 1535 853 Raab
1564 816 1663 853 me-

111 886 265 947 retrice,
295 885 426 937 hanc
451 886 727 939 servabitis.
756 885 933 940 Cauete
961 887 1117 957 igitur
1143 888 1207 940 ab
1235 889 1573 956 anathemate,
1597 906 1660 944 ne

107 973 273 1042 ῃιηόθ
296 976 575 1044 cogitantes
604 976 815 1030 sumatis
839 993 902 1030 ea:
929 993 1007 1042 eo,
1035 985 1082 1029 et
1110 977 1331 1047 perdatis
1356 995 1448 1033 nos
1475 978 1660 1051 (Iosue

108 1070 144 1119 ti.
170 1067 240 1121 I7.
264 1066 377 1135 I8).
408 1067 738 1122 Consecrata
765 1077 910 1132 sunt,
956 1069 1146 1138 inquit,
1180 1070 1358 1125 omnia
1389 1086 1507 1141 quae
1533 1080 1659 1126 sunt

107 1160 142 1210 in
172 1158 411 1212 civitate:
442 1174 569 1213 nam
599 1158 650 1213 id
696 1169 851 1214 sonat
883 1159 1191 1215 anathema.
1231 1159 1308 1216 Nc
1334 1162 1452 1231 quis
1498 1161 1659 1231 igitur

104 1248 357 1303 sedaretur
383 1264 453 1304 ex
486 1250 548 1304 iis
578 1265 697 1320 qua:
720 1262 1033 1305 consecrata
1086 1261 1214 1306 sunt
1257 1252 1483 1308 Domino
1523 1254 1653 1317 Deo,

104 1358 268 1413 usque
292 1343 577 1412 disperdat
618 1359 650 1399 e
696 1354 855 1399 terra.
889 1344 1254 1400 Periculosum
1296 1355 1413 1399 erat
1459 1359 1658 1415 praece-

102 1449 232 1505 ptum,
255 1437 423 1491 multa
451 1436 727 1506 diligentia
758 1447 867 1491 tum
907 1438 999 1493 Dei
1029 1437 1415 1508 praecipientis,
1446 1447 1557 1493 tum
1582 1438 1657 1493 lc-

99 1545 189 1599 gein
210 1528 429 1585 ferentis
456 1530 606 1585 Jesu.
639 1530 739 1597 Qui
772 1531 915 1585 enim
956 1530 1071 1585 ﬁeri
1110 1532 1301 1601 potuit,
1336 1538 1395 1586 ιιι
1422 1531 1475 1586 in
1508 1542 1654 1587 tanta

96 1622 400 1678 altitudine
424 1639 538 1678 non
568 1623 859 1677 violaretur
885 1624 999 1679 lucc
1034 1623 1145 1689 lex,
1175 1639 1297 1679 cum
1341 1624 1521 1680 multat
1564 1639 1654 1680 res

96 1725 258 1782 essent,
299 1731 424 1785 quin
457 1714 568 1771 huc
612 1716 985 1787 impellerent?
1034 1716 1164 1771 Nam
1211 1718 1293 1773 vel
1338 1718 1656 1775 instabilitas

97 1810 183 1876 ejus
206 1808 388 1878 populi
412 1808 663 1877 lucrique
689 1810 1084 1879 eupiditas,vel
1129 1810 1268 1879 quod
1314 1826 1421 1864 non
1466 1826 1655 1866 omnes

94 1900 383 1955 audivissent
418 1900 561 1955 edici
585 1909 942 1970 praeceptum,
972 1902 1056 1956 vel
1089 1902 1379 1971 spoliorum
1426 1905 1653 1972 pretium

93 1994 202 2046 velut
224 2008 346 2048 esea
368 1993 609 2062 objecta,
638 1993 974 2064 habendique
992 1993 1178 2048 avidos
1204 1994 1238 2047 il
1248 1994 1466 2060 lectans,
1500 1995 1654 2052 facile

92 2086 271 2152 allegis
299 2085 791 2154 transgressionem
814 2084 1152 2154 perpulisset.
1187 2084 1254 2139 Et
1278 2095 1452 2141 tamen
1474 2100 1536 2141 ea
1566 2086 1651 2140 lex

92 2186 177 2229 eat
198 2178 331 2243 lata,
376 2187 546 2246 atque
576 2192 762 2231 eorum
783 2177 941 2246 capiti
971 2178 1411 2247 transgressionis
1440 2179 1652 2247 pericu-

93 2275 171 2325 lam
194 2272 530 2326 imminebat.
561 2270 699 2337 Quid
741 2271 898 2341 igitur
945 2280 1064 2340 post
1092 2271 1245 2326 hrec?
1284 2272 1654 2327 Couciderunt

92 2365 268 2430 2min,
291 2373 350 2418 et
382 2362 649 2433 quidquid
693 2372 810 2417 erat
841 2364 891 2417 in
918 2364 1135 2418 civitate
1174 2364 1317 2418 venit
1362 2365 1415 2419 in
1462 2380 1653 2421 manus

90 2456 432 2511 obidcntium.
485 2454 671 2524 Itaque
697 2470 819 2509 cum
862 2456 1139 2510 universus
1164 2456 1386 2525 populus
1416 2466 1669 2512 servaret

91 2550 161 2603 ire
195 2557 558 2619 praeceptum,
627 2547 782 2601 unius
828 2545 1191 2615 prazvaricatio
1244 2547 1296 2600 in
1349 2548 1651 2602 universam

90 2642 453 2697 lenitudinem
480 2639 771 2695 concitavit
790 2639 921 2693 iram
942 2640 1057 2695 Dei.
1077 2638 1438 2703 Peccauerunt,
1460 2640 1649 2709 inquit,

96 2735 157 2787 ibi
176 2732 343 2786 Israel
366 2741 915 2801 peccatummagnum,
943 2740 989 2783 et
1018 2729 1257 2796 sulfurati
1278 2742 1418 2793 sunt,
1442 2742 1488 2785 et
1513 2748 1652 2785 sum-

93 2835 255 2881 ma!
271 2842 344 2879 es
362 2824 713 2889 anathemate,
728 2832 773 2876 et
789 2822 1004 2892 sumpsit
1025 2822 1196 2876 Achar
1212 2823 1347 2890 ﬁlius
1369 2823 1571 2877 Charmi
1591 2839 1654 2877 ea:

92 2923 392 2987 minante,
437 2930 489 2975 et
528 2920 795 2991 indignata
837 2930 908 2974 est
957 2920 1037 2972 ira
1080 2918 1285 2971 Domini
1334 2917 1455 2984 ﬁliis
1488 2915 1653 2970 Israel

94 3016 187 3073 glas.
206 3014 257 3068 7.
288 3015 377 3084 ί).
404 3013 573 3082 Atqui
604 3025 741 3065 unus
762 3020 876 3065 erat
897 3010 984 3079 qui
1014 3017 1343 3079 peccaverat.
1372 3007 1652 3073 Quomodo

91 3111 207 3177 igitur
228 3114 604 3179 peccaverunt
633 3105 723 3159 ﬁlii
754 3104 938 3170 Israel,
987 3117 1049 3157 ac
1079 3101 1335 3157 Dominus
1374 3099 1539 3154 iratus
1567 3103 1653 3153 est

91 3204 173 3255 iis
198 3199 402 3255 Israel?
448 3197 618 3253 Vides
637 3196 902 3267 quomodo
922 3195 1082 3250 unius
1126 3201 1403 3263 peccatum
1434 3191 1526 3245 toti
1550 3204 1651 3259 po-

94 3294 177 3357 pulo
198 3292 503 3345 vindictam
534 3288 817 3343 accersiit?
870 3284 1140 3357 quomodo
1189 3284 1354 3339 Deum
1393 3281 1650 3337 adversus

92 3385 448 3439 mukudmem
474 3382 688 3437 hostem
718 3379 984 3436 reddidit?
1003 3379 1264 3446 Quoniam
1293 3375 1451 3446 igitur
1474 3373 1650 3429 fuerat

91 3487 353 3546 perpetrata
383 3475 524 3544 legis
551 3474 928 3544 transgressio,
984 3486 1158 3542 neque
1212 3470 1489 3540 quisquam
1532 3475 1651 3522 erat

95 3569 309 3629 asscitus,
342 3576 551 3636 praeter
568 3565 744 3620 solum
764 3564 930 3619 Deum
954 3564 1043 3633 qui
1070 3562 1220 3617 novit
1243 3560 1472 3623 occulta,
1515 3559 1648 3614 ultio

93 3662 253 3727 metu
288 3658 689 3715 ﬁderebatur:
724 3667 978 3712 cancrum
1018 3657 1108 3725 qui
1139 3644 1245 3709 hbe
1291 3661 1644 3723 perpetrarat,

95 3753 255 3807 messi
302 3751 599 3807 videbatur
646 3751 831 3817 latere,
859 3759 1039 3804 tamen
1077 3764 1107 3802 a
1152 3746 1475 3802 conscientia
1503 3746 1648 3800 velut

92 3845 131 3895 ἑ
147 3848 255 3915 igne
282 3846 577 3899 urebatur.
608 3843 764 3898 Venit
787 3843 949 3913 igitur
967 3849 1176 3911 tempus
1196 3855 1304 3912 quo
1323 3840 1475 3894 fieret
1500 3838 1645 3908 quod

90 3939 408 3992 mminatus
432 3937 612 3991 fuerat
638 3934 799 4002 Deus,
822 3949 1034 4005 quoque
1057 3944 1331 4002 peccatum
1357 3931 1567 3986 veniret
1592 3930 1644 3984 in

92 4029 408 4097 murium.
442 4026 611 4090 Misit,
646 4026 835 4095 inquit,
889 4023 1039 4079 Iesus
1073 4024 1205 4077 viros
1242 4022 1304 4076 ab
1338 4019 1545 4075 Iericho
1586 4020 1642 4074 iu

90 4116 165 4170 id.
192 4119 254 4173 Et
295 4121 643 4173 ascenderunt
667 4117 788 4171 illuc
815 4117 909 4170 viri
937 4121 1042 4187 fere
1069 4126 1144 4170 ter
1170 4114 1327 4181 mille,
1371 4113 1640 4183 fugerunt-

84 4228 145 4261 ω
185 4228 217 4263 a
257 4212 398 4281 {acie
431 4212 659 4263 virorum
690 4206 824 4277 Gai,
854 4218 901 4261 et
926 4208 1213 4262 occiderunt
1256 4221 1321 4259 ea:
1364 4205 1467 4258 illis
1510 4204 1642 4257 viros

271 4320 391 4369 sex,
417 4313 464 4355 et
491 4301 779 4372 persequuti
804 4311 921 4355 sunt
946 4317 1029 4355 eos
1045 4341 1060 4365 ,
1090 4309 1135 4354 et
1160 4298 1481 4353 conciderunt
1500 4295 1638 4362 illos,

82 4406 107 4439 ε
134 4395 326 4459 arenis
358 4409 450 4446 cor
479 4392 681 4462 populi,
728 4395 1012 4462 factumque
1053 4400 1125 4444 est
1152 4392 1285 4444 velut
1322 4404 1458 4458 aqua
1501 4386 1636 4460 (los.

80 4482 173 4535 ta
204 4487 256 4538 ι.
288 4486 378 4555 5).

118 4575 165 4627 6.
190 4574 326 4629 Vide
346 4575 511 4629 unius
538 4574 741 4644 peccati
770 4588 1003 4643 pinnam,
1031 4572 1154 4628 vide
1172 4572 1381 4644 plagam
1401 4568 1639 4625 acerbis-

286 4666 449 4722 Unus
504 4678 770 4735 peccarat,
818 4676 873 4721 et
917 4666 970 4721 in
1022 4665 1273 4735 populum
1330 4661 1635 4716 universali]

80 4771 185 4811 usus
206 4774 267 4813 ae
292 4759 590 4827 trepidatio
618 4759 793 4813 irruit.
825 4757 964 4825 Quid
990 4757 1112 4823 hoc,
1145 4770 1179 4810 o
1200 4756 1341 4810 bone
1375 4751 1635 4808 Domine?

80 4846 129 4901 is
148 4853 288 4907 solus
312 4854 532 4923 justus,
564 4862 620 4907 et
646 4863 795 4908 recta
827 4850 1024 4921 judicia
1056 4862 1164 4905 tua.
1195 4850 1275 4903 Tu
1310 4847 1503 4915 cuique
1552 4858 1639 4900 se-

86 4946 260 4999 mesum
303 4946 531 5016 propria
558 4945 693 5000 facta
746 4944 922 4999 reddis
963 4944 1242 5014 judicium.
1269 4944 1349 4997 Tu
1373 4985 1387 5009 ,
1419 4942 1635 4997 humani

284 5046 543 5102 amator,
580 5036 811 5089 .dixeras
860 5038 913 5090 in
960 5049 1060 5090 suo
1107 5050 1374 5105 quemque
1415 5041 1634 5104 peccato

86 5128 379 5189 Isthmum,
410 5143 509 5181 nec
539 5126 700 5181 alium
732 5141 830 5195 pro
856 5127 960 5180 alio
984 5126 1230 5180 daturum
1255 5140 1458 5194 ptenas.
1480 5123 1635 5192 Quod

90 5230 192 5277 ἐπ’
227 5224 329 5276 hoc
355 5231 445 5276 est
494 5230 644 5275 tuum
662 5221 862 5289 justum
891 5220 1147 5289 judicium
1170 5220 1193 5273 ‘2
1222 5220 1365 5273 Bona
1395 5227 1520 5274 sunt
1545 5227 1632 5272 tua

90 5317 227 5378 esis,
274 5316 538 5374 Domine.
569 5322 625 5368 et
649 5312 804 5367 valde
831 5314 968 5366 bona
989 5354 1003 5378 ,
1047 5321 1103 5367 et
1124 5312 1190 5366 ad
1219 5321 1452 5366 nostram
1484 5310 1631 5365 utili-

208 5408 551 5478 dispensata.
573 5406 716 5461 Lues
729 5405 994 5475 quaedam,
1014 5406 1202 5475 inquit,
1220 5414 1304 5461 est
1319 5415 1593 5476 peccatum
1614 5422 1629 5458 :

94 5510 161 5561 τῇ
187 5515 274 5566 per
297 5500 573 5553 ultionem
596 5497 876 5565 evulgetur
903 5511 966 5552 ac
1004 5496 1311 5551 traducatur
1340 5496 1479 5566 apud
1509 5511 1629 5551 om-

94 5598 153 5641 ιε.
168 5604 225 5644 ne
240 5598 574 5660 corrumpat
595 5602 805 5651 omnes,
837 5598 895 5642 ut
918 5588 1007 5642 ubi
1029 5589 1379 5658 cognoverint
1406 5600 1630 5658 quantas

96 5690 199 5735 his
224 5698 329 5738 ma
360 5681 645 5754 pepererit
669 5680 1023 5749 transgressio
1042 5720 1058 5748 ,
1091 5679 1296 5752 fugiant
1324 5681 1481 5752 longe
1504 5694 1628 5751 gra-

262 5789 648 5849 tternamque
703 5774 1012 5831 vindictam.
1066 5775 1263 5831 Videtis
1311 5776 1490 5848 igitur,
1540 5775 1623 5829 in-

3252 342 3356 395 106

1769 440 1904 507 quit,
1935 439 2091 495 .Iesus
2113 441 2286 513 fugam
2312 441 2463 512 cujus
2488 458 2645 499 causa
2695 445 2869 516 ignota
2917 458 3026 505 erat
3078 450 3193 507 sisti
3243 470 3350 509 non

1769 545 1946 599 posse,
1971 532 2187 588 discidit
2237 535 2552 591 vestimenta
2577 552 2783 601 sua,ae
2827 550 3122 608 prostratus
3165 554 3246 599 est
3297 546 3350 599 in

1771 630 1988 687 terram,
2018 637 2080 677 ea
2108 623 2403 694 lugubriter
2431 626 2661 681 lamenta
2691 629 2984 700 proferens,
3024 647 3142 703 qua:
3170 647 3351 691 narrat

1766 713 1942 769 divitia
1972 713 2266 786 Scriptura.
2295 717 2431 784 Quid
2462 718 2621 788 igitur
2648 719 2723 774 illi
2751 723 3029 791 respondit
3056 726 3350 784 Dominus?

1768 804 1967 876 Surge;
1995 823 2085 861 cur
2110 808 2180 861 ita
2202 818 2481 877 prostratus
2491 811 2634 879 jaces
2654 811 2680 865 Ρ
2706 811 2936 867 Peccavit
2961 818 3176 888 populus
3203 830 3347 887 tuus,

1765 906 2107 967 transgressus
2128 906 2201 953 est
2228 909 2432 970 pactum
2473 918 2657 969 nteant,
2698 919 2789 958 nec
2812 915 3051 973 poterunt
3083 915 3219 964 stare
3256 913 3353 977 ﬁlii

1764 986 1930 1042 Israel
1953 998 2129 1043 contra
2157 992 2337 1059 faciem
2362 992 2579 1046 hostium
2600 1011 2828 1061 suorum,
2857 995 3015 1052 donec
3046 1000 3351 1058 sttstuleritis

1763 1079 2033 1133 anathema
2076 1095 2139 1135 ea:
2166 1080 2303 1135 vobis
2341 1083 2465 1152 ipsis
2493 1082 2626 1153 (los.
2659 1086 2709 1138 7.
2736 1085 2824 1140 10.
2856 1086 2967 1159 l2).
3021 1088 3353 1147 Pratdicatnr

1766 1170 1922 1240 igitur
1964 1171 2065 1226 hoc
2091 1173 2143 1226 in
2171 1174 2384 1243 populo,
2413 1183 2469 1229 et
2494 1190 2521 1227 a
2555 1176 2663 1231 Deo
2690 1177 2950 1246 proditur,
2981 1181 3070 1251 qui
3099 1183 3200 1238 hoc
3223 1200 3348 1253 per-

1765 1269 1997 1330 petrarat
2028 1280 2041 1317 :
2071 1264 2159 1319 ille
2182 1264 2394 1320 fatetur.
2428 1266 2716 1337 ReSpondit
2746 1271 2912 1337 enim,
2940 1272 3144 1345 inquit,
3166 1275 3349 1332 Achar

1762 1354 1888 1409 Jesu
1916 1354 2103 1411 dicens
2141 1374 2153 1409 :
2192 1356 2320 1411 Vere
2348 1362 2545 1429 peccavi
2584 1361 2636 1413 in
2680 1373 2947 1433 conspectu
2995 1364 3202 1421 Domini
3252 1367 3346 1423 Dei

1762 1444 1960 1511 Israel;
1984 1448 2059 1500 sic
2084 1458 2129 1502 et
2154 1449 2227 1502 sic
2252 1449 2367 1519 feci.
2412 1449 2650 1505 Videbam
2675 1453 2727 1506 in
2757 1455 2931 1524 prceda
2968 1458 3152 1512 stolam
3179 1460 3345 1514 varic-

1759 1548 1929 1607 gatam
1960 1555 2117 1593 unam
2146 1539 2226 1611 (a)
2254 1541 2546 1608 pulchram,
2591 1544 2904 1615 ducentaque
2929 1549 3124 1618 argenti
3164 1551 3347 1605 didra-

1759 1629 1905 1682 chma
1925 1671 1941 1696 ,
1988 1640 2033 1684 et
2058 1631 2285 1702 linguam
2325 1649 2478 1687 unam
2505 1650 2710 1688 auream
2725 1637 3086 1708 quinquaginta
3106 1640 3346 1696 didrach-

1759 1742 1984 1792 morum,
2013 1737 2059 1779 et
2090 1727 2451 1795 concupiscens
2476 1730 2606 1799 cepi,
2640 1738 2687 1782 et
2723 1747 2836 1782 ecce
2856 1732 2964 1784 lucc
2989 1733 3193 1798 defossa
3219 1742 3340 1786 sunt

1759 1817 1905 1871 humi
1926 1819 1979 1869 in
2002 1816 2341 1870 tabernaculo
2365 1835 2476 1871 meo
2500 1817 2662 1891 (Ibid.
2685 1837 2732 1873 υ.
2759 1820 2861 1885 20;
2889 1819 3203 1891 21).Omuia
3224 1821 3337 1891 jam

1758 1910 1813 1964 in
1843 1918 2087 1979 apertum
2106 1908 2334 1977 profert,
2366 1919 2718 1980 posteaquam
2743 1912 3019 1982 perspexit
3041 1913 3189 1968 illum
3226 1930 3339 1969 om-

1756 2004 1850 2059 nia
1877 2002 1992 2057 sinc
2020 2000 2302 2055 mendacio
2320 2002 2608 2067 iudicasse,
2630 2019 2733 2058 nec
2757 2004 2961 2060 dillisus
2981 2014 3065 2061 est
3090 2006 3211 2060 testi
3243 2022 3334 2061 se-

1756 2094 1931 2165 ipsum
1956 2093 2223 2161 prudenti.
2252 2091 2385 2147 Vide
2416 2104 2594 2149 autem
2619 2096 2934 2165 probrosam
2968 2113 3031 2151 ac
3060 2099 3335 2167 pernicio-

1755 2201 1867 2242 sam
1899 2185 2041 2238 illius
2062 2194 2287 2238 mortem
2316 2202 2330 2238 :
2362 2184 2641 2249 Subduxit,
2677 2188 2867 2257 inquit,
2896 2188 3049 2243 Jesus
3072 2191 3248 2244 Achar
3275 2193 3331 2244 iu

1756 2273 2031 2327 convallem
2054 2273 2241 2339 Achar,
2271 2284 2317 2327 et
2338 2273 2472 2342 filios
2514 2284 2561 2329 et
2584 2274 2720 2341 ﬁlias
2757 2276 2885 2345 ejus,
2933 2286 2977 2329 et
3004 2274 3185 2331 vitulos
3207 2280 3338 2349 ejus,

1756 2374 1801 2418 et
1817 2366 2049 2433 jumcuta
2078 2367 2204 2435 ejus,
2237 2375 2281 2418 et
2307 2382 2478 2419 omnes
2508 2382 2620 2419 oves
2659 2366 2797 2436 ejus,
2830 2376 2874 2419 et
2904 2368 3167 2421 tentorium
3208 2374 3338 2439 ejus,

1756 2465 1801 2509 et
1827 2456 1995 2509 omnia
2014 2471 2338 2526 quwcumque
2368 2456 2651 2526 possidebat
2679 2472 2698 2510 :
2728 2466 2772 2511 et
2793 2458 3044 2526 lapidibus
3071 2460 3237 2514 obruit
3282 2479 3340 2514 ea

1756 2548 1919 2602 omnis
1947 2550 2166 2619 populus
2192 2548 2362 2603 Israel
2384 2549 2517 2620 (los.
2550 2551 2604 2605 7.
2633 2550 2721 2604 24.
2752 2550 2866 2622 25).
2899 2552 3012 2608 Hoc
3042 2563 3340 2624 transgres-

1756 2642 1923 2697 sionis
1950 2642 2246 2712 przcmium,
2294 2643 2414 2697 talis
2440 2643 2531 2698 Dei
2562 2643 2789 2699 vindicta
2811 2686 2826 2711 ,
2859 2661 2974 2715 qua:
3004 2648 3189 2701 evitari
3232 2664 3339 2703 non

1756 2741 1949 2801 potest.
1986 2732 2109 2788 Hrec
2137 2734 2315 2804 itaque
2355 2735 2621 2801 scientes,
2672 2738 2965 2806 cogitemus
3005 2739 3280 2794 molestias
3308 2757 3338 2796 a

1756 2826 1953 2879 nostris
1990 2826 2221 2895 peccatis
2271 2826 2488 2895 invehi,
2542 2828 2871 2900 singulisque
2925 2829 3112 2885 diebus
3159 2840 3340 2886 nostra

1755 2915 2119 2971 examinantes
2140 2917 2384 2985 crimina,
2415 2933 2523 2973 non
2552 2918 2670 2973 aliis
2690 2960 2706 2985 ,
2753 2920 2845 2974 sed
2878 2920 3028 2976 nobis
3054 2922 3183 2991 ipsis
3211 2938 3341 2977 cau~

1754 3022 1867 3060 sam
1889 3007 2272 3063 adscribamus.
2293 3008 2399 3064 Nec
2417 3010 2557 3065 enim
2580 3012 2978 3081 magi-tratuum
2996 3013 3155 3068 modo
3177 3016 3343 3083 negli-

1753 3099 1953 3167 gentia,
1984 3098 2076 3153 sed
2120 3099 2289 3155 multo
2315 3100 2484 3171 magis
2515 3110 2693 3155 nostra
2742 3101 2933 3157 delicta
2987 3103 3122 3157 mala
3153 3119 3337 3159 accer-

1755 3191 1980 3245 sierunt.
2011 3189 2100 3246 Sic
2121 3192 2296 3262 itaque
2326 3192 2430 3248 huc
2456 3193 2744 3247 adveniens
2770 3209 2862 3249 sua
2886 3195 3113 3267 quisque.
3134 3197 3341 3251 exami-

1754 3290 1846 3336 net
1864 3280 2078 3349 deliela,
2108 3298 2207 3337 nec
2229 3283 2387 3337 alium
2412 3283 2635 3350 incuset,
2661 3292 2715 3338 et
2743 3295 3057 3352 pimseutem
3079 3285 3341 3356 glorifica-

1754 3375 1955 3429 tionem
1983 3389 2105 3430 cum
2133 3374 2237 3430 ritu
2262 3375 2471 3431 decenti
2496 3377 2720 3431 emittat.
2740 3376 2891 3445 Quod
2908 3387 3083 3431 autem
3110 3377 3341 3448 exigitur

1752 3469 1819 3524 ad
1850 3468 2186 3534 modestiam,
2220 3469 2322 3524 hoc
2348 3478 2429 3525 est
2459 3485 2473 3523 :
2508 3471 2755 3541 primum,
2785 3468 2947 3525 corde
2975 3470 3205 3525 contrito
3248 3485 3340 3526 ac-

1752 3561 1945 3618 cedere
1978 3561 2045 3615 ad
2074 3562 2274 3617 Deum:
2302 3561 2493 3617 deinde
2520 3561 2697 3617 cordis
2725 3560 2972 3617 affectum
3003 3563 3117 3631 ipso
3145 3562 3340 3618 vitibili

1754 3656 1935 3712 habitu
1961 3656 2256 3723 declarare,
2289 3656 2413 3711 item
2446 3654 2621 3710 standi
2654 3658 2834 3719 modo,
2865 3670 3112 3709 manuum
3144 3656 3338 3711 decora

1751 3750 2159 3819 compositione,
2183 3747 2389 3821 placida
2414 3748 2751 3818 demissaque
2776 3763 2925 3803 voce.
2946 3748 3076 3802 Nam
3102 3748 3153 3803 id
3187 3748 3340 3805 laciie

1752 3849 1854 3906 est,
1881 3850 1935 3894 et
1963 3848 2141 3909 potest
2161 3839 2401 3909 quisquis
2424 3838 2671 3892 voluerit.
2704 3838 2803 3905 Qui
2832 3838 2922 3892 Ilet
2946 3838 3120 3908 igitur,
3144 3848 3199 3891 ut
3224 3854 3344 3893 om-

1751 3946 1847 3986 nes
1872 3946 1969 3985 suo
1987 3929 2272 4001 fungantur
2291 3928 2508 3984 ofﬁcio?
2536 3929 2802 3984 Ponamus
2824 3929 2977 3983 nobis
3003 3929 3133 4000 ipsis
3164 3929 3337 3999 legem

1749 4023 2114 4093 dicamusque,
2140 4022 2196 4076 In
2229 4022 2491 4092 publicam
2535 4021 2815 4076 utilitatem
2864 4019 2947 4075 lex
2977 4022 3185 4091 prodita
3229 4033 3335 4087 est,

1748 4123 1801 4170 et
1826 4114 1983 4184 hujus
2012 4114 2250 4168 utilitatis
2278 4120 2488 4181 oportet
2516 4127 2613 4166 nos
2650 4126 2838 4167 omnes
2875 4126 2993 4166 esse
3024 4112 3331 4182 participes.

1747 4207 2082 4276 Quapropter
2110 4214 2165 4259 et
2192 4204 2473 4260 indecoras
2502 4217 2663 4257 voces
2694 4217 3018 4272 premamus,
3053 4218 3337 4258 manuum-

1747 4314 1851 4369 que
1876 4296 2309 4368 gesticulationcs
2338 4294 2688 4365 eorripiamus
2707 4336 2721 4360 ,
2754 4293 2851 4350 llas
2876 4294 3190 4363 conjunctas
3237 4310 3337 4349 cx-

1748 4390 1992 4445 hibeutes
2038 4389 2148 4443 Deo
2170 4428 2185 4453 ,
2216 4403 2315 4442 nec
2345 4385 2707 4456 incompositis
2741 4386 2973 4440 motibus
3003 4386 3336 4441 attolluntur.

1745 4482 1869 4537 Odit
1908 4481 2051 4537 enim
2083 4480 2184 4534 hoc
2211 4480 2349 4533 Deus
2374 4487 2427 4533 et
2452 4486 2746 4544 aversatur,
2778 4476 2917 4531 sicut
2952 4487 3165 4530 contra—
3183 4492 3334 4529 eom-
3424 4532 3428 4539 ,

1748 4576 1975 4645 positum
2006 4588 2068 4628 ac
2092 4571 2390 4627 modestum
2416 4579 2560 4625 amat
2585 4570 2894 4639 expetitquc
2918 4587 2931 4622 :
2959 4571 3037 4622 Ad
3056 4586 3223 4638 queui,
3255 4569 3336 4623 in-

1744 4670 1879 4738 quit,
1911 4666 2197 4737 respiciam,
2220 4665 2318 4718 uisi
2346 4664 2415 4717 ad
2454 4673 2770 4717 mansuetum
2796 4673 2842 4715 et
2869 4664 3111 4733 quietum,
3134 4672 3181 4716 et
3228 4672 3332 4715 tre-

1745 4771 1957 4816 mentem
1982 4760 2130 4814 verba
2177 4774 2289 4811 mea
2319 4755 2470 4829 (Isai.
2499 4756 2590 4811 66.
2616 4754 2711 4827 2)?
2760 4755 3008 4809 Dicamus
3036 4754 3153 4808 aliis
3192 4756 3285 4810 alii
3317 4771 3331 4807 τ

1745 4852 1861 4908 Νοη
1891 4851 2003 4907 vult
2034 4851 2193 4915 Deus,
2222 4859 2281 4903 ut
2307 4847 2465 4903 simul
2489 4861 2609 4902 cum
2640 4845 2757 4915 ipso
2783 4846 3080 4915 loquamur,
3105 4856 3159 4899 et
3192 4847 3332 4900 inter

1746 4964 1845 5004 nos
1874 4946 2191 5010 fabulemur,
2221 4957 2321 4998 nec
2349 4941 2569 5013 patitur,
2598 4949 2657 4995 ut
2700 4939 2873 5010 ipsum
2918 4938 3115 5009 alloqui
3166 4940 3330 4994 inter-

1744 5041 2017 5101 mittentes
2062 5037 2406 5109 prmseutium
2454 5033 2915 5089 confabulationes
2968 5032 3329 5101 suscitemus,

1744 5147 2006 5205 caenoque
2051 5130 2361 5201 margaritas
2408 5128 2851 5184 contaminemus.
2903 5124 3175 5197 Siquidem
3229 5127 3332 5182 hoc

1744 5240 1893 5281 suam
1934 5223 2313 5279 contumeliam
2354 5235 2475 5277 esse
2511 5219 2679 5285 ducit,
2713 5235 2816 5274 non
2862 5218 3330 5289 gloriﬁeationem.

1743 5318 1893 5385 Quod
1920 5318 1963 5372 si
2008 5317 2129 5387 quis
2157 5317 2384 5372 voluerit
2410 5315 2510 5369 hoc
2538 5322 2858 5384 praeceptum
2893 5313 3193 5382 praeterire,
3235 5309 3333 5364 ob-

1744 5419 1985 5465 turemus
2015 5408 2087 5463 illi
2115 5422 2208 5476 os,
2238 5417 2503 5479 tamquam
2533 5403 2721 5460 salutis
2752 5402 3112 5458 insidiatorem
3143 5400 3333 5470 expel-

1806 5593 1878 5653 (a)
1913 5591 1967 5641 In
2004 5598 2197 5649 Graeco,
2222 5603 2355 5649 στολὴν
2392 5601 2497 5653 ψιλήν
2534 5600 2706 5653 comunt.
2743 5584 2799 5635 In
2835 5585 2962 5634 hunc
2999 5586 3157 5633 locum
3195 5588 3332 5634 notat

1739 5650 1880 5705 Savil.
1908 5668 1920 5702 :
1956 5672 1977 5699 ll
2002 5653 2199 5703 Floreus
2220 5650 2408 5701 retinet
2441 5650 2700 5716 lectionem
2716 5655 3004 5716 ﬂetosnam,
3028 5658 3133 5708 erit.
3156 5659 3328 5716 urna,

1738 5704 1950 5767 inducto.
1976 5731 2106 5774 στολήν
2124 5756 2135 5775 ,
2159 5717 2403 5777 vertitque
2426 5726 2487 5762 ex
2503 5712 2661 5763 veteri
2679 5708 2910 5759 Clessario
2924 5743 2938 5769 ,
2963 5704 3100 5758 tenue
3127 5704 3328 5776 Babylo?

1739 5780 1915 5830 nicum.
1940 5795 1961 5822 1
