3696 6278
335 326 355 379 l
364 320 430 373 (Π

330 443 599 503 lamus,et
649 429 893 491 ecclesia:
945 436 1144 485 sanctae
1173 423 1337 496 septis
1365 420 1661 493 ejiciamus.
1702 413 1815 471 lloc
1865 412 1912 468 si

330 536 637 595 ieeerimus,
664 535 846 584 nostra
870 523 1085 595 quidem
1116 527 1333 590 peccata
1361 513 1634 585 superiora
1662 510 1818 567 facile
1839 508 1914 564 di-

334 626 558 689 luemus,
594 624 765 693 ipsum
794 625 974 672 autem
1006 613 1287 668 Dominum
1318 606 1635 663 habebimus
1663 604 1714 658 in
1737 600 1914 656 medio

331 727 571 775 nostrum
602 729 705 769 una
748 726 870 767 cum
896 706 1095 764 sanctis
1122 703 1325 775 angelis
1353 701 1549 756 choros
1567 704 1833 769 agentem,
1861 701 1918 749 et

328 810 521 881 cuique
568 804 844 862 modestia:
888 811 1114 856 coronas
1165 793 1593 850 distribuentem.
1654 786 1915 855 Quoniam

329 879 472 957 enim
524 908 606 954 est
635 896 901 951 humanus
927 905 991 945 ac
1035 888 1338 952 munificus,
1375 881 1612 954 gaudens
1636 879 1705 935 de
1733 888 1918 933 nostra

332 993 532 1057 salute;
564 989 684 1043 ideo
711 986 987 1040 oblectans
1006 994 1127 1035 sese
1153 978 1308 1033 bonis
1332 974 1529 1031 nostris
1553 971 1806 1028 caelorum
1827 984 1917 1025 re-

331 1098 491 1154 gnum
522 1078 783 1152 promisit,
816 1083 870 1130 et
916 1073 1039 1128 vitae
1089 1066 1509 1138 incorruptibilis
1554 1063 1915 1127 consortium,

332 1152 617 1242 omniaque
648 1170 783 1223 bona
830 1163 1164 1236 praeparavit,
1198 1160 1383 1215 volens
1413 1171 1511 1211 nos
1536 1156 1587 1210 in
1617 1154 1700 1209 his
1722 1152 1921 1208 habere

335 1261 677 1320 tabernacula
712 1261 727 1291 ⁸
761 1277 775 1314 :
803 1273 921 1329 qum
941 1255 1096 1310 nobis
1115 1252 1363 1309 omnibus
1388 1248 1660 1318 contingat
1685 1243 1918 1314 assequi,

333 1357 499 1430 gratia
526 1363 580 1410 et
610 1352 941 1407 humanitate
968 1344 1177 1403 Domini
1207 1342 1375 1398 nostri
1404 1340 1530 1396 Jesu
1559 1337 1778 1403 Christi,
1800 1336 1921 1405 qui-

335 1428 455 1504 cum
486 1446 642 1503 decet
661 1444 850 1515 gloria,
880 1440 1185 1511 imperium,
1221 1436 1395 1490 honor
1432 1439 1486 1488 et
1512 1429 1753 1485 adoratio
1779 1428 1922 1483 Patri

335 1548 594 1597 etsancto
622 1535 863 1607 Spiritui,
896 1547 1041 1588 nunc
1078 1540 1134 1587 et
1167 1542 1399 1598 semper,
1426 1535 1482 1580 et
1518 1524 1573 1578 in
1597 1520 1791 1579 sacula
1818 1534 1923 1575 sa:-

337 1632 598 1690 culorum.
635 1630 828 1683 Amen.

714 1778 1058 1837 EIUSDEM
1097 1773 1419 1832 HOMILIA
1460 1771 1546 1826 11.

341 1924 398 1978 ln
425 1921 624 1976 dictum
647 1916 776 1973 illud
805 1915 956 1972 Isaiae
977 1911 1271 1984 prophetat,
1303 1909 1521 1963 Factum
1542 1914 1613 1961 est
1643 1921 1798 1971 anno,
1826 1921 1927 1975 quo

411 2025 640 2071 mortuus
666 2023 735 2067 est
768 2010 919 2066 Ozias
941 2026 1051 2075 rex,
1070 2008 1171 2063 vidi
1198 2006 1472 2061 Dominum
1493 2003 1744 2059 sedentem
1771 2001 1824 2055 in
1849 2016 1933 2055 so-

413 2108 482 2162 lio
512 2104 704 2161 excelso
743 2113 788 2157 et
816 2103 1005 2157 elevato
1048 2098 1199 2172 (Isai.
1246 2098 1299 2153 6.
1332 2093 1409 2170 l);
1462 2105 1517 2151 ct
1569 2092 1711 2165 quod
1760 2105 1931 2161 neque

416 2211 654 2270 tempus,
686 2211 857 2266 neque
887 2208 1053 2249 unum
1099 2193 1423 2247 elementum
1458 2187 1756 2243 divinarum
1782 2183 1933 2240 Scri-

416 2303 690 2365 pturarum
719 2296 964 2361 oporteat
985 2294 1417 2358 prtetercurrere.

418 2431 471 2485 l.
498 2429 619 2484 Suis
648 2428 709 2481 de
729 2424 933 2480 illorum
954 2421 1121 2478 studio
1147 2418 1387 2474 audiendi
1412 2416 1610 2473 verbum
1636 2414 1731 2469 Dei
1755 2424 1933 2486 gratu-

348 2525 484 2580 latur
518 2523 924 2592 Chrysoslomns;
953 2516 1109 2585 ipsius
1139 2513 1382 2568 modestia
1407 2520 1451 2565 et
1483 2527 1601 2581 erga
1620 2526 1738 2564 suos
1766 2524 1929 2561 amor.

347 2649 419 2661 —-
437 2615 654 2674 Gaudeo
681 2611 1015 2682 conSpiciens
1049 2623 1145 2664 vos
1170 2608 1235 2662 ad
1262 2604 1524 2661 audienda
1547 2618 1695 2659 sacra
1724 2601 1935 2671 eloquia

348 2718 751 2775 concurrentes,
779 2707 939 2778 idque
971 2704 1225 2760 indicium
1266 2717 1385 2757 esse
1431 2699 1721 2755 maximum
1756 2696 1938 2767 judico

350 2804 511 2860 vestri
540 2803 593 2858 in
621 2800 717 2856 Dei
743 2799 887 2855 cultu
908 2812 972 2852 ac
996 2797 1193 2867 pietate
1219 2807 1555 2867 progressus.
1582 2788 1941 2859 Quemadmo-

352 2899 478 2954 dum
526 2896 668 2953 enim
712 2891 1016 2963 appetentis
1051 2888 1156 2945 cibi
1193 2885 1433 2958 corporis
1458 2884 1653 2938 bonam
1681 2880 1941 2936 valetudi-

352 3005 474 3048 nem
502 2987 776 3051 declarat,
809 2983 888 3038 sic
916 2990 969 3037 et
1006 2992 1283 3035 sermones
1324 2986 1575 3046 appetere
1611 2972 1935 3042 spirituales,

353 3082 548 3137 animae
587 3078 869 3133 sanitatem
906 3072 1101 3144 arguit.
1136 3068 1355 3126 Gaudeo
1379 3066 1591 3138 quidem
1620 3066 1777 3135 igitur
1816 3076 1941 3133 pro-

352 3182 472 3244 pter
500 3171 640 3225 hoc:
683 3175 935 3222 caeterum
969 3177 1159 3218 vereor
1207 3175 1275 3215 nc
1312 3156 1452 3212 forte
1480 3171 1584 3209 non
1619 3154 1817 3225 possim
1846 3152 1943 3205 ali-

352 3264 480 3337 quid
507 3261 718 3317 adfcrre
742 3257 957 3329 dignum
983 3255 1086 3310 isto
1108 3261 1285 3307 vestro
1313 3247 1605 3304 desiderio.
1631 3246 1721 3300 Sic
1749 3253 1803 3298 et
1832 3257 1947 3297 ma-

355 3368 438 3414 ter
465 3369 649 3412 amans
676 3352 858 3417 dolet,
888 3348 1099 3421 quoties
1138 3347 1422 3401 lactentem
1467 3341 1669 3396 habens
1692 3353 1940 3410 puerum,

356 3466 460 3505 non
492 3454 667 3518 potest
705 3445 779 3501 illi
820 3443 1037 3513 largiter
1076 3439 1315 3511 prtcbcre
1354 3437 1507 3491 lactis
1537 3433 1777 3491 fontem:
1806 3441 1944 3486 atta-

354 3556 478 3597 men
504 3550 825 3610 quamquam
852 3535 989 3589 lacte
1016 3540 1481 3596 caret,mammam
1512 3535 1689 3580 tamen
1714 3523 1824 3591 dat,
1857 3524 1946 3579 ille

354 3649 484 3687 vero
520 3640 792 3699 acceptam
824 3626 985 3682 trahit
1005 3624 1249 3694 sugitque
1269 3663 1284 3686 ,
1311 3630 1366 3676 et
1388 3634 1484 3673 ore
1508 3616 1758 3689 papillam
1787 3614 1944 3670 refri—

355 3732 658 3795 gesccutem
687 3719 1022 3783 calefaciens,
1045 3716 1161 3785 plus
1181 3728 1341 3785 quam
1361 3719 1476 3767 erat
1500 3710 1647 3765 elicit
1670 3708 1908 3763 alimenti
1929 3724 1943 3761 :

358 3827 530 3880 mater
581 3829 711 3870 vero
759 3812 904 3868 dolet
942 3809 1157 3880 quidem
1195 3800 1325 3862 ‘dum
1365 3805 1532 3875 ipsius
1573 3801 1948 3858 distenduntur

357 3912 545 3975 ubera,
574 3923 674 3965 nec
705 3915 879 3961 tamen
920 3902 1136 3975 repellit
1177 3914 1402 3972 puerum
1427 3914 1441 3953 :
1470 3905 1642 3952 mater
1670 3895 1812 3950 enim
1842 3902 1945 3960 est,

356 4012 414 4058 et
449 4000 625 4058 omnia
668 4004 927 4070 praeoptat
967 3993 1174 4066 perpeti
1215 3991 1416 4062 potius,
1456 4002 1616 4060 quam
1647 3995 1706 4041 ut
1734 3995 1945 4057 partmn

358 4111 511 4150 suum
560 4091 859 4149 contristet.
910 4089 1093 4159 Itaque
1135 4086 1180 4141 si
1221 4095 1422 4139 matres
1459 4096 1583 4152 erga
1616 4079 1778 4135 fmtus
1823 4092 1949 4134 suos

360 4198 563 4243 tantum
607 4183 866 4240 exhibent
910 4192 1171 4242 amorem,
1209 4175 1381 4232 multo
1417 4173 1585 4245 magis
1610 4178 1822 4243 oportet
1853 4182 1950 4224 nos

359 4294 485 4348 erga
526 4286 763 4332 vestram
798 4273 1075 4328 caritatem
1109 4268 1359 4324 similiter
1390 4264 1608 4320 allectos
1645 4277 1784 4317 esse.
1815 4259 1951 4315 Nam

360 4369 582 4441 spiritus
604 4375 788 4436 partus
811 4361 1240 4418 vehementiores
1265 4365 1390 4413 sunt
1417 4371 1575 4426 quam
1599 4362 1821 4409 natum.
1848 4351 1952 4405 lta-

360 4476 466 4533 que
497 4457 706 4515 tametsi
733 4455 885 4511 nobis
914 4466 1099 4509 mensa
1126 4450 1345 4506 multam
1376 4448 1537 4503 habet
1561 4446 1857 4516 penuriam,
1885 4458 1952 4499 ne

361 4556 442 4608 sic
484 4549 698 4622 quidem
743 4562 864 4602 eam
901 4542 1318 4607 occultabimus,
1352 4538 1447 4593 sed
1477 4547 1657 4593 nostra
1687 4537 1875 4597 omnia
1898 4537 1950 4592 in

366 4645 598 4701 medium
640 4638 972 4713 proferentes
1000 4649 1331 4707 apponemus
1359 4632 1530 4688 vobis.
1562 4629 1716 4698 Quod
1744 4630 1789 4685 si
1817 4645 1951 4700 pau-

362 4739 484 4794 cula
529 4736 647 4792 haec
691 4742 817 4789 sunt
848 4731 1100 4801 viliaque,
1128 4726 1487 4799 przebebimus
1512 4732 1711 4779 tamen.
1743 4721 1874 4777 Nam
1901 4730 1955 4777 et

365 4831 455 4885 ille
476 4832 495 4862 ²
526 4827 613 4883 cui
638 4826 896 4884 talentum
939 4831 1057 4878 erat
1096 4819 1356 4876 creditum
1377 4858 1392 4885 ,
1432 4832 1537 4872 non
1568 4814 1690 4886 quia
1719 4814 1954 4885 quinque

367 4926 562 4979 talenta
593 4937 700 4993 non
728 4921 868 4985 tulit,
899 4919 969 4974 oh
994 4916 1045 4971 id
1075 4916 1347 4971 incusatus
1372 4918 1472 4973 est.
1497 4908 1591 4965 sed
1616 4906 1758 4979 quod
1789 4923 1950 4961 unum

368 5014 496 5070 illud
525 5011 808 5076 defoderit,
834 5009 977 5080 quod
1006 5014 1303 5076 acceperat,
1334 5003 1483 5060 dedit
1511 5017 1697 5071 pmnas
1724 4997 1951 5071 (Matth.

366 5107 461 5163 25.
486 5105 581 5161 21.
605 5120 714 5176 sqq.
739 5102 781 5174 ).
830 5100 1101 5171 Siquidem
1130 5098 1232 5153 hoc
1251 5106 1333 5152 est
1358 5095 1499 5167 quod
1529 5094 1786 5164 qumritur
1813 5091 1954 5163 apud

371 5200 538 5256 Deum
560 5207 613 5253 et
633 5195 772 5267 apud
804 5194 1067 5259 homines,
1094 5206 1200 5247 non
1230 5189 1465 5244 multane
1486 5195 1577 5243 aut
1596 5200 1760 5257 pauca
1786 5183 1955 5255 depo-

371 5310 489 5362 nas,
534 5290 628 5347 sed
672 5305 739 5345 ne
776 5287 1101 5344 oblationem
1143 5281 1338 5338 offeras
1376 5280 1711 5337 facultatibus
1733 5276 1956 5332 inferio-

375 5403 509 5442 rem.
542 5382 777 5438 Audistis
807 5394 977 5451 nuper
1003 5392 1126 5432 cum
1154 5375 1307 5430 nobis
1335 5373 1516 5428 datum
1546 5380 1689 5426 esset
1726 5370 1827 5425 hoc
1863 5371 1958 5423 ho-

436 5545 451 5573 ¹
491 5548 618 5590 Unus
638 5539 821 5595 habet,
845 5534 1002 5587 volens
1025 5545 1109 5583 nos
1145 5531 1195 5581 in
1228 5529 1305 5581 his
1334 5528 1508 5579 habere
1541 5525 1851 5597 tabernacula
1908 5526 1957 5577 in

371 5611 673 5714 “513331..
697 5666 865 5714 Nostra
880 5671 1039 5710 omma
1058 5657 1109 5707 in
1124 5654 1340 5707 medium
1358 5656 1649 5719 proferentes
1668 5663 1960 5719 apponenius

374 5726 521 5797 vobis,
545 5724 725 5797 exigua
745 5724 1005 5797 quidemet
1234 5714 1391 5797 pretii,
1414 5714 1670 5768 niettteutes
1692 5714 1959 5765 danmatio-

376 5789 452 5840 his
471 5783 767 5853 periculum
783 5787 825 5837 si
842 5786 1035 5849 quidem
1057 5793 1102 5836 et
1125 5783 1223 5844 ille,
1247 5791 1340 5833 etc.

1040 313 1096 372 S.
1135 310 1411 371 JOANNIS
1446 298 1924 365 CllBYSOSTOMl
1963 293 2280 355 ARCHIEP.
2318 292 2847 352 CONSTANTINOP.

3498 290 3597 349 108

2021 412 2190 475 noris,
2222 418 2281 467 ut
2306 409 2447 481 apud
2474 410 2751 465 caritatem
2774 414 3003 465 vestram
3027 410 3433 477 dissereremus,
3458 409 3600 467 Psal-

2023 519 2171 559 mum
2202 504 2350 560 illum
2382 503 2678 574 legentibus
2704 502 2878 568 nobis,
2908 502 2999 572 qui
3028 512 3361 572 peccatorem
3386 518 3417 558 e
3442 506 3607 560 sacris

2020 598 2187 669 septis
2205 597 2445 668 ejiciens,
2472 596 2691 667 angelos
2713 609 3079 666 supernasque
3106 576 3329 651 virtutes
3361 596 3605 653 hortaba-

2022 697 2109 744 tur
2145 688 2210 742 ad
2240 686 2563 742 laudandum
2605 688 2973 742 universorum
3019 688 3207 742 Deum.
3233 686 3405 743 Vultis
3450 687 3604 759 igitur

2021 789 2076 836 et
2114 779 2275 835 hodie
2319 780 2459 836 idem
2501 779 2803 849 angelicum
2843 778 3012 834 melos
3040 778 3058 811 ί
3099 778 3400 846 audiamus,
3439 794 3605 849 prope

2024 872 2131 927 illic
2158 870 2351 925 alicubi
2379 878 2615 924 astantes
2633 870 2659 924 ?
2682 870 2807 924 Mihi
2833 878 2977 925 certe
3001 869 3227 925 videtur.
3273 870 3405 926 Nam
3431 872 3471 925 si
3503 870 3604 923 hn-

2024 967 2197 1023 mines
2225 965 2471 1021 scelerati
2490 965 2617 1019 dum
2643 963 2868 1019 choreas
2893 972 3054 1032 agunt
3080 963 3131 1017 in
3161 963 3291 1028 foro,
3322 963 3374 1017 in
3394 962 3608 1032 profun-

2024 1060 2091 1118 da
2114 1060 2342 1131 caligine
2370 1066 2633 1129 nocteque
2664 1059 2981 1126 intempesta
3022 1055 3347 1111 meretriciae
3386 1055 3609 1110 cantile-

2026 1168 2125 1210 nas
2170 1154 2470 1222 mollesque
2520 1159 2777 1207 canentes
2810 1151 3106 1214 cantiones,
3138 1156 3303 1203 totam
3336 1149 3610 1204 civitatem

2026 1246 2180 1303 nobis
2204 1245 2457 1307 excitant,
2492 1252 2546 1298 et
2570 1242 2637 1296 ad
2668 1257 2787 1296 sese
2815 1248 3132 1296 convertunt
3161 1256 3175 1292 :
3201 1255 3299 1293 nos
3319 1240 3613 1294 caelestium

2029 1336 2342 1408 populorum
2367 1334 2615 1404 supernis
2643 1333 2823 1387 choris
2852 1332 3049 1401 Regem
3076 1331 3312 1385 universi
3336 1330 3617 1385 celebran-

2030 1430 2171 1485 tibus
2198 1444 2301 1484 non
2328 1442 2670 1483 occurremus
2695 1467 2710 1491 ,
2734 1439 2841 1478 non
2881 1422 3158 1477 audiemus
3191 1420 3421 1476 divinam
3466 1418 3620 1475 illam

2032 1535 2096 1575 ac
2121 1520 2329 1576 beatam
2357 1517 2588 1573 vocem?
2613 1516 2677 1570 Et
2698 1531 2816 1584 quae
2846 1515 3002 1568 nobis
3039 1513 3251 1567 dabitur
3283 1512 3476 1566 venia?
3503 1511 3623 1567 Sed

2031 1611 2298 1684 quomodo
2317 1654 2331 1676 ,
2366 1611 2571 1681 inquis,
2604 1609 2729 1663 licet
2752 1606 2981 1661 audire?
3004 1604 3061 1661 Si
3088 1606 3137 1659 in
3166 1605 3340 1674 ipsum
3359 1602 3626 1659 ascende-

2032 1705 2200 1761 rimus
2228 1703 2451 1769 calum,
2478 1701 2579 1756 etsi
2608 1715 2712 1755 non
2750 1712 2977 1768 corpore
3002 1739 3017 1765 ,
3050 1704 3229 1752 mente
3272 1706 3486 1751 tamen:
3514 1696 3626 1750 etsi

2033 1798 2208 1852 minus
2236 1795 2539 1866 praesentia,
2566 1790 3075 1861 certe.cogitatiouc.
3102 1788 3237 1843 Nam
3260 1802 3454 1858 corpus
3477 1801 3627 1857 quo-

2035 1890 2177 1944 niam
2212 1896 2462 1943 terrestre
2487 1894 2568 1940 est
2589 1899 2652 1939 ac
2676 1899 2836 1955 grave
2861 1890 3046 1937 natura
3065 1921 3085 1947 ,
3121 1888 3299 1934 manet
3329 1880 3382 1933 in
3415 1878 3583 1934 terris
3612 1898 3626 1933 :

2034 1982 2210 2036 anima
2244 1995 2373 2036 vero
2398 1979 2465 2034 ab
2488 1978 2589 2033 hac
2609 1977 2926 2033 necessitate
2950 1984 3033 2031 est
3057 1974 3247 2039 libera,
3266 1971 3636 2041 facillimeque

2036 2076 2101 2130 ad
2141 2074 2400 2129 altissima
2432 2072 2847 2143 longissimeque
2888 2078 3091 2125 semota
3128 2067 3246 2122 loca
3272 2065 3520 2121 advolat:
3552 2066 3631 2119 ita

2039 2177 2096 2221 ut
2124 2167 2283 2223 etiam
2331 2166 2374 2219 si
2414 2164 2544 2219 velit
2574 2162 2641 2217 ad
2670 2171 2939 2218 extremos
2968 2161 3114 2216 orbis
3144 2159 3401 2214 terminos
3432 2172 3633 2228 perve-

2040 2259 2153 2314 nire
2175 2300 2191 2325 ,
2223 2266 2314 2311 aut
2341 2257 2391 2310 in
2419 2256 2611 2311 caelum
2640 2253 2932 2310 ascendere
2955 2295 2970 2319 ,
3000 2251 3133 2306 nihil
3162 2251 3231 2305 sit
3264 2250 3408 2320 quod
3433 2258 3586 2304 vetet
3617 2268 3636 2303 :

2038 2351 2174 2406 adeo
2193 2350 2290 2420 ipsi
2319 2349 2461 2403 leves
2481 2347 2858 2417 cogitationum
2886 2344 2998 2399 alas
3020 2343 3169 2399 dedit
3192 2343 3353 2397 Deus.
3377 2341 3487 2395 Nec
3515 2350 3642 2394 tan-

2041 2452 2151 2499 tum
2193 2446 2303 2498 alas
2342 2441 2485 2497 leves
2530 2439 2696 2503 dedit,
2745 2453 2931 2493 verum
2971 2444 3028 2491 et
3058 2434 3241 2492 oculos
3279 2433 3504 2502 largitus
3526 2440 3639 2495 est,

2040 2535 2207 2590 multo
2240 2548 2399 2604 quam
2436 2531 2675 2601 corporis
2725 2528 3162 2600 perspicaciores.
3199 2524 3330 2580 Nam
3384 2522 3648 2592 corporis

2041 2636 2311 2699 aspectus,
2355 2626 2399 2680 si
2439 2624 2654 2695 quidem
2689 2637 2786 2691 per
2824 2634 3050 2675 vacuum
3089 2632 3269 2673 aerem
3303 2615 3532 2680 feratur,
3570 2613 3648 2669 ad

2044 2720 2259 2789 longum
2292 2717 2627 2772 intervallum
2656 2712 2997 2784 progreditur
3026 2709 3208 2781 :quod
3235 2709 3277 2762 si
3302 2710 3351 2762 in
3373 2707 3648 2775 exiguum

2043 2826 2238 2881 corpus
2278 2809 2579 2879 impegerit,
2624 2822 2731 2861 non
2773 2805 2931 2859 aliter
2968 2818 3126 2873 quam
3170 2801 3343 2855 fluxus
3371 2799 3464 2869 qui
3497 2799 3648 2853 femi

2044 2903 2222 2969 batur,
2248 2901 2523 2956 obstaculo
2542 2898 2807 2969 repulsus,
2830 2897 3008 2951 denuo
3030 2904 3320 2950 retrorsqu
3347 2891 3648 2945 avertitur:

2044 3013 2230 3053 verum
2258 2995 2421 3050 animi
2445 2993 2585 3048 oculi
2633 2991 2840 3047 etiamsi
2870 2988 3101 3060 parietes
3121 3028 3136 3052 ,
3159 2983 3369 3042 etiamsi
3398 2982 3648 3046 muenia,

2046 3088 2254 3147 etiamsi
2300 3088 2560 3141 montium
2604 3084 2792 3148 moles,
2837 3081 3046 3138 etiamsi
3094 3080 3350 3135 caelorum
3405 3092 3648 3145 corpora

2047 3180 2412 3251 compererint
2453 3177 2737 3239 obstantia,
2770 3174 2947 3230 omnia
2995 3172 3149 3228 facile
3188 3181 3647 3242 praetercurrunt.

2048 3274 2296 3329 Attamen
2321 3284 2444 3326 cum
2476 3277 2673 3324 tantam
2706 3267 2894 3322 habeat
2916 3266 3250 3322 celeritatem
3274 3271 3328 3318 et
3353 3262 3648 3317 oculorun

2048 3363 2217 3418 aciem
2243 3361 2442 3428 anima,
2466 3374 2571 3415 non
2603 3373 2670 3415 ex
2691 3372 2810 3414 sese
2837 3356 3112 3413 sufficiens
3135 3354 3305 3411 estad
3336 3354 3648 3425 intelliget»

2050 3455 2178 3510 tiam
2205 3468 2383 3510 rerum
2409 3451 2700 3508 ccclestium
2718 3490 2734 3517 ,
2764 3448 2859 3504 sed
2884 3463 3018 3518 opus
3044 3447 3137 3501 illo
3160 3445 3320 3501 habet
3344 3444 3439 3514 qui
3466 3446 3648 3517 ipsan

2050 3562 2210 3602 manu
2251 3545 2499 3600 deducat.
2542 3542 2824 3598 Faciamus
2850 3540 3008 3611 igitur
3031 3539 3171 3610 quod
3202 3539 3253 3592 in
3281 3552 3471 3608 regum
3499 3538 3647 3606 pala

2051 3643 2139 3697 tiis
2169 3640 2342 3695 facere
2370 3640 2546 3694 solent
2568 3677 2584 3704 ,
2609 3636 2700 3707 qui
2728 3636 2949 3705 cupiunt
2967 3649 3028 3688 ea
3052 3631 3253 3687 videre.
3279 3629 3417 3698 Quid
3458 3639 3648 3684 auten

2052 3735 2129 3789 illi
2162 3732 2401 3788 faciunt?
2442 3730 2541 3787 Ubi
2571 3728 2882 3800 quiesierint
2910 3741 3033 3782 eum
3058 3725 3143 3780 cui
3172 3724 3350 3778 claves
3377 3724 3648 3777 commis

2052 3842 2127 3881 sa:
2173 3833 2318 3889 sunt,
2367 3822 2515 3877 illum
2564 3819 2783 3884 adeunt,
2823 3818 3163 3886 alloquuntur
3215 3822 3270 3868 et
3312 3812 3648 3883 supplicant

2054 3918 2363 3989 frequenter
2387 3923 2440 3968 et
2463 3912 2748 3984 pecuniam
2775 3915 3060 3964 numerant
3084 3948 3099 3972 ,
3127 3914 3187 3960 ut
3214 3905 3340 3974 ipsis
3368 3902 3648 3974 gratiﬂce

2054 4018 2159 4066 tur.
2192 4006 2460 4063 Adeamus
2488 4017 2617 4074 ergo
2642 4011 2698 4056 et
2725 4015 2823 4055 nos
2854 4012 3020 4054 unum
3045 4011 3266 4061 eorum,
3297 3993 3498 4065 quibus
3544 4010 3648 4048 cm

2053 4105 2216 4160 lestes
2241 4108 2410 4171 portae
2446 4095 2750 4151 commissa:
2793 4099 2936 4159 sunt,
2978 4088 3327 4160 appellemus,
3367 4086 3648 4155 supplice

2053 4209 2195 4260 mus,
2240 4205 2337 4260 pro
2370 4187 2594 4258 pecunia
2642 4190 2939 4254 promptam
2975 4180 3299 4235 voluntatem
3338 4176 3648 4230 sincerum

2055 4304 2159 4361 que
2196 4284 2441 4341 affectum
2479 4281 2845 4337 exhibeamus.
2891 4276 2957 4331 Et
2983 4274 3027 4328 si
3058 4273 3150 4329 ille
3174 4269 3482 4327 mercedem
3516 4269 3647 4325 hat:

2054 4360 2342 4449 acceperit,
2394 4390 2553 4429 manu
2593 4382 2775 4426 nostra
2818 4366 3152 4438 apprehensa
3192 4377 3287 4432 per
3324 4360 3515 4415 omnia
3554 4364 3648 4417 cit

2057 4472 2359 4533 cumducet,
2406 4483 2510 4522 non
2556 4466 2702 4520 illam
2741 4460 3032 4518 ostendens
3061 4457 3283 4529 regiam,
3324 4455 3421 4511 sed
3472 4455 3648 4525 ipsui

2057 4567 2257 4637 Regem
2313 4562 2366 4617 in
2414 4559 2552 4615 solio
2587 4557 2888 4615 sedentem,
2930 4549 3266 4607 adstantibus
3321 4548 3648 4603 exercitii):

2058 4655 2492 4723 exercituumque
2545 4647 2770 4704 ducibus
2796 4685 2811 4709 ,
2865 4643 3238 4699 assistentibus
3283 4640 3648 4696 innumerab

2058 4748 2189 4803 lium
2228 4743 2539 4814 angelorum
2578 4747 2633 4793 et
2678 4735 3119 4806 archangelorum
3144 4730 3381 4787 millibus
3412 4746 3427 4793 ;
3472 4746 3648 4787 omn

2062 4842 2348 4912 diligenter
2402 4834 2556 4891 nobis
2605 4830 2885 4893 ostendet,
2943 4838 3204 4897 quatenus
3265 4824 3417 4879 nobis
3469 4826 3638 4879 vide

2062 4937 2206 4991 licet.
2237 4932 2366 5001 Quis
2394 4930 2554 5001 igitur
2590 4933 2672 4980 est
2710 4924 2811 4979 iste
2849 4920 2935 4977 cui
2980 4920 3093 4974 haec
3132 4917 3333 4973 functio
3360 4918 3648 4974 cummis

2061 5036 2163 5091 cst,
2195 5039 2358 5096 quam
2401 5027 2690 5091 sequentes
2727 5030 2870 5070 nunc
2909 5013 3150 5067 volumus
3190 5008 3437 5079 ingredi?
3468 5006 3648 5065 Isaia

2062 5119 2442 5191 prophetarum
2469 5109 2859 5168 vocalissimus.
2883 5105 3023 5175 Ergo
3049 5116 3270 5157 necesse
3296 5108 3401 5165 est,
3423 5107 3489 5151 ut
3532 5099 3647 5155 hu

2064 5215 2415 5282 alloquamur.

2136 5303 2418 5374 Scriptum
2447 5294 2697 5369 quomodo
2724 5291 3008 5346 audienda.
3040 5314 3110 5329 -
3136 5286 3311 5356 Agite,
3346 5293 3647 5354 sequam‘

2064 5392 2363 5464 composito
2387 5386 2554 5460 gradu
2582 5383 2911 5448 incedentes,
2948 5379 3117 5435 multo
3152 5392 3273 5432 cum
3301 5376 3545 5431 silentio
3591 5400 3611 5436 ε

2065 5487 2185 5558 quis
2229 5479 2555 5553 ingrediatur
2599 5475 2743 5530 curis
2795 5480 3018 5527 onustus
3068 5467 3371 5533 mundanis,
3426 5482 3511 5522 ne
3581 5491 3633 5545 q

2066 5577 2226 5632 animi
2256 5572 2468 5635 dubius,
2510 5583 2576 5623 ne
2612 5567 2731 5638 quis
2760 5564 3017 5620 attonitus
3048 5580 3062 5615 :
3101 5575 3285 5616 verum
3330 5560 3447 5613 hare
3480 5575 3648 5619 om.

2070 5672 2196 5727 foris
2221 5677 2344 5722 ante
2362 5664 2557 5720 ostium
2581 5661 2909 5730 deponamus
2926 5670 3133 5723 omnes,
3160 5663 3319 5724 atque
3344 5652 3415 5708 ita
3438 5652 3648 5715 denu

2137 5776 2153 5807 ι
2224 5769 2363 5818 Unus
2426 5771 2566 5833 legit,
2591 5769 2844 5832 mysticum
2866 5763 3031 5815 melos.
