3696 6278
107 243 188 300 109
1114 234 1178 290 lN
1218 232 1441 301 ILLUD,
1486 231 1621 289 VIDI

1860 229 1988 293 ’UM.
2029 229 2260 286 HOMIL.
2307 228 2366 286 ll.

104 357 458 430 ingrediamur.
486 353 825 425 lngredimur
867 350 1007 406 enim
1051 351 1105 404 in
1146 365 1368 420 regnum
1393 356 1667 415 canorum,

102 448 487 505 miiscendimus
506 447 562 502 in
588 446 835 516 regiones
862 442 1029 498 stellis
1057 441 1401 513 fulgurantes.
1428 439 1560 507 Quae
1589 439 1672 494 in-

102 555 174 598 tus
194 549 317 593 sunt
349 539 490 593 miro
531 537 747 592 silentio
776 536 930 606 plena
975 543 1118 598 sunt,
1162 531 1536 604 mysteriisque
1565 544 1671 586 non

99 631 364 686 efferendis
391 631 613 686 referta.

153 725 206 781 ‘2.
230 724 336 780 Sed
364 723 776 783 animadvertite
802 721 1117 792 diligenter:
1141 734 1262 774 nam
1279 717 1673 788 Scripturarum

99 817 233 873 lectio
255 817 513 871 culorum
542 824 626 870 cst
661 812 936 869 reseratio.
979 809 1048 864 Et
1077 815 1266 882 [uetant
1290 821 1362 864 est
1387 824 1542 874 anno,
1575 822 1674 878 quo

101 920 305 964 sortitus
329 920 405 963 est
435 909 591 964 Ozias
615 925 737 974 rex,
763 907 866 961 vidi
893 904 1168 960 Dominum
1195 903 1448 958 sedentem
1469 902 1524 962 in
1546 899 1674 956 solio

99 1000 266 1056 acciso
297 1010 348 1056 et
376 1001 514 1055 elato
540 999 694 1072 (lsai.
720 999 773 1055 6.
800 1001 878 1068 1).
907 997 1100 1052 Vidisti
1129 995 1278 1067 probi
1305 993 1488 1050 famuli
1514 994 1676 1050 bene-

100 1094 362 1148 volentiam
386 1091 924 1161 humanitatemque?
958 1089 1107 1144 Illico
1137 1102 1238 1144 nos
1261 1087 1328 1142 ad
1366 1085 1558 1142 solium
1594 1085 1676 1140 in-

98 1185 223 1239 duit
245 1185 484 1254 regium,
520 1199 620 1238 nec
655 1183 800 1252 prius
837 1181 1150 1251 circumegit
1194 1188 1314 1250 post
1349 1179 1535 1249 longos
1562 1193 1676 1232 am-

99 1279 232 1333 bitus.
262 1276 364 1332 sed
407 1277 567 1331 simul
608 1284 768 1346 atque
793 1283 976 1344 portas
1014 1270 1242 1342 aperuit,
1285 1286 1317 1326 e
1345 1270 1562 1341 regione
1591 1283 1677 1324 se-

99 1371 288 1423 dentem
335 1367 624 1423 Dominum
671 1365 903 1422 ostendit
953 1383 967 1418 :
1011 1363 1080 1418 Et
1123 1362 1393 1433 Seraphim
1419 1403 1438 1428 ,
1483 1361 1670 1432 inquit,

99 1459 269 1511 ιιιιὸαηι
297 1459 356 1511 in
380 1459 601 1512 circuitu
627 1458 774 1528 ejus;
802 1472 890 1511 sex
911 1455 1010 1510 alte
1032 1455 1142 1522 uni,
1169 1463 1216 1509 et
1240 1468 1331 1508 sea:
1354 1451 1453 1508 ala:
1479 1451 1626 1507 alteri
1655 1467 1674 1506 :

97 1567 138 1601 rc
160 1549 364 1602 duabus
389 1548 599 1621 quidem
639 1548 870 1603 uelabant
908 1546 1090 1617 {aciem
1113 1587 1128 1613 ,
1178 1545 1371 1599 duabus
1413 1543 1583 1614 pedes,
1628 1553 1675 1598 et

99 1640 267 1693 (rebus
283 1638 550 1703 volabant,
579 1648 624 1694 et
649 1639 934 1692 clamabant
953 1637 1081 1691 alter
1099 1637 1166 1690 ad
1186 1634 1639 1700 alterunt,‘dicentes
1655 1651 1674 1690 :

98 1732 315 1799 Sanctus,
355 1742 587 1802 sanctus,
615 1742 839 1799 sanctus,
872 1731 1118 1787 Dominus
1161 1730 1408 1787 Sabaoth.
1429 1729 1594 1803 (Ibid.
1622 1744 1671 1783 υ.

98 1825 136 1878 1
155 1826 236 1893 δ).
1509 1815 1514 1820 ·

147 1916 335 1970 Contra
356 1915 651 1971 Anomaeos.
674 1913 861 1972 Divina
881 1923 1062 1970 natura
1085 1914 1279 1986 angelis
1294 1913 1678 1984 incomprehen-

97 2009 249 2062 sibilis.
274 2037 356 2049 —
378 2007 526 2063 Vere
563 2016 798 2072 sanctus,
835 2009 926 2078 qui
961 2014 1197 2062 nostram
1243 2013 1483 2061 naturam
1516 2006 1675 2061 tantis

99 2115 142 2153 ac
165 2099 361 2154 talibus
404 2099 681 2171 mysteriis
703 2098 949 2169 dignatus
977 2107 1087 2163 est,
1116 2096 1203 2168 qui
1246 2111 1345 2151 nos
1382 2095 1562 2151 talium
1593 2109 1678 2150 se-

97 2202 344 2245 cretorum
373 2199 662 2246 consortes
690 2188 837 2244 fecit.
865 2187 1067 2243 Horror
1096 2201 1182 2242 me
1203 2202 1266 2242 ac
1297 2195 1496 2241 tremor
1511 2185 1678 2240 corri-

100 2283 186 2351 puit
222 2284 275 2337 in
308 2282 403 2336 tali
427 2282 663 2337 cantico.
697 2280 766 2336 Et
792 2279 918 2351 quid
962 2279 1174 2343 mirum,
1220 2278 1266 2333 si
1299 2291 1386 2332 me
1423 2275 1677 2345 corripuit

98 2377 270 2430 luteum
288 2390 356 2430 ac
383 2383 688 2440 terrenum,
713 2388 833 2428 cum
862 2372 1020 2428 etiam
1061 2373 1205 2442 ipsas
1227 2385 1485 2440 supernas
1511 2371 1678 2424 virtu-

99 2479 156 2520 tes
175 2480 395 2536 semper
413 2466 685 2520 maximus
707 2465 946 2520 obtineat
965 2463 1184 2533 stupor?
1209 2462 1505 2532 Eapropter
1524 2476 1677 2516 aver-

97 2570 188 2614 tant
239 2560 442 2624 facies,
489 2559 709 2630 alasque
758 2559 874 2614 vice
917 2571 1190 2612 murorum
1234 2555 1526 2625 objiciunt,
1568 2569 1673 2608 non

98 2654 303 2709 ferentes
327 2653 518 2709 radios
545 2653 690 2708 illinc
717 2651 1134 2722 proficiscentes.
1169 2649 1232 2704 Et
1269 2657 1465 2711 tamen,
1505 2648 1669 2712 aiunt,

97 2745 288 2816 Hquod
319 2745 625 2816 apparebat
651 2750 998 2813 attemperata
1029 2742 1255 2812 quadam
1296 2739 1524 2809 imagine
1547 2736 1678 2791 offc—

99 2840 305 2896 raiatur.
329 2840 448 2895 Cur
481 2838 644 2909 igitur
665 2851 769 2892 non
801 2834 1070 2890 tulerunt?
1093 2833 1219 2888 Mihi
1251 2832 1347 2887 ista
1386 2830 1557 2886 dicis?
1584 2831 1676 2886 Dic

100 2933 148 2984 is
177 2932 262 3000 qui
297 2931 529 2986 curiose
570 2935 878 2983 scrutantur
906 2925 1226 2981 ineffabilem
1255 2937 1317 2978 ac
1345 2921 1552 2978 beatam
1583 2937 1678 2976 na-

100 3034 264 3086 turam,
292 3022 365 3077 iis
391 3021 492 3093 qui
517 3019 718 3075 audent
746 3034 851 3073 non
883 3016 1146 3072 audenda.
1173 3015 1288 3086 Ipsa
1312 3012 1591 3085 Seraphim
1609 3027 1676 3068 nc

96 3112 462 3168 (emissionem
519 3110 738 3182 quidem
792 3107 890 3164 Dei
937 3107 1306 3163 sustinuerunt
1354 3104 1548 3160 intueri
1583 3112 1678 3159 :et

99 3205 421 3259 ausoausns
455 3211 545 3258 est
570 3201 773 3268 dicere,
818 3200 928 3254 imo
965 3198 1142 3269 potius
1181 3196 1344 3251 homo
1385 3210 1550 3250 ausus
1595 3201 1680 3250 est

99 3294 254 3349 asino
269 3293 588 3364 occipere,
616 3306 674 3346 se
702 3298 944 3345 naturam
968 3289 1137 3358 ipsam
1164 3288 1448 3352 sinceram,
1468 3295 1523 3341 et
1541 3285 1680 3340 Che-

99 3387 279 3442 minis
305 3388 539 3443 minime
563 3383 929 3454 conspicuam,
962 3394 1120 3452 posse
1161 3379 1226 3434 ad
1259 3379 1472 3449 plenum
1508 3377 1680 3433 clare-

219 3478 440 3535 videre?
492 3477 778 3541 Horresce,
825 3473 1050 3538 calum,
1097 3471 1436 3540 obstupesce,
1492 3462 1678 3524 terra:

99 3571 183 3625 inc
202 3572 406 3627 audere
432 3571 614 3640 majus
641 3575 726 3624 est
741 3567 827 3635 iis,
849 3581 970 3638 qua:
992 3565 1105 3620 ausi
1132 3574 1257 3620 sunt
1282 3563 1379 3619 illi.
1403 3562 1533 3620 Nam
1560 3577 1679 3632 quas

101 3675 188 3716 ann
228 3664 303 3718 illi
337 3678 440 3733 per
479 3661 810 3732 impietatem
849 3656 1138 3724 audebant,
1177 3655 1364 3711 eadem
1407 3669 1548 3709 nunc
1586 3667 1680 3724 per

101 3754 412 3823 impietatem
438 3751 646 3808 audent
672 3750 781 3807 isti.
819 3748 952 3804 Nam
977 3757 1278 3805 creaturam
1303 3735 1566 3802 ‘similiter
1587 3745 1682 3800 ad-

101 3855 239 3901 erant
265 3863 280 3900 :
306 3844 456 3917 quod
486 3852 670 3899 autem
704 3856 850 3898 nunc
881 3841 969 3896 isti
989 3839 1279 3896 commenti
1316 3847 1467 3905 sunt,
1500 3838 1677 3894 nullus

97 3941 196 4007 tias
219 3941 400 3994 atatis
427 3938 709 3994 hominum
738 3950 913 4006 neque
939 3934 1135 3999 dicere,
1159 3947 1334 4004 nequc
1354 3931 1540 3988 audire
1563 3946 1684 3987 sus-

99 4034 261 4088 ﬁnit.
288 4032 430 4099 Quid
459 4031 582 4086 ais?
609 4028 872 4085 Demissio
888 4036 1004 4083 erat
1021 4024 1163 4096 quod
1183 4025 1499 4080 videbatur?
1528 4023 1677 4091 Erat,

97 4126 176 4179 id
201 4126 325 4181 Dei.
353 4125 570 4180 Etenim
602 4123 646 4177 si
675 4121 860 4177 Daniel
897 4119 984 4176 cui
1013 4118 1238 4174 multum
1266 4126 1383 4174 erat
1412 4116 1684 4172 familiari-

97 4219 202 4273 mis
231 4234 302 4273 ac
346 4217 558 4272 fiducia:
592 4215 737 4286 apud
785 4214 974 4280 Deum,
1004 4227 1112 4267 non
1153 4209 1407 4266 sustinuit
1433 4208 1681 4280 angelum

91 4326 194 4366 sese
225 4312 335 4381 ipsi
388 4310 758 4366 demittentem
802 4305 1009 4370 videre,
1055 4303 1151 4360 sed
1179 4303 1374 4359 cecidit
1411 4302 1684 4372 iacuitque

91 4419 310 4470 mtas,
337 4403 570 4459 vinculis
593 4401 870 4459 oculorum
917 4399 1056 4454 illius
1093 4398 1162 4470 ab
1205 4397 1292 4452 illa
1321 4397 1487 4467 gloria
1513 4397 1686 4452 disso-

87 4496 199 4551 Hs
223 4514 243 4550 :
279 4494 416 4567 quid
457 4495 654 4549 mirum
692 4493 737 4546 si
781 4490 1060 4560 Seraphim
1103 4487 1444 4558 expavefacta
1486 4495 1610 4541 sunt
1640 4488 1681 4554 ι,

87 4602 178 4641 III
205 4585 541 4642 sustinentia
570 4584 902 4654 maiestatem
923 4581 1069 4636 illam
1091 4579 1280 4634 intueri
1298 4579 1322 4633 ?
1337 4577 1518 4649 Neque
1537 4577 1682 4633 enim

85 4691 290 4736 tantum
333 4677 669 4734 discriminis
711 4684 794 4731 est
833 4675 975 4729 inter
1018 4672 1288 4729 Danielem
1319 4680 1375 4727 et
1401 4671 1679 4741 Angelutn,

91 4783 344 4840 emtam
372 4773 516 4828 inter
541 4771 708 4826 Deum
739 4778 794 4825 et
820 4767 1057 4822 Virtutes
1083 4765 1220 4822 illas.
1257 4764 1453 4821 Verum
1482 4779 1550 4820 ne
1590 4781 1686 4819 nos

85 4871 191 4931 iis
214 4881 398 4936 quam
439 4871 528 4920 sat
559 4871 645 4918 est
683 4861 769 4916 his
806 4857 1077 4914 miraculis
1107 4859 1454 4912 immorantes
1479 4867 1686 4912 veStros

85 4959 292 5012 -ξωοε
317 4958 372 5012 in
399 4965 675 5026 stuporem
698 4952 992 5024 adigamus,
1011 4965 1108 5022 age
1126 4950 1193 5005 ad
1215 4949 1422 5004 initium
1450 4948 1686 5004 historiae

83 5059 506 5112 caueamur,
558 5045 934 5102 humilioribus
979 5044 1100 5098 illos
1150 5041 1579 5098 enarrationibus
1620 5040 1689 5096 ad

238 5139 671 5210 intelligentiam
709 5136 1057 5190 adducentes.
1105 5129 1174 5188 Et
1217 5134 1410 5203 factum
1447 5142 1520 5187 est
1553 5148 1690 5186 anno

87 5251 164 5296 an
189 5245 444 5288 muas
472 5242 548 5286 est
575 5229 731 5284 Ozias
764 5245 871 5282 rex.
916 5227 1104 5296 Operae
1142 5225 1370 5294 pretium
1397 5233 1482 5278 est
1520 5223 1693 5293 inqui-

89 5344 185 5382 rere
211 5330 492 5398 primum,
527 5339 624 5379 cur
649 5321 909 5392 propheta
936 5321 1088 5375 nobis
1115 5313 1326 5388 tempus
1359 5317 1648 5388 designarit
1672 5332 1686 5380 ;

272 5422 433 5475 enim
462 5419 568 5472 hoc
589 5415 812 5471 fortuito
839 5423 1104 5470 temercve
1133 5412 1278 5467 facit.
1305 5410 1434 5465 Nam
1455 5409 1682 5492 prophe-

95 5489 244 5567 tam
274 5525 386 5568 ora
414 5510 507 5565 Dei
537 5517 663 5562 sunt
686 5523 748 5562 os
779 5524 792 5560 :
826 5505 930 5560 tale
958 5520 1086 5560 vero
1106 5519 1169 5558 os
1193 5503 1325 5557 nihil
1353 5489 1556 5556 dixcrit
1574 5501 1689 5554 obi-

87 5622 146 5660 η
172 5618 228 5663 es
257 5616 432 5662 extra
463 5618 602 5658 rem.
631 5600 711 5657 Nc
742 5599 900 5670 igitur
929 5614 1026 5655 nos
1052 5597 1222 5653 obiter
1253 5606 1303 5654 et
1332 5595 1694 5669 perfunctorie

133 5751 148 5777 '
175 5749 360 5803 Laus,
382 5740 438 5796 Si
456 5732 712 5805 Seraphim
734 5740 895 5791 oculos
919 5751 1026 5791 suos
1049 5736 1222 5793 vetant.

3268 233 3367 288 ΗΟ

1781 344 2077 400 audiamus.
2109 344 2319 400 Etenim
2351 344 2395 398 si
2428 344 2462 398 ii
2492 345 2582 415 qui
2625 344 2832 401 fodiunt
2857 347 3093 412 metalla,
3123 362 3192 402 ne
3217 351 3373 403 titini-

1778 450 1864 492 ma
1891 435 2105 506 quidem
2133 435 2356 490 frustula
2381 444 2724 507 praetereunt,
2759 452 2945 494 verum
2972 437 3061 494 ubi
3094 440 3231 495 nacti
3261 439 3374 497 fuc-

1778 527 1886 582 rint
1909 527 2137 597 aliquam
2178 541 2368 582 venam
2406 527 2543 593 auri,
2584 535 2790 583 meatus
2827 543 3016 585 omnes
3054 541 3240 586 exacte
3268 532 3373 586 cir-

1778 619 2129 689 cumspiciunt
2154 639 2168 674 :
2195 628 2395 690 quanto
2419 620 2589 690 magis
2626 619 2726 676 hoc
2751 619 2929 676 facere
2957 636 3057 678 nos
3086 632 3292 694 oportet
3314 625 3371 678 in

1781 710 2109 781 Scripturis?
2137 711 2206 766 Et
2231 720 2404 767 tamen
2435 711 2487 766 in
2512 711 2744 767 metallis
2763 711 2982 769 difﬁcile
3011 722 3096 768 est
3129 715 3371 772 invenire

1779 803 1923 874 quod
1949 811 2225 860 venantur.
2269 804 2481 860 Etenim
2513 819 2636 860 cum
2666 812 2722 860 et
2747 804 2958 860 metalla
2987 805 3096 860 sint
3125 815 3284 872 terra,
3317 815 3375 863 ct

1779 911 1968 952 aurum
1996 897 2125 952 nihil
2153 897 2296 952 aliud
2325 898 2570 972 sitquam
2598 906 2762 964 terra,
2792 897 2904 968 ipsa
2933 912 3143 969 quoque
3165 907 3371 954 naturae

1780 992 2083 1048 communio
2138 987 2538 1062 similitudoque
2580 1006 2804 1055 eorum,
2855 1007 2975 1061 qua:
3023 1001 3370 1061 quaeruntur,

1780 1086 1962 1141 oculos
1990 1084 2152 1149 fallit;
2181 1093 2413 1139 attamen
2443 1099 2508 1139 ne
2527 1084 2604 1139 sic
2623 1083 2837 1154 quidem
2859 1084 3121 1138 desistunt
3146 1083 3244 1150 illi,
3278 1084 3372 1138 sed

1780 1192 1992 1233 omnem
2017 1176 2273 1232 adhibent
2300 1176 2650 1246 diligentiam,
2679 1175 2885 1232 etiamsi
2915 1184 3258 1246 posteaquam
3291 1176 3374 1230 in-

1780 1273 2070 1342 spexerint,
2098 1271 2268 1327 sciant
2293 1270 2416 1341 quid
2447 1285 2572 1325 vere
2593 1271 2661 1324 sit
2679 1277 2842 1332 terra,
2869 1269 2996 1339 quid
3011 1283 3139 1324 vere
3158 1283 3370 1323 aurum.

1781 1363 1840 1421 In
1865 1362 2153 1432 Scripturis
2179 1369 2358 1417 autem
2388 1376 2492 1416 non
2519 1369 2601 1416 est
2629 1359 2814 1416 eadem
2836 1360 2993 1415 ratio.
3020 1359 3202 1431 Neque
3226 1359 3368 1415 enim

1781 1456 2096 1527 proponitur
2124 1469 2312 1509 aurum
2343 1461 2500 1508 terra:
2529 1453 2902 1520 commixtum,
2939 1453 3032 1508 sed
3075 1467 3262 1522 purum
3291 1455 3369 1506 est

1780 1563 2016 1603 aurum:
2060 1546 2300 1618 Eloquia,
2329 1545 2519 1616 inquit,
2547 1545 2754 1600 Domini
2779 1554 2938 1612 casta,
2971 1555 3234 1617 argentum
3259 1547 3375 1617 igne

1780 1633 2145 1702 acttiitinatunt,
2187 1637 2456 1709 probatum
2499 1646 2644 1691 terra:
2666 1635 2837 1708 (Psal.
2869 1638 2956 1692 il.
2988 1637 3066 1706 7).
3096 1637 3370 1708 Siquidem

1779 1731 2068 1802 Scriptura:
2093 1745 2198 1785 non
2237 1739 2361 1785 sunt
2388 1729 2604 1784 metalla
2633 1743 2754 1800 quae
2785 1728 3056 1799 indigeant
3081 1729 3367 1798 operariis,

1781 1823 1876 1877 sed
1925 1823 2233 1877 thesaurum
2281 1818 2524 1891 przebent
2565 1829 2809 1890 paratum
2859 1821 2961 1887 iis,
3009 1821 3098 1890 qui
3128 1829 3375 1892 quaerunt

1781 1929 1912 1984 opes
1955 1915 2006 1968 in
2056 1914 2186 1983 ipsis
2228 1912 2550 1968 reconditas.
2600 1911 2741 1968 Satis
2786 1921 2869 1968 est
2915 1913 3056 1968 enim
3111 1914 3375 1984 introspe-

1783 2008 1947 2075 xisse,
1993 2017 2052 2062 ut
2080 2006 2227 2061 omni
2266 2005 2462 2075 expleti
2512 2005 2686 2060 fructu
2737 2005 3060 2071 discedatis;
3109 2005 3242 2062 satis
3291 2017 3373 2062 est

1784 2108 1986 2154 tantum
2010 2097 2316 2169 aperuisse,
2357 2107 2412 2150 ut
2456 2096 2596 2152 illico
2620 2095 2802 2152 videas
2827 2111 3158 2167 gemmarum
3191 2097 3374 2167 splen-
3419 2134 3424 2139 .

1782 2193 1987 2249 dorem.

1855 2286 2124 2357 Scriptura
2145 2273 2299 2339 'nihil
2342 2283 2488 2339 habet
2525 2300 2904 2356 supervacuum.
2937 2314 3008 2325 —
3033 2283 3160 2340 Haec
3195 2291 3372 2340 autem

1782 2379 1913 2434 mihi
1955 2394 2059 2433 non
2093 2387 2297 2433 temere
2335 2377 2477 2432 dicta
2513 2385 2636 2431 sunt
2665 2391 2837 2446 neque
2877 2376 3094 2432 fortuito
3141 2378 3370 2448 produxi

1781 2485 2106 2536 sermonem,
2137 2472 2234 2525 sed
2265 2469 2387 2540 quia
2433 2479 2558 2524 sunt
2593 2468 2837 2523 homines
2873 2468 3089 2538 quidam
3131 2467 3371 2538 Opifices,

1781 2564 1871 2634 qui
1903 2571 2247 2633 posteaquam
2282 2576 2463 2617 sacros
2493 2560 2684 2616 Libros
2713 2561 2765 2615 in
2809 2575 2999 2616 manus
3025 2560 3370 2631 sumpserint.

1783 2653 1978 2710 deinde
1997 2653 2296 2725 repererint
2315 2654 2398 2709 vel
2419 2667 2679 2708 annorum
2703 2667 2982 2708 numerum
3004 2652 3256 2723 positum,
3287 2652 3374 2708 vel

1785 2746 2060 2803 nominum
2082 2745 2476 2812 recensionem,
2509 2745 2652 2800 illico
2679 2751 3114 2814 praetercurrunt,
3142 2752 3196 2798 et
3218 2743 3372 2797 ineu-

1783 2837 2025 2894 santibus
2067 2836 2396 2908 respondent
2439 2855 2454 2892 :
2499 2836 2721 2891 Nomina
2767 2843 2968 2891 tantum
3015 2843 3160 2900 sunt,
3200 2848 3377 2904 neque

1783 2929 2068 3001 quidquam
2099 2929 2302 2984 habent
2336 2928 2597 2983 utilitatis.
2627 2927 2762 2996 Quid
2791 2927 2905 2981 ais?
2933 2926 3076 2981 Deus
3117 2926 3372 2996 loquitur,

1784 3031 1838 3078 et
1871 3031 1928 3076 tu
1956 3021 2122 3076 audes
2166 3021 2366 3087 dicere,
2409 3019 2562 3075 Nulla
2593 3029 2676 3074 est
2713 3019 2977 3075 dictorum
3003 3017 3243 3074 utilitas?
3285 3017 3377 3072 Et-

1783 3113 1925 3169 enim
1952 3113 1994 3168 si
2027 3111 2094 3167 ad
2138 3111 2333 3167 nudam
2379 3110 2776 3180 inscriptionem
2826 3111 3102 3180 aspexeris
3143 3117 3371 3171 tantum.

1786 3220 1963 3260 nonne
1989 3213 2042 3258 te
2063 3203 2220 3259 sistes
2245 3217 2368 3259 cum
2411 3201 2608 3268 studio,
2639 3201 3009 3270 repositaeque
3051 3199 3374 3256 scrutaberis

1784 3297 1952 3366 epes?
1983 3295 2092 3351 Sed
2130 3294 2257 3366 quid
2285 3293 2476 3365 loquor
2511 3293 2580 3348 de
2621 3291 2946 3361 temporibus
2975 3300 3029 3346 et
3071 3291 3372 3347 nominibus

1787 3388 2097 3459 titulisque?
2128 3387 2282 3442 Disce
2325 3395 2582 3458 quantum
2611 3384 2785 3439 valeat
2821 3383 2977 3438 unius
3012 3391 3216 3438 tantum
3259 3381 3377 3437 lite-

1785 3481 1918 3536 rulae
1953 3479 2212 3552 adiectio,
2260 3493 2324 3535 ac
2365 3478 2552 3534 desine
2599 3485 2706 3532 tota
2741 3485 3087 3532 contemnere
3133 3459 3371 3529 nomina.

1787 3572 2093 3628 Patriarcha
2139 3577 2323 3626 noster
2359 3567 2628 3625 Abraham
2660 3566 2866 3640 (noster
2897 3567 3039 3623 enim
3084 3567 3259 3636 potius
3295 3575 3380 3621 est

1785 3679 1946 3736 quam
1970 3664 2278 3720 Judaaorum
2307 3659 2415 3734 hic)
2445 3661 2592 3732 prius
2629 3659 2806 3716 dictus
2843 3669 2926 3714 est
2959 3660 3192 3725 Abram;
3233 3657 3378 3729 quod

1787 3758 2192 3829 interpretatum
2217 3764 2372 3812 sonat
2397 3755 2740 3810 transitorem
2775 3761 2935 3823 :post
2975 3752 3090 3807 htrc
3129 3766 3258 3806 vero
3283 3766 3380 3805 no-

1789 3849 1933 3904 mine
1957 3855 2282 3904 commutato
2317 3846 2492 3902 dictus
2539 3844 2827 3906 Abraham,
2874 3851 3026 3914 pater
3067 3842 3238 3897 factus
3261 3857 3359 3895 om-

1790 3943 1934 3996 nium
1958 3942 2194 4014 gentium
2219 3957 2236 4007 ;
2266 3950 2319 3996 et
2359 3940 2572 3995 unicum
2595 3939 2918 3994 elementum
2946 3936 3212 4005 adiectum
3266 3944 3382 3990 tan-

1791 4046 1899 4094 tum
1948 4034 2302 4106 principatum
2359 4031 2646 4087 vindicavit
2689 4029 2853 4100 iusto.
2914 4026 3377 4096 Quemadmodum

1789 4133 1930 4186 enim
1965 4129 2318 4198 Imperatores
2344 4123 2606 4196 praefectis
2630 4122 2742 4179 suis
2769 4135 2960 4177 aureas
2998 4119 3280 4190 porrigunt
3301 4126 3381 4173 ta-

1792 4224 1981 4290 bellas,
2014 4221 2351 4291 magistratus
2380 4217 2587 4288 signum
2616 4232 2631 4270 :
2679 4213 2757 4270 sic
2783 4223 2838 4270 et
2877 4214 3014 4268 Deus
3046 4211 3192 4282 iusto
3220 4209 3294 4266 illi
3324 4210 3379 4265 in

1792 4315 2013 4372 honoris
2032 4314 2242 4384 signum
2262 4310 2411 4367 dedit
2436 4309 2666 4366 literam.

1861 4408 1918 4462 ὅ.
1937 4406 2134 4462 Verum
2161 4405 2230 4460 de
2259 4403 2559 4459 nominibus
2580 4400 2688 4454 alio
2710 4409 2951 4469 tempore
2973 4397 3235 4453 disseram
3257 4394 3335 4466 (a)
3365 4410 3378 4449 :

1793 4511 2025 4572 quantus
2049 4507 2228 4556 autem
2253 4498 2323 4555 sit
2344 4508 2645 4568 temporum
2671 4495 2872 4549 fructus
2892 4492 2936 4548 si
2963 4497 3380 4562 cognoscantur,

1794 4608 2008 4650 rursum
2038 4601 2297 4663 quantum
2327 4591 2582 4643 damnum
2613 4587 2656 4640 si
2679 4585 3011 4655 ignorentur,
3035 4578 3380 4651 aperiendum

1792 4696 1895 4742 est.
1945 4687 2023 4741 Ac
2061 4684 2288 4754 primum
2315 4681 2528 4751 quidem
2564 4678 2615 4732 id
2640 4693 2670 4732 a
2718 4677 2877 4732 rebus
2916 4673 3264 4730 saecularibus
3287 4671 3383 4725 de-

1796 4777 2124 4834 monstrabo.
2151 4776 2492 4830 Testamenta
2521 4769 2820 4839 tabulaeque
2843 4768 2912 4822 de
2941 4766 3161 4836 nuptiis,
3188 4764 3255 4817 de
3281 4763 3382 4816 dc-

1795 4870 1944 4938 bitis,
1974 4870 2149 4940 deque
2166 4865 2390 4936 reliquis
2409 4861 2774 4920 contractibus
2793 4901 2806 4925 ,
2835 4858 2938 4914 nisi
2969 4861 3022 4912 in
3049 4854 3384 4925 frontispicio

1795 4965 2076 5023 consulum
2095 4975 2266 5017 annos
2295 4959 2526 5014 habeant
2549 4953 2910 5026 praescriptos,
2945 4950 3142 5007 nullam
3169 4965 3234 5005 ex
3262 4962 3384 5005 sese

1796 5061 1904 5115 vim
1934 5058 2153 5114 habent.
2188 5056 2300 5111 Hoc
2329 5061 2412 5110 est
2437 5053 2579 5107 cnim
2607 5049 2747 5120 quod
2772 5048 2878 5103 illis
2903 5047 3066 5103 robur
3086 5045 3254 5110 addit,
3283 5043 3386 5098 hoc

1798 5160 1882 5208 est
1919 5149 2065 5221 quod
2105 5145 2497 5204 controversias
2523 5142 2759 5205 dirimit,
2790 5140 2892 5194 hoc
2927 5137 3070 5208 quod
3095 5151 3126 5192 a
3145 5136 3383 5207 iudiciali

1800 5245 1920 5299 foro
1961 5242 2183 5306 liberat,
2237 5239 2338 5292 hoc
2399 5234 2539 5306 quod
2590 5250 2653 5287 ex
2705 5232 2932 5286 inimicis
2987 5230 3112 5285 facit
3157 5227 3384 5282 amicos.

1803 5336 2032 5392 Proinde
2055 5334 2144 5403 qui
2172 5333 2293 5387 talia
2319 5331 2647 5393 describunt,
2670 5343 2773 5382 non
2801 5327 2956 5380 aliter
2983 5339 3139 5394 quam
3167 5321 3384 5374 lucerna

1803 5433 1854 5486 in
1885 5427 2212 5484 candelabro
2252 5423 2375 5494 poni
2417 5421 2584 5488 solet,
2630 5419 2789 5475 sicin
2841 5414 3171 5485 frontispicio
3199 5411 3384 5465 litera.

1802 5540 1919 5579 rum
1950 5521 2152 5576 addunt
2192 5517 2561 5579 consulatum,
2591 5523 2649 5568 ut
2673 5510 2923 5568 omuibus
2943 5523 3062 5579 quin
3095 5501 3390 5573 subiiciun-

1864 5661 1938 5716 (τι)
1977 5660 2063 5707 Hic.
2093 5655 2271 5705 indicat
2305 5652 2532 5706 llomilias
2566 5649 2630 5702 dc
2663 5645 2918 5700 nutatione
2953 5643 3201 5695 nominum
3221 5671 3236 5700 ,
3270 5649 3389 5701 quas

1809 5726 2045 5777 edidimus
2068 5729 2183 5770 tom.
2207 5719 2257 5768 5.
