3696 6278
308 263 403 317 Ill

309 390 395 436 tur
423 376 730 448 praeluceat.
763 370 895 439 Quae
926 369 973 424 si
999 366 1279 424 sustuleris
1302 407 1318 433 ,
1348 366 1529 419 lumen
1573 359 1887 424 sustuleris,

307 469 596 539 omniaque
621 463 857 521 tenebris
884 461 1156 531 multaque
1183 456 1482 514 turbatione
1518 452 1892 524 compleveris.

310 565 599 633 Propterea
628 574 789 615 omne
818 556 930 613 dati
962 553 1274 624 acceptique
1303 549 1572 621 negotium
1593 590 1607 612 ,
1634 548 1749 603 sive
1773 560 1895 601 cum

312 654 526 718 amicis,
551 652 665 706 sive
690 665 811 705 cum
835 645 1084 709 inimicis,
1112 643 1224 699 sive
1243 657 1364 698 cum
1391 638 1622 705 famulis,
1646 639 1757 693 sive
1776 651 1897 691 cum

316 742 754 817 procuratoribus
772 748 825 796 et
844 736 1139 796 meonomis
1152 742 1358 806 agatur,
1376 731 1479 786 hac
1492 738 1614 802 eget
1630 728 1897 793 cautione,

322 846 380 893 et
432 836 631 906 ubique
685 846 936 896 menses,
983 841 1153 882 annos
1210 838 1276 880 ac
1318 823 1433 879 dies
1494 818 1897 877 subscribimus.

316 926 469 995 Quod
498 927 544 985 si
590 934 793 980 tantum
822 921 963 977 valet
1002 935 1064 976 ea
1088 932 1177 974 res
1205 917 1259 971 in
1281 912 1507 985 negotiis
1535 909 1898 974 szecularibus,

327 1023 384 1077 in
436 1015 805 1089 spiritualibus
875 1012 1046 1069 multo
1107 1007 1337 1078 amplius
1382 1004 1661 1077 profuerit.
1728 1000 1904 1070 Siqui-

327 1116 449 1170 dem
490 1110 591 1165 boc
627 1109 863 1164 declarat
905 1102 1211 1176 prophetias
1249 1115 1368 1156 esse
1427 1095 1752 1169 prophetias.
1800 1092 1903 1149 Ne-

322 1226 432 1281 que
454 1204 596 1260 enim
649 1198 793 1257 aliud
822 1197 1109 1270 quidquam
1140 1202 1224 1248 cst
1276 1191 1553 1263 prephetia
1580 1201 1779 1281 ,quam
1822 1200 1905 1241 re-

321 1316 446 1355 rum
463 1297 758 1353 futurarum
780 1290 1071 1348 enarratio.
1103 1285 1336 1343 Proinde
1356 1283 1446 1354 qui
1469 1280 1640 1337 nescit
1665 1288 1905 1348 tempora

320 1406 506 1449 eorum
535 1404 653 1459 qua:
675 1386 817 1441 dicta
842 1390 1003 1448 sunt,
1022 1394 1209 1452 quaeve
1245 1383 1578 1439 evenerunt,
1599 1372 1690 1443 qui
1716 1372 1910 1442 poterit

321 1481 526 1539 homini
553 1476 895 1535 contentiosa
920 1474 1293 1530 demonstrare
1338 1466 1636 1540 prophetia:
1673 1464 1907 1534 dignita-

323 1575 470 1633 tem?
518 1573 657 1630 Hinc
699 1569 851 1626 nobis
895 1576 948 1623 ct
989 1564 1248 1621 adversus
1290 1569 1477 1633 gentes
1522 1557 1818 1616 certamina
1855 1562 1912 1610 et

321 1667 587 1732 victoriae,
609 1678 729 1719 cum
752 1668 935 1717 nostra
955 1657 1390 1714 demonstramus
1412 1649 1732 1719 antiquiora,
1750 1660 1909 1717 quam

323 1775 444 1832 quae
484 1755 625 1829 apud
668 1754 790 1809 illos
833 1749 1138 1806 habentur:
1165 1747 1288 1802 hinc
1318 1744 1470 1799 nobis
1516 1741 1772 1796 adversus
1812 1737 1909 1794 Ju-

325 1852 474 1907 dmos
534 1843 1019 1905 demonstrationes
1063 1839 1132 1895 ad
1195 1835 1546 1893 evincendam
1600 1832 1914 1895 veritatem;

324 1944 585 2000 adversus
602 1939 817 1996 Judaeos
839 1977 856 2004 ,
889 1936 1103 2005 inquam
1133 1974 1147 1998 ,
1172 1930 1420 1989 infelices
1444 1942 1507 1982 ac
1532 1925 1761 1980 miseros
1780 1965 1796 1991 ,
1823 1922 1914 1992 qui

331 2036 403 2091 ob
444 2043 741 2103 temporum
783 2025 1137 2098 ignorantiam
1178 2024 1230 2077 in
1260 2019 1632 2091 gravissimum
1676 2030 1918 2071 errorem

275 2104 279 2112 Ι
329 2127 463 2197 lapsi
489 2133 633 2180 sunt.
663 2121 796 2177 Nam
823 2120 870 2174 si
913 2117 1188 2173 audissent
1230 2112 1586 2185 patriarcham
1609 2109 1915 2174 dicentem,

336 2217 459 2274 Non
485 2217 680 2284 deﬁciet
702 2213 937 2284 princeps
966 2225 1031 2265 ea:
1050 2207 1083 2262 J
1089 2207 1221 2275 uda,
1252 2223 1411 2276 neque
1435 2206 1540 2263 diu:
1562 2207 1626 2258 de
1649 2202 1920 2275 femoribus

332 2313 444 2382 ejus
465 2352 483 2378 ,
524 2310 682 2364 donec
710 2306 895 2371 veniat,
924 2304 1007 2358 cui
1032 2302 1307 2373 repositum
1350 2308 1424 2354 est
1454 2297 1472 2365 (
1497 2296 1624 2353 Gen.
1668 2297 1759 2352 49.
1788 2296 1916 2368 10),

333 2404 489 2475 sique
506 2400 792 2471 diligenter
815 2398 1191 2452 observasseut
1219 2393 1479 2450 adventus
1506 2390 1758 2446 dominici
1782 2396 1920 2449 tem-

335 2510 468 2567 pora
484 2535 509 2562 ,.
533 2505 866 2563 nequaquam
895 2488 1226 2545 excidissent
1249 2501 1279 2540 a
1309 2484 1526 2540 Christo
1568 2483 1621 2537 in
1651 2480 1921 2538 Antichri-

338 2600 450 2644 tum
476 2585 679 2655 delapsi
712 2602 726 2639 :
758 2579 1209 2655 quemadmodum
1235 2588 1288 2634 et
1315 2578 1429 2649 ipse
1452 2576 1696 2633 Christus
1718 2574 1768 2630 id
1796 2574 1925 2630 sub-

335 2678 580 2735 iudicans
608 2677 687 2733 eis
713 2673 960 2745 prmdixit
986 2688 1000 2725 :
1024 2670 1135 2743 Ego
1162 2670 1275 2725 veni
1301 2669 1355 2724 in
1377 2668 1578 2723 nomine
1602 2666 1779 2721 Patris
1800 2667 1919 2732 mei,

335 2783 384 2827 et
410 2788 512 2826 non
558 2768 814 2837 recepistis
843 2782 921 2820 me
950 2780 970 2820 :
993 2766 1039 2819 si
1078 2764 1264 2819 uenerit
1306 2763 1439 2816 alius
1482 2762 1536 2814 in
1571 2760 1773 2814 nomine
1795 2775 1920 2826 suo,

336 2865 482 2919 illum
504 2856 979 2932 recipietis(.loan.
1022 2854 1229 2927 5.43).
1278 2853 1465 2908 Vidisti
1497 2861 1728 2922 quantus
1770 2865 1926 2907 error

341 2953 589 3011 inciderit
610 2968 673 3006 ex
700 2950 912 3006 inscitia
952 2946 1290 3018 temporum?
1334 2944 1559 3003 Tantam
1592 2943 1750 3014 igitur
1780 2943 1924 2997 utili-

340 3058 507 3103 tatem
536 3060 606 3101 ne
632 3043 886 3113 negligas.
915 3039 1374 3110 Quemadmodum
1401 3036 1544 3091 enim
1572 3036 1624 3090 in
1649 3036 1792 3105 agris
1816 3044 1924 3089 ter-

340 3139 472 3196 mini
513 3138 879 3205 columna-que
938 3149 1045 3189 non
1102 3133 1285 3187 sinunt
1325 3145 1452 3184 arva
1512 3127 1796 3193 confundi,
1847 3126 1927 3182 sic

343 3241 585 3300 tempora
611 3244 718 3283 non
762 3227 946 3281 sinunt
982 3221 1237 3279 confundi
1280 3236 1369 3277 res
1408 3230 1585 3290 gestas
1611 3258 1625 3283 ,
1652 3218 1749 3273 sed
1800 3216 1927 3272 dum

347 3323 605 3379 dirimunt
638 3318 772 3375 alias
797 3318 865 3372 ab
907 3317 1060 3380 aliis,
1082 3324 1139 3371 et
1165 3315 1221 3370 in
1263 3315 1507 3369 ordinem
1544 3318 1928 3382 congruentem

343 3414 617 3483 digerunt,
649 3410 812 3465 multa
844 3423 941 3463 nos
972 3407 1196 3463 liberant
1220 3406 1539 3460 turbatione.
1581 3402 1773 3471 Opera:
1802 3416 1928 3470 pre-

349 3506 480 3561 tium
510 3503 669 3573 igitur
691 3510 775 3558 est
800 3514 1072 3570 exponere
1102 3497 1250 3552 vobis
1296 3496 1416 3566 quis
1455 3493 1615 3549 fuerit
1641 3492 1728 3548 hic
1751 3491 1927 3557 Ozias,

346 3612 452 3668 quo
481 3606 724 3666 tempore
771 3593 1025 3664 regnarit,
1066 3590 1256 3661 quibus
1297 3588 1592 3658 imperarit,
1632 3594 1689 3641 et
1733 3594 1932 3656 quanto

347 3699 589 3758 tempore
612 3685 819 3742 durarit
839 3684 980 3739 illius
1001 3681 1349 3753 principatus,
1376 3689 1644 3749 postremo
1665 3678 1934 3749 quomodo

350 3779 516 3834 vitam
545 3775 761 3832 ﬁnierit.
791 3774 903 3830 lino
928 3774 1102 3844 potius
1137 3771 1246 3842 jam
1270 3771 1536 3826 silendum
1565 3779 1668 3835 est,
1696 3784 1762 3824 eo
1790 3766 1934 3839 quod

350 3885 573 3928 necesse
616 3869 686 3924 sit
732 3868 785 3922 in
817 3868 1138 3921 immensum
1184 3864 1525 3918 historiarum
1568 3861 1787 3934 pelagus
1809 3876 1935 3916 ora-

350 3966 550 4022 tionem
577 3963 889 4020 extendere.
921 3961 1021 4027 Qui
1046 3974 1174 4015 vero
1199 3973 1294 4029 per
1314 3955 1619 4029 hujusmodi
1644 3970 1793 4010 mare
1813 3962 1939 4009 sunt

352 4061 458 4118 iter
483 4058 673 4114 facturi
698 4100 714 4121 ,
747 4070 971 4112 necesse
1000 4063 1084 4110 cst
1123 4068 1228 4108 non
1276 4051 1511 4121 fatigatis
1533 4092 1548 4117 ,
1571 4049 1668 4105 sed
1713 4048 1936 4118 integris

350 4152 643 4223 remigibus
662 4150 805 4206 viam
830 4156 1132 4221 capessant.
1157 4146 1289 4202 Nam
1318 4144 1458 4200 hanc
1478 4143 1548 4198 ob
1571 4157 1786 4198 causam
1818 4156 1939 4212 pas-

352 4245 454 4301 sim
488 4256 582 4313 per
608 4257 757 4297 mare
807 4248 992 4310 portus
1035 4237 1331 4308 insulaeque
1380 4236 1567 4307 positze
1614 4242 1773 4303 sunt,
1802 4241 1861 4289 ut
1885 4241 1942 4290 et

352 4334 678 4405 gubernator
722 4340 777 4386 et
801 4339 959 4385 nauta
987 4328 1352 4385 refocillentur
1373 4368 1388 4392 ,
1422 4328 1508 4383 hic
1550 4326 1764 4397 quidem
1789 4340 1940 4381 remo

355 4423 605 4494 deposito
626 4464 641 4488 ,
668 4423 761 4478 ille
788 4437 918 4477 vero
943 4435 1242 4490 exsurgens
1267 4434 1299 4474 a
1341 4420 1519 4476 clavo.
1549 4419 1645 4474 llis
1669 4419 1736 4474 de
1763 4419 1940 4474 causis

356 4524 412 4571 et
431 4513 727 4571 diversoria
750 4526 1114 4583 cauponazque
1141 4511 1336 4582 ubique
1366 4526 1460 4580 per
1488 4511 1600 4566 vias
1630 4512 1943 4581 excogitatas

356 4614 513 4673 sunt,
544 4614 604 4661 ut
626 4604 863 4675 iumenta
907 4602 1063 4658 simul
1087 4618 1209 4657 cum
1250 4602 1543 4657 viatoribus
1577 4618 1607 4657 a
1636 4603 1818 4658 labore
1848 4618 1939 4659 re-

360 4706 631 4754 creentur.
657 4696 841 4766 quue
865 4703 922 4751 et
959 4693 1216 4750 doctrinae
1240 4694 1474 4750 sermoni
1508 4694 1703 4750 silentii
1735 4704 1945 4765 tempus

359 4789 681 4861 prmiinitum
708 4798 789 4844 est
809 4828 826 4853 ,
852 4798 911 4844 ut
934 4802 1107 4857 neque
1133 4802 1232 4843 nos
1259 4786 1404 4857 ipsos
1430 4786 1796 4842 deterreamus
1822 4802 1944 4844 ver~

361 4885 551 4939 borum
599 4881 972 4949 multitudine,
1020 4896 1193 4950 neque
1239 4894 1337 4935 vos
1375 4878 1729 4936 delasscmus.
1772 4880 1945 4950 Atque

362 4975 481 5031 hate
518 4984 759 5043 tempora
786 4973 933 5028 novit
957 4972 1209 5028 Salomon
1233 4972 1437 5039 dicens,
1471 4971 1689 5044 Tempus
1711 4973 1945 5037 tacendi,

360 5077 411 5125 et
461 5075 656 5137 tempus
696 5065 931 5135 loquendi
967 5064 986 5136 (
1017 5064 1186 5120 Eccle.
1233 5066 1286 5119 ‘5.
1317 5062 1412 5136 7).
1462 5065 1543 5120 Sit
1589 5066 1748 5135 igitur
1793 5066 1948 5122 nobis

364 5168 576 5228 tempus
608 5156 815 5211 tacendi
842 5196 857 5219 ,
903 5170 1007 5225 quo
1029 5154 1185 5211 detur
1208 5166 1261 5210 et
1288 5158 1600 5226 praeceptori
1626 5167 1835 5227 tempus
1862 5159 1947 5212 lo-

362 5246 559 5319 quendi
592 5244 687 5317 (a).
713 5244 845 5301 Nam
875 5261 994 5315 quae
1016 5262 1112 5299 nos
1141 5246 1433 5309 afferimus,
1460 5247 1652 5302 similia
1679 5259 1802 5302 sunt
1824 5248 1948 5304 vino

362 5339 507 5410 quod
552 5354 742 5394 recens
778 5337 879 5393 sub
924 5338 1175 5392 torculari
1220 5337 1468 5392 haustum
1514 5347 1632 5395 est:
1662 5355 1782 5409 qua:
1820 5357 1949 5397 vero

365 5434 615 5490 dicuntur
638 5431 841 5497 abillo,
868 5431 1065 5486 similia
1090 5442 1215 5487 sunt
1236 5432 1380 5499 vino,
1404 5433 1547 5503 quod
1573 5435 1824 5505 quoniam
1853 5452 1946 5491 ve-

366 5537 615 5586 tustatem
642 5527 957 5597 seniumque
977 5526 1226 5598 collegit,
1255 5526 1475 5583 multam
1500 5526 1679 5586 adfert
1705 5536 1813 5585 tum
1841 5530 1949 5584 uti-

428 5681 503 5744 (α)
520 5681 765 5745 Chrysost.
789 5682 912 5734 dixit
936 5686 1181 5745 praesente
1205 5684 1450 5748 episc0po.

1052 249 1111 307 S.
1150 247 1431 306 JOANNIS
1452 244 1930 306 CHRYSOSTOMI
1968 241 2285 303 ARCHIEP.
2324 246 2857 305 CONSTANTINOP.

3481 242 3592 299 ΗΞ

2005 361 2229 431 litatem,
2258 370 2371 418 tum
2396 364 2501 419 vim
2532 364 2595 420 iis
2610 364 2699 435 qui
2728 376 2863 433 opus
2885 361 3085 417 habent
3112 378 3126 415 :
3159 360 3418 429 nobisque
3444 360 3588 414 acci—

2002 455 2080 511 dit
2120 455 2281 512 hodie
2318 456 2449 512 illud
2495 457 2791 528 evangelii,
2849 463 2968 525 post
3015 454 3253 510 deterius
3298 454 3477 510 vinum
3531 454 3588 507 id

2001 549 2146 620 quod
2172 549 2363 605 melius
2383 560 2467 605 est
2491 550 2718 606 infertur
2772 548 2958 621 (Joan.
2982 547 3036 605 2.
3082 548 3149 604 10
3172 546 3212 619 ).
3237 549 3302 603 Et
3326 547 3589 617 quemad~

2004 641 2221 697 modum
2254 641 2384 697 illud
2432 642 2613 697 vinum
2658 657 2763 697 non
2814 641 2937 697 vitis
2972 650 3267 712 genuerat,
3296 639 3389 695 sed
3413 640 3589 694 virtus

2003 732 2132 790 issu
2155 732 2352 788 Christi
2381 732 2620 797 fecerat:
2644 732 2717 787 ita
2749 739 2805 788 et
2837 730 2996 802 huius
3026 746 3327 789 sermonem
3349 746 3454 785 non
3483 729 3591 785 hu-

2006 841 2165 882 mana
2186 824 2461 896 profundit
2495 826 2779 897 cogitatio,
2823 825 2917 882 sed
2943 825 3173 896 Spiritus
3198 825 3365 880 sancti
3394 826 3588 895 gratia.

2005 920 2268 988 Quoniam
2290 920 2451 991 igitur
2488 919 2646 991 hujus
2667 920 2886 991 liquoris
2922 919 3117 975 fluenta
3146 921 3359 989 copiosa
3382 926 3506 975 sunt
3536 926 3596 974 et

2007 1012 2301 1083 spiritualia
2319 1052 2335 1075 ,
2366 1011 2605 1067 studiose
2627 1012 2951 1082 excipiamus
2978 1052 2993 1079 ,
3024 1019 3179 1065 caute
3203 1024 3502 1072 servemus.
3535 1018 3597 1064 ut

2008 1105 2223 1161 assidue
2249 1105 2449 1175 irrigati
2482 1103 2850 1175 tempestivum
2872 1102 3173 1157 adferamus
3193 1102 3418 1157 fructum
3458 1101 3595 1163 Deo,

2010 1199 2098 1268 qui
2149 1199 2264 1252 haec
2303 1197 2523 1267 largitus
2548 1202 2634 1253 est
2681 1212 2696 1253 :
2738 1210 2898 1264 quem
2939 1194 3094 1249 decet
3134 1194 3310 1249 omnis
3347 1192 3515 1263 gloria
3541 1200 3600 1246 et

2013 1289 2186 1345 honor
2205 1304 2325 1343 cum
2358 1289 2630 1359 unigenito
2657 1287 2772 1358 eius
2800 1286 2938 1342 Filio
2980 1285 3426 1355 sanctissimeque
3465 1284 3600 1354 Spi-

2014 1383 2137 1450 ritu,
2172 1395 2313 1439 nunc
2335 1393 2390 1438 et
2414 1397 2642 1454 semper,
2666 1380 2795 1437 etin
2821 1378 3013 1435 stecula
3035 1378 3374 1435 saeculorum.
3402 1380 3598 1433 Amen.

2015 1524 2071 1581 ln
2101 1524 2394 1581 secundum
2415 1523 2605 1580 librum
2633 1524 3072 1593 Paralipomenon
3103 1521 3181 1593 (α)
3201 1564 3216 1588 ,
3246 1520 3333 1575 ubi
3361 1521 3561 1575 dicitur
3582 1562 3601 1588 ,

2086 1615 2299 1671 Elatum
2329 1626 2402 1671 est
2431 1632 2516 1670 cor
2548 1615 2728 1679 Ozitv;
2755 1614 2926 1685 deque
2955 1613 3283 1679 humilitate;
3312 1622 3424 1667 tum
3454 1613 3609 1682 quod

2088 1707 2358 1762 hominem
2379 1706 2574 1763 virtute
2593 1705 2873 1776 praeditum
2896 1719 3001 1759 non
3025 1710 3271 1775 oporteat
3291 1719 3412 1760 esse
3430 1703 3608 1759 conﬁ-

2089 1798 2343 1867 dentem;
2394 1798 2623 1869 denique
2658 1806 2911 1869 quantum
2950 1797 3148 1859 malum
3188 1797 3257 1856 sit
3300 1798 3611 1868 arrogantia

2090 1892 2179 1967 (2.
2201 1892 2384 1949 Paret.
2411 1891 2503 1948 26.
2528 1891 2632 1959 16;
2657 1898 2704 1948 et
2729 1890 2784 1947 4.
2812 1890 2940 1963 Reg.
2972 1890 3094 1964 {5).

2610 2044 2889 2104 HOMILIA
2927 2045 3017 2103 lli.

2097 2182 2147 2235 l.
2174 2179 2492 2239 Benedictus
2520 2179 2681 2246 Deus,
2706 2188 2762 2235 et
2787 2190 2967 2236 nostra
2994 2194 3205 2251 quoque
3232 2190 3362 2235 tetas
3388 2194 3621 2251 μοεοιεε

2021 2273 2188 2329 mittat
2218 2282 2498 2343 martyres,
2522 2282 2578 2328 et
2600 2271 2753 2328 nobis
2780 2271 2883 2328 hoc
2911 2272 3129 2328 honoris
3148 2274 3367 2329 contulit
3405 2274 3500 2329 Dei
3527 2274 3617 2328 di-

2024 2364 2226 2433 gnatio,
2254 2372 2312 2419 ut
2332 2364 2763 2432 conspiceremus
2787 2362 3032 2419 homines
3053 2364 3219 2420 occidi
3251 2379 3346 2433 pro
3370 2362 3615 2431 Christo,

2022 2455 2272 2511 homines
2298 2454 2391 2524 qui
2415 2469 2568 2510 sacro
2595 2455 2853 2525 sanguine
2876 2454 3151 2521 distillant,
3177 2456 3471 2513 Ecclesiam
3494 2456 3619 2511 uni-,

2026 2561 2236 2603 versam
2260 2545 2513 2617 irrigante
2541 2564 2554 2601 :
2583 2547 2857 2616 sanguine,
2880 2547 3114 2617 inquam,
3144 2547 3482 2615 distillantcs,
3504 2549 3620 2603 da:-

2026 2640 2274 2696 monibus
2302 2638 2515 2712 quidem
2546 2639 2807 2707 terrifico,
2852 2642 3055 2710 angelis
3081 2656 3211 2696 vero
3234 2640 3576 2697 desiderabili
3601 2684 3621 2709 ,

2028 2731 2182 2788 nobis
2212 2746 2371 2802 porro
2395 2730 2636 2784 salutari.
2665 2729 2874 2801 Largita
2895 2740 2977 2786 est
3004 2730 3157 2787 nobis
3186 2732 3286 2787 hoc
3315 2731 3408 2785 Dei
3428 2732 3625 2801 digna-

2029 2822 2136 2887 tio,
2178 2831 2235 2877 ut
2263 2834 2629 2893 spectaremus
2660 2820 2902 2876 homines
2941 2836 3038 2891 pro
3065 2822 3258 2892 pietate
3295 2822 3623 2894 belligeran-

2030 2925 2131 2983 tes,
2166 2916 2457 2982 vincentes,
2480 2924 2784 2972 coronatos.
2810 2913 2991 2984 Neque
3016 2930 3144 2968 vero
3163 2915 3334 2972 solum
3356 2915 3627 2985 contingit

2031 3006 2150 3063 haec
2176 3017 2453 3077 spectare,
2494 3006 2841 3064 verumetiam
2873 3007 2986 3076 ipsa
3026 3006 3344 3061 athletarum
3387 3021 3632 3077 corpora

2031 3099 2274 3170 accipere
2298 3117 2311 3154 :
2340 3116 2405 3157 ac
2425 3100 2655 3156 victores
2672 3097 2797 3158 illos
2815 3108 2868 3153 et
2890 3112 3087 3153 corona
3107 3098 3338 3169 insignes
3359 3100 3504 3169 apud
3527 3115 3634 3157 nos

2035 3191 2314 3247 habemus.
2344 3191 2449 3248 Sed
2480 3192 2533 3248 in
2563 3188 2939 3264 prmsentialde
2966 3190 3288 3261 martyribus
3316 3205 3635 3253 sermonem

2034 3298 2374 3339 reservemus
2402 3292 2693 3356 martyrum
2738 3282 3057 3345 aamulatori,
3119 3282 3386 3335 communi
3430 3282 3633 3340 docto-

2035 3376 2079 3431 ri
2104 3376 2178 3448 (b)
2210 3395 2223 3431 :
2247 3376 2347 3446 ipsi
2373 3392 2499 3432 vero
2519 3391 2663 3433 nunc
2688 3377 2757 3433 de
2783 3377 2910 3435 Ozia
2936 3378 3283 3440 disseremus,
3303 3375 3640 3445 jampridem

2037 3471 2274 3528 debitum
2300 3486 2377 3527 tes
2400 3472 2633 3527 alienum
2662 3470 3086 3538 dinumerantes,
3118 3470 3510 3538 diuturnosque
3531 3484 3636 3522 au-

2036 3562 2216 3619 diendi
2242 3563 2397 3618 nixus
2418 3562 2705 3619 Solventes.
2725 3562 2859 3618 Nam
2887 3564 3129 3633 parturit,
3154 3572 3236 3617 sat
3264 3559 3378 3617 scio
3398 3599 3413 3623 ,
3462 3576 3636 3613 unus-

2036 3655 2260 3725 quisque
2306 3664 2541 3709 vestrum
2565 3644 2599 3720 ,’
2625 3655 2845 3723 cupiens
2884 3655 3027 3709 illam
3065 3655 3248 3711 audire
3296 3651 3583 3707 historiam
3620 3670 3637 3704 :

2040 3746 2284 3819 hancque
2309 3746 2713 3816 parturitionem
2738 3762 2838 3803 nos
2866 3746 3077 3803 interim
3102 3746 3491 3817 protraximus,
3524 3759 3640 3800 non

2040 3841 2182 3912 quod
2202 3855 2520 3912 cuperemus
2539 3840 2692 3895 vobis
2717 3839 2993 3896 intendere
3015 3839 3332 3904 cruciatum,
3366 3839 3465 3894 sed
3489 3840 3642 3909 quod

2042 3934 2379 3990 studeremus
2405 3944 2639 3989 vestrum
2666 3932 2959 3992 accendere
2985 3931 3309 3987 desiderium
3331 3971 3345 3995 ,
3393 3941 3454 3985 ut
3481 3930 3644 3986 vobis

2042 4044 2071 4082 a
2104 4043 2190 4083 me
2214 4028 2458 4082 convivio
2485 4027 2717 4095 acceptis
2742 4042 2891 4082 meus
2919 4036 3206 4096 apparatus
3231 4040 3387 4095 quam
3414 4025 3643 4080 suavis-

2045 4120 2214 4174 simus
2261 4118 2553 4174 videretur.
2601 4116 2733 4173 Nam
2776 4118 3040 4188 opulentis
3076 4117 3512 4172 convivatoribus
3537 4158 3554 4181 ,
3597 4119 3651 4174 si

2045 4213 2295 4268 convivas
2327 4212 2630 4282 acceperint
2672 4220 2885 4267 saturos
2907 4251 2922 4275 ,
2966 4210 3086 4266 licet
3113 4218 3395 4279 apparatus
3428 4210 3648 4265 lautitia

2045 4308 2256 4364 illorum
2308 4308 2663 4377 appetentiam
2707 4306 2990 4361 excitare:
3041 4312 3292 4361 cmterum
3340 4317 3649 4372 pauperum

2047 4415 2287 4457 mensam
2314 4415 2419 4454 non
2444 4400 2545 4454 alia
2575 4415 2663 4455 res
2690 4414 2842 4469 aeque
2868 4398 3064 4453 lautam
3090 4397 3335 4462 exhibet,
3366 4411 3538 4465 quam
3574 4398 3651 4463 si.

2047 4492 2135 4563 qui
2168 4492 2231 4547 ad
2266 4492 2410 4546 illam
2437 4491 2730 4547 accubituri
2758 4498 2903 4553 sunt,
2933 4490 3189 4545 esuriant.
3218 4489 3347 4557 Quis
3370 4489 3539 4559 igitur
3564 4498 3654 4545 est

2048 4584 2225 4649 Ozias,
2256 4584 2451 4655 quibus
2478 4594 2627 4639 ortus
2668 4581 2959 4650 majoribus
2979 4622 2994 4645 ,
3039 4595 3262 4650 quorum
3290 4596 3403 4644 rex,
3436 4590 3658 4650 quanto

2052 4686 2291 4746 tempore
2319 4676 2576 4746 regnavit,
2608 4685 2661 4730 ct
2686 4675 2809 4743 quid
2840 4689 2961 4729 cum
2992 4673 3152 4728 laude
3175 4674 3359 4743 gessit,
3386 4672 3527 4741 quid
3559 4688 3656 4728 se-

2052 4785 2166 4833 cus,
2198 4778 2468 4839 postremo
2492 4784 2598 4837 quo
2624 4778 2783 4839 pacto
2804 4768 2963 4821 vitam
3005 4766 3269 4820 absolvit?
3302 4765 3380 4819 De
3400 4764 3497 4820 his
3525 4780 3657 4821 om—

2051 4861 2209 4916 nibus
2234 4859 2287 4915 in
2318 4859 2597 4930 praesentia
2622 4858 2760 4928 apud
2799 4873 2893 4912 vos
2932 4856 3256 4912 disseremus
3278 4897 3292 4919 ,
3326 4856 3438 4911 imo
3468 4858 3657 4927 potius

2054 4960 2306 5023 quantum
2337 4952 2515 5006 dicere
2538 4951 2746 5016 licebit,
2797 4951 2875 5005 sic
2902 4958 2959 5004 ut
2988 4950 3326 5004 multitudine
3366 4964 3480 5003 non
3520 4965 3659 5005 con-

2053 5048 2337 5104 fundamus
2379 5058 2606 5103 vestram
2650 5047 2962 5101 memoriam
2995 5062 3009 5099 :
3041 5044 3091 5098 id
3128 5044 3269 5114 quod
3310 5043 3361 5096 in
3405 5041 3661 5098 lucernis

2054 5142 2295 5195 accensis
2336 5138 2579 5194 accidere
2598 5138 2753 5192 solet.
2817 5136 2948 5190 Nam
2978 5134 3021 5189 si
3076 5132 3327 5203 paulatim
3368 5132 3659 5204 ellychnio

2056 5230 2334 5288 instillaris
2358 5231 2557 5295 oleum,
2584 5229 2713 5285 satis
2740 5227 3007 5282 alimoniae
3028 5226 3241 5281 dederis
3271 5225 3417 5295 igni:
3454 5226 3545 5280 sin
3577 5227 3657 5280 si-

2055 5326 2166 5380 mul
2212 5333 2379 5379 totum
2424 5323 2679 5377 infuderis
2726 5322 2938 5381 oleum,
2980 5321 3140 5375 ctiam
3170 5320 3439 5373 flammam
3470 5359 3488 5385 ,
3536 5335 3661 5387 qua:

2130 5453 2201 5518 (α)
2226 5454 2411 5503 Omnes
2433 5454 2587 5518 ferme
2610 5454 2723 5501 Mss.
2746 5452 3121 5518 hahe_nt_ei_.;_'r1‘;v
3144 5452 3334 5518 πρώτην
3356 5452 3455 5518 τῷν
3484 5456 3660 5518 ﬂippa-

2065 5513 2384 5577 λειάιὸμένωη
2419 5518 2506 5564 sed
2532 5515 2611 5563 hic
2635 5522 2713 5563 est
2755 5516 2881 5563 haud
2913 5514 3063 5577 dubie
3100 5513 3346 5562 secundus
3386 5513 3657 5577 Paralipo-

2066 5575 2245 5649 menon
2268 5577 2413 5638 liber,
2438 5590 2532 5626 nec
2559 5580 2717 5642 potuit
2738 5590 2949 5645 unquam
2972 5576 3102 5625 Ozias
3122 5577 3322 5626 historia
3344 5575 3402 5623 ad
3428 5577 3659 5637 primum

2066 5646 2340 5704 pertinere.

2132 5701 2202 5766 ib)
2231 5702 2525 5766 Episcopum
2564 5700 2851 5751 Flavianum
2873 5714 3179 5750 communem
3206 5704 3342 5759 vocat
3364 5698 3649 5757 doctorem.
