3696 6278
315 182 422 238 H5

304 297 586 365 εὐδόκιμος
616 293 712 358 ῶν,
746 293 967 366 ὕστερον
992 297 1070 358 εἱς
1100 291 1372 367 ἁμαρτίαν
1396 307 1422 336 α
1451 294 1738 349 κατέπεσε.
1759 291 1885 346 Μεί-

306 379 434 444 ζονα
460 379 566 450 γὰρ
593 379 688 447 τῆς
714 378 918 440 οἰκείας
948 380 1224 449 φρονήσας
1256 378 1433 444 ἀξίας,
1473 377 1783 447 ἐπεπήδησε
1813 378 1879 445 τῇ

305 466 401 534 τῆς
437 461 733 533 ἱερωσύνης
765 463 929 532 ἀρχῇ.

378 545 641 598 Τοσοῦτον
668 546 785 596 ἐστι
811 545 1036 598 ἀπόνοια
1061 545 1227 598 κακόν
1248 561 1260 574 ·
1286 545 1380 596 καὶ
1417 544 1524 612 γὰρ
1549 544 1739 597 ἐαυτόν
1765 559 1883 595 τινα

307 627 532 681 ἕκαστον
562 628 771 695 ἀγνοεῖν
806 628 1108 694 ἀναπείθει,
1140 628 1231 681 καὶ
1267 627 1403 698 μετά
1437 627 1664 688 πολλοὺς
1691 626 1884 687 πόνους

309 711 523 764 ἅπαντα
565 711 707 762 κενοῖ
749 710 846 776 τῆς
900 711 1100 781 ἀρετῆς
1135 711 1226 763 τὸν
1291 710 1580 781 θησαυρόν.
1641 710 1750 762 Καὶ
1818 707 1888 760 τὰ

313 794 412 864 μὲν
447 792 580 845 ἄλλα
617 793 758 844 κακά
795 792 1174 863 ῥᾳθυμούντων
1203 795 1358 864 ἡμῶν
1388 792 1758 864 περιγίνεσθαι
1791 791 1874 843 πέο

312 893 500 944 φυκεν,
529 874 664 944 αὕτη
699 875 754 927 δὲ
789 875 1140 944 κατορθοῦσιν
1185 877 1315 946 ἡμῖν
1361 875 1672 945 ἐπιφύεται.
1722 873 1887 927 Οὐδὲν

312 959 422 1029 γάρ
471 958 642 1020 οὕτως
692 958 947 1012 ἀπόνοιαν
994 958 1196 1012 τίκτειν
1261 958 1480 1024 εἴωθεν,
1521 957 1596 1021 ὼς
1651 955 1889 1019 συνειδὸς

311 1041 534 1110 ἀγαθὸν,
577 1043 670 1094 ἐὰν
713 1043 787 1111 μὴ
824 1041 1194 1112 προσέχωμεν.
1235 1041 1332 1094 Διά
1376 1042 1533 1094 τοῦτο
1569 1041 1663 1094 καὶ
1693 1040 1720 1091 ὁ
1752 1041 1887 1109 Χρι-

317 1126 441 1188 στὸς
469 1124 641 1187 είδὼς,
669 1125 750 1176 ὅτι
787 1125 926 1194 μετά
968 1125 1035 1177 τά
1069 1125 1466 1196 κατορθώματα
1511 1123 1889 1194 ἐπεισέρχεται

314 1207 470 1260 τοῦτο
502 1207 561 1258 τὸ
599 1206 767 1270 πάθος
817 1209 967 1277 ἡμῖν,
1009 1209 1118 1269 τοῖς
1165 1207 1431 1277 μαθηταῖς
1475 1207 1690 1274 ἔλεγενο
1717 1206 1892 1257 Ὅταν

315 1288 511 1342 πάντα
563 1288 888 1356 ποιήσητε,
947 1289 1185 1357 λέγετε,
1242 1290 1330 1343 ὅτι
1387 1289 1626 1358 Ἀχρεῖοι
1683 1285 1892 1341 δοῦλοί

314 1372 521 1440 ἐσμεν.
558 1372 723 1424 ὐταν
757 1374 862 1444 γὰρ
901 1371 1069 1444 μέλλῃ
1109 1372 1401 1425 ἐπεισιέναι
1440 1371 1500 1424 τὸ
1527 1369 1712 1443 θηρίον
1740 1371 1888 1440 ὑμῖν,

218 1523 225 1530 ι
318 1456 440 1508 τότε
473 1454 561 1508 διὰ
590 1455 699 1508 τῶν
731 1455 990 1525 ῥημάτων
1037 1455 1259 1522 τούτων,
1307 1455 1490 1523 φησὶν,
1525 1452 1838 1507 ἀποκλείετε
1865 1452 1892 1492 δ

317 1539 417 1600 τὰς
451 1537 620 1608 θύρας
657 1538 825 1607 αὐτῷ.
879 1537 986 1589 Καὶ
1016 1539 1115 1590 οὐκ
1148 1533 1492 1600 εἷπεν,”οταν
1525 1536 1703 1589 πάντα
1735 1536 1893 1604 ποιή-

322 1635 474 1688 σητε,
510 1620 713 1690 ἀχρεῖοί
745 1622 888 1684 ἐστε,
916 1619 1027 1672 ἀλλ’
1065 1619 1249 1688 Ἶμῒς
1275 1619 1499 1686 λέγετε,
1531 1619 1619 1671 ὅτι
1656 1616 1895 1690 Ἀχρεῖοί

320 1701 525 1771 ἐσμεν.
557 1702 708 1765 Εἰπὲ,
742 1702 816 1772 μὴ
850 1702 1110 1772 φοϐηθῇς,
1135 1703 1234 1754 οὐκ
1263 1701 1370 1754 ἀπὸ
1402 1702 1500 1770 τῆς
1529 1703 1765 1771 κρίσεως
1797 1699 1894 1768 τῆς

322 1785 425 1856 σῆς
453 1786 600 1856 φέρω
623 1785 720 1856 τὴν
749 1784 928 1854 ψῆφον
970 1785 1098 1856 ἐγώ.
1132 1784 1227 1836 Ἂν
1257 1783 1363 1853 γὰρ
1405 1783 1468 1836 σὺ
1507 1783 1700 1836 σαυτὸν
1732 1781 1895 1850 εἴπῃς

322 1868 560 1940 ἀχρεῖον,
604 1866 714 1936 ἐγώ
760 1883 818 1919 σε
864 1866 939 1929 ὡς
971 1867 1241 1936 χρήσιμον
1298 1865 1566 1934 στεφανῶ.
1615 1864 1771 1918 υῦτω
1805 1865 1897 1918 καὶ

322 1950 554 2022 ἀλλαχοῦ
586 1967 746 2022 φησι,
790 1949 938 2019 Λέγε
969 1949 1050 2002 σὺ
1078 1949 1308 2016 πρῶτος
1335 1947 1442 2014 τὰς
1475 1949 1725 2017 ἀνομίας
1758 1963 1896 2014 σου,

321 2034 424 2088 ἵνα
455 2032 602 2104 [U5]
632 2031 970 2100 δικαιωθῇς.
1014 2032 1138 2084 Ἐπὶ
1172 2031 1272 2101 μὲν
1310 2030 1418 2102 γὰρ
1450 2030 1558 2084 τῶν
1589 2031 1786 2095 ἔξωθεν
1821 2029 1900 2082 δι-

323 2116 634 2188 καστηρίων
662 2114 798 2185 μετά
826 2114 923 2185 τὴν
951 2115 1283 2184 κατηγορίαν
1313 2113 1406 2166 καὶ
1437 2113 1762 2184 ὁμολογίανο
1791 2112 1900 2165 τῶν

327 2199 734 2273 ἁμαρτημάτων
761 2197 1016 2260 θάνατος·
1047 2200 1137 2250 ἐπὶ
1167 2196 1224 2249 δὲ
1256 2196 1348 2249 τοῦ
1380 2196 1522 2249 θείου
1551 2195 1899 2266 δικαστηρίου

327 2283 469 2355 μετά
500 2283 601 2353 τὴν
635 2281 967 2352 κατηγορίαν
1017 2281 1297 2349 στέφανος.
1331 2280 1419 2333 Διὸ
1458 2280 1550 2332 καὶ
1591 2279 1618 2330 6
1651 2279 1900 2348 Σολομῶν

326 2367 479 2434 ἔλεγε
499 2382 514 2396 ·
542 2364 638 2432 Μὴ
665 2363 896 2417 δικαίου
922 2363 1184 2417 σεαυτὸν
1210 2360 1465 2415 ἐνὼπίωθ
1493 2363 1733 2429 Κυρίου.
1762 2361 1900 2412 Ἀλλ’

325 2448 538 2510 οὐδενὸς
599 2445 802 2499 τούτων
836 2446 1062 2516 ἤκουσεν
1100 2447 1128 2496 ὁ
1178 2442 1380 2507 ’(ιζίας,
1427 2443 1539 2495 ἀλλ’
1586 2441 1902 2512 ἐπεισῆλθεν

326 2533 407 2594 είς
441 2530 530 2582 τὸν
561 2531 711 2594 ναδν,
743 2529 836 2582 καὶ
884 2527 1082 2598 θυμιᾷν
1128 2526 1398 2589 ἐϐούλετο,
1442 2529 1536 2579 καὶ
1588 2527 1678 2580 τοῦ
1717 2528 1904 2598 ἱερέως

327 2615 622 2678 κωλύοντος
652 2614 750 2666 οὐκ
794 2613 1058 2683 ἠνείχετο.
1104 2611 1167 2662 Τί
1199 2606 1290 2664 οῦν
1322 2612 1349 2660 ὁ
1384 2611 1550 2677 Θεός;
1591 2611 1904 2680 Ἔπαφῆκεν

328 2698 478 2768 αὐτῷ
529 2698 734 2767 λέπραν
783 2695 924 2749 κατὰ
955 2695 1046 2748 τοῦ
1089 2693 1360 2765 μετώπου,
1406 2694 1505 2764 τὴν
1551 2693 1906 2763 ἀναίσχυντον

331 2781 571 2846 κολάζων
601 2779 743 2849 ὁψιν,
779 2779 873 2830 καὶ
911 2777 1179 2830 παιδεύων
1212 2776 1391 2842 αὐτὸν,
1420 2777 1501 2829 ὅτι
1534 2775 1676 2829 θεῖόν
1705 2777 1820 2828 ἐστι
1846 2775 1908 2829 τὸ

328 2864 697 2934 δικαστήριον,
737 2861 831 2915 καὶ
859 2860 921 2912 οὐ
953 2859 1089 2931 πρὸς
1131 2858 1448 2930 ἀνθρώπους
1478 2860 1506 2911 6
1540 2858 1772 2930 πόλεμος
1815 2854 1903 2930 ἦν.

332 2949 440 3002 Καὶ
485 2948 554 2999 τὰ
602 2945 700 3016 μὲν
754 2943 896 2998 κατά
941 2944 1031 2995 τὸν
1070 2943 1251 3006 ὐζίαν
1299 2939 1492 2994 ταῦτα.
1521 2941 1658 3011 Φέρε
1700 2941 1765 3012 δὴ
1816 2942 1909 2994 καὶ

332 3030 536 3084 ἄνωθεν
557 3029 652 3100 τὴν
677 3028 912 3100 ἱστορίαν
936 3027 1100 3097 αὐτὴν
1150 3025 1484 3097 ἐπέλθωμεν.
1502 3025 1600 3078 Διά
1621 3023 1729 3095 γὰρ
1753 3024 1910 3078 τοῦτο

334 3120 427 3172 καὶ
463 3117 624 3180 αὐτὸς
661 3113 946 3186 προλαϐὼν
975 3115 1032 3166 ἐν
1062 3114 1254 3184 βραχεῖ
1284 3111 1630 3184 διηγησάμην
1664 3112 1795 3182 ὑμῖν
1840 3111 1912 3166 τὰ

336 3197 715 3271 συμϐεϐηκότα
750 3198 922 3250 πάντα
943 3237 958 3261 ,
1005 3197 1068 3249 ἵν’
1098 3197 1225 3248 ὅταν
1275 3194 1507 3266 ἀκούητε
1556 3196 1655 3266 τῆς
1689 3195 1727 3246 Γ
1733 3195 1910 3268 ραφῆς

333 3283 504 3335 ταῦτα
539 3278 1019 3350 ἀπαγγελλούσης,
1066 3278 1510 3348 παρακολουθῆτε
1563 3277 1703 3348 μετά
1752 3279 1910 3349 ἀκρι-

337 3364 488 3427 ϐείας
519 3364 718 3427 αὐτοῖς.
752 3361 910 3415 ’Λλλά
942 3362 1254 3431 προσέχετε.
1283 3360 1390 3414 Καὶ
1419 3360 1692 3428 ἐποίησε,
1726 3362 1909 3430 φησὶν,

350 3448 529 3513 Ὀζῖας
569 3447 637 3500 τὸ
684 3445 854 3509 εὐθὲς
883 3445 1138 3498 ἐνώπιον
1177 3443 1420 3512 Κυρίου.
1456 3443 1714 3514 Μεγάλην
1747 3441 1911 3497 αὐτοῦ

337 3529 428 3584 διὰ
466 3529 670 3582 τούτων
700 3526 1082 3598 ἐμαρτύρησεν
1129 3528 1349 3598 ἀρετήν.
1380 3529 1455 3578 Οὐ
1497 3527 1606 3596 γὰρ
1651 3524 1713 3578 τὸ
1759 3524 1915 3588 εὐθὲς

338 3612 510 3666 ἐποίει
539 3611 722 3683 μόνον,
747 3610 883 3665 ἀλλά
910 3610 1003 3664 καὶ
1029 3610 1257 3663 ἐνώπιον
1291 3609 1520 3683 Κυρίου,
1548 3609 1608 3662 οὐ
1638 3608 1775 3680 πρὸς
1799 3608 1917 3661 ἐπί-

337 3696 505 3762 δειξιν
532 3696 855 3768 ἀνθρώπων,
886 3696 1135 3768 καθάπερ
1161 3697 1357 3749 ἐκεῖνοι
1388 3695 1436 3747 οἱ
1465 3693 1616 3764 παρά
1645 3696 1756 3758 τοῖς
1788 3693 1916 3747 Ἰου-

340 3781 518 3844 δαίοις
546 3781 652 3853 πρὸ
681 3780 780 3851 τῆς
823 3779 1189 3850 ἐλεημοσύνης
1229 3777 1598 3841 σαλπίζοντες,
1627 3777 1677 3830 οἱ
1709 3778 1766 3829 ἐν
1799 3778 1916 3838 ταῖς

340 3865 618 3934 νηστείαις
647 3862 719 3916 τὰ
746 3862 1018 3934 πρόσωπα
1045 3860 1419 3932 ἀφανίζοντες,
1449 3860 1498 3912 οἱ
1531 3859 1628 3922 τὰς
1659 3858 1822 3930 εὐχάς
1860 3859 1916 3909 ἐν

340 3951 461 4010 ταῖς
481 3947 738 4018 ἀμφόδοις
763 3945 1093 4016 ποιούμενοι*
1108 3940 1181 3999 ῶν
1193 3943 1244 3997 τί
1267 3944 1463 4012 γένοιτ’
1481 3942 1546 3997 ἂν
1570 3941 1914 4013 ἀθλιώτερον,

339 4031 470 4086 ὅταν
499 4032 628 4095 τούς
672 4031 769 4101 μὲν
816 4030 1012 4092 πόνους
1050 4027 1394 4100 ὑπομένωσι,
1437 4028 1537 4098 τῆς
1579 4025 1637 4079 δὲ
1682 4024 1917 4096 ἀμοιϐῆς

342 4114 750 4186 ἀποστερῶνται
777 4115 1028 4183 ἀπάσηςς

417 4199 485 4268 β’.
503 4198 569 4250 Τί
586 4199 777 4260 ποιεῖς,
795 4197 1048 4269 ἄνθρωπε
1067 4195 1271 4267 ;ιέτέρῳ
1293 4193 1504 4266 μέλλεις
1529 4191 1755 4256 εὐθύνας
1784 4192 1920 4246 διδό-

343 4298 434 4336 ναι
456 4279 564 4334 τῶν
610 4280 1037 4351 πεπραγμένων,
1069 4279 1162 4332 καὶ
1209 4279 1395 4348 ἕτερον
1443 4276 1693 4348 μάρτυρα
1735 4275 1920 4340 καλεῖς

344 4362 457 4417 τῶν
499 4361 830 4432 γινομένων;
875 4361 1061 4430 ἕτερον
1107 4361 1248 4429 ἔχεις
1292 4359 1572 4429 δικαστὴν,
1603 4359 1698 4412 καὶ
1733 4357 1921 4429 ἓτερον

347 4445 588 4508 καθίζεις
615 4443 842 4513 θεατήν;
869 4442 980 4512 Οὐχ
1015 4442 1146 4512 ὁρᾷς
1172 4441 1298 4503 τοὺς
1327 4440 1593 4512 ἡνιόχους,
1618 4440 1668 4494 οἶ
1697 4440 1795 4510 τῆς
1825 4440 1923 4494 πό-

347 4530 484 4592 λεως
529 4527 745 4597 ἀπάσης
787 4527 898 4580 ἀνω
945 4524 1260 4594 καθημένης
1309 4524 1367 4578 ἐν
1409 4527 1530 4586 ταῖς
1579 4523 1690 4577 τῶν
1744 4525 1922 4577 ἵππων

347 4612 620 4685 ἁμίλλαις,
647 4609 796 4664 ἀπαν
820 4607 912 4662 τοῦ
942 4606 1159 4662 σταδίου
1185 4607 1624 4678 παρατρέχοντες
1648 4607 1708 4658 τὸ
1736 4607 1920 4677 μέρος,

349 4697 467 4750 ἐκεῖ
493 4692 849 4764 φιλονεικοῦσι
880 4692 950 4747 τὰ
977 4691 1086 4747 τῶν
1119 4689 1428 4744 ἀντιπάλων
1448 4686 1477 4726 ἀ
1506 4691 1728 4761 ἀρματα
1758 4706 1922 4743 κατα-

351 4779 624 4849 στρέφειν,
655 4777 780 4831 ἐνθα
809 4776 875 4830 ἂν
900 4776 1050 4829 ἴδωσι
1083 4773 1174 4827 τὸν
1201 4771 1424 4844 βασιλέα
1471 4773 1797 4844 καθήμενον,
1827 4771 1923 4824 καὶ

347 4860 615 4915 τοσούτων
635 4859 808 4930 ὄψεων
830 4860 925 4914 ἐνα
943 4857 1250 4930 νομίζουσιν
1274 4856 1710 4929 ἀξιοπιστότερον
1733 4855 1924 4926 ὀφθαλ-

415 5043 444 5103 f'
463 5042 679 5103 Quatuor
700 5055 815 5103 mss.
840 5038 1174 5103 εὐδοκιμήσας,
1196 5038 1392 5099 ὕστερον
1414 5039 1530 5101 πρὸς
1551 5038 1799 5102 ἁμαρτίαν.

411 5102 444 5144 δ
457 5102 592 5152 Unus
606 5102 937 5151 ἀποκλείσατε.

417 5168 442 5198 ε
466 5163 548 5214 Sic
582 5169 688 5214 ires
713 5177 828 5212 mss.
871 5169 926 5211 et
963 5162 1035 5210 sic
1051 5160 1177 5219 legit
1197 5160 1442 5210 Erasmus.
1482 5158 1537 5221 In
1575 5162 1721 5210 editis
1742 5163 1821 5209 καὶ
1841 5163 1926 5221 τήν

353 5226 607 5298 ὁμολογίαν
631 5226 829 5298 θεῖοι-ιιιι
852 5224 1028 5298 νει-αξη
1053 5222 1198 5298 paulq
1213 5228 1344 5298 ψει,
1371 5220 1527 5298 μοί-1ο
1552 5222 1722 5298 ‘G‘raego
1745 5224 1927 5298 legilqr

355 5282 475 5351 pina;
497 5282 581 5351 τὴν
603 5285 886 5351 κατηγορίαν
911 5282 1152 5351 στέφανος,
1179 5282 1229 5332 ei
1255 5285 1352 5351 d_uo
1371 5282 1691 5351 mss._a_ddunt
1709 5282 1824 5351 μετᾶ
1841 5287 1927 5343 τὴν

353 5345 638 5410 κατηγορίαν
675 5345 769 5396 τῶν
789 5345 798 5349 ⁷
820 5345 1067 5409 ἁμάρτημά

355 5404 576 5471 ρίειίοιιί,
598 5416 654 5459 ιιι
677 5417 812 5467 anie,
837 5404 1036 5471 νερειίι,
1057 5405 1151 5463 sic,
1167 5411 1272 5465 post
1304 5404 1659 5471 'accusaiioncm
1677 5411 1724 5457 et
1740 5406 1926 5471 confes-

353 5468 546 5532 iioncmr
565 5468 1059 5532 ρεσεαιονιιηιέίίαιιιν,
1071 5531 1077 5532 γ
1089 5479 1283 5532 wrong.
1307 5480 1452 5527 quam
1494 5468 1925 5532 interpretiopém,

353 5534 470 5592 quia
489 5528 691 5581 nihilad
735 5543 933 5580 sensum
971 5528 1124 5592 addit,
1163 5528 1448 5589 relinquere
1473 5528 1748 5578 visum’esi.
1775 5529 1928 5580 Paulo

354 5591 465 5656 Ροξί
483 5595 510 5640 ὁ
533 5594 752 5656 Σολομῶν
784 5605 874 5654 pro
891 5594 918 5642 6
935 5591 1221 5654 Σειρακίδης.
1309 5648 1325 5656 _
1368 5649 1386 5656 _
1449 5625 1451 5628 7

417 5650 446 5716 Si
470 5656 577 5702 Τῶν
595 5648 892 5716 ἀντιτέχνων,
935 5648 1138 5701 suc'lrcs
1169 5648 1282 5716 ιηεε.
1305 5648 1433 5716 Infrq
1460 5651 1609 5716 iidem
1633 5651 1712 5700 τὸν
1732 5652 1826 5700 τῶν
1844 5655 1928 5715 ἀγ-

389 5714 506 5762 ἐ)ων
545 5706 783 5776 βασιλέαῖ⁹
807 5706 932 5765 Infra
973 5725 1099 5765 unus
1161 5711 1242 5760 καὶ
1283 5712 1526 5771 τοσούτων
1573 5715 1729 5778 ὄψεων
1773 5706 1929 5765 οὐσῶν

382 5790 440 5822 να
457 5789 561 5838 νομ.

820 5343 1170 5414 ἁμαρτημάτων
1207 5345 1452 5414 στέφανος,
1494 5343 1724 5414 ῌΓαεωιιε
1766 5347 1926 5414 loc_um

989 177 1047 234 S.
1082 175 1364 233 JOANNIS
1396 173 1888 232 CIIHYSOSTOMI
1925 171 2243 229 ARCHIEP.
2285 169 2832 228 CONSTANTINOP.

3451 167 3569 224 “4

1996 292 2126 360 96v;
2161 291 2232 343 Σὺ
2259 291 2315 342 δὲ
2353 289 2514 343 αὐτὸν
2560 289 2652 342 τὸν
2683 287 2792 340 τῶν
2834 285 3079 353 ἀγγέλων
3111 283 3288 339 αὐτῶν
3337 283 3579 354 βασιλέα

1990 386 2099 444 τοῖς
2130 383 2239 443 σοῖς
2263 381 2481 451 δρόμοις
2509 377 2946 446 ἀγωνοθετοῦντα
2975 375 3136 446 ὀρῶν,
3165 377 3372 431 ἐκεῖνον
3403 377 3576 445 ἀφεὶς

1989 465 2081 516 ἐπὶ
2117 463 2210 527 τὰς
2253 463 2361 515 τῶν
2391 461 2692 533 ὁμοδούλων
2725 459 3090 529 καταφεύγεις
3118 459 3304 528 δψειςς
3339 461 3440 514 Διά
3479 475 3579 512 τοι

1990 547 2146 600 τοῦτο
2183 546 2317 616 μετά
2350 546 2450 606 τὰς
2494 545 2693 615 μυρίας
2733 543 2906 606 πάλας
2947 543 3322 610 ἀστεφάνωτος
3351 543 3578 612 ἀναχω-

1995 631 2136 698 ρεῖς.
2175 627 2311 696 μετά
2357 628 2483 689 τούς
2529 626 2755 688 πολλοὺς
2809 623 3036 696 ἱδρῶτας
3078 624 3244 695 χωρὶς
3299 623 3579 696 βραϐείων

1993 711 2205 780 ἀπέρχῃ
2233 710 2364 780 πρὸς
2390 711 2480 762 τὸν
2507 709 2873 779 ἀγωνοθέτην;
2900 707 3037 760 Ἀλλ’
3055 707 3156 759 οὐκ
3191 705 3371 770 Ὀζίας
3393 703 3584 759 τοιοῦε-

1994 809 2083 855 τος
2110 788 2195 862 ἦν,
2225 792 2338 846 ἀλλ’
2363 790 2592 844 ἐνώπιον
2621 791 2827 862 Κυρίου
2862 790 2922 844 τὸ
2953 789 3104 853 εὐθές
3131 789 3326 845 ἐποίει.

2081 875 2202 937 Πῶς
2262 869 2356 927 οὖν
2415 873 2556 927 οὕτω
2622 873 2760 944 μετὰ
2817 872 3102 942 ἀκριϐείας
3155 871 3584 940 πολιτευόμενος

1997 957 2355 1028 ὑπεσκελίσθη
2401 957 2496 1010 καὶ
2539 956 2836 1021 κατέπεσε;
2885 955 3053 1008 Τοῦτο
3085 952 3192 1023 γὰρ
3238 952 3393 1021 κάγὼ
3442 954 3588 1006 θαυ-

2001 1039 2155 1110 μάζω
2185 1040 2280 1093 καὶ
2309 1040 2575 1110 διαπορῶ,
2609 1039 2806 1110 μᾶλλον
2835 1038 2891 1090 δέ
2922 1039 3022 1090 οὐκ
3051 1036 3114 1090 ἂν
3134 1037 3229 1107 ἐἴη
3268 1036 3429 1090 τοῦτο
3457 1037 3589 1090 δια-

1999 1124 2283 1192 πορήσεως
2333 1122 2511 1187 ἄξιον·
2559 1123 2843 1192 ἄνθρωπος
2891 1122 3000 1192 γάρ
3029 1117 3118 1192 ἦν,
3153 1123 3387 1192 πρᾶγμα
3438 1122 3589 1192 πρὸς

1998 1204 2271 1275 ἁμαρτίαν
2295 1205 2586 1270 εὐόλισθον,
2614 1207 2708 1258 καὶ
2736 1205 2869 1275 πρὸς
2895 1203 3092 1257 κακίαν
3113 1203 3436 1275 ὀξύρροπον.
3467 1206 3590 1256 Καὶ

1998 1287 2059 1338 οὐ
2093 1286 2249 1339 τοῦτο
2285 1287 2445 1357 μόνον
2491 1287 2608 1341 ἐστὶ
2637 1287 2697 1340 τὺ
2747 1287 2998 1357 χαλεπὸν,
3047 1287 3161 1340 ἀλλ’
3205 1288 3286 1339 ὅτι
3333 1287 3428 1339 καὶ
3457 1285 3594 1338 ὁδὸν

2003 1369 2190 1441 στενὴν
2213 1370 2307 1423 καὶ
2327 1369 2689 1442 τεθλιμμένην
2713 1370 2914 1422 ὁδεύειν
2938 1369 3177 1438 ἐπετάγη
3187 1387 3283 1438 μεν
3307 1367 3414 1421 ὐπὸ
3441 1385 3590 1438 κρη-

2005 1453 2150 1524 μνῶν
2199 1453 2534 1524 ἐκατέρωθεν
2581 1454 2994 1524 ἀπειλημμένην
3025 1465 3070 1506 ο.
3101 1451 3259 1524 [114]
3286 1452 3456 1506 Ὅταν
3482 1447 3591 1505 οὖν

2003 1535 2098 1589 καὶ
2137 1537 2509 1607 προαιρέσεως
2539 1536 2755 1590 εὐκολία
2797 1537 2890 1588 καὶ
2938 1537 3056 1589 ὁδοῦ
3098 1535 3352 1590 δυσκολία
3385 1534 3590 1590 συνέλ-

2005 1618 2168 1672 θωσιν
2197 1619 2278 1682 είς
2304 1617 2519 1682 ταύτὸν,
2555 1617 2628 1687 μὴ
2660 1617 2903 1686 θαύμαζε
2938 1618 3120 1670 λοιπὸν
3161 1619 3300 1688 ὐπέρ
3332 1618 3440 1670 τῶν
3470 1635 3592 1671 πα-

2007 1702 2404 1773 ραπτωμάτων.
2446 1700 2712 1771 Καθάπερ
2741 1703 2846 1769 γάρ
2877 1703 2933 1752 ἐν
2965 1704 3074 1764 τοῖς
3105 1700 3349 1771 θεάτροις
3385 1702 3436 1755 οἱ
3478 1701 3593 1770 τὴν

2007 1788 2214 1856 σχοῖνον
2237 1784 2333 1855 τὴν
2363 1783 2606 1838 κάτωθεν
2632 1784 2742 1837 ἀνω
2770 1784 3068 1854 τεταμένην
3099 1783 3116 1822 ί
3150 1784 3458 1838 ἀναϐαίνειν
3486 1786 3594 1837 καὶ

2007 1868 2350 1922 καταϐαίνειν
2386 1867 2714 1938 μελετῶντες
2735 1908 2750 1932 ,
2802 1867 2868 1920 ἂν
2924 1867 3116 1938 μικρὸν
3151 1867 3592 1938 παραϐλέψωσι,

2007 1950 2454 2024 παρατραπέντες
2483 1949 2965 2020 κατενεχθήσονται
2998 1951 3076 2013 είς
3115 1950 3210 2020 τὴν
3245 1952 3591 2022 ὀρχήστραν,

2007 2034 2102 2088 καὶ
2118 2033 2460 2087 ἀπολοῦνται·
2477 2031 2620 2086 οὕτω
2637 2034 2726 2085 καὶ
2743 2034 2790 2085 οἱ
2811 2033 2906 2103 τὴν
2927 2033 3042 2086 ὁδὸν
3056 2034 3262 2104 ταύτην
3283 2033 3592 2095 ὁδεύοντες,

2009 2117 2076 2171 ἀν
2112 2117 2304 2189 μικρὸν
2333 2116 2708 2188 ρᾳθυμήσωσι,
2738 2116 3288 2187 κατακρημνίζονται.
3323 2118 3434 2170 Καὶ
3472 2116 3596 2187 γὰρ

2009 2201 2222 2269 ἐκείνης
2246 2200 2344 2269 τῆς
2366 2201 2572 2268 σχοίνου
2595 2202 2626 2269 ὴ
2649 2199 2765 2260 ὁδὸς
2787 2199 2926 2269 αὕτη
2957 2199 3048 2253 καὶ
3071 2199 3355 2270 στενοτέρα
3379 2200 3599 2271 16:169-

2011 2284 2122 2346 θιος
2142 2283 2236 2336 καὶ
2258 2284 2563 2352 προσάντης
2581 2281 2780 2352 μᾶλλόν
2800 2283 2913 2334 ἐστι
2939 2282 3030 2336 καὶ
3047 2281 3350 2353 ὑψηλοτέρα
3367 2282 3560 2352 πολλῷ
3579 2297 3591 2310 ·

2011 2365 2149 2436 πρὸς
2175 2365 2284 2436 γὰρ
2312 2365 2469 2417 αὐτὸν
2499 2366 2610 2419 ἄνω
2643 2363 2866 2434 τελευτᾷ
2891 2366 2914 2402 ε
2945 2363 3037 2416 τὸν
3067 2364 3315 2434 οὐρανὸν,
3342 2367 3434 2418 xui.
3461 2365 3597 2419 τότε

2009 2451 2145 2518 ἡμῖν
2171 2448 2553 2518 σφαλερώτερα
2582 2446 2734 2499 ἔσται
2759 2447 2828 2500 τὰ
2853 2446 3008 2517 διαϐή
3018 2463 3183 2517 ματα,
3204 2448 3330 2500 ὃταν
3355 2447 3466 2501 ἄνω
3493 2449 3600 2500 καὶ

2014 2531 2149 2602 πρὸς
2177 2532 2314 2600 αὐτῇ
2345 2529 2629 2598 γενώμεθα
2653 2531 2720 2598 τῇ
2750 2531 2996 2600 κορυφῇ·
3028 2531 3139 2592 τοῖς
3172 2530 3280 2600 γὰρ
3304 2532 3388 2598 ἐφ’
3416 2529 3598 2599 ὕψους

2014 2615 2209 2666 ἐστῶσι
2247 2613 2409 2678 πολὺς
2436 2615 2462 2666 6
2492 2613 2710 2684 τρόμος,
2741 2613 2832 2665 καὶ
2862 2613 2960 2682 μία
2991 2614 3151 2683 μόναν
3181 2615 3449 2683 ἀσφάλεια
3478 2616 3604 2668 λεί-

2015 2714 2204 2761 πεται,
2247 2696 2308 2749 τὸ
2351 2695 2425 2767 μὴ
2461 2694 2771 2764 κατακύψαι
2801 2696 2970 2762 κάτω,
3005 2696 3138 2767 μηδὲ
3183 2698 3264 2760 εἱς
3300 2697 3404 2766 γῆν
3435 2697 3599 2750 ἰδεῖν.

2015 2782 2126 2836 Καὶ
2161 2780 2270 2851 γὰρ
2309 2779 2539 2851 χαλεπὸς
2570 2777 2817 2832 ἐντεῦθεν
2844 2781 2871 2832 ὁ
2901 2781 3200 2843 σκοτόδινος
3226 2781 3452 2849 γίνεται.
3488 2782 3604 2836 Διά

2015 2882 2098 2918 τοι
2127 2863 2284 2916 τοῦτο
2330 2862 2566 2932 συνεχῶς
2601 2863 2733 2931 ἡμῖν
2763 2862 2790 2913 6
2819 2863 3107 2936 Προφήτης
3135 2865 3330 2935 ἐπιϐοᾷ
3376 2865 3562 2934 λέγων
3583 2883 3598 2896 .

2018 2950 2124 3014 Είς
2158 2946 2224 3000 τὸ
2257 2945 2431 3010 τέλος
2469 2943 2554 3013 μὴ
2601 2943 2980 3012 διαφθείρῃςο
3033 2945 3382 3018 ῥᾳθυμοῦσαν
3429 2949 3604 3018 ἡμῶν

2017 3031 2113 3102 τὴν
2144 3028 2318 3100 ψυχὴν
2357 3027 2717 3093 ἀναστέλλων,
2745 3028 2838 3080 καὶ
2887 3028 3182 3098 μέλλουσαν
3225 3029 3602 3086 καταπίπτειν

2017 3113 2224 3182 ἀνέχων
2257 3112 2350 3165 καὶ
2380 3110 2704 3181 διακρατῶν.
2741 3111 2828 3164 Ἐν
2863 3112 3003 3182 ἀρχῇ
3037 3111 3133 3179 μὲν
3166 3113 3276 3185 γὰρ
3295 3113 3355 3165 οὐ
3388 3113 3603 3183 πολλῆς

2018 3193 2252 3265 δεόμεθα
2314 3194 2414 3264 τῆς
2459 3191 2873 3263 παρακλήσεως.
2917 3194 2982 3246 Τί
3032 3194 3267 3264 δήποτε;
3313 3195 3437 3248 Ὅτι
3485 3198 3606 3259 πᾶς

2020 3278 2321 3349 ἄνθρωπος,
2350 3276 2450 3330 κᾶν
2476 3277 2727 3330 ἁπάντων
2753 3276 3084 3340 νωθέστατος
3106 3272 3162 3350 ᾖ,
3193 3277 3400 3348 μέλλων
3425 3279 3607 3332 ἀπτε-

2023 3360 2144 3414 σθαι
2183 3360 2533 3430 πράγματος,
2583 3359 2781 3430 πολλὴν
2809 3361 2868 3412 ἐν
2911 3362 3021 3420 τοῖς
3050 3359 3352 3430 προοιμίοις
3392 3360 3608 3414 ἐπιδεί-

2021 3458 2212 3496 κνυται
2251 3442 2347 3511 τὴν
2397 3441 2647 3513 σπουδὴν,
2683 3442 2777 3496 καί¹
2811 3443 2908 3512 τῆς
2955 3442 3262 3515 προθυμίας
3307 3442 3608 3513 ἀκμαζού-

2024 3541 2145 3595 σης,
2186 3525 2280 3578 καὶ
2321 3526 2420 3596 τῆς
2458 3527 2734 3597 δυνάμεως
2779 3529 2977 3597 νεαρᾶς
3015 3525 3180 3597 οὐσης
3227 3526 3340 3592 ἐτι,
3395 3527 3608 3598 ῥᾳδίως

2023 3607 2161 3677 πρὸς
2186 3607 2248 3661 τὸ
2275 3609 2632 3679 προκείμενον
2658 3610 2956 3664 ἐπιϐαίνει·
2985 3610 3110 3663 ὅταν
3139 3609 3196 3662 δὲ
3225 3610 3287 3663 τὸ
3309 3610 3473 3664 πλέον
3498 3611 3609 3682 τῆς

2023 3691 2143 3743 ὁδοῦ
2191 3691 2560 3762 προέλθωμεν,
2610 3693 2705 3745 καὶ
2755 3691 3003 3763 μαρανθῇ
3047 3690 3116 3744 τὰ
3158 3693 3257 3762 τῆς
3289 3693 3610 3764 προθυμίας

2025 3777 2176 3846 ἡμῖν,
2207 3779 2274 3828 τά
2309 3775 2365 3828 δὲ
2398 3776 2496 3847 τῆς
2533 3775 2816 3846 δυνάμεως
2845 3775 3001 3847 ἡμῶν
3034 3775 3194 3847 λήξῃ,
3227 3775 3519 3848 μέλλωμεν
3547 3781 3609 3834 δὲ

2026 3857 2408 3922 καταπίπτειν,
2449 3859 2571 3912 τότε
2600 3861 2729 3931 ἡμῖν
2767 3861 2796 3914 ὁ
2835 3861 3117 3932 προφήτης
3161 3861 3432 3933 εὐκαίρως
3463 3882 3612 3934 παρο

2031 3943 2283 4008 ίσταται,
2345 3941 2592 4013 καθάπερ
2658 3943 2957 4015 βακτηρίαν
3003 3943 3124 3997 τινὰ
3178 3944 3238 3997 τὸ
3282 3945 3613 4018 ἐπίφθεγμα

2026 4027 2185 4080 τοῦτο
2223 4021 2453 4099 ὀρέγων,
2495 4028 2590 4082 καὶ
2639 4027 2834 4098 λέγων,
2878 4031 2982 4098 Είς
3025 4030 3092 4084 τὸ
3134 4031 3311 4100 τέλος
3341 4031 3432 4102 μὴ
3473 4033 3609 4090 δια-

2025 4111 2292 4181 φθείρῃς.

2098 4194 2210 4246 Καὶ
2243 4193 2352 4264 γὰρ
2379 4191 2408 4244 ὁ
2436 4191 2677 4258 διάϐολος
2708 4195 2831 4249 τότε
2863 4195 3216 4269 σφοδρότερον
3243 4199 3366 4251 πνεῖ
3391 4195 3446 4253 ι.
3493 4201 3615 4255 Καὶ

2029 4277 2281 4349 καθάπερ
2325 4277 2374 4330 οἱ
2419 4276 2519 4346 τὴν
2572 4276 2839 4331 θάλατταν
2875 4277 3126 4343 πλέοντες
3172 4281 3462 4351 πειραταὶ,
3507 4283 3615 4355 οὐχ

2028 4361 2156 4416 ὅταν
2189 4359 2368 4413 ἴδωσιν
2402 4359 2612 4424 ἐξιόντα
2649 4359 2742 4412 τοῦ
2775 4361 2990 4432 λιμένος
3016 4361 3086 4414 τά
3124 4362 3300 4428 πλοῖα,
3335 4364 3457 4418 τότε
3488 4367 3616 4421 ἐπι-

2029 4443 2286 4510 τίθενται,
2321 4442 2395 4512 (τί
2425 4443 2534 4514 γάρ
2564 4443 2746 4507 αὐτοῖς
2773 4443 2964 4513 ὖφελος
3012 4445 3171 4499 κενὸν.
3210 4447 3516 4502 καταδῦσαι
3547 4449 3615 4503 τὸ

2032 4525 2291 4595 σκάφοςς)
2319 4524 2432 4578 ἀλλ’
2453 4527 2581 4580 ὅταν
2609 4526 2805 4598 ἐπανίῃ
2829 4526 3008 4598 πλήρη
3045 4528 3136 4582 τὸν
3167 4530 3360 4599 φόρτον
3389 4529 3615 4600 ἔχοντα,

2031 4609 2152 4661 τότε
2195 4609 2374 4662 πᾶσαν
2426 4608 2635 4662 κινοῦσι
2669 4610 2944 4679 μηχανήν
2973 4609 3116 4666 οὕτω
3157 4610 3250 4665 καὶ
3293 4613 3322 4665 ὁ
3367 4614 3617 4685 πονηρὸς

2031 4691 2235 4762 δαίμων
2268 4692 2492 4755 ἐκεῖνος,
2523 4691 2649 4744 ὅταν
2681 4691 2763 4762 ἴδῃ
2803 4691 2973 4745 πολλὰ
3012 4693 3409 4766 συναγηοχότας
3435 4692 3482 4759 ί,
3513 4714 3618 4767 νη-

2034 4774 2236 4840 στείαν,
2270 4772 2452 4844 εὐχὰς,
2486 4772 2878 4844 ἐλεημοσύνην,
2911 4775 3281 4847 σωφροσύνην,
3311 4775 3408 4847 τὴν
3441 4776 3619 4848 ἀλλην

2034 4857 2250 4911 ἅπασαν
2281 4855 2500 4927 ἀρετὴν,
2531 4855 2658 4908 ὅταν
2689 4856 2773 4929 ἴδῃ
2803 4855 2972 4926 γέμον
2999 4857 3154 4928 ήμῶν
3182 4858 3243 4911 τὸ
3281 4858 3468 4912 πλοῖον
3500 4859 3618 4913 τῶν

2033 4938 2338 4994 πολυτελῶν
2373 4943 2473 5010 τῆς
2507 4939 2787 5004 εὐσεϐείας
2837 4939 3019 5004 λίθων,
3065 4940 3188 4994 τότε
3239 4943 3578 5014 προσϐάλλει
3602 4984 3619 5009 ,

2035 5029 2300 5084 πάντοθεν
2348 5029 2641 5102 διορύττων
2690 5030 2780 5082 τὸν
2819 5030 3111 5103 θησαυρὸν,
3138 5032 3279 5086 ὥστε
3310 5034 3445 5104 παρ’
3474 5035 3624 5088 αὐτά

2033 5113 2127 5167 τοῦ
2151 5112 2366 5184 λιμένος
2396 5114 2466 5167 τά
2507 5114 2748 5183 στόματα
2784 5113 3082 5169 καταδῦσαι
3128 5115 3190 5170 τὸ
3225 5117 3434 5187 σκάφος
3455 5157 3472 5184 ,
3522 5120 3623 5173 καὶ

2103 5286 2125 5314 °
2153 5282 2382 5334 Erasmus
2403 5283 2582 5345 legissp.
2604 5283 2798 5345 videtur
2827 5285 3110 5344 ἑκατέρωθεν
3144 5282 3481 5345 ἀπειλημένην,
3504 5295 3622 5331 ver-

2038 5345 2092 5394 lil
2115 5348 2278 5409 icnim,
2304 5342 2591 5409 ρνιεοῷίιίὶδ
2631 5343 2886 5402 minacem,
2929 5342 3111 5408 némpe
3141 5346 3284 5393 viam.
3321 5342 3424 5394 Sed
3447 5346 3625 5394 nullus

2037 5408 2190 5455 codex
2207 5408 2279 5455 sic
2303 5406 2466 5456 habet;

2103 5467 2120 5506 ί
2155 5467 2286 5516 Unus
2304 5469 2651 5529 ἐπιτεταμένην.

2104 5533 2127 5568 ὅ
2153 5529 2276 5578 Tres
2295 5543 2414 5578 mss.
2439 5526 2537 5577 ἄνω
2561 5530 2768 5578 τέταται.
2791 5528 2929 5577 Unus
2953 5527 3052 5575 ἀνω
3084 5526 3362 5576 τελειοῦται.
3385 5527 3625 5577 Erasmus

2038 5589 2435 5667 yidctui‘legisse
2455 5592 2663 5667 τέταται.
2691 5590 2788 5666 ξεί]
2803 5591 2879 5638 hae
2897 5602 3068 5667 61:1qu
3093 5591 3336 5639 leciioues
3355 5593 3619 5650 quadram.

2041 5654 2149 5714 Mox
2166 5652 2271 5714 ,ιιιίὶ
2305 5652 2677 5714 ἐπισφαλέστερα
2712 5652 2844 5700 ἔσται
2870 5652 2930 5699 τὰ
2953 5652 3158 5713 βήματα.

2103 5712 2128 5782 1}
2163 5713 2297 5788 linus
2317 5712 2629 5788 σφοδρότερον
2651 5714 2914 5788 ἐπέρχεται.

2113 5776 2126 5817 ἱ
2171 5775 2304 5826 L’uus
2329 5772 2686 5836 συναγαγόντας.
2712 5772 2860 5825 εει-ιι.
2884 5772 3260 5838 συνηγειοχὸτας.
