3696 6278
144 206 231 263 ll?)

136 345 251 399 ent.
295 332 647 391 exstinxeris.
678 331 775 387 Hic
799 329 956 402 igitur
982 327 1137 384 Ozias
1159 344 1189 382 e
1208 328 1351 396 sirpe
1372 325 1537 381 David
1560 325 1709 380 duxit

135 442 311 497 genus,
359 441 451 481 rex
485 434 663 479 autem
711 433 826 477 erat
871 420 1220 482 Judaaorum;
1270 418 1510 489 regnavit
1555 418 1708 472 annis

134 519 500 590 quinquaginta
524 516 729 571 duobus
756 533 770 566 :
802 528 1028 583 cumque
1068 510 1218 565 initio
1251 524 1371 565 cum
1407 508 1561 564 laude
1588 524 1709 580 ges-

134 614 272 667 sisset
311 610 669 681 principatum
690 647 707 672 ,
752 615 870 676 post
905 606 955 659 in
997 612 1269 673 peccatum
1300 603 1575 673 prolapsus
1604 611 1705 656 est.

131 703 242 757 Cum
270 702 416 756 enim
451 700 667 754 altiores
696 698 914 768 spiritus
948 695 1254 750 sustulisset
1291 709 1450 764 quam
1495 707 1589 762 pro
1613 707 1706 746 sua

132 794 394 864 dignitate,
421 794 782 864 principatum
813 789 1005 844 invasit
1030 786 1334 842 sacerdotii.

186 884 443 953 Superbia
466 900 602 952 sirpe
627 899 689 936 ea:
707 883 840 936 bona
859 878 1159 933 conscientia
1188 878 1368 931 oritur.
1388 906 1459 916 —
1478 876 1705 930 Tantum

119 986 309 1037 malum
337 987 424 1030 est
456 976 780 1045 arrogantia,
811 989 930 1043 quae
962 971 1263 1041 persuadet,
1298 979 1354 1023 ut
1372 970 1594 1038 quisque
1616 984 1703 1022 se-

117 1074 213 1117 met
234 1069 487 1137 ignoret,
522 1077 754 1137 postque
792 1064 990 1119 multos
1016 1064 1227 1117 labores
1253 1076 1465 1115 omnem
1497 1061 1706 1116 virtutis

118 1165 429 1212 thesaurum
454 1158 716 1212 exhaurit.
767 1156 846 1209 Ac
883 1164 1073 1209 cmtera
1116 1153 1330 1223 quidem
1376 1152 1515 1206 mala
1553 1152 1705 1206 nobis

118 1248 447 1319 negligenter
478 1247 759 1318 agentibus
786 1245 961 1301 solent
998 1244 1289 1299 exuberare
1314 1284 1329 1308 ,
1370 1243 1484 1296 haec
1526 1251 1705 1296 autem

117 1341 233 1409 ipsis
274 1349 432 1394 recte
478 1338 631 1394 factis
659 1339 855 1393 nostris
882 1337 1205 1392 adnascitur.
1237 1335 1378 1391 Nihil
1414 1338 1557 1390 enim
1584 1349 1705 1404 per-

115 1432 224 1487 inde
249 1432 430 1503 gignit
473 1429 779 1501 superbiam
809 1472 824 1496 ,
854 1440 910 1484 ut
939 1428 1077 1484 bona
1102 1426 1447 1492 conscientia,
1477 1426 1578 1480 nisi
1605 1424 1703 1480 ad-

114 1527 415 1594 vigilemus.
470 1523 619 1580 Unde
644 1533 697 1579 et
721 1522 965 1578 Christus
993 1522 1191 1586 sciens,
1213 1519 1357 1589 quod
1379 1530 1497 1591 post
1536 1521 1704 1576 bene-

116 1618 237 1671 facta
286 1631 394 1671 nos
435 1615 526 1671 hic
574 1614 793 1670 morbus
834 1614 1141 1679 adoriatur,
1186 1613 1395 1668 dicebat
1432 1613 1705 1682 discipulis

112 1712 210 1763 suis
240 1728 253 1762 ε
288 1708 423 1763 Cum
455 1709 625 1763 omnia
652 1708 868 1780 feceritis
886 1747 900 1769 ,
928 1706 1105 1770 dicite,
1134 1705 1280 1759 Servi
1306 1706 1507 1760 inutiles
1530 1723 1703 1761 sumus

114 1800 271 1870 (an.
308 1802 399 1855 17.
437 1800 567 1871 10).
597 1801 731 1854 Cum
759 1799 903 1853 enim
935 1799 1046 1853 haec
1074 1799 1229 1852 noxia
1259 1798 1426 1854 bestia
1456 1809 1604 1869 parat
1625 1800 1705 1854 in-

114 1894 298 1948 vadere
328 1908 453 1958 vos,
486 1903 631 1959 tunc,
662 1892 852 1962 inquit,
881 1908 975 1961 per
1005 1890 1120 1945 hrec
1149 1890 1308 1944 verba
1339 1891 1480 1946 fores
1508 1891 1584 1945 illi
1613 1906 1703 1945 oc-

112 1986 324 2041 ciudite.
369 1985 562 2055 Neque
591 1985 723 2039 dixit
751 2002 764 2039 :
797 1984 929 2039 Cum
972 1983 1150 2037 omnia
1180 1982 1409 2038 feceritis
1431 2026 1448 2052 ,
1487 1984 1703 2040 inutiles

114 2082 227 2134 estis
252 2097 265 2133 :
288 2080 415 2144 sed,
441 2078 549 2133 Vos
571 2079 749 2143 dicite,
765 2078 986 2136 inutiles
1010 2092 1213 2131 sumus.
1245 2078 1359 2139 Dic.
1384 2093 1453 2132 ne
1471 2086 1701 2143 metuas,

115 2188 204 2224 non
234 2187 306 2226 cx
352 2181 453 2223 tuo
500 2169 702 2239 judicio
747 2167 860 2223 fero
898 2168 1236 2223 sententiam.
1278 2166 1410 2223 Nam
1455 2170 1500 2223 si
1549 2177 1603 2222 tu
1654 2178 1705 2224 te

116 2269 272 2334 ipsum
299 2263 511 2317 dixeris
543 2261 804 2327 inutilem,
829 2278 927 2331 ego
959 2269 1008 2316 te
1031 2260 1279 2317 ututilem
1304 2261 1592 2317 coronabo.
1616 2261 1705 2316 Sic

114 2369 157 2410 et
180 2358 313 2409 alias
336 2354 584 2424 loquitur
614 2371 627 2405 :
659 2352 755 2405 Dic
782 2364 835 2406 tu
856 2354 991 2423 prior
1020 2362 1223 2423 peccata
1246 2363 1351 2417 tua,
1382 2362 1435 2407 ut
1454 2354 1706 2423 justi/ice-

115 2451 169 2501 ris
196 2447 363 2517 (fsai.
400 2447 493 2501 45.
528 2444 658 2515 9.6).
697 2446 753 2499 In
794 2444 1075 2499 mundanis
1103 2443 1365 2515 siquidem
1392 2459 1456 2500 ac
1483 2445 1709 2500 forensi-

116 2543 199 2594 bus
217 2539 449 2608 iudiciis
470 2548 596 2609 post
615 2539 1011 2593 accusationem
1036 2547 1089 2594 et
1114 2538 1393 2592 criminum
1418 2535 1709 2592 confessio-

116 2650 220 2688 ts-m
259 2643 441 2688 restat
482 2648 637 2687 mors
678 2651 690 2687 :
735 2640 988 2688 cieterum
1024 2630 1159 2700 apud
1201 2630 1439 2685 divinum
1479 2629 1706 2685 tribunal

115 2738 215 2797 post
241 2727 664 2782 accusationem
686 2734 739 2779 et
763 2725 1148 2780 confessionem
1178 2733 1515 2793 peccatorum
1553 2722 1710 2776 datur

115 2834 318 2872 Corona.
359 2817 522 2873 Unde
554 2827 608 2870 ct
639 2817 890 2869 Salomon
920 2816 1048 2870 dicit
1081 2813 1181 2886 (a)
1209 2829 1221 2868 :
1252 2812 1333 2867 Ne
1348 2813 1710 2884 justi/icaveris

116 2912 311 2980 lapsam
333 2912 388 2964 in
414 2920 695 2979 conspectu
725 2908 927 2962 Domini
954 2910 970 2976 (
995 2908 1148 2961 Eccli.
1175 2908 1227 2962 7.
1251 2905 1343 2979 5).
1367 2906 1561 2961 Verum
1581 2905 1708 2960 nihil

118 3003 293 3058 horum
322 3002 540 3056 audivit
571 3001 759 3066 Ozias,
787 3002 878 3055 sed
913 3001 1065 3053 irruit
1091 3001 1142 3053 in
1171 3000 1427 3068 templum
1451 3040 1463 3059 .
1514 3007 1573 3052 ut
1616 2999 1709 3052 ad-

118 3100 267 3151 oleret
287 3140 303 3161 ,
342 3111 411 3149 ac
442 3110 513 3149 ne
544 3094 825 3148 sacerdote
852 3093 1061 3162 quidem
1091 3091 1407 3162 prohibente
1437 3092 1709 3146 abstinuit.

119 3189 238 3255 Quid
267 3188 447 3258 igitur
469 3187 664 3242 Deus?
690 3184 910 3240 lnnnisit
940 3186 1012 3239 illi
1044 3186 1243 3255 lepratn
1286 3184 1338 3239 in
1366 3183 1540 3239 fronte
1560 3225 1577 3250 ,
1607 3183 1709 3240 ltoc

120 3281 260 3336 modo
289 3281 679 3352 impudentem
720 3278 910 3334 faciem
933 3279 1177 3348 puniens,
1209 3278 1514 3349 doeensque
1539 3279 1709 3347 illurn,

122 3375 241 3445 quod
267 3374 376 3429 hoc
397 3383 551 3430 esset
587 3373 682 3427 Dei
704 3373 963 3438 tribunal,
992 3382 1045 3427 et
1073 3372 1212 3443 quod
1245 3372 1319 3426 illi
1349 3373 1545 3429 bellum
1571 3382 1715 3429 esset

124 3483 210 3519 non
238 3468 514 3522 adversus
548 3464 831 3530 homines,
869 3464 962 3518 sed
998 3464 1253 3518 adversus
1292 3464 1480 3518 Deum.
1526 3467 1603 3519 Ac
1647 3464 1715 3521 de

125 3560 231 3612 Ozia
253 3558 480 3626 quidem
504 3556 788 3611 hactenus.
811 3555 1048 3627 Agedum
1070 3555 1181 3626 jam
1220 3555 1289 3610 ab
1320 3556 1526 3627 integro
1548 3555 1715 3610 histo-

126 3653 238 3705 riam
266 3652 413 3706 hanc
444 3664 848 3721 percurramus.
893 3648 1027 3704 Nam
1062 3649 1162 3705 hac
1199 3648 1270 3704 de
1307 3664 1466 3704 causa
1511 3658 1564 3705 et
1604 3649 1717 3718 ipse

128 3760 505 3815 pratoccupans
537 3743 859 3813 compendio
880 3741 1030 3797 vobis
1058 3743 1279 3811 exposui
1311 3758 1429 3813 qua:
1454 3742 1596 3798 Ozicc
1622 3758 1717 3797 ac-

127 3838 361 3891 ciderunt
393 3836 583 3890 omnia
618 3852 634 3888 :
665 3844 724 3889 ut
764 3849 885 3889 cum
925 3834 1197 3890 audieritis
1235 3833 1563 3903 Scripturam
1604 3833 1720 3889 ha‘c

128 3928 296 3981 eadem
326 3937 651 3982 narrantem
670 3967 685 3989 ,
718 3942 898 3983 rerum
924 3926 1115 3980 seriem
1145 3940 1354 3980 summo
1398 3941 1520 3982 cum
1556 3926 1720 3981 animi

130 4023 289 4076 studio
313 4020 733 4083 (musectemini.
771 4018 876 4075 Sed
912 4020 1189 4074 attendite.
1228 4019 1289 4076 Et
1329 4020 1477 4088 fecit,
1512 4020 1719 4088 inquit,

133 4115 273 4169 Ozias
299 4114 444 4187 quod
473 4124 668 4168 rectum
699 4125 771 4167 est
797 4115 847 4167 in
879 4122 1145 4183 conspectu
1186 4113 1388 4168 Domini
1416 4112 1504 4184 (2.
1538 4112 1719 4169 Paral.

132 4208 212 4261 28.
240 4209 275 4262 ι
293 4210 334 4278 ).
361 4207 484 4261 Hoc
506 4205 814 4260 testimonio
845 4220 1089 4275 magnam
1107 4205 1247 4261 illius
1271 4209 1517 4259 virtutem
1547 4203 1725 4260 decla-

134 4300 281 4353 ratit.
311 4298 435 4352 Non
463 4296 615 4353 enim
641 4296 801 4351 modo
827 4295 954 4350 fecit
982 4295 1123 4368 quod
1150 4304 1354 4351 rectum
1378 4305 1516 4362 erat,
1540 4312 1724 4351 verum

132 4394 284 4445 etiam
314 4391 449 4444 fecit
480 4389 535 4442 in
564 4395 854 4458 conspectu
885 4387 1130 4453 Domini,
1176 4402 1282 4441 non
1306 4388 1445 4458 apud
1480 4387 1726 4444 homines

133 4496 187 4536 se
213 4490 506 4536 ostentans
526 4520 543 4543 ,
591 4477 1038 4549 quemadmodum
1064 4479 1203 4548 apud
1231 4478 1445 4534 Judaaos
1466 4478 1727 4535 faciebant

135 4573 225 4639 illi,
252 4572 349 4643 qui
373 4581 508 4626 ante
538 4570 937 4641 eleemosyuam
968 4570 1092 4624 tuba
1121 4570 1402 4637 canebant,
1434 4580 1490 4625 et
1518 4572 1568 4624 in
1588 4571 1726 4641 jeju-

134 4667 232 4721 tti‘s
260 4664 435 4719 facies
470 4677 601 4718 suas
628 4662 1093 4728 exterminabant,
1139 4662 1229 4732 qui
1274 4664 1626 4732 precabantur
1674 4664 1728 4717 in

134 4758 426 4828 mmpitis;
460 4754 658 4825 quibus
695 4753 856 4811 rebus
900 4753 1027 4824 quid
1062 4752 1244 4824 potest
1279 4769 1400 4809 esse
1444 4754 1728 4821 miserius,

138 4850 220 4907 ubi
265 4855 397 4919 post
443 4846 704 4902 toleratos
747 4845 994 4913 labores,
1049 4845 1191 4902 omni
1239 4847 1459 4915 praemio
1505 4844 1730 4902 frustra-

142 4944 330 4998 bantur
348 4944 375 4997 ?

198 5037 254 5091 2.
277 5034 427 5104 Quid
451 5033 605 5098 facis,
636 5030 829 5089 homo?
854 5030 943 5088 alii
974 5032 1274 5089 redditurus
1297 5047 1357 5089 es
1376 5034 1633 5089 rationem
1659 5032 1738 5089 fa-

139 5139 339 5184 ctorum
397 5136 617 5181 tuorum
638 5167 653 5192 ,
682 5135 736 5180 et
764 5126 929 5183 alium
960 5135 1149 5181 testem
1202 5127 1340 5182 citas
1379 5143 1565 5182 eorum
1616 5145 1737 5197 quae

142 5220 301 5275 facis?
322 5220 497 5273 alium
526 5216 695 5272 habes
718 5216 975 5285 judiccm,
1006 5226 1061 5272 et
1088 5218 1251 5271 alium
1279 5218 1501 5272 adhibes
1523 5228 1736 5287 specta-

143 5313 347 5367 tamn?
386 5308 513 5365 Non
554 5308 703 5363 vides
731 5309 944 5377 aurigas
989 5309 1082 5378 qui
1124 5309 1374 5365 universa
1420 5310 1635 5366 civitate
1685 5311 1737 5365 in

144 5405 349 5458 sublimi
406 5401 640 5459 sedente
669 5401 721 5454 in
773 5401 1112 5470 equestribus
1151 5400 1331 5469 ludis,
1372 5410 1540 5457 tutum
1584 5401 1740 5456 stadii

144 5498 370 5567 spatium
403 5502 828 5566 percurrentes,
862 5493 935 5547 ibi
964 5492 1291 5547 contendunt
1313 5502 1741 5549 concertatorum

202 5638 273 5696 (α)
300 5634 417 5683 Non
440 5645 561 5681 raro
580 5631 1019 5701 siraeldislibrum
1056 5633 1334 5684 Salomonis
1370 5633 1491 5683 dlcit
1524 5632 1731 5695 Chryso-

152 5703 345 5761 ttomus,
375 5701 438 5744 ut
459 5695 658 5751 monuit
682 5695 919 5751 Savilius.

1118 211 1183 267 IN
1220 208 1445 276 lLLUD,
1490 206 1624 263 VIDI
1665 208 1996 286 DOMINUM,
2038 214 2267 271 HOMIL.
2308 216 2395 274 Ill.

3301 222 3327 276 i
3342 221 3413 277 Η

1817 342 2007 384 currus
2053 331 2384 399 subvertere,
2416 333 2502 388 Ubi
2534 333 2914 413 imperatorem
2948 337 3399 395 viderintseden-

1818 427 1925 474 tem
1952 460 1971 487 ,
2001 430 2056 475 et
2085 422 2223 477 inter
2269 431 2347 477 tot
2390 427 2741 495 spectantium
2779 428 2956 483 vultus
3003 445 3163 483 unum
3193 429 3403 484 oculum

1817 524 2003 584 putant
2030 516 2133 571 fide
2153 516 2472 586 digniorem?
2494 519 2564 573 At
2590 528 2644 573 tu
2668 534 2789 575 cum
2816 519 2999 577 videas
3043 522 3216 593 ipsum
3245 536 3401 592 auge:

1813 605 1984 661 lorum
2014 607 2214 677 Regem
2241 617 2329 663 tuo
2354 610 2530 663 cursui
2556 610 2934 681 agonothetam
2953 653 2969 677 ,
2998 612 3100 668 hoc
3120 622 3202 668 est
3225 622 3403 669 certa-

1814 699 1974 755 minis
1994 699 2261 769 judicem,
2295 701 2579 770 priesidere
2607 741 2625 766 ,
2656 718 2722 756 eo
2749 703 3113 773 prattermisso
3166 701 3233 756 ad
3265 718 3397 758 con-

1813 803 2090 844 servorum
2138 790 2277 861 fugis
2305 790 2527 845 oculos?
2553 791 2729 860 Atque
2768 790 2890 847 ideo
2931 805 3060 846 sane
3097 803 3219 862 post
3244 793 3402 848 innu-

1813 894 1988 935 meras
2028 880 2197 935 luctas
2244 881 2587 936 incoronatus
2616 880 2852 949 recedisf,
2878 890 2998 950 post
3023 883 3246 937 sudores
3275 884 3393 952 plu.-

1810 972 1976 1027 rimos
2005 972 2205 1041 absque
2235 973 2468 1042 praemiis
2487 973 2637 1028 venis
2661 972 2727 1027 ad
2756 973 3137 1043 agonothetam
3153 974 3177 1028 ‘l
3195 974 3266 1029 At
3291 990 3398 1029 non

1813 1063 1935 1117 talis
1976 1072 2092 1117 erat
2139 1063 2330 1126 Ozias,
2373 1063 2466 1117 sed
2513 1062 2566 1117 in
2594 1074 2880 1134 conspectu
2912 1064 3120 1120 Domini
3171 1064 3403 1122 faciebat

1811 1153 1953 1224 quod
1985 1164 2189 1207 rectum
2218 1164 2320 1208 est.

1882 1243 2160 1316 Fragililas
2213 1245 2449 1299 hominis.
2510 1245 2820 1301 Funambuli
2874 1256 3096 1319 tempore
3167 1249 3395 1322 Chryso-

1810 1335 1978 1390 stomi.
2006 1366 2076 1375 —
2100 1335 2197 1401 Qui
2230 1334 2427 1390 factum
2470 1346 2551 1391 est
2598 1337 2776 1408 igitur,
2812 1346 2869 1393 ut
2922 1348 3044 1409 post
3082 1340 3248 1396 vitam
3290 1350 3399 1397 tam

1809 1428 2102 1497 perfectam
2154 1428 2524 1498 supplantatus
2566 1430 2635 1484 sit
2679 1430 3115 1503 concideritquef?
3136 1430 3269 1488 Nam
3296 1432 3399 1489 hoc

1809 1530 1862 1576 et
1906 1521 2016 1590 ipse.
2048 1518 2313 1576 demirans
2343 1521 2561 1589 haesito,
2589 1523 2713 1593 quin
2761 1525 2937 1592 potius
2980 1523 3114 1580 nihil
3164 1524 3251 1582 hic
3273 1540 3395 1583 esse
3463 1583 3468 1588 .

1809 1614 1968 1671 debet
1995 1614 2326 1670 harsitatione
2342 1614 2581 1685 dignum,
2608 1616 3040 1686 quandoquidem
3064 1615 3227 1673 homo
3253 1627 3392 1686 erat,

1809 1721 1896 1760 res
1921 1705 1987 1760 ad
2013 1707 2338 1775 peccandum
2385 1707 2620 1773 lubrica,
2644 1719 2697 1763 et
2730 1707 2797 1762 ad
2825 1709 3392 1781 malitiam‘propensa.

1807 1799 1995 1871 Neque
2022 1800 2073 1853 id
2096 1800 2270 1855 solum
2300 1808 2382 1855 est
2406 1800 2623 1855 difficile
2642 1842 2656 1866 ,
2680 1816 2866 1855 verum
2892 1802 3052 1856 etiam
3079 1802 3208 1858 illud
3250 1802 3394 1873 quod

1808 1892 2057 1948 incedere
2074 1893 2208 1961 jussi
2237 1906 2421 1946 sumus
2445 1908 2538 1962 per
2554 1892 2694 1946 viam
2721 1904 3023 1962 angustam,
3056 1902 3112 1949 et
3136 1893 3389 1964 utrinque

1808 1983 2118 2053 prtecipitiis
2143 1983 2497 2037 terminatam.
2531 1982 2764 2037 Proinde
2790 1983 3001 2052 quoties
3023 1992 3078 2039 et
3107 1984 3394 2041 voluntatis

1809 2074 2034 2131 facilitas
2063 2085 2116 2130 et
2152 2074 2248 2129 viae
2292 2074 2578 2130 difficultas
2623 2076 2674 2128 in
2700 2090 2862 2129 unum
2886 2084 3114 2141 coeunt,
3146 2092 3215 2133 ne
3240 2086 3388 2146 post-

1808 2184 1871 2226 ea
1914 2173 2109 2224 mirare
2152 2169 2219 2223 de
2265 2168 2435 2238 lapsu.
2496 2168 2956 2236 Quemadmodum
2993 2172 3137 2224 enim
3177 2172 3230 2226 in
3272 2186 3392 2241 spe-

1810 2262 2031 2317 ctaculis
2076 2261 2166 2330 qui
2218 2276 2311 2330 per
2352 2260 2533 2315 funem
2590 2260 2657 2314 ab
2707 2262 2812 2315 imo
2864 2262 2916 2314 in
2955 2261 3125 2315 altum
3182 2270 3390 2317 tensum

1809 2353 2101 2410 ascendere
2125 2369 2187 2407 ac
2207 2352 2534 2408 descendere
2548 2352 2891 2419 meditantur,
2921 2354 2965 2407 si
2998 2353 3269 2423 paululum
3295 2355 3388 2410 de-

1810 2445 2053 2503 flexerint
2080 2445 2263 2499 oculos
2286 2485 2304 2511 ,
2331 2445 2543 2500 inverso
2584 2459 2812 2516 corpore
2847 2444 3159 2500 deferuntur
3208 2445 3262 2501 in
3298 2461 3393 2501 or-

1811 2542 2105 2605 ehestram,
2136 2549 2462 2610 pereuntque
2493 2558 2508 2595 :
2537 2539 2720 2595 itidem
2750 2542 2841 2611 qui
2869 2556 2963 2611 per
2985 2541 3123 2597 hanc
3145 2539 3396 2597 incedunt

1812 2635 1953 2688 viam
1980 2674 1996 2699 ,
2028 2634 2074 2688 si
2103 2633 2191 2689 vel
2228 2633 2496 2704 paululum
2542 2634 2777 2703 segniter
2801 2634 3027 2703 egerint,
3057 2634 3395 2705 praecipitan-

1817 2734 1921 2781 tur.
1956 2726 2019 2780 Et
2059 2734 2234 2780 tamen
2260 2725 2372 2780 haec
2402 2726 2485 2779 via
2516 2734 2626 2779 tum
2653 2723 2927 2794 angustior
2953 2732 3056 2789 est,
3086 2733 3207 2785 tum,
3227 2725 3395 2795 magis

1815 2814 1980 2870 ardua
2004 2857 2017 2878 ,
2049 2816 2321 2885 multoque
2349 2815 2633 2880 excelsior,
2656 2830 2814 2885 quam
2858 2814 2945 2868 illa
2976 2830 3071 2883 per
3099 2815 3310 2881 funem,
3342 2824 3399 2868 ut

1816 2923 1934 2978 qua:
1954 2924 2166 2962 sursum
2195 2906 2262 2961 ad
2294 2908 2462 2977 ipsam
2488 2922 2654 2976 usque
2679 2906 2867 2962 caelum
2897 2916 3147 2975 protensa
3172 2915 3256 2962 est
3287 2923 3299 2959 :
3333 2921 3395 2962 ac

1818 3010 1928 3055 tum
1977 3001 2130 3054 nobis
2176 3004 2377 3068 majore
2406 3015 2527 3054 cum
2559 3000 2797 3069 periculo
2839 3009 3111 3069 ponuntur
3133 2999 3354 3070 vestigia
3379 3037 3396 3065 ,

1817 3110 1938 3149 cum
1968 3094 2032 3148 ad
2057 3108 2322 3147 summum
2352 3102 2407 3146 et
2434 3092 2499 3147 ad
2532 3094 2701 3162 ipsum
2734 3108 2901 3163 usque
2928 3092 3194 3163 fastigium
3221 3107 3404 3148 acces-

1817 3186 2048 3243 serimus
2082 3202 2093 3237 :
2127 3200 2251 3239 nam
2277 3185 2329 3238 in
2359 3184 2571 3238 sublimi
2594 3192 2797 3237 stantes
2825 3184 3022 3238 multus
3042 3192 3267 3254 occupat
3295 3192 3403 3239 trc-

1818 3292 1958 3343 mor,
1986 3283 2144 3346 atque
2170 3290 2272 3329 una
2303 3281 2504 3329 tantum
2525 3274 2771 3329 cautione
2798 3274 2892 3328 tuti
2918 3282 3039 3329 sunt
3067 3289 3096 3327 a
3124 3274 3270 3344 lapsu
3290 3314 3307 3340 ,
3335 3289 3402 3329 ne

1818 3369 2069 3425 deorsum
2100 3368 2391 3438 aspiciant,
2421 3382 2555 3423 neve
2585 3367 2637 3421 in
2661 3374 2857 3422 terram
2892 3367 3177 3426 demittant
3195 3367 3400 3425 oculos.

1819 3461 1951 3517 Nam
1982 3460 2105 3516 inde
2147 3459 2308 3515 multa
2351 3469 2400 3515 ct
2448 3460 2626 3530 gravis
2648 3459 2888 3515 exoritur
2926 3445 3260 3515 tenebricosa
3286 3475 3407 3513 ver-

1822 3554 1950 3622 tigo.
1985 3551 2131 3606 llane
2150 3550 2366 3620 quidem
2391 3551 2460 3606 ob
2489 3565 2705 3605 causam
2736 3549 2993 3620 propheta
3019 3549 3172 3606 nobis
3195 3550 3407 3607 assidue

1823 3643 2112 3710 inclamat,
2140 3642 2366 3697 dicens:
2399 3640 2461 3694 In
2491 3642 2646 3710 ﬁnem
2683 3657 2746 3695 ne
2776 3657 3071 3711 corrumpas
3103 3639 3279 3711 (Psaf.
3308 3642 3401 3697 56.

1824 3734 1879 3807 l)
1913 3754 1928 3790 :
1957 3735 2149 3789 anima:
2169 3744 2368 3789 nostra:
2391 3734 2693 3788 socordiam
2719 3731 3020 3798 retrahens,
3046 3732 3266 3803 jamque
3292 3733 3404 3788 col-

1825 3828 2095 3899 lapsuram
2137 3826 2448 3881 suffulciens
2475 3840 2539 3880 ac
2568 3825 2826 3880 retinens.
2861 3824 3014 3879 Initio
3040 3824 3254 3893 quidem
3300 3840 3406 3878 non

1826 3936 2046 3993 egemus
2098 3922 2264 3976 multa
2305 3919 2696 3976 exhortatione.
2748 3916 2888 3985 Quid
2926 3917 2998 3972 ita
3044 3916 3291 3971 tandem?
3331 3916 3411 3970 Eo

1827 4012 1968 4082 quod
2015 4011 2239 4083 quilibet
2260 4010 2443 4075 homo,
2465 4009 2674 4064 etiamsi
2716 4006 2874 4063 fuerit
2913 4007 3151 4061 omnium
3184 4007 3408 4075 pigerri-

1828 4118 1967 4168 mus,
1994 4114 2342 4173 aggressurus
2385 4099 2653 4170 negotium
2679 4139 2694 4162 ,
2726 4098 3007 4168 plurimam
3054 4098 3104 4151 in
3151 4097 3412 4167 principio

1829 4194 2047 4248 adhibet
2095 4191 2425 4264 diligentiam
2452 4231 2467 4255 ,
2496 4189 2731 4258 dumque
2760 4198 2816 4243 et
2855 4188 3019 4242 animi
3047 4189 3187 4258 viget
3215 4188 3411 4242 alacri.

1831 4294 1946 4353 tas,
1969 4294 2024 4340 et
2049 4284 2192 4341 vires
2241 4284 2456 4354 integra:
2482 4290 2608 4338 sunt
2652 4296 2715 4338 ac
2739 4291 3009 4347 recentes,
3041 4281 3194 4335 facile
3236 4279 3306 4335 ad
3358 4279 3412 4334 id

1831 4378 1972 4449 quod
2020 4377 2348 4448 propositum
2376 4384 2458 4431 est
2500 4374 2796 4446 pertingit:
2827 4383 3079 4430 εωιετυιιι
3112 4373 3202 4429 ubi
3240 4374 3413 4442 major

1832 4473 1933 4527 νὶιυ
1956 4486 2077 4541 pars
2105 4470 2258 4526 nobis
2296 4478 2508 4540 peracta
2534 4477 2655 4534 est,
2695 4468 2914 4538 jamque
2953 4467 3242 4524 alacritatis
3262 4468 3413 4538 vigor

1833 4563 2112 4628 emarcuit,
2140 4565 2387 4631 viresque
2413 4568 2615 4615 nostra:
2635 4558 2981 4625 defecerunt,
3012 4573 3112 4614 nec
3154 4557 3298 4613 aliud
3322 4572 3418 4612 su-

1834 4664 2015 4723 perest
2052 4667 2210 4722 quam
2263 4660 2323 4707 ut
2374 4650 2720 4706 decidamus:
2752 4659 2879 4704 tunc
2918 4649 3074 4703 nobis
3121 4658 3421 4719 opportune

1836 4745 1988 4798 adest
2008 4744 2289 4813 propheta,
2319 4742 2482 4797 veluti
2512 4757 2607 4810 pro
2637 4740 2828 4795 baculo
2851 4740 3101 4811 quopiam
3128 4740 3417 4809 alloquium

1839 4850 1993 4889 suum
2050 4834 2204 4889 nobis
2244 4834 2521 4904 porrigens
2548 4846 2611 4887 ac
2653 4831 2869 4898 dicens,
2904 4828 2971 4885 In
3008 4830 3160 4899 finem
3199 4846 3262 4884 ne
3301 4847 3419 4885 cor-

1839 4943 2067 4996 rumpas.

1914 5017 2068 5072 Bonis
2096 5016 2330 5088 operibus
2361 5016 2630 5071 instructos
2655 5015 2817 5087 magis
2849 5014 3143 5087 aggreditur
3165 5013 3423 5070 diabolus.

1844 5111 2075 5165 ——Tunc
2102 5109 2245 5164 enim
2271 5108 2511 5164 diabolus
2530 5107 2697 5179 spirat
2723 5106 3094 5163 vehementius
3120 5125 3134 5161 :
3161 5116 3217 5163 et
3235 5122 3423 5177 quem-

1843 5203 2127 5258 admodum
2156 5203 2340 5271 pirata:
2364 5205 2455 5272 qui
2484 5200 2621 5256 male
2643 5200 2865 5271 navigiis
2896 5200 3166 5263 infestant.
3186 5216 3291 5254 non
3318 5212 3427 5254 tum

1845 5295 1935 5353 ubi
1956 5297 2329 5365 conspexerint
2355 5310 2519 5350 naves
2563 5311 2595 5350 e
2639 5305 2792 5365 portu
2821 5304 3075 5353 exeuntes
3096 5336 3128 5360 ,.
3154 5293 3429 5362 invadunt,

1850 5388 1997 5458 (quid
2020 5388 2162 5441 enim
2206 5387 2329 5441 hinc
2356 5386 2559 5442 fructus
2584 5396 2839 5457 caperent
2864 5387 2909 5442 si
2939 5386 3190 5455 scapham
3218 5386 3430 5440 inanem

1849 5479 2281 5551 demergerent?)
2315 5481 2409 5537 sed
2454 5481 2541 5537 ubi
2572 5481 2790 5537 redierit
2817 5490 3004 5536 onusta
3032 5480 3295 5551 plenaque
3321 5496 3432 5535 sar-

1848 5572 1983 5626 cinis
2007 5611 2022 5636 ,
2051 5580 2163 5625 tum
2205 5571 2406 5627 fetuum
2449 5588 2636 5629 omnes
2677 5571 2967 5642 expediunt
3008 5580 3186 5625 artes:
3212 5571 3284 5625 ita
3316 5586 3433 5627 δοθ-

1854 5661 2049 5719 leratus
2087 5661 2175 5723 ille
2231 5662 2427 5720 laemon
2468 5663 2627 5721 simul
2674 5673 2831 5733 atque
2860 5659 3004 5721 videt
3034 5661 3239 5733 aliquos
3262 5661 3431 5724 multa
