3696 6278
267 171 366 227 115

263 284 542 355 collegisse
562 326 577 350 ,
613 282 860 341 videlicet
884 283 1082 356 jejunia
1104 327 1118 351 ,
1150 297 1337 355 preces
1364 323 1382 351 ,
1408 283 1800 350 eleemosynam
1825 282 1840 340 ,

260 376 579 441 castitatem,
607 377 941 448 reliquasque
971 377 1194 433 virtutes
1219 391 1439 443 omnes,
1467 374 1555 431 ubi
1584 372 1727 428 videt
1752 384 1847 424 na-

264 467 462 537 vigium
509 476 751 524 nostrum
782 469 997 539 plenum
1031 468 1279 539 pretiosis
1308 466 1518 539 pietatis
1561 462 1845 534 lapidibus,

265 567 394 612 tunc
438 557 723 628 irrumpit,
751 559 984 629 undique
1015 558 1322 615 thesaurum
1350 555 1684 629 perfodiens,
1714 563 1771 608 ut
1798 553 1848 606 in

265 648 394 717 ipsis
431 662 615 719 portus
643 650 794 705 ostiis
817 651 1068 720 scapham
1091 651 1395 720 demergat,
1429 648 1649 719 jamque
1677 643 1850 701 nudos

266 754 365 795 nos
392 740 459 796 ad
505 756 628 796 eum
658 752 866 810 portum
895 742 1072 812 ejiciat
1104 760 1117 796 :
1146 741 1373 812 ideoque
1418 738 1678 810 propheta
1715 751 1849 792 cun-

269 840 386 886 ctos
437 832 687 887 admonet
727 833 911 887 dicens
944 851 957 887 :
990 832 1056 887 In
1097 834 1252 903 ﬁnem
1289 849 1351 887 ne
1395 844 1710 899 corrumpas.
1756 827 1853 881 Et-

267 927 411 982 enim
428 928 496 981 ab
520 926 778 997 ejusmodi
804 928 955 981 ruina
978 942 1083 982 non
1109 928 1262 982 facile
1286 934 1368 982 est
1391 938 1690 996 resurgere.
1720 920 1853 977 Nam

271 1018 373 1083 Qui
396 1018 449 1070 in
488 1018 799 1089 profundum
833 1019 1082 1072 malorum
1122 1018 1306 1073 venerit
1330 1060 1345 1083 ,
1375 1017 1642 1071 contemnit
1672 1013 1854 1085 (Prov.

272 1111 361 1166 18.
411 1111 489 1178 5).
543 1111 598 1165 In
640 1111 900 1181 principio
948 1111 1162 1181 quidem
1212 1110 1373 1181 lapsis
1418 1109 1627 1172 veniam
1665 1107 1856 1162 damus

270 1216 458 1257 omnes
488 1202 557 1257 ob
584 1203 934 1272 imperitiam;
965 1202 1057 1257 scd
1092 1218 1211 1257 eum
1248 1202 1337 1272 qui
1366 1209 1489 1272 post
1515 1200 1713 1255 multos
1737 1212 1858 1254 cur—

277 1310 368 1350 sus
396 1294 713 1361 conciderit,
743 1311 901 1351 nemo
932 1295 1084 1350 venia
1128 1294 1343 1365 dignum
1369 1291 1719 1363 judicaverit;
1747 1299 1859 1345 tum

273 1387 416 1441 enim
443 1385 638 1441 cadere
656 1428 670 1453 ,
703 1386 1036 1457 negligentia:
1066 1385 1335 1440 tribuitur.
1357 1383 1468 1439 Nec
1494 1382 1547 1437 id
1571 1382 1743 1438 solum
1772 1378 1861 1434 hic

275 1485 359 1531 est
382 1475 528 1541 mali,
562 1491 747 1530 verum
769 1476 928 1531 etiam
954 1475 1096 1546 quod
1140 1472 1442 1547 hujusmodi
1472 1475 1651 1544 lapsus
1678 1471 1861 1527 multis

273 1566 378 1622 sint
401 1566 745 1637 oll‘endiculo,
764 1579 825 1625 ut
849 1584 1034 1624 rursus
1056 1568 1159 1624 hoc
1187 1583 1400 1640 quoque
1423 1568 1640 1622 nomine
1666 1580 1859 1638 pecca-

275 1669 388 1714 tum
435 1660 689 1715 reddatur
715 1660 1103 1716 irremissibile.
1140 1660 1263 1715 llaec
1300 1674 1424 1716 cum
1450 1660 1714 1721 sciamus,
1762 1672 1860 1711 au-

276 1750 567 1811 scultemus
615 1751 888 1820 prophetae
912 1791 927 1815 ,
956 1760 1010 1806 et
1036 1750 1088 1805 in
1120 1749 1281 1805 ﬁnem
1322 1765 1391 1806 ne
1432 1763 1860 1819 corrumpamus.

276 1843 408 1899 Nam
437 1844 535 1899 hac
559 1845 625 1900 de
646 1860 805 1900 causa
837 1854 889 1901 et
916 1845 1161 1901 Ezechiel
1182 1845 1379 1900 clamat
1399 1844 1582 1900 dicens
1616 1861 1629 1898 :
1664 1843 1726 1898 Si
1752 1842 1865 1914 quis

278 1935 426 2004 fuerit
447 1936 635 2008 justus,
665 1936 847 1990 deinde
870 1936 1043 2006 lapsus
1072 1936 1382 2007 peccaverit,
1414 1934 1559 1990 nulla
1587 1934 1680 1990 erit
1698 1949 1867 1988 recor—

280 2027 419 2081 datio
458 2027 777 2097 justitiarum
819 2028 926 2091 eius
951 2070 966 2093 ,
1019 2027 1107 2081 sed
1149 2028 1202 2081 in
1245 2037 1446 2097 peccato
1495 2043 1587 2081 suo
1624 2028 1868 2080 morietur

285 2117 493 2187 (Ezecli.
544 2119 599 2173 5.
645 2118 759 2191 20).
790 2118 923 2173 Nam
967 2130 1018 2174 et
1057 2119 1145 2174 hic
1190 2119 1380 2174 metuit
1407 2118 1474 2173 de
1512 2119 1640 2173 line.
1683 2115 1867 2186 Neque

287 2210 409 2264 hinc
441 2208 637 2275 modo,
669 2224 857 2265 verum
912 2210 1074 2265 etiam
1119 2224 1185 2264 ex
1214 2209 1498 2265 contrariis
1540 2208 1774 2264 declarat
1812 2206 1866 2261 in

284 2299 385 2354 hac
420 2314 482 2355 re
508 2298 798 2369 plurimum
825 2313 946 2355 esse
972 2299 1248 2355 momenti.
1278 2298 1502 2368 Siquis,
1529 2298 1691 2368 inquit
1714 2339 1728 2363 ,
1758 2300 1871 2369 [ηε.

283 2391 350 2442 rit
391 2399 640 2460 peccator,
671 2406 733 2443 ac
773 2399 947 2462 postea
988 2398 1209 2445 mutatus
1262 2390 1428 2460 [actus
1471 2391 1620 2462 fuerit
1651 2391 1823 2460 justus
1850 2430 1865 2456 ,

284 2481 426 2536 nulla
455 2482 547 2537 erit
567 2485 807 2537 memoria
836 2484 1200 2555 injustitiarum
1218 2483 1658 2553 illius:iujustitia
1682 2499 1773 2537 sua
1790 2482 1868 2535 vi-

284 2587 360 2629 vet
381 2574 592 2647 (Ezech.
612 2576 701 2632 18.
717 2576 777 2631 21
788 2577 997 2647 ).Vides
1012 2586 1066 2632 et
1087 2577 1171 2632 hic
1187 2575 1500 2647 prophetam
1517 2578 1582 2632 de
1596 2578 1699 2633 line
1714 2576 1872 2631 vehe-

286 2678 495 2725 menter
536 2670 842 2725 sollieitum.
871 2670 1145 2740 Siquidem
1188 2680 1245 2724 ut
1290 2685 1464 2740 neque
1496 2669 1717 2740 justitiae
1760 2682 1871 2723 sum

286 2759 561 2815 confidens
584 2759 789 2829 justus,
813 2760 878 2815 ad
918 2761 1216 2816 socordiam
1246 2775 1429 2815 versus
1460 2769 1658 2830 pereat,
1686 2773 1782 2830 per
1806 2759 1870 2812 ti—

287 2869 407 2908 nem
434 2854 622 2909 incutit
650 2853 724 2907 illi
755 2862 1015 2909 terrorem
1047 2871 1060 2906 :
1096 2868 1268 2924 neque
1296 2863 1549 2925 peccator
1582 2853 1651 2908 ob
1678 2852 1872 2908 delicta

285 2944 626 3015 despondeas
667 2944 900 2999 animum
926 2986 940 3009 ,
990 2945 1188 3015 jugiter
1230 2953 1533 3015 perseveret
1583 2945 1635 2999 in
1681 2944 1830 3014 lapsu
1854 2984 1869 3011 ,

286 3037 444 3107 erigit
471 3037 620 3091 illum
664 3052 760 3106 per
790 3035 1117 3107 propositum
1149 3038 1329 3091 tinem.
1363 3036 1598 3090 Peccasti
1619 3078 1632 3100 ,
1663 3035 1867 3105 inquit,

287 3130 473 3196 multa,
503 3144 570 3183 ne
595 3128 846 3198 desperes
870 3147 883 3182 :
908 3138 990 3184 est
1017 3130 1158 3184 enim
1186 3129 1329 3185 unde
1355 3145 1620 3201 resurgas,
1641 3130 1686 3184 si
1713 3130 1873 3184 finem

287 3220 439 3274 initio
487 3220 814 3276 contrarium
869 3220 1197 3276 exhibueris.
1244 3220 1453 3276 Rursus
1500 3221 1567 3276 ad
1617 3221 1818 3290 justum
1853 3260 1868 3285 ,

288 3310 473 3376 Multa,
506 3312 714 3382 inquit,
746 3319 892 3367 recte
921 3311 1092 3367 fecisti
1117 3352 1131 3376 ,
1164 3327 1347 3367 verum
1375 3327 1442 3367 ne
1469 3312 1638 3366 ﬁdas:
1665 3314 1874 3367 contin-

287 3406 538 3473 getenim
569 3413 627 3459 ut
651 3404 840 3471 cadas,
869 3405 974 3459 nisi
1004 3405 1070 3459 ad
1108 3406 1267 3460 tinem
1299 3422 1467 3476 usque
1497 3405 1743 3462 eamdem
1780 3405 1875 3461 ad.

293 3496 478 3551 hibeas
502 3511 705 3551 curam.
738 3496 898 3552 Vides
940 3506 998 3551 ut
1037 3497 1259 3552 alterius
1287 3498 1500 3568 quidem
1528 3498 1828 3555 socordiam
1855 3538 1871 3566 ,

291 3584 509 3642 alterius
538 3601 666 3642 vero
695 3587 1123 3657 desperationem
1146 3589 1443 3644 sustulerit.

363 3679 416 3733 5.
456 3677 599 3733 Nihil
637 3680 827 3733 borum
871 3680 1074 3734 audivit
1114 3679 1287 3743 Ozias,
1319 3681 1544 3752 ideoque
1586 3697 1680 3751 per
1708 3680 1878 3735 conli-

293 3769 529 3823 dentiam
557 3769 757 3824 decidit
785 3772 935 3824 ruina
963 3771 1259 3840 periculosa
1286 3781 1338 3825 et
1360 3766 1658 3827 insanabili.
1689 3771 1874 3844 Neque

289 3861 438 3915 enim
463 3862 633 3933 quivis
660 3863 840 3932 lapsus
864 3876 1042 3933 parem
1069 3863 1240 3918 adfert
1265 3865 1492 3929 ruinam,
1512 3865 1605 3919 sed
1631 3865 1874 3935 quaedam

293 3963 510 4024 peccata
557 3953 932 4024 improbationi
966 3963 1167 4009 tantum
1197 3957 1424 4011 obnoxia
1454 3966 1595 4024 sunt,
1628 3957 1873 4028 qumdam

289 4045 605 4115 gravissimo
624 4046 885 4116 supplicio
907 4047 1213 4116 puniuntur.
1238 4047 1466 4104 Proinde
1487 4048 1682 4103 Paulus
1706 4050 1879 4104 inere-

291 4151 424 4206 paus
452 4152 546 4192 eos
573 4137 663 4207 qui
691 4139 741 4191 in
769 4138 1143 4193 communibus
1171 4139 1339 4194 caenis
1368 4154 1473 4193 nou
1500 4142 1878 4209 exspectabant

291 4228 502 4292 fratres,
524 4229 593 4282 ita
621 4229 881 4298 loquitur:
911 4230 1025 4284 Hoc
1039 4232 1342 4287 denuntians
1356 4250 1457 4285 non
1478 4233 1629 4287 laudo
1651 4234 1727 4303 (1.
1754 4233 1871 4288 Cor.

293 4320 381 4376 11.
414 4318 538 4387 17)..
556 4316 719 4372 Vides
772 4328 1048 4388 peccatum
1092 4321 1230 4376 intra
1270 4323 1742 4392 reprehensionem
1794 4324 1871 4395 (a)

292 4408 606 4473 consistere,
636 4418 690 4464 et
718 4410 1085 4480 objurgatione
1115 4411 1293 4482 plecti.
1318 4414 1387 4467 At
1413 4414 1499 4469 ubi
1529 4414 1594 4469 de
1639 4414 1871 4470 fornica-

292 4501 436 4554 tione
462 4499 712 4569 loquitur,
743 4515 848 4554 non
881 4500 1060 4556 itidem
1100 4501 1248 4557 facit.
1297 4504 1399 4559 Sed
1442 4521 1546 4575 quo
1588 4506 1771 4575 pacto?
1814 4508 1876 4563 Si

289 4592 402 4659 quis
432 4593 671 4661 templum
698 4591 795 4646 Dei
824 4594 994 4659 violat,
1025 4595 1195 4665 perdet
1219 4595 1353 4650 hunc
1386 4596 1525 4652 Deus
1554 4599 1627 4669 (l.
1655 4598 1774 4653 Cor.
1816 4601 1869 4656 ὅ.

292 4684 404 4752 17).
436 4682 547 4739 Hoc
576 4698 679 4739 non
707 4693 789 4740 est
815 4686 1065 4755 probrum
1092 4697 1183 4742 aut
1211 4688 1575 4759 reprehensio,
1598 4691 1690 4747 sed
1718 4707 1876 4762 pteua

288 4775 622 4842 gravissima.
646 4773 800 4831 Novit
825 4789 878 4833 et
909 4778 1158 4834 Salomon
1186 4791 1523 4850 peccatorum
1541 4783 1869 4851 discrimina,

292 4867 380 4935 qui
416 4867 607 4921 furtum
635 4883 755 4922 eum
783 4869 1043 4925 adulterio
1068 4872 1347 4927 conferens
1376 4874 1453 4928 sic
1478 4874 1669 4930 alicubi
1701 4874 1872 4946 loqui-

292 4966 412 5012 tur:
439 4956 562 5013 Non
583 4969 655 5013 est
680 4961 863 5013 mirum
889 4962 935 5014 si
956 4963 1065 5031 quis
1085 4963 1487 5032 deprehendatur
1514 4966 1565 5019 in
1592 4970 1729 5036 furto
1752 4982 1769 5021 :
1790 4971 1876 5037 fu-

290 5060 437 5104 ratur
465 5052 614 5117 rnim,
646 5062 702 5105 ut
726 5053 949 5106 animam
968 5056 1165 5123 expleat
1189 5058 1483 5110 esurientem
1500 5074 1519 5112 :
1539 5059 1626 5111 sed
1668 5056 1875 5110 adulter

292 5144 355 5195 ob
402 5144 628 5212 inopiam
654 5160 830 5199 sensus
854 5146 1062 5199 exitium
1087 5148 1400 5227 anitnwsua:
1424 5149 1657 5202 conciliat
1689 5148 1870 5215 (Prov.

288 5238 342 5293 6.
374 5237 591 5309 30~32).
636 5238 704 5293 Et
731 5237 833 5294 hoc
855 5247 909 5294 et
934 5240 1085 5307 illud,
1115 5241 1303 5311 inquit,
1335 5251 1609 5313 peccatum
1639 5252 1743 5307 est,
1775 5239 1871 5299 sed

353 5372 426 5435 (a)
462 5372 519 5422 In
541 5380 722 5432 Grazco.
747 5388 848 5438 μιχρι
866 5390 1127 5437 nurnine»;
1158 5377 1526 5427 observavimus
1549 5377 1596 5426 in
1622 5376 1869 5428 Athanasii

284 5438 592 5500 Onomastico
612 5449 831 5498 κατάγνωσιν
855 5450 950 5485 non
973 5439 1327 5487 damnationem
1348 5453 1544 5500 prorsus
1565 5439 1838 5500 signiﬁcare
1852 5478 1867 5497 ,

293 5493 383 5542 sed
408 5505 649 5563 quatenus
679 5493 863 5547 tantum
900 5500 1165 5563 damnare,
1206 5493 1445 5563 signiﬁcat
1479 5493 1753 5563 improbare
1788 5493 1867 5552 vel

287 5556 658 5626 reprehendere
700 5572 713 5607 :
744 5562 1071 5626 quamobrem
1110 5556 1326 5626 ιᾴτάτνιῖσιν
1360 5564 1437 5614 hic
1476 5556 1692 5615 Erasmus
1728 5574 1868 5616 recte

286 5620 458 5677 Vertit,
478 5620 909 5682 reprehensionem.

1008 171 1065 226 S.
1096 166 1372 225 JOANNIS
1408 158 1883 221 CHRYSOSTOMI
1907 155 2223 216 ABCIIIEP.
2264 147 2797 211 CONSTANTINOP.

3432 143 3540 200 116

1955 272 2179 325 alterum
2205 268 2401 333 minus,
2431 266 2657 321 alterum
2688 262 2895 335 majus:
2921 275 3120 333 pauper
3149 259 3292 316 enim
3318 273 3542 316 excusa-

1959 362 2159 417 tionem
2208 359 2370 415 habet
2414 357 2555 429 quod
2603 356 2891 427 praebuerit
2919 355 3253 411 occasionem
3283 352 3543 425 peccandi

1958 454 2198 524 penuria,
2231 451 2383 506 alteri
2426 449 2602 505 omnis
2632 449 2879 519 adempta
2908 458 2990 504 est
3015 447 3302 503 excusatio.
3336 447 3405 499 At
3430 444 3541 509 hic,

1958 545 2122 609 dices,
2148 543 2360 614 pellitur
2380 541 2602 597 naturali
2626 540 3074 611 concupiscentia.
3104 541 3291 594 Atnon
3320 538 3547 609 permit-

1960 639 2021 693 tit
2047 636 2186 695 elabi
2217 651 2353 692 uxor
2375 651 2494 706 qua:
2519 635 2591 690 illi
2612 642 2755 690 sorte
2775 632 2979 702 obtigit.
3005 632 3097 688 sed
3129 632 3289 686 instat
3312 631 3548 702 eripiens

1961 731 2035 786 illi
2067 731 2293 786 veniam.
2327 728 2408 784 Ob
2439 728 2490 783 id
2516 728 2656 783 enim
2685 727 3079 782 matrimonium
3106 735 3161 781 et
3187 725 3346 795 hujus
3374 725 3551 795 legiti-

1962 837 2081 876 mus
2102 836 2230 877 usus
2261 821 2597 890 permittitur,
2630 836 2697 876 ne
2725 819 2850 890 quid
2879 820 3068 874 horum
3099 833 3357 874 excusare
3378 817 3551 888 possit

1962 914 2207 970 maritus.
2238 912 2387 968 lianc
2411 914 2480 969 ob
2500 928 2713 968 causam
2736 913 2858 967 data
2880 921 2963 968 est
2988 912 3063 967 illi
3082 912 3273 969 mulier
3291 912 3552 983 adjutrix,

1962 1017 2019 1060 ut
2049 1005 2483 1061 effervescentem
2514 1016 2756 1059 naturam
2785 1014 3052 1072 coerceat,
3083 1014 3140 1059 ut
3167 1005 3553 1076 concupiscen-

1965 1101 2051 1155 tize
2076 1098 2267 1156 fluetus
2290 1100 2458 1156 sedet.
2487 1099 2668 1170 Itaque
2683 1098 3129 1171 quemadmodum
3155 1099 3475 1169 gubernator
3496 1098 3551 1152 in

1966 1204 2123 1266 portu
2151 1194 2352 1250 faciens
2377 1193 2704 1264 naufragium
2736 1192 3138 1263 haudquaquam
3183 1193 3341 1247 ullam
3378 1193 3551 1260 impeo

1968 1294 2133 1342 traret
2160 1286 2401 1341 veniam:
2426 1286 2505 1341 sic
2534 1300 2632 1340 nec
2657 1284 2703 1339 is
2732 1284 2820 1354 qui
2864 1298 2984 1339 cum
3030 1299 3127 1356 per
3165 1283 3467 1354 conjugium
3497 1284 3551 1337 in

1966 1388 2080 1434 tuto
2106 1379 2418 1446 collocetur,
2448 1388 2622 1433 tamen
2639 1378 2810 1432 aliena
2836 1375 3438 1447 perfoditmatrimonia,
3462 1383 3553 1429 aut

1967 1485 2357 1545 quamcumque
2382 1469 2633 1526 feminam
2662 1470 2887 1524 curiosis
2909 1468 3099 1539 aspicit
3138 1468 3323 1532 oculis,
3355 1466 3553 1523 habere

1966 1563 2254 1633 quidquam
2285 1561 2453 1633 possit
2494 1562 2849 1616 excusationis
2879 1576 2978 1616 nec
3006 1560 3146 1631 apud
3181 1560 3425 1617 homines
3454 1576 3553 1615 nec

1967 1655 2108 1725 apud
2133 1655 2320 1721 Deum,
2343 1655 2549 1710 etiamsi
2577 1654 2769 1708 millies
2798 1653 3040 1723 aliegarit
3069 1662 3272 1710 natura:
3307 1654 3552 1725 volupta~

1972 1754 2098 1799 tem.
2145 1745 2258 1799 Imo
2286 1760 2405 1815 qua:
2435 1744 2602 1814 possit
2640 1743 2751 1799 illic
2780 1758 2900 1800 esse
2927 1744 3190 1815 voluptas,
3225 1744 3310 1799 ubi
3357 1756 3551 1811 metus,

1970 1835 2059 1890 ubi
2085 1835 2348 1903 anxietas,
2381 1836 2472 1890 ubi
2502 1845 2766 1890 tantorum
2796 1835 3060 1890 malorum
3086 1837 3437 1906 exspectatio,
3462 1836 3554 1891 ubi

1974 1926 2273 1991 tribunalia,
2304 1926 2390 1981 ubi
2416 1928 2650 1985 rationes
2673 1925 2980 1997 reddenda;
3009 1927 3095 1983 ubi
3116 1928 3310 1999 judicis
3336 1930 3434 1996 ira,
3467 1930 3555 1985 ubi

1972 2018 2179 2092 gladius
2205 2028 2258 2075 ct
2287 2019 2546 2087 carnifex,
2596 2021 2683 2074 ubi
2733 2020 3061 2088 barathrum,
3115 2031 3170 2077 et
3210 2022 3459 2078 abductio
3488 2024 3555 2077 ad

1973 2110 2325 2183 Supplicium?
2350 2112 2538 2167 Omnia
2570 2123 2723 2183 pavet
2751 2113 3044 2183 metuitque
3066 2114 3299 2182 quiltalis
3314 2125 3415 2180 est,
3434 2131 3554 2168 um-

1974 2201 2119 2269 bras,
2152 2204 2401 2273 parietes,
2435 2203 2579 2274 ipsos
2608 2203 2831 2275 lapides,
2878 2212 3143 2274 tamquam
3175 2217 3357 2258 vocem
3400 2204 3559 2258 emit-

1976 2303 2181 2351 tentes:
2205 2312 2393 2353 omnes
2418 2296 2669 2353 observat
2695 2296 2958 2368 habetque
2984 2304 3282 2368 suspectos,
3307 2295 3556 2362 famulos,

1975 2389 2199 2452 vicinos,
2229 2391 2451 2457 amicos,
2497 2390 2701 2453 hostes,
2730 2405 2825 2447 eos
2861 2391 2951 2461 qui
2981 2398 3176 2445 norunt
3219 2391 3417 2455 omnia,
3463 2406 3559 2445 eos

1976 2483 2065 2552 qui
2096 2480 2227 2537 nihil
2254 2490 2469 2536 norunt.
2502 2481 2639 2550 Quin
2668 2482 2869 2551 potius,
2890 2481 2935 2538 si
2960 2481 3130 2541 voles.
3164 2482 3417 2536 tollantur
3444 2480 3560 2536 ιιωο

1976 2575 2189 2629 omnia:
2224 2589 2482 2645 ponamus
2508 2574 2640 2629 nulli
2680 2582 2873 2631 notum
2895 2587 3015 2629 esse
3053 2572 3311 2644 ﬂagitium
3342 2583 3563 2645 praeter-

1977 2682 2134 2737 quam
2162 2666 2261 2736 ipsi
2289 2666 2399 2733 uni,
2432 2674 2486 2721 et
2514 2667 2725 2722 mulieri
2774 2682 2933 2737 quam
2962 2665 3310 2721 adulteravit:
3340 2682 3564 2737 quomo-

1978 2758 2048 2814 do
2090 2758 2226 2813 feret
2261 2759 2641 2815 conscientiam
2675 2758 3101 2830 redarguentem,
3132 2758 3378 2814 acerbam
3409 2775 3565 2814 accu-

1978 2851 2228 2906 satricem
2260 2850 2403 2905 illam
2433 2851 2627 2922 ubique
2652 2866 2833 2906 secum
2861 2850 3079 2906 ferens?
3103 2850 3563 2919 Quemadmodum

1979 2943 2120 2998 enim
2144 2942 2378 3012 seipsum
2404 2956 2561 2997 nemo
2588 2951 2763 3012 potest
2789 2942 3041 3013 etfugere,
3072 2943 3141 2996 ita
3171 2957 3268 2997 nec
3295 2942 3440 2997 illam
3466 2942 3566 2997 hu-

1979 3033 2061 3105 jus
2084 3033 2363 3089 tribunalis
2389 3034 2729 3089 sententiam.
2769 3033 2882 3088 Hoc
2906 3035 3050 3089 enim
3082 3033 3307 3088 tribunal
3338 3049 3443 3088 non
3473 3049 3564 3103 pe-

1978 3127 2133 3183 cunia
2155 3128 2531 3198 corrumpitur,
2556 3142 2663 3183 non
2684 3126 3077 3182 adulationibus
3095 3128 3413 3196 acquiescit;
3438 3142 3560 3181 nam

1978 3218 2215 3273 divinum
2245 3228 2346 3283 est,
2378 3228 2433 3273 et
2455 3232 2485 3272 a
2517 3218 2627 3273 Deo
2654 3219 2848 3273 nostris
2876 3217 3091 3275 insitum
3118 3217 3406 3273 mentibus.
3429 3217 3566 3273 Vere

1980 3311 2193 3366 Adulter
2218 3329 2306 3382 per
2334 3313 2556 3381 inopiam
2582 3328 2756 3366 sensus
2800 3313 3009 3367 exitium
3045 3327 3152 3367 sua:
3189 3310 3349 3384 ipsius
3383 3311 3567 3365 animi:

1981 3405 2218 3459 conciliat
2249 3403 2429 3475 (Prov.
2462 3404 2515 3459 6.
2546 3402 2658 3473 52).
2692 3403 2929 3460 Tametsi
2959 3419 3057 3460 nec
3084 3403 3166 3458 fur
3191 3405 3352 3459 etiam
3375 3404 3568 3457 immu-

1982 3497 2066 3551 nis
2091 3507 2174 3552 est
2201 3512 2229 3549 a
2258 3496 2539 3567 supplicio,
2585 3512 2767 3551 verum
2812 3497 2905 3552 dat
2946 3496 3159 3568 quidem
3192 3511 3425 3566 poenam,
3470 3496 3567 3552 sed

1980 3588 2265 3644 minorem.
2292 3587 2401 3644 Nec
2426 3589 2569 3644 enim
2598 3588 3026 3658 comparationes
3050 3591 3102 3645 in
3125 3589 3392 3644 diversum
3422 3590 3569 3645 (πάϊς

1980 3694 2104 3736 nem
2126 3679 2414 3735 extrudunt
2440 3695 2499 3736 ea
2523 3695 2641 3751 qua:
2665 3690 3059 3751 comparantur,
3083 3682 3175 3737 sed
3201 3684 3569 3752 permittentes

1981 3787 2080 3827 suo
2108 3788 2331 3842 qumque
2356 3787 2573 3827 manere
2596 3772 2735 3838 loco,
2765 3772 3167 3828 diminutionem
3190 3773 3447 3829 induCunt
3474 3783 3569 3830 aut

1982 3867 2435 3936 exsuperantiam.
2466 3864 2719 3921 Fortasse
2746 3881 2851 3921 non
2878 3866 3172 3937 intelligitis
3199 3866 3337 3937 quod
3363 3867 3564 3923 dictum

1982 3968 2096 4013 est:
2124 3959 2300 4027 itaque
2333 3972 2553 4012 necesse
2578 3965 2662 4012 est
2690 3957 2828 4013 idem
2858 3959 3189 4028 explanatius
3216 3959 3411 4014 dicere.
3456 3960 3568 4014 Bo-

1983 4067 2108 4106 num
2141 4059 2223 4106 est
2266 4049 2590 4121 conjugium,
2630 4050 2723 4106 sed
2773 4050 2965 4106 melior
3004 4060 3085 4106 est
3132 4052 3437 4122 virginitas:
3463 4067 3569 4109 nec

1984 4143 2232 4213 quoniam
2261 4142 2453 4198 melior
2477 4152 2559 4197 est
2584 4142 2876 4214 virginitas,
2910 4142 3029 4198 ideo
3055 4144 3250 4198 malum
3275 4153 3357 4200 est
3379 4145 3572 4216 conju~

1980 4238 2145 4308 gium,
2183 4235 2277 4292 sed
2323 4235 2449 4291 illud
2497 4235 2712 4306 quidem
2763 4235 3003 4304 inferius,
3048 4236 3245 4307 alioqui
3274 4237 3469 4292 bonum
3515 4246 3571 4295 et

1982 4330 2177 4400 ipsum.
2209 4329 2467 4385 Similiter
2492 4340 2547 4385 et
2572 4330 2687 4385 hic:
2721 4331 2918 4384 malum
2948 4338 3029 4384 est
3054 4329 3269 4394 furtum,
3301 4330 3393 4384 sed
3416 4330 3573 4384 adul-

1983 4422 2119 4475 terio
2158 4421 2353 4489 minus,
2385 4436 2703 4492 quamquam
2734 4428 2787 4475 et
2829 4421 3001 4490 ipsum
3044 4430 3127 4475 est
3154 4421 3371 4475 malum.
3410 4421 3571 4478 Vides

1982 4522 2317 4580 peccatorum
2347 4510 2708 4568 differentias?
2734 4511 3143 4567 Cousideremus
3191 4511 3365 4582 itaque
3411 4517 3573 4582 quale

1983 4611 2256 4673 peccatum
2285 4603 2370 4658 hic
2400 4604 2717 4673 peccaverit.
2740 4601 2950 4657 Elatum
2977 4613 3068 4667 est,
3096 4603 3283 4672 inquit,
3321 4619 3407 4655 cor
3430 4602 3573 4657 illius

1981 4693 2059 4766 (2.
2096 4692 2277 4746 Paral.
2305 4692 2395 4749 26.
2423 4693 2535 4762 16).
2568 4693 2927 4748 Periculosum
2951 4693 3178 4749 vulnus:
3207 4702 3289 4748 est
3312 4693 3455 4747 enim
3487 4710 3578 4748 ar-

1983 4785 2239 4855 rogantia,
2267 4785 2567 4855 arrogantia
2590 4785 2826 4854 inqtram,
2860 4785 3123 4839 maiorum
3161 4785 3399 4839 omnium
3428 4784 3573 4841 fons.

1983 4879 2049 4934 Et
2078 4887 2136 4933 ut
2164 4878 2480 4947 compendio
2524 4877 2700 4933 discas
2743 4878 2914 4933 morbi
2944 4877 3220 4943 malitiam,
3251 4876 3381 4931 illud
3420 4876 3573 4931 audi.

1940 5039 1951 5045 ε
1978 4970 2185 5025 Cmtera
2208 4968 2421 5039 quidem
2440 4978 2657 5039 peccata
2684 4970 2824 5023 circa
2847 4977 3084 5023 nostram
3107 4978 3390 5023 versantur
3416 4978 3580 5023 natu-

1980 5078 2115 5126 ram,
2148 5071 2204 5117 at
2228 5062 2472 5132 superbia
2498 5062 2748 5117 virtutem
2788 5061 3153 5131 incorpoream
3176 5075 3206 5115 e
3231 5058 3445 5115 sublimi
3477 5060 3579 5114 de-

1980 5154 2140 5211 traxit
2169 5168 2233 5208 ae
2259 5153 2484 5225 dejecit:
2516 5169 2636 5206 nam
2677 5152 2967 5220 diabolum,
3008 5167 3129 5207 cum
3174 5152 3417 5207 diabolus
3464 5168 3574 5206 non

1982 5258 2145 5317 esset,
2173 5248 2442 5304 diabolum
2469 5247 2644 5303 effecit
2663 5248 2984 5318 arrogantia.
3016 5245 3168 5313 Quod
3194 5246 3239 5301 si
3266 5252 3458 5301 testem
3478 5246 3580 5299 ad-

1981 5343 2171 5397 ducam
2190 5339 2383 5397 Isaiam
2416 5342 2487 5397 ita
2513 5339 2581 5397 de
2605 5341 2695 5395 illo
2732 5340 3055 5410 loquentem,
3085 5338 3151 5393 In
3179 5340 3361 5393 cretum
3385 5355 3573 5394 ascen-

1981 5434 2118 5500 dam,
2152 5441 2201 5487 et
2238 5449 2323 5487 ero
2348 5432 2529 5488 similis
2558 5432 2816 5485 Altissimo
2855 5429 3008 5502 (Isai.
3054 5430 3143 5485 16.
3187 5430 3307 5499 ll):
3337 5429 3428 5498 qui
3462 5445 3573 5483 non

1981 5526 2207 5582 libenter
2233 5524 2497 5593 recipiunt
2519 5522 2816 5594 allegorias,
2843 5520 3195 5594 repudiabant
3225 5529 3469 5575 nostrum
3493 5531 3574 5574 te—

1986 5616 2322 5674 alimonium:
2351 5614 2433 5672 sin
2462 5630 2586 5671 vero
2626 5612 2847 5671 Paulum
2879 5612 2953 5669 illi
2978 5611 3374 5672 adhibui-rimus
3411 5626 3575 5668 accu-
