3738 6274
131 271 210 325 us
932 248 939 251 “
1090 267 1156 323 IN
1190 267 1424 336 lLLUD,
1463 267 1599 325 VIDI
1639 266 1979 334 nummum,
2015 265 2248 324 HOMIL.
2289 265 2377 324 ιη.

124 384 344 457 γυμνοὺς
395 384 783 457 παραπέμψαι
819 384 955 455 πρὸς
1005 383 1213 437 ἐκεῖνον
1246 383 1341 436 τὸν
1376 383 1568 453 λιμένα
1601 383 1710 436 λοι-

3286 276 3390 332 Hb

1816 382 1969 450 φησὶ,
1992 382 2092 452 τὴν
2114 381 2222 435 ἀπὸ
2256 382 2359 452 τῆς
2384 382 2618 452 φυσικῆς
2647 383 2939 456 ἐπιθυμίας
2966 385 3229 458 ἀνάγκην.
3248 388 3390 444 Ἀλλ’

122 473 217 525 τόν.
243 468 347 521 Διά
371 469 543 521 τοῦτο
568 470 597 522 6
622 470 912 539 προφήτης
939 468 1198 537 παραινεῖ
1225 467 1361 520 πᾶσι
1387 465 1578 536 λέγων,
1606 470 1711 533 Εἷς
1815 474 1915 527 οὐκ
1958 473 2183 543 ἀφίησιν
2225 474 2260 542 ἡ
2292 473 2629 545 κληρωθεῖσα
2665 472 2813 547 [HG]
2865 477 3029 531 αὐτοῦ
3068 479 3237 549 γυνὴ,
3273 479 3392 535 ἀλλ’

121 557 168 607 τὸ
197 553 376 617 τέλος
407 551 499 619 μὴ
528 551 897 620 διαφθείρῃς.
926 550 1034 604 Καὶ
1063 550 1172 622 γάρ
1208 550 1346 620 μετά
1388 549 1488 621 τὴν
1519 549 1699 603 τοιαύ-

120 655 198 707 την
226 636 443 687 πτῶσιν
467 634 876 704 δυσανάκλητος
907 633 1067 686 πάλιν
1093 634 1127 703 ἡ
1162 633 1475 697 ἀνάστασις.
1514 633 1567 686 Ὀ
1591 632 1700 703 γάρ

118 721 288 776 ww
317 722 413 785 εἰς
441 718 683 784 ⁸,Βάθος
711 717 932 779 κακῶν,
952 715 1325 785 καταφρονεῖ.
1355 718 1465 771 Καὶ
1492 717 1569 789 τῷ
1602 718 1700 788 μὲν

118 807 164 856 ἑν
202 804 346 872 ἀρχῇ
404 801 631 853 πεσόντι
678 800 1119 870 συγγινώσκομεν
1174 799 1413 863 ἅπαντες
1464 800 1551 854 διὰ
1602 803 1699 869 τὴν

120 887 386 955 ἀπειρίαν·
435 886 529 937 τὸν
559 885 615 937 δέ
651 885 791 954 μετά
822 884 1045 946 πολλοὺς
1097 882 1249 955 [115]
1297 886 1420 947 τοὺς
1466 883 1701 956 δρόμους

117 967 573 1022 ὖτοσκελισθέντα
627 967 727 1020 οὐκ
775 967 841 1021 άν
879 983 961 1028 τις
1015 965 1215 1036 ῥαδίως
1266 966 1517 1033 ἀξιώσειε
1565 984 1699 1035 συγ⁴

115 1053 323 1123 γνώμης
353 1053 388 1122 ἢ
430 1050 761 1119 ἀπολογίας·
802 1049 1072 1122 ῥᾳθυμίας
1103 1052 1209 1119 γὰρ
1242 1051 1361 1103 τότε
1394 1050 1453 1104 :6
1500 1050 1701 1122 πτῶμα

116 1133 233 1189 εἶναι
269 1136 448 1187 δοκεῖ.
496 1134 607 1186 Καὶ
638 1134 698 1186 66
724 1133 883 1186 τοῦτο
927 1133 1086 1202 μόνον
1115 1134 1231 1186 ἐστὶ
1263 1133 1322 1187 :6
1363 1134 1555 1197 δεινὸν,
1582 1134 1698 1189 ἀλλ’

114 1222 181 1272 ἔτι
202 1219 298 1272 καὶ
329 1217 524 1269 πολλοὶ
563 1218 612 1269 οἰ
649 1213 1121 1286 σκανδαλιζόμενοι
1155 1218 1269 1279 τοῖς
1307 1216 1419 1271 τῶν
1443 1216 1700 1272 τοιούτων

116 1302 397 1372 ττώμασίν
431 1303 592 1365 εἰσιν,
625 1298 766 1352 ὥστε
796 1299 890 1352 καὶ
916 1297 1087 1370 ταύτῃ
1119 1299 1280 1353 πάλιν
1315 1298 1699 1369 ἀσύγγνωστον

114 1388 161 1440 :6
200 1386 519 1457 ἁμάρτημα
569 1384 797 1452 γίνεται.
831 1381 993 1435 Ταῦτ’
1020 1380 1114 1436 οῦν
1148 1383 1371 1446 εἰδότες,
1406 1383 1697 1455 ἀκούωμεν

114 1469 191 1523 τοῦ
234 1472 560 1539 Προφὴτου,
591 1467 685 1520 καὶ
725 1467 809 1523 εἰς
848 1465 907 1519 τὸ
951 1464 1104 1529 τέλος
1148 1465 1223 1536 μὴ
1277 1465 1696 1537 διαφθείρωμεν.

113 1552 198 1605 Διά
228 1553 343 1622 γάρ
372 1550 541 1603 τοῦτο
568 1550 665 1602 καὶ
687 1550 716 1603 6
749 1547 1008 1619 Ὶεζεκιὴλ
1041 1548 1169 1601 ἐϐόα
1197 1548 1397 1618 λέγων’
1443 1549 1579 1602 Ἐὰν
1607 1548 1700 1619 γέ-

112 1637 276 1703 νηταί
321 1652 419 1700 τις
456 1633 711 1699 δίκαιος,
755 1627 882 1685 εἶτα
919 1632 1277 1700 μεταπεσὼν
1321 1630 1583 1701 ἁμάρτῃ,
1627 1635 1699 1687 οὐ

106 1721 179 1789 μὴ
219 1717 593 1788 μνησθῶσιν
625 1714 787 1779 αὐτῷ
820 1718 878 1770 αἰ
902 1715 1277 1769 δικαιοσύναι
1309 1716 1519 1780 αὑτοῦ,
1560 1717 1698 1772 ἀλλ’

109 1806 168 1855 ἐν
202 1802 279 1869 τῇ
330 1800 597 1869 ἁμαρτίᾳ
634 1799 822 1857 αὑτοῦ
864 1798 1265 1855 ἀποθανεῖται.
1313 1801 1423 1854 Καὶ
1468 1799 1575 1871 γὰρ
1606 1802 1700 1854 καὶ
1732 1854 1737 1857 ,

110 1882 250 1948 66:6;
282 1885 531 1937 δέδοικεν
580 1883 720 1953 ὑπὲρ
762 1879 855 1935 τοῦ
888 1880 1094 1945 τέλους.
1139 1883 1249 1936 Καὶ
1302 1883 1401 1935 οὐκ
1453 1881 1699 1936 ἐντεῦθεν

112 1971 283 2040 μόνον,
316 1966 460 2020 ἀλλά
501 1965 595 2019 καὶ
628 1965 718 2019 διὰ
750 1966 858 2018 τῶν
909 1964 1169 2019 ἐναντίων
1217 1965 1453 2019 δείκνυσι
1500 1966 1699 2038 πολλὴν

110 2055 196 2106 τοῦ
238 2052 576 2122 πράγματος
608 2049 706 2122 τὴν
756 2050 910 2119 ἰσχὺν
940 2044 1127 2102 οὖσαν.
1164 2049 1266 2103 Ἂν
1310 2050 1418 2117 γὰρ
1458 2048 1699 2119 γένηταί

111 2155 195 2203 τις
242 2131 636 2205 ἁμαρτωλός,
677 2132 864 2202 φησὶν,
909 2127 1035 2185 εἶτα
1077 2132 1562 2201 μεταεαλόμενος
1602 2133 1699 2203 γέ-

110 2237 275 2286 νηται
344 2218 610 2282 δίκαιος,
671 2217 745 2269 οὐ
783 2214 870 2285 μὴ
911 2214 1271 2283 μνησθῶσιν
1318 2219 1378 2269 αἱ
1426 2217 1698 2287 ἁμαρτίαι

110 2301 288 2356 αὑτοῦ
313 2299 343 2339 δ
362 2318 377 2333 '
420 2300 494 2353 ἐν
521 2297 598 2367 τῇ
630 2297 987 2367 δικαιοσύνῃ
1027 2299 1214 2352 αὑτοῦ
1242 2296 1498 2365 (vicerat.
1538 2300 1699 2371 Ὁρᾷς

111 2388 197 2439 καὶ
235 2384 477 2439 ἐνταῦθα
529 2382 729 2454 πολλὴν
772 2382 867 2435 τοῦ
916 2381 1103 2445 τέλους
1160 2382 1323 2437 αὐτὸν
1375 2384 1699 2455 ποιούμενον

110 2469 379 2539 πρόνοιαν.
408 2468 529 2520 Ἵνα
558 2464 668 2537 γάρ
699 2465 837 2537 μήτε
865 2466 893 2519 6
929 2465 1137 2528 δίκαιος
1163 2468 1228 2537 τῇ
1258 2466 1575 2541 δικαιοσύνῃ
1603 2469 1700 2522 66-

110 2552 197 2605 τοῦ
226 2552 475 2623 θαρρῶν,
502 2552 588 2612 εἰς
629 2548 902 2621 ρᾳθυμίαν
946 2550 1241 2613 ἀποκλίνας
1281 2551 1568 2623 ἀπόληται,
1601 2570 1699 2622 φο-

113 2634 191 2688 ϐεῖ
233 2635 324 2687 δια
369 2633 470 2687 τοῦ
502 2633 691 2696 τέλους
738 2632 901 2687 αὐτόν
923 2649 937 2664 ο
987 2635 1123 2705 μήτε
1157 2636 1185 2687 6
1216 2635 1536 2706 ἁμαρτωλὸς
1565 2637 1700 2690 ἀπο-

112 2721 260 2788 γνοὺς
289 2719 388 2772 ἐπὶ
430 2719 545 2780 τοῖς
574 2716 1012 2789 παραπτώμασι,
1052 2719 1186 2790 μένῃ
1216 2719 1507 2784 διαπαντὸς
1535 2723 1592 2774 ἐν
1621 2722 1700 2793 τῷ

112 2803 379 2874 ⁸πτώματι,
430 2802 687 2871 ἀνίστησι
723 2801 813 2856 διὰ
851 2802 944 2856 τοῦ
982 2802 1169 2867 τέλους
1210 2804 1391 2857 αὐτόν.
1417 2805 1700 2876 ’Ἦμαρτες

113 2889 303 2951 πολλὰ,
347 2887 537 2958 φησὶν,
579 2886 715 2940 ἀλλά
755 2885 833 2957 μὴ
877 2887 1215 2958 ἀπελπίσῃς·
1250 2888 1363 2940 ἔστι
1396 2887 1503 2959 γὰρ
1536 2889 1701 2941 ἐπάν-

112 2975 238 3037 οδος,
264 2976 364 3027 ἐὰν
395 2970 640 3023 ἐναντίον
666 2980 688 3008 α
713 2970 816 3039 τῆς
847 2971 1019 3041 ἀρχῆς
1048 2971 1225 3042 δείξῃς
1250 2971 1309 3024 :6
1337 2972 1505 3035 τέλος.
1532 2973 1700 3026 Πάλιν

114 3057 238 3127 πρδς
280 3054 377 3107 τὸν
410 3054 641 3116 δίκαιον,
670 3050 1051 3121 Κατώρθωσας
1091 3053 1280 3114 πολλὰ,
1331 3055 1514 3124 φησὶν,
1564 3054 1700 3108 ἀ).λά

117 3144 182 3211 μὴ
208 3141 500 3212 θαρσήσῃς
520 3154 535 3166 ·
569 3136 856 3207 συμϐαίνει
885 3137 992 3207 γάρ
1024 3138 1117 3190 καὶ
1145 3141 1353 3199 πεσεῖν,
1384 3138 1451 3191 ἂν
1492 3138 1566 3209 μὴ
1608 3139 1698 3193 διά

114 3226 250 3286 in;
279 3224 381 3292 τὴν
417 3222 544 3287 ῖσην
570 3220 699 3291 ἔχῃς
731 3220 986 3291 σπουδήν.
1013 3218 1166 3285 Εἶδες
1198 3222 1315 3285 πῶς
1345 3222 1439 3275 τοῦ
1470 3224 1570 3293 μὲν
1600 3223 1698 3295 τὴν

116 3306 406 3378 ρᾳθυμίαν,
450 3303 543 3357 τοῦ
576 3303 634 3357 δὲ
672 3303 770 3374 τὴν
798 3304 1111 3373 ἀπόγνωσιν
1136 3306 1380 3371 ἀνεῖλεν;

174 3398 243 3460 γ’.
263 3387 716 3452 Οὐδενὸςτούτων
729 3387 961 3458 ἡκουσεν
986 3388 1183 3452 Ὀζίας
1203 3389 1284 3442 διὸ
1312 3388 1405 3443 καὶ
1422 3388 1700 3461 θαρσήσας

116 3473 374 3527 κατέπεσε
407 3470 614 3541 πτῶμα
638 3469 871 3539 χαλεπὸν
901 3470 993 3523 καὶ
1021 3471 1257 3526 ἀνίατον.
1288 3471 1422 3523 Οὐδὲ
1450 3471 1559 3543 γάρ
1589 3475 1698 3526 πᾶν

117 3556 305 3626 πτῶμα
340 3556 461 3607 ἴσον
499 3556 632 3624 ἡμῖν
673 3552 971 3625 ἐργάζεται
1017 3553 1078 3607 τὸ
1121 3552 1361 3624 τραῦμα,
1410 3554 1547 3608 ἀλλά
1593 3556 1700 3608 τῶν

118 3641 392 3713 ἁμαρτιῶν
417 3637 489 3691 :6
524 3640 623 3708 μὲν
650 3639 755 3691 ὑπὸ
786 3638 1129 3707 κατάγνωσιν
1180 3641 1354 3691 κεῖται
1404 3639 1586 3709 μόνον,
1632 3640 1701 3693 :6

116 3728 162 3779 δὲ
204 3723 610 3796 χαλεπωτάτην
650 3721 865 3792 δέχεται
913 3722 1203 3792 τιμωρίαν.
1253 3722 1376 3784 Τοῖς
1423 3719 1557 3790 γοῦν
1599 3724 1700 3776 οὐκ

117 3811 437 3880 ἀναμένουσι
466 3807 594 3869 τοὺς
636 3804 899 3874 ἀδελφοὺς
928 3807 985 3859 ἐν
1026 3807 1139 3869 τοῖς
1172 3807 1371 3868 κοινοῖς
1403 3805 1638 3870 δείπνοις
1669 3808 1699 3859 6

118 3894 320 3955 Παῦλος
366 3888 664 3960 ἐπιτιμῶν,
706 3887 881 3952 οῦτως
926 3888 1110 3959 ἔλεγεν
1146 3889 1323 3944 Τοῦτο
1367 3888 1435 3942 δὲ
1476 3905 1699 3959 παραγ-

117 3979 346 4046 rium
403 3976 517 4029 οὐκ
564 3971 809 4027 ἐπαινῶ.
869 3973 1030 4044 Ὀρᾷς
1082 3972 1243 4043 μέχρι
1299 3972 1698 4041 καταγνώσεως

118 4061 405 4129 ἱστάμενον
425 4056 489 4109 :6
515 4056 733 4127 ἀμάρτη
744 4073 840 4126 μα,
865 4056 960 4109 καὶ
988 4054 1155 4124 ψόγον
1176 4055 1297 4127 ἔχον
1317 4055 1381 4109 τὸ
1403 4055 1696 4127 ἐπιτίμιον.

127 4143 261 4195 Ἀλλ’
281 4141 386 4211 οὐχ
406 4141 537 4193 ὅταν
565 4139 694 4209 περὶ
722 4140 977 4209 πορνείας
1005 4139 1343 4209 διαλέγηται,
1362 4138 1505 4192 οῦτω
1534 4142 1699 4194 ποιεῖ.

124 4222 285 4277 Ἀλλά
338 4222 492 4286 πῶς;
535 4222 611 4276 El
640 4238 731 4287 τις
783 4222 889 4275 τὸν
927 4221 1077 4276 ναὸν
1107 4222 1213 4276 τοῦ
1261 4222 1410 4276 Θεοῦ
1461 4223 1699 4292 φθερεῖ,

112 4306 321 4377 φθερεῖ
352 4305 574 4359 τοῦτον
605 4307 638 4358 ό
673 4305 834 4370 Θεός.
878 4302 1137 4358 Ἐνταῦθα
1180 4304 1288 4376 γάρ
1315 4305 1413 4357 οὐκ
1453 4304 1568 4359 ἐστι
1601 4304 1702 4376 ψό-

114 4410 222 4459 γος,
254 4390 383 4443 οὐδὲ
422 4388 795 4455 κατάγνωσις,
841 4386 955 4440 ἀλλ’
986 4387 1019 4459 ἡ
1053 4387 1412 4457 χαλεπωτάτη
1441 4388 1699 4459 τιμωρία.

116 4471 233 4530 Οἵδε
271 4474 371 4527 καὶ
414 4474 444 4526 ὁ
486 4470 740 4541 Σολομῶν
798 4470 1209 4540 ἁμαρτημάτων
1264 4470 1524 4541 διαφοράς
1548 4488 1561 4501 ⁸
1602 4472 1702 4544 τὴν

114 4557 240 4625 γοῦν
274 4555 486 4627 κλοπὴν
514 4556 580 4626 τῇ
613 4552 830 4624 μοιχεία
861 4552 1184 4622 συγκρίνων,
1220 4553 1417 4607 οὑτωσί
1452 4554 1571 4619 πώς
1599 4573 1703 4626 φη-

117 4658 226 4694 σιν·
258 4640 349 4693 Οὐ
378 4635 750 4707 θαυμαστὸν,
785 4635 894 4689 ἐὰν
932 4633 1059 4700 ἁλῷ
1105 4652 1194 4702 τις
1228 4634 1528 4692 κλέπτων·
1564 4638 1703 4693 κλέ-

117 4741 241 4778 πτει
280 4723 418 4793 γὰρ,
457 4722 559 4774 Ira
587 4719 874 4789 ἐμπλήσῃ
904 4717 1115 4787 ψυχὴν
1142 4718 1327 4773 αὐτοῦ
1362 4719 1665 4776 πεινῶσαν
1685 4740 1698 4753 ·

117 4811 147 4860 ό
170 4806 239 4859 δὲ
259 4804 484 4877 μοιχὸς
512 4803 587 4857 δι’
612 4802 854 4856 ἔνδειαν
882 4800 1115 4871 φρενῶν
1141 4801 1443 4857 ἀπώλειαν
1470 4803 1545 4871 τῇ
1568 4805 1704 4858 ἐαυ-

118 4890 220 4943 τοῦ
263 4886 445 4958 ψυχῇ
483 4884 890 4955 περιποιεῖται.
928 4884 1257 4956 ’Δμάρτημα
1288 4886 1383 4939 καὶ
1420 4886 1580 4940 τοῦτο
1607 4888 1705 4939 x6-

118 4975 281 5033 κεῖνο,
318 4972 507 5042 φησιν,
548 4969 686 5023 ἀλλά
720 4968 782 5022 :6
829 4969 927 5037 μὲν
966 4968 1207 5032 ἔλαττον,
1248 4968 1311 5022 τὸ
1336 4969 1393 5021 δὲ
1429 4970 1645 5040 μεῖζον·
1676 4972 1705 5024 6

120 5058 214 5126 μὲν
244 5056 361 5126 γάρ
393 5054 511 5125 ἔχει
538 5051 567 5091 ά
598 5051 698 5123 τὴν
731 5052 841 5105 ἀπὸ
867 5051 964 5122 τῆς
998 5051 1189 5115 πενίας
1225 5051 1517 5122 πρόφασιν,
1551 5046 1706 5116 οὗτος

118 5140 172 5193 δέ
199 5140 388 5210 πάσης
411 5133 712 5205 ἀπολογίας
736 5134 1045 5206 ἐστέρηται.
1080 5134 1242 5189 Ἀλλά
1266 5135 1360 5190 καὶ
1386 5129 1540 5200 66:6;
1569 5137 1703 5210 ἔχει,

176 5328 203 5356 ⁸
229 5327 594 5391 οααίᾳοτᾲωεε.
620 5323 845 5391 εἰσελθὼν
858 5323 946 5391 _:_I;.
974 5320 1028 5370 In
1050 5319 1366 5391 iisderpjnfra
1388 5323 1494 5391 1336
1516 5326 1705 5391 ῥᾳδίως,

121 5394 169 5436 et
191 5384 300 5437 m6:
318 5387 623 5447 ἢᾶπολογίας
645 5384 961 5450 ἀεξιιιιίΉοο
987 5396 1133 5450 ροιτο
1154 5384 1380 5450 ultimum
1398 5388 1429 5444 ἢ
1454 5384 1709 5450 ἀπολογίας

122 5463 209 5497 ma
242 5452 371 5512 legit
410 5450 662 5499 Erasmus.
710 5447 866 5496 Paulo
904 5456 1018 5496 ante
1040 5447 1195 5496 codex
1218 5459 1296 5508 ap.
1328 5449 1477 5499 Savil.
1504 5447 1711 5498 δυσανά-

210 5530 269 5561 πτ

232 5575 336 5623 ΔΙἰί
362 5570 532 5630 αὐτοῦ,
554 5570 657 5618 ἀλλ’
682 5570 731 5618 ἐν
750 5574 829 5631 τῇ.

173 5639 195 5665 ε
233 5635 380 5683 llum
415 5633 725 5697 ωεεηέὰνῄμὴ
747 5630 974 5697 ἐναντίον,
1001 5631 1149 5681 male.
1176 5631 1468 5697 Paulpqugzt
1505 5636 1708 5697 συμϐαίη

117 5714 179 5743 νει
196 5700 286 5759 γὰρ
307 5697 399 5759 καί
416 5694 866 5759 πεσεῖνηΕιιαειῃυε
876 5695 960 5754 qui
984 5700 1219 5759 ver_teral_,
1238 5693 1547 5759 ειιὸὶιιάὶςωιδ
1571 5693 1707 5747 illum

118 5754 362 5822 (σικύην,
388 5756 597 5822 Ιρβειιιιε
607 5754 736 5803 haud
753 5754 1261 5822 ᾀυίξὶθ-σημσίίνειγάρ,
1275 5756 1419 5822 make.
1436 5756 1586 5809 Paulo
1601 5768 1707 5822 post

118 5772 362 5816 (antrum,
390 5772 588 5815 legerat
609 5772 736 5803 naua
753 5772 903 5803 uume
926 5772 987 5812 ση
1062 5772 1419 5818 ινειγαρηιιαιε.
1437 5772 1478 5805 ι’.

118 5819 252 5881 muni
274 5831 394 5866 ωας.
434 5818 512 5865 διὰ
532 5818 695 5881 τέλους
714 5817 816 5881 τήν.
836 5815 966 5881 ,ἰαίνει
1112 5818 1478 5881 ἁμαρτημάτων.

178 5880 205 5919 ἀ
222 5884 452 5941 Quatuor
473 5892 590 5928 mss.
614 5879 705 5941 γὰρ
726 5878 857 5927 δοκεῖ
883 5878 1021 5940 ἔχειν.

1812 555 2112 625 ἐφέστηκεν
2142 556 2516 627 ἀποστεροῦσα
2561 556 2663 626 τῆς
2704 557 3029 629 συγγνώμης
3074 561 3255 616 αὑτόν.
3291 563 3391 617 Διά

1809 639 1919 709 γὰρ
1952 638 2111 691 τοῦτο
2139 639 2314 709 γάμος
2342 641 2436 693 καὶ
2462 640 2757 705 ἀπόλαυσις
2793 640 3070 713 ἔνδεσμος,
3102 645 3189 698 ἵνα
3224 646 3392 716 μηδὲν

1809 721 1906 792 ἐχῃ
1952 721 2157 776 τούτων
2202 722 2379 788 λέγειν
2425 725 2453 776 6
2497 724 2657 794 ἀνήρ.
2690 723 2788 776 Διά
2829 724 2984 777 τοῦτο
3010 725 3159 796 αὑτῷ
3199 726 3389 798 βοηθὸς

1810 805 1966 877 ἐδόθη
1998 807 2032 875 ἡ
2059 805 2216 877 γυνὴ,
2243 806 2331 859 ἵνα
2363 806 2692 877 μαινομένην
2721 808 3055 880 καταστέλλῃ
3080 810 3180 880 τὴν
3204 810 3389 879 φύσιν,

1810 888 1896 941 ῖνα
1927 890 2154 960 στορέσῃ
2198 889 2296 959 τῆς
2328 890 2620 960 ἐπιθυμίας
2661 891 2731 944 τά
2769 892 3009 961 κύματα.
3036 893 3248 964 Ὥσπερ
3294 891 3390 949 οὖν

1809 971 2148 1043 κυϐερνήτης
2178 973 2235 1024 ἐν
2269 971 2449 1041 λιμένι
2487 972 2744 1041 ναυάγιον
2777 974 3140 1044 ἐργαζόμενος
3178 976 3276 1029 οὑκ
3321 977 3394 1030 ἀν

1808 1055 1958 1124 τύχοι
2001 1053 2328 1125 συγγνώμης
2358 1056 2500 1116 τινός
2520 1071 2535 1085 ·
2576 1055 2717 1107 οὕτω
2747 1057 2841 1108 καὶ
2878 1055 2906 1105 ὁ
2935 1056 3219 1127 ἄνθρωπος
3251 1058 3392 1128 μετά

1806 1136 1905 1207 τὴν
1939 1136 2236 1205 ἀσφάλειαν
2270 1137 2369 1207 τὴν
2410 1136 2518 1191 ἀπὸ
2549 1136 2641 1190 τοῦ
2675 1137 2852 1206 γάμου
2894 1140 3020 1202 τοὺς
3061 1139 3246 1211 ἐτέρου
3276 1141 3390 1194 διο-

1810 1219 2016 1291 ρύττων
2068 1221 2308 1289 γάμους,
2356 1221 2389 1289 ἢ
2448 1223 2677 1288 γυναῖκα
2739 1221 3025 1291 ἡντιναοῦν
3077 1223 3389 1292 περιέργως

1807 1302 1969 1373 ὁρῶν,
1998 1304 2100 1357 οὐκ
2127 1302 2192 1356 ἀν
2220 1302 2371 1373 τύχοι
2400 1302 2542 1366 τινὸς
2572 1302 2884 1371 ἀπολογίας,
2907 1305 2969 1357 66
3000 1305 3149 1375 παρά
3180 1305 3389 1377 ἀνθρώ-

1809 1401 1951 1451 ποις,
1985 1386 2046 1438 66
2078 1385 2228 1456 παρά
2261 1385 2399 1454 Θεῷ,
2431 1386 2535 1438 κᾶν
2576 1385 2835 1455 μυριάκις
2869 1386 3004 1457 λέγῃ
3033 1387 3129 1457 τὴν
3157 1388 3254 1458 τῆς
3288 1388 3391 1457 φύ-

1810 1484 1946 1532 σεως
1977 1470 2188 1540 ἡδονήν.
2227 1468 2441 1522 Μᾶλλον
2479 1468 2533 1522 δὲ
2569 1469 2697 1522 ποία
2727 1469 2925 1537 γένοιτ’
2954 1469 3020 1522 ἂν
3048 1470 3228 1540 ἡδονὴ,
3253 1472 3387 1523 ὅπου

1809 1552 1972 1621 φόϐος
2027 1554 2118 1606 καὶ
2173 1553 2380 1621 ἀγωνία
2414 1564 2438 1591 θ
2487 1553 2582 1607 καὶ
2635 1553 2876 1616 κίνδυνος
2941 1555 3035 1607 καὶ
3091 1554 3390 1624 προσδοκία

1808 1634 2074 1688 τοσούτων
2108 1636 2316 1698 δεινῶν,
2359 1637 2492 1689 ὅπου
2540 1636 2868 1707 δικαστήρια
2899 1638 2994 1690 καὶ
3023 1635 3263 1701 εὐθῦναι,
3293 1639 3390 1691 καὶ

1807 1717 2058 1772 δικαστοῦ
2087 1718 2277 1789 θυμὸς,
2310 1719 2405 1772 καὶ
2439 1719 2591 1788 ξίφος
2621 1720 2715 1774 καὶ
2751 1720 2962 1791 δήμιος,
2994 1720 3087 1774 καὶ
3117 1720 3397 1792 βάραθρον»

1808 1802 1903 1854 καί⁵
1943 1801 2213 1872 ἀπαγωγὴ
2247 1802 2263 1839 τ
2284 1818 2299 1866 ;
2334 1802 2517 1856 Πάντα
2556 1802 2749 1873 τρέμει
2780 1804 2873 1856 καὶ
2899 1802 3133 1857 δέδοικεν
3157 1806 3185 1856 6
3215 1802 3389 1857 τοιοῦ-

1806 1901 1918 1947 τος,
1939 1884 2037 1949 τὰς
2063 1886 2240 1949 σκιὰς,
2273 1886 2399 1948 τοὺς
2420 1884 2649 1955 τοίχους,
2679 1887 2804 1949 τοὺς
2838 1885 3017 1950 λίθους
3045 1887 3263 1951 αὐτοὺς,
3295 1903 3389 1941 κα-

1809 1967 1985 2038 θάπερ
2023 1968 2206 2041 φωνὴν
2240 1969 2528 2038 ἀφιέντας·
2563 1969 2770 2033 πάντας
2807 1969 3075 2041 ὑφορᾶται
3117 1970 3209 2023 καὶ
3253 1970 3388 2023 ὑπο-

1809 2050 2016 2114 πτεύει,
2060 2052 2187 2113 τοὺς
2216 2052 2466 2115 οἰκέτας,
2508 2052 2634 2115 τοὺς
2679 2052 2957 2120 γείτονας,
2998 2053 3124 2115 τοὺς
3164 2052 3384 2121 φίλους,

1807 2133 1934 2196 τοὺς
1967 2133 2215 2204 ἐχθροὺς,
2245 2135 2371 2198 τοὺς
2420 2135 2596 2189 πάντα
2640 2135 2868 2198 εἰδότας,
2900 2136 3024 2199 τοὺς
3055 2134 3206 2188 οὐδὲν
3251 2136 3388 2189 εἰδό-

1808 2232 1924 2278 τας.
1950 2214 2159 2269 Μᾶλλον
2183 2216 2263 2280 δὲ,
2285 2220 2334 2270 εἰ
2364 2216 2562 2285 βούλει,
2593 2218 2685 2270 καὶ
2713 2216 2884 2270 ταῦτα
2911 2218 3261 2287 ἀναιρείσθω,
3290 2219 3387 2272 καὶ

1810 2299 1998 2369 μηδεὶς
2026 2299 2157 2353 ἵστω
2182 2309 2206 2347 8
2241 2300 2309 2353 τά
2334 2300 2742 2372 τετολμημένα,
2779 2300 2893 2354 ἀλλ’
2939 2302 2972 2372 ἢ
3014 2302 3173 2371 μόνος
3225 2301 3387 2366 66:6;

1811 2383 1949 2454 μετά
1983 2384 2081 2454 τῆς
2119 2383 2482 2456 ὑϐριζομένης
2524 2386 2808 2453 γυναικός*
2842 2384 2957 2449 πῶς
2986 2384 3123 2438 οἴσει
3154 2385 3244 2437 τὸν
3274 2385 3389 2439 ἀπὸ

1806 2468 1903 2538 τῆς
1943 2468 2296 2538 συνειδήσεως
2324 2467 2566 2539 ἔλεγχον,
2600 2469 2793 2539 πικρὸν
2837 2468 3111 2539 πανταχοῦ
3159 2468 3388 2539 περιφέ-

1809 2568 1920 2623 ρων
1941 2552 2272 2622 κατήγορον;
2300 2552 2512 2623 ’Ὠσπερ
2548 2552 2655 2623 γὰρ
2680 2552 2871 2606 ἐαυτὸν
2898 2553 2997 2606 66x
3027 2553 3093 2607 ἀν
3134 2551 3265 2605 ποτέ
3304 2569 3387 2616 τις

1808 2634 1989 2704 φύγοι,
2016 2635 2157 2689 οὕτω
2184 2637 2304 2690 ούδέ
2329 2637 2427 2707 τὴν
2454 2637 2563 2692 ἀπὸ
2593 2637 2684 2690 τοῦ
2719 2636 3001 2707 κριτηρίου
3030 2636 3210 2705 ψῆφον
3242 2635 3389 2691 ὲκεί-

1807 2737 1919 2774 νου.
1948 2719 2116 2773 Τοῦτο
2142 2721 2204 2774 :6
2242 2721 2588 2792 δικαστήριον
2615 2720 2676 2773 o6
2710 2721 2957 2793 χρήμασι
2995 2719 3386 2791 διαφθείρεται,

1806 2803 1867 2855 66
1918 2803 2226 2867 κολακείαις
2268 2804 2539 2858 ἐνδίδωσι·
2578 2804 2717 2858 θεῖον
2766 2804 2874 2875 γάρ
2925 2805 3076 2868 ἐστι,
3108 2805 3201 2857 καὶ
3238 2803 3389 2875 παρά

1807 2887 1942 2941 Θεοῦ
1970 2891 2088 2950 ταῖς
2128 2889 2423 2959 ἡμετέραις
2464 2888 2806 2959 ἐνιδρυμένον
2834 2887 3053 2959 ψυχαῖς.
3078 2888 3285 2952 Ὄντως
3324 2889 3390 2942 '0
3468 2950 3471 2953 _

1802 2970 2014 3041 μοιχὸς
2052 2970 2127 3025 δι’
2167 2971 2406 3026 ἔνδειαν
2438 2971 2673 3041 φρενῶν
2709 2970 3016 3025 ἀπώλειαν
3055 2969 3128 3039 τῇ
3168 2970 3389 3025 ἑαυτοῦ

1808 3053 1978 3123 ψυχῇ
2011 3055 2412 3123 περιποιεῖται.
2442 3056 2515 3108 U6
2554 3055 2657 3125 μὴν
2691 3054 2812 3108 οὑδέ
2840 3056 2867 3108 ὁ
2905 3054 3143 3124 κλέπτης
3170 3055 3197 3093 h
3230 3054 3389 3109 κολά-

1810 3154 1945 3201 σεως
1972 3139 2361 3209 ἀπεστέρηται,
2392 3137 2527 3191 ἀλλά
2565 3137 2749 3191 δίδωσι
2785 3137 2886 3208 μὲν
2923 3137 3100 3207 δίκην,
3125 3137 3385 3190 ἐλάττονα

1806 3218 1884 3274 δέ.
1914 3221 1979 3273 Δί
2015 3221 2122 3291 γάρ
2141 3221 2458 3290 συγκρίσεις
2482 3221 2583 3274 οὐκ
2610 3222 2689 3280 εἰς
2718 3219 2817 3290 τὴν
2850 3220 3096 3273 ἐναντίαν
3127 3218 3389 3284 ἐξωθοῦσι

1806 3303 1956 3368 τάξιν
1990 3304 2059 3357 τά
2087 3304 2508 3374 συγκρινόμενα,
2536 3303 2648 3356 ἀλλ’
2673 3304 2923 3371 ἀφιεῖσαι
2962 3302 3140 3373 μένειν
3166 3304 3258 3356 ἐπὶ
3289 3303 3389 3371 τῆς

1807 3386 2011 3449 οἰκείας
2039 3385 2220 3457 χώρας
2249 3386 2409 3448 66:6,
2439 3386 2731 3440 ἐλάττωσιν
2770 3387 3051 3455 εἰσάγουσι
3094 3387 3186 3441 καὶ
3224 3388 3392 3457 ὑπερ-

1808 3470 1958 3539 οχήν.
1991 3468 2031 3521 Τ
2035 3470 2141 3538 άχα
2174 3470 2234 3523 o6
2270 3471 2537 3540 συνήκατε
2559 3468 2621 3522 :6
2666 3469 2888 3539 λεχθένο
2937 3468 3130 3522 οὐκοῦν
3173 3468 3389 3540 ἀνάγκη

1810 3554 2143 3624 σαφέστερον
2171 3555 2361 3607 εἰπεῖν.
2392 3552 2570 3607 Καλὸν
2594 3554 2623 3607 6
2656 3554 2853 3623 γάμος,
2882 3552 3018 3606 ἀλλά
3057 3553 3321 3624 κρείττων
3351 3557 3387 3624 ἡ

1810 3636 2076 3707 παρθενία
2093 3653 2109 3667 ·
2130 3636 2226 3689 οὐκ
2246 3636 2431 3707 ἐπειδὴ
2453 3636 2718 3707 κρείττων
2742 3639 2775 3707 ἡ
2804 3636 3092 3707 παρθενία,
3114 3635 3204 3690 διά
3231 3635 3393 3691 τοῦτο

1809 3719 1976 3772 κακὸν
2010 3720 2038 3772 6
2065 3719 2275 3790 γάμος,
2321 3720 2436 3774 ἀλλ’
2478 3720 2693 3774 ἔλαττον
2726 3720 2824 3790 μὲν
2867 3720 3097 3783 ἐκείνου,
3135 3720 3298 3774 καλὸν
3329 3721 3391 3775 δὲ

1809 3801 1904 3854 καὶ
1948 3802 2099 3857 66:6.
2144 3802 2301 3858 Οῦτω
2339 3804 2432 3857 καὶ
2477 3803 2741 3857 ἐνταῦθα’
2775 3804 2944 3856 κακὸν
2977 3805 3011 3875 ἡ
3043 3803 3238 3875 κλοπὴ,
3270 3803 3389 3858 ἀλλ’

1810 3884 2028 3939 ἔλαττον
2064 3887 2161 3956 μὲν
2192 3886 2423 3952 ἐκείνου,
2455 3887 2621 3941 κακὸν
2647 3886 2703 3940 δέ
2733 3887 2826 3940 καὶ
2857 3887 3009 3939 αύτό.
3034 3884 3185 3947 Εἶδες
3211 3888 3392 3958 ἀμαρ-

1809 3970 2068 4039 τημάτων
2114 3970 2409 4042 διαφοράς;
2436 3972 2664 4040 Ἴδωμεν
2701 3966 2794 4024 οῦν
2833 3970 2990 4023 ποίαν
3023 3965 3177 4034 οὗτος
3210 3971 3391 4041 ἀμαρ-

1810 4052 1930 4105 τίαν
1958 4054 2221 4125 ἥμαρτεν.
2262 4055 2507 4122 Ὑψιύθη,
2536 4055 2719 4125 φησὶν,
2746 4056 2785 4123 ἡ
2813 4052 3026 4121 καρδία
3052 4051 3258 4107 αὐτοῦ.
3283 4056 3392 4107 X6-

1810 4133 1972 4189 λεπδν
1992 4136 2052 4189 τὸ
2077 4136 2299 4208 τραῦμα
2318 4154 2331 4165 ⁸
2354 4136 2580 4190 ἀπόνοια
2605 4137 2712 4207 γάρ
2733 4138 2900 4200 ἐστιν,
2922 4134 3155 4189 ἀπόνοια
3177 4137 3210 4205 ἡ
3236 4138 3388 4207 πηγὴ

1812 4219 2029 4273 πάντων
2070 4220 2180 4272 τῶν
2227 4220 2432 4274 κακῶν.
2475 4222 2585 4273 Καὶ
2628 4221 2714 4273 ῖνα
2754 4220 3033 4291 συντόμως
3071 4220 3248 4291 μάθῃς
3290 4220 3387 4273 τοῦ

1810 4306 2113 4377 νοσήματος
2139 4305 2236 4377 τὴν
2272 4306 2489 4372 κακίαν,
2517 4308 2692 4361 ἐκεῖνο
2732 4305 2983 4361 ἄκουσον.
3012 4306 3094 4360 Τά
3124 4306 3223 4377 μὲν
3252 4306 3387 4363 ἀλλα

1811 4390 2183 4461 ἁμαρτήματα
2214 4390 2343 4461 περὶ
2378 4390 2477 4461 τὴν
2504 4389 2774 4463 ἡμετέραν
2817 4390 3107 4461 στρέφεται
3139 4388 3321 4460 φύσιν,
3352 4392 3389 4461 ἡ

1810 4476 1867 4529 δέ
1912 4474 2257 4545 ὑπερηφανία
2300 4474 2528 4544 δύναμιν
2573 4474 2863 4545 ἀσώματον
2914 4475 3247 4537 κατέσπασε,
3293 4474 3389 4530 καὶ

1811 4558 2106 4613 κατέϐαλεν
2132 4558 2357 4613 ἀνωθεν.
2389 4558 2492 4611 Τὸν
2520 4557 2626 4628 γάρ
2659 4556 2924 4624 διάϐολον,
2965 4558 3066 4611 οὐκ
3093 4557 3224 4612 δντα
3251 4559 3386 4629 πρό-

1810 4660 1967 4717 τερον
1998 4644 2261 4705 διάϐολον,
2290 4643 2449 4697 τοῦτο
2482 4643 2632 4716 [117]
2673 4640 2810 4697 εἶναι
2854 4642 3099 4697 διάϐολον
3141 4644 3383 4715 ἐποίησε.

1812 4729 1925 4783 Κάν
1950 4728 2047 4800 μὲν
2062 4729 2152 4782 τὸν
2178 4729 2403 4783 Ἡσαΐαν
2424 4730 2832 4801 παραγάγωμεν
2865 4727 3120 4798 μάρτυρα
3162 4727 3388 4795 λέγοντα

1811 4810 1954 4866 οὕτω
1977 4813 2104 4884 περὶ
2130 4811 2314 4865 αὺτοῦ·
2336 4815 2441 4877 Εἰς
2458 4811 2567 4864 τὸν
2589 4809 2848 4877 οὐρανὸν
2866 4808 3263 4878 ἀναϐήσομαι,
3290 4809 3387 4863 κιιί

1812 4894 2026 4964 ἔσομαι
2068 4894 2269 4960 ὅμοιος
2296 4893 2374 4960 τῷ
2407 4894 2695 4962 Ὑψίστῳθ
2720 4893 2771 4945 οἰ
2808 4888 2906 4954 τὰς
2935 4890 3261 4962 ἀλληγορίας
3290 4893 3387 4962 οὐχ

1811 4979 1986 5049 ἡδέως
2049 4977 2359 5049 δεχόμενοι,
2413 4978 2865 5048 παραγράφονται
2919 4976 3017 5049 τὴν
3087 4977 3390 5048 μαρτυρίαν

1814 5061 2001 5133 ἡμῶν·
2039 5062 2105 5116 ἂν
2135 5061 2191 5114 δὲ
2237 5061 2328 5114 τὸν
2367 5062 2576 5115 Παῦλον
2618 5062 3000 5131 ἐπιστήσωμεν
3030 5060 3181 5130 αὐτῷ
3220 5064 3389 5130 κατή..

1812 5161 1994 5215 γορον,
2034 5144 2208 5207 οὐδεὶς
2233 5145 2414 5199 οὐκέτι
2444 5144 2625 5199 λοιπὸν
2650 5146 2883 5215 ἀντερεῖ.
2917 5143 2982 5196 Τί
3008 5139 3103 5197 οὖν
3122 5146 3151 5196 6
3184 5144 3389 5205 Παῦλος

1815 5230 2063 5301 Τιμοθέῳ
2108 5231 2372 5302 γράφωνς
2416 5230 2540 5283 Ὅτι
2578 5229 2670 5281 τὸν
2721 5230 2845 5300 ἄρτι
2891 5227 2988 5282 τοῦ
3039 5227 3392 5299 κηρύγματος

1815 5314 2094 5385 ἁψάμενον
2130 5316 2193 5368 66
2221 5316 2300 5367 δεῖ
2334 5312 2471 5383 πρὸς
2504 5313 2564 5366 :6
2597 5313 2738 5385 μέγα
2769 5315 2869 5384 τῆς
2894 5312 3199 5382 ἐπισκοπῆς
3238 5312 3391 5381 ἄγειν

1882 5583 1906 5631 e_
1932 5569 2148 5628 Quatuor
2184 5583 2301 5619 mss.
2326 5570 2473 5631 ἀγών.

1886 5629 1907 5668 ί
1944 5625 2643 5694 ίΑπαγωγήίτειιῦεηιὶεεὶιηρ
2690 5644 2780 5680 usu
2820 5628 2947 5694 apud
2996 5625 3390 5694 Chrygsqstomum

1817 5700 1894 5741 ost
1914 5688 2224 5759 qbduciio_'ad
2247 5688 2823 5759 supblicium;_Erasmus
2844 5688 3099 5759 ἀπαγωγήν
3126 5689 3390 5759 hic-Vme-

1818 5763 1889 5805 rat
1908 5752 2313 5817 dvpormlionem.'
2328 5752 2438 5816 Quae
2457 5769 2547 5803 vox
2570 5756 2783 5805 Gra‘cam
2806 5765 2905 5800 non
2935 5753 3052 5800 satis
3076 5752 3324 5812 erprimit.

1879 5819 1903 5881 β
1933 5818 2040 5865 Duo
2066 5832 2178 5867 mss.
2208 5819 2366 5881 μηδεὶς
2388 5819 2542 5881 ίδέτω.

1879 5879 1904 5915 ³³
1930 5884 2146 5940 Quatuor
2165 5872 2281 5931 m'ss'.
2314 5883 2339 5928 ὁ
2356 5872 2591 5927 κλέπτων.
2621 5876 2742 5928 [ufra
2763 5876 2912 5927 iidem
2932 5876 2982 5923 αἱ
3004 5872 3179 5937 κρίσεις
3200 5874 3289 5923 οὐκ
3306 5875 3390 5930 εἰς.
