3696 6278
99 252 161 307 lli
958 251 1023 308 IN
1061 253 1287 319 lLLUD,
1331 253 1467 309 VIDI
1510 254 1612 310 DOI

1796 259 1839 326 ί,
1883 262 2115 324 llOMlL.
2157 269 2243 327 Ill.

92 375 281 426 Morem,
303 374 460 417 nemo
477 361 907 420 contradictut'us
927 373 1028 420 est.
1052 364 1189 431 Quid
1212 366 1369 436 igitur
1388 366 1462 421 ait
1482 367 1617 422 Pau-

97 453 407 509 lusT'nnotheo
428 454 713 509 scribens?
746 456 847 523 Qui
877 471 1045 526 nuper
1082 458 1511 527 praedicationem
1540 468 1620 512 at-

92 550 181 620 tigit,
204 561 314 599 eum
345 561 449 599 non
476 557 729 616 oportere
750 547 815 601 ad
836 563 1099 603 summam
1131 549 1363 619 episcOpi
1393 550 1620 620 dignita-

89 656 155 694 tem
178 638 333 703 evehi,
363 637 449 692 his
490 654 683 709 nempe
710 639 918 695 verbis:
948 639 1067 694 Non
1098 642 1428 712 ncophytum,
1476 660 1537 697 ne
1565 645 1616 698 in

84 730 305 799 saperbiam
320 730 507 796 elatus,
532 731 581 783 in
596 732 848 801 judicium
865 732 1072 798 incidat,
1098 744 1144 787 et
1169 734 1222 787 in
1249 732 1485 806 laqueum
1504 736 1619 788 dia-

85 827 147 878 toli
173 823 231 892 (l.
263 822 390 876 Tim.
424 824 479 878 5.
506 823 594 893 6);
642 839 709 879 ne
752 824 963 894 eadem,
1002 826 1190 897 inquit,
1239 844 1466 899 peccans
1490 844 1612 884 cum

86 924 154 987 tito,
178 920 343 975 eadem
374 936 501 975 cum
534 922 627 976 illo
652 924 899 991 patiatur.

122 1015 160 1069 ι.
184 1013 401 1069 Alienam
428 1013 803 1085 improbitatem
827 1013 1004 1070 solatio
1030 1029 1137 1068 esse
1164 1012 1615 1084 improbis—HM

82 1122 165 1162 icto
188 1120 279 1159 non
310 1106 437 1160 hinc
464 1107 641 1161 solum
670 1116 747 1161 est
777 1106 1139 1177 perspicuum,
1160 1122 1343 1162 verum
1362 1106 1521 1162 etiam
1545 1121 1612 1162 ex

80 1206 219 1272 isquae
234 1201 495 1257 scelestus
518 1202 605 1256 ille
630 1202 838 1257 daemon
864 1203 1035 1273 primo
1058 1202 1256 1256 homini
1286 1203 1475 1256 suasit.
1499 1201 1613 1256 Sic-

81 1303 114 1346 nl
140 1293 258 1349 enim
295 1292 452 1347 bouis
498 1292 587 1347 hic
617 1308 732 1347 mos
762 1303 840 1347 est
860 1334 874 1357 ,
930 1308 1025 1363 per
1065 1309 1182 1364 qua:
1214 1292 1310 1362 ipsi
1340 1293 1459 1347 facti
1489 1300 1612 1347 sunt

78 1387 186 1450 leui,
211 1384 273 1439 ad
296 1384 489 1440 eadem
516 1384 793 1440 exhortari
824 1386 1095 1456 proximos
1119 1403 1138 1439 :
1169 1387 1237 1441 ita
1264 1396 1317 1441 et
1342 1385 1495 1441 malis
1527 1386 1613 1441 hic

78 1489 126 1532 est
159 1492 290 1544 mos,
335 1493 434 1548 per
481 1494 603 1547 qua:
633 1478 733 1548 ipsi
758 1489 881 1533 sunt
914 1478 1174 1548 improbi,
1207 1478 1394 1533 eadem
1421 1477 1611 1534 vicinis

76 1571 285 1627 invehere.
312 1570 450 1626 Nam
484 1588 590 1627 uua
620 1570 737 1626 haec
767 1581 850 1626 est
878 1572 1089 1627 illorqu
1123 1571 1337 1625 malitiae
1367 1571 1572 1641 species
1593 1611 1606 1636 ,

75 1676 111 1717 ut
140 1663 339 1718 aliorum
390 1663 691 1732 perniciem
739 1663 986 1717 solatium
1027 1663 1109 1718 sui
1153 1663 1396 1732 supplicii
1436 1663 1613 1717 existis

74 1768 192 1811 nent.
229 1755 362 1823 Quid
408 1756 575 1826 igitur
602 1755 846 1810 diabolus
872 1756 1039 1811 suasit
1070 1756 1314 1811 Adamo?
1342 1755 1412 1811 Ut
1439 1756 1611 1811 conci-

76 1858 179 1914 peret
197 1846 573 1917 cogitationem
596 1862 691 1905 sua
720 1857 902 1901 natura
933 1847 1187 1916 majorem
1212 1888 1229 1916 ,
1257 1848 1461 1917 sibique
1487 1862 1607 1901 cum

78 1944 147 1995 [tea
171 1952 398 2011 speraret
428 1940 791 2011 aequalitatem
822 1941 971 2012 (Gen.
1004 1942 1081 2011 5).
1114 1941 1166 1995 Si
1196 1941 1371 2003 enim,
1408 1941 1609 2011 inquit,

76 2036 149 2087 iure
173 2049 247 2088 res
268 2049 351 2088 me
373 2032 445 2089 de
466 2032 604 2088 caelo
626 2033 855 2103 expulit,
881 2032 1048 2085 multo
1068 2032 1234 2102 magis
1256 2032 1443 2086 eadem
1471 2031 1612 2086 hunc

73 2125 198 2193 eiiciat
234 2139 263 2179 e
306 2124 970 2195 paradiso..Quapropter
1009 2136 1059 2178 ct
1094 2125 1348 2180 Salomon
1387 2126 1520 2180 dixit
1552 2127 1564 2157 ’
1596 2143 1609 2181 :

78 2218 385 2285 0:1smperbis
408 2218 601 2273 resistit
624 2217 801 2287 (Prov.
826 2219 877 2271 5.
899 2218 983 2272 54.
1014 2216 1183 2271 LPet.
1204 2218 1257 2272 5.
1286 2218 1338 2272 5.
1362 2226 1408 2270 et
1428 2215 1608 2271 Jacob.
1646 2260 1649 2261 ν

70 2300 103 2363 '4.
134 2310 191 2379 6).
216 2309 321 2364 Non
354 2310 499 2364 dixit
534 2328 547 2363 :
578 2311 717 2364 Deus
746 2310 1004 2379 superbos
1035 2310 1290 2377 dimittit,
1320 2318 1373 2364 et
1401 2310 1453 2363 in
1484 2324 1611 2380 pec-

74 2406 163 2455 tatis
198 2404 417 2469 deserit,
471 2419 678 2473 suoque
722 2405 885 2457 nudat
930 2403 1164 2457 auxilio:
1192 2402 1321 2467 sed,
1370 2401 1609 2468 Rcsislit,

76 2496 195 2561 liquit
220 2513 233 2547 :
258 2510 362 2548 non
404 2494 556 2565 quod
598 2496 853 2548 instructa
895 2494 1008 2549 acie
1052 2504 1141 2549 aut
1188 2510 1360 2565 pugna
1400 2495 1510 2549 Deo
1545 2494 1613 2550 sit

74 2602 162 2649 opus
185 2569 432 2641 adversus
468 2588 765 2654 superbum
794 2603 807 2649 ;
852 2586 974 2657 quid
1016 2587 1158 2641 enim
1185 2602 1302 2641 esse
1328 2587 1495 2657 possit
1520 2601 1613 2641 su-

77 2679 188 2743 perbo
215 2677 473 2731 inﬁrmius
498 2676 525 2729 ?
552 2677 684 2730 Nam
714 2688 767 2730 ut
789 2679 875 2748 qui
900 2678 1118 2733 orbatus
1142 2686 1225 2733 est
1251 2679 1420 2733 oculis
1442 2719 1457 2745 ,
1490 2693 1610 2732 om-

78 2774 173 2823 aiunt
197 2771 466 2838 expositus
498 2779 581 2824 est
610 2770 817 2839 injuria:
839 2812 853 2835 ,
886 2770 955 2824 ita
986 2781 1039 2825 et
1066 2772 1362 2840 superbus,
1388 2770 1477 2841 qui
1505 2786 1612 2824 non

81 2864 173 2916 fidei
210 2862 492 2917 Dominum
548 2862 693 2935 (nam
746 2860 959 2915 Initium
1007 2856 1285 2931 superbiae,
1336 2870 1392 2915 ut
1444 2861 1613 2931 inquit

80 2958 314 3026 Srriptura,
347 2966 422 3011 est
466 2973 571 3010 non
618 2972 762 3010 nosse
807 2955 1080 3010 Dominum
1118 2954 1306 3028 [Eccli.
1336 2957 1422 3012 10.
1454 2953 1609 3028 14]),

83 3062 187 3102 [tam
208 3050 267 3105 ab
290 3048 606 3104 hominibus
631 3048 781 3103 facile
808 3056 1118 3117 superatur,
1147 3056 1491 3117 posteaquam
1521 3063 1616 3101 ex-

86 3141 235 3197 .iditab
260 3143 346 3196 illa
379 3143 531 3197 luce.
563 3140 714 3208 Quod
743 3141 786 3196 si
818 3142 974 3194 etiam
1000 3139 1205 3194 validus
1227 3155 1289 3193 ac
1317 3148 1505 3209 potens
1530 3152 1615 3192 cs-

82 3244 129 3285 iet
152 3235 421 3304 superbus,
468 3231 606 3287 nihil
633 3247 765 3302 opus
792 3240 933 3287 esset
960 3231 1068 3286 Deo
1094 3231 1329 3286 exercitu
1357 3230 1614 3285 adversus

84 3332 176 3380 .lum
218 3347 231 3384 :
274 3329 358 3382 cui
407 3328 561 3383 enim
605 3327 851 3381 voluntas
891 3325 1018 3379 satis
1061 3324 1161 3378 fuit
1184 3324 1249 3377 ad
1277 3322 1613 3392 producenda

85 3419 227 3483 iunia,
250 3420 415 3473 multo
440 3418 617 3488 magis
640 3416 912 3472 sufﬁceret
931 3415 997 3471 ad
1018 3431 1079 3471 ea
1105 3415 1360 3471 tollenda.
1390 3415 1496 3469 Cur
1516 3415 1613 3485 igi-

86 3522 152 3575 Llf,
178 3512 370 3582 inquies
395 3553 409 3575 ,
462 3510 711 3566 resistit?
739 3509 889 3576 Quod
916 3510 1203 3565 vehemens
1226 3509 1404 3563 odium
1436 3509 1614 3564 decla-

85 3614 132 3653 τςί
148 3620 247 3673 erga
274 3605 596 3675 superbum.
627 3602 808 3673 Itaque
832 3602 1132 3673 superbiam
1159 3616 1278 3657 esse
1302 3602 1493 3656 vulnus
1521 3617 1616 3671 pe-

85 3696 340 3764 inlesum,
387 3707 509 3751 tum
554 3712 618 3750 ex
660 3695 743 3749 his
780 3710 899 3765 qua:
934 3693 1203 3761 diximus,
1243 3703 1352 3747 tum
1393 3708 1458 3747 ex
1499 3692 1615 3747 aliis

87 3788 354 3856 perspicuum
376 3798 483 3843 est.
520 3786 673 3855 Quod
698 3786 743 3841 si
764 3787 922 3841 vultis
942 3828 955 3851 ,
988 3787 1148 3840 etiam
1175 3800 1391 3842 causam
1418 3785 1606 3854 ipsam,

86 3881 171 3935 inde
194 3882 375 3935 vulnus
397 3881 509 3935 hoc
535 3880 765 3946 accidit,
791 3879 1002 3934 aliunde
1027 3879 1313 3934 discamus.
1339 3876 1615 3948 Siquidem

88 3972 134 4025 hic
168 3971 443 4043 Scriptura:
488 3988 611 4027 mos
655 3981 773 4036 est,
822 3972 866 4026 si
911 3970 1122 4042 quando
1170 3979 1321 4041 parat
1363 3984 1615 4024 accusare

84 4067 319 4135 quempiam
342 4109 358 4131 ,
411 4080 529 4118 non
574 4063 737 4118 modo
780 4071 1053 4133 peccatum
1086 4062 1227 4115 illius
1256 4076 1504 4125 narrare,
1536 4075 1619 4113 ve-

84 4174 157 4210 tum
174 4162 317 4214 etiam
338 4159 547 4214 docere
570 4172 668 4212 nos
690 4172 811 4227 qua:
834 4156 987 4210 fuerit
1010 4155 1209 4225 peccati
1231 4168 1389 4208 causa
1416 4170 1431 4208 :
1456 4151 1506 4207 id
1530 4168 1618 4207 au-

81 4264 145 4303 Lctn
168 4250 278 4305 facit
301 4294 317 4318 ,
346 4260 407 4305 ut
437 4264 540 4305 eos
568 4249 659 4319 qui
679 4248 796 4303 sani
820 4257 942 4302 sunt
968 4246 1154 4303 reddat
1177 4247 1396 4301 tutiores
1417 4245 1619 4299 cautio-

80 4357 245 4411 resque,
274 4358 341 4397 ne
371 4343 429 4395 in
457 4340 652 4395 eadem
682 4338 917 4393 incidant
945 4338 1103 4392 mala.
1132 4337 1389 4392 Similiter
1415 4345 1470 4391 et
1500 4351 1617 4390 me-

80 4432 142 4486 fici
174 4432 232 4487 ad
267 4440 603 4503 azgromntes
642 4429 867 4500 ingressi
890 4471 903 4493 ,
943 4429 1103 4485 etiam
1144 4436 1267 4482 ante
1295 4428 1508 4482 morbos
1537 4426 1615 4498 (α)

80 4526 198 4580 ﬁnitas
240 4527 531 4595 explorant
552 4564 567 4586 ,
614 4534 669 4577 ut
694 4523 891 4593 prmia
915 4538 1039 4577 cura
1066 4530 1348 4577 coerceant
1375 4521 1572 4576 malum
1601 4538 1616 4575 :

78 4617 218 4671 etenim
240 4619 324 4688 qui
350 4660 366 4682 ,
401 4622 666 4670 manente
694 4613 873 4668 radice
896 4652 912 4675 .
936 4628 1113 4668 ramos
1141 4620 1343 4668 tantum
1366 4620 1619 4680 exsecat,

79 4710 163 4761 nihil
195 4709 329 4762 aliud
371 4723 545 4779 quam
591 4706 804 4760 inanem
849 4705 1011 4759 sumit
1053 4718 1291 4774 operam.
1335 4704 1433 4760 Ubi
1462 4704 1621 4774 igitur

76 4800 283 4871 Scriptura
328 4812 387 4858 et
429 4806 714 4872 peccatum
754 4808 809 4854 et
837 4796 1039 4868 peccati
1066 4812 1282 4852 causam
1311 4796 1619 4867 eloquitur?

78 4891 382 4961 chrebendit
422 4908 526 4947 eos
563 4891 652 4961 qui
681 4898 1071 4960 przecesserunt
1093 4889 1347 4943 diluvium
1374 4930 1389 4956 ,
1419 4889 1487 4944 ob
1509 4888 1618 4945 illi-

80 4986 165 5037 citos
184 4998 510 5054 congressus
538 4998 551 5034 :
576 4989 737 5049 atque
764 4978 884 5033 audi
913 4978 1183 5049 quomodo
1204 4993 1419 5034 causam
1445 4978 1622 5048 expri-

82 5088 146 5127 ait
164 5095 175 5128 2
196 5077 312 5130 Cum
340 5075 593 5128 ridissent
623 5071 718 5140 ﬁlii
738 5068 834 5123 Dei
857 5071 991 5138 ﬁlias
1011 5070 1267 5123 hominum
1294 5086 1399 5122 esse
1429 5072 1622 5139 formo-

82 5184 149 5231 tu,
180 5176 480 5238 acceperunt
528 5166 645 5219 illas
680 5164 776 5217 sibi
817 5163 872 5216 in
900 5179 1082 5218 uxores
1117 5161 1269 5234 (Gen.
1295 5164 1347 5217 ti.
1378 5162 1459 5231 2).
1484 5159 1621 5228 Quid

117 5306 339 5361 ‘Qutuor
380 5310 538 5358 ωδε,
574 5304 622 5349 et
657 5296 793 5361 Sirae
830 5295 1154 5361 dixituAtqui
1180 5295 1287 5361 haec
1320 5296 1471 5361 verba
1509 5302 1622 5361 sunt.

82 5356 274 5415 stationis
297 5370 349 5416 in
374 5356 696 5420 Proverbiis,
733 5359 846 5410 licet
881 5356 1040 5421 simile
1076 5356 1318 5421 quidpiam
1345 5360 1390 5406 in
1414 5359 1620 5408 siracide

81 5432 171 5477 an
189 5430 379 5492 legam
396 5462 423 5492 ,ί
447 5428 510 5492 10
527 5460 541 5483 ,
564 5424 654 5492 14._
668 5430 766 5472 Non
799 5433 910 5470 raro
932 5420 1620 5492 Cbnsostuﬁatomonet-n

84 5502 161 5537 imit
181 5480 262 5552 pro
274 5480 503 5552 Siracide
526 5480 539 5547 ξ
565 5485 657 5535 sed
680 5496 917 5547 nusquam
938 5480 1125 5532 adverti
1148 5482 1274 5544 apud
1300 5480 1433 5530 illum
1456 5483 1622 5531 Siraci-

86 5564 146 5598 ea
163 5549 259 5614 pom
292 5566 387 5615 pro
413 5549 691 5599 Salomone.

114 5612 264 5671 iIEVGr.
292 5612 387 5665 ὶιαί
439 5616 537 5677 πρὸ
576 5616 673 5662 τῶν
712 5616 1027 5677 νημάτωνέ
1048 5613 1197 5677 Hanc,
1226 5612 1603 5677 similitudinem

84 5674 584 5740 z’ertChrysostomus,
619 5674 973 5740 utgsigniticet,
1000 5676 1162 5740 Deum
1180 5676 1339 5740 iustos
1361 5676 1607 5738 exemplis

88 5734 550 5799 «tiores'reddcre,
569 5734 649 5787 'ne
681 5738 733 5785 in
758 5734 952 5787 morbos
975 5737 1124 5787 animi
1150 5734 1384 5785 incidant.

3211 291 3311 349 H8

1728 374 1928 443 igitur?
1976 397 2100 437 num
2149 387 2491 455 pulchritudo
2532 407 2691 468 causa
2735 406 2812 453 est
2844 402 3042 470 peccati
3066 402 3090 458 ν
3114 404 3307 468 Absit:

1720 475 1805 521 est
1849 471 1993 527 enim
2039 473 2232 531 divinae
2280 480 2558 552 sapientia:
2595 500 2764 557 opus;
2814 506 2948 561 opus
2991 504 3170 552 autem
3218 498 3309 555 Dei

1720 574 2009 631 numquam
2037 569 2205 636 possit
2229 586 2351 629 esse
2371 590 2531 631 causa
2554 582 2778 649 peccati.
2810 583 2916 639 Sed
2943 598 3193 657 aspectus
3214 592 3308 648 fuit

1720 663 1878 706 causa
1929 660 2171 723 peccati?
2209 660 2286 717 Ne
2326 664 2379 718 id
2418 668 2632 735 quidem
2678 688 2692 725 :
2732 688 2855 728 nam
2898 684 2953 732 et
2980 677 3080 733 hoc
3107 692 3311 735 natura:

1719 754 1854 810 opus
1878 756 1979 800 est.
2008 746 2111 803 Sed
2134 753 2256 820 quid
2285 756 2494 811 tandem
2516 760 2539 813 ζ)
2558 760 2692 817 Male
2713 763 2895 822 videre
2918 784 2932 820 :
2958 784 3077 824 nam
3106 771 3206 829 hoc
3229 782 3316 829 est

1718 833 2031 932 depravatre
2048 842 2353 900 voluntatis.
2380 849 2504 905 ideo
2542 854 2754 922 Sapiens
2779 858 2993 925 quidam
3030 862 3308 932 admonet,

1717 924 1901 1026 dicens
1929 971 1954 1026 ἶ
1965 930 2064 1026 ΔΝε
2106 937 2388 992 consideres
2415 924 2843 1010 pulchritudinem
2870 950 3089 1005 alienam
3122 924 3308 1026 (Eccli:

1718 1016 1770 1071 9.
1811 1018 1899 1116 8).
1932 1021 2048 1077 Non
2090 1025 2223 1081 dixit
2248 1068 2263 1090 .
2305 1030 2382 1086 Ne
2409 1032 2629 1092 videas:
2659 1037 2709 1093 id
2738 1041 2880 1095 enim
2909 1016 3305 1116 nonnumquam

1716 1122 1843 1165 casu
1870 1113 1927 1167 tit
1950 1154 1966 1181 ,
1996 1116 2088 1171 sed
2112 1157 2127 1182 ,
2161 1117 2245 1173 Ne
2266 1124 2552 1180 consideres
2573 1170 2587 1193 ,
2618 1129 2821 1200 inquit,
2855 1133 2987 1189 illud
3018 1113 3213 1193 tollens
3238 1156 3309 1196 ne

1715 1203 1892 1259 studio
1934 1206 2453 1279 animadvertamus,
2502 1232 2569 1272 ne
2606 1221 2819 1278 curiose
2861 1224 3207 1296 intueamur,
3239 1246 3308 1285 nc

1716 1296 1920 1358 vitiosa:
1958 1303 2399 1370 contemplationi
2444 1307 2827 1379 immoremur,
2868 1332 2986 1385 qua:
3025 1319 3094 1373 ab
3128 1321 3309 1374 animo

1716 1396 1972 1477 corrupto
1997 1399 2051 1443 et
2080 1395 2475 1463 concupiscenti
2511 1401 2883 1467 proﬁciscitur.
2913 1406 3017 1460 Sed
3047 1409 3202 1477 quid,
3229 1411 3309 1464 in-

1714 1476 1861 1544 quiet
1887 1478 2102 1548 aliquis,
2129 1481 2254 1537 hinc
2275 1484 2453 1540 damni
2484 1490 2649 1557 possit
2674 1494 2846 1547 oriri?
2867 1494 2950 1550 Ea:
2969 1476 3080 1565 hoc,
3109 1499 3303 1570 inquit,

1714 1587 1857 1624 amor
1898 1574 2027 1626 velut
2052 1575 2182 1644 ignis
2207 1579 2450 1632 excitatur
2482 1580 2642 1650 (Ibid.
2673 1602 2720 1638 υ.
2746 1586 2823 1657 9).
2855 1588 2922 1643 Ut
2952 1592 3093 1644 enim
3129 1593 3262 1661 ignis
3286 1634 3303 1658 ,

1715 1662 1804 1715 ubi
1850 1662 2050 1718 fmuum
2092 1677 2184 1720 aut
2230 1670 2477 1737 stipulam
2506 1675 2823 1743 arripuerit,
2856 1679 2986 1733 nihil
3018 1690 3259 1736 moratur
3282 1724 3298 1747 ,

1712 1753 1809 1807 sed
1837 1756 1994 1809 simul
2022 1766 2078 1811 ut
2101 1760 2273 1829 attigit
2295 1764 2570 1816 materiam
2593 1806 2606 1827 ,
2641 1764 2867 1821 lucidam
2890 1772 3130 1825 accendit
3152 1772 3302 1826 ﬂam-

1714 1861 1855 1900 mam
1886 1864 1901 1901 :
1936 1846 2116 1903 itidem
2142 1861 2196 1903 et
2224 1852 2359 1921 ignis
2385 1857 2830 1923 concupiscentia:
2857 1876 2976 1929 qua:
3003 1871 3085 1915 est
3116 1864 3166 1916 in
3200 1879 3300 1915 no-

1714 1938 1825 2004 bis,
1850 1940 2006 1993 simul
2032 1950 2191 2010 atque
2221 1958 2315 2011 per
2340 1945 2615 1999 oculorum
2648 1949 2891 2003 intuitum
2920 1952 3215 2021 elegantem
3237 1968 3303 2008 ae

1712 2040 1988 2085 venustam
2015 2034 2249 2103 attigerit
2277 2034 2501 2090 formam
2523 2078 2537 2103 ,
2572 2041 2814 2107 protinus
2842 2044 3017 2096 exurit
3040 2044 3299 2098 animum.

1713 2122 1945 2179 Proinde
1971 2136 2275 2195 nc,spectes
2301 2131 2674 2198 temporariam
2705 2133 2845 2186 illam
2867 2174 2885 2199 ,
2909 2150 3027 2204 qua:
3047 2151 3113 2189 ex
3139 2152 3296 2205 aspe-

1714 2226 1799 2270 ctu
1844 2218 2231 2288 proﬁciscitur,
2274 2222 2595 2291 voluptatem
2618 2264 2632 2289 ,
2682 2226 2776 2279 sed
2805 2236 3115 2296 perpetuum
3144 2229 3304 2283 dolo-

1715 2324 1828 2363 rem
1869 2310 2147 2365 cousidera
2167 2353 2182 2377 ,
2228 2313 2316 2382 qui
2342 2314 2576 2369 nascitur
2602 2333 2666 2370 ex
2692 2320 3143 2387 concupiscentia.
3170 2321 3303 2378 Nam

1716 2401 1828 2463 illa,
1857 2398 2061 2456 inﬂicto
2086 2403 2336 2471 vulnere,
2383 2407 2696 2477 plerumque
2723 2410 2977 2465 celeriter
3002 2413 3177 2466 avolat
3201 2429 3214 2477 ;
3244 2424 3301 2468 at

1715 2493 1907 2547 vulnus
1928 2508 2032 2548 non
2062 2495 2272 2559 avolat,
2298 2498 2391 2552 sed
2415 2499 2725 2569 plerum-quc
2750 2512 2929 2557 manet
2949 2513 3003 2558 et
3025 2505 3296 2562 interﬁcit.

1716 2584 1785 2639 Et
1823 2585 2269 2656 quemadmodum
2307 2604 2463 2645 cerva
2491 2593 2701 2647 c0utixa
2722 2596 2899 2662 jaculo
2929 2597 2980 2650 in
3014 2598 3152 2651 letali
3180 2614 3304 2653 cor-

1716 2678 1861 2746 poris
1889 2686 2061 2746 parte,
2091 2679 2298 2735 etiamsi
2326 2694 2641 2738 venatorum
2673 2685 2887 2755 etfugiat
2915 2704 3102 2743 manus
3121 2732 3134 2755 ,
3170 2691 3303 2747 nihil

1716 2768 1839 2824 inde
1878 2770 1979 2825 fert
2016 2772 2151 2825 lucri
2180 2789 2194 2824 :
2224 2770 2301 2823 sic
2319 2773 2831 2845 ctanima,accepto
2855 2780 3303 2849 concupiscentia)

1711 2860 1890 2929 jaculo
1924 2876 1955 2915 e
1991 2862 2189 2917 lascivo
2217 2863 2535 2935 curiosoquc
2559 2877 2774 2935 aspectu
2795 2908 2811 2934 ,
2842 2870 3050 2925 etiamsi
3082 2872 3304 2926 dimisso

1711 2950 1890 3020 jzicnlo
1919 2954 2253 3021 permittatur
2279 2956 2428 3013 abire
2452 2997 2466 3021 ,
2502 2968 2675 3013 tamen
2702 2958 2814 3025 ipsa
2846 2972 2942 3027 per
2971 2974 3030 3015 se
3057 2974 3305 3017 corrum-

1718 3046 1859 3114 pitur
1886 3061 1948 3101 ac
1970 3048 2106 3116 perit
2127 3088 2142 3113 ,
2165 3048 2357 3119 ubique
2376 3050 2563 3105 videns
2596 3050 2830 3116 hostem,
2853 3060 2908 3104 et
2934 3052 3303 3122 insequentem

1718 3138 1938 3193 habens.
1962 3140 2065 3195 Sed
2095 3142 2234 3211 quod
2275 3142 2454 3199 dicere
2478 3160 2743 3215 cmpcram
2775 3142 2967 3215 (neque
2989 3146 3132 3199 enim
3152 3162 3304 3202 com-

1717 3231 2035 3286 mittendum
2066 3243 2147 3288 est
2173 3244 2228 3287 ut
2271 3235 2322 3287 in
2346 3234 2446 3295 hoc
2472 3246 2577 3290 tam
2599 3238 2783 3306 longas
2808 3236 3073 3292 sermonis
3092 3237 3299 3306 digres-

1715 3324 1896 3379 siones
1940 3324 2253 3395 faciamus),
2299 3325 2571 3397 Scriptura
2613 3344 2735 3382 cum
2780 3333 3011 3399 peccatis
3048 3329 3210 3383 simul
3253 3335 3307 3380 et

1719 3424 2056 3484 peccatorum
2096 3432 2284 3472 causas
2324 3418 2461 3472 solet
2486 3434 2910 3475 commemorare
2939 3436 2954 3474 :
2981 3421 3104 3475 audi
3133 3432 3186 3476 et
3217 3418 3306 3475 hic

1717 3511 1843 3581 quid
1881 3510 2020 3566 dicat
2061 3510 2128 3566 de
2169 3510 2315 3567 Ozia.
2344 3510 2527 3582 Neque
2552 3514 2691 3567 enim
2723 3512 2825 3568 hoc
2851 3521 3055 3568 tantum
3081 3529 3178 3569 nos
3204 3514 3305 3569 do-

1718 3604 1861 3672 cuit,
1890 3605 2088 3659 clatum
2116 3604 2286 3660 fuisse
2313 3621 2405 3660 cor
2433 3606 2547 3676 ejus
2567 3648 2581 3671 ,
2613 3622 2795 3661 verum
2821 3606 3021 3661 addidit
3049 3608 3188 3662 unde
3210 3607 3309 3662 fuit
3356 3635 3369 3647 -

1719 3697 1938 3753 elatum.
1972 3696 2127 3753 Unde
2151 3712 2279 3767 ergo
2308 3698 2505 3751 elatum
2535 3697 2673 3752 fuit?
2698 3697 2825 3753 Cum
2850 3708 3025 3769 potens
3053 3709 3197 3763 esset,
3222 3700 3307 3754 in-

1719 3790 1866 3858 quit,
1894 3789 2080 3844 elatum
2102 3798 2177 3844 est
2202 3805 2289 3843 cor
2314 3791 2442 3861 ejus.
2464 3789 2578 3844 Non
2608 3789 2726 3844 tulit
2752 3791 3077 3860 principatus
3103 3791 3309 3859 magni-

1722 3882 1957 3938 tudinem
1982 3924 1997 3949 ,
2043 3882 2139 3939 sed
2179 3883 2314 3938 sicut
2340 3898 2406 3938 ex
2431 3882 2693 3938 edacitate
2719 3884 2954 3938 nascitur
2980 3886 3132 3953 ignea
3156 3881 3309 3937 inﬂa-

1722 3977 1830 4043 tio,
1861 3991 1925 4030 ex
1950 3974 2222 4030 inﬂatione
2245 3976 2473 4045 gignitur
2498 3975 2688 4043 febris,
2720 3975 2913 4029 deinde
2940 3990 3004 4030 ex
3035 3974 3169 4029 febri
3192 3975 3309 4043 ple-

1722 4081 1945 4136 rtunque
1988 4080 2133 4120 mors
2180 4084 2194 4120 :
2243 4065 2423 4120 itidem
2469 4076 2522 4121 et
2565 4065 2651 4120 hic
2678 4081 2744 4120 ex
2778 4081 2956 4120 rerum
2983 4064 3308 4119 abundantia

1721 4166 1842 4213 nata
1884 4167 1967 4212 est
2002 4156 2266 4225 superbia.
2295 4156 2425 4210 Nam
2456 4156 2593 4226 quod
2622 4157 2674 4211 in
2700 4156 3012 4224 corporibus
3039 4165 3122 4215 est
3150 4155 3306 4209 inﬂa.

1725 4252 1796 4305 tio
1817 4292 1831 4315 ,
1861 4250 1960 4305 hoc
1986 4250 2037 4303 in
2061 4248 2253 4309 animis
2272 4257 2353 4303 est
2378 4249 2648 4318 superbia.
2680 4247 2799 4303 Mox
2824 4263 2890 4302 ex
2918 4246 3165 4317 superbia
3189 4256 3309 4302 nata

1721 4353 1806 4400 est
1837 4343 2136 4413 appetentia
2161 4357 2339 4397 rerum
2366 4341 2466 4412 ipsi
2495 4357 2601 4396 non
2631 4342 3057 4410 congruentium.

1795 4436 1849 4492 5.
1891 4434 2017 4490 ilmc
2043 4449 2148 4489 non
2177 4434 2293 4489 sine
2318 4449 2477 4488 causa
2506 4433 2595 4487 ditt
2619 4442 2939 4499 tractamus,
2967 4430 3059 4485 sed
3089 4444 3156 4484 ne
3192 4444 3309 4482 um-

1725 4544 1885 4600 quam
1923 4526 2239 4584 existimetis
2278 4542 2398 4581 esse
2442 4524 2809 4595 suSpiciendos
2833 4564 2848 4588 ,
2900 4536 3073 4591 neque
3128 4520 3311 4575 felices

1724 4620 1914 4675 dicatis
1954 4633 2048 4674 eos
2093 4619 2183 4688 qui
2236 4617 2591 4686 principatum
2629 4623 2859 4685 gerunt,
2914 4626 3036 4667 cum
3124 4612 3312 4668 sciatis

1724 4726 1881 4781 quam
1912 4709 2117 4765 lubrico
2150 4709 2201 4762 in
2230 4715 2370 4761 statu
2409 4716 2725 4767 versentur;
2771 4717 2870 4758 nec
2900 4716 3151 4771 umquam
3193 4699 3312 4753 illos

1720 4802 1970 4873 judicctis
1997 4802 2243 4862 miseros,
2275 4799 2364 4867 qui
2392 4797 2444 4851 in
2476 4804 2712 4865 egestate
2736 4802 2790 4849 et
2821 4792 3203 4847 afﬂictionibus
3230 4790 3313 4843 vi-

1725 4903 1873 4957 vunt,
1906 4892 2138 4947 scientes
2169 4889 2306 4943 hanc
2330 4889 2495 4943 vitam
2521 4901 2641 4942 esse
2662 4886 2833 4941 multo
2862 4886 3127 4939 tutiorem.
3162 4882 3315 4940 Unde

1725 4994 1780 5041 et
1808 4982 2064 5054 propheta
2087 4980 2281 5035 clamat
2316 4978 2501 5034 dicens
2530 4994 2543 5030 :
2567 4976 2766 5031 Bonum
2792 4986 2863 5031 est
2884 4975 3028 5039 mihi,
3062 4973 3314 5040 Domine,

1725 5078 1844 5148 quia
1872 5072 2151 5129 humiliasti
2172 5089 2248 5127 me
2272 5070 2292 5143 (
2316 5069 2462 5125 Psal.
2493 5069 2615 5125 H8.
2643 5069 2706 5123 Ἠ
2734 5070 2774 5138 ).
2800 5066 2934 5122 Vide
2961 5066 3120 5137 igitur
3142 5080 3311 5136 quan-

1727 5178 1837 5225 tum
1859 5183 1925 5223 ex
1946 5166 2231 5221 eminentia
2249 5172 2429 5219 uatum
2452 5162 2521 5217 sit
2540 5162 2759 5217 malum.
2780 5158 2989 5214 Elatum
3007 5168 3098 5224 est,
3122 5157 3313 5228 inquit,

1716 5274 1810 5313 cor
1831 5261 1941 5331 ejus
1961 5273 2118 5328 usque
2136 5256 2203 5310 ad
2232 5255 2604 5327 corruptionem
2623 5253 2698 5324 (2.
2731 5250 2904 5307 Paral.
2928 5250 3018 5305 ΞΘ.
3045 5250 3155 5319 16).
3176 5248 3312 5314 Quid

1726 5363 1838 5420 est,
1869 5351 2035 5422 Usque
2074 5351 2143 5405 ad
2172 5349 2580 5419 corruptionem?
2601 5346 2779 5417 Usque
2804 5345 2868 5400 ad
2900 5358 3086 5415 pravas
3110 5344 3315 5410 cogita-

1726 5446 1897 5499 tiones
1924 5485 1938 5508 ,
1990 5459 2107 5514 qua:
2138 5456 2356 5512 prorsus
2386 5455 2490 5494 non
2516 5437 2809 5494 ascendunt
2849 5438 2901 5489 in
2929 5436 3163 5488 animum
3206 5446 3307 5487 no-

1728 5546 1917 5598 strum,
1943 5534 1988 5589 si
2014 5548 2111 5588 nos
2140 5534 2283 5603 ipsos
2313 5532 2477 5586 multa
2506 5532 2753 5586 cautione
2791 5526 3261 5595 circumsepiamus
3291 5542 3309 5581 :

1726 5629 1821 5685 sed
1852 5630 1894 5683 si
1926 5627 2251 5697 negligenter
2278 5625 2542 5695 egerimus
2567 5666 2580 5690 ,
2614 5630 2900 5678 nascuntur
2930 5621 2979 5674 in
3009 5618 3158 5674 nobis
3185 5631 3308 5689 ger-

1730 5721 2037 5789 minantque
2066 5734 2078 5770 :
2110 5718 2190 5772 sin
2222 5724 2609 5787 pra-vertantur
2634 5757 2647 5782 ,
2682 5714 2920 5784 protinus
2951 5710 3309 5781 prmt‘ocautur

3141 4342 3291 4352 ..ο-...ι-
