3696 6278
351 245 457 303 119

1167 230 1225 290 S.
1266 230 1544 289 JOANNIS
1579 222 2049 286 CHRYSOSTOMI
2089 221 2405 281 ARCHIEP.
2445 222 2983 285 CONSTANTINOP.

3542 230 3642 288 120

349 371 404 419 et
430 358 748 416 obruuntur.
775 354 909 411 Alia:
933 352 1224 424 gignuntur
1244 390 1260 414 ,
1285 359 1340 405 et
1363 354 1654 419 augentur,
1689 352 1847 413 atque
1872 340 1954 397 adv
2054 339 2309 410 Ejusdem
2335 340 2389 395 in
2414 340 2617 397 dictum
2650 341 2777 397 illud
2805 342 2973 404 Isaiae.
3005 341 3218 397 Fadum
3246 352 3318 398 est
3341 359 3475 399 anno
3494 388 3510 412 ,
3543 336 3654 411 qu?

359 464 555 525 pravas
579 449 820 504 actiones
842 445 1158 516 procedunt,
1180 454 1500 509 omnemque
1526 436 1721 492 mentis
1748 444 1945 489 nostra)

352 545 633 601 sanitatem
648 548 1020 611 corrumpunt,
1037 538 1083 593 si
1102 550 1292 607 magna
1310 535 1363 589 in
1384 532 1630 588 socordia
1646 544 1942 585 versemur.

354 637 465 692 lloc
496 634 676 705 itaque
700 633 829 688 dicit
852 672 866 697 ,
896 629 1107 684 Elatum
1136 637 1207 682 est
1238 643 1326 681 cor
1354 627 1462 696 ejus
1482 665 1497 689 ,
1524 638 1697 694 neque
1721 637 1780 677 se
1805 623 1945 676 intus

342 726 613 781 continuit
639 722 962 795 arrogantia,
992 736 1164 791 neque
1190 719 1449 774 exstincta
1474 724 1557 771 est
1579 756 1593 779 ,
1620 713 1715 770 sed
1738 723 1793 769 ut
1818 729 1945 783 prn-

354 818 530 887 rupit,
562 816 630 871 ad
656 830 790 885 opus
820 828 985 885 usque
1014 826 1235 883 pravum
1266 824 1547 881 progressa
1567 849 1583 875 ,
1614 816 1776 862 tatam
1806 805 1948 861 illius

353 911 606 964 virtutem
642 907 898 976 corrupit.
934 903 1215 961 Beatitudo
1244 912 1327 958 est
1355 901 1545 973 igitur,
1572 900 1947 971 cogitationem

354 1001 653 1072 improbam
682 1014 899 1069 prorsus
921 1012 1025 1052 non
1052 996 1356 1059 admittere,
1381 993 1521 1064 quod
1545 1000 1601 1048 et
1625 1007 1656 1046 a
1687 990 1946 1062 propheta

354 1094 553 1149 dictum
578 1103 688 1154 est,
721 1092 964 1154 Domine,
994 1106 1094 1144 non
1123 1099 1195 1142 est
1232 1088 1424 1142 clatum
1447 1102 1534 1139 cor
1568 1101 1730 1138 meum
1752 1084 1770 1153 (
1795 1082 1945 1137 Psal.

356 1186 478 1242 l50.
512 1187 533 1239 l
561 1186 603 1255 ).
629 1183 743 1238 Nnn
770 1182 922 1246 dixit,
954 1178 1165 1235 Elatum
1192 1178 1407 1250 quidem
1438 1184 1543 1243 est,
1572 1175 1667 1230 sed
1694 1173 1825 1229 illud
1848 1188 1945 1228 co-

356 1277 503 1334 hibui
537 1294 551 1331 :
581 1290 768 1330 verum
791 1314 807 1340 ,
854 1273 972 1328 Non
1019 1280 1102 1325 est
1131 1272 1350 1325 omnino
1395 1270 1593 1325 elatum
1628 1286 1641 1322 :
1677 1267 1778 1322 hoc
1820 1274 1904 1322 est
1929 1305 1945 1331 ,

354 1368 562 1437 Jugiter
603 1366 809 1422 servavi
853 1365 1083 1418 animam
1130 1377 1304 1418 meam
1349 1362 1673 1416 inaccessam
1710 1358 1946 1414 malitiae.

357 1460 471 1516 [loc
497 1460 654 1530 igitur
674 1466 758 1513 est
786 1454 1130 1512 beatitudinis
1158 1473 1171 1508 :
1202 1453 1329 1509 huic
1358 1454 1658 1523 proximum
1688 1450 1815 1505 illud
1843 1458 1944 1516 est,

362 1552 532 1607 malas
569 1550 918 1620 cogitationes
943 1546 1052 1617 jam
1081 1547 1350 1617 ingressas
1377 1544 1628 1600 celeriter
1654 1542 1945 1613 repellere,

359 1659 534 1715 neque
554 1644 750 1707 sinere,
778 1651 835 1695 ut
856 1641 961 1695 illic
986 1640 1185 1694 diutius
1215 1639 1585 1703 immorentur,
1610 1652 1679 1692 ne
1708 1637 1763 1691 in
1794 1636 1950 1691 nobis

358 1737 587 1808 pessime
612 1741 941 1804 grassentur.
986 1732 1138 1799 Quod
1168 1731 1214 1785 si
1239 1746 1305 1786 eo
1344 1745 1511 1801 usque
1550 1729 1809 1785 socordiae
1828 1743 1953 1800 pro-

358 1828 687 1884 cesserimus
708 1866 721 1889 ,
751 1834 835 1880 est
867 1840 960 1894 per
990 1824 1081 1877 Dei
1114 1822 1404 1878 bonitatem
1429 1830 1483 1876 ct
1509 1820 1664 1890 hujus
1690 1819 1952 1875 socordiae

356 1921 629 1983 solatium,
650 1918 921 1987 multaque
939 1917 1011 1972 ab
1032 1917 1121 1971 illa
1146 1930 1353 1971 summa
1370 1924 1424 1971 et
1443 1914 1694 1970 ineffabili
1716 1914 1953 1971 bonitate

356 2014 549 2073 talibus
576 2012 885 2067 vulneribus
911 2019 1093 2081 parata
1123 2018 1248 2066 sunt
1275 2009 1533 2065 remedia.
1564 2008 1672 2064 Sed
1698 2024 1798 2080 age
1837 2024 1953 2066 ser-

355 2124 571 2164 monem
601 2106 741 2160 hunc
768 2105 991 2160 missum
1016 2104 1288 2169 faciamus,
1320 2118 1392 2157 ne
1422 2102 1567 2173 quod
1595 2102 1647 2161 in
1678 2101 1831 2157 initio
1857 2117 1951 2158 ve-

356 2202 626 2266 rebamur,
651 2218 792 2256 nunc
812 2200 1017 2257 accidat
1040 2200 1214 2267 nobis,
1236 2214 1525 2270 rerumque
1549 2198 1701 2253 turba
1723 2207 1953 2254 vestram

357 2297 548 2351 obruat
574 2298 905 2351 memoriam.
937 2297 1273 2366 Quapropter
1316 2308 1599 2349 necessum
1628 2301 1711 2348 est
1749 2300 1806 2347 ut
1836 2307 1955 2363 quae

357 2387 498 2443 dicta
519 2398 661 2454 sunt,
686 2389 993 2443 summatim
1020 2387 1204 2457 paucis
1222 2395 1528 2455 repetamus
1552 2401 1566 2437 :
1591 2385 1669 2439 sic
1690 2393 1744 2440 et
1759 2394 1955 2441 matres

360 2480 536 2535 facere
561 2481 737 2535 solent
760 2496 879 2535 cum
910 2494 1088 2549 poma,
1119 2485 1213 2532 aut
1234 2477 1475 2542 bellaria,
1502 2486 1594 2531 aut
1614 2477 1758 2531 aliud
1779 2468 1962 2532 simile

362 2571 634 2642 quidpiam
666 2573 716 2626 in
745 2573 1014 2642 puerilem
1035 2571 1326 2626 immittunt
1350 2570 1526 2625 sinum
1554 2586 1569 2624 :
1600 2585 1669 2626 ne
1697 2585 1793 2640 per
1820 2583 1956 2640 pue-

365 2678 549 2718 rorum
589 2664 967 2734 negligentiam
998 2663 1209 2719 excidat
1237 2662 1439 2733 aliquid
1471 2677 1657 2718 eorum
1687 2678 1807 2733 quae
1831 2662 1955 2718 data

360 2764 489 2812 sunt
511 2798 525 2821 .
553 2766 882 2813 contractam
921 2758 1156 2827 undique
1196 2757 1481 2813 tuniculam
1507 2798 1523 2823 ,
1548 2757 1763 2827 cingulo
1786 2757 1956 2828 subji-

360 2851 528 2916 ciunt,
559 2865 666 2919 quo
685 2851 792 2905 sint
820 2851 873 2905 in
896 2859 1028 2905 tuto.
1059 2850 1203 2905 idem
1232 2865 1330 2904 nos
1355 2848 1633 2917 faciamus,
1656 2850 1956 2905 orationem

364 2942 417 2996 in
450 2942 662 3013 longum
695 2950 994 3012 porrectam
1025 2941 1432 3007 contrahamus,
1458 2941 1838 3011 memorimque
1865 2955 1959 2995 cu-

363 3034 551 3088 stodiae
578 3033 928 3104 deponamus.
961 3032 1200 3088 Audistis
1239 3032 1508 3102 quomodo
1532 3032 1662 3086 nihil
1692 3033 1958 3104 agendum

326 3126 435 3187 ,sit
453 3124 518 3179 ad
538 3127 972 3191 ostentationem,
998 3134 1362 3195 quantumque
1381 3126 1449 3178 sit
1473 3125 1669 3179 malum
1691 3124 1958 3191 socordia,

365 3226 425 3271 ut
442 3216 600 3271 etiam
628 3216 679 3271 in
702 3216 937 3287 perfecta
959 3217 1065 3273 vita
1090 3226 1389 3273 versantem
1414 3215 1568 3273 facile
1586 3218 1958 3288 supplantarit.

370 3309 642 3365 Didicistis
662 3320 859 3381 quanta
891 3311 1046 3367 nobis
1074 3326 1210 3382 opus
1224 3310 1295 3366 sit
1322 3325 1471 3377 cura,
1499 3311 1836 3381 potissimum
1861 3312 1963 3369 sub

366 3402 488 3453 vitae
513 3402 697 3465 linem,
716 3407 993 3469 utquenec
1007 3402 1404 3473 deSperandum
1423 3401 1551 3455 sitei
1567 3400 1657 3471 qui
1674 3417 1799 3457 cum
1831 3402 1962 3481 incl-l-

367 3491 536 3545 disset
583 3489 639 3544 in
672 3498 891 3560 peccata
930 3500 1165 3545 mutatus
1200 3499 1284 3546 est
1306 3532 1321 3555 ,
1353 3506 1526 3562 neque
1554 3501 1800 3563 oporteat
1836 3508 1962 3549 eum

368 3585 457 3654 qui
489 3586 540 3638 in
566 3585 813 3640 socordia
844 3585 994 3650 vivit,
1017 3585 1083 3640 de
1103 3595 1251 3641 recte
1277 3584 1431 3640 factis
1460 3586 1751 3643 confidere.
1785 3588 1965 3643 Disse-

371 3679 575 3733 ruimus
614 3678 766 3734 vobis
808 3677 879 3734 de
921 3678 1221 3735 differentia
1258 3688 1601 3749 peccatorum
1627 3721 1645 3748 ,
1683 3696 1752 3736 ne
1796 3682 1963 3737 simus

376 3768 723 3825 vehementer
773 3769 963 3826 intenti
1006 3770 1075 3825 ad
1117 3770 1341 3827 eximias
1387 3785 1671 3842 corporum
1719 3773 1962 3828 formas:

368 3871 734 3932 quantumque
752 3863 878 3918 hinc
904 3863 1107 3919 oriatur
1133 3863 1278 3929 mali,
1302 3864 1809 3920 demonstravimus.
1832 3865 1963 3934 Quae

369 3954 439 4009 de
483 3954 732 4024 superbia
772 3955 928 4010 vobis
965 3956 1199 4012 diximus
1238 3956 1559 4012 meministis
1584 3998 1599 4024 ,
1630 3972 1859 4029 quaeque
1896 3957 1965 4014 de

372 4045 553 4115 pravis
592 4046 1030 4117 cogitationibus.
1060 4046 1187 4103 Hauc
1226 4058 1503 4104 servantes
1546 4048 1831 4105 redeamus
1863 4049 1964 4105 do-

373 4155 559 4205 mum;
606 4141 734 4211 quin
762 4142 939 4212 potius
968 4143 1085 4197 hare
1111 4152 1387 4197 servantes
1426 4143 1753 4214 excipiamus
1790 4142 1967 4215 perfe-

370 4233 596 4287 ctiorem
637 4234 819 4289 eximii
847 4234 1085 4291 doctoris
1119 4235 1571 4293 exhortationem.
1621 4236 1754 4291 Nam
1783 4248 1965 4293 nostra

371 4323 609 4394 quidem,
627 4324 1033 4395 qualiacumque
1054 4334 1196 4390 sunt,
1225 4325 1421 4381 habent
1435 4326 1729 4395 iuventutis
1750 4327 1964 4384 indicia:

376 4416 541 4486 hujus
561 4426 776 4482 autem,
805 4417 1217 4488 qualiacumque
1268 4417 1508 4484 fuerint,
1554 4433 1687 4473 cana
1736 4418 1963 4490 quadam

373 4507 653 4577 prudentia
677 4516 801 4562 sunt
825 4519 1029 4563 ornata.
1055 4511 1132 4563 Ac
1157 4517 1337 4564 nostra
1366 4509 1584 4580 quidem
1623 4510 1817 4567 similia
1843 4520 1967 4567 sunt

373 4607 596 4654 torrenti
615 4640 631 4666 ,
661 4599 749 4670 qui
777 4614 900 4654 cum
928 4599 1156 4671 strepitu
1184 4598 1389 4669 fertur;
1426 4600 1569 4656 illius
1594 4609 1770 4655 autem
1796 4603 1967 4657 oratio

372 4692 563 4747 similis
582 4700 665 4747 est
678 4690 808 4746 fonti
829 4706 1017 4764 magna
1042 4692 1423 4763 tranquillitate
1444 4692 1635 4749 uvios
1650 4692 1963 4761 effundenti,

373 4786 463 4856 qui
495 4785 598 4840 olei
629 4784 798 4857 magis
827 4801 985 4857 quam
1012 4802 1269 4857 aquarum
1291 4802 1504 4842 cursum
1531 4786 1786 4843 imitetur.
1810 4788 1970 4844 Exci-

377 4879 585 4947 piamus
610 4878 771 4948 igitur
794 4893 857 4934 ea
886 4878 1114 4946 fluenta,
1144 4888 1202 4935 ut
1242 4879 1372 4935 fiant
1398 4880 1453 4935 in
1480 4880 1635 4935 nobis
1668 4880 1787 4936 fons
1816 4896 1969 4953 aqua:

375 4968 616 5022 salientis
640 4969 693 5023 in
717 4968 878 5023 vitam
902 4979 1154 5026 mternam
1177 4969 1367 5044 (Joan.
1388 4972 1442 5027 4.
1468 4972 1534 5027 14
1554 4974 1572 5043 )
1596 4988 1610 5027 :
1634 4988 1793 5044 quam
1813 4973 1969 5030 nobis

376 5060 625 5113 omnibus
651 5060 923 5131 contingat
952 5064 1162 5133 assequi
1186 5104 1199 5127 ,
1236 5063 1403 5132 gratia
1436 5071 1491 5118 et
1515 5062 1838 5133 benignitate
1865 5064 1969 5119 Do-

382 5152 510 5207 mini
542 5152 709 5206 nostri
734 5151 862 5207 Jesu
902 5151 1097 5207 Christi
1139 5153 1213 5225 ()
1237 5195 1253 5220 ,
1282 5169 1403 5215 enm
1451 5169 1559 5226 quo
1599 5155 1784 5225 Patri,
1811 5156 1967 5211 simul

377 5258 497 5296 cum
521 5251 707 5298 sancto
726 5252 780 5299 et
800 5243 943 5300 bono
962 5244 1162 5315 Spiritu
1191 5245 1380 5312 honor,
1404 5246 1569 5316 gloria
1590 5256 1645 5303 et
1665 5248 1967 5319 imperium,

379 5349 522 5391 nunc
545 5343 601 5392 et
628 5350 859 5407 semper,
885 5346 939 5392 et
966 5336 1019 5392 in
1050 5337 1243 5394 saecula
1264 5338 1602 5394 saeculorum.
1632 5341 1824 5396 Amen.

444 5495 518 5555 ()
552 5501 663 5557 Quae
698 5494 920 5557 sequitur
956 5492 1201 5544 conclusio
1224 5495 1295 5545 sic
1326 5493 1534 5557 habetur
1553 5495 1600 5542 in
1628 5506 1727 5557 uno
1760 5493 1933 5547 Codice
1955 5531 1970 5554 ,

381 5565 529 5625 atque
550 5555 835 5632 italegerat
858 5562 1094 5632 Erasmus.
1120 5563 1414 5632 Quamquam
1423 5556 1512 5632 Lbze
1528 5555 1892 5632 conclusiones,
1917 5566 1972 5608 ut

380 5617 476 5677 iam
508 5617 631 5688 alibi
667 5617 897 5681 diximus,
940 5619 999 5670 ad
1039 5617 1347 5670 librariorum
1385 5617 1577 5669 libitum
1613 5628 1669 5669 ut
1711 5618 1969 5681 plurimum

704 5691 831 5771 511111..

2128 446 2361 491 mortuus
2398 446 2472 491 est
2512 436 2664 491 Ozias
2701 453 2811 501 rex,
2857 438 2960 490 vidi
3002 437 3275 491 Dominum
3312 438 3573 492 sederitem
3592 439 3642 493 in

2123 530 2253 584 solio
2282 530 2478 586 excelso
2515 540 2562 585 et
2590 531 2721 585 elato
2748 529 2767 603 (
2792 530 2917 585 lsai.
2943 529 3132 600 6.1)
3177 539 3231 584 et
3259 530 3376 583 laus
3412 530 3643 587 civitatis

2125 624 2425 681 Antiochia:
2451 640 2467 690 ;
2514 633 2570 681 et
2598 624 2852 679 adversus
2880 638 2977 680 eos
3002 624 3089 696 qui
3120 623 3405 694 prohibent
3431 624 3643 693 nuptias

2124 717 2509 776 demonstratio
2533 715 2737 772 divina.

2635 827 2916 885 HOMILIA
2958 826 3048 885 .

2128 947 2181 1002 1.
2238 943 2597 1017 Frequentiam
2662 944 2953 999 auditorum
3031 943 3125 998 sibi
3192 943 3412 1016 ipsisque
3468 953 3644 1016 grant.

2057 1036 2232 1105 fatur;
2275 1037 2455 1092 Romae
2521 1040 2727 1108 praefert
2782 1053 2926 1091 suam
2987 1037 3255 1090 civitatem.
3415 1037 3645 1091 [rtecla-

2057 1147 2174 1186 rum
2228 1130 2383 1185 nobis
2419 1129 2579 1184 hodie
2632 1128 2896 1185 theatrum
2949 1130 3131 1196 adest,
3184 1128 3498 1200 magnificus
3543 1132 3647 1183 ala-

2055 1223 2265 1294 crisque
2330 1231 2519 1276 eteius.
2573 1220 2711 1289 Quid
2769 1220 2979 1275 tandem
3037 1228 3121 1275 est
3182 1221 3233 1275 in
3294 1220 3497 1276 causa?
3550 1221 3645 1275 Se-

2056 1313 2251 1368 mentis
2304 1312 2415 1367 beri
2467 1310 2618 1366 facta:
2660 1310 2894 1376 fructus,
2937 1311 3097 1366 hodie
3134 1310 3326 1367 messis
3370 1321 3472 1368 est.
3524 1312 3645 1367 Heri

2057 1403 2430 1474 plantavimus,
2455 1402 2614 1457 hodie
2646 1402 2919 1457 metimus.
2944 1397 3060 1456 Non
3088 1402 3231 1457 enim
3261 1410 3455 1458 terram
3481 1403 3649 1457 inani-

2059 1509 2199 1548 mam
2222 1493 2468 1559 colimus,
2490 1501 2547 1546 ut
2579 1492 2731 1546 tarde
2759 1491 3058 1558 fructificet,
3085 1492 3179 1547 sed
3206 1493 3411 1549 animas
3442 1494 3647 1549 ratione

2060 1586 2328 1656 praeditas.
2362 1584 2477 1640 Non
2505 1593 2588 1639 est
2628 1594 2835 1651 natura,
2865 1599 2985 1654 qute
3013 1592 3311 1652 cunctatur,
3337 1583 3429 1640 sed
3457 1586 3645 1657 gratia,

2058 1695 2177 1751 quae
2203 1665 2487 1735 accelerat.
2523 1678 2689 1733 Recte
2728 1679 3057 1748 compositus
3097 1678 3253 1735 nobis
3276 1680 3523 1749 populus,
3557 1694 3648 1734 au-

2060 1771 2237 1826 diendi
2268 1770 2506 1825 studiosa
2540 1770 2687 1840 plebs
2717 1779 2820 1825 est.
2851 1769 2975 1824 Heri
3003 1771 3175 1825 vocati
3203 1779 3347 1837 sunt,
3366 1770 3529 1827 hodie
3558 1788 3647 1827 co-

2060 1874 2339 1920 ronantur.
2365 1864 2759 1921 Admonitionis
2792 1863 3061 1920 hesternae
3102 1863 3304 1920 fructus
3332 1865 3647 1921 hodiernum

2060 1966 2143 2012 est
2179 1956 2517 2028 obsequium.
2566 1956 2721 2013 Unde
2773 1971 2873 2012 nos
2916 1971 3129 2027 quoque
3172 1956 3398 2013 libenter
3445 1958 3648 2012 semina

2056 2049 2306 2121 jacimus,
2338 2051 2460 2120 quia
2507 2065 2701 2122 purum
2748 2049 2989 2105 videmus
3034 2065 3256 2117 arvum,
3287 2066 3393 2105 non
3443 2052 3652 2122 spinam

2061 2156 2179 2212 quae
2208 2141 2430 2197 suffocat
2450 2183 2467 2209 ,
2502 2156 2676 2213 neque
2702 2142 2843 2198 viam
2890 2157 3011 2214 quae
3036 2135 3313 2208 "calcatur,
3358 2159 3532 2215 neque
3561 2160 3653 2214 pe-

2065 2243 2200 2289 tram
2231 2234 2494 2301 sterilem,
2528 2235 2623 2290 sed
2672 2234 2992 2305 profundum
3033 2252 3097 2292 ac
3144 2236 3392 2307 pinguem
3436 2252 3651 2307 agrum,

2061 2327 2151 2397 qui
2177 2327 2336 2382 simul
2360 2338 2415 2383 et
2438 2342 2622 2383 semen
2648 2327 2876 2397 recipit,
2906 2336 2962 2382 et
2988 2327 3189 2398 spicam
3232 2328 3384 2383 nobis
3408 2328 3651 2384 exhibet.

2063 2420 2191 2477 Haec
2216 2435 2429 2491 semper
2457 2419 2667 2491 loquor,
2700 2434 2801 2476 nec
2824 2419 2965 2491 loqui
2993 2419 3233 2476 desinam
3263 2437 3281 2476 :
3313 2421 3427 2476 lucc
3455 2430 3655 2476 nostra

2062 2514 2295 2569 civitatis
2340 2512 2458 2569 laus
2511 2522 2629 2579 est,
2659 2528 2765 2568 non
2818 2513 2961 2584 quod
3017 2522 3261 2569 senatum
3305 2514 3511 2579 habeat.
3549 2532 3653 2570 non

2063 2608 2203 2678 quod
2227 2607 2476 2663 consules
2506 2622 2794 2663 numerare
2825 2607 3112 2678 possimus,
3151 2623 3323 2679 neque
3362 2609 3500 2679 quod
3544 2620 3656 2664 Sta-

2068 2708 2186 2754 tuas
2207 2698 2536 2768 complures,
2569 2713 2743 2768 neque
2769 2698 2908 2770 quod
2942 2699 3202 2754 mercium
3225 2699 3454 2770 copiam,
3480 2716 3657 2771 neque

2064 2788 2205 2859 quod
2232 2790 2393 2844 situm
2434 2788 2630 2844 haheat
2653 2788 2996 2844 commodum
3033 2807 3046 2843 :
3080 2788 3174 2844 sed
3221 2789 3364 2860 quod
3400 2792 3655 2861 populum

2053 2879 2260 2944 habent
2283 2880 2533 2937 audiendi
2577 2880 2898 2947 studiosum,
2928 2880 3068 2951 quod
3097 2882 3293 2952 templa
3322 2882 3416 2938 Dei
3462 2883 3657 2954 plena,

2066 2972 2206 3042 quod
2236 2972 2490 3028 Ecclesiae
2511 2972 2717 3027 deliciae
2746 2973 2916 3044 magis
2943 2982 3194 3028 crescunt
3221 2974 3270 3029 in
3299 2974 3448 3043 dies,
3478 2978 3656 3046 quod-

2067 3078 2172 3135 que
2217 3079 2525 3120 sermonem
2572 3063 2767 3119 habeat
2804 3064 3193 3135 profluentem,
3224 3065 3660 3139 desideriumque

2071 3170 2361 3226 numquam
2388 3156 2696 3211 satianlem.
2742 3154 3015 3226 Siquidem
3037 3157 3223 3213 civitas
3261 3173 3366 3214 non
3397 3158 3463 3213 ab
3491 3160 3660 3214 aedili-

2068 3246 2184 3312 ciis,
2210 3245 2305 3301 sed
2336 3246 2403 3302 ab
2430 3245 2852 3303 inhabitantibus
2876 3247 3192 3304 admiranda
3221 3249 3467 3306 redditur
3498 3252 3539 3307 .
3578 3252 3660 3308 Ne

2069 3337 2200 3393 mihi
2230 3354 2418 3395 narres
2444 3339 2811 3395 Romanorum
2834 3340 3020 3396 urbem
3064 3341 3424 3412 magnitudine
3453 3346 3660 3414 spatio-

2069 3446 2184 3487 sam
2216 3448 2366 3498 esse;
2393 3431 2488 3487 sed
2511 3432 2735 3488 ostende
2756 3432 2884 3488 mihi
2916 3433 3025 3488 illic
3051 3434 3305 3505 p0pnlum
3332 3452 3482 3507 teque
3504 3439 3660 3509 cupi-

2070 3523 2195 3578 dum
2244 3524 2517 3579 audiendi.
2546 3524 2680 3580 Nam
2718 3523 2949 3580 Sodoma
2996 3534 3171 3580 turres
3212 3526 3504 3595 habebant,
3537 3545 3660 3585 cum

2071 3616 2339 3672 Abraham
2383 3619 2435 3672 in
2473 3617 2682 3690 tugurio
2730 3628 3073 3674 moraretur:
3103 3627 3337 3675 attamen
3387 3620 3660 3679 venientes

2070 3709 2243 3779 angeli
2273 3708 2507 3763 Sodoma
2537 3709 2907 3780 praeteribant,
2938 3718 2990 3765 et
3030 3709 3097 3764 ad
3136 3712 3399 3783 tugurium
3427 3712 3660 3770 diverte

2071 3802 2199 3857 bant
2222 3800 2371 3873 (Gen.
2400 3799 2510 3877 l8).
2537 3801 2654 3858 Non
2680 3802 2824 3858 enim
2852 3801 3047 3858 :edium
3074 3803 3415 3873 splendorem
3443 3821 3660 3877 qumre~

2071 3894 2219 3961 bant,
2240 3893 2333 3950 sed
2355 3895 2548 3950 anima:
2570 3895 2820 3951 virtutem
2850 3903 2903 3951 et
2922 3894 3374 3965 pulchritudinem
3405 3914 3660 3969 qumren-

2073 3996 2151 4043 tes
2202 3987 2572 4043 circumibant.
2617 3988 2695 4044 Ita
2738 4002 2870 4045 sane
2915 3989 3049 4044 alias
3099 3989 3369 4045 desertum
3432 3991 3660 4048 habebat

2071 4079 2351 4148 Joannem,
2376 4081 2567 4137 civitas
2597 4081 2861 4138 Herodem
2935 4098 3108 4154 eoque
3134 4082 3405 4139 desertum
3430 4086 3660 4142 nobilius

2071 4184 2188 4229 erat
2212 4172 2446 4229 civitate.
2476 4172 2583 4230 Cur
2609 4173 2681 4228 ita
2711 4172 3248 4243 tandemlQnoniam
3290 4191 3395 4231 non
3438 4176 3489 4231 in
3518 4188 3660 4232 strn.

2072 4266 2237 4322 cturis
2276 4266 2377 4323 sita
2403 4276 2487 4323 est
2517 4265 2816 4339 prophetia.
2842 4266 2966 4322 Haec
2990 4267 3131 4336 dico,
3160 4270 3443 4340 nequando
3470 4272 3660 4326 civita.

2075 4366 2181 4414 tem
2231 4359 2612 4430 praedicemus,
2645 4374 2765 4430 qua:
2810 4359 3051 4415 moribus
3089 4361 3348 4417 dissoluta
3376 4372 3478 4418 est.
3524 4365 3660 4432 Quid

2073 4450 2204 4506 mihi
2231 4466 2419 4507 narras
2447 4451 2673 4507 aedilicia
2694 4493 2709 4519 ,
2736 4451 2862 4523 quid
2896 4453 3220 4509 columnas?
3249 4455 3374 4510 llam
3412 4472 3515 4512 una
3540 4474 3660 4513 cum

2074 4543 2326 4613 przesenti
2378 4544 2485 4598 vita
2539 4543 2846 4598 diruuntur.
2905 4542 3199 4600 Ecelesiam
3260 4545 3575 4617 ingredere,

2073 4633 2303 4689 civitatis
2329 4634 2511 4690 videas
2537 4634 2890 4690 nobilitatem.
2919 4634 3224 4707 Ingredere,
3258 4638 3495 4710 inquam,
3535 4642 3660 4698 vide

2075 4743 2335 4798 pauperes
2364 4744 2394 4783 a
2439 4728 2618 4785 medio
2642 4729 2817 4785 noctis
2847 4744 3016 4799 usque
3054 4729 3122 4785 ad
3175 4732 3350 4787 lucem
3399 4748 3660 4803 persevc-

2074 4832 2254 4878 rantes
2273 4864 2288 4890 ,
2318 4822 2438 4878 vide
2468 4838 2619 4878 saera
2647 4822 2923 4894 pervigilia
2957 4822 3101 4878 diem
3132 4839 3253 4880 cum
3300 4836 3457 4882 nocte
3496 4841 3660 4899 copu-

2075 4915 2237 4972 lantia
2285 4932 2302 4971 :
2342 4914 2465 4971 vide
2504 4931 2597 4971 eos
2652 4930 2827 4985 nequc
2881 4916 3112 4971 interdiu
3154 4933 3327 4988 neque
3370 4928 3535 4975 noctu
3583 4926 3659 4976 ve

2074 5009 2247 5063 somni
2280 5007 2615 5080 tyrannidem
2646 5021 2711 5063 ac
2739 5006 3046 5063 violentiam
3097 5019 3433 5078 metuentes,
3469 5012 3555 5067 vel
3590 5013 3660 5067 in-

2074 5102 2212 5173 opia:
2233 5102 2607 5157 necessitatem
2636 5100 3001 5159 formidantes.
3028 5102 3213 5174 Magna
3241 5120 3426 5161 revera
3454 5105 3660 5172 civitas,

2076 5213 2140 5254 ac
2166 5198 2325 5253 totius
2346 5196 2494 5253 orbis
2521 5198 2859 5269 metropolis.
2886 5197 3027 5266 Quot
3053 5198 3311 5270 episcopi,
3332 5208 3464 5269 quot
3491 5198 3659 5253 docto

2074 5307 2165 5348 res
2206 5290 2310 5346 huc
2355 5300 2656 5357 venerunt,
2686 5300 2742 5348 et
2782 5307 2811 5345 a
2858 5292 3056 5363 populo
3085 5291 3227 5347 docti
3253 5291 3581 5355 discedunt,
3613 5308 3660 5344 IN

2078 5385 2249 5456 legem
2300 5384 2443 5439 illam
2490 5385 2706 5441 insitam
2747 5383 2801 5439 in
2848 5398 2909 5439 se
2953 5385 3355 5455 transplantare
3379 5394 3581 5441 curant

2195 5495 2336 5547 savil.
2358 5531 2374 5555 ,
2396 5498 2468 5548 sic
2487 5496 2757 5547 habet......
2793 5494 2881 5547 sed
2914 5495 2973 5545 ab
3005 5495 3379 5547 inhabitantibus
3416 5494 3655 5557 denitur

2197 5562 2270 5622 sic
2290 5559 2453 5618 savil.,
2477 5558 2641 5610 Morel.
2668 5568 2721 5610 et
2743 5559 3043 5622 Manuscripti
3063 5595 3077 5615 ,
3103 5573 3199 5608 uno
3223 5567 3453 5622 excepto.
3479 5561 3564 5620 qui
3593 5560 3648 5622 lia

2080 5622 2185 5681 bet,
2213 5620 2291 5672 hic
2315 5622 2526 5683 discunt,
2552 5634 2654 5684 pro,
2680 5622 2732 5670 in
2754 5619 3185 5684 aetransplantare
3207 5619 3399 5683 curant,
3428 5627 3481 5671 et
3500 5619 3578 5670 sic
3612 5621 3659 5669 te

2085 5693 2228 5746 gerat
2250 5690 2486 5742 Erasmus,
2510 5681 2594 5749 qui
2618 5684 2783 5743 vertit,
2807 5681 2886 5733 hic
2911 5681 3118 5733 ducunt.
