3738 6274
78 263 133 316 et
1006 256 1071 312 tv
1108 254 1333 320 lLLUD,
1374 250 1508 307 vnn
1549 248 1890 320 nomnen,
1932 252 2165 311 liOMiL.
2207 254 2295 312 iV.
3241 260 3338 314 me

72 380 181 450 φίλι
227 378 275 434 si
328 376 476 433 mihi
509 390 700 431 narres
728 374 1018 446 dignitates
1057 384 1114 429 et
1158 387 1320 444 opum
1363 368 1643 427 abundan-

71 480 177 535 tiam,
199 485 228 522 a
260 467 421 525 foliis
445 512 463 528 .
488 485 598 522 non
629 485 658 522 a
683 469 973 531 fructibus,
999 467 1247 521 arborem
1269 464 1471 519 laudas.
1518 462 1645 518 [huc

68 574 201 617 tatem
248 561 463 632 ioun
506 577 615 616 non
671 566 959 615 assentans
1008 558 1217 613 caritati
1275 567 1493 622 vestrm,
1547 556 1642 611 sed

68 656 279 711 virtutem
343 663 597 710 vestram
652 653 975 725 przedicans.
1030 651 1232 706 Beatus
1272 665 1373 721 ego
1423 658 1645 720 propter

65 761 163 809 vos,
185 745 328 800 beati
362 760 471 800 vos
499 755 720 815 propter
744 759 839 799 vos
868 744 1011 813 ipsos
1039 760 1053 797 :
1089 742 1273 797 Beatus
1300 742 1386 813 qui
1417 740 1642 812 loquitur

66 838 111 891 ad
140 855 285 892 eum
340 839 674 892 audientium
702 836 894 907 (Eccle.
920 835 1011 890 25.
1047 833 1139 904 12)
1166 852 1181 889 :
1210 835 1287 890 sic
1309 848 1411 904 ego
1455 833 1641 888 beatus

67 932 197 984 factus
247 947 405 985 sum.
462 929 611 984 Beati
660 929 749 999 qui
799 928 1028 982 esuriunt
1074 935 1121 980 et
1165 925 1341 980 sitiunt
1381 924 1640 996 justitiam

67 1022 234 1085 illata.
270 1022 329 1076 5.
372 1021 458 1091 6).
498 1021 663 1075 Vides
688 1018 957 1089 quomodo
984 1012 1261 1072 vos'beati
1303 1026 1518 1087 propter
1543 1029 1640 1069 vos

214 1114 354 1169 estis
416 1113 589 1168 facti?
620 1113 812 1168 Beatus
850 1119 933 1166 est
983 1109 1067 1164 vir
1105 1122 1292 1162 amans
1331 1120 1638 1162 sermonum

64 1206 420 1275 spiritualium.
459 1204 579 1260 Hoc
604 1218 706 1258 nos
735 1201 1010 1274 distinguit
1037 1216 1069 1256 a
1110 1199 1301 1254 brutis.
1333 1196 1449 1253 Non
1495 1197 1637 1253 enim

64 1317 130 1356 ws
156 1299 220 1354 ab
244 1300 357 1354 illis
390 1307 619 1367 separat
639 1297 882 1365 corporis
904 1297 1251 1364 ratio,neqne
1276 1291 1417 1363 quod
1448 1292 1642 1346 alimur

60 1403 123 1445 aut
146 1390 409 1453 bibimus,
436 1403 619 1459 neque
645 1386 783 1458 quod
817 1388 1083 1456 pascimur
1107 1394 1198 1439 ant
1223 1384 1449 1439 vivimus
1475 1401 1489 1440 :
1523 1383 1641 1438 inec

58 1484 166 1537 enim
192 1481 386 1537 omnia
435 1481 595 1534 nobis
639 1494 765 1534 eum
804 1477 975 1533 brutis
1012 1487 1135 1532 sunt
1172 1476 1498 1531 communia.
1533 1474 1639 1531 Sed

57 1591 129 1641 qua
155 1590 211 1629 re
233 1572 604 1640 distinguitur
629 1585 661 1625 a
705 1569 875 1623 brutis
913 1568 1116 1623 homo?
1149 1567 1411 1623 Sermone
1446 1584 1460 1620 :
1491 1577 1543 1622 et
1568 1567 1640 1621 ob

58 1667 291 1721 idanimal
319 1666 535 1720 dicitur
561 1673 772 1730 λογικὸνε
796 1665 897 1717 hoc
928 1671 1027 1727 est,
1057 1662 1323 1715 sermonis
1352 1659 1635 1731 particeps.

58 1762 106 1814 [ι
132 1760 267 1814 enim
291 1760 527 1814 aluntur
550 1771 775 1826 corpora
797 1798 812 1818 ,
843 1755 921 1809 sic
950 1756 1166 1810 aluntur
1190 1762 1245 1808 et
1272 1754 1464 1807 anima:
1497 1769 1511 1806 :
1543 1752 1637 1807 sed

53 1865 220 1920 Carpus
271 1865 470 1921 pane,
522 1850 702 1902 anima
764 1862 1033 1903 sermone.
1088 1845 1316 1900 Proinde
1363 1843 1408 1899 si
1459 1843 1639 1899 videas

54 1944 300 1997 botttittem
341 1949 665 1995 vescentem
717 1937 909 2007 lapide,
943 1953 1069 1992 num
1102 1936 1249 1991 illum
1285 1936 1486 1991 dixeris
1519 1950 1639 1990 esse

55 2032 353 2088 hminem?
390 2031 593 2087 Itidem
648 2030 692 2085 si
746 2046 901 2101 quem
930 2029 1125 2085 videris
1178 2030 1265 2099 qui
1318 2044 1425 2083 non
1466 2027 1639 2083 alatur

52 2141 275 2179 sermone
298 2166 316 2190 ,
347 2122 454 2178 sed
484 2123 753 2177 sermonis
783 2136 847 2177 ac
871 2122 1091 2176 rationis
1122 2120 1320 2189 inopia,
1350 2120 1514 2182 dices,
1543 2118 1640 2173 ilic

53 2231 95 2273 et
117 2220 340 2273 hominis
370 2227 625 2272 naturam
658 2216 873 2279 amisit,
900 2214 1164 2286 siquidem
1192 2214 1437 2269 educatio
1458 2212 1639 2267 decia-

55 2322 117 2364 rnt
159 2312 394 2365 hominis
450 2309 810 2363 nobilitatem.
858 2305 1115 2375 Quoniam
1167 2307 1324 2376 igitur
1369 2306 1634 2360 theatrum

55 2403 185 2456 nobis
212 2403 441 2471 plenum
469 2408 578 2465 est,
612 2400 847 2469 itemque
868 2413 1013 2454 mare
1040 2398 1246 2468 pridem
1276 2409 1508 2453 testuans
1525 2400 1635 2464 jam

55 2495 412 2568 tranquillum,
457 2509 522 2548 ac
574 2508 788 2547 rursum
832 2493 1047 2561 pelagus
1088 2492 1269 2546 sedata
1321 2501 1637 2557 tempestate

54 2590 265 2655 quietum
298 2604 367 2642 ac
413 2584 686 2657 placidum
712 2601 727 2637 :
756 2600 850 2655 age
887 2583 996 2652 jam
1030 2598 1216 2637 navem
1267 2582 1632 2644 detrahamus,

58 2680 140 2733 veri
166 2680 281 2733 loco
306 2675 690 2747 expandentcs
723 2675 974 2745 linguam,
1006 2689 1103 2743 pro
1130 2673 1364 2745 zephyro
1404 2672 1636 2744 Spiritus

58 2773 253 2840 gratiam
286 2771 637 2832 invocantes,
661 2782 759 2837 pro
787 2775 1000 2821 temone
1044 2766 1300 2837 clavoque
1344 2780 1504 2821 cruce
1535 2780 1634 2836 gu-

62 2862 341 2917 t-ematriee
368 2868 610 2915 utentes.
643 2858 775 2913 Nam
816 2873 964 2913 mare
1000 2856 1215 2927 quidem
1259 2857 1418 2912 habet
1444 2872 1634 2927 aquam

62 2955 226 3008 salsam
246 2996 262 3017 ,
289 2953 383 3007 hic
418 2962 607 3006 autem
638 2958 722 3005 est
748 2964 883 3020 aqua
911 2949 1049 3003 viva.
1080 2948 1194 3004 illic
1220 2956 1346 3003 sunt
1385 2948 1635 3002 animalia

63 3049 252 3103 rationis
281 3046 543 3117 expertia
567 3086 583 3111 ,
612 3044 699 3100 hic
735 3058 864 3098 vero
909 3042 1102 3097 anima:
1148 3041 1435 3097 rationales
1465 3059 1479 3095 :
1527 3042 1638 3099 illic

60 3142 125 3207 qui
147 3140 403 3210 navigant
434 3154 468 3193 e
498 3137 632 3191 mari
666 3136 718 3191 ia
751 3144 970 3199 terram,
1000 3134 1087 3189 hic
1113 3150 1241 3190 vero
1270 3135 1359 3205 qui
1388 3135 1635 3205 navigant

59 3254 83 3285 υ
104 3242 226 3288 terra
258 3236 316 3287 in
345 3231 545 3287 czeium
575 3228 849 3299 appellunt
880 3246 895 3283 :
923 3227 1033 3283 illie
1058 3227 1286 3298 navigia,
1311 3227 1398 3281 hic
1425 3227 1635 3297 el0quia

54 3328 327 3395 spiritualia
360 3344 375 3379 :
408 3327 525 3380 illic
549 3326 603 3378 in
642 3324 759 3377 navi
794 3323 984 3378 tabul:e
1011 3363 1027 3386 ,
1053 3323 1139 3376 hic
1162 3337 1470 3378 sermonum
1502 3337 1634 3376 con-

54 3430 259 3474 ventas:
294 3418 413 3472 illic
448 3418 653 3477 velum.
689 3416 775 3469 hic
810 3416 1025 3485 lingua:
1058 3414 1168 3469 illic
1199 3413 1417 3485 zephyri
1454 3412 1632 3482 flatus,

56 3512 125 3563 hic
171 3511 401 3581 spiritus
451 3508 737 3579 prmscntia
770 3524 784 3561 :
817 3507 925 3562 illic
970 3506 1133 3561 homo
1164 3506 1506 3578 gubernator,
1550 3506 1636 3561 hit:

54 3603 519 3674 \aogubernator
545 3601 810 3656 Christus.
851 3598 1054 3655 Idcirco
1095 3614 1225 3655 sane
1252 3601 1484 3669 jactatur
1513 3600 1634 3667 qni-

54 3694 154 3748 dem
182 3696 341 3750 navis
364 3737 380 3760 ,
412 3702 475 3748 at
501 3709 610 3748 non
652 3693 931 3762 mergitur.
980 3691 1200 3748 Poterat
1242 3692 1457 3762 quidem
1490 3702 1542 3745 et
1580 3693 1632 3746 in

53 3789 321 3858 tranquillo
353 3789 635 3858 navigare,
662 3801 848 3840 verum
878 3800 980 3840 non
1014 3799 1202 3855 passus
1237 3794 1320 3841 est
1368 3785 1635 3853 guberna-

53 3889 139 3944 tur,
157 3895 261 3950 quo
289 3878 462 3933 simul
492 3887 548 3933 et
569 3876 929 3947 navigantium
958 3876 1250 3946 perSpieias
1272 3875 1631 3940 tolerantiam,

50 3982 94 4026 et
124 3972 502 4041 gubernatoris
530 3970 868 4042 prudentiam
901 3969 1108 4040 plenius
1137 3984 1449 4039 cognoscas.

108 4067 154 4121 9..
180 4066 417 4122 Ecclesia
444 4065 639 4120 Christi
662 4065 871 4118 invicta.
897 4063 1127 4117 Facilius
1154 4072 1229 4118 est
1250 4064 1408 4117 solem
1436 4065 1631 4118 exstin-

44 4163 136 4230 gui,
164 4178 322 4228 nam
350 4159 642 4214 Ecclesium
667 4157 917 4211 deleri.-—-
935 4156 1165 4211 Andiant
1192 4166 1397 4225 gentes,
1415 4156 1633 4211 audiant

44 4252 195 4307 ,ιιιὰί
242 4252 536 4308 benefacta
596 4258 798 4313 nostra,
828 4246 1046 4302 audiant
1083 4261 1329 4318 magnam
1378 4245 1633 4301 Ecclesia:

42 4346 517 4414 praeminentium.
544 4345 585 4399 Α
616 4359 773 4415 quam
802 4343 982 4397 multis
1009 4351 1310 4412 oppugnata
1338 4349 1422 4396 est
1455 4343 1633 4396 Hrcle.

38 4442 123 4501 sia,
140 4455 235 4494 nec
250 4454 517 4509 umquam
535 4449 713 4491 tamen
727 4436 890 4491 victa?
900 4448 1029 4507 quot
1045 4436 1423 4507 tyranniiqnot
1443 4436 1627 4503 dulces,

36 4543 149 4599 quot
166 4530 572 4601 imperatores?
587 4527 1145 4599 Augustus,Tiherius,
1160 4526 1339 4593 Caius,
1353 4526 1627 4594 Claudius,

34 4627 197 4694 Nero,
242 4625 507 4680 homines
556 4621 727 4676 literis
779 4620 982 4681 ornati,
1012 4629 1287 4689 potentes,
1336 4629 1413 4673 tot
1458 4619 1629 4673 modis

34 4726 407 4789 oppugnarunt
436 4723 711 4769 recentem
742 4727 805 4767 ac
836 4722 1098 4777 teneram,
1125 4721 1179 4765 at
1225 4724 1330 4765 non
1377 4711 1629 4765 radicitus

34 4809 400 4865 sustulerunt;
432 4806 562 4875 quin
594 4805 766 4873 potius
805 4803 839 4858 ii
872 4803 960 4873 qui
992 4811 1363 4873 oppugnarunt
1405 4803 1631 4857 silentur

34 4896 278 4951 οὸῑὶςὶοηί
307 4895 519 4961 traditi,
546 4895 634 4948 illa
658 4910 787 4949 vero
811 4902 1110 4964 oppugnata
1140 4893 1329 4947 cteltnn
1359 4903 1629 4948 transcen-

38 4990 120 5040 dit.
151 4989 340 5059 Seque
368 4988 517 5043 enim
562 4986 695 5040 illud
725 4987 856 5041 mihi
902 4997 1166 5055 spectato,
1198 4987 1339 5056 quod
1380 4987 1431 5039 in
1470 4986 1628 5040 terris

40 5082 124 5133 sit:
164 5084 235 5137 sit
288 5081 559 5148 Ecclesia,
609 5080 703 5136 sed
729 5080 869 5151 quod
910 5081 963 5134 in
1007 5082 1139 5136 c:eio
1168 5090 1431 5137 versetur.
1473 5079 1628 5137 Unde

48 5173 129 5227 huc
154 5175 455 5231 dilucidum
486 5174 614 5229 est?
641 5173 902 5230 Nimirum
934 5176 1063 5245 ipsae
1108 5190 1195 5230 res
1232 5175 1622 5229 demonstrant.

49 5264 321 5338 OMmgnati
355 5277 489 5324 sunt
519 5268 768 5322 undecim
797 5266 1079 5338 discipuli,
1112 5276 1255 5321 totus
1281 5267 1426 5321 orbis
1453 5281 1630 5336 oppu-r.

46 5360 215 5423 grauat
263 5376 278 5412 :
326 5374 521 5413 verum
577 5358 665 5428 qui
722 5359 1166 5429 oppugnabantur
1214 5357 1487 5421 vicerunt,
1537 5356 1625 5428 qui

45 5453 401 5522 (manabant
428 5451 623 5507 sublati
645 5462 768 5506 sinit
794 5469 807 5507 :
836 5467 963 5508 oves
980 5453 1225 5507 devicere
1248 5451 1620 5521 lupos.Vidisti

48 5555 285 5605 βαίνων
308 5559 447 5599 oves
468 5546 521 5599 in
542 5544 779 5597 medium
794 5544 1039 5617 luporum
1056 5545 1389 5599 emittentem
1407 5546 1424 5613 (
1440 5544 1619 5598 ilatth.

52 5634 114 5685 to.
143 5635 247 5705 l6),
280 5644 339 5692 ut
371 5652 444 5692 ne
473 5634 597 5706 fuga
626 5635 842 5705 quidem
870 5637 1096 5692 salutem
1126 5638 1623 5708 consequerentur?

46 5730 351 5802 (hispanor-
402 5729 510 5788 hoc
539 5730 707 5788 fecit?
744 5730 991 5787 Christus
1042 5730 1143 5788 hoc
1190 5728 1336 5797 fecit,
1378 5747 1485 5797 quo
1526 5732 1616 5786 tibi

1753 368 2143 426 demonstraret
2165 389 2280 439 qum
2308 382 2451 427 recte
2469 382 2724 442 geruntur
2746 388 2848 429 non
2878 374 3118 431 accidere
3144 390 3309 432 secuti
3326 408 3338 420 ο

1750 460 1875 514 dum
1923 477 2100 515 rerum
2136 464 2332 516 seriem
2356 505 2370 528 ,
2410 463 2503 518 sed
2538 476 2734 534 praeter
2765 477 3008 520 naturam
3041 481 3340 537 praeterque

1750 568 1927 608 rerum
1972 554 2188 610 seriem.
2227 555 2358 610 Nam
2402 556 2644 612 Ecclesia
2690 557 3014 614 lirtnioribns
3046 576 3203 631 quam
3234 577 3342 617 c.12-

1751 646 1858 701 lnni
1883 647 2054 717 ipsum
2083 649 2351 704 radicibus
2379 648 2565 705 haeret.
2596 649 2791 707 Verum
2823 649 3064 709 fortassis
3091 652 3340 711 ethnicus

1749 742 2066 811 arrogantiae
2090 759 2174 797 me
2194 744 2523 799 condemnat
2555 763 2571 802 :
2602 743 2697 800 sed
2721 753 2935 800 maneat
2952 745 3124 802 donec
3150 747 3337 801 harum

1748 846 1928 887 rerum
1958 834 2320 903 probationem
2344 836 2601 897 attnlero,
2632 835 2908 907 discatque
2938 837 3046 892 vim
3076 839 3336 907 veritatis,

1747 924 2014 993 quomodo
2044 924 2251 980 facilius
2292 938 2375 982 est
2421 927 2590 982 solem
2633 928 2919 995 exstingui,
2954 945 3109 994 quam
3155 929 3339 985 Eccle-

1746 1018 1879 1074 siam
1909 1018 2098 1074 deleri.
2127 1020 2286 1088 Quis,
2323 1020 2528 1091 inquit,
2560 1020 2659 1074 ista
2685 1022 2935 1089 pra‘dieat
2957 1021 2982 1073 Ἰ
3010 1020 3058 1077 is
3086 1022 3173 1091 qui
3217 1037 3335 1077 eam

1746 1110 1984 1167 fundavit
2016 1128 2030 1165 :
2059 1110 2250 1168 thlttnt
2295 1121 2342 1167 et
2384 1122 2518 1167 terra
2561 1112 2989 1176 transibunt,sed
3029 1114 3178 1168 verba
3225 1131 3338 1169 mea

1747 1223 1847 1259 non
1875 1205 2161 1261 transibunt
2190 1205 2402 1280 (Matth.
2424 1206 2515 1262 24.
2541 1207 2654 1276 55).
2686 1209 2811 1263 liam
2836 1222 2941 1263 non
2975 1208 3137 1264 modo
3164 1209 3293 1264 dixit
3316 1251 3333 1274 ,

1746 1296 1839 1350 sed
1878 1307 1932 1351 et
1969 1297 2256 1367 complevit
2287 1313 2301 1351 :
2330 1312 2429 1352 cur
2477 1297 2622 1353 enim
2677 1296 2821 1352 illam
2880 1301 3049 1369 magis
3095 1297 3337 1355 fundavit

1743 1404 1901 1457 quam
1929 1388 2162 1444 caelum?
2190 1388 2463 1459 Siquidem
2494 1397 2577 1444 est
2605 1388 2735 1443 cmlo
2761 1389 3045 1459 pretiosior
3064 1389 3324 1446 Ecclesia.

1744 1481 1922 1548 Quare
1957 1481 2229 1537 conditum
2255 1490 2337 1537 est
2356 1482 2543 1537 etclam
2565 1483 2590 1535 ἲ
2616 1482 2838 1551 Propter
2864 1481 3157 1537 Ecclesium
3179 1525 3195 1549 ,
3226 1498 3331 1537 non

1747 1571 1983 1627 Ecclesia
2022 1580 2252 1643 propter
2281 1574 2490 1628 omium.
2520 1574 2721 1628 Caelum
2754 1573 3027 1629 conditum
3074 1583 3157 1629 est
3204 1590 3332 1645 pro—

1744 1674 1861 1734 pter
1892 1664 2159 1719 hominem
2178 1708 2194 1733 ,
2225 1680 2330 1721 non
2363 1665 2524 1721 homo
2549 1675 2771 1736 propter
2790 1666 3000 1720 cmlum.
3038 1666 3092 1722 Id
3124 1666 3333 1737 perspi-

1743 1771 1899 1811 cuum
1921 1767 2003 1812 est
2032 1773 2097 1811 ex
2124 1758 2188 1810 iis
2214 1772 2331 1827 qua:
2359 1756 2482 1813 fecit
2505 1756 2770 1813 Christus.
2799 1756 2917 1812 Non
2948 1757 3090 1812 enim
3116 1758 3331 1813 ca-ieste

1742 1863 1940 1918 corpus
1961 1850 2268 1920 aSsnmpsit.
2300 1848 2493 1904 Verum
2531 1848 2665 1903 nein
2685 1849 2901 1923 longum
2920 1852 3184 1923 producto
3209 1862 3327 1904 scr:-

1744 1955 1937 2006 mone,
1997 1956 2183 1995 rursus
2242 1938 2401 1996 hodie
2451 1940 2603 1995 vobis
2654 1941 2925 1997 debitores
2989 1942 3330 1998 discedamus

1746 2033 1914 2101 (scitis
1936 2034 2077 2088 cnim
2107 2050 2265 2104 quam
2292 2032 2456 2088 multa
2482 2035 2653 2089 simus
2678 2034 2793 2089 heri
2821 2034 3085 2107 polliciti),
3119 2038 3327 2104 persol—

1742 2143 1866 2181 vere
1898 2127 2065 2197 parati
2094 2142 2297 2181 snmns.
2328 2126 2459 2182 Nam
2491 2137 2707 2199 prepter
2726 2143 2819 2183 eos
2845 2129 2934 2199 qui
2967 2144 3073 2183 non
3107 2128 3330 2184 aderant

1741 2217 2077 2273 distuleram.
2111 2218 2371 2286 Quoniam
2417 2218 2577 2289 igitur
2600 2218 2689 2289 qui
2734 2217 3039 2286 abfuerant,
3080 2236 3177 2276 suo
3205 2231 3331 2275 sunt

1741 2308 1919 2364 officio
1956 2308 2258 2380 perfuncti,
2300 2323 2502 2379 suaque
2551 2308 2833 2378 praesentia
2884 2310 3039 2365 nobis
3087 2325 3328 2365 menSam

1740 2401 2094 2457 exhibuerunt
2114 2410 2500 2471 sumptuosam,
2528 2417 2628 2472 age
2650 2444 2664 2464 .
2696 2416 3026 2472 apponamus
3060 2401 3279 2457 obsonia
3310 2445 3326 2467 ,

1739 2493 1958 2548 obsonia
1980 2493 2193 2562 quidem
2216 2492 2355 2547 haud
2376 2491 2549 2561 putria
2574 2512 2589 2549 :
2617 2491 2718 2547 etsi
2750 2492 2893 2546 enim
2927 2494 3172 2548 hesterna
3199 2494 3325 2555 sint,

1743 2586 1856 2640 haec
1887 2585 2107 2640 obsonia
2152 2599 2258 2640 non
2308 2593 2636 2653 putrescunt.
2667 2585 3027 2654 Quamobrem
3069 2586 3328 2643 tandem?

1742 2678 1851 2733 Non
1879 2687 2004 2733 sttnt
2028 2694 2218 2734 carnes
2247 2687 2304 2733 ut
2333 2679 2603 2747 corrumpi
2643 2686 2842 2749 queant
2864 2719 2877 2742 ,
2911 2680 3003 2734 sed
3044 2681 3326 2735 sententia:

1739 2786 1952 2842 semper
1974 2770 2248 2826 ﬂorentes.
2276 2769 2481 2826 Carncs
2501 2770 2665 2837 enim,
2690 2771 2940 2840 quoniam
2962 2785 3156 2842 corpus
3175 2785 3323 2836 sum,

1738 2871 2155 2932 corrumpuntur
2182 2879 2197 2916 :
2243 2872 2426 2917 eontra
2452 2862 2734 2916 sententiae
2757 2904 2771 2926 ,
2802 2862 2846 2918 si
2895 2872 3175 2928 maneant,
3208 2865 3327 2918 red-

1737 2957 1938 3012 duntur
1988 2956 2391 3027 fragrantiores.
2446 2956 2581 3024 Quid
2628 2954 2788 3026 igitur
2837 2965 2953 3012 erat
3014 2956 3155 3024 quod
3212 2956 3326 3013 heri

1740 3049 2020 3104 diximus?
2047 3047 2321 3119 Siquidem
2350 3059 2404 3103 et
2437 3050 2507 3103 ita
2536 3064 2634 3103 nos
2666 3048 2780 3103 heri
2810 3050 3095 3119 participes
3123 3066 3325 3106 mensa:

1740 3142 2044 3203 fuimus,ut
2091 3142 2178 3212 qui
2224 3156 2331 3195 non
2386 3140 2688 3204 adfuerunt,
2723 3140 2851 3195 nihil
2878 3141 3325 3197 detrimenti-sint

1740 3233 1903 3302 paSsi.
1934 3231 1999 3285 Et
2027 3235 2216 3304 factum
2235 3243 2306 3287 est
2325 3234 2378 3286 in
2404 3249 2539 3287 anno
2564 3249 2663 3303 quo
2682 3245 2916 3287 mortuus
2936 3241 3007 3287 est
3031 3233 3184 3287 Ozias
3209 3252 3320 3299 rer,

1736 3326 1840 3380 vidi
1864 3324 2141 3379 Dominum
2176 3325 2428 3379 sedentem
2462 3326 2516 3378 in
2551 3325 2680 3378 solio
2719 3324 2910 3379 excelso
2936 3335 2985 3379 et
3014 3329 3145 3378 eluta
3167 3325 3320 3396 (Isai.

1737 3418 1789 3473 6.
1822 3419 1896 3489 t).
1927 3419 2058 3487 Quis
2093 3418 2205 3470 luce
2239 3417 2506 3488 loquitur?
2536 3416 2697 3472 isaias
2733 3417 2824 3471 ille
2849 3426 3121 3486 spectator
3160 3418 3321 3473 ca-le-

1738 3514 1903 3568 stium
1956 3512 2281 3581 Seraphim,
2318 3511 2407 3580 qui
2458 3510 2727 3565 connubio
2772 3510 2985 3579 junctus
3040 3509 3175 3574 fttit,
3225 3526 3325 3567 nec

1738 3615 1915 3661 Lumen
1959 3605 2216 3660 exstinxit
2260 3604 2505 3675 gratiam.
2548 3602 2869 3658 Attendistis
2908 3604 3221 3672 prophetae,
3269 3618 3324 3660 et

1736 3697 1961 3753 audistis
1997 3698 2312 3766 prophetam
2341 3696 2500 3752 hodie
2520 3739 2535 3763 ,
2567 3696 2689 3762 Exi,
2714 3707 2767 3749 tu
2796 3707 2842 3749 et
2866 3696 3029 3750 Jasub
3050 3697 3187 3766 ﬁlius
3208 3707 3324 3751 tuus

1737 3788 1888 3858 (Isai.
1907 3790 1961 3845 7.
1992 3790 2070 3856 '5).
2105 3789 2213 3844 Nec
2241 3789 2336 3843 ista
2367 3797 2578 3859 oportet
2597 3796 3024 3857 prmtercurrcre.
3048 3787 3163 3855 Exi,
3190 3799 3245 3843 ιιι
3265 3799 3323 3843 et

1738 3883 1876 3938 lilius
1906 3892 2046 3937 tuus.
2080 3882 2225 3936 Itane
2255 3880 2419 3936 lilium
2456 3879 2687 3936 habebat
2717 3879 3014 3949 proliheta?
3040 3879 3096 3936 Si
3155 3883 3321 3936 lilium

1738 3974 1994 4040 habebat,
2025 3972 2254 4028 habebat
2291 3981 2345 4026 et
2373 3986 2632 4035 uxorem,
2667 3982 2721 4025 ut
2767 3972 3031 4041 intelligas
3060 3987 3164 4026 non
3201 3987 3321 4027 esse

1737 4067 1905 4121 malas
1950 4066 2183 4135 nuptias,
2211 4065 2303 4121 sed
2347 4066 2540 4118 malam
2589 4080 2708 4120 esse
2757 4065 3156 4118 scortationem.
3211 4066 3318 4119 Sed

1734 4161 1986 4228 quoniam
2031 4173 2150 4212 cum
2199 4156 2516 4227 quibusdam
2565 4156 2878 4210 disserimus
2918 4155 3177 4220 dicentes,
3212 4155 3322 4212 Cur

1736 4264 1839 4304 non
1900 4257 2045 4304 recte
2096 4247 2272 4303 vivis?
2319 4247 2662 4318 quamobrem
2711 4264 2816 4301 non
2883 4256 3104 4317 praestas
3152 4250 3311 4302 vitam

1736 4342 2000 4410 probam?
2028 4341 2127 4409 Qui
2180 4355 2394 4411 possunt
2420 4381 2435 4406 ,
2480 4340 2761 4410 inquiunt,
2802 4339 2905 4394 nisi
2949 4339 3208 4395 divertam
3251 4341 3320 4395 ah

1735 4450 1934 4501 uxore,
1981 4436 2080 4491 nisi
2111 4436 2227 4491 vale
2269 4433 2455 4490 dixero
2498 4435 2708 4499 liberis,
2742 4435 2841 4488 nisi
2885 4434 3067 4490 valere
3108 4434 3341 4504 jusseru-

1735 4528 1987 4598 uegotia?
2023 4527 2425 4594 Quamobrem?
2469 4543 2594 4582 num
2646 4525 2825 4581 obstat
2878 4526 3323 4581 matrimonium?

1737 4621 1981 4690 Adjntrix
2008 4621 2099 4675 tibi
2130 4622 2250 4675 data
2293 4629 2376 4675 est
2411 4634 2578 4674 uxor.
2609 4634 2713 4673 non
2757 4619 3078 4673 insidiatrix.
3124 4622 3317 4673 Annon

1736 4714 1965 4769 habebat
2014 4729 2237 4767 uxorem
2289 4710 2589 4782 propheta?
2624 4710 2807 4781 Neque
2862 4721 3036 4764 tamen
3086 4709 3319 4778 Spiritus

1733 4808 1915 4875 emtize
1938 4805 2179 4860 obstabat
2202 4805 2507 4874 conjugium
2526 4804 2647 4859 :sed
2673 4818 2792 4857 cum
2821 4817 2988 4857 uxore
3013 4802 3316 4857 convictum

1737 4897 1994 4962 habebat,
2068 4907 2120 4951 et
2176 4904 2293 4950 erat
2362 4894 2707 4949 nihilominus
2765 4892 3043 4964 propheta.
3108 4893 3317 4966 Moyses

1735 5006 1912 5044 nonne
1941 4986 2454 5043 uxorem-habebat?
2485 4985 2553 5040 Et
2578 4993 2756 5041 tamen
2790 4988 2836 5041 is
2859 4996 3063 5057 petram
3090 4986 3314 5057 dirupit,

1732 5096 1912 5137 aerem
1962 5080 2422 5143 immutavit.cum
2475 5078 2585 5135 Deo
2628 5077 3053 5147 colloquebatur,
3079 5079 3314 5134 divinam

1734 5174 1863 5227 iram
1892 5173 2152 5230 cohibuit.
2191 5172 2458 5228 Abraham
2490 5186 2669 5228 nonne
2699 5170 2928 5227 habebat
2956 5175 3219 5228 uxorem?
3245 5168 3315 5228 Et

1734 5280 1907 5323 tamen
1938 5276 2091 5336 pater
2122 5265 2291 5320 lactus
2321 5274 2404 5321 est
2427 5265 2662 5336 gentium
2688 5273 2745 5321 et
2778 5266 3061 5320 Ecclesiae:
3097 5266 3313 5319 sustulit

1733 5358 1895 5411 tilium
1946 5356 2110 5418 lsaac,
2140 5367 2194 5411 et
2240 5358 2325 5412 hic
2371 5357 2444 5412 illi
2489 5355 2588 5411 fuit
2628 5358 2961 5428 egregiorum
3014 5355 3308 5410 facinorum

1734 5451 1976 5503 materia.
2020 5449 2206 5504 Nonne
2258 5449 2450 5504 obtulit
2513 5448 2713 5511 lilium,
2765 5448 2995 5518 coniugii
3040 5446 3312 5502 fructum?

1733 5558 1909 5599 nonne
1952 5542 2122 5599 factus
2154 5553 2237 5599 est
2275 5552 2442 5613 pater,
2473 5552 2527 5598 et
2570 5542 2662 5598 Dei
2691 5541 2916 5597 amans?
2942 5555 3117 5596 annon
3163 5541 3313 5597 licuit

1730 5637 1910 5691 videre
1962 5637 2292 5693 sacerdotem
2337 5652 2369 5692 e
2408 5636 2520 5691 suis
2557 5635 2855 5690 visceribus
2909 5634 3065 5689 tleri?
3103 5636 3311 5689 sacrifi-

1736 5748 1888 5800 cum,
1940 5732 2189 5804 inquam,
2225 5730 2384 5788 simul
2437 5739 2490 5785 et
2553 5727 2798 5799 patrem?
2833 5727 2967 5784 vinci
3020 5738 3306 5794 ruituram,
