3696 6278
256 233 468 383 (“1‘25

325 438 579 494 vincere
620 430 919 506 pietatem?
945 430 1149 486 viscera
1196 427 1529 503 conculcari,
1561 428 1754 498 pieque
1804 425 1939 480 facta

353 529 660 604 superare?
688 536 892 598 patrem
929 524 1088 595 dejici
1117 565 1132 590 ,
1178 522 1270 578 Dei
1323 530 1593 576 amantem
1653 517 1944 575 coronari?

353 639 535 682 annon
555 622 732 678 vidisti
753 629 945 683 totum,
965 629 1020 674 et
1047 617 1140 672 ﬁlii
1165 623 1511 696 ama_utem-et
1536 613 1667 668 Dei?
1689 609 1942 682 numquid

355 719 446 776 hic
469 715 640 772 obfuit
670 710 1068 770 matrimonium
1091 709 1116 764 ?
1136 707 1272 778 Quid
1310 716 1493 762 autem
1522 704 1943 760 Maccabteorum

355 806 574 864 mater?
598 821 779 862 nonne
806 819 941 858 uxor
971 801 1112 857 fuit?
1138 814 1318 856 nonne
1342 807 1549 869 septem
1577 796 1714 852 tilios
1734 791 1947 849 addidit

351 910 664 956 sanctorum
696 897 908 954 choro?
938 908 1116 951 nonne
1155 893 1286 949 vidit
1329 892 1450 948 illos
1491 888 1750 961 martyrio
1791 901 1946 942 coro-

351 991 548 1048 natos?
588 1005 771 1047 nonne
818 989 1113 1061 Spectatrix
1159 986 1741 1056 adstabat,-tamquam
1789 995 1946 1036 mons

353 1085 576 1157 quidam
623 1084 913 1141 immobilis
951 1082 1183 1137 ?nonne
1229 1077 1476 1136 adstabat
1514 1079 1566 1133 in
1616 1088 1946 1146 unoquoque

353 1179 572 1235 illorum
625 1177 942 1250 martyrium
998 1174 1240 1246 patiens,
1288 1181 1344 1228 et
1395 1178 1567 1228 mater
1613 1180 1939 1242 martyrum,

353 1271 554 1340 septies
584 1269 698 1340 ipsa
743 1267 1056 1338 martyrium
1097 1267 1256 1321 tulit?
1288 1265 1420 1321 Dum
1441 1263 1594 1320 enim
1627 1262 1700 1317 illi
1727 1271 1945 1332 torque-

353 1362 592 1430 bantur,
635 1362 726 1419 illa
783 1363 990 1432 plagam
1038 1359 1354 1430 accipiebat.
1408 1356 1592 1429 Neque
1638 1355 1783 1412 enim
1828 1354 1945 1411 sine

353 1457 542 1515 dolore
575 1457 691 1513 haec
713 1456 1013 1526 excipiebat
1047 1471 1060 1509 :
1091 1463 1264 1508 mater
1286 1461 1426 1518 erat,
1456 1461 1511 1508 et
1559 1461 1766 1506 natura:
1797 1449 1943 1505 illata

351 1552 438 1608 vis
467 1552 736 1623 propriam
760 1551 1012 1605 virtutem
1039 1547 1380 1612 declarabat;
1404 1555 1469 1602 at
1491 1545 1594 1602 villa
1624 1561 1733 1602 non
1760 1544 1946 1600 vince-

353 1645 532 1700 batur.
563 1645 709 1698 Mare
733 1642 947 1714 quidem
976 1650 1093 1697 erat
1137 1650 1192 1696 et
1238 1639 1471 1694 fluctus:
1504 1647 1760 1694 caeterum
1806 1636 1945 1692 sicut

354 1753 532 1805 mare,
551 1749 673 1791 cum
706 1735 926 1801 insanh,
955 1733 1174 1788 sedatur
1201 1749 1215 1787 :
1250 1732 1320 1786 ita
1351 1741 1406 1786 et
1434 1739 1627 1786 natura
1649 1737 1939 1795 commota,

355 1839 502 1886 metu
549 1829 643 1884 Dei
683 1827 1078 1882 refrenabatur.
1117 1822 1402 1892 Quomodo
1430 1837 1527 1878 eos
1569 1821 1764 1877 unxit?
1805 1836 1939 1892 quo-

357 1923 520 1978 modo
546 1935 642 1978 eos
670 1920 844 1976 aluit?
881 1917 1153 1989 quomodo
1178 1924 1384 1986 septem
1417 1915 1616 1986 templa
1649 1915 1760 1970 Deo
1789 1913 1944 1970 exhi-

356 2015 492 2082 buit,
523 2022 732 2070 statuas
761 2026 956 2067 aureas
977 2052 992 2075 ,
1025 2010 1136 2065 imo
1177 2010 1358 2080 potius
1383 2021 1517 2064 auro
1546 2007 1898 2079 pretiosiores
1922 2006 1946 2060 ?

424 2110 479 2164 5.
513 2107 583 2164 Ut
626 2107 768 2162 enim
812 2105 950 2161 scias
986 2119 1091 2158 non
1121 2104 1226 2158 tale
1254 2116 1376 2158 esse
1408 2115 1619 2168 aurum,
1645 2099 1824 2172 qualis
1856 2111 1942 2156 est

346 2202 532 2256 'anima
561 2206 857 2269 martyrum
882 2237 898 2262 ,
925 2194 1162 2251 attende.
1192 2194 1379 2250 Stabat
1400 2203 1678 2265 tyrannus,
1697 2200 1857 2264 atque
1879 2192 1948 2246 ab

357 2309 462 2346 uaa
505 2290 728 2346 muliere
755 2297 1038 2359 superatus
1074 2286 1401 2343 discedebat.
1440 2286 1532 2342 Ille
1569 2286 1735 2342 armis
1773 2301 1945 2358 oppu-

357 2384 576 2454 gnabat,
606 2382 718 2438 haec
739 2380 904 2436 animi
931 2379 980 2435 vi
998 2378 1321 2450 superabat;
1351 2379 1438 2434 ille
1464 2377 1734 2433 fornacem
1759 2377 1946 2434 incen-

354 2474 541 2546 debat,
565 2474 680 2529 haec
701 2474 952 2528 virtutem
970 2471 1189 2542 spiritus
1211 2488 1228 2536 ;
1255 2470 1342 2525 ille
1357 2470 1649 2526 exercitum
1666 2470 1942 2538 movebat,

358 2570 475 2624 htec
504 2567 569 2622 ad
598 2565 819 2637 angelos
847 2563 1154 2637 applicabat
1183 2564 1422 2618 animum
1456 2580 1470 2618 :
1504 2562 1717 2617 videbat
1740 2561 1946 2620 inferne

357 2671 664 2734 tyrannum,
691 2667 746 2714 et
792 2658 846 2714 in
890 2656 1071 2712 animo
1105 2656 1351 2712 versabat
1397 2656 1545 2712 illum
1595 2656 1651 2711 in
1702 2655 1948 2726 superuis

357 2762 669 2824 regnantem
694 2769 710 2818 ;
744 2751 957 2808 videbat
983 2748 1120 2806 infra
1149 2765 1210 2806 se
1242 2758 1526 2812 tormenta.
1548 2757 1602 2804 at
1631 2748 1948 2803 numerabat

354 2860 589 2916 superna
635 2844 859 2911 bravia;
907 2842 1124 2899 videbat
1172 2851 1490 2913 prtesentem
1535 2841 1852 2905 cruciatum,
1884 2849 1948 2896 .et

356 2938 622 3008 cogitabat
674 2934 903 2991 futuram
966 2933 1441 2990 immortalitatem.
1499 2934 1835 3004 Quapropter
1894 2943 1948 2989 et

358 3033 558 3090 Paulus
578 3031 813 3095 diccbat,
849 3028 902 3085 Ν
903 3046 970 3092 on
996 3027 1451 3099 contemplantibus
1476 3026 1751 3098 nobisque:
1773 3028 1946 3082 viden-

359 3136 443 3179 tur
466 3166 481 3186 ,
512 3123 601 3178 sed
624 3139 683 3178 ea
707 3138 824 3195 qua:
860 3138 962 3176 non
989 3120 1221 3176 videntur
1248 3119 1340 3193 (2.
1385 3117 1504 3176 Cor.
1555 3121 1610 3174 4.
1642 3120 1762 3191 t8).
1810 3120 1946 3175 Num

357 3219 487 3292 quid
520 3216 783 3274 obstaculi
811 3215 1089 3272 adferebat
1122 3214 1565 3270 matrimonium?
1601 3215 1740 3284 Quid
1767 3226 1946 3270 autem

361 3312 573 3375 Petrus,
606 3309 749 3366 basis
771 3308 1046 3374 Eeclesim,
1079 3306 1169 3364 ille
1194 3306 1484 3363 vehemens
1507 3317 1716 3363 amator
1728 3307 1947 3372 Christi,

363 3405 451 3461 ille
470 3417 726 3459 sermone
753 3401 1016 3468 indoctus,
1045 3409 1100 3456 et
1120 3400 1398 3456 rhetorum
1433 3400 1635 3468 victor,
1667 3402 1753 3458 ille
1775 3403 1948 3474 impc-

363 3499 522 3563 ritus,
569 3496 660 3567 qui
707 3505 885 3552 tamen
927 3494 1260 3566 philosophis
1288 3495 1573 3555 .obturavit
1609 3511 1706 3564 os,
1737 3496 1827 3551 ille
1863 3500 1951 3567 qui

363 3588 729 3647 Graecanicam
748 3586 1068 3658 sapientiam
1095 3587 1116 3618 ⁸
1146 3587 1296 3658 quasi
1315 3602 1635 3644 aranearum
1663 3591 1822 3645 telam
1845 3589 1953 3645 dis-

365 3680 566 3749 solvit,
589 3678 681 3751 qui
706 3688 969 3740 terrarum
1018 3679 1202 3734 orbem
1233 3683 1555 3751 peragravit,
1581 3681 1672 3752 qui
1701 3696 1952 3752 sagenam

368 3774 514 3830 misit
543 3776 596 3828 in
613 3786 762 3828 mare
785 3779 841 3828 et
867 3771 1102 3842 piscatus
1125 3780 1211 3827 est
1227 3771 1436 3840 orbem,
1459 3787 1638 3829 annon
1661 3773 1845 3830 habuit
1873 3775 1958 3830 hic

367 3879 581 3936 qtioque
607 3864 866 3925 uxorem?
891 3863 1052 3932 Sane,
1072 3863 1276 3920 habuit.
1299 3864 1452 3933 Quod
1477 3875 1659 3922 autem
1690 3866 1957 3934 habuerit,

369 3958 493 4013 andi
523 3955 904 4028 evangelistam
923 3965 1234 4012 testantem.
1257 3955 1396 4025 Quid
1420 3966 1599 4014 autem
1619 3959 1729 4014 ait?
1746 3958 1958 4031 Ingres-

372 4065 460 4104 sus
480 4057 554 4103 est
577 4047 727 4103 Iesus
752 4047 822 4102 ad
845 4063 1046 4103 socrum
1077 4045 1220 4102 Petri
1245 4047 1610 4120 febricitantem
1637 4049 1658 4121 (
1683 4048 1852 4106 Marc.
1905 4051 1958 4105 l.

371 4139 499 4211 30).
543 4138 642 4195 Ubi
669 4153 878 4203 socrus,
909 4138 979 4193 ibi
1007 4147 1061 4194 et
1092 4154 1256 4206 uxor;
1289 4139 1378 4196 ubi
1407 4155 1562 4208 uxor,
1592 4141 1665 4196 ibi
1695 4151 1750 4198 et
1773 4142 1962 4212 conju-

370 4234 540 4302 gium.
569 4230 704 4304 Quid
731 4240 909 4286 autem
937 4230 1252 4301 Philippus?
1282 4245 1464 4288 nonne
1486 4241 1714 4303 quatuor
1734 4233 1967 4289 habebat

374 4324 514 4379 ﬁlias
543 4325 695 4395 (Act.
726 4322 818 4378 2L
851 4321 972 4394 9)?
1017 4321 1120 4378 Ubi
1160 4337 1290 4378 vero
1317 4334 1548 4393 quatuor
1579 4325 1705 4380 illita
1724 4364 1740 4390 ,
1771 4325 1881 4381 illic
1913 4335 1969 4382 ct

376 4433 531 4481 uxor,
559 4425 614 4472 et
641 4415 1060 4482 matrimonium.
1084 4414 1222 4482 Quid
1249 4415 1410 4486 igitur
1431 4417 1681 4473 Christus
1701 4417 1738 4472 ?.
1757 4418 1832 4473 Ex
1861 4419 1969 4474 vir-

374 4509 501 4579 gine
540 4507 754 4578 quidem
794 4515 950 4562 natus
975 4514 1059 4562 est
1088 4524 1104 4562 :
1135 4521 1320 4563 verum
1349 4506 1415 4561 ad
1449 4508 1662 4577 nuptias
1703 4511 1967 4576 accessit,

375 4615 443 4658 ac
470 4599 671 4661 donum
697 4601 876 4657 attulit
901 4617 917 4654 :
950 4599 1074 4656 Non
1101 4600 1284 4657 habent
1305 4641 1323 4669 ,
1361 4601 1551 4672 inquit,
1576 4601 1746 4658 viuum
1767 4604 1789 4674 (
1808 4603 1967 4660 Joau.

379 4693 433 4748 2.
467 4693 539 4763 3)
573 4710 587 4750 :
612 4700 667 4748 et
693 4707 886 4762 aquam
913 4690 1074 4748 vertit
1097 4691 1154 4747 in
1180 4690 1361 4748 vinum
1387 4733 1402 4758 ,
1433 4692 1737 4763 virginitate
1759 4696 1972 4766 nuptias

381 4785 655 4842 honorans
676 4827 693 4853 ,
722 4785 865 4841 dono
903 4799 1019 4840 rem
1043 4783 1426 4841 commendans
1457 4801 1472 4840 :
1506 4793 1564 4840 ut
1591 4800 1660 4842 ne
1699 4786 1974 4842 abomine-

382 4879 458 4932 ris
499 4877 750 4949 nuptias,
778 4876 874 4932 sed
917 4875 1098 4934 oderis
1144 4878 1548 4933 scortationem.
1597 4877 1718 4933 Meo
1756 4878 1974 4950 quidem

384 4970 626 5039 periculo
665 4984 766 5040 ego
803 4969 1044 5040 spondeo
1075 4969 1169 5025 tibi
1212 4969 1442 5026 salutem
1470 5011 1488 5039 ,
1513 4971 1722 5027 etiamsi
1755 4987 1975 5029 uxorem

349 5071 361 5111 l
391 5061 666 5117 habueris.

462 5151 608 5210 Uxor
639 5151 777 5207 mala
797 5153 1094 5224 corrigenda
1125 5163 1214 5209 aut
1243 5157 1474 5226 ferenda.
1501 5186 1573 5198 —
1601 5157 1853 5230 Prospice
1883 5160 1977 5215 tibi

387 5247 510 5318 ipsi.
554 5245 748 5301 Mulier
787 5244 835 5301 si
866 5247 1031 5316 proba
1071 5245 1252 5313 fuerit,
1293 5249 1524 5319 adjutrix
1552 5250 1644 5306 tibi
1698 5261 1799 5307 est.
1842 5251 1980 5320 Quid

393 5338 560 5410 igitur
583 5336 630 5393 si
659 5351 766 5392 non
792 5335 953 5392 fuerit
972 5337 1294 5395 commoda?
1320 5339 1427 5395 Fac
1444 5339 1589 5397 illam
1616 5341 1976 5398 commodam.

319 5457 322 5460 ‹
389 5432 584 5486 Annon
597 5430 812 5487 fuerunt
828 5445 1019 5486 uxores
1034 5431 1186 5488 bonae
1201 5447 1265 5487 ac
1280 5434 1461 5500 malae,
1477 5446 1548 5487 ne
1572 5436 1801 5491 haberes
1815 5448 1980 5489 excu-

393 5523 702 5582 sationem?
721 5519 1299 5590 Qualiseratillalob?
1334 5521 1442 5578 Sed
1483 5527 1642 5582 Sarra
1673 5538 1787 5582 erat
1818 5529 1978 5584 bona.

421 5671 424 5690 ς
452 5625 598 5690 ‘Alii,
611 5621 1332 5690 ercauiezmtsuperstitionem
1351 5623 1658 5690 (Ἑλληνιάιήν
1677 5625 1967 5690 emergam.

399 5687 519 5755 Qum
543 5687 1026 5755 lectio_praaferenda
1063 5695 1200 5755 certe
1228 5687 1594 5755 videreturhoc
1624 5687 1751 5755 loco.
1783 5687 1968 5755 Verum

403 5751 655 5812 Morellus.
683 5749 915 5812 Savilius,
948 5755 1002 5798 et
1030 5749 1242 5812 maxima
1276 5764 1387 5812 pars
1412 5749 1851 5812 manuscriptorum
1897 5750 1971 5797 le-

396 5816 558 5878 gunt,
583 5809 909 5868 Gra’t‘anit‘am
933 5811 1244 5875 sapientium,
1280 5809 1433 5874 atque
1469 5811 1535 5861 ita
1566 5809 1688 5874 legit
1721 5811 1968 5862 Erasmus.

1023 354 1026 356 ν
1111 311 1170 368 s.
1213 261 1490 366 toauuts
1525 301 1998 364 cunvsosrom
2039 301 2351 358 ARCIIIEP.
2396 294 2934 357 CONSTANTINOP.

3535 294 3626 350 ιρι

2061 441 2349 497 Ostendam
2387 439 2480 494 tibi
2508 439 2787 495 mulierem
2808 447 2863 491 et
2889 433 3085 491 malam
3111 442 3167 490 et
3188 434 3501 505 improbam.
3519 434 3626 490 Non

2055 532 2233 587 nocuit
2258 532 2374 587 viro
2393 545 2526 585 uxor
2553 528 2654 585 Job
2686 545 2699 583 :
2726 543 2888 599 prava
2917 536 3034 582 erat
3061 534 3116 581 et
3144 525 3386 595 improba
3410 567 3426 592 ,
3455 529 3621 580 consi~

2055 625 2183 682 lium
2205 624 2366 680 dabat
2393 623 2466 678 illi
2494 631 2552 678 ut
2578 620 2936 691 blasphemias
2965 617 3249 688 proferret.
3277 617 3412 686 Quid
3444 617 3628 688 igitur?

2053 720 2394 776 labefactavit
2435 716 2664 773 turrim?
2707 715 2905 787 dejecit
2943 713 3321 769 adamantem?
3371 710 3631 782 superavit

2050 812 2296 882 petram?
2320 809 2524 880 depulit
2549 807 2818 865 militem?
2845 805 3162 863 comminuit
3184 803 3481 876 scapham?
3504 818 3622 858 era-

2050 903 2248 960 dicavit
2293 899 2585 957 arborem?
2609 898 2755 955 Nihil
2799 897 2992 955 horum
3027 915 3041 952 :
3069 895 3166 953 sed
3196 896 3284 952 illa
3313 893 3633 966 impellebat.

2049 1003 2106 1050 et
2127 992 2288 1048 arbor
2313 990 2637 1048 reddebatur
2671 989 2918 1048 stabilior
2945 1005 2958 1045 :
2989 987 3079 1046 illa
3121 986 3315 1043 ﬂuctus
3336 985 3631 1052 excitabat,

2049 1095 2104 1143 at
2134 1085 2284 1141 navis
2309 1099 2416 1141 non
2462 1082 2925 1154 submergebatur,
2975 1079 3071 1136 sed
3099 1077 3338 1137 secundo
3364 1077 3638 1149 navigabat

2051 1185 2241 1243 vento;
2283 1175 2487 1231 fructus
2515 1174 2631 1244 ejus
2653 1172 3042 1244 decerpebatur
3060 1213 3077 1239 ,
3103 1180 3157 1229 et
3181 1170 3344 1226 arbor
3373 1177 3638 1226 commota

2051 1285 2156 1325 non
2186 1278 2304 1326 est:
2337 1267 2460 1324 folia
2508 1266 2843 1331 deciderunt,
2887 1274 2942 1321 ct
2978 1262 3130 1320 radix
3157 1261 3356 1319 mansit
3393 1261 3636 1318 immota.

2042 1363 2176 1420 llaec
2201 1364 2410 1434 loquor,
2443 1376 2512 1418 ne
2537 1360 2656 1432 quis
2680 1357 2974 1430 praetendat
3003 1357 3185 1413 uxoris
3212 1354 3636 1427 improbitatem.

2050 1456 2184 1510 Mala
2207 1455 2327 1510 est?
2357 1454 2576 1524 Corrige
2606 1467 2746 1507 eam.
2771 1449 2878 1508 Sed
2901 1449 2999 1514 ais,
3023 1446 3066 1502 E
3089 1447 3336 1519 paradiso
3360 1462 3447 1504 me
3475 1461 3641 1516 expu-

2053 1547 2133 1602 lit.
2162 1545 2359 1602 Verum
2390 1545 2578 1602 eadem
2609 1552 2661 1598 te
2682 1543 2734 1598 in
2761 1541 2921 1597 cmlos
2949 1541 3175 1596 induxit.
3200 1539 3400 1595 Eadem
3421 1537 3641 1610 quidem

2051 1653 2262 1703 natura,
2298 1651 2450 1694 meus
2476 1646 2655 1692 tamen
2683 1635 2914 1691 diversa.
2943 1633 3047 1690 Sed
3080 1633 3169 1687 illa
3193 1629 3294 1687 Job
3319 1639 3434 1688 erat
3465 1629 3644 1684 mala?

2053 1733 2250 1788 Verum
2285 1731 2532 1787 Susanna
2569 1729 2731 1785 bona.
2769 1726 2875 1782 Sed
2916 1725 3001 1780 illa
3032 1723 3280 1796 Egyptia
3322 1729 3438 1778 erat
3466 1722 3644 1792 impn-

2051 1823 2207 1880 (lica?
2239 1821 2432 1877 Verum
2456 1821 2614 1876 Sarra
2647 1828 2765 1874 erat
2786 1816 3048 1873 modesta.
3083 1814 3267 1870 Vidisti
3296 1813 3483 1869 illam?
3513 1811 3649 1866 Vide

2053 1927 2104 1972 ct
2147 1917 2317 1981 hanc;
2349 1910 2778 1984 quandoquidem
2821 1911 2983 1966 etiam
3009 1909 3147 1963 inter
3175 1907 3319 1962 viros
3344 1904 3394 1959 bi
3424 1905 3649 1976 quidem

2055 2007 2178 2062 mali
2207 2015 2353 2067 sunt.
2383 2005 2456 2060 illi
2487 2019 2616 2059 vero
2644 2002 2794 2058 boni.
2828 2003 3009 2057 Bonus
3039 2009 3154 2055 erat
3183 1998 3382 2068 Joseph
3409 2039 3424 2061 ,
3458 1997 3648 2050 senio-

2053 2117 2142 2158 res
2167 2109 2348 2155 autem
2377 2097 2654 2170 impudici.
2686 2096 2879 2151 Vidisti
2910 2093 3159 2150 omnibus
3186 2093 3236 2147 in
3259 2090 3420 2146 rebus
3451 2090 3648 2143 vitium

2051 2211 2116 2252 ac
2140 2194 2392 2249 virtutem
2423 2206 2530 2246 non
2565 2198 2757 2246 natura
2784 2187 3088 2258 diiudicari,
3120 2185 3216 2242 sed
3240 2185 3419 2240 animo
3449 2183 3655 2236 (llSlltt—

2050 2287 2163 2358 gui.
2195 2285 2273 2342 Ne
2316 2283 2448 2340 mihi
2479 2292 2743 2355 prtetexas
2770 2280 3163 2338 excusationes.
3197 2277 3301 2334 Sed
3326 2276 3392 2332 ad
3425 2292 3657 2339 eorum,

2049 2394 2172 2450 qua:
2199 2376 2479 2443 debemus,
2499 2375 2822 2432 solutionem
2848 2385 3218 2445 properemus.
3250 2367 3318 2425 Et
3342 2373 3542 2442 factum
3578 2380 3662 2420 cu

2045 2489 2187 2528 anno
2217 2487 2319 2542 quo
2362 2479 2594 2525 mrtuus
2619 2477 2694 2522 est
2727 2466 2880 2522 Ozias
2917 2481 3028 2521 rex.
3063 2464 3311 2520 Dicturus
3335 2476 3455 2518 sunt
3485 2479 3663 2531 quam

2052 2565 2124 2621 ob
2148 2579 2363 2620 causam
2394 2563 2508 2632 ipse
2536 2559 2794 2631 pr0pheta
2817 2558 3059 2629 designet
3090 2565 3300 2628 tempus
3330 2572 3346 2612 :
3373 2555 3666 2626 siquidem

2051 2655 2424 2728 qumrebamus
2448 2653 2583 2720 heri,
2615 2667 2773 2724 quam
2797 2651 3011 2706 tandem
3036 2650 3107 2706 ob
3130 2663 3348 2706 causam
3375 2664 3500 2704 cum
3536 2663 3672 2700 οιιι-

2050 2765 2151 2807 nes
2193 2746 2506 2820 prophetat,
2557 2755 2718 2816 atque
2758 2743 2843 2798 hic
2890 2757 3139 2813 quoque,
3196 2750 3406 2810 tempus
3461 2755 3677 2808 regum

2053 2858 2306 2903 enarrare
2329 2843 2538 2897 soleant
2563 2854 2670 2911 quo
2697 2836 2966 2903 vixerint,
2999 2836 3102 2890 hoc
3144 2835 3264 2890 loco
3308 2847 3372 2890 ea
3413 2848 3677 2888 consuc-

2056 2938 2186 2995 tudo
2234 2936 2597 3008 prtetermissa
2628 2934 2697 2988 sit
2748 2951 2762 2988 :
2815 2946 2914 2988 nec
2965 2932 3108 2986 enim
3150 2929 3299 2996 dicit,
3349 2927 3405 2983 ln
3458 2928 3678 2983 diebus

2055 3033 2198 3088 Ozias
2230 3048 2244 3086 :
2271 3027 2367 3086 sed
2388 3069 2405 3097 ,
2437 3027 2494 3084 In
2526 3037 2700 3082 morte
2725 3026 2889 3082 Ozize.
2933 3024 3082 3079 llauc
3109 3023 3459 3094 quaestionem
3491 3021 3678 3074 hodie

2057 3125 2268 3180 solvere
2289 3122 2432 3176 volo.
2465 3121 2798 3190 Quamquam
2827 3118 2970 3174 enim
3001 3117 3189 3187 ingens
3218 3124 3301 3170 est
3328 3127 3498 3169 :estus
3525 3156 3541 3179 ,
3580 3125 3678 3182 ta-

2059 3232 2180 3274 men
2204 3213 2374 3284 major
2398 3221 2484 3268 est
2511 3210 2778 3267 sermonis
2807 3209 3139 3279 refrigeratio
3173 3226 3186 3264 :
3217 3223 3555 3279 quamquam
3592 3209 3678 3260 vis

2062 3312 2119 3364 lit
2141 3307 2355 3379 corpori
2380 3305 2664 3364 f‘atiscenti.
2694 3314 2869 3358 tamen
2903 3302 3078 3356 anima
3109 3301 3294 3372 vigens
3331 3300 3673 3356 delectatur

2060 3405 2136 3460 Ne
2162 3403 2289 3459 mihi
2319 3415 2504 3457 narres
2527 3408 2717 3455 testam
2741 3412 2805 3452 ac
2834 3396 3108 3452 sudorem.
3137 3395 3193 3452 Si
3215 3393 3506 3449 sudaveris
3539 3412 3678 3448 cur

2061 3513 2212 3570 pore,
2251 3493 2515 3564 abstergis
2558 3493 2791 3548 animam
2838 3497 3007 3544 tuam.
3060 3487 3192 3544 Tres
3239 3485 3315 3543 illi
3366 3487 3529 3556 pueri
3588 3502 3678 3556 qu

2061 3598 2216 3646 erant
2243 3589 2294 3643 in
2324 3588 2562 3652 fornace,
2591 3584 2721 3639 nihil
2745 3583 3052 3639 detrimenti
3084 3580 3320 3651 perpessi
3351 3591 3482 3636 sunt
3511 3623 3532 3646 ,
3573 3597 3678 3636 sci

2066 3682 2254 3736 fornax
2282 3679 2388 3734 illis
2413 3677 2515 3732 fuit
2541 3675 2838 3746 refrigerio.
2869 3673 3004 3730 Cum
3033 3674 3232 3743 cogita~
3259 3673 3550 3732 sudorem.
3599 3689 3678 3728 ce

2063 3776 2170 3847 gita
2199 3772 2359 3829 simul
2384 3779 2439 3826 et
2463 3769 2766 3826 mercedem
2811 3776 2867 3823 et
2891 3766 3193 3838 praemium.
3226 3765 3438 3820 Etenim
3485 3765 3678 3820 nrin:

2068 3877 2150 3924 tor
2193 3865 2390 3921 nullam
2432 3862 2592 3918 aliam
2632 3860 2702 3916 ob
2727 3873 2942 3916 causam
2969 3857 3133 3914 audet
3177 3857 3412 3927 seipsum
3448 3859 3506 3910 in
3551 3872 3678 3924 ι-τι

2070 3959 2289 4016 fundum
2311 3971 2570 4028 aquarum
2598 3954 2921 4020 demittere,
2948 3967 3109 4023 quam
3141 3959 3359 4023 propter
3392 3955 3677 4020 margar

2071 4065 2185 4122 tas,
2241 4051 2502 4108 bellorum
2551 4061 2790 4105 causam.
2832 4045 3169 4116 Quamquam
3218 4058 3325 4098 non
3375 4045 3665 4098 mztteria

2071 4144 2405 4218 reprehendo
2427 4185 2445 4211 ,
2475 4141 2570 4199 sed
2618 4149 2855 4198 mentem
2886 4139 3351 4210 intemperantem.
3396 4138 3466 4191 lit
3495 4147 3576 4193 tu
3610 4182 3636 4205 ,
3675 4191 3677 4200 λ

2071 4240 2304 4311 accipias
2341 4236 2651 4294 thesaurum
2677 4233 2911 4290 deﬁcere
2939 4236 3215 4299 nescium,
3246 4229 3608 4301 plantcsquc
3643 4249 3678 4288 ν

2073 4341 2182 4388 tem
2219 4335 2272 4386 in
2301 4328 2480 4386 anima
2506 4337 2594 4382 tua
2615 4367 2632 4394 ,
2655 4339 2764 4381 non
2794 4324 3028 4380 sustines
3065 4332 3254 4378 aestum
3295 4337 3477 4392 neque
3515 4327 3677 4388 sud,

2073 4425 2226 4481 rem?
2251 4423 2366 4479 Non
2393 4421 2546 4476 vides
2575 4421 2705 4475 istos
2730 4419 2820 4489 qui
2839 4417 3028 4474 sedent
3056 4418 3108 4473 in
3137 4416 3362 4482 theatro,
3394 4432 3678 4487 qutun".

2074 4516 2266 4572 sudent
2293 4557 2311 4583 ,
2363 4512 2616 4582 nudoque
2670 4511 2848 4582 capite
2906 4511 3036 4566 solis
3089 4509 3295 4565 radium
3352 4508 3678 4580 excipiat:

2075 4624 2184 4681 quo
2232 4608 2362 4662 fiant
2407 4605 2603 4676 captivi
2647 4605 2872 4669 mortis,
2901 4619 3008 4675 quo
3045 4613 3209 4658 δῦθι-ιι
3249 4602 3628 4681 n1ancipia_?
3668 4645 3678 4664 λ

2076 4677 2296 4759 exitium
2328 4699 2402 4754 illi
2433 4698 2713 4765 laborant,
2743 4704 2800 4751 et
2821 4704 2877 4751 tu
2903 4695 2968 4749 ad
3016 4695 3247 4750 salutem
3274 4694 3459 4764 segnis
3493 4677 3602 4754 at:
3661 4719 3678 4758 ι

2077 4795 2275 4850 missus
2297 4805 2356 4848 es
2381 4792 2405 4844 ἰ
2433 4789 2646 4845 Athleta
2674 4802 2768 4854 es,
2794 4787 3034 4846 milescs
3062 4787 3100 4840 ¹.
3127 4786 3258 4855 Quis
3278 4784 3442 4856 igitur
3478 4801 3623 4846 est
3671 4795 3678 4849 i

2078 4885 2256 4952 Ozias,
2286 4891 2341 4939 et
2362 4897 2521 4954 quam
2542 4881 2612 4936 ob
2631 4895 2846 4936 causam
2871 4890 3098 4934 mortem
3127 4879 3264 4934 hanc
3285 4877 3428 4934 illius
3459 4896 3678 4958 expr

2081 4977 2152 5032 sit
2172 4973 2467 5047 propheta?
2496 4973 2592 5028 llic
2618 4971 2774 5028 Ozias
2804 4987 2898 5027 rex
2917 4980 3069 5039 erat,
3101 4987 3166 5028 ac
3195 4972 3276 5027 vir
3300 4972 3550 5043 justus,
3603 4999 3678 5038 ιιι

2084 5069 2154 5124 tis
2192 5067 2389 5122 ﬂorens
2435 5064 2660 5136 egregiis
2720 5063 2871 5121 factis
2919 5083 2934 5119 :
2983 5078 3167 5118 verum
3226 5073 3408 5134 postea
3478 5075 3678 5130 tend

2082 5158 2150 5214 ad
2185 5157 2490 5228 superbiam
2522 5155 2704 5223 venit,
2741 5153 2810 5210 ad
2841 5154 3148 5225 superbiam
3171 5195 3187 5219 ,
3221 5155 3442 5224 inquam
3475 5200 3504 5226 ,
3556 5181 3678 5223 ma

2085 5265 2203 5304 rum
2253 5255 2500 5314 matrem,
2551 5246 2618 5302 ad
2671 5248 3032 5318 arrogantiam
3079 5246 3395 5303 tumultibus
3453 5253 3678 5321 plen:

2087 5343 2156 5400 ad
2193 5343 2504 5407 elationem,
2549 5356 2654 5412 qua
2689 5341 2935 5398 diabolus
2987 5342 3040 5397 in
3086 5342 3308 5397 exitium
3365 5344 3539 5402 ruit.
3619 5356 3678 5412 Ν

2151 5480 2190 5555 ἶ.
2204 5475 2728 5555 i‘if’ﬁ‘ljlclifi‘iﬁ‘l‘fs
2745 5475 2978 5555 1U???
2977 5477 3256 5555 Ρῗὲίθίίοηθ
3279 5477 3461 5555 ’ληίβὲ
3495 5519 3520 5543 ν
3561 5503 3677 5555 (tu:

2089 5540 2225 5590 nullo
2249 5538 2519 5609 exemplari
2529 5545 2722 5609 caeco,
2745 5539 3000 5609 tumedito
3024 5546 3124 5589 tum
3148 5538 3518 5609 planuscripgo'
3557 5538 3678 5608 ιῖξι

2091 5611 2172 5672 ‘“'-“
2176 5637 2191 5660 ’
2210 5609 2280 5676 δίε
2295 5599 2462 5676 341έὲπὶ
2475 5599 2712 5676 labarit!”
2736 5599 3017 5676 destinatis
3036 5634 3053 5672 ε
3075 5601 3160 5649 θεά
3196 5601 3313 5676 bona.
3347 5599 3678 5671 agema};

2093 5665 2224 5713 ruina
2243 5661 2411 5733 tolera.
2431 5664 2598 5733 Sescio
2621 5672 2782 5733 utrum
2801 5661 3017 5733 hiccine
3045 5665 3091 5710 in
3115 5661 3390 5733 exemplari
3418 5661 3574 5721 sub
3611 5661 3678 5733 ξιξ

2099 5728 2380 5798 δείξει-ἢχθη
2401 5737 2521 5798 vero
2543 5726 2646 5785 ipse
2667 5724 2904 5784 adiecerit
2921 5725 3305 5786 interpretatum.
3336 5733 3394 5775 ιι
3417 5741 3511 5784 ιιι
3551 5724 3678 5798 mg

2099 5789 2202 5838 haec
2225 5789 2376 5837 seriei
2401 5797 2512 5836 sunt
2537 5799 2763 5835 consona.
