3696 6278
104 333 186 385 125

1106 333 1169 388 ῘΝ
1212 334 1432 401 lLLUD,
1480 335 1613 390 ΠΜ
1660 335 1986 406 DOMINUM,
2031 340 2258 397 "Mill...
2304 342 2386 399 η’.

3283 348 3382 400 1ἓο

96 452 219 506 enim
248 449 569 520 arrogantia
595 448 785 521 pejus:
810 448 931 504 ideo
960 457 1129 504 totum
1157 465 1463 505 sermonem
1492 449 1543 504 in
1582 450 1685 507 hoc
1794 466 1938 510 esset
1963 470 2058 511 rex
2083 456 2381 514 diademate
2409 461 2687 518 redimitus
2714 504 2728 526 ,
2757 466 3007 535 quoniam
3030 477 3146 523 erat
3179 468 3373 537 justus,

98 541 193 595 heri
218 541 689 612 consumpsimus,
708 540 1010 613 superbiam
1040 541 1411 607 elimiuantes,
1427 550 1482 596 et
1506 541 1684 596 humi-

96 630 281 685 licitam
321 629 618 688 docentes.

149 724 201 778 ι.
245 722 546 780 [lucilius
567 736 813 796 quantum
837 725 1042 781 bonum.
1067 725 1133 780 In
1154 737 1303 796 portu
1332 727 1680 800 naufragium.
1706 796 1709 797 ν

95 812 167 868 Vis
182 813 276 867 tibi
298 814 491 870 dicam
515 826 773 887 quantum
796 817 991 871 bonum
1019 818 1090 872 sit
1117 818 1408 885 humilitas,
1433 827 1487 874 et
1507 835 1681 890 quan-

87 916 182 960 tum
210 906 430 963 malum
458 910 810 980 arrogantia?
856 909 1114 965 Peccator
1155 909 1357 981 justqu
1385 912 1678 981 superavit,

85 999 399 1067 ptddianus
412 1000 769 1065 Pharisazum,
786 1011 842 1057 et
860 1001 1023 1056 verba
1040 999 1192 1057 factis
1214 1000 1363 1059 fuere
1381 1003 1679 1071 superiora.

83 1092 359 1160 Quomodo
376 1092 551 1148 verba
570 1093 595 1147 ?
621 1092 944 1149 Publicauus
959 1092 1093 1151 dicit
1111 1113 1127 1152 :
1146 1094 1305 1159 Deus,
1318 1094 1566 1166 prapitius
1576 1104 1681 1150 esto

84 1186 191 1239 acilii
216 1187 516 1257 peccatori.
548 1185 850 1242 Phariszeus
875 1185 1005 1241 dicit
1030 1204 1044 1240 :
1070 1185 1192 1241 Non
1218 1202 1333 1241 sum
1351 1188 1480 1243 sicut
1505 1189 1679 1243 ceteri

85 1279 318 1343 lanius,
356 1287 576 1348 raptor,
609 1286 702 1332 aut
739 1292 953 1332 avarus.
982 1276 1089 1334 Sed
1117 1277 1289 1349 quid?
1315 1277 1506 1349 Jejuno
1530 1279 1605 1334 bis
1624 1280 1679 1334 in

83 1376 293 1440 sabbato,
323 1372 565 1428 decimas
594 1373 660 1427 do
680 1373 742 1426 de
768 1373 1094 1443 facultatibus
1122 1376 1246 1427 meis
1276 1372 1432 1443 (Luc.
1464 1373 1557 1429 18.
1583 1374 1674 1429 15.

88 1472 151 1522 Il.
175 1467 243 1522 19.
262 1471 306 1535 ).
341 1466 662 1522 Pharismus
688 1482 851 1536 epera
881 1466 1096 1533 iustitia:
1118 1465 1407 1535 praestabat
1437 1484 1451 1521 :
1488 1466 1666 1537 publi-

82 1575 225 1614 canus
256 1560 434 1615 verba
464 1559 679 1615 dicebat
699 1557 1038 1623 humilitatis,
1068 1566 1122 1612 et
1150 1557 1313 1612 verba
1338 1556 1454 1626 plus
1487 1565 1674 1627 potue-

84 1664 376 1722 mutquam
410 1652 579 1717 facta,
613 1661 895 1721 tantusque
925 1649 1208 1705 thesaurus
1226 1647 1542 1703 exsufflatus
1563 1657 1669 1715 est,

84 1758 120 1801 ct
143 1756 283 1799 tanta
318 1746 516 1816 inopia
540 1745 593 1799 in
624 1745 834 1801 divitias
857 1751 1209 1799 commutata.
1240 1742 1516 1797 Venerunt
1554 1741 1675 1797 dum

84 1854 225 1893 iuves
252 1838 537 1893 habentes
558 1851 729 1901 unus;
758 1836 931 1891 amba:
983 1845 1193 1905 portum
1232 1835 1483 1905 ingressae
1509 1844 1671 1899 sunt;

82 1932 151 1985 sed
198 1931 540 1999 publieanus
579 1928 800 1999 pulchre
844 1929 897 1983 in
944 1938 1155 1998 portum
1201 1927 1444 1998 appulit,
1479 1926 1667 1982 Phari-

83 2038 196 2076 srns
232 2033 436 2077 autem
469 2020 809 2089 naufragium
834 2033 1123 2090 perpessus
1164 2028 1282 2085 est,
1332 2028 1388 2073 ut
1411 2017 1668 2082 disceres,

83 2126 317 2183 quantum
372 2114 510 2167 mali
543 2114 613 2167 sit
632 2112 793 2166 animi
826 2121 1021 2165 tumor.
1049 2111 1233 2167 Justus
1259 2125 1320 2165 es
1342 2110 1364 2165 ?
1386 2109 1463 2165 Ne
1488 2110 1669 2180 depri-

83 2224 171 2261 ωας
198 2208 437 2261 fratrem
494 2216 670 2260 tuum.
718 2205 904 2260 Flures
933 2216 1077 2259 recte
1111 2203 1308 2258 factis?
1354 2202 1431 2259 Ne
1475 2203 1669 2273 probra

80 2300 213 2367 μείης
274 2300 333 2353 in
408 2298 761 2367 proximum,
819 2307 1041 2367 tuasque
1105 2294 1291 2350 laudes
1349 2295 1665 2364 comprime.

82 2394 263 2459 Quanto
294 2392 491 2460 mjor
517 2406 598 2456 es,
629 2398 777 2446 tanto
816 2391 986 2460 magis
1010 2388 1253 2459 deprime
1293 2387 1544 2459 teipsum.
1573 2389 1668 2444 At—

82 2486 206 2539 tende
227 2485 388 2553 quod
421 2483 627 2539 dicitur
647 2525 666 2550 ,
697 2483 994 2538 carissime.
1040 2479 1204 2552 Magis
1222 2481 1398 2551 justus
1426 2489 1666 2537 metuere

81 2580 208 2633 delet
245 2576 639 2648 arrogantiam
690 2591 848 2646 quam
893 2583 1141 2645 peccator
1186 2574 1332 2629 :hoc
1373 2573 1487 2629 heri
1517 2573 1660 2629 dice-

82 2672 192 2734 bam,
228 2679 288 2726 et
327 2669 508 2724 hodie
531 2668 655 2724 dico
682 2676 899 2738 propter
922 2682 1017 2724 eos
1045 2667 1134 2738 qui
1166 2666 1280 2722 heri
1310 2666 1556 2731 aberant,
1591 2681 1660 2722 eo

80 2762 191 2831 quod
233 2770 515 2831 peccator
556 2758 751 2826 habeat
794 2758 1179 2814 conscientiam
1228 2773 1295 2813 ex
1343 2759 1663 2813 necessitate

83 2855 311 2910 humilem
359 2871 378 2909 :
430 2854 615 2923 justus
659 2864 837 2907 autem
894 2851 965 2906 ob
1020 2849 1298 2907 benefacta
1350 2850 1659 2906 extollatur.

80 2944 535 3012 Quemadmodum
566 2943 728 3015 igitur
756 2942 815 2997 fit
838 2941 1152 3014 innavigiis,
1176 2940 1268 3011 qui
1290 2956 1514 2997 vacuam
1544 2941 1643 2995 ha-

84 3041 401 3093 bentnavem
424 3079 443 3103 ,
485 3049 594 3090 non
626 3041 869 3090 metuunt
898 3032 1190 3103 piratarum
1216 3031 1470 3087 insultum
1501 3049 1515 3086 :
1546 3046 1657 3087 non

82 3132 191 3184 sum
222 3129 469 3185 veniunt
518 3136 577 3183 ut
619 3134 900 3181 conteram
925 3138 1116 3178 navem
1167 3121 1299 3178 nihil
1326 3122 1655 3179 vehentem:

82 3234 118 3274 ιι
139 3224 168 3276 ii
207 3222 301 3291 qui
332 3232 543 3275 narem
568 3217 767 3273 habent
793 3223 1043 3271 onustam
1074 3256 1089 3281 ,
1119 3223 1366 3271 metuunt
1394 3215 1595 3285 piratas
1633 3233 1648 3271 :

82 3331 173 3369 uin
204 3315 380 3384 pirata
412 3314 546 3367 illuc
570 3316 844 3381 properat,
874 3309 963 3365 ubi
990 3323 1203 3374 aurum,
1226 3308 1315 3364 ubi
1337 3316 1645 3378 argentum,

85 3409 149 3460 ubi
181 3408 394 3477 lapides
424 3404 650 3475 pretiosi
679 3420 693 3457 :
722 3403 801 3458 sic
840 3412 896 3457 et
923 3400 1169 3457 diabolus
1199 3415 1306 3455 non
1352 3399 1506 3455 facile
1530 3414 1656 3470 pec-

80 3511 285 3555 atorem
325 3497 667 3570 aggreditur,
715 3495 812 3551 sed
850 3494 1055 3565 justum
1098 3493 1295 3565 potius,
1341 3491 1431 3547 ubi
1472 3492 1656 3547 multae

83 3603 179 3644 sunt
202 3606 361 3660 opes.
405 3589 676 3657 Quoniam
705 3602 850 3656 saepe
873 3583 1178 3656 arrogantia
1199 3600 1264 3639 ex
1294 3584 1506 3640 insidiis
1534 3585 1652 3640 dia-

83 3682 160 3734 boli
181 3684 382 3747 oritur,
405 3678 735 3749 vigilandum
763 3688 846 3732 est
876 3678 914 3730 ί.
946 3676 1156 3745 Quanto
1185 3675 1358 3743 major
1387 3689 1469 3743 es,
1504 3684 1651 3729 tanto

81 3777 219 3843 magis
257 3772 518 3843 deprime
559 3769 807 3839 teipsum.
838 3766 973 3823 Cum
1006 3766 1315 3821 ascenderis
1354 3765 1410 3820 in
1449 3766 1613 3821 altmn
1636 3807 1650 3831 ,

84 3881 187 3930 tuas
210 3875 293 3919 δι
321 3874 385 3919 ut
427 3862 525 3917 tibi
552 3861 848 3932 prospicias
886 3874 955 3915 ne
996 3857 1178 3913 cadas.
1205 3857 1564 3925 Quamobrem
1594 3869 1649 3913 et

84 3958 309 4011 It-tninus
343 3966 541 4010 noster
589 3952 723 4008 dicit
770 3969 785 4007 :
822 3950 950 4007 Cum
991 3951 1160 4004 omnia
1187 3951 1425 4023 feceritis,
1450 3951 1599 4004 dicite
1632 3967 1650 4003 :

84 4048 269 4103 luctata
320 4048 459 4102 scrin
508 4062 682 4100 sanius
740 4043 893 4115 (Luc.
944 4044 1032 4099 17.
1078 4043 1204 4114 10).
1255 4043 1390 4112 Quid
1442 4045 1649 4098 ell'erris

78 4143 227 4195 animo
255 4156 387 4197 cum
427 4140 507 4195 sis
534 4140 717 4205 homo,
744 4148 1002 4209 cognatus
1031 4148 1187 4193 terra:
1208 4179 1224 4205 ,
1255 4138 1495 4208 ejusdem
1523 4138 1650 4193 sub—

76 4232 261 4286 stantia:
298 4246 431 4287 cum
460 4231 668 4294 cinere,
718 4238 828 4283 tum
879 4239 1088 4291 natura,
1127 4238 1238 4282 tum
1283 4228 1485 4295 animo,
1535 4239 1646 4283 tum

72 4327 322 4379 admotam
370 4322 633 4378 delectu?
675 4320 846 4376 Hodie
873 4318 1045 4386 dives,
1072 4336 1191 4375 cras
1224 4336 1452 4391 pauper;
1486 4320 1648 4375 hodie

72 4433 230 4483 satis,
261 4431 396 4473 eras
421 4422 694 4486 aegrotus;
726 4412 888 4468 hodie
913 4412 1138 4484 gaudes,
1169 4427 1293 4467 cras
1318 4412 1471 4467 doles
1496 4429 1513 4478 ;
1547 4410 1644 4467 hu-

70 4510 135 4562 ἐξ
162 4511 213 4563 in
241 4507 447 4579 gloria,
478 4519 605 4560 cras
632 4504 686 4558 in
708 4503 999 4574 ignominia
1025 4519 1040 4566 ;
1076 4502 1233 4556 hodie
1250 4501 1490 4572 juvenis,
1518 4516 1640 4557 cras

70 4614 227 4654 mea.
257 4599 407 4653 Num
452 4594 654 4666 aliquid
700 4594 753 4648 in
799 4594 961 4650 rebus
988 4594 1235 4648 humanis
1282 4592 1648 4656 consistit,ac

68 4708 149 4747 βω
172 4693 361 4762 potius
401 4688 645 4745 amnium
677 4685 1155 4757 prteterlluentium
1183 4699 1399 4740 cursum
1431 4683 1646 4739 imitan-

68 4796 133 4838 tur
156 4786 343 4839 omnia
368 4784 396 4837 ?
422 4779 557 4835 Nam
584 4778 744 4834 simul
765 4788 926 4849 atque
944 4784 1326 4847 apparuerunt,
1357 4776 1515 4831 citius
1542 4789 1644 4830 nos

79 4896 197 4941 ,aam
245 4876 455 4932 umbra
500 4873 835 4942 relinquunt.
892 4870 1029 4937 Quid
1072 4870 1231 4940 igitur
1271 4870 1439 4925 altum
1477 4868 1643 4937 sapis,

66 4972 215 5036 homo,
269 4971 463 5024 fumus
494 4975 551 5021 et
573 4963 827 5020 vanitas?
856 4962 1023 5017 Homo
1046 4963 1187 5018 enim
1214 4963 1426 5016 vanitati
1466 4962 1645 5017 similis

70 5068 202 5123 {actu
249 5074 335 5117 est
386 5058 566 5131 (Psal.
611 5057 736 5112 N5.
792 5056 884 5124 4).
941 5054 1113 5110 Veluti
1140 5059 1328 5126 [mnum
1380 5054 1485 5110 dies
1535 5056 1645 5120 eius

68 5152 199 5208 ιω.
234 5152 375 5209 NB.
409 5151 525 5219 15).
556 5147 770 5203 Exstruit
798 5162 1027 5218 gramen,
1071 5156 1118 5201 et
1159 5147 1255 5217 ﬂos
1306 5148 1415 5215 ejus
1460 5147 1646 5201 decidit

68 5246 209 5311 glad.
242 5247 346 5305 se.
383 5244 485 5316 8).

115 5341 210 5394 Rc:
257 5336 556 5394 sacerdotis
601 5351 705 5387 non
749 5347 997 5402 usurpare
1041 5331 1181 5385 debet
1216 5331 1531 5401 dignitatem.
1572 5360 1647 5373 ο-

69 5428 158 5487 ἓεε
181 5432 311 5487 dico
343 5444 459 5483 non
487 5437 547 5481 ut
575 5424 927 5481 substantiam
945 5422 1265 5493 deprimam,
1288 5420 1381 5477 sed
1410 5431 1466 5476 ut
1494 5436 1643 5476 arro-

70 5526 261 5589 gantiam
293 5520 608 5577 refrenem.
635 5516 846 5587 Alioqui
876 5526 932 5570 et
950 5529 1140 5584 magna
1167 5530 1252 5569 res
1272 5526 1350 5568 est
1383 5514 1565 5578 homo,
1590 5523 1645 5568 et

74 5618 257 5681 ,r'rtiasa
311 5628 414 5670 res
456 5612 542 5667 vir
584 5610 911 5665 misericors.
957 5609 1155 5687 Verum
1200 5607 1286 5663 hic
1315 5609 1470 5663 Ozias
1520 5623 1643 5664 cum

110 5756 118 5777 τ
147 5759 271 5799 tuus
298 5749 382 5797 sic
404 5744 603 5795 habet:
638 5740 868 5807 quatiam
905 5755 970 5792 ex
1007 5742 1289 5807 arrogantia
1324 5749 1523 5796 peccata
1560 5756 1642 5793 na-

72 5822 239 5874 metu,
272 5818 554 5875 propterea
575 5804 875 5870 rtgilmutum
900 5812 989 5857 est.

1791 545 1962 601 elatus
1996 557 2080 602 est
2116 550 2318 616 animo,
2348 559 2403 607 et
2440 552 2645 623 majore
2696 557 2883 626 spiritu
2911 567 3172 630 concepto
3214 577 3374 633 quam

1791 651 1888 705 pro
1916 637 2172 709 dignitate
2195 683 2210 708 ,
2241 642 2512 713 ingressus
2551 655 2635 701 est
2660 647 2937 717 templum.
2985 650 3050 707 Et
3094 653 3220 724 quid
3247 654 3379 711 dicit

1787 727 2100 798 Scriptura?
2146 730 2413 805 Ingressus
2455 744 2529 791 est
2575 746 2751 791 sancta
2790 751 3112 808 sanctorum,
3169 743 3404 812 aitque,_.

1798 817 1924 875 Volo
1950 821 2155 878 adolere
2178 824 2439 881 incensum
2474 827 2565 897 (2.
2605 828 2786 885 Paral.
2818 830 2908 886 26.
2943 833 3076 904 l6).
3108 832 3221 890 Rex
3250 810 3403 891 cum'

1786 910 1876 977 sit,
1906 913 2189 971 sacerdotii
2221 917 2574 988 principatum
2612 930 2848 993 usurpat.
2886 921 3029 988 Volo,
3058 925 3233 996 inquit
3275 930 3374 981 ad-

1786 1003 1923 1059 olere
1949 1006 2229 1076 incensum,
2258 1012 2378 1081 quia
2396 1011 2569 1082 justus
2593 1028 2736 1068 sum.
2761 1014 2869 1071 Sed
2899 1031 3055 1073 mane
3085 1018 3223 1074 intra
3254 1028 3376 1075 tuos

1786 1096 2045 1154 terminos
2069 1115 2083 1154 :
2113 1099 2202 1155 alii
2242 1111 2367 1156 sunt
2396 1104 2605 1159 termini
2629 1106 2800 1176 regni,
2827 1106 2918 1162 alii
2951 1109 3163 1165 termini
3190 1125 3372 1167 sacer-

1785 1186 1917 1244 dotii
1962 1207 1978 1246 :
2009 1206 2193 1247 verum
2224 1192 2327 1249 hoc
2364 1194 2456 1250 illo
2480 1196 2655 1267 majus
2680 1208 2781 1253 est.
2812 1199 2994 1270 Neque
3017 1202 3162 1259 enim
3192 1218 3259 1258 ex
3286 1203 3372 1273 his

1784 1295 1903 1351 qua:
1946 1281 2192 1339 videntur
2236 1284 2320 1340 hic
2366 1286 2677 1343 declaratur
2708 1305 2800 1345 rex
2828 1332 2843 1356 ,
2870 1308 3045 1364 neque
3086 1308 3118 1350 c
3142 1299 3367 1366 gemmis

1784 1370 1859 1425 illi
1885 1372 2083 1441 affixis,
2105 1391 2278 1447 neque
2297 1392 2363 1433 ex
2386 1393 2517 1433 auro
2537 1396 2645 1451 quo
2671 1384 2899 1438 amictus
2918 1394 3023 1453 est,
3051 1385 3210 1442 debet
3235 1391 3371 1444 msti-

1784 1464 1915 1517 mari
1948 1479 2065 1520 rex.
2099 1464 2193 1522 llle
2236 1468 2454 1538 quidem
2493 1485 2556 1525 ea
2585 1488 2705 1543 quae
2731 1485 2850 1528 sunt
2883 1476 2935 1529 in
2967 1477 3125 1533 terris
3149 1480 3370 1535 sortitus

1782 1564 1866 1610 est
1909 1555 2330 1614 administranda
2364 1573 2659 1618 :ezeterum
2682 1565 2965 1622 sacerdotii
2991 1568 3078 1637 jus
3118 1584 3151 1625 e
3179 1584 3368 1641 super-

1785 1649 1866 1702 uis
1916 1648 2192 1707 descendit
2223 1671 2237 1708 :
2274 1653 2617 1723 Quacumque
2634 1658 3059 1731 enimligaveritis
3076 1678 3229 1733 super
3255 1674 3359 1717 ter.

1778 1755 1919 1804 rant,
1949 1751 2093 1795 erunt
2121 1744 2278 1813 ligata
2307 1755 2352 1800 et
2376 1747 2428 1801 in
2452 1748 2574 1803 caelo
2602 1750 2622 1819 (
2648 1748 2837 1805 Matth.
2867 1753 2953 1808 16.
2986 1753 3096 1825 19).
3133 1756 3262 1828 Regi
3289 1773 3350 1812 ea

1778 1844 1898 1898 quae
1939 1829 2027 1888 hic
2061 1844 2207 1901 sunt,
2248 1838 2534 1894 commissa
2562 1849 2707 1907 sunt,
2737 1841 2869 1898 mihi
2920 1845 3153 1902 cmlestia
3186 1865 3200 1901 :
3229 1849 3360 1903 mihi

1777 1936 1897 1975 cum
1927 1922 2078 1989 dico,
2110 1927 2444 1984 sacerdotem
2487 1930 2747 2003 intelligo.
2782 1934 2965 2007 Itaque
2993 1952 3116 1993 cum
3160 1940 3361 1997 videris

1776 2014 2108 2071 sacerdotem
2161 2018 2469 2090 indignum,
2513 2039 2581 2078 ne
2632 2024 2878 2082 traducas
2934 2030 3293 2087 sacerdotium
3344 2052 3357 2087 :

1777 2121 1880 2159 non
1925 2109 2069 2163 enim
2120 2120 2328 2180 oportet
2383 2113 2640 2172 damnare
2693 2133 2820 2184 res,
2869 2120 2963 2176 sed
2999 2137 3122 2178 eum
3163 2127 3252 2195 qui
3303 2143 3361 2182 re

1775 2196 1912 2251 bona
1969 2200 2107 2256 male
2162 2203 2361 2271 utitur;
2404 2206 2836 2277 quandoquidem
2881 2221 2935 2266 et
2971 2212 3136 2269 ludas
3181 2220 3361 2287 prodi-

1776 2298 1858 2341 tor
1888 2286 2006 2354 fuit,
2028 2306 2215 2346 verum
2245 2309 2349 2348 non
2377 2296 2446 2351 ob
2480 2297 2527 2351 id
2554 2311 2838 2354 accusatur
2853 2302 2986 2357 ordo
3006 2307 3355 2375 apostolicus,

1771 2381 1867 2436 sed
1896 2383 2034 2439 illius
2058 2386 2270 2443 animus
2301 2404 2431 2446 :nec
2452 2391 2657 2447 crimen
2676 2404 2756 2448 est
2785 2396 3093 2466 sacerdotii,
3124 2400 3217 2456 sed
3246 2419 3359 2456 nta-

1773 2473 1879 2528 lum
1907 2476 2090 2531 animi.

1839 2566 1894 2622 5.
1924 2567 2221 2624 Sacerdotes
2245 2572 2368 2626 ntali
2384 2573 2723 2644 vituperandi,
2746 2593 2846 2631 non
2872 2581 3229 2636 sacerdotium.
3257 2581 3358 2638 Suo

1768 2657 2026 2713 cerdatum
2076 2663 2242 2734 major
2286 2664 2507 2736 dignitas
2542 2658 2696 2738 quant
2739 2672 2888 2740 regis.
2939 2670 3170 2728 Historia
3218 2676 3351 2746 regis

1770 2746 1911 2802 Ozia:
1933 2751 2211 2822 peragitur.
2233 2784 2305 2795 -—-
2325 2754 2390 2810 Et
2418 2764 2472 2811 tu
2494 2757 2653 2829 igitur
2678 2775 2746 2815 ne
2766 2762 3122 2820 sacerdotium
3147 2764 3353 2835 vitupe-

1764 2854 1873 2907 res,
1916 2840 2011 2896 sed
2038 2843 2371 2901 sacerdotem
2410 2849 2550 2904 male
2595 2865 2656 2906 re
2681 2852 2820 2906 bona
2852 2863 3107 2910 utentem.
3139 2855 3349 2913 Etenim

1763 2935 1808 2988 si
1837 2935 1957 3005 quis
1987 2945 2160 2992 tecum
2187 2938 2439 3010 disputet,
2468 2942 2714 3015 dicatque
2746 2963 2759 2998 :
2795 2946 2983 3003 Vidisti
3013 2948 3165 3004 illum
3192 2949 3348 3005 Chri-

1763 3028 2031 3083 stianum?
2058 3033 2420 3101 respondeto:
2449 3036 2517 3089 At
2535 3051 2635 3105 ego
2658 3053 2765 3092 non
2782 3038 2850 3094 de
2872 3042 3134 3109 personis,
3158 3042 3251 3099 sed
3281 3044 3350 3099 de

1762 3117 1923 3175 rebus
1951 3120 2043 3176 tibi
2068 3121 2277 3193 loquor.
2307 3124 2516 3196 Alioqui
2540 3138 2670 3198 quot
2697 3129 2888 3185 medici
2919 3129 3043 3187 facti
3074 3142 3195 3187 sunt
3224 3150 3346 3189 car-

1764 3210 1965 3278 niﬁces,
1998 3227 2064 3268 ac
2085 3229 2290 3270 venena
2318 3231 2413 3286 pro
2450 3218 2748 3288 pharmacis
2773 3220 3071 3277 dederunt?
3108 3224 3223 3279 Non
3265 3234 3347 3280 ta-

1762 3318 1882 3359 men
1914 3312 2082 3361 artem
2129 3305 2393 3378 vitupero,
2439 3309 2532 3364 sed
2571 3311 2709 3366 male
2755 3323 2991 3368 utentem
3030 3324 3165 3370 arte.
3209 3317 3348 3383 Quot

1760 3407 1936 3452 nauta:
1977 3398 2117 3455 male
2162 3397 2535 3457 demerserunt
2575 3402 2822 3474 navigia?
2852 3405 3048 3462 Verum
3097 3421 3201 3462 non
3256 3422 3346 3463 ars

1760 3488 2039 3560 navigandi
2085 3489 2226 3547 mala
2265 3500 2365 3558 est,
2410 3491 2507 3547 sed
2553 3493 2724 3549 malus
2762 3494 2972 3551 illormn
3014 3497 3241 3553 animus.
3289 3500 3344 3554 Si

1730 3571 1739 3579 ’
1757 3579 2087 3637 Christianus
2125 3581 2284 3638 fuerit
2299 3582 2596 3656 improbus,
2611 3602 2683 3643 ne
2698 3584 2915 3641 incuses
2927 3586 3116 3659 dogma
3136 3604 3237 3643 nec
3256 3603 3312 3642 sa
3330 3619 3343 3628 -

1756 3670 2075 3737 cerdotium,
2106 3673 2201 3729 sed
2220 3687 2276 3726 re
2300 3670 2441 3727 bona
2465 3680 2709 3727 utentem
2740 3669 2898 3726 male.
2941 3670 3073 3742 [legi
3115 3684 3339 3742 corpora

1754 3762 2039 3817 commissa
2066 3770 2210 3828 sunt,
2242 3761 2503 3816 sacerdoti
2531 3765 2758 3828 animas;
2791 3778 2885 3819 rex
2918 3763 3128 3819 residua
3176 3780 3338 3835 pecu-

1755 3854 1963 3909 niarum
1990 3853 2229 3916 remittit,
2253 3854 2506 3909 sacerdos
2524 3862 2702 3909 autem
2726 3854 2935 3910 residua
2965 3866 3299 3926 peccatorum
3323 3877 3335 3912 :

1755 3945 1843 4000 ille
1880 3944 2040 4016 cogit,
2082 3944 2171 4000 hic
2193 3945 2548 4003 exhortatur:
2577 3947 2666 4000 ille
2693 3949 3031 4012 necessitate,
3074 3948 3162 4003 hic
3204 3964 3339 4003 cun-

1752 4037 1911 4092 silio:
1946 4038 2034 4093 ille
2056 4035 2217 4091 habet
2239 4052 2386 4092 arma
2409 4038 2702 4104 sensibilis,
2730 4038 2816 4093 hic
2835 4054 2981 4093 arma
3004 4040 3295 4110 spiritualia
3322 4062 3335 4096 ;

1752 4131 1842 4185 ille
1868 4130 2066 4185 bellum
2102 4131 2239 4199 gerit
2267 4145 2389 4184 cum
2427 4130 2684 4196 barbaris,
2717 4129 2848 4185 mihi
2897 4131 3091 4186 bellmn
3131 4144 3213 4187 est
3239 4132 3338 4188 ad-

1754 4237 1939 4278 versus
1977 4220 2269 4277 daemones.
2312 4221 2479 4292 Major
2519 4220 2605 4276 hic
2647 4221 3010 4292 principatus;
3057 4232 3338 4295 propterea

1753 4331 1848 4370 rex
1877 4323 2038 4385 caput
2078 4314 2344 4368 submittit
2385 4315 2562 4369 manui
2605 4313 2920 4381 sacerdotis,
2957 4324 3010 4370 et
3050 4316 3246 4386 ubique
3283 4317 3337 4372 in

1748 4407 1924 4462 Veteri
1941 4405 2218 4477 Scriptura
2248 4405 2557 4462 sacerdotes
2586 4406 2910 4478 iuungebant
2938 4422 3111 4477 reges.
3139 4406 3338 4464 Verutn

1752 4514 1845 4554 rex
1872 4496 1961 4553 ille
1983 4509 2079 4551 sua
2108 4495 2410 4552 transiliens
2439 4505 2609 4568 septa,
2635 4498 2956 4568 modumque
2987 4498 3136 4569 regni
3160 4506 3338 4555 trans-

1749 4606 1991 4663 gressus,
2025 4602 2249 4647 conatus
2291 4600 2375 4648 est
2409 4592 2606 4663 aliquid
2636 4592 2851 4658 addere,
2882 4603 3041 4663 atque
3070 4592 3341 4663 ingressus
3412 4608 3419 4615 ·

1749 4695 1833 4742 est
1852 4685 2107 4754 templum
2128 4699 2248 4740 cum
2269 4682 2876 4745 auctoritate,inceusum
2894 4684 3115 4741 adolere
3130 4685 3338 4741 volens.

1749 4775 1887 4843 Quid
1912 4774 2072 4847 igitur
2095 4774 2382 4830 sacerdos?
2408 4774 2523 4829 Non
2555 4773 2678 4829 licet
2702 4773 2817 4841 tibi,
2840 4773 2991 4842 Ozia,
3018 4774 3238 4831 adolere
3261 4776 3342 4830 in-

1748 4883 1988 4924 censum.
2024 4866 2161 4922 Vide
2191 4867 2512 4931 libertatem,
2554 4864 2677 4920 vide
2716 4872 2951 4920 mentem
2990 4866 3197 4922 servire
3241 4882 3339 4921 ne-

1749 4959 1936 5023 sciam,
1985 4957 2108 5013 vide
2153 4957 2384 5027 linguam
2413 4955 2575 5013 czelos
2616 4956 2995 5026 attingentem,
3040 4956 3339 5012 libertatem

1749 5052 2022 5119 invictam,
2072 5051 2191 5106 vide
2242 5050 2473 5106 hominis
2499 5065 2714 5120 corpus,
2746 5059 2801 5105 et
2839 5049 3019 5119 angeli
3063 5060 3337 5105 mentem:

1748 5147 1871 5203 vide
1895 5145 2040 5201 humi
2067 5143 2477 5216 ingredientem,
2508 5153 2564 5198 et
2593 5144 2646 5198 in
2685 5143 2818 5199 casio
2842 5151 3166 5203 versantem.
3198 5142 3344 5199 Vidit

1750 5256 1955 5313 regem,
1997 5256 2103 5295 non
2154 5238 2284 5294 vidit
2321 5252 2606 5309 purpuram
2644 5254 2659 5291 :
2691 5236 2827 5292 vidit
2852 5252 3055 5309 regem,
3084 5252 3183 5292 nec
3206 5234 3349 5290 vidit

1748 5332 2012 5388 diadema.
2042 5330 2121 5387 Ne
2145 5329 2271 5385 mihi
2298 5329 2498 5385 dixeris
2521 5343 2644 5386 esse
2672 5344 2916 5399 regnum,
2944 5329 3031 5383 ubi
3056 5337 3139 5384 est
3160 5328 3336 5398 legum

1752 5422 2122 5493 transgressio.
2156 5421 2279 5476 Non
2310 5422 2423 5477 licet
2450 5421 2558 5486 tibi,
2588 5436 2701 5487 rex,
2728 5421 2931 5475 adolere
2964 5420 3231 5474 incensum
3253 5415 3333 5468 in-

1749 5524 1828 5568 tra
1853 5524 2029 5569 sancta
2065 5524 2355 5568 sanctorum
2387 5513 2463 5585 (3.
2496 5512 2676 5567 Paral.
2718 5511 2811 5567 26.
2845 5511 2973 5580 18);
3004 5509 3345 5567 transcendis

1749 5614 1921 5677 septa,
1951 5606 2146 5675 quieris
2176 5605 2270 5660 tibi
2312 5621 2418 5659 non
2449 5619 2701 5661 concessa
2731 5622 2744 5657 :
2777 5603 2897 5657 ideo
2926 5618 3044 5672 qua:
3080 5601 3339 5671 accepisti

1750 5698 1961 5769 perdes.
1992 5695 2115 5750 Non
2144 5697 2256 5752 licet
2285 5696 2374 5750 tibi
2398 5695 2601 5749 adolere
2628 5695 2914 5756 incensum,
2948 5693 3037 5746 sed
3064 5694 3341 5748 sacerdoti-

1749 5795 1839 5848 bus
1862 5792 1997 5847 istud
2035 5790 2208 5845 dattun
2249 5800 2337 5847 cst.
2367 5788 2489 5844 Non
2525 5798 2669 5842 tuum
2712 5795 2793 5841 est
2831 5784 2953 5853 hoc,
2995 5784 3090 5843 sed
3136 5800 3332 5841 meum.
