3696 6278
385 316 486 372 127

380 439 516 494 Nunt
558 444 702 488 tuam
749 427 996 499 usurpavi
1045 424 1367 496 purpuram?
1396 422 1473 477 Ne
1521 433 1744 489 usurpes
1788 432 1964 473 meum

382 517 759 576 sacerdotium.
794 512 913 569 Non
943 512 1055 566 licet
1084 511 1169 563 tibi
1198 508 1401 561 adolere
1420 508 1696 569 incensum,
1731 504 1819 557 sed
1857 511 1968 555 tan-

382 628 486 669 tum
516 610 857 667 sacerdotibus
896 605 1018 675 ﬁliis
1056 605 1249 658 Aaron.
1283 601 1407 655 Post
1450 598 1672 652 multum
1712 593 1969 665 temporis

378 711 487 778 jnlll
518 704 769 761 defuncto
794 702 1005 756 Aarone
1032 697 1133 752 hoc
1154 693 1365 750 accidit.
1395 692 1464 746 Et
1487 689 1834 760 quamobrem
1861 700 1968 741 non

379 801 532 859 dixit.
568 794 927 853 Sacerdotibus
958 798 1188 855 tantum,
1220 786 1313 842 sed
1342 794 1395 840 et
1437 783 1604 854 patris
1640 780 1967 836 mentionem

382 892 547 948 fecit?
575 888 783 945 Accidit
806 886 860 940 in
884 885 974 939 illo
1000 892 1259 952 tempore,
1286 887 1342 933 ut
1365 877 1467 932 tale
1487 875 1758 947 quidpiam
1781 873 1966 929 fieret:

384 988 587 1041 llatlian
622 983 788 1045 enim,
816 978 1017 1035 Abiron
1047 985 1099 1032 et
1126 975 1263 1031 Core
1289 974 1688 1027 insurrexerunt
1711 967 1971 1023 adversus

381 1083 604 1134 Aaron:
651 1080 833 1144 aperta
865 1078 948 1126 est
995 1076 1158 1131 terra,
1204 1079 1267 1120 ac
1292 1062 1567 1119 devoravit
1614 1061 1780 1125 illos;
1826 1058 1971 1114 venit

382 1171 517 1241 ignis
564 1184 596 1225 c
632 1166 785 1230 cado,
823 1171 877 1220 et
917 1160 1120 1217 exussit
1148 1156 1461 1229 eos_(Num.
1490 1153 1557 1209 16
1587 1165 1633 1209 et
1663 1152 1810 1207 Psal.
1844 1150 1968 1207 105.

382 1265 468 1317 17.
499 1260 611 1330 18).
643 1256 838 1313 Volens
879 1254 1038 1325 igitur
1061 1266 1183 1308 eum
1221 1246 1683 1303 commonefacere
1710 1243 1852 1299 illius
1881 1242 1965 1298 hi~

380 1353 580 1417 storizc,
622 1348 762 1418 quod
793 1346 921 1402 olim
950 1358 1162 1415 quoque
1191 1339 1548 1396 sacerdotium
1576 1335 1811 1408 aggressi
1841 1334 1967 1401 sint,

384 1460 565 1501 verum
598 1458 702 1499 non
741 1438 1100 1503 succubuerit,
1132 1434 1226 1492 sed
1250 1434 1437 1490 adorta
1464 1443 1545 1488 est
1582 1429 1887 1496 multitudo,
1916 1437 1970 1484 et

386 1535 528 1593 Deus
555 1536 698 1590 illam
728 1535 869 1589 ultus
892 1540 1014 1587 est:
1049 1527 1171 1585 Non
1199 1527 1313 1582 licet
1341 1526 1429 1580 tibi
1456 1525 1661 1579 adolere
1684 1525 1967 1589 incensum,

380 1628 470 1682 sed
498 1627 619 1682 solis
659 1623 999 1682 sacerdotibus
1046 1621 1169 1691 ﬁliis
1211 1620 1405 1674 Aaron.
1436 1616 1551 1672 Non
1593 1615 1746 1683 dixit,
1783 1614 1968 1685 Cogita

382 1720 508 1791 quid
544 1719 686 1790 passi
730 1718 838 1773 sint
877 1715 967 1786 qui
1005 1723 1132 1768 tunc
1177 1711 1265 1767 illa
1298 1719 1576 1781 patrarunt
1608 1726 1621 1762 :
1670 1724 1775 1763 non
1806 1708 1966 1772 dixit,

381 1813 688 1883 Cogita'cos
726 1807 814 1878 qui
852 1807 1261 1861 insurrexerunt
1298 1802 1607 1857 combustos
1649 1799 1844 1865 fuisse;
1875 1800 1969 1854 sed

384 1902 658 1956 muninato
708 1901 952 1963 Aarone,
1002 1909 1162 1965 quem
1208 1893 1354 1948 ultus
1396 1902 1479 1948 est
1527 1892 1697 1959 Deus,
1739 1906 1862 1947 eum
1904 1890 1971 1945 ad

383 1994 619 2051 historiae
671 1990 1092 2047 recordationem
1144 1986 1405 2053 adduxit,
1457 1985 1538 2040 his
1587 1983 1971 2055 propemodum

384 2086 560 2141 verbis
591 2094 748 2140 utens
781 2102 796 2139 :
827 2081 946 2138 Noli
976 2078 1171 2136 audere
1200 2093 1317 2147 qua:
1347 2091 1507 2133 ausus
1534 2086 1617 2132 est
1647 2076 1875 2144 Dathan,
1904 2089 1973 2132 ne

386 2176 604 2247 patiaris
634 2175 843 2240 eadem,
877 2187 997 2244 qua:
1023 2181 1264 2241 tempore
1288 2169 1467 2225 Aaron
1498 2168 1826 2225 acciderunt.
1859 2167 1974 2223 Rex

384 2279 560 2324 autem
588 2267 745 2323 Ozias
774 2281 881 2322 non
920 2264 1173 2320 sustinuit
1210 2263 1660 2327 admonitionem,
1693 2265 1787 2318 sed
1817 2277 1971 2318 arro-

383 2362 562 2433 gantia
595 2360 806 2416 inﬂatus
833 2359 1103 2428 ingressus
1130 2365 1211 2411 est
1236 2354 1515 2425 templum,
1549 2353 1758 2424 aperuit
1789 2363 1973 2431 sancta

384 2465 713 2518 sanctorum,
764 2451 950 2507 volens
1001 2448 1218 2504 adolere
1261 2448 1559 2503 incensum.
1612 2446 1747 2514 Quid
1793 2454 1970 2502 autem

389 2546 568 2603 Deus?
598 2545 695 2602 Ubi
739 2545 899 2615 igitur
934 2541 1184 2599 sacerdos
1212 2548 1551 2611 contemptus
1578 2548 1682 2606 est,
1712 2539 1970 2609 dignitas-

385 2656 491 2712 que
530 2636 817 2696 sacerdotii
849 2632 1200 2703 conculcata,
1233 2647 1334 2690 nec
1378 2633 1665 2705 quidquam
1709 2643 1971 2704 praeterea

387 2741 593 2803 poterat
620 2728 872 2787 sacerdos
903 2745 917 2784 :
952 2742 1073 2782 nam
1109 2726 1404 2783 sacerdotis
1436 2735 1640 2781 tantum
1667 2734 1752 2781 est
1778 2741 1974 2797 argue-

386 2840 463 2889 re,
496 2822 825 2891 liberamque
854 2826 1108 2890 przestare
1132 2816 1569 2880 admonitionem,
1603 2831 1706 2873 non
1755 2830 1974 2872 movere

385 2932 554 2981 arma,
602 2930 707 2969 nou
743 2912 959 2983 clypeos
999 2924 1279 2979 usurpare,
1309 2925 1415 2965 non
1453 2910 1665 2965 vibrare
1709 2908 1973 2977 lanceam,

387 3024 485 3062 nec
511 3020 695 3061 arcum
726 3002 966 3069 tendere,
995 3017 1095 3058 nec
1131 3001 1308 3073 jacula
1351 3002 1590 3069 mittere,
1633 3000 1726 3058 sed
1769 3010 1971 3059 tantum

386 3112 642 3167 arguere,
678 3109 741 3151 ac
785 3094 950 3151 libere
993 3108 1212 3149 monere
1248 3111 1261 3148 :
1297 3101 1644 3165 posteaquam
1683 3095 1844 3166 igitur
1884 3112 1975 3151 ar-

385 3187 588 3259 guisset
614 3184 888 3254 sacerdos,
920 3200 1013 3242 rex
1044 3194 1222 3241 autem
1251 3200 1356 3241 non
1388 3186 1674 3252 cessisset,
1703 3187 1797 3243 sed
1827 3203 1973 3244 arma

387 3289 647 3346 moveret,
677 3279 893 3351 clypeos
913 3287 967 3334 et
990 3276 1192 3343 hastas,
1223 3292 1423 3349 suaque
1451 3286 1691 3335 uteretur
1715 3281 1972 3352 potentia,

386 3370 459 3424 ibi
530 3368 805 3433 sacerdos,
857 3365 1004 3440 Ego,
1056 3368 1266 3439 inquit,
1318 3370 1464 3440 quod
1509 3379 1628 3429 erat
1672 3373 1779 3429 mei
1812 3374 1973 3430 ofﬁcii

387 3459 631 3529 prarstiti,
676 3457 807 3512 nihil
836 3456 1065 3529 amplius
1094 3472 1332 3527 possum,
1358 3473 1611 3517 succurre
1670 3464 1974 3521 sacerdotio

386 3549 529 3621 quod
575 3548 938 3621 conculcatur,
989 3549 1131 3619 leges
1161 3549 1456 3619 violantur,
1503 3553 1584 3609 fas
1628 3554 1972 3613 subvertitur.

386 3638 523 3710 Quid
567 3639 727 3712 igitur
768 3638 857 3694 ille
894 3636 1170 3694 hominum
1197 3642 1443 3696 amator?
1471 3643 1650 3699 Virum
1674 3646 1930 3705 audacem
1956 3650 1971 3681 ¹

389 3731 680 3785 ulciscitur.
700 3729 763 3784 Et
775 3730 1010 3783 continuo
1026 3731 1234 3800 emeruit
1246 3730 1386 3801 lepra
1396 3734 1449 3786 in
1462 3735 1627 3803 fronte
1638 3735 1776 3793 illius
1787 3738 1862 3812 (2.
1878 3738 1976 3794 Ρα-

388 3822 485 3876 ml.
513 3821 602 3878 26.
629 3823 739 3891 l9).
764 3820 1093 3893 Ubicumque
1112 3832 1195 3879 est
1214 3822 1561 3895 impudentia,
1586 3828 1691 3886 illic
1710 3841 1793 3887 est
1819 3832 1974 3889 ultio.

463 3913 603 3970 Ultio
644 3913 741 3970 Dei
782 3914 1016 3971 clemens.
1048 3946 1119 3956 —
1148 3915 1337 3973 Vidisti
1381 3918 1760 3991 benignitatem
1814 3926 1970 3982 ultio-

390 4007 472 4063 nis
496 4006 728 4063 divinae?
764 4004 880 4063 Non
911 4006 1108 4063 fulmen
1138 4010 1337 4076 emisit,
1373 4026 1477 4066 non
1518 4024 1720 4070 terram
1750 4031 1977 4076 concus-

387 4099 477 4166 sit,
511 4114 614 4153 non
644 4099 933 4154 commovit
954 4100 1178 4167 caelum;
1203 4101 1296 4157 sed
1326 4102 1560 4160 efﬂoruit
1588 4107 1755 4177 lepra,
1788 4125 1894 4167 non
1921 4113 1973 4168 in

387 4194 497 4249 alio
526 4192 643 4249 loco
670 4208 829 4263 quam
859 4193 913 4248 in
942 4192 1137 4261 fronte,
1164 4205 1221 4250 ut
1246 4196 1407 4253 facies
1438 4214 1546 4268 pne
1572 4214 1631 4255 se
1657 4199 1825 4259 ferret
1849 4204 1971 4260 vin-

388 4284 585 4339 dictam
614 4284 657 4348 ',
689 4292 745 4338 ut
774 4292 1043 4355 tamquam
1074 4286 1127 4340 in
1155 4286 1309 4356 cippo
1337 4287 1506 4344 literae
1534 4301 1717 4347 essent
1746 4293 1976 4365 impres-

390 4389 486 4429 ste.
513 4373 629 4430 Non
668 4375 810 4430 enim
841 4385 1057 4445 propter
1086 4375 1235 4431 illum
1266 4378 1461 4434 factum
1494 4390 1597 4448 est,
1632 4383 1729 4439 sed
1759 4395 1977 4457 propter

391 4483 486 4525 eos
512 4470 602 4539 qui
646 4468 697 4523 in
738 4477 1009 4539 posterum
1052 4479 1178 4524 sunt
1220 4470 1404 4527 futuri.
1432 4473 1569 4530 Cum
1612 4477 1755 4533 enim
1796 4491 1978 4550 posset

395 4577 491 4632 pro
511 4560 714 4617 meritis
731 4575 938 4632 ptenam
964 4561 1222 4633 inﬂigere,
1244 4578 1348 4620 non
1372 4565 1592 4633 inﬂixit;
1615 4570 1709 4626 sed
1731 4572 1783 4626 in
1805 4573 1979 4631 fronte

391 4655 539 4726 quasi
566 4653 651 4711 lex
680 4656 851 4727 posita
873 4664 956 4712 est
979 4657 1123 4712 velut
1147 4658 1198 4713 in
1228 4658 1346 4716 loco
1366 4660 1601 4731 sublimi,
1625 4664 1810 4723 dicens
1833 4683 1847 4721 :
1874 4667 1980 4726 No-

391 4751 485 4806 lite
512 4750 686 4806 facere
717 4750 861 4816 talia,
895 4766 963 4805 ne
989 4751 1263 4821 patiamini
1287 4753 1507 4811 similia.
1540 4756 1683 4813 Exiit
1711 4758 1796 4817 lex
1837 4760 1976 4829 viva,

388 4854 445 4897 et
483 4842 630 4898 frons
674 4857 862 4899 vocem
893 4842 1059 4899 edidit
1086 4843 1210 4900 tuba
1251 4844 1579 4904 clariorem:
1612 4849 1783 4908 literae
1828 4868 1981 4911 erant

392 4932 662 5003 inscripta:
692 4932 872 5001 fronti,
901 4935 1066 4991 litene
1091 4951 1210 5007 qure
1234 4937 1401 4996 deleri
1427 4956 1534 4997 non
1563 4952 1847 5013 poterant:
1876 4964 1980 5004 non

392 5024 533 5078 t'ttittt
561 5034 715 5080 erant
734 5033 1033 5082 atramento
1059 5029 1348 5100 inscriptae,
1376 5042 1433 5087 ut
1459 5032 1653 5105 aliquis
1679 5050 1860 5107 posset
1888 5040 1984 5097 de-

396 5116 527 5180 lere,
560 5114 655 5171 sed
694 5117 954 5172 naturalis
993 5129 1107 5173 erat
1136 5119 1300 5190 lepra,
1328 5135 1557 5194 eumque
1600 5128 1854 5186 reddebat
1884 5132 1983 5187 im-

396 5204 677 5273 mundum,
705 5215 766 5263 nt
787 5207 924 5263 alios
945 5206 1144 5265 faceret
1169 5211 1418 5269 mundos.
1445 5214 1512 5270 Et
1535 5220 1983 5288 quemadmodum

388 5299 511 5367 jure
547 5296 846 5363 damnatos,
893 5309 1237 5371 posteaquam
1280 5303 1457 5361 funem
1498 5312 1822 5380 acceperint,
1850 5316 1983 5371 edu-

394 5396 521 5444 cunt
555 5386 736 5445 funem
778 5402 873 5446 ore
905 5399 1217 5461 gestantes:
1260 5393 1338 5450 sic
1376 5404 1432 5451 et
1473 5395 1561 5453 hic
1601 5399 1981 5473 abducebatur,

396 5494 495 5550 pro
517 5483 642 5537 fune
669 5480 871 5553 lepram
901 5481 953 5539 in
982 5484 1154 5539 fronte
1189 5495 1423 5556 gestans,
1457 5504 1523 5546 eo
1552 5494 1692 5563 quod
1733 5500 1984 5556 sacerdo-

464 5658 495 5737 ι,
517 5665 677 5737 unus,
713 5661 930 5737 ..μυῖαι
966 5661 1271 5715 subvertitur.
1310 5672 1366 5716 5t
1406 5668 1512 5719 vide
1545 5670 1663 5734 quid
1683 5668 1767 5737 ﬁat
1792 5686 1807 5726 .'
1834 5676 1987 5729 virum

400 5723 651 5776 atulrtt't‘m.
679 5730 775 5772 etc.

471 5787 486 5814 ι
512 5774 790 5844 Ττεςω..
816 5789 863 5834 ut
888 5781 1115 5839 suouticii
1136 5794 1373 5853 tremum
1392 5791 1556 5851 ferret.

1127 306 1187 361 S.
1217 302 1495 360 JOANNIS
1534 298 2011 359 CHRYSOSTOMI
2053 298 2367 355 ARCHIEP.
2407 297 2941 364 CONSTANTINOP.

3542 309 3644 368 ιε’-8

2079 417 2209 471 tium
2250 417 2515 477 affecisset
2556 425 2894 481 contumelia.
2927 425 3053 484 Haec
3094 427 3304 501 loquor,
3332 445 3441 489 non
3472 430 3615 491 luces

2072 523 2196 565 sens
2221 524 2394 578 reges,
2418 514 2511 569 sed
2542 530 2635 570 eos
2675 519 2763 587 qui
2792 520 3094 591 arrogantia
3123 522 3310 596 iraque
3332 536 3459 587 sunt
3490 528 3643 594 ebrii,

2073 611 2130 657 ut
2156 602 2458 676 intelligatis
2488 608 2848 667 sacerdotium
2878 628 3044 684 regno
3071 615 3244 687 majus
3270 632 3415 675 esse.
3618 620 3619 623 “

2142 693 2197 749 6.
2235 693 2459 764 Semper
2483 698 2629 752 enim
2666 699 2824 769 Deus,
2868 702 2955 761 ubi
2995 706 3236 775 peccavit
3273 707 3473 780 anima,
3500 710 3652 781 punit

2071 802 2286 858 corpus.
2329 787 2516 845 [tidem
2557 792 2681 850 fecit
2715 804 2768 851 et
2816 796 2869 853 in
2910 798 3066 857 Cain.
3110 802 3305 859 Anima
3343 814 3654 875 peccaverat

2070 880 2307 937 admisso
2336 882 2643 952 parricidio,
2689 897 2743 943 et
2780 903 2976 960 corpus
3015 891 3157 948 illius
3198 895 3428 967 paralysi
3456 904 3653 953 tactum

2071 985 2155 1030 est
2177 992 2191 1030 :
2222 975 2381 1048 idque
2418 978 2540 1048 jure
2565 983 2787 1052 optimo.
2815 981 3210 1049 Quamobrem?
3235 984 3450 1045 Gemens
3469 1004 3531 1043 ac
3554 998 3656 1044 tre-

2072 1082 2212 1123 mens
2240 1070 2340 1124 eris
2376 1086 2529 1143 super
2557 1083 2745 1129 terram
2786 1072 2938 1146 (Gen.
2969 1074 3023 1131 4.
3070 1075 3185 1148 ﬂ).
3230 1074 3301 1134 Et
3340 1079 3654 1137 circumibat

2071 1156 2225 1225 Cain,
2251 1161 2501 1219 omnibus
2527 1162 2775 1234 loquens,
2813 1165 3031 1223 silentio
3056 1181 3244 1226 vocem
3272 1169 3459 1240 edens,
3489 1172 3655 1228 silen-

2074 1250 2254 1321 tioque
2292 1252 2562 1311 erudiens.
2604 1254 2806 1327 Lingua
2850 1258 3082 1326 tacebat,
3111 1267 3168 1316 et
3193 1269 3389 1317 caetera
3419 1264 3656 1320 membra

2071 1343 2373 1401 clamabant
2400 1362 2413 1400 :
2438 1348 2752 1420 cunctisque
2779 1350 3101 1420 exponebat,
3128 1367 3227 1408 cur
3261 1366 3519 1425 gemeret,
3558 1372 3657 1412 cur

2074 1443 2325 1493 tremeret
2355 1455 2370 1494 :
2400 1438 2642 1497 Fratrem
2665 1442 2859 1507 occidi,
2889 1444 3226 1514 parricidium
3264 1446 3475 1503 admisi.
3504 1448 3658 1519 Quod

2073 1538 2259 1596 postea
2282 1528 2493 1600 Moyses
2517 1531 2720 1602 scripto
2745 1536 2995 1598 narravit,
3034 1536 3123 1592 ille
3148 1537 3309 1593 rebus
3332 1538 3462 1608 ipsis
3486 1540 3661 1596 omni-

2071 1617 2172 1674 bus
2199 1620 2421 1690 loquens
2458 1621 2834 1681 obambulabat
2874 1643 2890 1682 :
2937 1624 3060 1682 Non
3097 1629 3293 1685 occides
3324 1628 3522 1700 (Exod.
3564 1632 3661 1689 20.

2074 1710 2187 1780 l5).
2216 1709 2405 1767 Vidisti
2434 1727 2497 1770 os
2533 1714 2719 1781 silens,
2762 1724 2817 1772 et
2854 1732 2969 1772 rem
3014 1718 3441 1777 vociferantem?
3481 1722 3661 1779 vidisti

2073 1801 2243 1872 legem
2289 1804 2464 1861 vivam
2505 1804 2673 1863 ferri?
2714 1808 2893 1866 vidisti
2936 1811 3147 1880 cippum
3194 1813 3667 1872 obambulantem?

2074 1895 2253 1951 vidisti
2300 1896 2585 1954 vindictam
2636 1899 2868 1957 vindicta
2918 1903 3069 1958 tolli?
3116 1904 3293 1961 vidisti
3340 1907 3666 1978 supplicium

2073 2003 2288 2045 versum
2316 1990 2373 2046 in
2399 1992 2717 2050 eruditionis
2762 1997 3079 2053 materiam?
3123 1999 3302 2058 vidisti
3351 2012 3667 2072 peccantem

2074 2080 2328 2147 animam,
2357 2090 2413 2138 et
2432 2097 2647 2140 carnem
2683 2086 2897 2144 dantem
2935 2090 3161 2159 pinnas?
3184 2090 3346 2163 quue
3372 2094 3671 2151 admodum

2073 2184 2449 2244 congruenter.
2481 2176 2627 2232 ldem
2655 2178 2849 2235 accidit
2894 2181 2947 2237 in
2975 2181 3231 2239 Zacharia
3264 2200 3280 2239 :
3320 2187 3500 2243 anilla
3544 2205 3672 2257 pec-

2075 2275 2243 2334 carat,
2266 2268 2515 2342 etlingua
2535 2271 2712 2326 vincta
2734 2282 2837 2328 est.
2862 2272 2995 2329 Nam
3025 2291 3147 2332 cum
3180 2277 3366 2335 inutile
3394 2281 3671 2337 redditum

2074 2368 2218 2414 esset
2244 2374 2502 2429 organum
2530 2361 2742 2432 linguae,
2787 2366 2874 2421 ille
2902 2367 2989 2438 qui
3018 2369 3202 2439 genuit
3240 2386 3424 2428 vocem
3456 2373 3672 2429 Zacha-

2075 2448 2184 2505 rias
2213 2451 2429 2519 punitus
2450 2464 2533 2509 eat
2561 2454 2719 2525 (Luc.
2745 2456 2804 2528 2)
2836 2475 2851 2512 :
2882 2458 2960 2514 sic
2985 2461 3239 2518 nimirum
3257 2470 3313 2520 et
3335 2463 3495 2522 Ozias
3519 2467 3672 2538 lepra

2075 2542 2128 2596 in
2160 2542 2336 2599 fronte
2360 2558 2638 2618 correptus
2671 2556 2775 2616 est,
2804 2564 2923 2606 cum
2956 2564 3254 2623 peccasset,
3286 2566 3344 2612 ut
3370 2558 3460 2614 ille
3483 2561 3672 2615 erudi-

2075 2646 2241 2691 retur.
2274 2635 2343 2693 Et
2370 2654 2620 2709 egressus
2659 2650 2744 2698 est
2783 2658 2900 2710 rex,
2944 2646 3193 2703 omnibus
3234 2650 3545 2721 exemplum
3594 2652 3672 2707 la.

2074 2740 2212 2795 ctus,
2238 2740 2621 2805 purgatumque
2644 2746 2723 2792 est
2752 2738 3028 2808 templum,
3049 2749 3104 2796 et
3122 2740 3328 2811 eiectus
3344 2753 3428 2799 est
3449 2746 3672 2804 nemine

2076 2822 2428 2891 propellente,
2460 2839 2688 2896 cumque
2714 2828 3070 2885 sacerdotium
3096 2831 3198 2888 sibi
3239 2833 3402 2892 vellet
3425 2850 3672 2907 sumere,

2074 2921 2131 2966 et
2174 2911 2278 2969 hoc
2318 2914 2459 2984 quod
2504 2916 2731 2974 habebat
2770 2919 3019 2989 perdidit.
3062 2921 3130 2977 Et
3166 2924 3331 2981 exivit
3367 2939 3399 2982 e
3440 2929 3671 2997 templo

2080 3001 2242 3059 Vetus
2268 3014 2387 3061 erat
2412 3021 2528 3061 mos
2554 3022 2769 3064 omnem
2808 3009 3077 3081 leprosum
3120 3027 3155 3069 ο
3189 3015 3404 3071 civitate
3431 3018 3671 3089 ejicere:

2076 3113 2216 3154 nunc
2237 3113 2364 3155 vero
2393 3115 2499 3155 non
2530 3100 2669 3157 idem
2699 3102 2777 3157 fit.
2806 3102 2915 3159 Cur
2938 3104 3201 3162 itaiNam
3228 3122 3350 3164 cum
3382 3108 3530 3165 Deus
3556 3112 3672 3168 vel

2078 3191 2154 3247 uti
2212 3193 2393 3263 pueris
2434 3192 2582 3264 leges
2618 3193 2842 3261 ferebat,
2884 3205 2995 3253 tum
3025 3197 3172 3267 lepra
3214 3208 3332 3257 erat
3372 3205 3639 3273 corporis

2076 3299 2218 3340 nunc
2242 3294 2421 3341 autem
2450 3286 2642 3341 anima:
2669 3286 2814 3357 lepra
2843 3289 3121 3360 quaeritur.
3159 3291 3340 3349 Exivit
3366 3292 3539 3364 igitur
3584 3311 3672 3351 re:

2075 3392 2199 3434 cum
2224 3378 2393 3448 lepra,
2420 3394 2521 3436 nec
2548 3389 2723 3437 tamen
2753 3381 3026 3452 ejecerunt
3048 3399 3170 3441 eum
3199 3401 3233 3443 e
3271 3387 3513 3457 civitate,
3561 3390 3664 3446 dia

2077 3469 2230 3526 dema
2258 3470 2400 3527 illius
2425 3472 2732 3545 regiamque
2756 3474 3073 3546 dignitatem
3099 3479 3317 3536 reveriti
3350 3498 3365 3537 :
3396 3481 3497 3538 sed
3548 3499 3671 3541 con

2074 3560 2214 3616 sedit
2242 3561 2293 3615 in
2320 3561 2455 3618 solio
2483 3578 2668 3619 rursus
2703 3566 2872 3637 legem
2912 3570 3324 3641 transgrediens.
3357 3572 3502 3643 Quid
3550 3593 3671 3649 ergl

2076 3652 2256 3708 Deus?
2298 3652 2539 3712 irascens
2566 3655 2766 3713 Judreis
2809 3658 3095 3731 interrupit
3139 3664 3496 3734 prophetiam.
3552 3666 3667 3723 Ha-

2077 3753 2252 3800 autcm
2280 3747 2459 3802 omnia
2481 3748 2621 3805 dicta
2646 3760 2772 3806 sunt
2791 3759 3010 3822 propter
3031 3754 3255 3811 verbum
3284 3757 3606 3828 prophetae,
3640 3778 3672 3818 u

2077 3838 2351 3894 exsolvam
2371 3840 2514 3911 quod
2534 3841 2707 3897 debeo
2727 3843 2769 3898 ⁸.
2789 3841 2897 3899 Sed
2920 3844 2988 3900 ad
3012 3847 3342 3916 propositum
3358 3848 3672 3910 redeamus

2078 3929 2339 4000 Egressus
2363 3940 2448 3986 est
2474 3946 2506 3988 e
2541 3933 2741 4004 templo
2766 3948 2864 3991 rex
2890 3935 3039 4007 lepra
3065 3947 3368 4009 correptus.
3406 3938 3561 3998 Cum
3598 3945 3672 4017 igl

2079 4030 2167 4077 tur
2191 4024 2352 4078 etiam
2394 4039 2460 4079 ex
2487 4025 2621 4081 urbe
2648 4026 2798 4083 illum
2838 4027 2959 4099 ejici
2999 4027 3070 4086 de
3104 4045 3257 4087 more
3296 4041 3597 4103 oporteret
3651 4056 3671 4092 ι

2078 4114 2431 4184 immundum,
2475 4116 2618 4173 intus
2661 4119 2811 4175 illum
2846 4121 3074 4193 populus
3114 4122 3305 4181 sedere
3347 4127 3649 4196 permittit

2079 4221 2178 4262 nec
2203 4207 2370 4262 ullum
2399 4208 2483 4264 vel
2510 4210 2761 4281 exiguum
2789 4212 2872 4267 vel
2902 4228 3151 4285 magnum
3198 4216 3420 4273 verbum
3450 4222 3671 4277 emittil

2077 4298 2221 4369 quod
2246 4299 2546 4357 libertatem
2574 4302 2825 4374 loquendi
2850 4319 2960 4375 pra:
2992 4319 3053 4362 se
3094 4305 3286 4363 ferret.
3316 4308 3473 4377 Quod
3524 4313 3672 4385 igitr

2078 4390 2232 4447 illum
2273 4391 2530 4462 sinerent,
2567 4404 2843 4451 aversatus
2884 4404 2969 4453 est
2993 4397 3118 4456 illos
3158 4398 3335 4469 Deus,
3363 4408 3672 4474 etgratiat

2144 4569 2161 4601 ί
2198 4568 2282 4618 Hic
2303 4575 2381 4636 est
2401 4582 2579 4634 magna
2602 4570 2956 4635 exemplarium
2979 4573 3220 4636 varietas:
3240 4588 3416 4627 omnes
3431 4578 3569 4629 fere
3586 4583 3672 4636 Ms

2079 4642 2192 4696 cum
2228 4630 2558 4696 Savilio,_uho
2595 4630 2836 4695 excepio,
2862 4641 3053 4684 textum
3077 4635 3261 4687 habent
3284 4642 3338 4687 ut
3368 4652 3465 4690 nos
3495 4641 3559 4692 in
3588 4630 3672 4696 '56

2082 4692 2286 4758 edimus.
2312 4693 2538 4758 Morellus
2561 4707 2681 4745 vero
2704 4692 2904 4758 titubas
2925 4696 3088 4747 Codex
3113 4703 3215 4748 toto
3245 4700 3365 4750 caelo
3385 4692 3672 4758 (ἥσει-υἷιῖ

2081 4754 2316 4826 saviliaua
2338 4756 2573 4826 Editione.
2612 4756 2791 4808 Μοτθυὶ
2828 4763 2994 4826 tamen
3030 4759 3284 4826 exemplar
3312 4754 3592 4826 sequutus
3614 4754 3672 4819 "é

2084 4823 2322 4885 erasmus,
2348 4824 2400 4867 et
2425 4830 2514 4867 nos
2528 4830 2731 4885 quoque
2754 4820 3009 4885 sequimur
3028 4855 3043 4879 ,
3077 4820 3366 4885 quibusdam
3389 4820 3609 4878 tamen
3658 4847 3672 4881 ς

2083 4876 2344 4955 alio_textu
2366 4876 2668 4955 emendatis,
2692 4894 2804 4954 quae
2965 4876 3061 4955 non
3087 4876 3516 4955 [icterant._8avil.
3546 4876 3671 4954 figit.

2086 4948 2138 4989 et
2160 4943 2462 5014 manuscripti
2500 4950 2707 5014 quatuor
2744 4943 2819 5012 sic
2854 4944 3037 4995 habent
3071 4943 3209 5014 {ﬁgo
3223 4946 3463 5014 quidem,
3494 4943 3672 5014 infimi

2120 5003 2393 5081 uod‘nteum
2415 5003 2593 5081 "erat,"
2620 5004 2803 5081 peregi.
2856 5015 2943 5078 tfos
2978 5003 3182 5081 popula}
3214 5003 3470 5081 imperavi
3528 5003 3672 5081 ςάρξ

2084 5014 2211 5112 ἵηοα
2234 5015 2393 5075 meum
2432 5014 2538 5053 erat
2549 5042 2593 5075 _,.
2620 5017 2803 5068 peregi.
2856 5015 2943 5078 tfos
2978 5014 3182 5079 populus
3214 5014 3470 5079 impurum
3528 5028 3672 5081 cxpt

2104 5077 2189 5141 ere
2219 5064 2438 5141 tenetis?
2481 5067 2667 5141 scilicet
2702 5080 2937 5141 perennat
2976 5080 3166 5141 regiam
3202 5069 3509 5141 dignitatem
3540 5076 3572 5125 Ρ
3629 5090 3672 5129 s

2087 5125 2245 5197 νοιίαξ
2288 5126 2442 5204 iege!"
2470 5128 2584 5204 Pe}.
2607 5129 2919 5204 certW-
2958 5125 3110 5204 ,ξιιᾶιη
3142 5125 3293 5204 εαξιά
3528 5125 3672 5192 δεαὲ

2086 5187 2423 5252 pemtiserunt.
2459 5188 2584 5252 Quid
2622 5189 2771 5252 igitur
2811 5200 2940 5244 Deus
2957 5195 2981 5240 γ
3012 5187 3265 5244 auersatus
3294 5201 3366 5245 est
3384 5187 3583 5251 illos}—
3600 5187 3672 5252 ἓξ

2087 5250 2623 5326 non.riinplius,_inqu_'tt,
2636 5250 2813 5326 loquor
2833 5253 3080 5326 prophetis
3096 5254 3279 5326 vestris,
3294 5255 3406 5318 jam
3423 5250 3561 5311 non
3580 5250 3671 5316 viti}

2088 5311 2295 5374 gratiam
2315 5311 2535 5379 Spiritus.
2552 5321 2607 5365 Et
2618 5311 2813 5379 uerbum
2833 5311 2937 5379 erat
2953 5316 3214 5379 pretiosum
3234 5311 3370 5376 tta'tc.
3392 5327 3448 5368 et
3466 5311 3672 5377 non—ev:

2088 5384 2247 5451 sternito
2268 5376 2548 5446 vaticinans.
2583 5375 2882 5451 siletgratia
2905 5375 3136 5451 spiritus,
3173 5375 3438 5451 0.81187in
3479 5375 3672 5451 ιφρῶ

2092 5436 2186 5485 bat.
2214 5436 2459 5511 (ingnium,
2485 5446 2681 5502 prepter
2698 5436 3026 5510 immundum,
3044 5436 3138 5491 non
3160 5443 3333 5511 aderat
3364 5436 3672 5511 gratibiit

2090 5498 2505 5583 apparebatlve'us
2526 5498 2669 5583 ,L'nott
2697 5500 2910 5583 titiones
2925 5498 3235 5583 ⁸ηιιζιωιίςαιναι
3256 5498 3397 5583 ..πώ
3426 5498 3672 5583 Ρτρριιὲ

2091 5560 2315 5630 [ασὶεηάα
2339 5561 2669 5630 declarabant.
2692 5563 2786 5630 sed
2819 5562 2941 5614 sicut
2972 5564 3035 5613 ab
3056 5565 3217 5628 aliquo
3238 5560 3459 5630 on‘ensus
3490 5560 3671 5626 dirca-

2088 5623 2315 5697 Janrnon
2341 5622 2430 5693 tibi
2452 5623 2647 5685 loquor,
2673 5624 2781 5697 jam
2814 5638 2905 5696 non
2937 5622 3419 5697 εοηρεηὸιςηιιοὲιιπις
3463 5622 3583 5697 ita"
3605 5622 3671 5688 ὖ.

2090 5682 2230 5731 sentit
2249 5747 2255 5750 _
2274 5693 2318 5734 et
2364 5682 2608 5736 irttscnur.
2634 5682 2753 5750 ’.Ῠοη
2793 5689 2920 5737 enim
2958 5688 3126 5739 urbem
3166 5688 3302 5740 illam
3340 5682 3672 5750 miserisa-ri

2091 5747 2413 5828 ινῖζηηειίιηιεηι
2437 5748 2696 5828 castigavit,
2726 5762 2819 5828 non
2843 5750 3012 5828 ptigit,
3038 5765 3132 5801 non
3154 5752 3435 5828 combussit.
3459 5764 3582 5828 ξςα

2095 5806 2246 5857 dicit?
2269 5819 2366 5860 .ton
2389 5812 2525 5863 vultis
2548 5806 2621 5863 inc
2646 5806 2890 5864 vindicare
2907 5817 2930 5863 γ
2954 5821 3051 5879 Ego
3071 5827 3162 5865 non
3188 5813 3353 5879 loquor
3378 5806 3577 5871 Nabis.
