3696 6278
105 290 181 347 129
1139 300 1209 361 ΙΝ
1240 298 1463 372 lLLUD,
1503 298 1644 361 VIDI

1801 301 2015 380 ΠΝῢΜ,
2055 308 2286 370 ΒοΜῐι.
2318 311 2386 371 ν.

96 413 354 484 interrupit
382 415 718 487 praphetize;
753 431 818 473 ac
845 415 1036 474 merito
1070 432 1219 474 sane.
1258 417 1393 474 Nam
1420 417 1672 486 quoniam

93 508 239 577 legem
269 507 450 575 ipsius
494 508 786 575 violarant,
818 516 873 564 et
905 508 1101 578 ejicere
1126 508 1458 564 immundum
1483 508 1673 564 timue-

94 606 205 659 rant,
232 597 627 667 propheticum
658 599 802 655 sistit
828 598 1023 654 donum
1054 617 1068 654 :
1098 597 1168 652 Et
1198 600 1399 654 verbum
1425 608 1531 654 erat
1557 616 1672 670 pre-

90 693 242 742 tiosam
268 699 422 754 tunc,
454 707 559 745 non
588 700 697 745 erat
718 707 881 745 sermo
907 690 1191 744 vaticinans
1217 690 1291 761 (1.
1322 688 1451 762 Reg.
1480 691 1534 745 5.
1564 690 1618 761 1)
1652 706 1667 744 :

88 782 167 833 huc
189 790 291 843 est,
343 796 460 834 non
504 781 875 851 alloquebatur
901 780 1020 835 illos
1046 795 1141 849 per
1181 781 1467 853 prophetas
1506 780 1666 847 Deus,

89 886 162 925 me
189 872 503 943 inspirabat
527 874 578 926 in
609 887 703 928 eos
729 872 959 941 Spiritus
981 887 1078 942 per
1100 887 1259 943 quem
1285 871 1665 943 loquebantur,

88 968 180 1032 quia
204 964 559 1021 immundum
586 980 752 1036 penes
776 980 834 1021 se
860 964 1128 1020 habebant
1158 982 1171 1018 :
1202 980 1375 1035 neque
1411 965 1553 1020 enim
1578 980 1667 1020 sn-

89 1060 138 1111 lz-t
163 1058 481 1113 immundos
509 1056 694 1113 afflare
731 1057 961 1127 Spiritus
989 1057 1181 1127 gratia.
1227 1056 1516 1128 Propterea
1558 1070 1664 1111 non

88 1151 260 1213 aderat,
283 1164 405 1202 non
427 1149 727 1220 apparebat
751 1148 1050 1218 prophetis,
1076 1146 1170 1202 sed
1190 1147 1312 1202 silet
1335 1156 1388 1201 et
1412 1147 1661 1201 occultat.

87 1240 133 1294 l't
174 1252 359 1295 autem
421 1239 569 1312 quod
628 1240 749 1294 dico
805 1237 1147 1293 manifestum
1204 1236 1476 1301 reddatur,
1533 1236 1663 1292 illud

85 1332 302 1401 exemplo
323 1330 648 1387 declarabo.
672 1331 900 1387 Perinde
920 1331 1071 1401 quasi
1100 1330 1360 1401 quispiam
1384 1345 1506 1400 erga
1532 1329 1666 1384 alte-

83 1441 170 1477 rum
206 1424 354 1478 bene
398 1422 649 1489 aﬂ'ectus,
688 1423 757 1477 ab
793 1438 859 1477 eo
896 1422 1095 1479 furiose
1142 1422 1302 1477 fuerit
1339 1420 1574 1476 oil‘ensus
1610 1421 1663 1476 in

82 1532 120 1569 re
144 1515 343 1583 aliqua,
385 1524 445 1569 et
466 1514 616 1569 dicat
634 1513 709 1569 illi
735 1531 748 1568 :
772 1513 888 1568 Non
910 1514 1141 1583 amplius
1166 1528 1252 1569 me
1282 1511 1488 1568 videbis
1517 1531 1531 1567 :
1557 1529 1661 1567 non

79 1607 236 1674 loquar
277 1615 470 1660 tecum
526 1623 541 1659 ε
581 1606 661 1660 sic
706 1613 816 1659 tum
859 1605 968 1674 egit
1015 1605 1176 1658 Deus.
1221 1604 1661 1675 Quandoquidem

80 1698 196 1751 enim
236 1712 352 1750 non
383 1697 668 1767 ejicientes
696 1697 877 1751 Oziam
908 1696 1055 1751 illum
1088 1696 1373 1762 irritaraut,
1405 1696 1521 1752 Non
1550 1712 1664 1752 am-

78 1788 209 1857 plius,
236 1787 448 1856 inquit,
480 1787 758 1857 prophetis
796 1788 987 1843 vestris
1022 1786 1236 1857 loquor,
1284 1803 1392 1842 non
1433 1787 1663 1858 amplius

77 1879 279 1949 Spirtus
308 1880 555 1949 gratiam
600 1880 774 1934 mitto.
821 1878 954 1935 Vide
991 1879 1307 1950 supplicium
1338 1878 1662 1951 benignitate

79 1974 335 2027 refertum.
366 1971 494 2028 Non
527 1972 670 2028 enim
703 1972 920 2027 fulmina
950 1971 1192 2037 immisit,
1222 1987 1397 2042 neque
1426 1970 1662 2027 funditus

77 2064 233 2119 urbem
260 2066 595 2131 concussit;
623 2064 716 2119 sed
745 2063 904 2135 quid?
940 2062 1058 2118 Non
1097 2064 1257 2119 vultis
1298 2080 1386 2120 me
1432 2065 1659 2120 ulcisci?

78 2156 253 2223 iunxit;
289 2171 411 2209 non
438 2155 721 2224 colloquor
749 2156 1045 2211 vobiscum.
1086 2155 1280 2210 Annon
1321 2156 1461 2211 enim
1507 2164 1658 2225 pote-

78 2263 165 2299 ram
191 2248 348 2301 illum
378 2246 628 2319 ejicere?
655 2247 851 2302 Verum
878 2247 1018 2317 quod
1062 2247 1318 2311 restabat,
1348 2249 1500 2303 vobis
1529 2248 1659 2303 reli-

78 2354 193 2392 ctum
230 2354 362 2396 esse
418 2341 590 2395 volui.
631 2340 746 2395 Non
787 2340 979 2396 vultis?
1020 2338 1205 2410 Neque
1247 2355 1347 2411 ego
1383 2340 1662 2411 colloquor

79 2432 359 2496 vobiscum,
416 2447 596 2501 neque
625 2431 802 2488 excito
831 2431 1209 2502 prophetarum
1237 2432 1497 2486 animum.
1541 2431 1656 2486 Non

78 2525 238 2593 agebat
268 2523 324 2577 in
350 2521 440 2578 eis
470 2522 703 2592 Spiritus
737 2522 925 2593 gratia,
954 2523 1224 2578 silentium
1250 2532 1385 2590 erat,
1413 2522 1660 2577 simultas

80 2614 190 2667 Lucr
212 2614 395 2668 Deum
440 2623 500 2669 et
542 2613 810 2670 homines.
850 2611 983 2671 Cum
1030 2614 1187 2685 igitur
1227 2614 1315 2670 ille
1356 2625 1476 2686 post
1516 2623 1660 2670 esset

82 2719 317 2773 mortuus,
350 2706 574 2763 sublata
604 2716 687 2762 est
714 2716 768 2762 et
797 2707 1124 2777 impurorum
1146 2707 1377 2762 occasio.
1409 2706 1547 2777 Ergo
1570 2706 1659 2762 ubi

84 2806 309 2871 poptzeta
346 2801 532 2857 multo
560 2810 800 2872 tempore
836 2801 1085 2857 desiisset
1115 2801 1427 2872 praedicere,
1460 2802 1658 2870 illoque

83 2893 265 2947 sterilia
292 2892 481 2948 soluta
511 2892 698 2948 fuisset
735 2893 814 2948 ira
844 2893 957 2958 Dei,
1004 2892 1161 2948 rediit
1194 2892 1490 2964 prophetia.
1524 2893 1658 2948 Hinc

84 2992 310 3056 propheta
343 2986 667 3041 necessario
691 2986 935 3057 designat
958 2987 1145 3042 mortis
1172 2998 1398 3057 tempus,
1430 2987 1611 3042 dicens
1640 3006 1653 3042 :

85 3080 342 3148 bifestum
375 3089 455 3134 est
496 3096 657 3145 anno,
686 3095 785 3149 quo
815 3088 1043 3133 mortuus
1084 3088 1157 3133 est
1208 3077 1359 3134 Ozias
1401 3094 1512 3145 rex,
1556 3079 1659 3133 vidi

85 3169 331 3223 liminum
364 3172 628 3226 sedentem
656 3171 710 3224 in
734 3171 860 3225 solio
888 3171 1085 3226 excelso
1106 3179 1152 3226 et
1178 3171 1385 3226 elevato.
1415 3172 1548 3227 Cum
1570 3173 1657 3227 ille

83 3272 291 3317 mortuus
317 3270 501 3328 esset,
534 3272 644 3316 tum
672 3261 776 3317 vidi
816 3262 1117 3317 Dominum.
1145 3261 1278 3317 Nam
1308 3270 1460 3317 antea
1492 3263 1656 3318 Deum

86 3370 160 3406 non
200 3354 463 3409 videbam
512 3355 668 3409 nobis
711 3356 920 3409 iratum.
968 3354 1125 3409 Venit
1163 3370 1309 3409 mors
1351 3356 1564 3426 impuri,
1605 3366 1658 3412 et

85 3448 209 3500 tolvit
254 3447 425 3501 iram.
477 3446 631 3502 Hanc
672 3447 743 3503 ob
785 3463 1035 3516 causam,
1080 3463 1201 3503 cum
1244 3449 1437 3518 ubique
1476 3465 1658 3520 regum

87 3541 215 3592 vitam
246 3547 675 3602 commemoret,
701 3538 787 3594 hic
814 3548 1038 3594 mortem
1067 3538 1201 3593 dixit
1225 3538 1369 3595 Ozias
1398 3559 1411 3595 :
1441 3538 1659 3595 Factum

86 3642 133 3684 at
155 3634 202 3686 ia
228 3649 395 3697 anno,
426 3648 533 3700 quo
556 3640 784 3686 mortuus
822 3642 895 3688 est
940 3632 1090 3687 Ozias
1117 3649 1226 3699 rex,
1257 3634 1360 3687 vidi
1386 3631 1659 3687 Dominum

84 3725 304 3779 tamen
346 3726 410 3778 in
448 3723 583 3778 solio
629 3725 824 3780 excelso
866 3735 913 3780 et
954 3726 1161 3782 elevato.
1215 3729 1294 3782 Ac
1337 3742 1525 3782 rursus
1573 3726 1660 3783 hic

86 3821 430 3890 mtemplare
459 3818 559 3874 Dei
584 3819 898 3875 bonitatem.
925 3819 1161 3874 Mortuus
1202 3828 1284 3874 cst
1308 3820 1569 3889 impurus,
1606 3829 1661 3874 et

89 3910 198 3966 licus
237 3911 636 3967 reconciliatus
682 3919 766 3965 est
816 3909 1136 3965 hominibus.
1167 3909 1526 3978 Quamobrem
1559 3910 1660 3966 hoc

88 4004 251 4056 lacum:
279 4013 392 4069 est,
420 4018 548 4057 eum
575 4001 704 4057 nihil
736 4011 878 4057 esset
905 4010 1051 4058 recte
1095 4000 1374 4067 factorum,
1414 4000 1508 4057 sed
1540 4011 1658 4057 tan-

88 4110 169 4149 tm:
196 4097 289 4152 ille
320 4105 580 4150 mortuus
613 4093 802 4149 esset?
837 4093 1100 4161 Quoniam
1145 4093 1407 4147 humanus
1447 4102 1528 4148 est
1557 4092 1659 4146 Do—

84 4190 252 4253 minus,
280 4202 391 4245 nec
432 4187 488 4240 iu
534 4186 725 4241 talibus
766 4186 875 4255 agit
914 4184 1212 4264 severius;
1256 4199 1419 4264 unum
1456 4191 1660 4238 tantum

86 4282 335 4347 timebat
376 4278 663 4333 beneficus
708 4278 869 4343 Deus,
916 4286 973 4331 ut
1013 4259 1190 4332 exiret.
1228 4259 1487 4345 itiipurus.
1538 4275 1662 4330 Haec

84 4374 234 4441 inmte
270 4387 402 4428 cum
445 4371 709 4436 sciamus,
740 4369 1093 4438 arrogantiam
1120 4366 1455 4437 abjiciamus,
1485 4366 1662 4421 humi-

83 4464 256 4519 litatem
281 4465 707 4536 amplectamur,
751 4462 961 4517 solitam
1000 4462 1223 4532 gloriam
1252 4462 1538 4517 offeramus
1560 4460 1657 4516 Pa-

84 4569 132 4608 tn
158 4568 209 4612 et
230 4558 376 4611 Filio
402 4566 459 4612 et
482 4555 711 4625 Spiritui
752 4562 960 4620 sancto,
1001 4568 1143 4608 nunc
1173 4563 1227 4610 et
1264 4568 1498 4624 semper,
1526 4561 1581 4608 et
1608 4551 1661 4607 in

84 4650 254 4704 mla
278 4648 645 4704 saeculorum.
672 4645 867 4701 Amen.

86 4822 126 4878 Β
146 4825 345 4880 dictum
380 4820 521 4879 illud
554 4818 707 4875 isaite
732 4815 1014 4890 prOphette
1040 4835 1054 4873 :
1080 4814 1297 4871 Factum
1320 4824 1392 4870 est
1428 4814 1481 4869 iu
1505 4830 1661 4871 anno.

136 4936 225 4988 qu
252 4928 498 4971 mortuus
530 4925 605 4968 est
636 4912 788 4966 Ozias
814 4927 904 4966 rea:
925 4951 941 4972 ,
969 4909 1073 4964 vidi
1103 4908 1373 4962 Dominum
1412 4905 1432 4977 (
1449 4904 1573 4959 Isai.
1606 4904 1662 4959 6.

140 5014 161 5065 l
190 5014 246 5079 ):
269 5021 327 5066 et
354 5004 758 5062 demonstratio
778 5002 917 5073 quod
942 5002 1100 5056 Ozias
1119 5000 1239 5070 jure
1264 4999 1423 5054 fuerit
1447 4996 1665 5052 affectus

139 5104 277 5171 lepra
297 5141 315 5165 ,
348 5097 505 5170 quod
551 5104 747 5166 praeter
772 5093 1081 5165 dignitatem
1132 5092 1408 5145 incensum
1438 5088 1667 5144 obtulis-

136 5206 212 5249 set
234 5235 254 5260 ,
283 5191 340 5247 id
373 5186 531 5261 quod
574 5202 682 5242 non
710 5185 837 5241 licet
864 5184 1078 5254 regibus
1100 5223 1115 5250 ,
1148 5182 1243 5238 sed
1278 5179 1664 5236 sacerdotibus.

687 5340 969 5399 HOMILIA
1009 5340 1074 5395 V.

144 5484 187 5537 i.
225 5484 347 5556 Age
393 5477 724 5551 expositioni
770 5475 840 5533 de
886 5475 1013 5531 Ozia
1065 5480 1258 5543 empta:
1304 5470 1462 5526 hodie
1511 5470 1667 5524 tinem

91 5570 453 5642 immanius,
508 5568 777 5640 fastigium
824 5564 1058 5622 sermoni
1098 5563 1210 5634 jam
1260 5562 1552 5628 addamus,
1603 5575 1672 5616 ne

95 5670 279 5735 annulo
298 5681 416 5721 nos
428 5679 645 5736 quoque
658 5662 1011 5723 derideamur,
1043 5656 1491 5728 quemadmodum
1511 5671 1673 5711 evan-

96 5758 272 5822 atrus
293 5750 537 5823 iuc,qui
561 5764 844 5823 aggressus
878 5751 1143 5810 :ndilicare
1172 5753 1383 5820 turrim,
1414 5754 1671 5825 perlicere

3265 320 3364 374 ηε)

1778 436 1886 478 non
1908 426 2079 495 potuit
2107 443 2123 483 :
2149 443 2218 483 ne
2242 428 2362 499 quis
2389 428 2676 502 aliquando
2705 440 3137 504 praetereuntium
3169 441 3235 497 de
3266 458 3362 497 no-

1778 513 1862 569 bis
1883 531 2095 588 quoque
2120 518 2263 574 dicat
2293 537 2309 576 :
2353 520 2455 576 Hic
2481 525 2632 579 homo
2664 527 2811 596 erepit
2842 528 3118 598 aediﬁcare,
3148 550 3238 587 nec
3269 553 3361 603 po-

1777 605 1871 659 tuit
1895 607 2135 676 per/icere
2164 608 2315 681 (Luc.
2349 613 2437 668 M.
2477 613 2590 687 30).
2629 616 2821 672 Verum
2849 636 2953 687 quo
2980 623 3130 678 vobis
3170 624 3362 680 diluci-

1775 695 1925 752 diora
1956 699 2085 754 fiant
2112 717 2230 771 qua:
2249 702 2513 773 dicentur,
2540 722 2602 762 ex
2633 708 2697 763 iis
2724 725 2842 777 qua:
2858 711 2996 766 dicta
3022 724 3147 768 sunt
3168 732 3361 785 nuper,

1773 801 1953 855 operae
1978 791 2204 858 pretium
2234 795 2338 849 erit
2366 811 2532 864 pauca
2554 808 2829 867 repetere,
2861 817 2926 856 ue
2956 804 3127 873 capite
3149 815 3360 862 trunca-

1774 885 1860 931 tus
1886 893 2065 934 sermo
2091 892 2276 938 noster
2301 885 2526 954 prodeat
2553 888 2605 941 in
2638 890 2913 959 spirituale
2946 894 3235 960 theatrum,
3264 898 3357 952 sed

1771 981 2083 1040 recuperata
2149 974 2284 1031 facie
2329 991 2425 1032 sua
2474 977 2627 1034 facile
2678 995 2709 1034 a
2750 985 3140 1051 spectatoribus
3190 990 3357 1057 possit

1771 1061 2009 1129 agnosci.
2065 1063 2118 1118 Id
2164 1067 2306 1120 enim
2340 1069 2538 1136 pariter
2566 1078 2621 1123 et
2649 1070 2713 1125 iis
2738 1075 2826 1141 qui
2879 1075 3197 1144 audierunt,
3256 1082 3360 1134 erit

1773 1153 2045 1207 memoria;
2082 1160 2389 1226 renovatio,
2421 1169 2474 1213 et
2525 1160 2589 1215 iis
2614 1162 2703 1231 qui
2746 1179 2851 1218 non
2892 1166 3213 1238 audierunt,
3260 1172 3355 1225 do-

1770 1242 1958 1296 ctrina.
1975 1242 2155 1314 Nuper
2180 1246 2337 1317 igitur
2360 1248 2590 1305 diximus
2610 1268 2769 1323 quam
2791 1256 2945 1310 fuerit
2972 1258 3088 1327 pius
3106 1260 3282 1326 Ozias,
3305 1271 3358 1318 et

1769 1334 2038 1401 quomodo
2068 1339 2303 1393 evaserit
2331 1339 2639 1409 improbus,
2671 1353 2725 1399 et
2754 1345 2895 1419 unde
2924 1362 3109 1413 orsus,
3139 1366 3244 1420 quo
3268 1368 3359 1406 su-

1770 1424 1967 1493 perbia:
2015 1426 2292 1497 prolapsus
2342 1431 2460 1486 sit:
2508 1430 2667 1490 hodie
2714 1450 2844 1492 vero
2886 1437 3170 1496 dicendum
3219 1445 3353 1510 erit,

1767 1515 2035 1583 quomodo
2089 1520 2343 1590 templum
2376 1522 2646 1592 ingressus
2674 1526 2774 1592 sit,
2819 1529 3085 1597 quomodo
3139 1536 3356 1588 tentarit

1767 1606 1982 1662 adolere
2023 1609 2331 1674 incensum,
2378 1614 2648 1682 quomodo
2693 1616 3024 1686 prohibuerit
3070 1621 3217 1676 illum
3262 1638 3353 1678 sa-

1766 1696 1979 1765 cerdos,
1997 1701 2264 1769 quomodo
2285 1702 2374 1758 ille
2391 1719 2497 1759 non
2520 1708 2762 1773 cesserit,
2781 1710 3049 1780 quomodo
3072 1712 3123 1767 in
3147 1704 3205 1768 se
3229 1730 3355 1784 pro-

1766 1791 2035 1846 vocaverit
2073 1792 2204 1847 iram
2234 1794 2363 1863 Dei,
2394 1797 2662 1867 quomodo
2704 1798 2867 1869 leprze
2895 1801 3158 1859 obnoxius
3188 1806 3350 1860 vitam

1766 1882 1996 1950 ﬁnierit,
2025 1893 2081 1939 et
2122 1901 2280 1957 quam
2310 1888 2379 1945 ob
2404 1904 2619 1945 causam
2666 1892 2922 1962 pr0pheta
2974 1898 3349 1964 pra-termissis

1766 1974 1888 2029 vita;
1933 1976 2073 2032 illius
2098 1978 2285 2034 diebus
2308 2020 2322 2046 ,
2352 1983 2540 2036 mortis
2584 1982 2769 2039 fecerit
2811 1987 3137 2042 mentionem
3166 1989 3234 2042 ita
3263 1990 3348 2043 lo-

1763 2080 1934 2135 quens
1963 2084 1977 2124 :
2009 2068 2190 2135 Anno,
2220 2087 2319 2141 quo
2343 2083 2569 2127 mortuus
2596 2084 2672 2127 est
2702 2074 2854 2129 Ozias
2880 2093 2968 2130 rex
2997 2077 3149 2147 (lsai.
3180 2078 3231 2133 6.
3266 2080 3346 2151 1).

1766 2157 1890 2212 lla'c
1917 2159 2057 2213 enim
2101 2176 2258 2215 causa
2289 2161 2387 2216 fuit
2416 2178 2511 2218 cur
2536 2171 2698 2218 totam
2730 2165 2797 2219 ab
2818 2167 3037 2222 exordio
3065 2168 3346 2225 historiam

1765 2257 2150 2317 tractaremus;
2179 2252 2273 2308 sed
2299 2254 2595 2310 auscultate
2619 2256 2920 2327 diligenter.
3262 2252 3283 2260 ’

1837 2342 1990 2414 Regis
2046 2344 2389 2399 sacerdotium
2432 2345 2713 2401 invadentis
2758 2346 2993 2402 audacia.
3053 2348 3347 2406 Sacerdotis

1761 2444 1951 2505 quanta
1984 2435 2401 2504 potestas.—Et
2422 2439 2613 2509 factum
2655 2447 2764 2505 est,
2794 2439 3003 2510 inquit,
3049 2458 3163 2496 cum
3204 2444 3349 2497 inva-

1762 2524 1935 2578 luisset
1965 2523 2117 2579 Ozias
2144 2542 2235 2580 rex
2251 2565 2267 2593 ,
2293 2526 2479 2579 elatum
2502 2536 2574 2581 est
2599 2543 2687 2582 cor
2704 2528 2815 2599 ejus
2833 2571 2848 2597 ,
2875 2546 3029 2600 usque
3067 2533 3137 2586 ad
3167 2550 3345 2588 corru-

1763 2618 2003 2686 ptionem,
2024 2627 2073 2672 et
2092 2619 2332 2689 injuriam
2356 2621 2472 2691 fecit
2497 2621 2550 2675 in
2576 2619 2792 2676 Domino
2818 2621 2925 2678 Deo
2951 2640 3043 2679 suo
3064 2625 3141 2695 (2.
3165 2625 3343 2680 Paral.

1759 2709 1851 2765 26.
1876 2710 1989 2782 16).
2012 2710 2142 2780 Quis
2169 2712 2377 2782 injuria:
2402 2713 2593 2769 modus
2610 2713 2634 2768 ἲ
2654 2713 2926 2786 Ingressus
2948 2727 3048 2781 est,
3072 2717 3260 2789 inquit,
3292 2721 3345 2773 in

1762 2803 2005 2872 templum
2031 2802 2258 2871 Domini,
2281 2813 2334 2858 ut
2353 2804 2578 2860 adoleret
2604 2807 2861 2861 incensum
2881 2824 3032 2877 super
3051 2810 3211 2864 altare
3233 2811 3348 2882 tliy-

1761 2894 2032 2949 miamatis.
2074 2893 2120 2950 0
2169 2895 2479 2951 audaciam!
2525 2911 2559 2951 ο
2609 2897 3023 2967 impudentiam!
3079 2900 3347 2956 Adversus

1761 2987 1872 3055 ipsa
1904 3001 2054 3040 sacra
2079 2986 2236 3058 adyta
2261 3002 2420 3041 ausus
2440 3028 2456 3053 ,
2482 2988 2534 3042 in
2574 2996 2758 3043 sancta
2789 3002 3090 3044 sanctorum
3124 2992 3304 3062 irrupit
3325 3034 3343 3061 ,

1760 3093 1848 3148 qm
1877 3077 2023 3132 locus
2047 3078 2295 3133 omnibus
2320 3077 2783 3143 eratinaccessus,
2816 3088 3165 3150 prteterquam
3199 3098 3343 3136 sum-

1760 3185 1850 3224 mo
1874 3168 2134 3224 sacerdoti
2158 3210 2173 3234 ,
2219 3168 2359 3224 hunc
2399 3168 2680 3239 profanare
2703 3180 2926 3225 conatus
2952 3180 3051 3225 est.
3096 3172 3239 3226 Talis
3264 3182 3347 3228 est

1760 3262 1935 3315 anima
1964 3262 2018 3316 in
2045 3260 2399 3332 arrogantiam
2430 3262 2656 3316 sublata.
2686 3261 2866 3317 Semel
2891 3263 3033 3318 enim
3064 3264 3344 3334 desperata

1760 3353 1933 3407 salute
1961 3367 2291 3423 nequaquam
2309 3352 2504 3407 desinit
2520 3352 2716 3417 furere,
2738 3367 2919 3408 verum
2944 3351 3177 3410 habenas
3203 3353 3345 3409 Salti-

1763 3447 1828 3501 tis
1848 3461 1958 3500 sua:
1976 3445 2161 3500 laxans
2178 3444 2631 3500 irrationabilibus
2651 3444 3029 3515 cupiditatibus
3046 3449 3236 3517 QUOVis
3256 3464 3342 3500 ra-

1763 3539 1928 3611 pitur,
1949 3551 2047 3592 nec
2065 3537 2219 3592 aliter
2235 3552 2391 3607 quam
2408 3551 2576 3607 equus
2594 3537 2873 3603 ferociens,
2896 3538 2983 3592 ubi
3004 3537 3211 3593 frenum
3227 3555 3341 3604 ore,

1762 3645 2028 3685 sessorem
2054 3638 2201 3699 tergo
2221 3629 2475 3694 excussit,
2503 3627 2672 3683 fertur
2688 3629 2876 3699 quovis
2902 3638 3061 3685 vento
3087 3631 3341 3695 velocius,

1762 3721 2010 3775 omnibus
2050 3719 2222 3776 obviis
2261 3718 2628 3785 intolerabilis,
2675 3718 3072 3790 diffugientibus
3112 3721 3339 3783 cunctis,

1762 3830 1934 3885 neque
1959 3827 2225 3884 quoquam
2253 3810 2485 3866 audente
2525 3810 2781 3866 cohibere
2808 3828 2822 3865 :
2854 3811 2933 3866 sic
2958 3820 3013 3866 et
3037 3810 3210 3864 anima
3257 3811 3345 3866 ubi

1766 3908 1859 3964 Dei
1892 3908 2137 3961 timorem
2183 3907 2350 3975 ipsam
2381 3904 2740 3959 refrenautem
2781 3903 3045 3969 excussit,
3082 3911 3137 3958 et
3177 3904 3342 3957 ratio-

1764 4019 1884 4059 nem
1910 4002 2146 4058 habenas
2176 3999 2541 4054 moderantem
2572 3998 2726 4067 cjecit
2748 4038 2763 4060 ,
2804 3996 2870 4051 ad
2899 3995 3098 4066 qumvis
3128 3996 3346 4049 malitiae

1765 4096 1877 4149 loca
1901 4093 2135 4148 decurrit
2153 4134 2168 4158 ,
2192 4092 2363 4147 donec
2388 4090 2441 4144 in
2469 4089 2612 4143 exitii
2640 4087 2946 4142 barathrum
2971 4086 3144 4141 delata
3163 4128 3175 4150 ,
3206 4102 3343 4154 pm:-

1764 4186 1994 4255 cipitirit
2020 4199 2170 4238 suam
2201 4184 2368 4253 ipsius
2389 4181 2635 4236 Salutem.
2663 4182 2998 4249 QuaprOpter
3024 4184 3235 4248 oportet
3261 4192 3347 4228 as-

1764 4277 1913 4332 siduo
1940 4277 2082 4330 illam
2114 4274 2421 4341 refrenare,
2459 4287 2521 4325 ac
2557 4271 2767 4340 pietatis
2798 4269 3004 4325 ratione
3045 4284 3142 4323 ceu
3196 4268 3346 4321 freno

1764 4361 1991 4438 quodam
2021 4364 2436 4422 irrationabilem
2464 4363 2602 4417 illius
2631 4364 2885 4429 imre'um
2908 4360 3182 4414 inhibere:
3206 4360 3345 4429 quod

1767 4476 1870 4515 non
1901 4460 2025 4516 fecit
2051 4459 2204 4513 Ozias
2227 4500 2241 4523 ,
2267 4457 2361 4513 sed
2390 4456 2645 4511 adversus
2671 4454 2839 4523 ipsum
2880 4453 3119 4506 omnium
3155 4465 3345 4520 supre-

1766 4571 1910 4611 mmn
1951 4552 2303 4624 principatum
2347 4550 2516 4619 legem
2548 4557 2910 4617 transgressus
2940 4553 3040 4601 est.
3075 4544 3346 4613 Siquidem

1766 4647 2122 4702 sacerdotium
2153 4643 2481 4715 principatus
2508 4648 2591 4695 est
2612 4681 2628 4707 ,
2658 4639 2774 4709 ipso
2800 4638 2959 4693 etiam
2995 4653 3160 4707 regno
3185 4651 3349 4691 vene«

1766 4738 1986 4794 rabilius
2019 4751 2082 4791 ac
2111 4735 2304 4805 majus.
2346 4732 2423 4789 Ne
2448 4732 2577 4787 mihi
2603 4744 2791 4785 narres
2828 4744 3147 4799 purpuram,
3179 4742 3350 4795 neque

1767 4830 2008 4885 diadema
2029 4869 2043 4894 ,
2092 4841 2267 4898 neque
2293 4837 2469 4880 veStcs
2509 4838 2719 4877 aureas.
2750 4820 2967 4876 Umbrae
3011 4828 3135 4873 sunt
3165 4817 3350 4873 isthme

1770 4922 1947 4978 omnia
1970 4960 1987 4988 ,
2014 4919 2304 4988 veritisque
2331 4914 2566 4970 flosculis
2596 4914 2813 4968 leviora.
2854 4911 3032 4965 Omnis
3059 4910 3202 4966 enim
3223 4951 3239 4975 ,
3272 4912 3353 4964 iu-

1769 5015 1917 5086 quit,
1947 5011 2164 5067 hominis
2188 5008 2352 5080 gloria
2365 5007 2494 5062 sicut
2520 5007 2617 5077 ﬂos
2638 5004 2758 5076 {teni
2786 5001 2939 5074 (Isai.
2964 5002 3054 5057 40.
3076 5001 3162 5071 6),
3191 5004 3354 5056 etiam

1771 5108 1817 5163 si
1844 5107 2013 5175 ipsam
2040 5102 2263 5174 gloriam
2289 5099 2522 5170 regalem
2553 5097 2775 5153 dixeris.
2805 5094 2915 5161 Ne,
2948 5095 3185 5165 inquam,
3223 5095 3355 5148 mihi

1773 5213 1960 5253 narres
1979 5197 2114 5260 ista;
2147 5192 2241 5249 sed
2270 5192 2313 5247 si
2342 5191 2425 5247 vis
2449 5189 2635 5247 videre
2659 5189 2947 5244 discrimen
2990 5196 3243 5256 quantum
3290 5186 3360 5238 sit

1774 5303 1954 5358 regem
1982 5287 2121 5341 inter
2157 5292 2212 5341 et
2254 5280 2588 5337 sacerdotem
2611 5321 2627 5347 ,
2662 5277 2908 5349 expende
2938 5275 3154 5331 modum
3204 5286 3357 5343 pote-

1774 5382 1928 5435 statis
1956 5379 2165 5448 utrique
2188 5375 2416 5435 traditze,
2442 5372 2648 5427 videbis
2673 5370 3006 5426 sacerdotem
3036 5367 3202 5421 multo
3231 5364 3360 5419 sub-

1777 5472 1959 5527 limius
2001 5484 2129 5542 rege
2169 5468 2466 5524 sedentem.
2497 5469 2828 5535 Quamquam
2876 5461 3018 5516 enim
3069 5460 3223 5514 nobis
3268 5474 3358 5514 ve.

1779 5562 2075 5619 nerandum
2130 5559 2343 5613 videtur
2397 5556 2586 5611 solium
2639 5553 2846 5621 regium
2901 5551 2969 5604 ob
3019 5563 3259 5618 gemmas
3310 5547 3359 5602 ei

1780 5653 2005 5718 afllxas,
2061 5659 2115 5705 et
2162 5662 2349 5703 aurum
2403 5661 2510 5716 quo
2533 5645 2764 5699 cinctum
2793 5650 2876 5694 cst
2915 5655 2930 5693 :
2965 5649 3140 5693 tamen
3181 5652 3360 5691 rerum
3392 5626 3403 5644 ⁸

1786 5759 2118 5805 terrenarum
2150 5739 2660 5797 administrationem
2705 5736 2921 5790 sortitus
2967 5748 3056 5788 rex
3101 5742 3217 5785 est.
3262 5744 3356 5785 nec
