3738 6274
400 260 498 317 151

392 370 532 424 ultra
562 372 880 437 potestatem
924 360 1063 418 hanc
1088 363 1375 434 quidquam
1402 361 1564 418 habet
1600 362 1931 418 auctoritatis
1961 378 1976 415 :

396 470 585 514 verum
608 454 890 511 sacerdotii
931 454 1125 510 solium
1164 454 1218 509 in
1247 455 1394 509 czelis
1421 454 1752 510 collocatum
1779 460 1893 516 est,
1924 462 1982 508 et

392 545 626 601 caelestia
652 544 1060 601 administrandi
1090 544 1252 599 habet
1278 545 1672 600 auctoritatem.
1702 542 1833 610 Quis
1864 543 1981 599 lucc

394 635 564 690 dicit?
583 634 701 706 Ipse
722 635 977 691 calorum
1004 635 1139 691 Rex.
1174 635 1516 706 Quacumque
1534 634 1676 689 enim
1707 633 1980 705 ligaveritis

387 742 543 798 super
579 736 795 794 unum,
823 734 970 781 erunt
1003 726 1161 798 ligata
1188 736 1236 780 et
1265 726 1319 780 in
1356 726 1493 781 caelis
1521 740 1541 780 :
1577 735 1627 780 et
1653 741 1980 796 quiscumque

388 821 636 875 solueritis
656 836 810 892 super
835 829 1020 874 terram
1040 861 1055 885 ,
1087 829 1231 873 erunt
1253 819 1417 873 soluta
1444 826 1492 873 et
1515 818 1569 873 in
1595 818 1733 873 caelis
1763 817 1976 891 (Matth.

394 915 483 971 l6.
527 914 637 984 I9).
671 913 808 981 Quid
846 928 969 969 cum
1020 912 1123 967 hoc
1176 912 1380 967 honore
1421 910 1653 967 conferri
1700 912 1905 983 possit?
1935 913 1977 968 Α

392 1017 533 1062 terra
546 1004 818 1076 iudicandi
837 1003 1183 1075 principalem
1200 1003 1573 1059 auctoritatem
1593 1006 1974 1062 sumitezelum.

389 1098 521 1153 Nam
544 1098 703 1169 judex
735 1097 885 1153 sedet
907 1097 961 1151 in
992 1107 1156 1164 terra,
1182 1096 1439 1152 Dominus
1469 1099 1710 1169 sequitur
1735 1115 1972 1170 servum,

392 1200 449 1246 et
473 1189 730 1261 quidquid
768 1188 857 1245 hic
886 1191 938 1244 in
968 1188 1310 1246 inferioribus
1341 1189 1627 1260 iudicarit,
1657 1192 1761 1249 hoc
1786 1194 1877 1250 ille
1921 1194 1978 1250 in

389 1284 638 1353 supernis
659 1282 992 1354 comprobat.
1017 1282 1201 1353 Itaque
1226 1282 1430 1338 medius
1451 1291 1555 1339 stat
1572 1284 1823 1341 sacerdos
1839 1285 1980 1343 inter

393 1378 558 1434 Iteum
579 1384 634 1432 et
656 1385 900 1432 naturam
928 1375 1238 1442 humanam,
1268 1376 1416 1431 illinc
1434 1377 1700 1435 venientia
1720 1378 1978 1436 beneficia

389 1467 455 1521 ad
487 1480 586 1522 nos
607 1465 878 1535 deferens,
906 1478 962 1521 et
989 1475 1200 1521 nostras
1224 1467 1503 1537 petitiones
1531 1469 1656 1525 illuc
1682 1470 1974 1540 perferens,

392 1557 675 1613 hominum
703 1557 893 1612 iratum
926 1558 1278 1613 reconcilians
1300 1560 1571 1614 communi
1604 1569 1807 1616 natura:
1832 1602 1849 1629 ,
1878 1576 1976 1619 nos

386 1651 479 1719 qui
522 1651 845 1710 offendimus
881 1653 1115 1724 eripiens
1149 1671 1217 1711 ex
1261 1655 1403 1711 illius
1454 1657 1716 1713 manibus.
1770 1657 1977 1715 Idcirco

393 1744 531 1799 Deus
558 1745 730 1815 ipsum
754 1746 930 1818 regale
956 1755 1117 1819 caput
1137 1748 1431 1803 sacerdotis
1452 1751 1696 1806 inanibus
1720 1751 1971 1822 subjecit,

388 1851 488 1890 nos
514 1837 743 1905 docens,
781 1837 923 1895 hune
965 1839 1262 1910 principem
1289 1856 1409 1897 esse
1438 1843 1529 1898 illo
1567 1844 1824 1915 majorem
1856 1864 1871 1902 :
1898 1846 1975 1902 si-

384 1927 600 1999 quidem
628 1928 678 1986 id
709 1929 851 2002 quod
883 1931 1060 1987 minus
1088 1940 1204 2000 est,
1236 1931 1665 1991 benedictionem
1687 1937 1881 2008 accipit
1906 1937 1974 1994 ab

387 2036 455 2079 eo
519 2022 662 2092 quod
727 2024 1069 2094 praestantius
1123 2034 1224 2080 est.
1286 2024 1486 2082 Verum
1544 2026 1613 2085 de
1669 2029 1974 2086 sacerdotio

384 2123 688 2184 quantaque
716 2115 786 2171 sit
831 2115 971 2170 illius
1015 2114 1279 2187 dignitas,
1308 2117 1416 2173 alio
1460 2127 1702 2190 tempore
1729 2120 1972 2178 declara-

386 2205 560 2260 himus
594 2222 609 2260 :
642 2205 857 2262 interim
907 2208 1311 2264 consideremus
1356 2220 1551 2280 quanta
1599 2213 1668 2266 sit
1708 2213 1848 2285 regis
1887 2216 1972 2271 vel

388 2299 599 2368 tyranni
648 2300 823 2369 potius
852 2300 1125 2372 iniquitas.
1179 2301 1455 2372 Ingressus
1493 2314 1577 2360 est
1616 2305 1668 2360 itt
1712 2308 1969 2378 templum

388 2388 630 2458 Domini,
661 2391 934 2458 ingressus
962 2402 1043 2447 est
1070 2403 1125 2449 et
1153 2394 1369 2450 Azarias
1394 2396 1648 2453 sacerdos
1673 2407 1797 2470 post
1824 2412 1974 2452 eum.

386 2483 467 2536 An
491 2493 692 2538 temere
720 2476 961 2540 dicebam
993 2486 1329 2542 sacerdotem
1359 2503 1484 2559 rege
1513 2488 1771 2560 majorem
1814 2492 1969 2547 esse?

384 2573 567 2645 Neque
584 2575 725 2631 enim
754 2584 808 2629 ut
830 2592 1007 2648 regem
1025 2575 1311 2647 ejecturus,
1331 2579 1423 2633 sed
1443 2589 1498 2633 ut
1516 2579 1795 2651 profugum
1814 2589 1869 2638 et
1888 2583 1973 2637 in-

381 2677 589 2737 gratum
612 2668 869 2723 famulum
887 2670 1227 2742 expulsurus,
1250 2687 1369 2727 eum
1398 2672 1734 2730 vehementia
1766 2673 1971 2746 ingres-

380 2777 474 2818 sus
498 2771 580 2818 est
597 2805 612 2828 ,
641 2778 745 2819 non
774 2764 934 2819 aliter
960 2780 1120 2835 quam
1150 2780 1448 2837 generosus
1473 2767 1621 2823 canis
1649 2767 1873 2824 incurrit
1898 2767 1968 2826 ad

384 2854 644 2924 impuram
666 2855 912 2916 bestiam.
935 2864 993 2909 ιιι
1020 2854 1162 2910 illam
1182 2856 1356 2927 exigat
1373 2856 1441 2911 ab
1464 2857 1667 2913 {edibus
1690 2857 1966 2915 herilibtts.

449 2947 505 3000 2.
536 2946 752 3001 Fiducia
776 2947 1046 3002 sacerdotis
1066 2949 1151 3018 qui
1184 2947 1361 3002 Oziam
1399 2950 1666 3019 repressit,
1694 2951 1968 3019 laudatur;

380 3040 558 3095 timida
602 3040 875 3111 impietas;
919 3040 1154 3094 sacerdos
1200 3041 1450 3113 quomodo
1496 3041 1671 3098 debeat
1717 3045 1970 3115 corripere

378 3133 674 3205 principem.
706 3162 777 3173 —
806 3130 992 3187 Vidisti
1012 3133 1304 3188 sacerdotis
1328 3136 1563 3190 animum
1588 3137 1752 3192 multa
1778 3138 1968 3195 fiducia

379 3223 616 3292 plenum,
641 3222 944 3294 excelsique
966 3222 1222 3293 spiritus?
1248 3224 1361 3280 Non
1383 3227 1675 3298 aspiciebat
1704 3230 1970 3300 principa-

377 3324 461 3369 tus
489 3312 712 3381 fastum,
737 3328 845 3370 non
868 3314 1201 3384 expendebat
1223 3327 1421 3387 quanta
1448 3332 1535 3373 res
1561 3330 1703 3375 esset
1729 3322 1966 3377 animum

375 3403 663 3473 cupiditate
690 3404 1042 3461 temulentum
1085 3406 1374 3471 cohibere;
1424 3423 1528 3463 non
1558 3408 1806 3466 audiebat
1837 3412 1967 3468 illud

375 3496 708 3552 Salomonis:
733 3495 894 3553 Mitte
914 3499 1045 3569 regis
1066 3499 1193 3553 sicut
1212 3500 1291 3553 ira
1312 3500 1470 3555 leonis
1491 3500 1509 3572 (
1530 3499 1687 3556 Prov.
1715 3503 1799 3559 I9.
1829 3505 1893 3558 12
1913 3507 1966 3575 );

376 3589 468 3643 sed
514 3589 733 3645 sublatis
757 3591 926 3647 oculis
953 3591 1020 3646 ad
1051 3608 1233 3646 verum
1266 3592 1465 3662 Regem
1494 3595 1780 3662 emlorum,
1811 3605 1971 3667 atque

377 3680 506 3732 illud
539 3680 800 3749 tribunal,
830 3697 1028 3754 easque
1059 3699 1244 3754 pmnas
1273 3685 1652 3757 considerans,
1682 3700 1738 3745 et
1768 3690 1850 3745 his
1880 3707 1971 3747 eo-

374 3771 719 3837 gitationibus
747 3788 867 3829 sese
910 3774 1156 3829 muniens
1177 3818 1193 3840 ,
1246 3775 1501 3846 impetum
1533 3778 1659 3836 fecit
1703 3781 1754 3834 in
1787 3790 1969 3854 tyran-

378 3877 523 3917 num.
558 3862 786 3919 Noverat
813 3863 956 3920 enim
977 3907 994 3933 ,
1025 3876 1280 3933 noverat,
1321 3867 1535 3940 inquam
1556 3911 1572 3937 ,
1609 3882 1757 3928 certe
1801 3874 1971 3931 minas

377 3956 516 4025 regis
540 3954 742 4011 similes
778 3970 899 4012 esse
927 3956 1019 4012 ira:
1045 3957 1218 4013 leonis
1256 3958 1531 4017 dumtaxat
1568 3961 1633 4017 iis
1658 3964 1746 4034 qui
1776 3973 1969 4021 terram

376 4058 717 4116 spectarent:
762 4064 947 4106 verum
989 4049 1186 4106 homini
1228 4053 1320 4122 qui
1361 4055 1550 4109 caelum
1591 4055 1820 4113 habebat
1862 4075 1971 4127 pra:

377 4142 577 4207 oculis,
603 4145 801 4215 quique
826 4144 906 4200 sic
931 4143 1217 4201 induxerat
1242 4147 1477 4203 animum
1497 4188 1513 4216 ,
1541 4157 1601 4203 ut
1626 4153 1784 4205 vitam
1813 4151 1971 4207 citius

380 4234 433 4287 iu
465 4233 592 4303 ipsis
616 4233 789 4306 adytis
814 4234 1147 4307 deponeret,
1179 4252 1337 4308 quam
1366 4253 1546 4295 sacras
1585 4240 1730 4313 leges
1771 4243 1973 4299 sineret

379 4324 604 4391 violari,
627 4326 814 4393 quovis
834 4341 967 4382 cane
991 4328 1145 4382 vilior
1170 4340 1286 4385 erat
1313 4329 1426 4386 ille.
1450 4331 1591 4387 Nihil
1614 4334 1756 4390 enim
1781 4350 1848 4391 eo
1874 4336 1975 4391 im-

383 4414 656 4482 becillius,
685 4416 774 4485 qui
799 4414 1006 4471 divinas
1024 4418 1305 4474 conculeat
1329 4420 1473 4490 leges
1497 4462 1513 4487 ,
1544 4431 1601 4477 ut
1627 4435 1811 4479 contra
1838 4426 1971 4483 nihil

383 4503 649 4573 potentius
673 4519 740 4560 eo
766 4506 855 4574 qui
877 4506 1024 4577 leges
1048 4506 1257 4563 divinas
1283 4509 1541 4566 defendit.
1571 4512 1701 4569 Nam
1732 4515 1833 4582 Qui
1855 4533 1972 4586 pec-

382 4607 547 4650 cuium
585 4597 883 4666 committit,
934 4616 1105 4654 servus
1146 4611 1220 4655 est
1258 4606 1448 4673 peccati
1488 4604 1683 4675 (Joan.
1715 4610 1769 4665 8.
1800 4611 1888 4666 3i.
1914 4611 1970 4683 ),

381 4689 590 4745 etiamsi
635 4689 819 4746 decem
862 4691 1024 4748 millia
1070 4708 1393 4751 coronarum
1441 4696 1635 4755 habeat
1672 4701 1725 4756 in
1755 4704 1969 4774 capite:

380 4791 566 4838 contra
610 4784 657 4839 si
694 4785 817 4855 quis
848 4784 1110 4856 justitiam
1140 4798 1391 4859 operatur
1411 4832 1425 4855 ,
1454 4790 1571 4863 ipso
1600 4809 1723 4864 rege
1749 4798 1975 4866 regalior

379 4886 463 4928 est
483 4916 500 4941 ,
529 4876 739 4932 etiamsi
770 4877 930 4935 fuerit
957 4881 1194 4938 omnium
1224 4882 1455 4939 infimus.
1489 4885 1613 4943 llaec
1640 4887 1727 4943 ille
1755 4891 1974 4959 pru'cia-

383 4984 472 5021 rus
497 4970 638 5041 apud
668 4986 790 5026 sese
827 4972 1263 5045 philosophatus,
1293 4977 1511 5034 adortus
1539 4989 1623 5037 est
1656 4997 1856 5053 regem.
1884 4983 1973 5039 In-

378 5057 686 5128 grediamur
714 5068 769 5114 et
796 5077 895 5117 nos
913 5102 927 5126 ,
960 5065 1005 5118 si
1034 5065 1277 5134 videtur,
1308 5083 1431 5123 cum
1461 5069 1583 5138 illo,
1617 5080 1674 5127 ut
1701 5074 1977 5133 videamus

382 5147 507 5215 quid
534 5148 779 5217 loquatur
799 5151 929 5221 regi.
961 5152 1109 5209 Licet
1130 5156 1273 5211 enim
1300 5175 1314 5213 :
1346 5174 1517 5230 neque
1544 5160 1861 5222 mediocrem
1884 5166 1977 5220 ad-

346 5294 347 5297 η
384 5243 518 5295 l'eret
546 5240 830 5296 utilitatem
850 5284 866 5308 ,
888 5254 1131 5313 spectare
1152 5263 1335 5318 regem
1355 5266 1386 5306 a
1406 5253 1686 5309 sacerdote
1707 5257 1975 5331 redargui.

346 5332 519 5423 χρειω
549 5332 706 5402 igitur
729 5330 857 5387 dicit
886 5336 1174 5393 sacerdos?
1204 5340 1325 5394 Non
1362 5342 1475 5397 licet
1502 5345 1621 5412 tibi,
1672 5345 1829 5415 οιεα,
1876 5330 1979 5404 fad-

384 5426 520 5479 olere
546 5425 804 5480 incensum
833 5424 1050 5481 Domino
1071 5427 1159 5499 (2.
1192 5431 1369 5490 Paral.
1393 5435 1523 5513 26‘).
1554 5437 1668 5494 Non
1696 5442 1979 5511 appellavit

383 5534 504 5571 enm
536 5533 754 5589 regem,
801 5534 972 5590 neque
1015 5520 1220 5591 imperii
1255 5526 1461 5584 titulum
1493 5530 1670 5596 dedit,
1702 5533 1823 5602 quia
1865 5534 1979 5603 ipse

387 5612 719 5679 piuevenieus
752 5627 871 5667 sese
902 5611 1157 5684 dignitate
1196 5617 1483 5688 dejccerat.
1516 5623 1700 5679 Vidisti
1733 5625 1979 5682 fiduciam

383 5703 971 5762 sacerdotisil’rotnde
1021 5705 1173 5765 disce
1224 5722 1279 5769 ct
1323 5718 1808 5775 mansuetudinem.
1863 5721 1975 5777 Non

1142 247 1201 306 8.
1222 246 1502 305 JOANNIS
1540 246 2013 315 οιιιιγεοετοκι
2040 246 2370 313 ,ΑΒΒΗῐΕΡο
2398 246 2935 307 CONSTANTINOI’.

3590 258 3702 315 I39

2088 358 2237 416 enim
2260 358 2450 416 fiducia
2474 360 2627 417 nobis
2646 370 2851 417 tantum
2875 374 3011 433 opus
3034 362 3188 419 estin
3210 362 3698 433 reprehendendo.

2068 440 2269 508 verum
2299 455 2468 509 multo
2506 456 2674 525 magis
2717 470 2852 527 opus
2881 463 2964 512 est
2989 457 3392 514 mansuetudine
3431 475 3600 530 quam
3635 463 3693 516 fi-

2083 543 2263 602 ducia.
2294 545 2426 614 Quia
2461 548 2604 603 enim
2633 549 2901 604 neminem
2931 549 3235 606 Mortalium
3264 554 3341 607 sic
3368 563 3701 610 aversantur

2084 636 2417 708 oderuntque
2442 639 2480 693 ii
2507 639 2595 711 qui
2625 628 2846 710 piaccant
2864 681 2881 708 ,
2907 648 2967 696 ut
2990 655 3114 697 eum
3137 641 3229 713 qui
3257 642 3700 714 reprehensuros

2084 736 2200 795 est,
2233 729 2561 800 cupiuntque
2588 731 2926 786 occasionem
2954 731 3192 802 arripere
3211 773 3225 796 ,
3270 741 3328 787 ut
3362 733 3655 789 elabantur
3675 776 3693 802 ,

2084 824 2138 870 et
2161 816 2415 889 effugiant
2439 819 2911 888 reprehensionem
2938 837 2953 881 :
2985 835 3206 877 necesse
3230 830 3314 877 est
3339 831 3396 878 ut
3413 838 3510 880 eos
3541 840 3671 879 man

2084 911 2364 966 suetudine
2384 911 2819 983 humanitateque
2835 913 3178 969 retineamus.
3193 914 3514 987 Objurgator
3536 917 3691 971 enim

2086 1016 2191 1055 non
2241 1001 2413 1057 solum
2460 1017 2584 1059 cum
2632 1018 2818 1060 vocem
2847 1004 3075 1075 promit,
3118 1020 3302 1060 verum
3344 1007 3505 1061 etiam
3560 1023 3688 1064 cum

2083 1091 2293 1147 videtur
2311 1134 2327 1161 ,
2355 1093 2531 1165 gravis
2554 1103 2637 1152 est
2662 1096 3040 1165 peccantibus:
3074 1096 3253 1153 Gravis
3281 1097 3411 1152 enim
3429 1140 3444 1166 ,
3475 1099 3683 1170 inquit,

2083 1183 2225 1238 nobis
2253 1196 2324 1239 est
2350 1186 2500 1240 etiam
2528 1196 2734 1259 aspectu
2778 1186 2797 1258 (
2820 1187 2951 1258 Sap.
2978 1187 3036 1243 2.
3070 1188 3173 1260 15)
3201 1206 3216 1244 :
3245 1188 3365 1245 ideo
3389 1190 3683 1261 plurimam

2082 1277 2540 1333 mansuetudinem
2578 1288 2831 1349 praestare
2872 1288 3103 1351 oportet.
3134 1280 3261 1337 Ideo
3300 1283 3456 1338 nobis
3497 1300 3684 1339 sermo

2082 1367 2425 1439 prapbeticus
2451 1368 2521 1426 ob
2544 1370 2728 1426 oculos
2755 1372 2929 1441 posuit
2953 1380 3006 1427 et
3033 1385 3157 1427 eum
3204 1372 3292 1442 qui
3325 1374 3597 1442 peccavit.
3626 1384 3685 1430 ct

2079 1475 2203 1515 eum
2229 1460 2318 1531 qui
2357 1462 2528 1532 ipsum
2570 1463 2841 1535 corrigere
2883 1464 3120 1534 parabat.
3164 1463 3373 1521 Etenim
3404 1467 3681 1537 sapientes

2081 1550 2272 1607 medici
2301 1568 2425 1608 eum
2453 1553 2691 1609 membra
2736 1555 3025 1624 putrefacta
3056 1554 3252 1609 secturi
3282 1565 3438 1621 sunt,
3470 1565 3567 1611 aut
3595 1556 3672 1612 Ia-

2080 1641 2231 1713 pides
2258 1644 2310 1698 in
2333 1645 2592 1700 meatibus
2614 1644 2806 1701 affixos
2832 1646 3119 1701 extracturi
3139 1686 3154 1711 ,
3180 1655 3271 1701 aut
3298 1647 3439 1702 aliud
3467 1658 3678 1704 natura:

2079 1734 2263 1789 vitium
2293 1735 2585 1791 correcturi
2608 1778 2624 1804 ,
2669 1750 2777 1792 non
2808 1735 2860 1793 id
2890 1735 3122 1802 faciunt,
3149 1750 3219 1792 eo
3255 1737 3346 1808 qui
3385 1737 3595 1794 laborat
3621 1740 3674 1796 in

2077 1827 2327 1898 angulum
2368 1827 2624 1894 abducto,
2657 1828 2753 1884 sed
2790 1844 2856 1885 eo
2892 1829 2945 1884 in
2987 1828 3177 1885 mediis
3218 1827 3349 1885 foris
3389 1829 3671 1901 deposito,

2079 1927 2358 1988 postquam
2386 1933 2484 1973 ceu
2508 1922 2772 1975 theatrum
2802 1920 3237 1988 praatereuntium
3263 1920 3361 1977 sibi
3385 1935 3670 1993 pararunt,

2075 2007 2149 2063 ita
2179 2009 2389 2064 demum
2429 2009 2715 2066 admovent
2756 2011 3068 2066 sectionem.
3110 2010 3222 2067 Hoc
3257 2020 3432 2067 autem
3474 2012 3674 2069 faciunt

2078 2119 2182 2157 non
2211 2103 2351 2173 quod
2385 2102 2548 2159 velint
2578 2103 2838 2159 humanas
2867 2102 3146 2161 traducere
3174 2104 3502 2161 calamitates
3526 2149 3541 2172 ,
3576 2108 3670 2162 Sed

2076 2205 2133 2251 ut
2172 2197 2454 2267 unicuique
2494 2198 2723 2269 propria:
2769 2198 3014 2253 sanitatis
3052 2198 3426 2255 commendent
3460 2216 3666 2258 curam.

2074 2288 2260 2344 Itidem
2291 2300 2345 2344 et
2372 2290 2645 2361 Scriptura
2681 2290 2844 2347 facit:
2876 2291 2964 2347 ubi
2992 2306 3149 2362 quem
3179 2292 3401 2363 arripuit
3438 2310 3668 2364 peccan-

2074 2381 2204 2436 tium
2225 2423 2241 2447 ,
2272 2383 2378 2436 alta
2404 2397 2534 2438 voce
2560 2382 2705 2437 illum
2727 2381 3019 2438 curandum
3047 2384 3321 2454 proponit,
3346 2400 3451 2441 non
3477 2387 3531 2441 in
3554 2404 3666 2441 me-

2071 2472 2175 2528 diis
2205 2472 2331 2527 foris
2351 2512 2369 2540 ,
2400 2473 2497 2529 sed
2527 2474 2579 2529 itt
2611 2474 2785 2529 media
2817 2484 2957 2530 terra
2986 2491 2999 2528 :
3031 2484 3087 2531 et
3133 2484 3475 2547 posteaquam
3508 2479 3667 2534 totius

2072 2564 2218 2620 orbis
2246 2565 2657 2621 eireumstetcrit
2686 2565 2950 2620 theatrum
2970 2605 2988 2634 ,
3021 2576 3133 2621 tum
3155 2566 3486 2621 curationem
3517 2567 3667 2622 aditi-

2070 2655 2198 2725 bet,
2229 2656 2482 2712 erudiens
2521 2671 2647 2725 nos,
2680 2667 2738 2711 ut
2776 2657 2919 2714 circa
2958 2658 3226 2729 propriam
3269 2644 3499 2714 salutem
3537 2676 3664 2713 cau-

2070 2751 2235 2807 tiores
2254 2752 2438 2806 sitnus.
2467 2750 2752 2807 Videamus
2779 2751 2937 2822 igitur
2955 2766 3063 2823 quo
3091 2760 3244 2821 pacto
3266 2751 3522 2807 sacerdos
3545 2762 3667 2807 tunc

2072 2842 2218 2899 illum
2250 2844 2517 2914 corrigere
2543 2844 2611 2899 sit
2653 2858 2960 2915 aggressus.
2986 2843 3100 2899 Non
3130 2843 3299 2910 dixit,
3326 2842 3370 2898 0
3399 2843 3564 2915 impie
3588 2885 3604 2911 ,
3633 2861 3665 2894 o

2070 2936 2517 2992 sceleratissime:
2562 2938 2738 2991 omnia
2785 2937 3087 2992 subvertisti
3130 2936 3560 3008 confudistique,
3599 2939 3662 2992 ad

2070 3042 2364 3086 extremam
2413 3029 2736 3102 impietatem
2777 3030 3106 3101 prorupisti:
3150 3045 3321 3100 neque
3360 3045 3663 3085 sermonem

2069 3124 2423 3179 accusationis
2451 3124 2503 3179 in
2532 3124 2743 3195 longum
2773 3122 3024 3194 produxit
3047 3142 3063 3189 ;
3091 3122 3186 3178 sed
3212 3113 3661 3193 quemadmodum

2072 3216 2105 3271 ii
2133 3216 2221 3287 qui
2249 3224 2469 3284 secant,
2497 3214 2601 3273 hoc
2624 3215 2857 3272 breviter
2882 3213 3059 3271 facere
3098 3214 3348 3283 student,
3388 3215 3665 3270 celeritue

2070 3309 2321 3365 sectionis
2368 3309 2633 3364 cruciatus
2677 3322 2892 3363 sensum
2941 3306 3221 3363 fallentes:
3256 3307 3432 3362 itidem
3481 3319 3538 3363 et
3581 3308 3663 3361 Im:

2072 3402 2412 3472 asperitatem
2441 3401 2823 3472 objurgationis
2864 3401 3046 3471 paucis
3066 3399 3240 3456 verbis
3258 3400 3626 3470 constringens
3646 3442 3661 3459 ,

2073 3496 2212 3563 regis
2240 3492 2564 3548 iracundiam
2591 3491 2846 3547 cohibuit.
2887 3490 3040 3560 Quod
3073 3492 3214 3547 enim
3255 3499 3336 3547 est
3374 3491 3424 3545 in
3469 3491 3537 3546 iis
3574 3496 3659 3562 qui

2072 3586 2313 3642 laborant
2336 3587 2503 3640 sectio
2525 3586 2541 3617 ¹
2562 3626 2578 3652 ,
2603 3584 2702 3640 hoc
2722 3593 2806 3641 est
2826 3586 2878 3640 in
2903 3586 2969 3639 iis
2989 3583 3075 3655 qui
3099 3595 3319 3655 peccant
3339 3584 3660 3656 redargutio.

2075 3681 2311 3752 Denique
2359 3691 2552 3751 prmter
2593 3679 2696 3734 alia
2735 3681 2893 3735 etiam
2942 3676 3053 3749 ipsa
3104 3679 3355 3733 brevitate
3396 3678 3662 3733 scrutonis

2072 3773 2494 3828 moderationem
2523 3772 2678 3827 nobis
2699 3770 2931 3827 exhibet.
2960 3771 3110 3839 Quod
3137 3770 3179 3825 si
3206 3769 3354 3840 cupis
3375 3787 3453 3823 VC!
3472 3770 3659 3824 horum

2072 3880 2284 3934 quoque
2323 3864 2613 3918 sectionem
2654 3862 2840 3917 videre
2876 3870 2930 3917 et
2968 3861 3051 3915 tibi
3096 3861 3293 3916 ferrum
3342 3860 3621 3917 occultarit
3644 3903 3656 3925 ,

2072 3955 2218 4010 audi.
2249 3953 2369 4009 Non
2394 3956 2542 4019 licet,
2570 3955 2773 4026 inquit,
2802 3955 2888 4008 tibi
2914 3955 3115 4008 adolere
3137 3955 3392 4008 incensum
3417 3950 3657 4017 Domino,

2071 4047 2160 4102 scd
2185 4047 2305 4101 solis
2331 4046 2671 4101 sacerdotibus
2689 4088 2705 4113 ,
2734 4047 2853 4115 ﬁliis
2876 4045 3045 4101 Aaron
3064 4086 3082 4113 ,
3112 4046 3427 4099 consecratis.
3456 4044 3555 4100 IIic
3582 4047 3657 4099 itt-

2073 4138 2207 4192 llixit
2244 4138 2459 4193 vulnus.
2499 4136 2813 4204 Quomodo?
2850 4138 2959 4208 Ego
2994 4135 3188 4192 dicam.
3228 4135 3336 4191 Cur
3370 4136 3515 4191 enim
3554 4151 3657 4190 non

2072 4230 2387 4300 simpliciter
2420 4227 2594 4297 dixit,
2627 4228 2985 4285 Sacerdotibus
3005 4270 3020 4295 ,
3060 4228 3155 4283 scd
3185 4225 3419 4294 addidit,
3450 4227 3660 4281 Aaron?

2072 4323 2123 4379 Is
2162 4324 2362 4394 priuuts
2391 4322 2491 4379 fuit
2518 4322 2782 4394 pontifex,
2810 4321 3085 4391 simileque
3126 4320 3326 4376 facinus
3352 4320 3493 4376 illius
3524 4330 3656 4375 tem-

2074 4417 2290 4488 poribus
2328 4416 2541 4486 quidam
2580 4415 2697 4471 ausi
2735 4424 2893 4483 sunt,
2939 4414 3141 4468 Dathan
3175 4414 3317 4469 enim
3356 4421 3407 4469 et
3446 4412 3585 4468 Core
3609 4422 3659 4468 et

2074 4509 2594 4579 Abiron,conjurati
2633 4510 2887 4564 adversus
2929 4507 3072 4561 illum
3102 4523 3221 4561 cum
3261 4505 3379 4561 aliis
3419 4508 3656 4578 aliquot,

2075 4605 2357 4659 voluerunt
2387 4616 2439 4659 et
2470 4603 2567 4673 ipsi
2593 4601 2948 4658 sacerdotium
2976 4601 3122 4655 obire
3153 4599 3348 4671 (Num.
3382 4600 3466 4656 16.
3496 4612 3544 4655 et
3570 4600 3654 4655 Ps.

2078 4696 2201 4752 105.
2233 4697 2321 4751 17.
2363 4695 2464 4766 18)
2491 4713 2505 4763 ;
2538 4695 2629 4749 sed
2659 4692 2790 4749 alios
2817 4693 3028 4762 quidrm
3059 4698 3198 4746 tetra
3235 4690 3519 4747 dehiscens
3565 4691 3658 4746 ab-

2076 4789 2310 4853 sorbuit,
2341 4788 2473 4843 alios
2500 4804 2626 4842 vero
2653 4786 2721 4843 de
2745 4786 2879 4842 cado
2903 4786 3131 4841 emissus
3161 4784 3296 4854 ignis
3318 4786 3537 4840 exussit.
3567 4784 3661 4837 llu-

2071 4880 2159 4951 jus
2187 4894 2314 4949 ergo
2343 4880 2577 4936 historia:
2601 4879 2784 4934 volens
2808 4876 2954 4933 illum
2985 4875 3445 4931 commonefacere
3465 4916 3479 4937 ,
3509 4892 3657 4931 men-

2081 4974 2280 5027 tionem
2320 4972 2441 5028 fecit
2468 4972 2733 5038 Aaronis,
2765 4970 2854 5041 qui
2896 4979 3019 5025 tunc
3059 4968 3152 5024 fuit
3196 4969 3380 5040 injuria
3408 4967 3654 5032 affectus,

2082 5075 2138 5119 ut
2157 5064 2224 5119 ad
2249 5064 2601 5119 calamitatem
2629 5079 2812 5120 eorum
2835 5063 2927 5134 qui
2955 5062 3192 5118 fecerant
3216 5060 3485 5130 injuriam,
3513 5061 3659 5130 hujus

2078 5158 2453 5227 cogitationem
2493 5156 2893 5211 transmitteret.
2932 5153 3199 5211 (laterum
3240 5153 3369 5209 nihil
3398 5154 3511 5209 luce
3540 5168 3658 5224 pro~

2081 5250 2249 5318 fuere,
2274 5266 2377 5304 non
2406 5261 2622 5321 propter
2640 5248 2995 5314 sacerdotem,
3018 5248 3113 5304 sed
3140 5247 3210 5304 ob
3232 5248 3369 5319 regis
3391 5248 3656 5302 ferociam.

2081 5341 2212 5397 Cum
2234 5341 2375 5396 enim
2398 5342 2666 5397 debuisset
2685 5340 2904 5396 laudare
2925 5339 3256 5397 sacerdotem
3274 5381 3289 5404 ,
3320 5355 3520 5411 proque
3538 5354 3658 5394 cou-

2147 5482 2163 5513 ί
2200 5480 2621 5541 manuscriptorum
2642 5478 2721 5527 alii
2746 5478 2964 5541 habent;
2992 5479 3124 5538 Quod
3145 5477 3274 5541 enim
3293 5485 3363 5529 est
3394 5478 3446 5541 in
3464 5478 3657 5541 vulneri-

2081 5541 2167 5592 bus
2190 5542 2364 5597 sectio;
2390 5539 2468 5590 alii
2495 5556 2506 5590 :
2536 5541 2666 5600 Quod
2696 5540 2823 5590 enim
2858 5547 2926 5602 est
2947 5540 3003 5602 in,
3020 5540 3296 5602 corporibus
3317 5540 3478 5590 sectio.
3504 5539 3658 5589 Melius

2084 5611 2246 5652 tamen
2272 5602 2471 5662 legitur,
2498 5602 2783 5664 Quadorum
2803 5609 2872 5651 est
2897 5601 2946 5650 in
2970 5601 3030 5651 iis
3060 5601 3143 5664 qui
3189 5601 3405 5651 laborant
3428 5603 3594 5664 sectio.
3609 5610 3653 5648 ιιι

2085 5666 2208 5728 legit
2229 5660 2466 5728 Erasinus,
2499 5660 2609 5725 qua:
2633 5663 2779 5712 lectio
2810 5666 2963 5726 probe
2977 5660 3182 5727 quadrat
3200 5665 3261 5715 ad
3284 5668 3559 5728 sequentia,
3576 5660 3658 5711 θοι

2068 5738 2154 5779 est
2175 5726 2224 5778 iu
2249 5728 2309 5777 its
2327 5727 2407 5791 qui
2434 5734 2627 5790 peccant
2655 5730 2948 5793 reduryutto.
