3738 6274
355 252 465 311 ,153

358 374 458 441 οὐχ
502 370 531 424 6
577 365 740 424 Δαυῖδ
769 365 977 433 οὑτως·
1014 368 1152 424 ἀλλά
1193 367 1346 434 πῶςς
1378 367 1536 424 Μετά
1574 364 1674 437 τὴν
1707 363 1813 418 ὑπὸ
1836 359 1934 415 τοῦ

360 452 549 507 Ναθάν
575 451 874 522 γενομένην
915 452 1250 523 κατηγορίαν
1263 451 1379 521 οτήν
1417 451 1510 504 ἐπὶ
1531 450 1598 519 τῇ
1629 442 1932 519 Βηρσαόεὶυ

370 534 712 605 Ἡμάρτηκα
740 534 891 609 [155]
911 535 991 602 τῷ
1019 534 1231 603 Κυρίῳ,
1252 532 1437 604 φησίν.

410 666 484 727 γ’.
507 657 659 723 Εἶδες
675 655 1109 728 συτετριμμένην
1127 652 1387 726 καρδίαν;
1431 647 1571 716 εἶδες
1602 667 1937 705 τεταπεινω-

359 739 531 811 μένην
556 740 736 811 ψυχήν
759 757 775 807 ;
807 734 944 803 εἶδες
971 737 1087 801 πῶς
1112 739 1205 792 καὶ
1229 737 1299 793 τὰ
1327 736 1596 809 πτώματα
1627 736 1737 790 τῶν
1766 735 1937 804 ἁγίων

356 821 616 894 λαμπράς
646 822 911 893 Καθάπερ
937 821 1045 892 γὰρ
1070 820 1140 874 τὰ
1177 820 1403 893 λαμπρὰ
1418 820 1527 875 τῶν
1550 820 1818 891 σωμάτων
1842 818 1938 873 καὶ

357 908 453 962 ἐπὶ
486 907 585 976 τῆς
613 907 921 979 ἀρρωστίας
951 905 1122 960 πολλά
1148 907 1248 978 τῆς
1269 904 1571 976 εὐμορφίας
1599 905 1733 974 ήμῖν
1769 902 1939 956 ἐνδεί-

356 1005 547 1044 κνυται
568 988 637 1042 τὰ
669 989 788 1060 ἴχνη
808 1006 823 1021 ο
852 989 995 1043 οὑτω
1020 989 1114 1044 καὶ
1142 989 1251 1043 τῶν
1271 989 1441 1058 ἁγίων
1468 989 1525 1042 αἰ
1552 987 1724 1059 ψυχαὶ
1757 987 1851 1041 καὶ
1878 988 1937 1041 ἐν

355 1073 541 1136 αὑτοῖς
591 1075 706 1135 τοῖς
747 1072 1156 1144 παραπτώμασι
1186 1081 1207 1103 ⁸
1238 1072 1342 1143 τῆς
1377 1072 1581 1136 οἰκείας
1628 1071 1828 1143 ἀρετῆς
1866 1068 1936 1123 τὰ

356 1155 599 1226 σύμϐολα
642 1156 885 1227 φέρουσι.
934 1156 1127 1209 Καίτοι
1172 1172 1238 1224 γε
1276 1157 1482 1219 ἐκεῖνος
1522 1156 1620 1225 μὲν
1656 1156 1715 1207 ἐν
1748 1154 1936 1226 μέσοις

351 1242 465 1303 τοῖς
521 1237 812 1308 βασιλείοις
870 1241 1228 1309 κατηγορεῖτο
1265 1238 1418 1309 παρά
1466 1237 1561 1291 τοῦ
1611 1239 1933 1309 προφήτου,

354 1321 637 1392 παρόντων
666 1320 876 1374 πολλῶν
895 1339 910 1353 ·
934 1314 1091 1382 οὗτος
1113 1322 1168 1373 66
1194 1320 1341 1375 ἐνδον
1366 1323 1424 1374 ἐν
1452 1323 1561 1385 τοῖς
1582 1320 1816 1386 ἀδύτοις,
1841 1321 1935 1373 καί⁵

360 1406 679 1477 ἀμάρτυρον
708 1402 820 1476 εἶχε
855 1405 947 1458 τὸν
968 1405 1216 1475 ἔλεγχον·
1250 1405 1365 1458 ἀλλ’
1393 1405 1513 1458 ούδέ
1541 1404 1713 1469 οὕτως
1733 1407 1932 1476 ήνεγκε

351 1489 449 1560 τὴν
482 1490 816 1559 ἐπιτίμησιν.
862 1489 927 1542 Τί
970 1486 1098 1553 06v;
1141 1489 1360 1553 ἀνίατος
1378 1489 1608 1561 έμενεν;
1644 1491 1935 1561 Οὐδαμῶς,

350 1571 438 1625 διά
458 1571 557 1643 τὴν
582 1572 675 1625 τοῦ
705 1572 840 1625 Θεοῦ
872 1571 1279 1645 φιλανθρωπίαν
1298 1590 1309 1603 ·
1337 1572 1451 1628 ἁλλ’
1474 1572 1663 1645 ὥσπερ
1706 1574 1799 1627 ἐπὶ
1836 1573 1932 1627 τοῦ

353 1653 820 1725 σεληνιαζομένου,
871 1657 980 1709 τῶν
1025 1656 1277 1728 μαθητῶν
1323 1657 1424 1711 οὑκ
1476 1660 1805 1729 ἰσχυσάντων
1842 1660 1933 1714 τὸν

350 1737 577 1808 δαίμονα
604 1737 873 1801 ἐκϐαλεῖν,
893 1739 921 1790 6
938 1739 1169 1809 Χριστός
1200 1756 1356 1812 φησι,
1377 1737 1589 1808 Φέρετέ
1625 1758 1728 1810 μοι
1748 1742 1934 1796 αὐτόν

348 1818 498 1877 ὦδε·
524 1821 670 1876 οὑτω
712 1823 807 1875 καὶ
846 1821 1100 1887 ἐνταῦθα,
1138 1823 1234 1876 τοῦ
1280 1823 1470 1897 ἱερέως
1504 1824 1579 1897 μὴ
1614 1825 1933 1897 δυνηθέντος

350 1906 549 1970 παντὸς
567 1906 819 1977 δαίμονος
840 1906 1218 1978 χαλεπώτερον
1251 1908 1482 1979 νόσημα,
1510 1908 1608 1980 τὴν
1658 1908 1933 1981 ἁμαρτίαν

349 1989 619 2054 ἐκϐαλεῖν,
653 1989 813 2052 αὑτὸς
833 1989 1016 2043 λοιπὸν
1039 1993 1067 2043 6
1091 1988 1222 2053 Θεὸς
1244 1991 1334 2044 τὸν
1367 1992 1644 2061 κάμνοντα
1676 2009 1933 2063 μεταχει-

352 2073 578 2145 ρίζεται.
619 2074 730 2127 Καὶ
749 2074 802 2126 τί
829 2076 1004 2140 ποιεῖ;
1036 2074 1260 2143 Δέπραν
1303 2075 1601 2145 ἐπαφίησιν
1646 2074 1811 2128 αὑτοῦ
1854 2074 1933 2147 τῷ

351 2157 609 2229 μετώπῳ.
658 2158 927 2227 Ἐγένετο
962 2157 1091 2227 γὰρ,
1134 2158 1318 2228 φησὶν.
1367 2158 1437 2211 ἐν
1478 2156 1560 2223 τῷ
1605 2157 1932 2227 ἀπειλῆσαι

347 2242 536 2297 αὑτὸν
565 2241 646 2307 τῷ
664 2241 823 2312 ἱερεῖ,
843 2245 1038 2310 λέπρα
1061 2242 1369 2296 ἀνέτειλεν
1392 2241 1490 2296 ἐπί
1513 2243 1618 2297 τοῦ
1657 2243 1933 2311 μετώπου

346 2325 554 2391 αὐτοῦ,
576 2325 671 2379 καὶ
692 2325 839 2397 ἐξῄει
867 2324 1077 2388 λοιπὸν,
1100 2325 1354 2398 καθάπερ
1378 2328 1427 2379 οἰ
1459 2326 1558 2397 τὴν
1582 2326 1677 2379 ἐπὶ
1705 2325 1933 2381 θάνατον

347 2410 707 2481 ἀπαγόμενοι,
739 2411 999 2483 σπαρτίον
1025 2408 1117 2462 ἐπὶ
1158 2408 1252 2463 τοῦ
1282 2410 1546 2481 στόματος
1574 2410 1806 2481 ἔχοντες,
1834 2411 1933 2481 τῆς

348 2493 816 2565 καταδικαζούσης
868 2493 1137 2565 σύμϐολον
1181 2493 1361 2566 ψήφου
1384 2534 1398 2558 ,
1448 2494 1590 2548 οὑτω
1637 2493 1732 2547 καὶ
1770 2494 1933 2559 αὑτὸς

347 2578 446 2649 τῆς
482 2578 709 2650 ἀτιμίας
746 2579 807 2633 τὸ
847 2577 1114 2651 σύμϐολον
1148 2580 1242 2634 ἐπὶ
1285 2578 1380 2632 τοῦ
1431 2576 1684 2650 μετώπου
1727 2577 1929 2650 φέρων,

346 2664 407 2717 06
434 2663 644 2735 δημίων
687 2663 851 2718 αὑτὸν
877 2664 1161 2730 ἐλκόντων,
1208 2663 1342 2719 ἀλλά
1374 2664 1543 2734 αὑτῆς
1580 2663 1680 2733 τῆς
1725 2661 1932 2734 λέπρας

344 2749 465 2804 ἀντὶ
496 2748 706 2819 δημίων
735 2749 827 2802 ἐπὶ
858 2749 1098 2822 κεφαλήν
1121 2749 1148 2789 ιι
1174 2748 1442 2820 ὠθούσης.
1475 2748 1736 2819 Εἰσῆλθεν
1776 2749 1932 2819 ἰερωο

348 2829 514 2901 σύνην
550 2831 769 2896 λαϐεῖν,
815 2834 845 2887 6
886 2832 942 2887 66
997 2833 1093 2887 καὶ
1141 2834 1241 2904 τήν
1300 2832 1579 2904 βασιλείαν
1612 2830 1927 2886 ἀπώλεσεν·

345 2914 563 2986 εἰσῆλθε
580 2916 832 2985 γενέσθαι
851 2918 1193 2989 σεμνότερος,
1208 2917 1303 2970 καὶ
1317 2917 1539 2986 γέγονεν
1555 2915 1929 2987 ἐναγέστερος.

347 3000 457 3053 Καὶ
484 2999 593 3071 γάρ
619 2998 825 3053 ἰδιώτου
859 2999 1061 3063 παντὸς
1109 2999 1295 3053 λοιπὸν
1327 2998 1652 3072 ἀτιμότερος
1698 2995 1765 3071 ἦν
1796 3000 1935 3053 ἀκά-

346 3082 543 3153 θαρτος
572 3082 669 3139 ῶν.
702 3082 966 3138 Τοσοῦτόν
1000 3085 1115 3137 ἐστι
1141 3083 1311 3137 κακὸν
1347 3083 1407 3137 τὸ
1445 3083 1519 3156 μή
1554 3084 1736 3155 μένειν
1785 3084 1932 3139 ἔνδον

345 3166 438 3219 ἐπὶ
464 3165 575 3222 τῶν
601 3166 863 3221 δοθέντων
882 3168 1013 3239 ήμῖν
1042 3166 1195 3239 παρά
1215 3167 1309 3221 τοῦ
1335 3167 1470 3221 Θεοῦ
1508 3167 1743 3242 μέτρων,
1772 3168 1840 3223 ἄν
1871 3186 1933 3222 τε

345 3250 438 3303 ἐπὶ
483 3251 668 3323 τιμῆς,
712 3251 779 3305 ἁν
817 3268 879 3305 τε
923 3251 1017 3305 ἐπὶ
1056 3252 1309 3320 γνώσεως
1339 3251 1500 3307 τοῦτο
1583 3264 1629 3307 ο.
1662 3252 1775 3324 Οὐχ
1801 3255 1934 3325 ὁρᾷς

343 3334 549 3406 ταύτην
568 3335 670 3406 τήν
696 3334 985 3400 θάλατταν,
1014 3336 1132 3400 πῶς
1158 3336 1276 3389 ἐστι
1302 3339 1422 3400 ταῖς
1456 3336 1600 3407 βίαις
1637 3337 1931 3408 ἀφόρητος,

346 3419 534 3483 πόσοις
565 3418 895 3491 κορυφοῦται
931 3422 1047 3484 τοῖς
1091 3419 1368 3490 κύμασιν;
1427 3420 1569 3473 Ἀλλ’
1601 3420 1752 3491 ὅμως
1794 3422 1933 3492 πρὸς

348 3500 481 3571 ὕψος
503 3502 893 3573 διανισταμένη
932 3502 1096 3574 μέγα,
1131 3503 1225 3556 καὶ
1274 3502 1413 3573 μετά
1445 3501 1640 3555 πολλοῦ
1670 3502 1935 3572 προϊοῦσα

345 3584 442 3639 τοῦ
486 3584 681 3655 θυμοῦ,
715 3585 931 3639 ἐπειδὰν
974 3584 1103 3656 ἔλθῃ
1151 3585 1287 3657 πρὸς
1334 3584 1396 3637 τὸ
1436 3585 1590 3640 τεθὲν
1614 3587 1761 3658 ὄριον
1795 3586 1932 3658 αὑτῇ

348 3668 501 3741 παρά
523 3670 617 3722 τοῦ
644 3669 799 3735 Θεοῦ,
827 3669 895 3723 τά
915 3669 979 3723 κύ
989 3687 1133 3740 ματα
1147 3671 1228 3734 εἰς
1258 3669 1431 3741 ἀφρὸν
1459 3669 1779 3735 διαλύσασα,
1798 3670 1935 3741 πρὸς

346 3752 545 3825 ἐαυτήν
593 3753 859 3808 ἐπάνεισι.
911 3752 1099 3807 Καίτοι
1138 3770 1201 3823 γε
1250 3753 1305 3807 τί
1355 3753 1582 3824 ψάμμου
1624 3753 1820 3823 γένοιτ’
1868 3753 1936 3807 ἂν

349 3838 774 3909 ἀσθενέστερονς
813 3838 952 3891 Ἀλλ’
980 3839 1079 3892 οὐκ
1108 3837 1287 3892 ἐκεῖνό
1324 3838 1442 3891 ἐστι
1468 3837 1531 3891 τὸ
1558 3836 1787 3903 κωλύον,
1821 3838 1934 3891 ἀλλ’

347 3924 377 3976 6
405 3921 499 3975 τοῦ
545 3922 728 3986 θέντος
753 3921 937 3994 φόϐος.
978 3922 1041 3975 Εἰ
1078 3922 1134 3976 66
1155 3922 1216 3976 06
1244 3918 1565 3993 σωφρονίζει
1602 3939 1662 3975 σε
1688 3922 1848 3976 τοῦτο
1875 3922 1938 3976 τὸ

348 4006 702 4078 παράδειγμα
727 4048 743 4074 ,
794 4007 863 4062 τά
896 4007 1038 4062 κατὰ
1065 4006 1158 4062 τὸν
1197 4005 1381 4073 Ὀζίαν
1420 4023 1483 4061 σε
1513 4006 1835 4072 παιδευέτω,
1867 4007 1936 4061 τὰ

348 4091 443 4147 νῦν
474 4093 604 4165 ήμῖν
628 4090 913 4165 εἰρημένα.

432 4210 572 4264 Ἀλλ’
603 4212 793 4284 ἐπειδὴ
819 4211 919 4284 τὴν
964 4190 1136 4283 ὀργήν
1163 4210 1378 4283 εἴδομεν
1403 4209 1502 4264 τοῦ
1536 4208 1673 4265 Θεοῦ
1710 4208 1808 4264 καὶ
1839 4209 1938 4281 τὴν

350 4296 506 4362 ἀξίαν
530 4297 900 4359 ἀνταπόδοσιν,
937 4297 1068 4367 φέρε
1097 4296 1189 4349 καὶ
1215 4296 1315 4368 τὴν
1335 4294 1745 4367 φιλανθρωπίαν
1768 4294 1939 4350 αὑτοῦ

350 4380 448 4434 καὶ
491 4380 591 4449 τήν
648 4379 850 4450 πολλὴν
903 4378 1205 4431 ἐπιείκειαν
1267 4377 1647 4447 ἐπιδείξωμεν.
1704 4378 1779 4432 Οὑ
1831 4378 1940 4450 γάρ

355 4463 547 4535 μόνους
570 4462 597 4502 ἀ
619 4462 745 4526 τοὺς
766 4462 895 4533 περὶ
920 4461 1021 4529 τῆς
1047 4460 1219 4531 ὀργῆς
1247 4461 1329 4513 δεῖ
1361 4463 1530 4514 κινεῖν
1558 4460 1766 4528 λόγους,
1805 4462 1941 4517 ἀλλά

352 4546 449 4599 καὶ
480 4545 606 4609 τοὺς
649 4546 778 4615 περὶ
808 4544 911 4615 τῆς
956 4543 1345 4615 χρηστότητος,
1384 4544 1474 4597 ἵνα
1505 4545 1642 4615 μήτε
1683 4545 1763 4607 εἰς
1802 4544 1943 4597 ἁπό-

351 4646 555 4700 γνωσιν
595 4628 921 4699 ἐμϐάλωμεν
949 4628 1076 4691 τοὺς
1109 4625 1430 4691 ἀκούοντας,
1481 4626 1619 4698 μήτε
1649 4627 1729 4690 εἰς
1770 4626 1940 4697 ρᾳθυ-

357 4714 676 4786 μίαν,οὑτω
694 4716 789 4768 καὶ
818 4712 1029 4773 Παῦλος
1048 4713 1209 4779 ποιεῖ,
1239 4712 1335 4767 καὶ
1364 4711 1574 4776 τούτοις
1610 4713 1942 4786 ἀμφοτέροις

353 4801 517 4871 κιρνᾷ
546 4800 647 4871 τὴν
676 4800 1021 4872 παραίνεσιν,
1046 4797 1247 4851 οὑτωσὶ
1282 4797 1490 4865 λέγων·
1534 4797 1649 4853 Ἰὄὲ
1685 4792 1799 4853 οὖν
1828 4797 1944 4866 τὴν

352 4886 737 4953 χρηστότητα
756 4883 855 4937 καί
886 4881 1225 4952 ἀποτομίαν
1255 4881 1425 4945 Θεοῦ,
1459 4880 1548 4936 ἵνα
1572 4884 1667 4935 καὶ
1693 4882 1770 4953 τῷ
1794 4881 1944 4952 φόϐῳ

354 4970 451 5023 καὶ
468 4970 589 5032 ταῖς
618 4970 879 5041 χρησταῖς
906 4968 1118 5020 ἐλπίσιν
1148 4967 1428 5038 ἀναστήσῃ
1459 4965 1552 5019 τὸν
1582 4966 1932 5020 πεπτωκότα.

355 5045 509 5114 Εἶδες
542 5051 846 5121 ἀποτομίαν
896 5050 1068 5115 Θεοῦ;
1113 5050 1211 5103 Ὶδὲ
1242 5051 1337 5102 καὶ
1374 5048 1741 5121 χρηστότητα.
1789 5046 1941 5122 [156]

355 5135 481 5200 Πῶς
494 5130 588 5189 οὖν
612 5134 852 5206 ὀψόμεθα
872 5136 973 5205 τὴν
988 5134 1369 5206 χρηστότητα;
1391 5134 1491 5187 “Av
1515 5132 1777 5206 μάθωμεν
1799 5133 1945 5197 τίνος

414 5325 442 5353 ⁸
467 5322 672 5384 Aliquot
699 5333 818 5372 mss.
841 5320 939 5378 τοῖς
960 5321 1205 5384 πτώμασι.

414 5384 444 5426 δ
488 5381 617 5436 Ἀντί
656 5385 837 5447 δημίων
873 5381 1190 5447 ἐπὶ-κεφαλῆς,
1226 5384 1308 5447 ,8ίο
1329 5383 1525 5445 quidam
1548 5394 1696 5447 11389.5
1722 5381 1950 5447 Erasmus

349 5450 551 5498 videtur
578 5442 766 5511 legisse
778 5447 889 5511 ἀντί
921 5442 1131 5511 δημίου,
1150 5442 1235 5511 qui
1261 5442 1702 5511 veriit,_car_niﬁci8
1724 5444 1846 5511 10cc,
1872 5446 1949 5497 ln-

351 5514 422 5560 lra
447 5523 592 5571 unus.
614 5507 745 5560 téste
768 5508 971 5571 Saviliu,
987 5507 1167 5564 ’παντὸς
1206 5509 1371 5558 λοιπὸν
1404 5508 1708 5570 εὐαγέστερος
1742 5507 1801 5568 ἦν
1826 5509 1948 5558 ἀκά-

348 5570 652 5707 ῗετῗέεέῖἷῖε
693 5632 1017 5707 «δίφυιδριιι
1054 5632 1222 5707 οτὲετί
1260 5631 1461 5707 eam
1504 5636 1684 5707 mser
1712 5632 1946 5707 ερρίρεπε

349 5693 599 5759 Croshayil
643 5696 819 5759 nostri.
856 5698 941 5759 qui
984 5708 1073 5758 pro
1097 5695 1173 5745 his
1196 5695 1360 5759 yet-bis
1387 5693 1662 5759 substituit,
1701 5694 1806 5742 ἀλλ’
1844 5698 1945 5759 ἀντ’

352 5757 672 5827 ἐπιτιμήσεως
707 5756 787 5807 διὰ
808 5756 893 5816 τῆς
932 5756 1104 5821 λέπρας
1144 5757 1241 5815 τοῖς
1284 5763 1429 5807 πᾶσιν
1469 5756 1762 5817 ἐπίγνωστον
1803 5756 1945 5806 αὑτὸν

350 5834 506 5930 πολεῖ
516 5838 607 5930 aus
624 5879 783 5944 μόνον.
809 5879 963 5951 Ρευὶο
985 5889 1096 5949 post
1120 5897 1245 5935 unus
1273 5883 1336 5939 εἰς
1353 5882 1623 5944 ἀπόγνωσιν
1647 5879 1938 5943 ἐκϐάλωμεν.

997 250 1057 307 S.
1104 246 1388 306 JOANNIS
1422 241 1915 304 CURYSOSTOIH
1952 238 2275 299 ARCHIEP.
2315 236 2866 300 CONSTANTINOP.

3534 229 3655 281 υἰέ

2039 358 2189 424 ἄξιος
2241 354 2312 432 ἦν
2362 361 2393 413 6
2431 358 2634 423 Ὀζίας.
2664 358 2842 412 Τίνων
2888 350 2982 409 οὖν
3023 352 3175 420 ἄξιος
3211 348 3311 426 ἧνς
3339 350 3498 422 Ἅμα
3530 344 3658 396 τῶν

2041 442 2213 513 προθύ
2220 460 2329 515 ρων
2358 441 2554 504 ἐπιϐἀς
2572 440 2682 496 τῶν
2708 438 2873 513 ἰερῶν
2901 436 3038 509 μετὰ
3053 435 3322 507 τοσαύτης
3338 436 3657 504 ἀναισχυν-

2041 526 2184 592 τίας,
2226 527 2438 598 μυρίων
2476 524 2771 597 σκηπτῶν,
2812 523 2909 578 καὶ
2947 522 3048 594 τῆς
3080 522 3314 592 ἐσχάτης
3350 519 3654 581 κολάσεως

2042 612 2141 666 καὶ
2179 612 2473 684 τιμωρίας.
2505 612 2569 666 Εἰ
2600 611 2710 680 γὰρ
2741 610 2791 663 οἰ
2829 607 3038 680 πρῶτοι
3062 606 3236 661 ταῦτα
3260 604 3653 676 τολμήσαντες

2040 693 2248 765 ταύτην
2274 695 2462 750 ἔδοσαν
2492 694 2594 766 τὴν
2624 693 2801 763 δίκην,
2831 693 2879 746 οἰ
2907 692 3036 761 περὶ
3056 688 3233 744 Δαθάν
3250 688 3344 742 καὶ
3361 686 3511 759 Κορὲ
3545 686 3652 739 καὶ

2056 776 2339 851 Ἀϐειρὼν,
2358 776 2537 849 πολλῷ
2562 776 2763 848 μᾶλλον
2776 774 2966 829 τοῦτον
2984 772 3130 826 οὑτω
3148 768 3477 834 κολάζεσθαι
3504 768 3646 825 εδει.

2042 860 2135 916 τὸν
2178 861 2313 932 μηδὲ
2354 864 2477 925 ταῖς
2533 861 2760 915 ἐκείνων
2811 855 3246 930 σωφρονισθέντα
3296 855 3647 925 συμφοραῖς.

2056 944 2196 997 Ἀλλ’
2222 944 2324 999 οὐκ
2358 944 2582 1014 ἐποίησε
2607 943 2763 998 τοῦτο
2781 943 2809 995 6
2842 941 2995 1006 Θεὸς,
3017 939 3154 994 ἀλλά
3186 936 3447 1010 πρότερον
3480 934 3651 1004 αὑτῷ

2042 1034 2236 1104 λόγους
2282 1038 2607 1108 προσήγαγε
2642 1047 2665 1076 ο
2703 1034 2905 1104 πολλῆς
2926 1030 3229 1094 ἐπιεικείας
3248 1029 3525 1101 γέμοντας
3553 1025 3652 1078 διὰ

2040 1119 2135 1172 τοῦ
2159 1119 2368 1190 ἱερέως.
2385 1119 2495 1173 Καὶ
2514 1117 2659 1189 άπερ
2681 1118 2711 1170 6
2731 1116 2966 1189 Χριστὸς
2986 1116 3293 1186 παρῄνεσεν
3320 1110 3653 1181 ἀνθρώποις

2042 1196 2237 1265 ποιεῖν’,
2268 1202 2396 1257 ὅταν
2431 1202 2512 1266 εἰς
2538 1200 2800 1272 ἀλλήλους
2825 1199 3180 1271 ἁμαρτάνωσι
3207 1196 3227 1236 ί
3237 1237 3252 1262 ,
3271 1195 3431 1249 τοῦτο
3447 1195 3483 1247 6
3502 1191 3653 1256 Θεὸς

2041 1285 2180 1356 πρὸς
2220 1284 2313 1338 τὸν
2360 1284 2646 1358 ἄνθρωπον
2690 1284 2966 1355 ἐποίησεν.
3005 1282 3193 1336 Ὅταν
3234 1280 3381 1351 γὰρ,
3428 1277 3646 1351 φησιν,

2040 1368 2271 1437 ἁμάρτῃ
2291 1370 2379 1433 εις
2405 1368 2482 1421 σὲ
2505 1367 2819 1436 όάδελφός
2846 1382 2985 1432 σου,
3002 1366 3216 1436 ὕπαγε,
3237 1361 3499 1434 ἔλεγξον
3528 1364 3651 1416 αὑ-

2039 1452 2148 1505 τὸν
2183 1451 2414 1521 μεταξὺ
2440 1450 2558 1506 σοῦ
2598 1450 2698 1505 καί
2728 1449 2917 1504 αὑτοῦ
2956 1451 3170 1520 μόνου.
3216 1446 3375 1503 Οὕτω
3412 1448 3518 1500 καὶ
3548 1445 3649 1499 τὸν

2042 1532 2264 1603 βασιλέα
2294 1534 2480 1588 τοῦτον
2512 1532 2738 1604 ήλεγξεν
2780 1533 2810 1585 6
2846 1532 3000 1595 Θεός.
3038 1531 3148 1586 Καὶ
3188 1533 3218 1585 ὁ
3264 1530 3365 1601 μέν
3395 1528 3649 1601 Χριστός

2040 1634 2203 1687 φησιν
2218 1634 2232 1648 ·
2264 1617 2398 1671 Ἐὰν
2406 1615 2495 1687 μὴ
2510 1617 2747 1685 ἀκούσῃ
2766 1630 2906 1679 σου,
2936 1616 3092 1670 ἔστω
3115 1629 3214 1669 σοι
3227 1614 3310 1678 ὡς
3330 1613 3364 1667 ό
3389 1611 3652 1677 ἐθνικὸς

2039 1700 2140 1754 καί
2168 1704 2202 1755 ό
2223 1699 2514 1767 τελώνης*
2540 1700 2569 1752 6
2596 1699 2654 1755 66
2676 1699 2809 1763 Θεὸς
2839 1698 3223 1769 φιλανθρωπίᾳ
3245 1698 3373 1760 τοὺς
3390 1695 3648 1760 οἰκείους

2040 1784 2382 1858 ὑπερϐαίνων
2412 1784 2632 1855 νόμους,
2665 1784 2788 1837 0666
2811 1782 2984 1847 οὑτως
3004 1782 3165 1839 αὑτὸν
3197 1780 3468 1849 ἐξέκοψεν,
3494 1777 3650 1835 ἁλλά

2040 1869 2467 1941 παρακούσαντα
2514 1869 2612 1922 καὶ
2654 1869 3109 1939 ἀγανακτήσαντα
3154 1867 3256 1920 οὑκ
3301 1864 3646 1937 ἀπέρριψεν,

2040 1956 2177 2009 ἀλλὰ
2212 1954 2375 2010 πάλιν
2400 1953 2705 2026 προσίεται,
2732 1952 2828 2006 καὶ
2857 1950 3103 2005 παιδεύει
3125 1950 3311 2022 τρόπῳ
3339 1948 3648 2019 διόρθωσιν

2040 2038 2216 2109 ἔχοντι
2243 2037 2446 2109 μᾶλλον
2471 2036 2815 2108 ήτιμωρίαν.
2848 2035 2983 2090 υὺδὲ
3005 2034 3113 2106 γάρ
3152 2034 3393 2104 σκηπτὸν
3415 2033 3651 2104 ἀφῆκεν

2039 2122 2245 2177 ἁνωθεν
2264 2161 2280 2185 ,
2324 2121 2447 2174 0666
2486 2118 2786 2189 κατέφλεξε
2819 2118 2917 2191 τήν
2962 2119 3315 2189 ἀναίσχυντον
3346 2117 3645 2190 κεφαλήν,

2039 2206 2176 2260 ἀλλά
2201 2207 2269 2277 τῇ
2294 2203 2471 2276 λέπρᾳ
2501 2204 2662 2275 μόνον
2707 2203 3016 2257 ἐπαίδευσε.
3069 2204 3180 2256 Καὶ
3221 2202 3290 2255 τά
3330 2202 3430 2273 μὲν
3481 2202 3645 2256 κατά

2039 2288 2131 2342 τὸν
2180 2287 2358 2352 Ὀζίαν
2397 2286 2649 2340 τοιαῦτα·
2688 2284 2800 2354 ἐγὼ
2838 2286 2896 2339 66
2931 2285 2990 2339 ἐν
3027 2284 3110 2338 ἔτι
3162 2285 3322 2356 μόνον
3371 2284 3648 2356 προσθεὶς

2039 2370 2380 2426 καταπαύσω
2409 2369 2501 2423 τὸν
2524 2369 2702 2439 λόγον.
2745 2369 2811 2423 Τί
2851 2368 2909 2424 δὲ
2937 2368 3095 2422 τοῦτό
3134 2370 3317 2434 ἐστιν;
3363 2369 3430 2420 Ὃ
3460 2368 3645 2422 πάλαι

2039 2455 2134 2508 καὶ
2156 2453 2216 2519 ἐξ
2239 2453 2415 2526 ἀρχῆς
2446 2452 2793 2525 ἐζητήσαμεν
2812 2469 2835 2513 ο,
2869 2452 3014 2517 τίνος
3056 2452 3245 2506 ἐνεκεν
3292 2453 3352 2506 ἐν
3375 2454 3486 2515 τοῖς
3528 2451 3647 2518 ἐξω

2040 2537 2351 2607 πράγμασι,
2380 2536 2476 2590 καλ¹
2503 2537 2561 2590 ἐν
2587 2539 2708 2600 ταῖς
2727 2534 3109 2607 προφητείαις,
3144 2535 3399 2590 ἁπάντων
3439 2534 3648 2589 εἰωθό-

2038 2639 2149 2677 των
2178 2622 2280 2693 τῆς
2307 2621 2455 2693 ζωῆς
2476 2621 2586 2674 τῶν
2616 2619 2878 2692 βασιλέων
2910 2620 3038 2682 τοὺς
3069 2620 3299 2690 χρόνους
3330 2619 3644 2690 ἐπισημαί-

2040 2703 2249 2768 νεσθαι,
2280 2694 2436 2767 οὗτος
2468 2702 2626 2757 τοῦτο
2670 2705 2850 2773 ἀφεὶς,
2888 2701 2981 2755 τοῦ
3010 2703 3205 2773 χρόνου
3240 2702 3339 2774 τῆς
3368 2700 3644 2775 τελευτῆς

2044 2787 2316 2860 μέμνηται
2341 2786 2436 2841 τοῦ
2462 2786 2660 2852 Ὀζίου,
2690 2787 2888 2841 ούτωσὶ
2902 2785 3076 2854 λέγων
3093 2802 3107 2816 ·
3136 2786 3245 2841 Καὶ
3266 2785 3506 2855 ἐγένετο
3525 2790 3645 2841 τοῦ

2038 2871 2339 2935 ἐνιαυτοῦ,
2370 2866 2442 2927 οὗ
2469 2870 2772 2927 ἀπέθανεν
2813 2868 2995 2937 Ὀζίας
3020 2873 3055 2925 ό
3080 2871 3401 2937 βασιλεὺς.
3432 2870 3644 2925 Καίτοι

2038 2973 2106 3025 γε
2143 2956 2272 3026 ἐνῆν
2300 2955 2394 3010 τὸν
2435 2955 2532 3009 τοῦ
2578 2954 2955 3026 βασιλεύοντος
2980 2954 3174 3026 χρόνον
3200 2955 3397 3017 εἰπεῖν,
3438 2953 3599 3008 ὥσπε
3610 2973 3646 3028 ρ

2039 3041 2159 3103 ἔθος
2179 3038 2350 3094 ἁπασι
2371 3040 2482 3103 τοῖς
2500 3040 2808 3110 προφήταις
2831 3034 2922 3109 ἦν·
2939 3037 3055 3091 ἀλλ’
3082 3038 3182 3091 ούκ
3202 3037 3426 3109 ἐποίησε
3449 3037 3639 3095 τοῦτο.

2039 3124 2196 3189 Τίνος
2222 3119 2316 3178 οὖν
2338 3122 2526 3177 ἕνεκεν
2542 3123 2643 3176 οὐκ
2681 3122 2937 3190 ἐποίησες
2970 3121 3154 3192 Νόμος
3187 3116 3257 3192 ἧν
3285 3120 3514 3184 παλαιὸς
3544 3122 3647 3175 τὸν

2039 3208 2240 3282 λεπρὸν
2265 3210 2368 3281 τῆς
2402 3208 2612 3271 πόλεως
2639 3205 3046 3273 ἐξελαύνεσθαι,
3098 3206 3240 3260 ὥστε
3275 3207 3528 3270 καὶτοὺς
3577 3208 3644 3260 ἐν

2039 3296 2108 3365 τῇ
2137 3293 2294 3347 πόλει
2324 3292 2565 3364 βελτίους
2592 3290 2870 3361 γενέσθαι,
2893 3292 2991 3346 καὶ
3013 3290 3177 3345 αὑτὸν
3214 3290 3289 3363 μὴ
3306 3291 3642 3363 προκεῖσθαι

2039 3379 2152 3440 τοῖς
2180 3374 2527 3446 βουλομένοις
2558 3373 2805 3444 ὑϐρίζειν
2833 3374 3184 3446 σκωμμάτων
3206 3375 3301 3428 καὶ
3336 3374 3644 3446 χλευασίας

2040 3458 2318 3531 ἀφορμὴν,
2378 3454 2493 3512 ἀλλ’
2547 3457 2652 3524 ἔξω
2707 3460 2809 3527 τῆς
2870 3457 3077 3522 πόλεως
3142 3457 3391 3528 μένοντα,
3449 3475 3645 3527 παρα-

2041 3543 2300 3613 πέτασμα
2348 3544 2446 3614 τῆς
2506 3544 2792 3613 συμφορᾶς
2833 3541 2977 3613 ἔχειν
3015 3544 3115 3613 τὴν
3158 3543 3414 3614 ἐρημίαν.
3460 3542 3649 3597 Τοῦτο

2041 3629 2138 3681 καὶ
2174 3627 2264 3680 τὸν
2305 3624 2531 3697 βασιλέα
2566 3624 2756 3679 τοῦτον
2799 3624 3094 3696 ὑπομένειν
3147 3626 3314 3697 ἐχρῆν
3354 3624 3494 3696 μετά
3535 3627 3647 3699 τὴν

2041 3708 2247 3781 λέπραν
2278 3727 2293 3742 ·
2316 3708 2431 3765 ἀλλ’
2460 3708 2559 3778 οὑχ
2602 3708 2882 3779 ὑπέμεινε,
2914 3708 3023 3763 τῶν
3048 3711 3106 3763 ἐν
3131 3713 3197 3781 τῇ
3232 3708 3386 3763 πόλει
3414 3710 3505 3764 διά
3533 3713 3646 3782 τὴν

2042 3793 2219 3865 ἀρχὴν
2250 3794 2415 3847 αὑτὸν
2464 3791 2840 3855 αἰδεσθέντων,
2895 3792 3011 3845 ἀλλ’
3065 3794 3258 3864 ἔμενεν
3286 3794 3344 3846 ἐν
3369 3793 3448 3865 τῷ
3496 3794 3642 3865 οῖκῳ

2043 3876 2208 3929 αὑτοῦ
2228 3877 2498 3948 κρυφίως.
2527 3874 2699 3929 Τοῦτο
2728 3874 3015 3947 παρώξυνε
3049 3876 3140 3930 τὸν
3163 3876 3317 3939 Θεὸν,
3341 3875 3502 3929 τοῦτο
3531 3881 3643 3948 τὴν

2044 3960 2383 4033 προφητείαν
2412 3959 2659 4014 ἐκώλυσε
2681 3977 2694 3990 ·
2738 3961 2832 4013 καὶ
2854 3961 2991 4031 ὅπερ
3022 3961 3114 4013 ἐπὶ
3141 3959 3234 4014 τοῦ
3280 3960 3398 4014 Ἠλὶ
3418 3960 3642 4029 γέγονε,

2054 4044 2248 4114 Ῥῆμα
2266 4047 2461 4115 τίμιον
2474 4039 2573 4113 ἦν,
2590 4042 2689 4097 καί
2704 4044 2818 4098 οὐκ
2831 4040 2910 4114 ἦν
2924 4043 3135 4111 ὅρασις
3155 4043 3640 4102 διαστέλλουσα.

2044 4128 2119 4182 Σὺ
2147 4128 2205 4183 δέ
2239 4145 2332 4200 μοι
2372 4127 2468 4182 καὶ
2509 4127 2746 4182 ἐνταῦθα
2788 4128 2981 4181 σκόπει
3012 4127 3106 4181 τοῦ
3134 4126 3272 4182 Θεοῦ
3303 4127 3404 4199 τὴν
3441 4130 3645 4198 φιλαν-

2047 4212 2314 4284 θρωπίαν.
2339 4212 2414 4267 Οὑ
2442 4210 2550 4283 γὰρ
2576 4209 2843 4281 ἀνέτρεψε
2870 4210 2971 4282 τήν
3024 4210 3199 4278 πόλιν,
3233 4211 3355 4264 0666
3384 4210 3643 4267 ἀπώλεσε

2045 4297 2173 4360 τοὺς
2208 4294 2550 4359 ἐνοικοῦντας
2569 4309 2585 4325 ·
2625 4294 2739 4348 ἀλλ’
2768 4295 2907 4364 ὅπερ
2934 4294 3079 4365 φίλοι
3111 4293 3324 4349 ποιοῦσι
3350 4294 3486 4365 πρὸς
3508 4299 3646 4362 τοὺς

2046 4380 2345 4451 ὁμοτίμους
2363 4379 2471 4432 τῶν
2498 4378 2687 4448 φίλων,
2710 4378 2929 4432 ἐπειδάν
2956 4378 3121 4449 ἔχωσί
3144 4396 3197 4433 τι
3231 4378 3440 4433 δίκαιον
3468 4381 3641 4449 ἐγκαο

2048 4463 2182 4529 λεῖν,
2222 4466 2281 4518 ἐν
2323 4463 2749 4534 παρασιωπήσει
2784 4463 3038 4534 μένοντες
3058 4479 3071 4492 ο
3121 4462 3282 4516 τοῦτο
3311 4465 3405 4517 καὶ
3432 4465 3461 4517 6
3499 4465 3644 4530 Θεὸς

2049 4547 2188 4619 πρὸς
2205 4546 2268 4599 τὸ
2291 4545 2440 4610 ἔθνος
2454 4546 2679 4617 ἐποίησε
2716 4547 2962 4619 μείζονος
2987 4547 3046 4600 ὂν
3074 4546 3225 4612 ἀξιον
3251 4548 3523 4614 κολάσεως
3545 4552 3647 4607 καὶ

2050 4633 2338 4704 τιμωρίας.
2367 4630 2518 4703 [157]
2557 4630 2701 4701 Ἐγὼ
2729 4633 2829 4703 μὲν
2851 4632 2960 4705 γάρ
2986 4631 3239 4697 ἐξέϐαλον
3269 4633 3451 4697 αὑτὸν,
3478 4637 3642 4705 φησὶ,

2049 4715 2146 4770 τοῦ
2169 4715 2338 4786 ἰεροῦ,
2368 4717 2527 4786 ὑμεῖς
2552 4715 2610 4769 66
2641 4717 2763 4770 οὐδὲ
2778 4717 2878 4788 τῆς
2901 4715 3107 4781 πόλεως
3124 4732 3139 4746 ·
3158 4717 3269 4786 ἐγὼ
3291 4718 3460 4789 δήσας
3476 4721 3648 4773 αὑτὸν

2050 4799 2143 4856 διὰ
2176 4800 2278 4871 τῆς
2305 4800 2532 4871 λέπρας,
2568 4800 2785 4870 ἰδιώτην
2834 4799 3129 4872 παρέδωκα
3156 4840 3171 4863 ,
3218 4801 3376 4872 ὑμεῖς
3426 4802 3480 4856 δέ
3515 4805 3644 4857 οὑδέ

2053 4883 2199 4938 οὕτω
2212 4901 2279 4937 πε
2288 4883 2621 4955 ριεγένεσθε,
2643 4883 2780 4938 ἀλλά
2799 4883 2891 4937 τὸν
2914 4884 3005 4936 ὑπ’
3022 4883 3158 4953 ἐμοῦ
3175 4885 3647 4939 καταδικασθέντα

2055 4970 2155 5022 οὑκ
2200 4967 2459 5038 ήνέχεσθε
2486 4969 2587 5039 τῆς
2632 4967 2839 5031 πόλεως
2869 4967 3138 5022 ἐκϐαλεῖν.
3182 4969 3373 5022 Καίτοι
3404 4972 3554 5032 ποῖος
3576 4970 3648 5022 ἂν

2052 5051 2212 5105 τοῦτο
2241 5050 2500 5121 βασιλεὺς
2539 5052 2727 5124 πράως
2757 5052 3009 5121 ήνεγκεν,
3046 5051 3159 5105 ἀλλ’
3193 5052 3294 5106 οὑκ
3319 5052 3385 5105 ἂν
3431 5054 3495 5106 ἐκ
3545 5052 3646 5122 βά-

2056 5138 2201 5209 θρων
2250 5136 2349 5207 τὴν
2406 5135 2561 5191 πόλιν
2611 5133 2914 5205 ἀνέτρεψε,
2963 5136 3055 5189 τὸν
3093 5136 3175 5200 εἰς
3212 5136 3310 5207 τὴν
3344 5138 3647 5209 ὑπερορίαν

2060 5220 2468 5294 μετοικισθῆναι
2502 5218 2889 5286 κελευσθέντα,
2922 5220 3331 5290 ἐνδιατρίϐοντα
3363 5224 3430 5293 τῇ
3484 5224 3645 5277 πόλει

2054 5305 2231 5378 ὁρῶνς
2260 5304 2374 5357 ἀλλ’
2421 5304 2520 5373 οὑχ
2542 5304 2571 5355 ό
2597 5302 2729 5366 Θεὸς
2758 5303 2918 5358 τοῦτο
2949 5305 3202 5377 ἐποίησε⁸
3227 5306 3359 5370 Θεὸς
3396 5308 3505 5379 γάρ
3551 5304 3640 5380 ἦν,

2056 5392 2151 5446 καὶ
2182 5388 2283 5443 ούκ
2306 5387 2613 5460 ἄνθρωπος.
2655 5388 2875 5459 Ἐπειδὴ
2910 5389 2969 5443 66
3016 5389 3337 5462 ἐτελεύτησε
3360 5431 3377 5454 ,
3414 5396 3480 5463 τῇ
3525 5390 3642 5464 ζωῇ

2052 5473 2243 5527 τούτου
2265 5473 2362 5525 καὶ
2391 5471 2488 5543 τήν
2511 5470 2647 5542 πρὸς
2674 5470 2917 5535 ἐκείνους
2940 5472 3108 5544 ὀργὴν
3140 5475 3441 5542 συγκατέλυ
3452 5492 3528 5537 σε,
3548 5477 3646 5532 καὶ

2054 5559 2153 5627 τῆς
2176 5557 2512 5630 προφητείας
2560 5556 2658 5620 τάς
2689 5555 2861 5627 θύρας
2890 5555 3117 5627 ἀνέῳξε,
3165 5558 3262 5611 καὶ
3308 5559 3469 5613 πάλιν
3506 5560 3641 5629 πρὸς

2053 5642 2252 5706 αὐτοὺς
2267 5639 2561 5712 ἐπανῆλθε.
2587 5641 2660 5696 Σὺ
2676 5638 2816 5699 δὲέκ
2834 5639 2928 5695 τοῦ
2951 5639 3155 5711 τρόπου
3178 5644 3278 5713 τῆς
3299 5642 3644 5717 καταλλαγῆς

2113 5836 2138 5883 9
2158 5820 2297 5873 Unus
2316 5821 2535 5883 ἐπήγαγε.

2002 5957 2026 5965 ἢ
2060 5956 2063 5957 ν
2116 5881 2137 5922 ί
2167 5884 2369 5946 Quidam
2392 5880 2503 5932 mss.
2531 5881 2799 5943 ἁμάρτωσι,
2826 5888 2877 5933 et
2904 5883 3050 5946 paulo
3071 5887 3182 5945 post
3203 5880 3472 5945 ἁμαρτήσῃ.
