3696 6278
73 280 121 335 lii
1026 261 1092 319 IN
1128 256 1355 323 ILLUD,
1396 254 1532 312 VIDI

1026 261 1092 319 IN
1128 256 1355 323 ILLUD,
1396 254 1535 312 VIDI
1574 250 1905 318 DOMINUM,
1946 251 2174 311 IIOSIIL.
2219 252 2280 309 Υ.

68 407 127 459 an
151 396 339 469 gratias
377 407 546 466 agere
573 408 587 447 :
614 382 753 453 'ille,
794 383 996 456 inquit,
1036 379 1339 450 indignatus
1374 382 1493 445 est,
1521 379 1581 431 et

69 498 173 549 uinus
187 488 430 545 reddidit
449 485 716 541 acerbius.
732 481 915 550 Neque
933 476 1075 533 enim
1097 471 1318 544 perinde
1336 469 1474 525 mala
1495 480 1585 524 res

65 600 104 643 at
126 592 374 656 {uenatum
394 623 410 643 ,
455 588 618 647 atque
644 582 766 647 post
802 578 1077 643 peceatum
1114 560 1459 635 impudentia.
1490 560 1587 614 At-

64 653 189 749 quiiion
214 674 418 730 eodem
445 670 609 726 modo
631 666 793 722 David
809 705 826 731 ,
848 662 941 718 sed
967 654 1276 749 quomodo?
1296 653 1584 749 Postquam

64 742 78 823 i
88 770 227 825 Nullan
250 767 543 821 incusatus
561 767 705 815 esset
723 756 793 812 de
812 753 1099 817 Bersabee,
1119 745 1335 805 Peccavi
1352 786 1368 813 ,
1390 742 1582 814 inquit,

65 865 193 919 Domino
225 859 319 931 (2.
356 857 491 927 Reg.
528 853 614 909 12.
647 852 718 907 15
750 847 793 920 ).

98 960 128 1012 ὅ.
159 928 373 1007 Peccata
388 953 653 1020 justorum
679 944 865 999 cedunt
883 941 937 994 in
964 938 1169 992 bonum.
1196 928 1465 986 —Vidisti
1492 941 1587 983 cor

65 1050 259 1105 nutritum
270 1043 299 1098 2
323 1041 513 1097 vidisti
529 1038 851 1096 submissam
869 1032 1102 1089 animam
1118 1030 1142 1085 ?
1156 1026 1329 1083 vidisti
1352 1023 1584 1080 utetiam

70 1146 169 1209 ipsis
190 1145 516 1192 sanctorum
546 1132 654 1187 sint
676 1126 911 1199 egregii?
936 1118 1393 1193 Quemadmodum
1442 1114 1587 1172 enim

67 1232 233 1301 probra
277 1240 522 1296 corpora
563 1224 724 1278 etiam
764 1221 820 1276 in
848 1217 1068 1273 adversa
1096 1211 1396 1269 valetudine
1421 1209 1589 1264 multa

68 1327 149 1382 mitis
178 1321 369 1375 furtiue
416 1316 643 1387 vestigia
692 1310 1021 1369 ostendunt:
1052 1308 1132 1362 sic
1183 1314 1240 1360 et
1278 1311 1587 1359 sanctorum

62 1422 176 1472 uina:
210 1415 263 1468 in
311 1411 456 1480 ipsis
489 1410 653 1465 etiam
680 1405 874 1463 erratis
897 1417 1011 1458 sua:
1053 1398 1264 1454 virtutis
1300 1397 1447 1466 signa
1479 1408 1592 1463 pne

64 1508 259 1563 scierunt.
300 1503 377 1558 Et
405 1511 590 1556 tamen
618 1499 706 1553 ille
735 1497 788 1552 in
817 1494 991 1550 media
1016 1492 1160 1562 regia
1186 1488 1536 1544 accusabatur
1559 1499 1590 1539 a

62 1599 237 1666 propheta
262 1593 464 1647 multis
496 1589 886 1663 prresentibus;
914 1585 1002 1639 hic
1022 1596 1152 1638 vero
1175 1582 1317 1635 intus
1346 1579 1398 1633 in
1420 1576 1593 1647 adytis

64 1690 149 1743 nullo
168 1696 297 1741 teste
331 1684 663 1752 redargutus
687 1687 803 1744 est;
829 1689 1015 1731 verum
1044 1688 1114 1729 ne
1133 1672 1212 1726 sic
1238 1669 1452 1741 quidem
1474 1666 1596 1722 tulit

57 1780 438 1850 impationem.
496 1774 633 1843 Quid
676 1770 879 1843 igitur?
922 1765 1230 1823 insanabilis
1268 1758 1595 1833 permansit?

57 1878 353 1945 tamquam,
390 1880 620 1941 propter
661 1865 754 1921 Dei
796 1862 1137 1919 clementiam
1173 1875 1187 1912 :
1217 1855 1312 1913 sed
1341 1852 1599 1924 quemad-

57 1968 206 2022 modum
226 1964 297 2020 de
330 1964 729 2028 lunatico,cum
757 1954 1001 2025 discipuli
1020 1967 1128 2007 non
1142 1951 1383 2013 valerent
1401 1946 1599 2017 ejicere

58 2060 309 2113 drmonium
339 2098 356 2122 ,
394 2056 533 2109 dicit
559 2052 805 2108 Christus
833 2066 849 2103 :
881 2047 1131 2103 Adducite
1165 2043 1291 2098 mihi
1335 2052 1456 2093 eum
1500 2039 1600 2093 huc

56 2152 201 2219 grauia.
231 2151 320 2205 l7.
360 2147 459 2218 16)
486 2164 501 2200 :
530 2146 609 2200 sic
627 2153 683 2200 et
708 2142 814 2209 hic,
844 2155 965 2196 cum
992 2135 1247 2194 sacerdos
1282 2147 1390 2189 non
1423 2137 1604 2201 posset

55 2247 229 2299 antliam
252 2243 461 2315 quovis
506 2238 776 2296 dmmonio
806 2233 1124 2299 suaviorem,
1171 2242 1365 2299 nempe
1414 2237 1603 2296 pecca-

53 2348 137 2403 lim,
171 2338 393 2407 ejicere,
444 2335 565 2403 ipse
609 2333 747 2387 Deus
775 2328 1110 2384 laborantem
1152 2321 1478 2395 aggreditur.
1537 2319 1605 2375 Et

56 2434 137 2497 quid
153 2432 298 2485 facit?
337 2431 575 2499 Leprnin
605 2422 841 2480 immittit
869 2420 1027 2476 fronti
1058 2416 1243 2487 ipsius.
1261 2412 1479 2468 Factum
1505 2420 1600 2478 est,

57 2526 167 2595 malit
189 2566 203 2589 ,
247 2540 371 2577 cum
402 2521 497 2576 ille
527 2520 803 2573 minaretur
830 2512 1080 2569 sacerdoti
1104 2551 1119 2575 ,
1148 2510 1290 2581 lepra
1316 2505 1527 2578 emeruit
1552 2503 1606 2558 in

58 2620 285 2689 frmieejus
316 2616 407 2688 (2.
436 2610 623 2669 Paral.
652 2610 743 2665 26.
776 2608 895 2679 l9),
920 2607 1139 2677 jamque
1165 2601 1366 2667 exibat,
1396 2598 1532 2654 sicut
1570 2596 1606 2652 ii

62 2714 113 2778 is;
131 2711 179 2761 ad
207 2715 451 2763 mortem
483 2702 820 2759 abducuntur
845 2699 1024 2753 funem
1055 2710 1149 2750 ore
1168 2700 1439 2765 gestantes
1452 2689 1607 2745 dam-

60 2802 227 2855 athenis
276 2800 509 2869 signum
536 2836 552 2859 ,
603 2794 683 2849 sic
726 2800 781 2848 et
829 2790 921 2845 ille
953 2785 1257 2859 ignominia:
1299 2783 1508 2853 signum
1553 2780 1608 2836 in

66 2894 178 2947 irate
198 2902 449 2963 gestans,
496 2903 602 2943 non
633 2884 975 2942 carniﬁcibus
1018 2882 1191 2952 ipsum
1236 2875 1607 2941 trahentibus,

62 2986 114 3037 ad
149 2986 286 3055 lepra
320 2984 453 3038 loco
484 2978 753 3036 carniﬁcis
798 2975 971 3046 ipsum
1022 2970 1349 3043 prmcipitem
1394 2975 1607 3037 agente.

67 3078 279 3146 [veressus
321 3085 393 3132 ut
434 3072 798 3131 sacerdotium
828 3075 1151 3139 usurparet,
1178 3064 1342 3121 etiam
1385 3074 1610 3133 regnum

60 3170 233 3235 tau-didit
264 3185 280 3222 :
314 3168 604 3237 ingressus
629 3172 711 3219 est
738 3170 797 3216 ut
837 3160 988 3215 ﬁeret
1013 3155 1371 3214 venerabilior
1393 3194 1408 3217 ,
1438 3165 1493 3208 et
1531 3151 1613 3206 fa-

58 3275 131 3313 cs
166 3271 245 3315 est
290 3255 708 3317 exsecrabilior.
734 3252 863 3308 Nam
910 3265 1031 3306 cum
1082 3246 1388 3303 immundus
1436 3252 1611 3309 esset,

53 3355 192 3419 saevis
218 3352 458 3407 homine
482 3348 693 3418 privato
718 3343 942 3416 posthac
962 3341 1116 3397 vilior
1138 3341 1153 3372 ⁸
1182 3346 1317 3395 erat.
1351 3336 1501 3392 Adeo
1527 3349 1616 3389 res

54 3459 107 3498 si
125 3447 243 3500 mla
274 3460 394 3500 non
422 3456 647 3498 manere
673 3440 810 3493 intra
838 3435 971 3490 ﬁnes
994 3432 1150 3490 nobis
1175 3445 1205 3486 a
1232 3430 1342 3485 Deo
1373 3426 1618 3498 prtescri-

48 3553 149 3605 nhs,
188 3541 307 3596 sive
337 3536 576 3593 honoris
614 3535 728 3590 sive
755 3528 1077 3603 cognitionis
1103 3541 1192 3581 res
1218 3523 1398 3580 fuerit.
1428 3521 1617 3576 Nonne

49 3636 157 3689 vdes
182 3635 286 3690 hoc
316 3645 501 3698 mare,
534 3643 694 3699 quam
716 3633 804 3682 est
828 3623 902 3680 ob
929 3619 1234 3677 violentiam
1263 3613 1613 3679 intolerabile,

44 3729 213 3795 (ιε-ῖηὼ
247 3729 504 3795 insurgat
530 3718 821 3777 ﬂuctibus?
859 3718 1108 3789 Attamen
1140 3722 1484 3785 posteaquam
1520 3720 1619 3762 ve-

49 3822 287 3874 hementer
314 3814 645 3879 insurrexit,
674 3810 951 3879 multoque
976 3821 1096 3863 eum
1128 3813 1337 3859 tumore
1362 3813 1617 3873 progres-

45 3924 127 3963 su
146 3920 249 3975 est,
286 3908 393 3962 ubi
423 3908 639 3961 venerit
655 3902 723 3957 ad
754 3900 1038 3957 terminum
1064 3894 1163 3966 ipsi
1188 3909 1219 3948 a
1243 3894 1354 3949 Deo
1377 3889 1623 3962 praescri-

176 4042 193 4067 ,
225 3998 497 4054 ﬂuctibus
538 3996 589 4050 in
630 4007 874 4065 spumam
905 3988 1093 4045 solutis
1120 3988 1172 4042 in
1198 3999 1323 4040 sese
1349 3982 1507 4038 redit.
1552 3980 1623 4036 Et

40 4105 179 4149 Limen
207 4093 351 4165 quid
382 4105 551 4147 arena
580 4086 753 4160 possit
789 4098 910 4141 esse
946 4078 1244 4137 inﬁrmius?
1273 4077 1468 4133 Verum
1511 4089 1620 4130 non

40 4190 101 4239 fila
122 4199 200 4243 est
224 4204 362 4257 quae
390 4182 646 4256 prohibet
665 4220 681 4246 ,
727 4178 822 4235 sed
863 4176 981 4246 ejus
998 4183 1175 4229 metus
1198 4169 1288 4242 qui
1333 4168 1620 4224 terminum

36 4283 195 4343 arcuit.
226 4278 403 4348 Quod
432 4275 477 4332 si
506 4275 612 4329 hoc
632 4270 938 4340 exemplum
967 4281 1071 4322 non
1094 4275 1146 4320 te
1170 4268 1385 4318 revocat
1412 4259 1481 4315 ad
1508 4273 1625 4313 mo-

38 4376 374 4438 iet-stionem,
409 4385 532 4441 quae
570 4366 715 4424 Ozize
754 4362 1063 4419 acciderunt
1100 4356 1349 4415 erudiant
1385 4362 1474 4421 te,
1503 4365 1624 4424 quae

36 4482 140 4522 πως
162 4482 193 4521 a
227 4466 411 4522 nobis
443 4461 588 4518 dicta
625 4466 771 4513 sunt.

90 4559 327 4613 Vindicta
344 4552 744 4610 mansuetudine
759 4554 1053 4617 temperata.
1071 4574 1144 4587 -—
1158 4541 1353 4598 Verum
1372 4537 1622 4610 quoniam

36 4652 133 4706 graia
167 4653 265 4708 Dei
301 4649 557 4704 vidimus
580 4643 903 4714 dignamque
930 4638 1208 4701 ultionem,
1233 4646 1332 4704 age
1356 4640 1410 4687 et
1436 4629 1627 4684 buma-

36 4750 216 4799 smem
259 4744 403 4813 ejus
428 4738 766 4805 multamque
788 4730 1093 4802 aequitatem
1121 4730 1623 4782 commonstremus.

36 4834 178 4906 Seque
204 4835 373 4891 enim
424 4845 489 4886 ea
533 4834 741 4883 tantum
770 4821 991 4879 dicenda
1020 4827 1163 4883 sunt,
1207 4830 1328 4888 quae
1357 4812 1629 4884 pertinent

36 4930 77 4979 ei
114 4930 273 4993 iram,
329 4936 535 4979 verum
580 4919 741 4975 etiam
773 4929 892 4986 qua:
920 4912 986 4967 ad
1015 4906 1479 4967 mansuetudinem
1506 4943 1521 4968 ,
1569 4909 1628 4956 ut

37 5034 167 5089 me
193 5022 252 5075 in
285 5012 750 5087 desperationem
768 5005 1117 5076 conjiciamus
1142 5000 1434 5061 auditores,
1453 5007 1628 5065 neque

38 5113 440 5169 amrdiam.
469 5107 564 5163 Sic
610 5104 755 5159 enim
801 5109 857 5155 et
902 5096 1099 5153 Paulus
1142 5092 1267 5149 facit
1292 5105 1361 5145 ex
1402 5098 1629 5157 utraque

44 5216 315 5275 Eceperitne
340 5195 784 5255 admonitionem
814 5228 832 5255 ,
863 5188 1006 5244 hunc
1035 5187 1089 5241 in
1116 5182 1334 5238 modum
1358 5181 1582 5248 loquens
1609 5188 1626 5230 :

148 5303 319 5369 igitur
353 5292 649 5349 bonitatem
670 5302 730 5340 ac
749 5283 1059 5338 severitatem
1083 5277 1175 5333 Dei
1197 5275 1372 5350 (Rom.
1408 5272 1490 5327 II.
1508 5269 1627 5341 2‘2);

48 5406 105 5459 9η
142 5364 317 5447 simul
353 5395 430 5443 et
459 5394 667 5439 terrore
710 5387 766 5435 et
807 5377 947 5432 bona
990 5388 1086 5445 spe
1130 5371 1328 5427 excitet
1372 5382 1493 5423 eum
1540 5364 1630 5435 qui

46 5455 169 5551 Erras
195 5495 317 5542 est.
363 5475 579 5535 Vidisti
608 5469 951 5529 severitatem
993 5461 1126 5519 Dei?
1154 5460 1277 5517 vide
1322 5466 1377 5514 et
1421 5455 1632 5511 bonita-

50 5582 133 5631 ei?
154 5571 482 5652 Quomodo
505 5569 672 5641 igitur
691 5560 990 5621 videbimus
1009 5552 1339 5614 bonitatem?
1362 5550 1417 5607 Si
1434 5563 1632 5619 cogno-

82 5776 89 5793 ι
114 5771 254 5823 ειη,
280 5762 457 5806 teste
479 5728 676 5808 savilio,
698 5744 848 5795 habet
875 5778 889 5805 ,
955 5736 1182 5804 fragilior
1210 5776 1225 5801 ,
1305 5743 1411 5795 pro,
1439 5727 1594 5783 rilfor.

3172 262 3273 317 131

1689 371 1925 429 verimus
1950 388 2051 444 qua
2078 390 2137 431 re
2152 375 2346 445 dignus
2371 373 2529 431 fuerit
2556 374 2729 432 Ozias.
2753 375 2956 445 Quibus
2975 373 3144 445 igitur
3162 388 3281 433 erat

1689 465 1908 537 dignus?
1922 466 1990 523 Ut
2018 468 2175 523 simul
2201 478 2361 540 atque
2388 471 2523 525 intra
2550 484 2761 528 sacrum
2789 476 3104 532 vestibulum
3132 487 3276 534 tanta

1690 572 1813 613 cum
1837 558 2164 631 impudentia
2191 560 2491 632 irrupisset,
2516 563 2660 618 mille
2684 563 3007 633 fulminibus,
3034 579 3280 627 extremo

1692 653 1953 722 supplicio
1976 655 2324 726 cruciatuque
2344 656 2666 713 afﬁceretur.
2694 658 2749 714 Si
2774 659 2915 714 enim
2944 660 3016 715 illi
3044 663 3133 731 qui
3162 662 3279 719 hmo

1692 744 1923 814 primum
1952 754 2078 801 sunt
2123 749 2277 812 ausi,
2318 748 2455 804 hanc
2484 751 2680 807 dedere
2728 767 2939 823 pinnam
2967 796 2983 822 ,
3033 758 3279 814 videlicet

1696 836 1923 904 Dathan,
1942 838 2080 895 Core
2105 849 2159 896 et
2179 841 2378 896 Abiron
2407 841 2593 913 (Nam.
2620 843 2732 915 Ib),
2756 846 2923 900 multo
2948 849 3116 919 magis
3138 848 3284 907 hunc

1693 930 1760 985 ad
1782 947 1905 987 eum
1927 933 2141 989 modum
2169 935 2341 1005 puniri
2366 938 2621 1006 oportuit,
2641 940 2729 1007 qui
2745 954 2811 995 ne
2835 939 3045 995 illorum
3065 942 3281 1012 quidem

1692 1024 2081 1081 calamitatibus
2110 1026 2268 1082 fuerit
2292 1028 2599 1099 castigatus.
2646 1031 2841 1086 Verum
2886 1031 2990 1089 hoc
3018 1050 3122 1089 non
3158 1033 3283 1089 fecit

1696 1115 1858 1185 Deus,
1873 1117 1965 1173 sed
1995 1119 2139 1188 prius
2164 1119 2238 1173 illi
2268 1134 2546 1176 sermones
2571 1121 2805 1178 admovit
2824 1138 2919 1191 per
2945 1124 3289 1181 sacerdotem

1697 1209 1862 1266 multa
1906 1211 2089 1280 plenos
2116 1210 2445 1268 humanitate
2482 1230 2497 1265 :
2529 1213 2775 1285 quodque
2801 1212 3044 1271 Christus
3084 1216 3281 1271 adhorv

1700 1312 1837 1359 tatus
1865 1314 1969 1369 est,
2016 1313 2076 1359 ut
2102 1305 2339 1361 facerent
2365 1305 2608 1361 homines
2634 1307 2843 1377 quoties
2884 1309 2937 1363 in
2967 1324 3028 1364 se
3058 1310 3283 1365 invicem

1697 1397 2053 1466 peccaverint,
2084 1397 2185 1453 hoc
2214 1397 2355 1453 Deus
2384 1398 2505 1454 fecit
2532 1414 2654 1469 erga
2686 1397 2975 1454 hominem.
3004 1399 3135 1455 Nam
3168 1404 3281 1457 ait:

1698 1486 1824 1544 Cum
1849 1490 2124 1561 peccaverit
2150 1491 2201 1543 in
2223 1501 2270 1543 te
2297 1494 2455 1561 frater
2479 1500 2612 1557 tuus,
2638 1492 2739 1557 abi,
2763 1509 2919 1563 argue
2942 1510 3053 1547 eum
3093 1495 3221 1548 inter
3240 1505 3288 1548 te

1699 1592 1749 1639 et
1772 1584 1938 1654 ipsum
1969 1584 2131 1639 solum
2162 1583 2373 1650 (Matth.
2416 1586 2502 1640 18.
2537 1583 2647 1657 15).
2694 1584 2786 1641 Sic
2829 1595 2883 1642 ct
2924 1602 3103 1658 regem
3148 1586 3290 1642 hunc

1701 1676 1970 1746 redarguit
1996 1677 2157 1733 Deus.
2188 1677 2255 1732 Et
2292 1676 2538 1733 Christus
2564 1678 2777 1749 quidem
2811 1679 2938 1734 dicit
2967 1698 2982 1734 :
3016 1680 3080 1736 Si
3115 1690 3161 1735 te
3186 1698 3289 1735 non

1704 1768 1922 1822 audierit
1948 1810 1963 1835 ,
1997 1770 2059 1823 sit
2086 1770 2173 1823 tibi
2200 1770 2332 1824 velut
2361 1770 2586 1825 etlmicus
2611 1781 2657 1825 et
2686 1770 2986 1843 publicanus
3031 1770 3191 1844 (Ibid.
3237 1790 3287 1829 ιν.

1708 1862 1795 1916 lli.
1829 1863 1919 1929 17)
1950 1878 1963 1914 :
1996 1870 2051 1916 at
2086 1862 2225 1916 Deus
2266 1862 2548 1917 clementia
2591 1863 2832 1933 proprias
2876 1865 3291 1935 supergrcdiens

1706 1954 1870 2025 leges,
1902 1969 1999 2009 nec
2024 1955 2101 2009 sic
2126 1952 2337 2025 quidem
2371 1954 2517 2009 illum
2549 1956 2811 2021 resecuit',
2858 1972 2955 2013 nec
2979 1958 3161 2014 audire
3188 1974 3291 2013 no-

1709 2046 1904 2100 lentem
1934 2044 2401 2116 indignantemque
2428 2044 2624 2116 dcjccit
2645 2088 2663 2112 ,
2709 2047 2804 2103 sed
2834 2048 3023 2104 iterum
3050 2049 3293 2119 aggredi-

1710 2146 1795 2191 tur
1843 2137 2172 2207 castigatque
2219 2136 2382 2193 modo
2418 2138 2807 2193 correctionem
2857 2138 3085 2194 habente
3117 2142 3295 2208 potius

1709 2245 1868 2300 quam
1900 2230 2177 2285 ultionem.
2207 2229 2394 2300 Neque
2418 2232 2561 2286 enim
2593 2230 2792 2287 fulmen
2817 2232 3045 2288 vibravit
3068 2250 3098 2289 c
3127 2235 3296 2290 snhli-

1711 2323 1803 2383 iui,
1833 2337 2009 2392 neque
2032 2320 2236 2377 exussit
2262 2321 2544 2391 impudens
2571 2331 2754 2392 caput,
2781 2323 2875 2379 sed
2910 2332 3113 2380 tantum
3148 2326 3292 2397 lepra

1710 2415 2005 2485 castigavit.
2037 2416 2211 2487 Atque
2242 2430 2301 2470 ca
2321 2414 2536 2486 quidem
2562 2431 2680 2487 qua:
2706 2414 2850 2472 Ozias
2869 2418 3197 2488 acciderunt,
3220 2421 3298 2476 sic

1715 2506 1912 2562 habent
1944 2525 1958 2562 :
1991 2522 2090 2579 ego
2114 2522 2243 2562 vero
2265 2507 2309 2563 si
2342 2523 2502 2563 unum
2530 2507 2779 2580 quiddam
2806 2510 2980 2567 adhuc
3004 2512 3295 2582 addidero,

1713 2600 1924 2656 dicendi
1966 2600 2123 2656 ﬁnem
2173 2600 2385 2657 faciam.
2438 2602 2575 2671 Quid
2621 2614 2799 2659 autem
2831 2603 2932 2661 hoc
2976 2607 3097 2662 est?
3146 2608 3299 2675 Quod

1717 2700 1921 2771 pridem
1938 2702 2005 2757 ab
2030 2701 2183 2758 initio
2202 2702 2591 2774 qumrebamus,
2611 2718 2709 2760 cur
2722 2719 2843 2760 cum
2862 2705 2913 2759 in
2940 2703 3098 2760 rebus
3130 2711 3303 2759 exter-

1717 2795 1799 2849 nis
1832 2792 1992 2864 inque
2019 2793 2348 2864 prophetiis,
2386 2810 2577 2851 omnes
2604 2795 2812 2851 soleant
2839 2794 3121 2868 designare
3165 2805 3302 2851 tem-

1718 2901 1846 2956 pora
1876 2886 1999 2941 vita:
2022 2901 2231 2957 regum,
2258 2886 2348 2942 hic
2375 2902 2441 2942 eo
2468 2888 2828 2956 praetermisso
2846 2928 2862 2953 ,
2893 2896 3103 2958 tempus
3129 2895 3306 2942 sumat

1718 2997 1826 3053 quo
1856 2989 2099 3037 mortuus
2125 2981 2194 3036 sit
2220 2978 2397 3046 Ozias,
2422 2979 2491 3034 ad
2520 2978 2661 3034 hunc
2684 2978 2910 3049 loquens
2938 2979 3153 3035 modum
3189 2998 3203 3034 :
3239 2979 3306 3033 Et

1719 3078 1911 3145 factum
1936 3082 2008 3128 est
2033 3089 2188 3140 anno,
2214 3087 2314 3144 quo
2342 3078 2574 3126 mortuus
2597 3079 2667 3126 est
2687 3069 2838 3126 Ozias
2863 3086 2954 3125 rea:
2978 3068 3132 3140 (lsai.
3152 3070 3204 3125 6.
3228 3071 3303 3140 1).

1722 3169 1789 3224 Ει
1816 3178 1990 3225 tamen
2024 3175 2232 3238 poterat
2262 3167 2401 3238 regis
2439 3173 2550 3221 tum
2592 3166 2862 3238 regnantis
2892 3175 3103 3239 tempus
3125 3170 3304 3239 expri-

1723 3275 1893 3329 mere,
1924 3258 2370 3332 quemadmodum
2401 3258 2648 3313 omnibus
2676 3257 2953 3329 prophetis
2992 3273 3109 3313 mos
3139 3268 3254 3315 erat
3287 3277 3303 3314 :

1720 3367 1907 3409 verum
1936 3351 1988 3407 id
2017 3366 2124 3409 non
2158 3351 2302 3408 iecit.
2332 3350 2501 3419 Quam
2535 3348 2608 3407 ob
2641 3364 2856 3405 causam
2903 3350 3062 3421 igitur
3090 3366 3196 3405 non
3231 3350 3307 3405 [υ-

1721 3448 1839 3503 cit?
1862 3446 1976 3502 Mos
1999 3454 2117 3502 erat
2141 3454 2294 3500 vetns
2322 3446 2593 3515 leprosum
2620 3459 2652 3500 e
2683 3442 2897 3500 civitate
2923 3443 3219 3514 expellere,
3252 3451 3308 3496 ut

1724 3549 1778 3596 et
1819 3539 1873 3595 hi
1903 3539 1993 3611 qui
2043 3540 2096 3593 in
2134 3539 2353 3594 civitate
2396 3538 2647 3594 vivebant
2688 3536 2882 3593 melius
2920 3536 3209 3603 haberent,
3255 3547 3311 3592 ct

1725 3634 1840 3705 ipse
1866 3632 2112 3703 lcprosus
2158 3648 2264 3687 non
2294 3641 2437 3688 esset
2464 3632 2527 3686 iis
2555 3630 2646 3702 qui
2692 3628 3066 3685 contumeliam
3113 3627 3312 3685 inferre

1724 3729 1923 3785 vellent
1949 3736 2301 3783 scommatum
2322 3741 2384 3781 ac
2403 3723 2689 3782 derisionis
2712 3724 2941 3787 occasio,
2959 3723 3052 3778 sed
3078 3731 3137 3776 ut
3159 3732 3311 3777 extra

1728 3822 1997 3876 civitatem
2027 3832 2389 3884 commorans,
2429 3816 2772 3871 solitudinem
2800 3814 2902 3869 veli
2931 3813 3051 3869 loco
3092 3811 3316 3868 haberet

1727 3911 2002 3967 obtentam
2031 3910 2292 3966 adversus
2314 3908 2560 3980 injuriam
2583 3907 2920 3963 calamitatis.
2940 3904 3117 3961 Hocct
3135 3921 3311 3975 regem

1731 4005 1875 4061 hunc
1902 4002 2108 4075 perpeti
2132 4001 2371 4074 oportuit
2404 4010 2526 4071 post
2550 4000 2790 4070 lepram;
2822 3997 2918 4054 scd
2948 4014 3055 4053 non
3096 4012 3313 4067 perpes-

1730 4114 1823 4154 sus
1849 4105 1950 4165 est,
1979 4096 2045 4151 iis
2070 4096 2163 4168 qui
2191 4095 2243 4151 in
2268 4094 2483 4150 civitate
2512 4101 2665 4147 erant
2693 4091 2837 4145 illum
2865 4090 2936 4147 ob
2958 4090 3316 4162 principatum

1731 4186 2132 4252 reverentibus,
2174 4200 2358 4241 verum
2389 4184 2639 4239 manebat
2681 4180 2826 4237 domi
2850 4197 2964 4239 sua:
2993 4180 3315 4237 clanculum.

1732 4282 1844 4338 iIoc
1873 4280 1939 4335 ad
1968 4277 2295 4335 iracundiam
2340 4275 2647 4348 provocavit
2691 4274 2880 4341 Deum,
2932 4271 3037 4329 hoc
3081 4273 3318 4343 prophe-

1734 4376 1860 4431 tiam
1902 4373 2132 4429 inhibuit
2169 4390 2183 4427 :
2226 4370 2476 4443 quodque
2519 4378 2761 4440 tempore
2803 4366 2918 4423 lleli
2958 4365 3155 4422 factum
3197 4374 3316 4429 est,

1742 4466 1961 4523 Verbum
1991 4465 2265 4537 pretiosum
2293 4471 2400 4518 erat
2423 4502 2439 4529 ,
2489 4476 2579 4516 nec
2603 4470 2708 4515 erat
2735 4459 2860 4514 visio
2887 4456 3200 4529 distinguens
3242 4454 3319 4527 (t.

1739 4558 1865 4631 Reg.
1894 4560 1948 4614 5.
1974 4559 2051 4629 1).
2099 4556 2178 4613 'l‘u
2202 4570 2331 4611 vero
2359 4554 2488 4610 mibi
2531 4552 2621 4609 hic
2668 4566 2881 4624 quoque
2918 4548 3199 4606 considera
3228 4548 3320 4605 Dei

1736 4651 2145 4708 humanitatem.
2195 4649 2309 4705 Non
2348 4648 2491 4705 enim
2520 4644 2780 4703 subvertit
2806 4644 3076 4699 civitatem
3098 4684 3114 4710 ,
3147 4658 3323 4713 neque

1737 4745 1970 4816 perdidit
2010 4742 2399 4807 inhabitantes;
2440 4738 2532 4794 sed
2573 4736 2715 4809 quod
2742 4734 2900 4789 amici
2949 4734 3151 4789 faciunt
3194 4747 3319 4803 erga

1736 4840 1969 4910 aequales
2002 4836 2224 4901 amicos,
2257 4831 2467 4905 quoties
2497 4829 2695 4884 habent
2719 4825 2917 4897 aliquid
2945 4825 3087 4895 quod
3131 4824 3323 4880 merito

1737 4931 2095 5004 expostulent,
2126 4927 2299 4983 obiter
2321 4924 2532 4981 silentio
2558 4920 2737 4978 ferunt
2758 4926 3133 4989 exspectantes
3157 4933 3173 4971 :
3222 4917 3323 4970 hnc

1739 5035 1794 5080 et
1824 5026 1962 5078 Deus
1990 5036 2116 5093 erga
2143 5031 2353 5091 gentem
2383 5016 2506 5071 facit
2536 5013 2740 5085 majore
2770 5025 2926 5083 paena
2953 5008 3325 5081 supplicioque

1738 5118 1977 5190 dignam.
2008 5113 2143 5170 Nam
2174 5126 2273 5183 ego
2301 5109 2535 5181 quidem,
2565 5106 2757 5178 inquit,
2789 5102 2924 5176 eieci
2951 5101 3100 5159 illum
3129 5116 3161 5157 e
3184 5110 3323 5154 tem-

1738 5214 1849 5284 plo,
1881 5224 1977 5265 vos
2003 5217 2182 5263 autem
2211 5220 2278 5260 ne
2305 5218 2337 5259 e
2360 5201 2575 5259 civitate
2598 5198 2814 5271 quidem
2849 5214 2865 5253 :
2891 5210 2994 5269 ego
3020 5194 3170 5252 illum
3208 5196 3323 5247 vin.

1739 5314 1884 5363 etum
1912 5302 2081 5373 lepra,
2132 5300 2202 5355 ita
2230 5298 2492 5368 privatum
2515 5291 2745 5361 reddidi,
2791 5304 2888 5347 vos
2915 5298 3093 5346 autem
3139 5304 3205 5342 ne
3250 5288 3327 5341 :ic

1741 5398 1956 5469 quidem
1982 5393 2270 5451 validiores
2298 5389 2544 5447 evasistis
2564 5429 2580 5456 ,
2609 5385 2705 5442 sed
2747 5400 2779 5440 a
2804 5398 2893 5439 me
2911 5381 3324 5439 condemnatum

1744 5511 1849 5550 non
1881 5488 2209 5548 sustinuistis
2251 5501 2285 5543 e
2310 5484 2527 5542 civitate
2572 5478 2893 5553 propellere.
2939 5474 3174 5534 Tametsi
3203 5474 3325 5544 quis

1740 5604 1837 5646 rex
1880 5586 2078 5641 factum
2110 5581 2215 5637 hoc
2245 5579 2509 5651 patienter
2537 5573 2745 5630 tulisset
2771 5612 2789 5639 ,
2838 5584 3013 5642 neque
3058 5566 3327 5623 civitatem

1744 5685 1983 5743 {tunditus
2007 5675 2380 5741 subvertisset,
2403 5683 2527 5728 cum
2559 5665 2767 5725 videret
2794 5680 2916 5723 cum
2937 5706 2951 5734 ,
2984 5662 3073 5737 qui
3102 5661 3153 5718 in
3180 5660 3325 5717 exsi-
