3696 6278
378 258 483 316 135

376 375 504 429 lium
546 370 625 425 ire
644 367 827 438 jussus
855 368 1029 423 esset,
1061 358 1114 412 in
1145 356 1361 413 civitate
1389 348 1748 408 commorari?
1777 346 1973 402 Verum

377 435 659 525 Deusvhoc
678 477 783 516 non
813 458 979 522 fecit;
1013 454 1154 510 Deus
1181 452 1325 507 enim
1346 454 1483 509 erat,
1518 459 1626 499 non
1658 442 1841 496 homo.
1870 435 1970 493 Ubi

378 575 508 617 vero
537 556 687 613 ﬁnita
710 563 793 609 est
814 554 970 620 hujus
988 548 1117 613 vita,
1140 542 1299 599 simul
1327 550 1383 597 et
1408 540 1541 594 iram
1566 536 1825 591 adversus
1851 531 1973 586 illos

379 649 669 720 deposuit,
698 640 1105 716 prophetiaeque
1150 636 1292 692 fores
1337 632 1565 702 aperuit,
1598 642 1662 685 ac
1686 638 1874 720 rursus
1901 623 1969 720 ad

379 715 476 800 eos
513 715 803 796 rediit.i'l‘u
832 748 965 789 vero
993 746 1059 787 ex
1096 722 1547 783 reconciliationis
1590 718 1751 774 modo
1795 715 1973 771 consi-

379 833 512 890 dera
542 831 633 885 Dei
665 824 1066 898 indulgentiam.
1099 819 1231 875 Nam
1261 817 1307 873 si
1331 815 1450 886 quis
1477 809 1794 882 expenderit
1808 807 1971 875 justi-

388 926 472 982 tia:
512 922 773 979 rationem
797 918 840 985 ί,
873 931 941 971 ne
985 924 1098 968 tum
1143 908 1358 981 quidem
1390 902 1727 962 reconciliari
1765 899 1971 955 debuit.

382 1018 551 1086 Quam
574 1013 644 1069 ob
666 1024 881 1067 causam
900 1008 924 1061 ?
941 1005 1073 1074 Quia
1103 1018 1211 1057 non
1240 1000 1450 1056 illorum
1473 1009 1635 1066 opera
1663 991 1868 1063 eiectus
1890 996 1979 1045 est

382 1084 560 1168 (lzias.
592 1104 778 1175 Neque
799 1101 941 1157 enim
973 1098 1045 1152 illi
1066 1102 1336 1166 arreptum
1364 1090 1673 1161 aliegerant,
1712 1084 1807 1141 sed
1830 1096 1975 1139 mors
2042 1152 2047 1158 Ι

385 1212 591 1259 natura:
620 1174 739 1268 lege
763 1190 1151 1264 superveniens
1177 1201 1301 1242 eum
1333 1192 1462 1239 tunc
1498 1196 1530 1236 e
1553 1180 1769 1235 civitate
1794 1174 1974 1245 eiecit.

386 1292 585 1349 Verum
608 1303 735 1358 erga
762 1300 861 1342 nos
893 1284 1034 1338 Deus
1064 1294 1169 1334 non
1216 1276 1552 1330 minimarum
1597 1284 1777 1326 rerum
1805 1278 1978 1335 usque

385 1385 522 1442 adeo
548 1357 809 1439 rationem
838 1376 1021 1438 habet,
1039 1371 1133 1427 sed
1157 1378 1361 1424 tantum
1389 1366 1493 1420 hoc
1517 1361 1729 1434 quierit,
1757 1357 1975 1414 modum

387 1491 512 1532 sese
559 1472 834 1529 nobiscum
878 1461 1279 1523 reconciliandi.
1309 1456 1539 1514 Proinde
1566 1469 1727 1524 super
1758 1452 1843 1507 his
1869 1465 1981 1506 om-

388 1568 545 1624 nibus
570 1563 769 1637 gratias
788 1571 1009 1631 agamus
1036 1555 1137 1617 illi,
1167 1551 1525 1622 glorilicemus
1555 1546 1697 1601 illius
1728 1540 1976 1599 inell'abi-

387 1660 495 1716 lem
533 1632 914 1726 bellignitatem
958 1666 972 1703 :
1013 1662 1114 1718 qua
1162 1659 1259 1698 nos
1311 1655 1499 1697 omnes
1552 1637 1744 1708 dignos
1793 1632 1979 1726 haberi

387 1725 685 1818 contingat,
716 1741 884 1815 gratia
914 1749 969 1794 et
1008 1732 1376 1793 misericordia
1408 1730 1666 1800 nnigeniti
1710 1726 1829 1782 Filii
1863 1725 1980 1794 ejus

390 1817 601 1897 Domini
630 1836 802 1892 nostri
840 1834 964 1888 Jesu
986 1829 1208 1895 Christi,
1238 1826 1454 1895 quicum
1482 1821 1624 1877 Patri
1652 1819 1842 1891 gloria,
1876 1817 1978 1871 bo-

395 1949 496 1991 nor
512 1941 567 1987 et
592 1930 874 2001 impcrimn
900 1968 916 1992 ,
939 1922 1098 1978 simul
1127 1935 1246 1975 cum
1272 1916 1474 1989 Spiritu
1502 1923 1688 1969 sancto
1707 1953 1724 1980 ,
1762 1925 1903 1967 nunc
1927 1917 1983 1966 et

388 2039 623 2095 semper,
651 2030 706 2077 et
736 2020 789 2075 in
818 2015 1014 2074 saecula
1044 2011 1387 2067 szcculorum.
1417 2007 1612 2062 Amen.

731 2150 1008 2211 IIOMILIA
1050 2146 1115 2203 ΙΝ
1152 2141 1516 2201 SEBAPHlM.
1548 2140 1635 2196 Vl.

465 2298 519 2353 ι.
550 2293 645 2349 Vix
689 2288 905 2345 tandem
947 2284 1091 2342 Ozias
1139 2282 1358 2354 pelagus
1400 2278 1605 2336 emensi
1648 2275 1984 2333 sumuszvix

391 2400 571 2446 autem
598 2397 782 2441 sumus
807 2379 1009 2436 emensi
1031 2418 1047 2438 .
1074 2392 1181 2432 non
1217 2383 1435 2445 propter
1462 2372 1668 2427 itineris
1692 2369 1984 2441 longitudi-

393 2498 514 2538 nem
538 2522 553 2545 ,
581 2478 675 2533 sed
716 2483 934 2547 propter
961 2462 1192 2527 vestram
1215 2510 1231 2535 ,
1261 2468 1350 2538 qui
1383 2466 1657 2522 nobiscum
1688 2463 1948 2534 navigalis
1967 2502 1983 2526 ,

392 2572 631 2631 discendi
672 2566 1035 2639 cupiditatem.
1068 2563 1142 2618 lta
1188 2560 1511 2631 gubernator
1535 2558 1696 2619 etiam
1743 2566 1987 2611 vectores

395 2675 583 2723 nactus
598 2661 839 2717 curiosos
860 2668 913 2712 ct
932 2654 1333 2726 magniﬁcarum
1356 2666 1535 2706 rerum
1561 2649 1767 2712 avidos,
1790 2649 1987 2718 quique

398 2755 706 2829 peregrinas
731 2751 910 2805 videre
936 2746 1169 2820 gestiunt
1195 2745 1459 2809 civitates,
1478 2758 1583 2797 non
1607 2756 1715 2795 uno
1738 2740 1825 2795 die
1846 2739 1987 2794 viam

396 2848 630 2912 eonlicit,
663 2844 787 2898 licet
813 2842 970 2895 unius
990 2838 1095 2893 diei
1127 2836 1288 2894 fuerit
1317 2835 1674 2900 intervallum,
1708 2832 1803 2889 sed
1833 2832 1989 2903 longe

398 2939 516 3010 plus
547 2935 801 3006 temporis
829 2942 1003 2987 terere
1025 2930 1260 2999 cogitur,
1284 2927 1412 2983 dum
1438 2925 1505 2981 ad
1537 2926 1773 2997 singulos
1808 2934 1990 2995 portus

399 3030 578 3085 navim
605 3026 845 3098 appellit,
875 3033 929 3079 et
958 3021 1191 3093 singulas
1217 3019 1423 3091 ingredi
1451 3018 1611 3074 urbes
1637 3018 1790 3083 sinit,
1818 3027 1876 3072 ut
1894 3031 1989 3072 eo-

398 3141 514 3179 rum
537 3121 625 3193 qui
646 3135 828 3175 secum
858 3117 1107 3187 navigant
1128 3114 1401 3185 cupiditati
1422 3113 1694 3185 quidpiam
1714 3112 1988 3182 largiatur.

402 3216 511 3270 Iloc
532 3230 560 3264 a
590 3211 744 3265 nobis
769 3224 979 3280 quoque
1010 3206 1203 3261 factum
1234 3216 1315 3260 est
1334 3247 1349 3271 ,
1381 3203 1508 3260 dum
1541 3221 1646 3260 non
1675 3204 1876 3260 circum
1906 3203 1991 3259 in-

398 3308 545 3363 sulas
600 3304 909 3373 navigamus
932 3342 948 3366 ,
997 3314 1097 3354 nec
1148 3298 1385 3369 emporia
1409 3339 1426 3366 ,
1463 3306 1649 3367 portus
1677 3338 1693 3364 ,
1726 3297 1994 3367 urbesque

401 3407 760 3455 monstramus
779 3434 794 3458 ,
828 3393 920 3448 sed
952 3393 1187 3446 virorum
1212 3430 1228 3455 ,
1258 3390 1345 3461 qui
1374 3388 1627 3460 przeclare
1652 3404 1711 3443 se
1735 3403 1952 3458 gessere
1975 3428 1991 3457 ,

400 3493 650 3547 virtutem
675 3530 689 3553 ,
720 3497 775 3542 et
822 3500 1011 3542 eorum
1033 3525 1049 3551 ,
1080 3484 1168 3555 qui
1207 3483 1340 3553 lapsi
1384 3490 1550 3546 sunt,
1578 3480 1953 3552 negligentiam
1975 3521 1993 3549 ,

400 3584 541 3655 regis
587 3579 968 3651 impudentiam
991 3620 1007 3642 ,
1039 3576 1334 3631 sacerdotis
1380 3575 1432 3630 in
1478 3574 1745 3645 loquendo
1775 3574 1995 3629 liberta-

394 3687 503 3732 tem
532 3715 547 3739 ,
580 3673 711 3726 iram
745 3671 835 3725 Dei
863 3684 926 3723 ac
964 3666 1341 3737 benignitatem
1367 3706 1383 3731 ,
1414 3681 1641 3737 quarum
1679 3674 1906 3737 utraque
1928 3664 1997 3721 ad

401 3763 830 3827 emendationem
877 3761 1148 3816 tendebat.
1187 3759 1303 3814 Jam
1355 3774 1480 3813 vero
1522 3774 1643 3812 cum
1690 3758 1756 3811 ad
1796 3758 1996 3827 regiam

396 3853 669 3912 civitatem
706 3853 1107 3925 pervenerimus
1131 3891 1147 3917 ,
1173 3866 1241 3904 ne
1268 3861 1581 3905 cunctemur
1611 3850 1839 3920 amplius
1857 3891 1873 3915 ,
1901 3850 1996 3906 sed

403 3963 500 4002 nos
531 3947 677 4015 ipsos
697 3955 964 4014 tamquam
995 3942 1046 3996 in
1072 3941 1258 3997 urbem
1281 3940 1568 4012 ingressuri
1592 3956 1997 4012 componamus,

400 4046 460 4091 ut
488 4036 567 4091 sic
593 4036 659 4091 ad
689 4036 961 4089 cailestem
993 4032 1331 4103 metropolim
1359 4031 1711 4088 ascendamus
1735 4073 1750 4097 ,
1776 4032 1998 4089 Jerusa-

407 4128 508 4183 lem
528 4170 542 4191 ,
575 4126 813 4183 omnium
858 4134 1100 4180 nostrum
1127 4134 1352 4181 matrem
1384 4167 1400 4193 ,
1432 4139 1552 4195 qua:
1582 4124 1749 4181 libera
1794 4134 1912 4189 est,
1945 4126 1999 4182 in

402 4236 506 4291 qua
534 4219 816 4289 Seraphim
836 4261 849 4282 ,
876 4218 930 4272 in
957 4234 1058 4288 qua
1084 4217 1373 4273 Cheruhim
1390 4258 1405 4283 ,
1436 4219 1488 4273 in
1517 4234 1619 4290 qua
1644 4218 1807 4273 multa
1834 4219 1999 4275 millia

402 4312 844 4382 archangelortun
870 4351 885 4374 ,
912 4319 968 4365 et
994 4310 1271 4367 innumera
1302 4310 1611 4382 angelorum
1643 4353 1659 4377 ,
1688 4313 1778 4367 ubi
1807 4314 2000 4369 solium

404 4412 489 4460 est
520 4404 747 4472 regium.
775 4400 946 4456 Nemo
973 4400 1131 4471 igitur
1162 4401 1416 4471 profanus
1439 4402 1598 4466 adsit,
1629 4420 1787 4459 nemo
1815 4406 1995 4475 piacu-

408 4496 575 4551 laris:
599 4493 822 4566 mystice
855 4495 1052 4567 quippe
1079 4494 1232 4549 nobis
1256 4495 1607 4562 suscipiendae
1648 4507 1769 4550 sunt
1813 4514 2001 4552 narra-

409 4588 580 4643 tiones
606 4603 619 4643 :
642 4585 944 4642 immundus
972 4600 1151 4651 nemo,
1174 4594 1227 4639 et
1256 4584 1355 4640 hoc
1374 4583 1673 4640 auditorum
1699 4597 1838 4642 coetu
1866 4589 2005 4645 adsit

411 4680 656 4750 indignus
681 4695 695 4734 :
725 4680 833 4732 imo
858 4694 987 4732 vero
1016 4676 1271 4748 profanus
1300 4686 1355 4733 et
1401 4678 1685 4748 piacularis
1722 4680 1860 4734 adsit
1889 4683 2005 4751 qni-

407 4775 489 4828 vis
509 4815 522 4834 ,
546 4772 639 4827 sed
664 4770 811 4826 omni
839 4769 969 4827 foris
1011 4771 1315 4839 impunitate
1343 4782 1502 4842 atque
1544 4771 1881 4842 improbitate
1909 4774 2003 4829 de-

408 4864 580 4934 posita
608 4863 686 4917 sic
717 4860 1061 4932 ingrediatur.
1085 4861 1238 4918 lllum
1260 4863 1425 4927 enim,
1454 4863 1542 4934 qui
1569 4876 1744 4919 vestes
1774 4864 2005 4921 habebat

408 4954 691 5018 sordidas,
718 4952 902 5023 sponsi
946 4961 1099 5025 pater
1140 4969 1172 5009 e
1227 4955 1408 5024 sponsi
1453 4956 1692 5010 conclavi
1744 4972 2004 5029 sacroque

408 5045 642 5101 thalamo
685 5048 920 5116 expulit,
952 5061 1056 5101 non
1088 5046 1227 5118 quod
1266 5047 1507 5103 sordidas
1547 5060 1725 5106 vestes
1762 5052 2001 5117 haberet,

409 5141 503 5195 sed
532 5139 676 5211 quod
705 5155 794 5195 eas
822 5139 1024 5195 habens
1049 5148 1193 5196 esset
1223 5142 1513 5211 ingressus.
1540 5142 1724 5213 Neque
1758 5147 1899 5199 enim
1928 5145 2001 5201 illi

409 5232 561 5299 dixit,
581 5234 689 5288 Cur
718 5243 920 5289 vestem
949 5234 1235 5302 nuptialem
1264 5252 1367 5288 non
1397 5234 1600 5291 habes?
1626 5238 1740 5301 sed,
1773 5236 1876 5293 Cur
1904 5256 2005 5293 non

411 5328 599 5383 habens
627 5334 808 5380 uestem
849 5324 1125 5395 nuptialem
1156 5325 1252 5379 huc
1287 5327 1486 5382 intrasti
1516 5328 1727 5397 (Matth.
1750 5330 1839 5384 2‘2.
1875 5331 2005 5403 12)?

409 5416 625 5485 Stsbas,
655 5416 846 5488 inquit,
879 5417 1188 5473 mendicans
1216 5419 1267 5473 in
1301 5419 1469 5475 triviis
1490 5462 1503 5483 ,
1533 5437 1706 5493 neque
1735 5432 1836 5478 tuae
1870 5441 1998 5494 pau-

475 5574 493 5605 ι
527 5572 665 5635 Legit
683 5576 937 5646 :
963 5580 1084 5646 nam
1099 5570 1143 5624 si
1170 5581 1294 5646 Deus
1309 5576 1614 5646 expendth
1627 5577 1752 5639 justi
1761 5579 1835 5646 ite
1854 5583 2003 5646 rale-

409 5646 535 5708 nem,
560 5633 840 5708 «(iniectio
860 5633 1100 5698 quadrare
1118 5649 1221 5708 Anon
1245 5633 1453 5703 videtur,
1478 5652 1570 5691 nec
1594 5633 1643 5692 iii
1666 5644 1894 5708 quopiam
1911 5644 2003 5698 Co-

409 5695 570 5744 dicum
581 5695 864 5748 nostrorum
879 5695 1151 5760 comparet.

1077 242 1136 300 8.
1177 236 1456 298 JOANNIS
1493 228 1963 293 CHRYSOSTOMI
2002 226 2318 287 ARCIIIEP.
2356 222 2889 283 CONSTANTINOP.

3552 219 3652 276 136

2081 341 2303 413 perlatis
2328 356 2415 396 me
2443 340 2631 411 puduit
2654 381 2679 406 ,ν
2696 333 3058 409 ignominiam’
3072 344 3218 393 tuam
3242 350 3350 392 non
3375 335 3614 392 exhorrui
3640 376 3652 400 ,

2081 434 2176 489 sed
2205 433 2274 487 ab
2297 433 2384 487 illa
2427 432 2573 487 omni
2597 431 2799 485 vilitate
2828 429 3109 486 liberatum
3152 428 3205 483 in
3232 442 3437 484 sacrum
3465 437 3513 483 te
3535 426 3652 482 tha-

2083 528 2279 582 lamum
2307 523 2598 590 introduxi,
2630 525 2772 593 regia
2803 537 2955 578 omna
2980 536 3099 577 sum
3122 520 3391 591 dignatus,
3415 529 3467 575 et
3487 530 3652 575 ειη-μ

2084 633 2173 675 nio
2200 618 2460 689 supplicio
2498 617 2714 687 dignum
2750 616 2818 670 ad
2857 629 3162 684 supremam
3190 613 3405 685 provexi
3436 613 3652 684 dignita-

2084 718 2191 765 tem
2216 727 2231 763 :
2255 717 2311 763 at
2334 716 2391 763 tu
2417 722 2486 764 ne
2506 707 2780 762 beneﬁciis
2805 704 3022 776 quidem
3053 704 3222 760 lactus
3245 718 3308 760 es
3329 704 3542 771 melior,
3564 702 3652 756 sed

2086 804 2139 859 in
2162 803 2315 860 solita
2343 801 2692 872 perversitate
2718 798 2980 866 mansisti,
3002 808 3198 855 etcum
3231 797 3285 853 in
3306 798 3525 869 nuptias,
3549 804 3652 850 tum

2084 897 2137 953 in
2154 909 2412 967 sponsum
2440 895 2609 965 ipsum
2633 891 3054 949 contumeliosus
3075 890 3240 946 fuisti.
3264 890 3361 947 Abi
3381 904 3500 961 ergo
3520 888 3652 943 dein-

2081 1004 2229 1061 ceps,
2260 996 2317 1045 et
2340 986 2546 1044 debitas
2568 995 2714 1042 tanto
2738 985 2942 1056 stupori
2970 997 3156 1056 ptenas
3184 983 3329 1039 dato.
3356 980 3535 1039 Videat
3558 983 3652 1052 igi-

2083 1092 2171 1139 tur
2204 1081 2569 1153 unusquisque
2600 1090 2842 1135 nostrum
2865 1119 2882 1142 ,
2906 1093 2975 1133 ne
3000 1076 3137 1133 forte
3165 1076 3324 1133 talem
3352 1090 3526 1131 vocem
3567 1090 3652 1127 au-

2082 1176 2195 1232 diat
2219 1215 2237 1242 ,
2266 1182 2324 1230 et
2348 1174 2495 1230 omni
2535 1172 2744 1243 abjecta
2780 1170 3102 1242 cogitatione
3174 1185 3295 1241 quae
3316 1167 3564 1240 spirituali
3594 1167 3652 1223 sit

2084 1267 2297 1338 indigna
2324 1265 2568 1321 doctrina
2590 1305 2607 1332 ,
2624 1264 2708 1319 ita
2733 1277 2901 1319 sacra)
2940 1276 3142 1320 mensae
3168 1262 3428 1333 particeps
3460 1260 3565 1315 ﬁat.
3596 1259 3652 1314 Et

2085 1365 2277 1433 factum
2303 1368 2395 1424 est,
2426 1358 2615 1430 inquit,
2641 1358 2696 1412 in
2722 1372 2878 1423 anno,
2904 1372 3005 1425 quo
3032 1365 3261 1411 mortuus
3283 1365 3359 1410 est
3384 1354 3528 1410 Ozias
3550 1370 3652 1420 rex,

2082 1453 2186 1509 uidi
2204 1451 2481 1507 Dominum
2500 1450 2753 1506 sedentem
2776 1450 2831 1503 in
2856 1450 2985 1504 solio
3011 1448 3208 1504 excelso
3235 1457 3282 1503 et
3305 1449 3487 1503 elevato
3508 1447 3652 1518 (lsui.

2083 1545 2137 1602 6.
2172 1546 2248 1619 l).
2279 1543 2561 1614 Quomodo
2584 1542 2795 1609 viderit,
2820 1542 3041 1597 minime
3062 1543 3204 1596 novi.
3226 1539 3297 1597 Se
3316 1540 3456 1596 enim
3473 1539 3652 1595 vidisst

2084 1638 2253 1706 dixit,
2278 1635 2551 1708 quomodo
2587 1644 2764 1689 autem
2812 1633 3044 1701 viderit,
3085 1632 3287 1687 tacuit:
3314 1631 3512 1701 excipio
3548 1646 3651 1700 qua

2086 1731 2229 1786 dicta
2255 1737 2417 1795 sunt,
2445 1743 2565 1799 qua:
2589 1725 2801 1781 silentio
2829 1720 3116 1795 suppresSa
3138 1731 3302 1790 sunt,
3333 1722 3535 1778 curiose
3558 1736 3651 1777 not

2091 1822 2301 1892 inquiro
2328 1834 2483 1891 :qute
2528 1819 2762 1875 revelata
2795 1825 2956 1884 sunt,
2989 1816 3227 1888 intelligo
3249 1830 3404 1885 ,qua:
3426 1821 3545 1869 sunt
3572 1828 3652 1867 oc.

2087 1916 2306 1980 cultata,
2339 1929 2445 1970 non
2475 1923 2687 1969 scrutor
2712 1930 2726 1967 :
2755 1910 2953 1967 idcirco
2984 1924 3214 1980 namque
3242 1915 3365 1966 sunt
3388 1907 3651 1963 occultata

2089 2007 2285 2079 Pt-plus
2307 2016 2393 2062 est
2415 2021 2609 2061 aureus
2632 2004 2894 2075 expositio
2913 2002 3223 2073 Scriptum,
3238 2010 3441 2056 stamen
3463 2010 3543 2054 est
3569 2015 3652 2051 ao.

2087 2119 2226 2167 rum,
2245 2102 2562 2172 subtegmen
2582 2114 2791 2155 aurum.
2820 2099 3148 2153 Aranearum
3170 2096 3301 2150 telas
3331 2109 3435 2148 non
3461 2104 3638 2148 attcxo

2089 2196 2212 2252 novi
2238 2195 2620 2266 cogitationum
2640 2208 2877 2250 mearum
2905 2190 3345 2248 imbecillitatem.
3369 2188 3491 2243 Noli
3510 2199 3651 2242 trans

2090 2292 2221 2359 ferre
2246 2289 2486 2345 terminos
2509 2288 2743 2353 antiquos
2766 2326 2782 2352 ,
2812 2285 3021 2355 inquit,
3048 2299 3173 2354 quos
3198 2289 3465 2353 posuerunt
3508 2290 3651 2350 patre

2089 2383 2163 2437 tui
2183 2381 2365 2453 (Prov.
2386 2380 2478 2435 22.
2509 2379 2623 2451 28).
2647 2378 2930 2437 Terminus
2964 2389 3182 2431 movere
3212 2382 3380 2429 tntum
3422 2389 3523 2427 non
3550 2384 3632 2427 est

2088 2484 2144 2531 et
2172 2489 2277 2545 quo
2323 2482 2478 2544 pacto
2501 2513 2516 2536 ,
2548 2487 2667 2542 quze
2714 2471 2851 2525 Deus
2888 2467 3101 2538 posuit,
3134 2464 3555 2520 transferemus?
3586 2464 3648 2518 \‘i

2090 2567 2319 2630 discere,
2343 2563 2611 2635 quomodo
2640 2561 2831 2617 viderit
2859 2560 3023 2615 Deum
3046 2558 3069 2612 ?
3095 2558 3217 2613 Fias
3246 2566 3300 2611 tu
3326 2572 3533 2627 quoque
3558 2572 3652 2625 pro

2094 2659 2273 2729 pheta.
2301 2657 2399 2725 Qui
2424 2656 2534 2711 lieri
2564 2664 2735 2725 potest
2762 2654 2864 2709 hoc
2886 2695 2903 2719 ,
2929 2652 3157 2723 inquies,
3184 2662 3307 2707 cum
3332 2665 3552 2705 uxorem
3581 2650 3646 2702 ha

2096 2751 2247 2805 beam
2272 2791 2288 2813 ,
2318 2765 2438 2803 cum
2482 2748 2611 2803 mihi
2637 2763 2780 2803 cura:
2806 2748 2875 2802 sit
2902 2745 3147 2801 educatio
3181 2742 3511 2798 liberorum?
3544 2740 3652 2796 Fiet

2093 2843 2310 2915 quidem
2340 2852 2541 2912 potest,
2574 2842 2617 2895 si
2650 2842 2813 2906 velis,
2838 2838 3134 2895 carissime.
3162 2836 3295 2892 Nam
3326 2846 3380 2891 et
3407 2837 3518 2905 ipse
3550 2852 3652 2889 om

2094 2951 2209 2990 rem
2240 2935 2440 2998 habuit,
2469 2944 2525 2990 et
2553 2934 2781 2988 duorum
2806 2939 2955 3003 pater
2982 2930 3183 2985 exstitit
3212 2929 3521 2993 liberorum,
3553 2926 3651 2981 uilli

2095 3037 2271 3083 tamen
2303 3026 2491 3082 horum
2519 3025 2896 3095 impedimento
2923 3022 2999 3078 illi
3027 3021 3139 3077 luit.
3160 3021 3346 3092 Neque
3366 3020 3508 3075 enim
3533 3020 3652 3073 nobi

2096 3122 2531 3193 impedimentum
2578 3130 2662 3176 est
2702 3118 2906 3176 itineris
2927 3117 2995 3173 ad
3030 3132 3249 3188 regnum
3278 3116 3529 3171 calorum
3558 3132 3652 3167 con

2091 3216 2295 3288 jogium
2322 3232 2335 3268 :
2359 3215 2610 3286 quoniam
2650 3215 2695 3268 si
2730 3212 3164 3282 impedimentum
3194 3218 3360 3273 esset,
3388 3218 3444 3262 et
3470 3206 3652 3260 insidia

2097 3307 2255 3361 nobis
2303 3316 2545 3377 paratura
2589 3303 2776 3359 fuisset
2820 3317 2991 3365 uxor,
3034 3315 3158 3355 cum
3198 3314 3317 3354 eam
3346 3312 3376 3351 a
3429 3296 3652 3366 principi

2096 3406 2306 3454 crearet
2350 3398 2528 3461 Deus,
2573 3395 2887 3465 adiutricem
2936 3408 3043 3448 non
3096 3391 3439 3462 appellasset.
3490 3388 3652 3443 Velie:

2096 3490 2344 3562 equidem
2362 3489 2561 3556 dicere,
2579 3488 2832 3559 quidnam
2850 3487 2922 3543 sit
2937 3486 3104 3543 Deum
3121 3485 3336 3541 sedere:
3357 3498 3528 3554 neque
3548 3484 3652 3537 en'u

2101 3583 2242 3639 Deus
2266 3582 2418 3639 sedet
2443 3600 2456 3637 :
2480 3597 2603 3637 cum
2632 3581 2717 3636 hic
2742 3580 2812 3636 sit
2837 3594 3122 3650 corporum
3153 3578 3308 3645 situs,
3343 3576 3489 3632 Deus
3513 3587 3652 3630 aute:

2097 3679 2169 3733 sit
2192 3680 2560 3747 incorporeus.

2168 3770 2224 3824 2.
2267 3768 2540 3838 Seraphim
2581 3767 2803 3839 dignitas
2850 3766 3095 3822 maxima.
3132 3793 3206 3806 ——
3251 3763 3457 3818 Vellent
3512 3762 3652 3816 dicet

2102 3862 2231 3933 quid
2261 3863 2331 3917 sit
2356 3862 2552 3916 solium
2586 3860 2678 3915 Dei
2709 3875 2726 3913 :
2754 3875 2926 3929 neque
2970 3858 3113 3913 enim
3162 3856 3342 3926 utique
3370 3855 3510 3910 solio
3555 3854 3652 3908 Dei

2102 3952 2610 4024 comprehenditur,
2659 3966 2781 4007 cum
2822 3948 3188 4005 circumscribi
3241 3946 3465 4002 minime
3532 3961 3652 4014 pos~

2104 4044 2350 4101 Numen:
2376 4043 2472 4098 sed
2498 4056 2691 4098 vereor
2715 4083 2731 4107 ,
2764 4058 2832 4096 ne
2857 4041 2903 4096 si
2952 4039 3211 4094 docendis
3253 4038 3370 4092 istis
3413 4039 3648 4092 innnore

2106 4139 2412 4211 protraham
2439 4137 2605 4193 debiti
2628 4136 2970 4191 solutionem.
2998 4132 3197 4189 Omnes
3227 4132 3369 4186 enim
3392 4130 3554 4184 video
3581 4144 3648 4183 na

2104 4233 2297 4288 rationi
2327 4231 2397 4287 de
2442 4230 2723 4300 Serapbim
2781 4228 3006 4293 inhiare,
3034 4242 3140 4280 non
3183 4226 3353 4280 solum
3385 4222 3579 4285 hodie,
3609 4238 3652 4276 St

2098 4324 2210 4393 jam
2244 4323 2367 4379 inde
2391 4339 2421 4377 a
2453 4323 2626 4393 primo
2652 4322 2778 4377 die:
2812 4328 3137 4392 quapropter
3157 4315 3559 4371 multitudinem
3588 4328 3651 4366 se

2106 4417 2389 4472 tentiarum
2443 4425 2712 4485 tamquam
2764 4413 3039 4467 hominum
3080 4421 3277 4466 emtum
3333 4423 3533 4476 magno
3581 4421 3649 4459 cu

2106 4508 2309 4578 impetu
2356 4516 2730 4562 occurrentem
2775 4516 3146 4576 perrumpens,
3171 4500 3237 4555 ad
3266 4500 3652 4568 expositioncn

2108 4599 2247 4652 illam
2271 4606 2451 4653 nostra
2469 4596 2684 4653 festinat
2702 4596 2893 4651 oratio.
2920 4593 2985 4648 Et
3009 4592 3280 4662 Scrapltim
3306 4592 3513 4645 stabant
3538 4591 3589 4642 iu
3609 4590 3652 4642 ri

2105 4684 2245 4737 cuitu
2264 4683 2393 4753 ejus,
2411 4682 2576 4752 inquit
2600 4681 2750 4752 (Isai.
2771 4684 2822 4735 l5.
2840 4681 2921 4752 2).
2943 4680 3078 4734 Ecce
3099 4676 3403 4747 Seraphim,
3424 4693 3548 4745 qua:
3570 4674 3652 4728 vid

2110 4791 2168 4832 re
2191 4776 2318 4831 olim
2347 4776 2643 4845 cupiebatis
2668 4788 2874 4830 omnes.
2897 4771 3340 4842 Contemplamini
3363 4786 3521 4839 ergo,
3542 4782 3595 4825 et
3620 4786 3651 4823 c

2111 4866 2387 4937 piditatem
2416 4867 2627 4936 explete
2653 4884 2667 4921 :
2700 4866 2795 4921 sed
2818 4882 2923 4921 non
2952 4880 3073 4921 cum
3101 4864 3353 4927 tumultu,
3380 4878 3565 4934 neque
3591 4878 3652 4931 pr

2110 4960 2319 5028 peranti
2346 4960 2669 5028 cogitatione
2693 5000 2707 5021 ,
2735 4962 2876 5014 sicut
2900 4958 2957 5012 lit
2988 4958 3042 5011 itt
3071 4957 3466 5027 lmpcratorum
3513 4955 3652 5024 ittgrt

2111 5068 2211 5106 su:
2247 5067 2369 5106 nam
2421 5053 2530 5108 illic
2566 5052 2782 5121 quidem
2829 5050 2971 5107 istud
3020 5052 3191 5121 ipsum
3242 5051 3441 5105 merito
3491 5049 3645 5103 accid

2109 5142 2294 5213 Neque
2315 5144 2456 5198 enim
2488 5153 2733 5213 spectant
2753 5144 3015 5198 satellites
3039 5184 3053 5208 ,
3088 5152 3142 5197 ut
3174 5152 3514 5215 speetattires
3542 5156 3643 5194 oeo

2110 5247 2300 5291 cuncta
2328 5237 2592 5300 lustrent;
2626 5236 2743 5302 sed,
2767 5246 3054 5307 antequam
3094 5244 3240 5292 recte
3264 5234 3548 5301 viderint,
3580 5250 3652 5302 pr;

2111 5327 2276 5384 terire
2311 5329 2431 5384 illos
2468 5338 2668 5400 cogunt
2697 5346 2709 5382 :
2739 5328 2825 5384 hic
2854 5343 2983 5385 vero
3029 5344 3135 5383 non
3166 5328 3237 5383 ita
3269 5344 3284 5382 :
3314 5327 3409 5383 sed
3458 5334 3651 5382 conten:

2110 5421 2401 5492 plationcm
2450 5433 2689 5477 nostram
2738 5423 2881 5478 sistit
2926 5422 3138 5487 oratio,
3186 5435 3476 5491 quousque
3533 5433 3652 5472 omn

2110 5515 2505 5583 percurreritis,
2535 5531 2652 5584 quae
2677 5516 2917 5585 percurri
2945 5530 2973 5568 a
2998 5513 3150 5569 vobis
3174 5524 3420 5583 possunt.
3452 5511 3521 5566 Et
3550 5511 3651 5565 Sen

2109 5606 2250 5675 phint
2270 5606 2470 5660 stabant
2495 5607 2549 5661 in
2578 5608 2789 5661 circuitu
2814 5609 2944 5679 ejus.
2973 5608 3115 5661 Ante
3144 5588 3346 5661 naturse
3385 5605 3652 5674 dignitate

2109 5714 2208 5757 nos
2231 5700 2412 5757 docuit
2433 5700 2588 5758 istam
2622 5717 2688 5759 ex
2713 5701 2814 5759 loci
2837 5701 3026 5759 vicinia
3055 5680 3392 5772 dignitatem.
3422 5698 3549 5755 Non
3571 5696 3652 5751 ωε
