  <div class='ocr_page' id='page_1' title='image "/cluster/home/n/w/nwhite01/storage/ocr_20150623/56/hvd.32044019304435/140.png"; bbox 0 0 3696 6278; ppageno 0'>
   <div class='ocr_carea' id='block_1_1' title="bbox 25 267 2280 396">
    <p class='ocr_par' dir='ltr' id='par_1_1' title="bbox 25 267 2280 396">
     <span class='ocr_line' id='line_1_1' title="bbox 25 267 2280 396; baseline 0.001 -29"><span class='ocrx_word' id='word_1_1' title='bbox 25 394 29 396; x_wconf 16' lang='grc' dir='ltr'><em>ν</em></span> <span class='ocrx_word' id='word_1_2' title='bbox 84 311 148 367; x_wconf 74' lang='lat' dir='ltr'><strong>I37</strong></span> <span class='ocrx_word' id='word_1_3' title='bbox 1000 312 1069 369; x_wconf 81' lang='lat' dir='ltr'><strong>1N</strong></span> <span class='ocrx_word' id='word_1_4' title='bbox 1106 310 1331 378; x_wconf 84' lang='lat' dir='ltr'><strong>ILLUD,</strong></span> <span class='ocrx_word' id='word_1_5' title='bbox 1372 310 1508 367; x_wconf 77' lang='lat' dir='ltr'><strong>VIDI</strong></span> <span class='ocrx_word' id='word_1_6' title='bbox 1549 267 1875 379; x_wconf 66' lang='lat' dir='ltr'><strong>conisum,</strong></span> <span class='ocrx_word' id='word_1_7' title='bbox 1916 311 2148 369; x_wconf 80' lang='lat' dir='ltr'><strong>HOMIL.</strong></span> <span class='ocrx_word' id='word_1_8' title='bbox 2192 313 2280 371; x_wconf 71' lang='grc' dir='ltr'><strong>γι.</strong></span> 
     </span>
    </p>
   </div>
   <div class='ocr_carea' id='block_1_2' title="bbox 10 412 1634 506">
    <p class='ocr_par' dir='ltr' id='par_1_2' title="bbox 10 412 1634 506">
     <span class='ocr_line' id='line_1_2' title="bbox 10 412 1634 506; baseline -0.004 -19"><span class='ocrx_word' id='word_1_9' title='bbox 10 412 11 429; x_wconf 19' lang='lat'><strong>1</strong></span> <span class='ocrx_word' id='word_1_10' title='bbox 46 420 49 423; x_wconf 52' lang='grc'><em>’</em></span> <span class='ocrx_word' id='word_1_11' title='bbox 77 432 169 487; x_wconf 74' lang='lat' dir='ltr'><strong>dixit</strong></span> <span class='ocrx_word' id='word_1_12' title='bbox 194 430 456 500; x_wconf 77' lang='lat' dir='ltr'><strong>prirnum,</strong></span> <span class='ocrx_word' id='word_1_13' title='bbox 479 445 727 506; x_wconf 76' lang='lat' dir='ltr'><strong>quamam</strong></span> <span class='ocrx_word' id='word_1_14' title='bbox 750 429 1028 500; x_wconf 82' lang='lat' dir='ltr'><strong>Seraphim</strong></span> <span class='ocrx_word' id='word_1_15' title='bbox 1055 437 1257 495; x_wconf 87' lang='lat' dir='ltr'><strong>essent,</strong></span> <span class='ocrx_word' id='word_1_16' title='bbox 1288 427 1383 485; x_wconf 87' lang='lat' dir='ltr'><strong>sed</strong></span> <span class='ocrx_word' id='word_1_17' title='bbox 1408 426 1497 482; x_wconf 91' lang='lat' dir='ltr'><strong>ubi</strong></span> <span class='ocrx_word' id='word_1_18' title='bbox 1526 435 1634 481; x_wconf 82' lang='lat' dir='ltr'><strong>sta-</strong></span> 
     </span>
    </p>
   </div>
   <div class='ocr_carea' id='block_1_3' title="bbox 76 516 1631 590">
    <p class='ocr_par' dir='ltr' id='par_1_3' title="bbox 76 516 1631 590">
     <span class='ocr_line' id='line_1_3' title="bbox 76 516 1631 590; baseline -0.003 -13"><span class='ocrx_word' id='word_1_19' title='bbox 76 530 159 577; x_wconf 77' lang='lat' dir='ltr'><strong>rent</strong></span> <span class='ocrx_word' id='word_1_20' title='bbox 205 520 369 577; x_wconf 75' lang='lat' dir='ltr'><strong>dixit.</strong></span> <span class='ocrx_word' id='word_1_21' title='bbox 416 522 553 577; x_wconf 70' lang='lat' dir='ltr'><strong>Haec</strong></span> <span class='ocrx_word' id='word_1_22' title='bbox 601 523 742 576; x_wconf 78' lang='lat' dir='ltr'><strong>enim</strong></span> <span class='ocrx_word' id='word_1_23' title='bbox 787 522 1014 590; x_wconf 78' lang='lat' dir='ltr'><strong>dignitas</strong></span> <span class='ocrx_word' id='word_1_24' title='bbox 1053 519 1225 590; x_wconf 83' lang='lat' dir='ltr'><strong>major</strong></span> <span class='ocrx_word' id='word_1_25' title='bbox 1269 527 1351 575; x_wconf 89' lang='lat' dir='ltr'><strong>est</strong></span> <span class='ocrx_word' id='word_1_26' title='bbox 1374 518 1483 573; x_wconf 88' lang='lat' dir='ltr'><strong>illa.</strong></span> <span class='ocrx_word' id='word_1_27' title='bbox 1515 516 1631 585; x_wconf 88' lang='lat' dir='ltr'><strong>Quo</strong></span> 
     </span>
    </p>
   </div>
   <div class='ocr_carea' id='block_1_4' title="bbox 73 609 1623 683">
    <p class='ocr_par' dir='ltr' id='par_1_4' title="bbox 73 609 1623 683">
     <span class='ocr_line' id='line_1_4' title="bbox 73 609 1623 683; baseline -0.003 -17"><span class='ocrx_word' id='word_1_28' title='bbox 73 612 232 667; x_wconf 72' lang='lat' dir='ltr'><strong>tandem</strong></span> <span class='ocrx_word' id='word_1_29' title='bbox 271 614 489 683; x_wconf 81' lang='lat' dir='ltr'><strong>pacto?</strong></span> <span class='ocrx_word' id='word_1_30' title='bbox 516 613 669 682; x_wconf 84' lang='lat' dir='ltr'><strong>Quod</strong></span> <span class='ocrx_word' id='word_1_31' title='bbox 722 612 971 667; x_wconf 83' lang='lat' dir='ltr'><strong>nimirum</strong></span> <span class='ocrx_word' id='word_1_32' title='bbox 1020 610 1158 665; x_wconf 93' lang='lat' dir='ltr'><strong>haud</strong></span> <span class='ocrx_word' id='word_1_33' title='bbox 1189 610 1261 664; x_wconf 91' lang='lat' dir='ltr'><strong>ita</strong></span> <span class='ocrx_word' id='word_1_34' title='bbox 1291 609 1623 665; x_wconf 88' lang='lat' dir='ltr'><strong>demonstret</strong></span> 
     </span>
    </p>
   </div>
   <div class='ocr_carea' id='block_1_5' title="bbox 67 699 1626 775">
    <p class='ocr_par' dir='ltr' id='par_1_5' title="bbox 67 699 1626 775">
     <span class='ocr_line' id='line_1_5' title="bbox 67 699 1626 775; baseline -0.003 -18"><span class='ocrx_word' id='word_1_35' title='bbox 67 721 237 775; x_wconf 65' lang='lat' dir='ltr'><strong>mgnas</strong></span> <span class='ocrx_word' id='word_1_36' title='bbox 281 706 422 761; x_wconf 87' lang='lat' dir='ltr'><strong>illas</strong></span> <span class='ocrx_word' id='word_1_37' title='bbox 473 721 598 762; x_wconf 90' lang='lat' dir='ltr'><strong>esse</strong></span> <span class='ocrx_word' id='word_1_38' title='bbox 639 706 898 770; x_wconf 75' lang='lat' dir='ltr'><strong>virtutes,</strong></span> <span class='ocrx_word' id='word_1_39' title='bbox 946 703 1087 774; x_wconf 87' lang='lat' dir='ltr'><strong>quod</strong></span> <span class='ocrx_word' id='word_1_40' title='bbox 1136 703 1241 756; x_wconf 90' lang='lat' dir='ltr'><strong>sint</strong></span> <span class='ocrx_word' id='word_1_41' title='bbox 1304 699 1626 770; x_wconf 87' lang='lat' dir='ltr'><strong>Seraphim,</strong></span> 
     </span>
    </p>
   </div>
   <div class='ocr_carea' id='block_1_6' title="bbox 65 792 1629 869">
    <p class='ocr_par' dir='ltr' id='par_1_6' title="bbox 65 792 1629 869">
     <span class='ocr_line' id='line_1_6' title="bbox 65 792 1629 869; baseline -0.003 -19"><span class='ocrx_word' id='word_1_42' title='bbox 65 814 177 869; x_wconf 58' lang='lat' dir='ltr'><strong>eum</strong></span> <span class='ocrx_word' id='word_1_43' title='bbox 205 799 349 868; x_wconf 82' lang='lat' dir='ltr'><strong>quod</strong></span> <span class='ocrx_word' id='word_1_44' title='bbox 390 813 566 869; x_wconf 83' lang='lat' dir='ltr'><strong>prope</strong></span> <span class='ocrx_word' id='word_1_45' title='bbox 602 797 793 852; x_wconf 87' lang='lat' dir='ltr'><strong>solium</strong></span> <span class='ocrx_word' id='word_1_46' title='bbox 820 803 963 850; x_wconf 85' lang='lat' dir='ltr'><strong>stent</strong></span> <span class='ocrx_word' id='word_1_47' title='bbox 995 794 1219 865; x_wconf 86' lang='lat' dir='ltr'><strong>regium.</strong></span> <span class='ocrx_word' id='word_1_48' title='bbox 1265 792 1398 847; x_wconf 89' lang='lat' dir='ltr'><strong>Nam</strong></span> <span class='ocrx_word' id='word_1_49' title='bbox 1447 800 1502 846; x_wconf 90' lang='lat' dir='ltr'><strong>et</strong></span> <span class='ocrx_word' id='word_1_50' title='bbox 1530 805 1629 846; x_wconf 88' lang='lat' dir='ltr'><strong>nos</strong></span> 
     </span>
    </p>
   </div>
   <div class='ocr_carea' id='block_1_7' title="bbox 66 881 1621 952">
    <p class='ocr_par' dir='ltr' id='par_1_7' title="bbox 66 881 1621 952">
     <span class='ocr_line' id='line_1_7' title="bbox 66 881 1621 952; baseline -0.004 -11"><span class='ocrx_word' id='word_1_51' title='bbox 66 891 147 941; x_wconf 66' lang='lat' dir='ltr'><strong>tios</strong></span> <span class='ocrx_word' id='word_1_52' title='bbox 170 889 475 944; x_wconf 83' lang='lat' dir='ltr'><strong>nobiliores</strong></span> <span class='ocrx_word' id='word_1_53' title='bbox 507 904 631 944; x_wconf 72' lang='lat' dir='ltr'><strong>eSsc</strong></span> <span class='ocrx_word' id='word_1_54' title='bbox 675 887 931 942; x_wconf 75' lang='lat' dir='ltr'><strong>satellites</strong></span> <span class='ocrx_word' id='word_1_55' title='bbox 959 885 1316 950; x_wconf 83' lang='lat' dir='ltr'><strong>arbitramur,</strong></span> <span class='ocrx_word' id='word_1_56' title='bbox 1344 882 1436 952; x_wconf 91' lang='lat' dir='ltr'><strong>qui</strong></span> <span class='ocrx_word' id='word_1_57' title='bbox 1470 881 1621 951; x_wconf 81' lang='lat' dir='ltr'><strong>juxta</strong></span> 
     </span>
    </p>
   </div>
   <div class='ocr_carea' id='block_1_8' title="bbox 62 974 1626 1053">
    <p class='ocr_par' dir='ltr' id='par_1_8' title="bbox 62 974 1626 1053">
     <span class='ocr_line' id='line_1_8' title="bbox 62 974 1626 1053; baseline -0.006 -17"><span class='ocrx_word' id='word_1_58' title='bbox 62 984 195 1051; x_wconf 66' lang='lat' dir='ltr'><strong>iugum</strong></span> <span class='ocrx_word' id='word_1_59' title='bbox 220 982 359 1053; x_wconf 81' lang='lat' dir='ltr'><strong>regii</strong></span> <span class='ocrx_word' id='word_1_60' title='bbox 395 997 599 1037; x_wconf 90' lang='lat' dir='ltr'><strong>currus</strong></span> <span class='ocrx_word' id='word_1_61' title='bbox 630 980 901 1035; x_wconf 87' lang='lat' dir='ltr'><strong>incedunt.</strong></span> <span class='ocrx_word' id='word_1_62' title='bbox 945 978 1021 1032; x_wconf 91' lang='lat' dir='ltr'><strong>lta</strong></span> <span class='ocrx_word' id='word_1_63' title='bbox 1051 991 1262 1048; x_wconf 91' lang='lat' dir='ltr'><strong>quoque</strong></span> <span class='ocrx_word' id='word_1_64' title='bbox 1281 975 1534 1030; x_wconf 90' lang='lat' dir='ltr'><strong>virtutum</strong></span> <span class='ocrx_word' id='word_1_65' title='bbox 1565 974 1626 1028; x_wconf 91' lang='lat' dir='ltr'><strong>il-</strong></span> 
     </span>
    </p>
   </div>
   <div class='ocr_carea' id='block_1_9' title="bbox 64 1066 1626 1142">
    <p class='ocr_par' dir='ltr' id='par_1_9' title="bbox 64 1066 1626 1142">
     <span class='ocr_line' id='line_1_9' title="bbox 64 1066 1626 1142; baseline -0.005 -15"><span class='ocrx_word' id='word_1_66' title='bbox 64 1076 183 1127; x_wconf 74' lang='lat' dir='ltr'><strong>hrnm</strong></span> <span class='ocrx_word' id='word_1_67' title='bbox 208 1074 671 1142; x_wconf 85' lang='lat' dir='ltr'><strong>incorporearum</strong></span> <span class='ocrx_word' id='word_1_68' title='bbox 702 1070 1024 1126; x_wconf 84' lang='lat' dir='ltr'><strong>illustriores</strong></span> <span class='ocrx_word' id='word_1_69' title='bbox 1050 1076 1176 1123; x_wconf 90' lang='lat' dir='ltr'><strong>sunt</strong></span> <span class='ocrx_word' id='word_1_70' title='bbox 1204 1068 1329 1130; x_wconf 68' lang='lat' dir='ltr'><strong>illm,</strong></span> <span class='ocrx_word' id='word_1_71' title='bbox 1346 1081 1475 1136; x_wconf 65' lang='lat' dir='ltr'><strong>qua:</strong></span> <span class='ocrx_word' id='word_1_72' title='bbox 1490 1066 1626 1119; x_wconf 89' lang='lat' dir='ltr'><strong>solio</strong></span> 
     </span>
    </p>
   </div>
   <div class='ocr_carea' id='block_1_10' title="bbox 64 1157 1624 1234">
    <p class='ocr_par' dir='ltr' id='par_1_10' title="bbox 64 1157 1624 1234">
     <span class='ocr_line' id='line_1_10' title="bbox 64 1157 1624 1234; baseline -0.006 -15"><span class='ocrx_word' id='word_1_73' title='bbox 64 1166 247 1219; x_wconf 63' lang='lat' dir='ltr'><strong>[etsunt</strong></span> <span class='ocrx_word' id='word_1_74' title='bbox 278 1166 581 1234; x_wconf 62' lang='lat' dir='ltr'><strong>proximis.</strong></span> <span class='ocrx_word' id='word_1_75' title='bbox 604 1163 807 1219; x_wconf 91' lang='lat' dir='ltr'><strong>Idcirco</strong></span> <span class='ocrx_word' id='word_1_76' title='bbox 831 1162 993 1219; x_wconf 87' lang='lat' dir='ltr'><strong>etiam</strong></span> <span class='ocrx_word' id='word_1_77' title='bbox 1020 1160 1279 1231; x_wconf 81' lang='lat' dir='ltr'><strong>propheta</strong></span> <span class='ocrx_word' id='word_1_78' title='bbox 1297 1157 1366 1214; x_wconf 90' lang='lat' dir='ltr'><strong>de</strong></span> <span class='ocrx_word' id='word_1_79' title='bbox 1391 1157 1624 1213; x_wconf 79' lang='lat' dir='ltr'><strong>naturali</strong></span> 
     </span>
    </p>
   </div>
   <div class='ocr_carea' id='block_1_11' title="bbox 64 1247 1624 1327">
    <p class='ocr_par' dir='ltr' id='par_1_11' title="bbox 64 1247 1624 1327">
     <span class='ocr_line' id='line_1_11' title="bbox 64 1247 1624 1327; baseline -0.004 -18"><span class='ocrx_word' id='word_1_80' title='bbox 64 1272 194 1309; x_wconf 67' lang='lat' dir='ltr'><strong>enim</strong></span> <span class='ocrx_word' id='word_1_81' title='bbox 229 1256 515 1327; x_wconf 81' lang='lat' dir='ltr'><strong>dignitate</strong></span> <span class='ocrx_word' id='word_1_82' title='bbox 554 1256 823 1310; x_wconf 88' lang='lat' dir='ltr'><strong>disserere</strong></span> <span class='ocrx_word' id='word_1_83' title='bbox 860 1253 1152 1318; x_wconf 84' lang='lat' dir='ltr'><strong>amittens,</strong></span> <span class='ocrx_word' id='word_1_84' title='bbox 1182 1250 1332 1320; x_wconf 91' lang='lat' dir='ltr'><strong>prius</strong></span> <span class='ocrx_word' id='word_1_85' title='bbox 1360 1248 1516 1303; x_wconf 88' lang='lat' dir='ltr'><strong>nobis</strong></span> <span class='ocrx_word' id='word_1_86' title='bbox 1557 1247 1624 1302; x_wconf 93' lang='lat' dir='ltr'><strong>dc</strong></span> 
     </span>
    </p>
   </div>
   <div class='ocr_carea' id='block_1_12' title="bbox 60 1340 1623 1417">
    <p class='ocr_par' dir='ltr' id='par_1_12' title="bbox 60 1340 1623 1417">
     <span class='ocr_line' id='line_1_12' title="bbox 60 1340 1623 1417; baseline -0.005 -15"><span class='ocrx_word' id='word_1_87' title='bbox 60 1348 121 1402; x_wconf 76' lang='lat' dir='ltr'><strong>hci</strong></span> <span class='ocrx_word' id='word_1_88' title='bbox 159 1348 529 1417; x_wconf 68' lang='lat' dir='ltr'><strong>praerogativa</strong></span> <span class='ocrx_word' id='word_1_89' title='bbox 570 1344 824 1410; x_wconf 88' lang='lat' dir='ltr'><strong>disserit,</strong></span> <span class='ocrx_word' id='word_1_90' title='bbox 851 1342 994 1414; x_wconf 85' lang='lat' dir='ltr'><strong>quod</strong></span> <span class='ocrx_word' id='word_1_91' title='bbox 1032 1343 1175 1397; x_wconf 89' lang='lat' dir='ltr'><strong>hunc</strong></span> <span class='ocrx_word' id='word_1_92' title='bbox 1201 1340 1459 1411; x_wconf 85' lang='lat' dir='ltr'><strong>majorem</strong></span> <span class='ocrx_word' id='word_1_93' title='bbox 1502 1353 1623 1394; x_wconf 88' lang='lat' dir='ltr'><strong>esse</strong></span> 
     </span>
    </p>
   </div>
   <div class='ocr_carea' id='block_1_13' title="bbox 59 1429 1625 1502">
    <p class='ocr_par' dir='ltr' id='par_1_13' title="bbox 59 1429 1625 1502">
     <span class='ocr_line' id='line_1_13' title="bbox 59 1429 1625 1502; baseline -0.005 -11"><span class='ocrx_word' id='word_1_94' title='bbox 59 1440 144 1491; x_wconf 67' lang='lat' dir='ltr'><strong>adat</strong></span> <span class='ocrx_word' id='word_1_95' title='bbox 159 1448 419 1493; x_wconf 85' lang='lat' dir='ltr'><strong>ornatum</strong></span> <span class='ocrx_word' id='word_1_96' title='bbox 442 1479 459 1502; x_wconf 96' lang='lat'><strong>,</strong></span> <span class='ocrx_word' id='word_1_97' title='bbox 486 1446 546 1493; x_wconf 89' lang='lat' dir='ltr'><strong>et</strong></span> <span class='ocrx_word' id='word_1_98' title='bbox 569 1437 637 1491; x_wconf 86' lang='lat' dir='ltr'><strong>ab</strong></span> <span class='ocrx_word' id='word_1_99' title='bbox 662 1436 768 1491; x_wconf 86' lang='lat' dir='ltr'><strong>hoc</strong></span> <span class='ocrx_word' id='word_1_100' title='bbox 796 1444 999 1489; x_wconf 70' lang='lat' dir='ltr'><strong>natura:</strong></span> <span class='ocrx_word' id='word_1_101' title='bbox 1026 1433 1237 1488; x_wconf 86' lang='lat' dir='ltr'><strong>illorum</strong></span> <span class='ocrx_word' id='word_1_102' title='bbox 1277 1429 1625 1498; x_wconf 85' lang='lat' dir='ltr'><strong>pulchritudi-</strong></span> 
     </span>
    </p>
   </div>
   <div class='ocr_carea' id='block_1_14' title="bbox 56 1521 1622 1595">
    <p class='ocr_par' dir='ltr' id='par_1_14' title="bbox 56 1521 1622 1595">
     <span class='ocr_line' id='line_1_14' title="bbox 56 1521 1622 1595; baseline -0.006 -11"><span class='ocrx_word' id='word_1_103' title='bbox 56 1544 139 1583; x_wconf 63' lang='lat' dir='ltr'><strong>nem</strong></span> <span class='ocrx_word' id='word_1_104' title='bbox 164 1528 480 1584; x_wconf 87' lang='lat' dir='ltr'><strong>dimanare.</strong></span> <span class='ocrx_word' id='word_1_105' title='bbox 509 1529 623 1583; x_wconf 81' lang='lat' dir='ltr'><strong>Hoc</strong></span> <span class='ocrx_word' id='word_1_106' title='bbox 645 1527 791 1583; x_wconf 90' lang='lat' dir='ltr'><strong>enim</strong></span> <span class='ocrx_word' id='word_1_107' title='bbox 817 1525 985 1595; x_wconf 88' lang='lat' dir='ltr'><strong>gloria</strong></span> <span class='ocrx_word' id='word_1_108' title='bbox 1005 1566 1021 1591; x_wconf 94' lang='lat'><strong>,</strong></span> <span class='ocrx_word' id='word_1_109' title='bbox 1052 1524 1256 1589; x_wconf 89' lang='lat' dir='ltr'><strong>honor,</strong></span> <span class='ocrx_word' id='word_1_110' title='bbox 1284 1532 1338 1577; x_wconf 90' lang='lat' dir='ltr'><strong>et</strong></span> <span class='ocrx_word' id='word_1_111' title='bbox 1356 1521 1622 1578; x_wconf 84' lang='lat' dir='ltr'><strong>securitas</strong></span> 
     </span>
    </p>
   </div>
   <div class='ocr_carea' id='block_1_15' title="bbox 52 1613 1617 1687">
    <p class='ocr_par' dir='ltr' id='par_1_15' title="bbox 52 1613 1617 1687">
     <span class='ocr_line' id='line_1_15' title="bbox 52 1613 1617 1687; baseline -0.003 -15"><span class='ocrx_word' id='word_1_112' title='bbox 52 1621 200 1685; x_wconf 59' lang='lat' dir='ltr'><strong>mnis,</strong></span> <span class='ocrx_word' id='word_1_113' title='bbox 230 1630 291 1673; x_wconf 88' lang='lat' dir='ltr'><strong>ut</strong></span> <span class='ocrx_word' id='word_1_114' title='bbox 326 1621 389 1675; x_wconf 87' lang='lat' dir='ltr'><strong>in</strong></span> <span class='ocrx_word' id='word_1_115' title='bbox 418 1620 653 1675; x_wconf 89' lang='lat' dir='ltr'><strong>circuitu</strong></span> <span class='ocrx_word' id='word_1_116' title='bbox 680 1618 800 1673; x_wconf 80' lang='lat' dir='ltr'><strong>solii</strong></span> <span class='ocrx_word' id='word_1_117' title='bbox 830 1617 971 1673; x_wconf 92' lang='lat' dir='ltr'><strong>illius</strong></span> <span class='ocrx_word' id='word_1_118' title='bbox 990 1624 1315 1687; x_wconf 88' lang='lat' dir='ltr'><strong>appareant.</strong></span> <span class='ocrx_word' id='word_1_119' title='bbox 1342 1613 1456 1670; x_wconf 84' lang='lat' dir='ltr'><strong>Hoc</strong></span> <span class='ocrx_word' id='word_1_120' title='bbox 1483 1623 1539 1669; x_wconf 91' lang='lat' dir='ltr'><strong>et</strong></span> <span class='ocrx_word' id='word_1_121' title='bbox 1566 1613 1617 1668; x_wconf 89' lang='lat' dir='ltr'><strong>in</strong></span> 
     </span>
    </p>
   </div>
   <div class='ocr_carea' id='block_1_16' title="bbox 50 1708 1617 1780">
    <p class='ocr_par' dir='ltr' id='par_1_16' title="bbox 50 1708 1617 1780">
     <span class='ocr_line' id='line_1_16' title="bbox 50 1708 1617 1780; baseline -0.004 -16"><span class='ocrx_word' id='word_1_122' title='bbox 50 1712 206 1780; x_wconf 69' lang='lat' dir='ltr'><strong>agetis</strong></span> <span class='ocrx_word' id='word_1_123' title='bbox 246 1726 497 1767; x_wconf 86' lang='lat' dir='ltr'><strong>cernere</strong></span> <span class='ocrx_word' id='word_1_124' title='bbox 550 1710 673 1766; x_wconf 89' lang='lat' dir='ltr'><strong>licet</strong></span> <span class='ocrx_word' id='word_1_125' title='bbox 702 1729 716 1765; x_wconf 91' lang='lat'><strong>:</strong></span> <span class='ocrx_word' id='word_1_126' title='bbox 742 1724 864 1763; x_wconf 89' lang='lat' dir='ltr'><strong>nam</strong></span> <span class='ocrx_word' id='word_1_127' title='bbox 894 1717 949 1764; x_wconf 92' lang='lat' dir='ltr'><strong>et</strong></span> <span class='ocrx_word' id='word_1_128' title='bbox 974 1708 1095 1763; x_wconf 92' lang='lat' dir='ltr'><strong>illos</strong></span> <span class='ocrx_word' id='word_1_129' title='bbox 1119 1721 1240 1762; x_wconf 88' lang='lat' dir='ltr'><strong>esse</strong></span> <span class='ocrx_word' id='word_1_130' title='bbox 1268 1719 1487 1776; x_wconf 88' lang='lat' dir='ltr'><strong>magnos</strong></span> <span class='ocrx_word' id='word_1_131' title='bbox 1518 1719 1617 1758; x_wconf 84' lang='lat' dir='ltr'><strong>vo-</strong></span> 
     </span>
    </p>
   </div>
   <div class='ocr_carea' id='block_1_17' title="bbox 48 1797 1613 1871">
    <p class='ocr_par' dir='ltr' id='par_1_17' title="bbox 48 1797 1613 1871">
     <span class='ocr_line' id='line_1_17' title="bbox 48 1797 1613 1871; baseline -0.004 -13"><span class='ocrx_word' id='word_1_132' title='bbox 48 1808 129 1858; x_wconf 54' lang='lat' dir='ltr'><strong>ices</strong></span> <span class='ocrx_word' id='word_1_133' title='bbox 149 1802 407 1861; x_wconf 80' lang='lat' dir='ltr'><strong>Christus</strong></span> <span class='ocrx_word' id='word_1_134' title='bbox 427 1804 725 1860; x_wconf 81' lang='lat' dir='ltr'><strong>ostendere</strong></span> <span class='ocrx_word' id='word_1_135' title='bbox 751 1844 767 1868; x_wconf 96' lang='lat'><strong>,</strong></span> <span class='ocrx_word' id='word_1_136' title='bbox 802 1818 906 1857; x_wconf 88' lang='lat' dir='ltr'><strong>non</strong></span> <span class='ocrx_word' id='word_1_137' title='bbox 935 1817 1033 1858; x_wconf 90' lang='lat' dir='ltr'><strong>eos</strong></span> <span class='ocrx_word' id='word_1_138' title='bbox 1064 1800 1287 1871; x_wconf 82' lang='lat' dir='ltr'><strong>angelos</strong></span> <span class='ocrx_word' id='word_1_139' title='bbox 1307 1812 1426 1855; x_wconf 86' lang='lat' dir='ltr'><strong>esse</strong></span> <span class='ocrx_word' id='word_1_140' title='bbox 1448 1797 1613 1862; x_wconf 84' lang='lat' dir='ltr'><strong>dixit,</strong></span> 
     </span>
    </p>
   </div>
   <div class='ocr_carea' id='block_1_18' title="bbox 45 1891 1614 1967">
    <p class='ocr_par' dir='ltr' id='par_1_18' title="bbox 45 1891 1614 1967">
     <span class='ocr_line' id='line_1_18' title="bbox 45 1891 1614 1967; baseline -0.004 -18"><span class='ocrx_word' id='word_1_141' title='bbox 45 1898 247 1951; x_wconf 80' lang='lat' dir='ltr'><strong>ettacuit</strong></span> <span class='ocrx_word' id='word_1_142' title='bbox 278 1915 295 1951; x_wconf 89' lang='lat'><strong>:</strong></span> <span class='ocrx_word' id='word_1_143' title='bbox 326 1897 432 1953; x_wconf 86' lang='lat' dir='ltr'><strong>sed</strong></span> <span class='ocrx_word' id='word_1_144' title='bbox 455 1938 474 1963; x_wconf 88' lang='lat'><strong>,</strong></span> <span class='ocrx_word' id='word_1_145' title='bbox 522 1896 657 1962; x_wconf 82' lang='lat' dir='ltr'><strong>Quia</strong></span> <span class='ocrx_word' id='word_1_146' title='bbox 703 1893 873 1967; x_wconf 84' lang='lat' dir='ltr'><strong>angeli</strong></span> <span class='ocrx_word' id='word_1_147' title='bbox 900 1910 1075 1950; x_wconf 87' lang='lat' dir='ltr'><strong>corum</strong></span> <span class='ocrx_word' id='word_1_148' title='bbox 1118 1909 1315 1963; x_wconf 78' lang='lat' dir='ltr'><strong>semper</strong></span> <span class='ocrx_word' id='word_1_149' title='bbox 1340 1891 1507 1946; x_wconf 76' lang='lat' dir='ltr'><strong>vident</strong></span> <span class='ocrx_word' id='word_1_150' title='bbox 1528 1894 1614 1963; x_wconf 80' lang='lat' dir='ltr'><strong>fa-</strong></span> 
     </span>
    </p>
   </div>
   <div class='ocr_carea' id='block_1_19' title="bbox 44 1982 1612 2060">
    <p class='ocr_par' dir='ltr' id='par_1_19' title="bbox 44 1982 1612 2060">
     <span class='ocr_line' id='line_1_19' title="bbox 44 1982 1612 2060; baseline -0.004 -19"><span class='ocrx_word' id='word_1_151' title='bbox 44 1992 135 2041; x_wconf 68' lang='lat' dir='ltr'><strong>na:</strong></span> <span class='ocrx_word' id='word_1_152' title='bbox 164 1988 347 2045; x_wconf 77' lang='lat' dir='ltr'><strong>Patr-is</strong></span> <span class='ocrx_word' id='word_1_153' title='bbox 382 1990 486 2044; x_wconf 83' lang='lat' dir='ltr'><strong>mei</strong></span> <span class='ocrx_word' id='word_1_154' title='bbox 512 1990 598 2060; x_wconf 80' lang='lat' dir='ltr'><strong>qui</strong></span> <span class='ocrx_word' id='word_1_155' title='bbox 621 1989 673 2042; x_wconf 86' lang='lat' dir='ltr'><strong>in</strong></span> <span class='ocrx_word' id='word_1_156' title='bbox 702 1988 840 2043; x_wconf 68' lang='lat' dir='ltr'><strong>cretis</strong></span> <span class='ocrx_word' id='word_1_157' title='bbox 863 1996 935 2041; x_wconf 84' lang='lat' dir='ltr'><strong>est</strong></span> <span class='ocrx_word' id='word_1_158' title='bbox 965 1985 1180 2055; x_wconf 79' lang='lat' dir='ltr'><strong>(Matth.</strong></span> <span class='ocrx_word' id='word_1_159' title='bbox 1208 1984 1296 2039; x_wconf 76' lang='lat' dir='ltr'><strong>i8.</strong></span> <span class='ocrx_word' id='word_1_160' title='bbox 1322 1983 1436 2053; x_wconf 73' lang='lat'><strong>10).</strong></span> <span class='ocrx_word' id='word_1_161' title='bbox 1479 1982 1612 2037; x_wconf 87' lang='lat' dir='ltr'><strong>Nam</strong></span> 
     </span>
    </p>
   </div>
   <div class='ocr_carea' id='block_1_20' title="bbox 46 2076 1613 2154">
    <p class='ocr_par' dir='ltr' id='par_1_20' title="bbox 46 2076 1613 2154">
     <span class='ocr_line' id='line_1_20' title="bbox 46 2076 1613 2154; baseline -0.006 -17"><span class='ocrx_word' id='word_1_162' title='bbox 46 2094 84 2137; x_wconf 79' lang='lat' dir='ltr'><strong>at</strong></span> <span class='ocrx_word' id='word_1_163' title='bbox 99 2084 190 2137; x_wconf 83' lang='lat' dir='ltr'><strong>illic</strong></span> <span class='ocrx_word' id='word_1_164' title='bbox 212 2083 478 2154; x_wconf 82' lang='lat' dir='ltr'><strong>angelica</strong></span> <span class='ocrx_word' id='word_1_165' title='bbox 508 2081 768 2152; x_wconf 83' lang='lat' dir='ltr'><strong>dignitate</strong></span> <span class='ocrx_word' id='word_1_166' title='bbox 791 2082 964 2149; x_wconf 87' lang='lat' dir='ltr'><strong>majus</strong></span> <span class='ocrx_word' id='word_1_167' title='bbox 986 2088 1068 2134; x_wconf 88' lang='lat' dir='ltr'><strong>est</strong></span> <span class='ocrx_word' id='word_1_168' title='bbox 1094 2077 1285 2133; x_wconf 80' lang='lat' dir='ltr'><strong>faciem</strong></span> <span class='ocrx_word' id='word_1_169' title='bbox 1321 2077 1494 2131; x_wconf 89' lang='lat' dir='ltr'><strong>Patris</strong></span> <span class='ocrx_word' id='word_1_170' title='bbox 1531 2076 1613 2128; x_wconf 86' lang='lat' dir='ltr'><strong>vi-</strong></span> 
     </span>
    </p>
   </div>
   <div class='ocr_carea' id='block_1_21' title="bbox 42 2168 1612 2246">
    <p class='ocr_par' dir='ltr' id='par_1_21' title="bbox 42 2168 1612 2246">
     <span class='ocr_line' id='line_1_21' title="bbox 42 2168 1612 2246; baseline -0.006 -16"><span class='ocrx_word' id='word_1_171' title='bbox 42 2178 167 2230; x_wconf 71' lang='lat' dir='ltr'><strong>dete:</strong></span> <span class='ocrx_word' id='word_1_172' title='bbox 194 2176 276 2231; x_wconf 85' lang='lat' dir='ltr'><strong>sic</strong></span> <span class='ocrx_word' id='word_1_173' title='bbox 304 2187 369 2231; x_wconf 85' lang='lat' dir='ltr'><strong>et</strong></span> <span class='ocrx_word' id='word_1_174' title='bbox 396 2175 662 2246; x_wconf 84' lang='lat' dir='ltr'><strong>dignitate</strong></span> <span class='ocrx_word' id='word_1_175' title='bbox 681 2172 959 2244; x_wconf 89' lang='lat' dir='ltr'><strong>Seraphim</strong></span> <span class='ocrx_word' id='word_1_176' title='bbox 987 2170 1158 2241; x_wconf 85' lang='lat' dir='ltr'><strong>majus</strong></span> <span class='ocrx_word' id='word_1_177' title='bbox 1198 2177 1281 2225; x_wconf 90' lang='lat' dir='ltr'><strong>est</strong></span> <span class='ocrx_word' id='word_1_178' title='bbox 1309 2169 1361 2224; x_wconf 92' lang='lat' dir='ltr'><strong>in</strong></span> <span class='ocrx_word' id='word_1_179' title='bbox 1387 2168 1612 2224; x_wconf 90' lang='lat' dir='ltr'><strong>circuitu</strong></span> 
     </span>
    </p>
   </div>
   <div class='ocr_carea' id='block_1_22' title="bbox 42 2260 1613 2337">
    <p class='ocr_par' dir='ltr' id='par_1_22' title="bbox 42 2260 1613 2337">
     <span class='ocr_line' id='line_1_22' title="bbox 42 2260 1613 2337; baseline -0.004 -14"><span class='ocrx_word' id='word_1_180' title='bbox 42 2280 148 2322; x_wconf 77' lang='lat' dir='ltr'><strong>stare</strong></span> <span class='ocrx_word' id='word_1_181' title='bbox 170 2269 328 2332; x_wconf 85' lang='lat' dir='ltr'><strong>solii,</strong></span> <span class='ocrx_word' id='word_1_182' title='bbox 366 2278 539 2337; x_wconf 87' lang='lat' dir='ltr'><strong>atque</strong></span> <span class='ocrx_word' id='word_1_183' title='bbox 578 2268 631 2321; x_wconf 89' lang='lat' dir='ltr'><strong>in</strong></span> <span class='ocrx_word' id='word_1_184' title='bbox 672 2281 859 2322; x_wconf 89' lang='lat' dir='ltr'><strong>eorum</strong></span> <span class='ocrx_word' id='word_1_185' title='bbox 889 2263 1069 2320; x_wconf 90' lang='lat' dir='ltr'><strong>medio</strong></span> <span class='ocrx_word' id='word_1_186' title='bbox 1116 2264 1289 2333; x_wconf 89' lang='lat' dir='ltr'><strong>ipsum</strong></span> <span class='ocrx_word' id='word_1_187' title='bbox 1329 2276 1470 2317; x_wconf 89' lang='lat' dir='ltr'><strong>esse.</strong></span> <span class='ocrx_word' id='word_1_188' title='bbox 1505 2260 1613 2317; x_wconf 87' lang='lat' dir='ltr'><strong>Sed</strong></span> 
     </span>
    </p>
   </div>
   <div class='ocr_carea' id='block_1_23' title="bbox 40 2353 1608 2437">
    <p class='ocr_par' dir='ltr' id='par_1_23' title="bbox 40 2353 1608 2437">
     <span class='ocr_line' id='line_1_23' title="bbox 40 2353 1608 2437; baseline -0.004 -23"><span class='ocrx_word' id='word_1_189' title='bbox 40 2362 186 2417; x_wconf 47' lang='lat' dir='ltr'><strong>yth-rc</strong></span> <span class='ocrx_word' id='word_1_190' title='bbox 229 2376 505 2431; x_wconf 76' lang='lat' dir='ltr'><strong>magnum</strong></span> <span class='ocrx_word' id='word_1_191' title='bbox 539 2361 653 2437; x_wconf 64' lang='lat' dir='ltr'><strong>ﬁeri</strong></span> <span class='ocrx_word' id='word_1_192' title='bbox 688 2365 863 2429; x_wconf 86' lang='lat' dir='ltr'><strong>potest</strong></span> <span class='ocrx_word' id='word_1_193' title='bbox 904 2366 962 2413; x_wconf 91' lang='lat' dir='ltr'><strong>ut</strong></span> <span class='ocrx_word' id='word_1_194' title='bbox 1004 2354 1315 2425; x_wconf 83' lang='lat' dir='ltr'><strong>adipiscaris</strong></span> <span class='ocrx_word' id='word_1_195' title='bbox 1358 2355 1401 2409; x_wconf 93' lang='lat' dir='ltr'><strong>si</strong></span> <span class='ocrx_word' id='word_1_196' title='bbox 1433 2353 1608 2408; x_wconf 86' lang='lat' dir='ltr'><strong>velis:</strong></span> 
     </span>
    </p>
   </div>
   <div class='ocr_carea' id='block_1_24' title="bbox 42 2447 1612 2521">
    <p class='ocr_par' dir='ltr' id='par_1_24' title="bbox 42 2447 1612 2521">
     <span class='ocr_line' id='line_1_24' title="bbox 42 2447 1612 2521; baseline -0.005 -11"><span class='ocrx_word' id='word_1_197' title='bbox 42 2474 116 2510; x_wconf 74' lang='lat' dir='ltr'><strong>mu</strong></span> <span class='ocrx_word' id='word_1_198' title='bbox 150 2460 293 2511; x_wconf 85' lang='lat' dir='ltr'><strong>enim</strong></span> <span class='ocrx_word' id='word_1_199' title='bbox 346 2465 439 2511; x_wconf 86' lang='lat' dir='ltr'><strong>est</strong></span> <span class='ocrx_word' id='word_1_200' title='bbox 477 2455 531 2508; x_wconf 91' lang='lat' dir='ltr'><strong>in</strong></span> <span class='ocrx_word' id='word_1_201' title='bbox 581 2453 757 2508; x_wconf 79' lang='lat' dir='ltr'><strong>medio</strong></span> <span class='ocrx_word' id='word_1_202' title='bbox 796 2450 1076 2521; x_wconf 88' lang='lat' dir='ltr'><strong>Seraphim</strong></span> <span class='ocrx_word' id='word_1_203' title='bbox 1107 2458 1333 2513; x_wconf 89' lang='lat' dir='ltr'><strong>tantum,</strong></span> <span class='ocrx_word' id='word_1_204' title='bbox 1359 2447 1452 2503; x_wconf 90' lang='lat' dir='ltr'><strong>sed</strong></span> <span class='ocrx_word' id='word_1_205' title='bbox 1480 2458 1533 2502; x_wconf 91' lang='lat' dir='ltr'><strong>et</strong></span> <span class='ocrx_word' id='word_1_206' title='bbox 1558 2447 1612 2502; x_wconf 88' lang='lat' dir='ltr'><strong>in</strong></span> 
     </span>
    </p>
   </div>
   <div class='ocr_carea' id='block_1_25' title="bbox 39 2541 1611 2618">
    <p class='ocr_par' dir='ltr' id='par_1_25' title="bbox 39 2541 1611 2618">
     <span class='ocr_line' id='line_1_25' title="bbox 39 2541 1611 2618; baseline -0.008 -13"><span class='ocrx_word' id='word_1_207' title='bbox 39 2550 177 2605; x_wconf 55' lang='lat' dir='ltr'><strong>ueho</strong></span> <span class='ocrx_word' id='word_1_208' title='bbox 204 2548 393 2605; x_wconf 86' lang='lat' dir='ltr'><strong>nostri</strong></span> <span class='ocrx_word' id='word_1_209' title='bbox 425 2550 663 2618; x_wconf 86' lang='lat' dir='ltr'><strong>ipsorum</strong></span> <span class='ocrx_word' id='word_1_210' title='bbox 686 2587 701 2610; x_wconf 82' lang='lat'><em>.</em></span> <span class='ocrx_word' id='word_1_211' title='bbox 730 2545 774 2600; x_wconf 91' lang='lat' dir='ltr'><strong>si</strong></span> <span class='ocrx_word' id='word_1_212' title='bbox 803 2544 1046 2600; x_wconf 76' lang='lat' dir='ltr'><strong>velimus.</strong></span> <span class='ocrx_word' id='word_1_213' title='bbox 1080 2542 1179 2599; x_wconf 87' lang='lat' dir='ltr'><strong>Ubi</strong></span> <span class='ocrx_word' id='word_1_214' title='bbox 1200 2543 1330 2596; x_wconf 86' lang='lat' dir='ltr'><strong>enim</strong></span> <span class='ocrx_word' id='word_1_215' title='bbox 1356 2548 1473 2595; x_wconf 86' lang='lat' dir='ltr'><strong>sunt</strong></span> <span class='ocrx_word' id='word_1_216' title='bbox 1509 2541 1611 2594; x_wconf 86' lang='lat' dir='ltr'><strong>duo</strong></span> 
     </span>
    </p>
   </div>
   <div class='ocr_carea' id='block_1_26' title="bbox 42 2632 1613 2711">
    <p class='ocr_par' dir='ltr' id='par_1_26' title="bbox 42 2632 1613 2711">
     <span class='ocr_line' id='line_1_26' title="bbox 42 2632 1613 2711; baseline -0.004 -20"><span class='ocrx_word' id='word_1_217' title='bbox 42 2646 93 2692; x_wconf 61' lang='lat' dir='ltr'><strong>rei</strong></span> <span class='ocrx_word' id='word_1_218' title='bbox 113 2652 197 2695; x_wconf 79' lang='lat' dir='ltr'><strong>trrs</strong></span> <span class='ocrx_word' id='word_1_219' title='bbox 224 2639 540 2711; x_wconf 69' lang='lat' dir='ltr'><strong>congregati</strong></span> <span class='ocrx_word' id='word_1_220' title='bbox 560 2678 575 2703; x_wconf 91' lang='lat'><strong>,</strong></span> <span class='ocrx_word' id='word_1_221' title='bbox 607 2637 811 2707; x_wconf 84' lang='lat' dir='ltr'><strong>inquit,</strong></span> <span class='ocrx_word' id='word_1_222' title='bbox 835 2636 890 2690; x_wconf 86' lang='lat' dir='ltr'><strong>in</strong></span> <span class='ocrx_word' id='word_1_223' title='bbox 915 2636 1115 2690; x_wconf 83' lang='lat' dir='ltr'><strong>nomine</strong></span> <span class='ocrx_word' id='word_1_224' title='bbox 1152 2650 1288 2697; x_wconf 84' lang='lat' dir='ltr'><strong>meo.</strong></span> <span class='ocrx_word' id='word_1_225' title='bbox 1320 2634 1387 2687; x_wconf 85' lang='lat' dir='ltr'><strong>ibi</strong></span> <span class='ocrx_word' id='word_1_226' title='bbox 1416 2648 1529 2687; x_wconf 85' lang='lat' dir='ltr'><strong>sum</strong></span> <span class='ocrx_word' id='word_1_227' title='bbox 1557 2632 1613 2686; x_wconf 84' lang='lat' dir='ltr'><strong>in</strong></span> 
     </span>
    </p>
   </div>
   <div class='ocr_carea' id='block_1_27' title="bbox 40 2727 1608 2803">
    <p class='ocr_par' dir='ltr' id='par_1_27' title="bbox 40 2727 1608 2803">
     <span class='ocr_line' id='line_1_27' title="bbox 40 2727 1608 2803; baseline -0.004 -15"><span class='ocrx_word' id='word_1_228' title='bbox 40 2735 163 2787; x_wconf 60' lang='lat' dir='ltr'><strong>modo</strong></span> <span class='ocrx_word' id='word_1_229' title='bbox 175 2751 365 2788; x_wconf 62' lang='lat' dir='ltr'><strong>manu</strong></span> <span class='ocrx_word' id='word_1_230' title='bbox 388 2732 605 2803; x_wconf 70' lang='lat' dir='ltr'><strong>(Matth.</strong></span> <span class='ocrx_word' id='word_1_231' title='bbox 630 2729 852 2802; x_wconf 66' lang='lat'><strong>18.20);</strong></span> <span class='ocrx_word' id='word_1_232' title='bbox 883 2738 957 2797; x_wconf 89' lang='lat' dir='ltr'><strong>et,</strong></span> <span class='ocrx_word' id='word_1_233' title='bbox 976 2728 1225 2784; x_wconf 76' lang='lat' dir='ltr'><strong>Dominus</strong></span> <span class='ocrx_word' id='word_1_234' title='bbox 1248 2729 1397 2798; x_wconf 73' lang='lat' dir='ltr'><strong>iuxta</strong></span> <span class='ocrx_word' id='word_1_235' title='bbox 1421 2736 1491 2784; x_wconf 84' lang='lat' dir='ltr'><strong>est</strong></span> <span class='ocrx_word' id='word_1_236' title='bbox 1510 2727 1574 2782; x_wconf 85' lang='lat' dir='ltr'><strong>iis</strong></span> <span class='ocrx_word' id='word_1_237' title='bbox 1590 2768 1608 2796; x_wconf 93' lang='lat'><strong>,</strong></span> 
     </span>
    </p>
   </div>
   <div class='ocr_carea' id='block_1_28' title="bbox 43 2820 1604 2893">
    <p class='ocr_par' dir='ltr' id='par_1_28' title="bbox 43 2820 1604 2893">
     <span class='ocr_line' id='line_1_28' title="bbox 43 2820 1604 2893; baseline -0.003 -13"><span class='ocrx_word' id='word_1_238' title='bbox 43 2830 99 2893; x_wconf 63' lang='lat' dir='ltr'><strong>sai</strong></span> <span class='ocrx_word' id='word_1_239' title='bbox 114 2828 329 2880; x_wconf 69' lang='lat' dir='ltr'><strong>contrito</strong></span> <span class='ocrx_word' id='word_1_240' title='bbox 350 2835 480 2880; x_wconf 85' lang='lat' dir='ltr'><strong>sunt</strong></span> <span class='ocrx_word' id='word_1_241' title='bbox 505 2826 674 2891; x_wconf 85' lang='lat' dir='ltr'><strong>corde,</strong></span> <span class='ocrx_word' id='word_1_242' title='bbox 699 2835 745 2879; x_wconf 86' lang='lat' dir='ltr'><strong>et</strong></span> <span class='ocrx_word' id='word_1_243' title='bbox 766 2824 978 2878; x_wconf 79' lang='lat' dir='ltr'><strong>humiles</strong></span> <span class='ocrx_word' id='word_1_244' title='bbox 1000 2824 1180 2891; x_wconf 79' lang='lat' dir='ltr'><strong>spiritu</strong></span> <span class='ocrx_word' id='word_1_245' title='bbox 1200 2822 1413 2876; x_wconf 84' lang='lat' dir='ltr'><strong>salvabit</strong></span> <span class='ocrx_word' id='word_1_246' title='bbox 1435 2820 1604 2892; x_wconf 82' lang='lat' dir='ltr'><strong>(Psal.</strong></span> 
     </span>
    </p>
   </div>
   <div class='ocr_carea' id='block_1_29' title="bbox 44 2916 1609 2989">
    <p class='ocr_par' dir='ltr' id='par_1_29' title="bbox 44 2916 1609 2989">
     <span class='ocr_line' id='line_1_29' title="bbox 44 2916 1609 2989; baseline -0.004 -15"><span class='ocrx_word' id='word_1_247' title='bbox 44 2921 220 2989; x_wconf 64' lang='lat'><strong>3.19).</strong></span> <span class='ocrx_word' id='word_1_248' title='bbox 246 2921 554 2989; x_wconf 85' lang='lat' dir='ltr'><strong>Pr0pterea</strong></span> <span class='ocrx_word' id='word_1_249' title='bbox 578 2919 772 2973; x_wconf 90' lang='lat' dir='ltr'><strong>clamat</strong></span> <span class='ocrx_word' id='word_1_250' title='bbox 789 2917 949 2972; x_wconf 89' lang='lat' dir='ltr'><strong>etiam</strong></span> <span class='ocrx_word' id='word_1_251' title='bbox 974 2916 1173 2971; x_wconf 87' lang='lat' dir='ltr'><strong>Paulus</strong></span> <span class='ocrx_word' id='word_1_252' title='bbox 1201 2932 1215 2969; x_wconf 92' lang='lat'><strong>:</strong></span> <span class='ocrx_word' id='word_1_253' title='bbox 1248 2916 1377 2983; x_wconf 66' lang='lat' dir='ltr'><strong>Quae</strong></span> <span class='ocrx_word' id='word_1_254' title='bbox 1406 2930 1609 2970; x_wconf 82' lang='lat' dir='ltr'><strong>sursum</strong></span> 
     </span>
    </p>
   </div>
   <div class='ocr_carea' id='block_1_30' title="bbox 48 3006 1609 3082">
    <p class='ocr_par' dir='ltr' id='par_1_30' title="bbox 48 3006 1609 3082">
     <span class='ocr_line' id='line_1_30' title="bbox 48 3006 1609 3082; baseline -0.004 -17"><span class='ocrx_word' id='word_1_255' title='bbox 48 3024 121 3065; x_wconf 64' lang='lat' dir='ltr'><strong>ttat</strong></span> <span class='ocrx_word' id='word_1_256' title='bbox 143 3014 312 3082; x_wconf 78' lang='lat' dir='ltr'><strong>sapite</strong></span> <span class='ocrx_word' id='word_1_257' title='bbox 337 3055 355 3072; x_wconf 87' lang='lat'><strong>.</strong></span> <span class='ocrx_word' id='word_1_258' title='bbox 408 3011 495 3064; x_wconf 82' lang='lat' dir='ltr'><strong>ubi</strong></span> <span class='ocrx_word' id='word_1_259' title='bbox 541 3010 770 3065; x_wconf 80' lang='lat' dir='ltr'><strong>Christus</strong></span> <span class='ocrx_word' id='word_1_260' title='bbox 815 3016 887 3063; x_wconf 81' lang='lat' dir='ltr'><strong>est</strong></span> <span class='ocrx_word' id='word_1_261' title='bbox 932 3008 987 3062; x_wconf 88' lang='lat' dir='ltr'><strong>in</strong></span> <span class='ocrx_word' id='word_1_262' title='bbox 1034 3008 1244 3063; x_wconf 70' lang='lat' dir='ltr'><strong>dextera</strong></span> <span class='ocrx_word' id='word_1_263' title='bbox 1288 3006 1386 3060; x_wconf 88' lang='lat' dir='ltr'><strong>Dei</strong></span> <span class='ocrx_word' id='word_1_264' title='bbox 1432 3006 1609 3059; x_wconf 82' lang='lat' dir='ltr'><strong>sedens</strong></span> 
     </span>
    </p>
   </div>
   <div class='ocr_carea' id='block_1_31' title="bbox 46 3097 1607 3171">
    <p class='ocr_par' dir='ltr' id='par_1_31' title="bbox 46 3097 1607 3171">
     <span class='ocr_line' id='line_1_31' title="bbox 46 3097 1607 3171; baseline -0.006 -12"><span class='ocrx_word' id='word_1_265' title='bbox 46 3102 218 3169; x_wconf 50' lang='lat' dir='ltr'><strong>(Galam.</strong></span> <span class='ocrx_word' id='word_1_266' title='bbox 252 3105 314 3160; x_wconf 78' lang='lat'><strong>5.</strong></span> <span class='ocrx_word' id='word_1_267' title='bbox 348 3103 437 3171; x_wconf 77' lang='lat'><strong>2).</strong></span> <span class='ocrx_word' id='word_1_268' title='bbox 473 3101 635 3156; x_wconf 75' lang='lat' dir='ltr'><strong>Vides</strong></span> <span class='ocrx_word' id='word_1_269' title='bbox 666 3109 724 3155; x_wconf 91' lang='lat' dir='ltr'><strong>ut</strong></span> <span class='ocrx_word' id='word_1_270' title='bbox 752 3114 853 3155; x_wconf 89' lang='lat' dir='ltr'><strong>nos</strong></span> <span class='ocrx_word' id='word_1_271' title='bbox 878 3113 999 3155; x_wconf 91' lang='lat' dir='ltr'><strong>cum</strong></span> <span class='ocrx_word' id='word_1_272' title='bbox 1031 3097 1311 3167; x_wconf 88' lang='lat' dir='ltr'><strong>Seraphim</strong></span> <span class='ocrx_word' id='word_1_273' title='bbox 1339 3097 1607 3163; x_wconf 89' lang='lat' dir='ltr'><strong>statuerit,</strong></span> 
     </span>
    </p>
   </div>
   <div class='ocr_carea' id='block_1_32' title="bbox 40 3187 1605 3264">
    <p class='ocr_par' dir='ltr' id='par_1_32' title="bbox 40 3187 1605 3264">
     <span class='ocr_line' id='line_1_32' title="bbox 40 3187 1605 3264; baseline -0.001 -19"><span class='ocrx_word' id='word_1_274' title='bbox 40 3196 222 3261; x_wconf 71' lang='lat' dir='ltr'><strong>ejuxta</strong></span> <span class='ocrx_word' id='word_1_275' title='bbox 252 3194 479 3264; x_wconf 61' lang='lat' dir='ltr'><strong>regium</strong></span> <span class='ocrx_word' id='word_1_276' title='bbox 520 3192 712 3247; x_wconf 90' lang='lat' dir='ltr'><strong>solium</strong></span> <span class='ocrx_word' id='word_1_277' title='bbox 740 3189 1062 3246; x_wconf 81' lang='lat' dir='ltr'><strong>deduxerit?</strong></span> <span class='ocrx_word' id='word_1_278' title='bbox 1105 3187 1308 3244; x_wconf 87' lang='lat' dir='ltr'><strong>Deinde</strong></span> <span class='ocrx_word' id='word_1_279' title='bbox 1349 3187 1561 3258; x_wconf 89' lang='lat' dir='ltr'><strong>subjicit</strong></span> <span class='ocrx_word' id='word_1_280' title='bbox 1592 3204 1605 3244; x_wconf 94' lang='lat'>:</span> 
     </span>
    </p>
   </div>
   <div class='ocr_carea' id='block_1_33' title="bbox 36 3282 1610 3357">
    <p class='ocr_par' dir='ltr' id='par_1_33' title="bbox 36 3282 1610 3357">
     <span class='ocr_line' id='line_1_33' title="bbox 36 3282 1610 3357; baseline -0.001 -16"><span class='ocrx_word' id='word_1_281' title='bbox 36 3288 115 3341; x_wconf 55' lang='grc' dir='ltr'><strong>δεῖ</strong></span> <span class='ocrx_word' id='word_1_282' title='bbox 138 3290 235 3345; x_wconf 68' lang='lat' dir='ltr'><strong>ab:</strong></span> <span class='ocrx_word' id='word_1_283' title='bbox 258 3289 394 3352; x_wconf 80' lang='lat' dir='ltr'><strong>uni,</strong></span> <span class='ocrx_word' id='word_1_284' title='bbox 424 3297 475 3342; x_wconf 81' lang='lat' dir='ltr'><strong>et</strong></span> <span class='ocrx_word' id='word_1_285' title='bbox 502 3303 592 3342; x_wconf 64' lang='lat' dir='ltr'><strong>sec</strong></span> <span class='ocrx_word' id='word_1_286' title='bbox 618 3286 716 3341; x_wconf 71' lang='lat' dir='ltr'><strong>alte</strong></span> <span class='ocrx_word' id='word_1_287' title='bbox 732 3285 877 3341; x_wconf 84' lang='lat' dir='ltr'><strong>alteri</strong></span> <span class='ocrx_word' id='word_1_288' title='bbox 903 3284 923 3357; x_wconf 88' lang='lat'>(</span> <span class='ocrx_word' id='word_1_289' title='bbox 944 3282 1072 3341; x_wconf 86' lang='lat' dir='ltr'><strong>Isai.</strong></span> <span class='ocrx_word' id='word_1_290' title='bbox 1101 3283 1154 3340; x_wconf 88' lang='lat'><strong>6.</strong></span> <span class='ocrx_word' id='word_1_291' title='bbox 1183 3282 1261 3357; x_wconf 67' lang='lat'><strong>9).</strong></span> <span class='ocrx_word' id='word_1_292' title='bbox 1290 3282 1425 3352; x_wconf 87' lang='lat' dir='ltr'><strong>Quid</strong></span> <span class='ocrx_word' id='word_1_293' title='bbox 1454 3282 1610 3339; x_wconf 89' lang='lat' dir='ltr'><strong>nobis</strong></span> 
     </span>
    </p>
   </div>
   <div class='ocr_carea' id='block_1_34' title="bbox 32 3373 1603 3447">
    <p class='ocr_par' dir='ltr' id='par_1_34' title="bbox 32 3373 1603 3447">
     <span class='ocr_line' id='line_1_34' title="bbox 32 3373 1603 3447; baseline -0.001 -18"><span class='ocrx_word' id='word_1_294' title='bbox 32 3380 93 3432; x_wconf 75' lang='lat' dir='ltr'><strong>hc</strong></span> <span class='ocrx_word' id='word_1_295' title='bbox 124 3396 215 3433; x_wconf 73' lang='lat' dir='ltr'><strong>sex</strong></span> <span class='ocrx_word' id='word_1_296' title='bbox 260 3379 374 3433; x_wconf 64' lang='lat' dir='ltr'><strong>alae</strong></span> <span class='ocrx_word' id='word_1_297' title='bbox 415 3376 735 3447; x_wconf 84' lang='lat' dir='ltr'><strong>designant?</strong></span> <span class='ocrx_word' id='word_1_298' title='bbox 774 3374 1120 3430; x_wconf 87' lang='lat' dir='ltr'><strong>Altitudiuem</strong></span> <span class='ocrx_word' id='word_1_299' title='bbox 1142 3417 1157 3441; x_wconf 96' lang='lat'><strong>,</strong></span> <span class='ocrx_word' id='word_1_300' title='bbox 1186 3373 1603 3437; x_wconf 87' lang='lat' dir='ltr'><strong>sublimitatem,</strong></span> 
     </span>
    </p>
   </div>
   <div class='ocr_carea' id='block_1_35' title="bbox 32 3465 1606 3535">
    <p class='ocr_par' dir='ltr' id='par_1_35' title="bbox 32 3465 1606 3535">
     <span class='ocr_line' id='line_1_35' title="bbox 32 3465 1606 3535; baseline 0.003 -18"><span class='ocrx_word' id='word_1_301' title='bbox 32 3470 278 3525; x_wconf 56' lang='lat' dir='ltr'><strong>iacntem</strong></span> <span class='ocrx_word' id='word_1_302' title='bbox 299 3512 316 3533; x_wconf 95' lang='lat'><strong>,</strong></span> <span class='ocrx_word' id='word_1_303' title='bbox 342 3469 678 3524; x_wconf 86' lang='lat' dir='ltr'><strong>celeritatem</strong></span> <span class='ocrx_word' id='word_1_304' title='bbox 706 3478 1013 3522; x_wconf 83' lang='lat' dir='ltr'><strong>naturarum</strong></span> <span class='ocrx_word' id='word_1_305' title='bbox 1053 3466 1288 3521; x_wconf 87' lang='lat' dir='ltr'><strong>illarum.</strong></span> <span class='ocrx_word' id='word_1_306' title='bbox 1320 3465 1606 3535; x_wconf 81' lang='lat' dir='ltr'><strong>Propterea</strong></span> 
     </span>
    </p>
   </div>
   <div class='ocr_carea' id='block_1_36' title="bbox 28 3556 1605 3632">
    <p class='ocr_par' dir='ltr' id='par_1_36' title="bbox 28 3556 1605 3632">
     <span class='ocr_line' id='line_1_36' title="bbox 28 3556 1605 3632; baseline -0.001 -19"><span class='ocrx_word' id='word_1_307' title='bbox 28 3562 223 3617; x_wconf 73' lang='lat' dir='ltr'><strong>Gabriel</strong></span> <span class='ocrx_word' id='word_1_308' title='bbox 248 3576 474 3632; x_wconf 88' lang='lat' dir='ltr'><strong>quoque</strong></span> <span class='ocrx_word' id='word_1_309' title='bbox 514 3559 789 3616; x_wconf 88' lang='lat' dir='ltr'><strong>descendit</strong></span> <span class='ocrx_word' id='word_1_310' title='bbox 826 3559 1035 3625; x_wconf 86' lang='lat' dir='ltr'><strong>alatus,</strong></span> <span class='ocrx_word' id='word_1_311' title='bbox 1061 3574 1168 3615; x_wconf 92' lang='lat' dir='ltr'><strong>non</strong></span> <span class='ocrx_word' id='word_1_312' title='bbox 1200 3556 1341 3629; x_wconf 88' lang='lat' dir='ltr'><strong>quod</strong></span> <span class='ocrx_word' id='word_1_313' title='bbox 1379 3557 1478 3613; x_wconf 90' lang='lat' dir='ltr'><strong>alis</strong></span> <span class='ocrx_word' id='word_1_314' title='bbox 1521 3558 1605 3612; x_wconf 84' lang='lat' dir='ltr'><strong>iu-</strong></span> 
     </span>
    </p>
   </div>
   <div class='ocr_carea' id='block_1_37' title="bbox 26 3648 1609 3724">
    <p class='ocr_par' dir='ltr' id='par_1_37' title="bbox 26 3648 1609 3724">
     <span class='ocr_line' id='line_1_37' title="bbox 26 3648 1609 3724; baseline -0.004 -16"><span class='ocrx_word' id='word_1_315' title='bbox 26 3666 209 3709; x_wconf 69' lang='lat' dir='ltr'><strong>sancta</strong></span> <span class='ocrx_word' id='word_1_316' title='bbox 239 3657 317 3708; x_wconf 90' lang='lat' dir='ltr'><strong>sit</strong></span> <span class='ocrx_word' id='word_1_317' title='bbox 344 3655 664 3724; x_wconf 88' lang='lat' dir='ltr'><strong>incorporea</strong></span> <span class='ocrx_word' id='word_1_318' title='bbox 695 3652 780 3706; x_wconf 91' lang='lat' dir='ltr'><strong>illa</strong></span> <span class='ocrx_word' id='word_1_319' title='bbox 810 3660 1034 3717; x_wconf 88' lang='lat' dir='ltr'><strong>natura,</strong></span> <span class='ocrx_word' id='word_1_320' title='bbox 1079 3649 1176 3707; x_wconf 86' lang='lat' dir='ltr'><strong>sed</strong></span> <span class='ocrx_word' id='word_1_321' title='bbox 1202 3648 1344 3720; x_wconf 90' lang='lat' dir='ltr'><strong>quod</strong></span> <span class='ocrx_word' id='word_1_322' title='bbox 1369 3649 1436 3704; x_wconf 90' lang='lat' dir='ltr'><strong>ab</strong></span> <span class='ocrx_word' id='word_1_323' title='bbox 1462 3648 1609 3703; x_wconf 86' lang='lat' dir='ltr'><strong>altis-</strong></span> 
     </span>
    </p>
   </div>
   <div class='ocr_carea' id='block_1_38' title="bbox 28 3743 1608 3813">
    <p class='ocr_par' dir='ltr' id='par_1_38' title="bbox 28 3743 1608 3813">
     <span class='ocr_line' id='line_1_38' title="bbox 28 3743 1608 3813; baseline -0.004 -11"><span class='ocrx_word' id='word_1_324' title='bbox 187 3750 207 3779; x_wconf 76' lang='grc' dir='ltr'>ι</span> <span class='ocrx_word' id='word_1_325' title='bbox 238 3746 381 3802; x_wconf 87' lang='lat' dir='ltr'><strong>locis</strong></span> <span class='ocrx_word' id='word_1_326' title='bbox 408 3747 515 3801; x_wconf 90' lang='lat' dir='ltr'><strong>illis</strong></span> <span class='ocrx_word' id='word_1_327' title='bbox 557 3743 932 3809; x_wconf 88' lang='lat' dir='ltr'><strong>descenderit,</strong></span> <span class='ocrx_word' id='word_1_328' title='bbox 964 3758 1028 3800; x_wconf 89' lang='lat' dir='ltr'><strong>ac</strong></span> <span class='ocrx_word' id='word_1_329' title='bbox 1063 3743 1310 3813; x_wconf 87' lang='lat' dir='ltr'><strong>supernis</strong></span> <span class='ocrx_word' id='word_1_330' title='bbox 1346 3743 1451 3797; x_wconf 90' lang='lat' dir='ltr'><strong>illis</strong></span> <span class='ocrx_word' id='word_1_331' title='bbox 1478 3757 1608 3797; x_wconf 89' lang='lat' dir='ltr'><strong>con-</strong></span> 
     </span>
    </p>
   </div>
   <div class='ocr_carea' id='block_1_39' title="bbox 30 3836 1609 3905">
    <p class='ocr_par' dir='ltr' id='par_1_39' title="bbox 30 3836 1609 3905">
     <span class='ocr_line' id='line_1_39' title="bbox 30 3836 1609 3905; baseline -0.002 -12"><span class='ocrx_word' id='word_1_332' title='bbox 30 3842 257 3894; x_wconf 65' lang='lat' dir='ltr'><strong>ventibus</strong></span> <span class='ocrx_word' id='word_1_333' title='bbox 273 3839 482 3893; x_wconf 87' lang='lat' dir='ltr'><strong>relictis</strong></span> <span class='ocrx_word' id='word_1_334' title='bbox 495 3837 789 3893; x_wconf 87' lang='lat' dir='ltr'><strong>advenerit.</strong></span> <span class='ocrx_word' id='word_1_335' title='bbox 807 3837 942 3905; x_wconf 87' lang='lat' dir='ltr'><strong>Quid</strong></span> <span class='ocrx_word' id='word_1_336' title='bbox 962 3847 1142 3892; x_wconf 90' lang='lat' dir='ltr'><strong>autem</strong></span> <span class='ocrx_word' id='word_1_337' title='bbox 1158 3837 1257 3891; x_wconf 87' lang='lat' dir='ltr'><strong>sibi</strong></span> <span class='ocrx_word' id='word_1_338' title='bbox 1275 3836 1386 3892; x_wconf 88' lang='lat' dir='ltr'><strong>vult</strong></span> <span class='ocrx_word' id='word_1_339' title='bbox 1404 3837 1609 3891; x_wconf 89' lang='lat' dir='ltr'><strong>alarum</strong></span> 
     </span>
    </p>
   </div>
   <div class='ocr_carea' id='block_1_40' title="bbox 28 3927 1612 4000">
    <p class='ocr_par' dir='ltr' id='par_1_40' title="bbox 28 3927 1612 4000">
     <span class='ocr_line' id='line_1_40' title="bbox 28 3927 1612 4000; baseline -0.001 -16"><span class='ocrx_word' id='word_1_340' title='bbox 28 3932 309 3985; x_wconf 68' lang='lat' dir='ltr'><strong>maenis?</strong></span> <span class='ocrx_word' id='word_1_341' title='bbox 354 3930 471 3986; x_wconf 84' lang='lat' dir='ltr'><strong>Hoc</strong></span> <span class='ocrx_word' id='word_1_342' title='bbox 510 3931 630 3985; x_wconf 86' lang='lat' dir='ltr'><strong>loco</strong></span> <span class='ocrx_word' id='word_1_343' title='bbox 673 3939 853 3984; x_wconf 88' lang='lat' dir='ltr'><strong>nostra</strong></span> <span class='ocrx_word' id='word_1_344' title='bbox 900 3929 1342 4000; x_wconf 86' lang='lat' dir='ltr'><strong>interpretatione</strong></span> <span class='ocrx_word' id='word_1_345' title='bbox 1369 3927 1501 3983; x_wconf 87' lang='lat' dir='ltr'><strong>nihil</strong></span> <span class='ocrx_word' id='word_1_346' title='bbox 1528 3936 1612 3984; x_wconf 88' lang='lat' dir='ltr'><strong>est</strong></span> 
     </span>
    </p>
   </div>
   <div class='ocr_carea' id='block_1_41' title="bbox 25 4021 1610 4092">
    <p class='ocr_par' dir='ltr' id='par_1_41' title="bbox 25 4021 1610 4092">
     <span class='ocr_line' id='line_1_41' title="bbox 25 4021 1610 4092; baseline 0 -18"><span class='ocrx_word' id='word_1_347' title='bbox 25 4040 141 4091; x_wconf 59' lang='lat' dir='ltr'><strong>oms</strong></span> <span class='ocrx_word' id='word_1_348' title='bbox 172 4046 188 4077; x_wconf 87' lang='lat'><strong>;</strong></span> <span class='ocrx_word' id='word_1_349' title='bbox 224 4026 464 4092; x_wconf 84' lang='lat' dir='ltr'><strong>seipsatu</strong></span> <span class='ocrx_word' id='word_1_350' title='bbox 495 4024 634 4077; x_wconf 88' lang='lat' dir='ltr'><strong>enim</strong></span> <span class='ocrx_word' id='word_1_351' title='bbox 664 4022 833 4076; x_wconf 86' lang='lat' dir='ltr'><strong>oratio</strong></span> <span class='ocrx_word' id='word_1_352' title='bbox 864 4025 993 4078; x_wconf 87' lang='lat' dir='ltr'><strong>satis</strong></span> <span class='ocrx_word' id='word_1_353' title='bbox 1027 4022 1308 4091; x_wconf 84' lang='lat' dir='ltr'><strong>exposuit,</strong></span> <span class='ocrx_word' id='word_1_354' title='bbox 1338 4036 1458 4076; x_wconf 92' lang='lat' dir='ltr'><strong>cum</strong></span> <span class='ocrx_word' id='word_1_355' title='bbox 1490 4021 1610 4075; x_wconf 89' lang='lat' dir='ltr'><strong>illa-</strong></span> 
     </span>
    </p>
   </div>
   <div class='ocr_carea' id='block_1_42' title="bbox 20 4114 1607 4186">
    <p class='ocr_par' dir='ltr' id='par_1_42' title="bbox 20 4114 1607 4186">
     <span class='ocr_line' id='line_1_42' title="bbox 20 4114 1607 4186; baseline -0.001 -17"><span class='ocrx_word' id='word_1_356' title='bbox 20 4132 129 4169; x_wconf 82' lang='lat' dir='ltr'><strong>rum</strong></span> <span class='ocrx_word' id='word_1_357' title='bbox 180 4117 345 4170; x_wconf 88' lang='lat' dir='ltr'><strong>nobis</strong></span> <span class='ocrx_word' id='word_1_358' title='bbox 390 4130 548 4170; x_wconf 88' lang='lat' dir='ltr'><strong>usum</strong></span> <span class='ocrx_word' id='word_1_359' title='bbox 598 4115 850 4171; x_wconf 80' lang='lat' dir='ltr'><strong>indicavit</strong></span> <span class='ocrx_word' id='word_1_360' title='bbox 879 4130 894 4168; x_wconf 88' lang='lat'><strong>:</strong></span> <span class='ocrx_word' id='word_1_361' title='bbox 927 4114 1140 4170; x_wconf 86' lang='lat' dir='ltr'><strong>Duabus</strong></span> <span class='ocrx_word' id='word_1_362' title='bbox 1183 4115 1326 4170; x_wconf 91' lang='lat' dir='ltr'><strong>enim</strong></span> <span class='ocrx_word' id='word_1_363' title='bbox 1351 4156 1367 4180; x_wconf 95' lang='lat'><strong>,</strong></span> <span class='ocrx_word' id='word_1_364' title='bbox 1400 4116 1607 4186; x_wconf 89' lang='lat' dir='ltr'><strong>inquit,</strong></span> 
     </span>
    </p>
   </div>
   <div class='ocr_carea' id='block_1_43' title="bbox 20 4206 1609 4277">
    <p class='ocr_par' dir='ltr' id='par_1_43' title="bbox 20 4206 1609 4277">
     <span class='ocr_line' id='line_1_43' title="bbox 20 4206 1609 4277; baseline -0.001 -15"><span class='ocrx_word' id='word_1_365' title='bbox 20 4210 305 4275; x_wconf 69' lang='lat' dir='ltr'><strong>aperiebant</strong></span> <span class='ocrx_word' id='word_1_366' title='bbox 328 4208 517 4267; x_wconf 81' lang='lat' dir='ltr'><strong>faciem</strong></span> <span class='ocrx_word' id='word_1_367' title='bbox 552 4224 731 4275; x_wconf 82' lang='lat' dir='ltr'><strong>suam;</strong></span> <span class='ocrx_word' id='word_1_368' title='bbox 759 4207 979 4273; x_wconf 89' lang='lat' dir='ltr'><strong>merito,</strong></span> <span class='ocrx_word' id='word_1_369' title='bbox 1004 4216 1272 4277; x_wconf 86' lang='lat' dir='ltr'><strong>tamquam</strong></span> <span class='ocrx_word' id='word_1_370' title='bbox 1298 4206 1483 4263; x_wconf 88' lang='lat' dir='ltr'><strong>oculos</strong></span> <span class='ocrx_word' id='word_1_371' title='bbox 1507 4206 1609 4261; x_wconf 84' lang='lat' dir='ltr'><strong>du-</strong></span> 
     </span>
    </p>
   </div>
   <div class='ocr_carea' id='block_1_44' title="bbox 24 4298 1610 4369">
    <p class='ocr_par' dir='ltr' id='par_1_44' title="bbox 24 4298 1610 4369">
     <span class='ocr_line' id='line_1_44' title="bbox 24 4298 1610 4369; baseline 0.001 -18"><span class='ocrx_word' id='word_1_372' title='bbox 24 4303 132 4359; x_wconf 68' lang='lat' dir='ltr'><strong>[elici</strong></span> <span class='ocrx_word' id='word_1_373' title='bbox 163 4299 409 4369; x_wconf 80' lang='lat' dir='ltr'><strong>quodam</strong></span> <span class='ocrx_word' id='word_1_374' title='bbox 441 4309 596 4369; x_wconf 87' lang='lat' dir='ltr'><strong>septo</strong></span> <span class='ocrx_word' id='word_1_375' title='bbox 619 4299 923 4354; x_wconf 90' lang='lat' dir='ltr'><strong>munientes</strong></span> <span class='ocrx_word' id='word_1_376' title='bbox 944 4340 959 4363; x_wconf 94' lang='lat'><strong>,</strong></span> <span class='ocrx_word' id='word_1_377' title='bbox 1006 4298 1146 4369; x_wconf 91' lang='lat' dir='ltr'><strong>quod</strong></span> <span class='ocrx_word' id='word_1_378' title='bbox 1179 4298 1514 4354; x_wconf 84' lang='lat' dir='ltr'><strong>cxsilieutem</strong></span> <span class='ocrx_word' id='word_1_379' title='bbox 1542 4298 1610 4352; x_wconf 84' lang='lat' dir='ltr'><strong>ab</strong></span> 
     </span>
    </p>
   </div>
   <div class='ocr_carea' id='block_1_45' title="bbox 30 4388 1607 4461">
    <p class='ocr_par' dir='ltr' id='par_1_45' title="bbox 30 4388 1607 4461">
     <span class='ocr_line' id='line_1_45' title="bbox 30 4388 1607 4461; baseline 0 -18"><span class='ocrx_word' id='word_1_380' title='bbox 30 4393 111 4443; x_wconf 76' lang='lat' dir='ltr'><strong>illa</strong></span> <span class='ocrx_word' id='word_1_381' title='bbox 132 4392 309 4461; x_wconf 73' lang='lat' dir='ltr'><strong>gloria</strong></span> <span class='ocrx_word' id='word_1_382' title='bbox 343 4391 608 4461; x_wconf 82' lang='lat' dir='ltr'><strong>fulgorem</strong></span> <span class='ocrx_word' id='word_1_383' title='bbox 636 4390 859 4445; x_wconf 87' lang='lat' dir='ltr'><strong>minimc</strong></span> <span class='ocrx_word' id='word_1_384' title='bbox 882 4389 1103 4445; x_wconf 81' lang='lat' dir='ltr'><strong>ferrent.</strong></span> <span class='ocrx_word' id='word_1_385' title='bbox 1132 4389 1198 4443; x_wconf 87' lang='lat' dir='ltr'><strong>Et</strong></span> <span class='ocrx_word' id='word_1_386' title='bbox 1222 4388 1422 4444; x_wconf 86' lang='lat' dir='ltr'><strong>duabus</strong></span> <span class='ocrx_word' id='word_1_387' title='bbox 1457 4390 1607 4460; x_wconf 82' lang='lat' dir='ltr'><strong>pedes</strong></span> 
     </span>
    </p>
   </div>
   <div class='ocr_carea' id='block_1_46' title="bbox 22 4481 1610 4555">
    <p class='ocr_par' dir='ltr' id='par_1_46' title="bbox 22 4481 1610 4555">
     <span class='ocr_line' id='line_1_46' title="bbox 22 4481 1610 4555; baseline 0.001 -20"><span class='ocrx_word' id='word_1_388' title='bbox 22 4488 312 4555; x_wconf 63' lang='grc' dir='ltr'><strong>μὲιεςώωιι</strong></span> <span class='ocrx_word' id='word_1_389' title='bbox 338 4526 355 4548; x_wconf 85' lang='grc'>,</span> <span class='ocrx_word' id='word_1_390' title='bbox 385 4485 457 4540; x_wconf 90' lang='lat' dir='ltr'><strong>ob</strong></span> <span class='ocrx_word' id='word_1_391' title='bbox 482 4483 727 4539; x_wconf 84' lang='lat' dir='ltr'><strong>eamdem</strong></span> <span class='ocrx_word' id='word_1_392' title='bbox 757 4483 895 4539; x_wconf 84' lang='lat' dir='ltr'><strong>forte</strong></span> <span class='ocrx_word' id='word_1_393' title='bbox 921 4482 1427 4538; x_wconf 87' lang='lat' dir='ltr'><strong>consternationem.</strong></span> <span class='ocrx_word' id='word_1_394' title='bbox 1456 4481 1610 4537; x_wconf 86' lang='lat' dir='ltr'><strong>Sole-</strong></span> 
     </span>
    </p>
   </div>
   <div class='ocr_carea' id='block_1_47' title="bbox 24 4574 1608 4650">
    <p class='ocr_par' dir='ltr' id='par_1_47' title="bbox 24 4574 1608 4650">
     <span class='ocr_line' id='line_1_47' title="bbox 24 4574 1608 4650; baseline 0.001 -22"><span class='ocrx_word' id='word_1_395' title='bbox 24 4595 128 4632; x_wconf 66' lang='lat' dir='ltr'><strong>mus</strong></span> <span class='ocrx_word' id='word_1_396' title='bbox 157 4581 369 4650; x_wconf 82' lang='lat' dir='ltr'><strong>quippe</strong></span> <span class='ocrx_word' id='word_1_397' title='bbox 387 4593 492 4633; x_wconf 83' lang='lat' dir='ltr'><strong>nos</strong></span> <span class='ocrx_word' id='word_1_398' title='bbox 514 4578 827 4641; x_wconf 88' lang='lat' dir='ltr'><strong>etiam,cum</strong></span> <span class='ocrx_word' id='word_1_399' title='bbox 845 4583 1037 4643; x_wconf 90' lang='lat' dir='ltr'><strong>stupor</strong></span> <span class='ocrx_word' id='word_1_400' title='bbox 1052 4574 1249 4644; x_wconf 86' lang='lat' dir='ltr'><strong>aliquis</strong></span> <span class='ocrx_word' id='word_1_401' title='bbox 1268 4590 1367 4631; x_wconf 89' lang='lat' dir='ltr'><strong>nos</strong></span> <span class='ocrx_word' id='word_1_402' title='bbox 1397 4576 1608 4630; x_wconf 86' lang='lat' dir='ltr'><strong>invase-</strong></span> 
     </span>
    </p>
   </div>
   <div class='ocr_carea' id='block_1_48' title="bbox 24 4668 1610 4740">
    <p class='ocr_par' dir='ltr' id='par_1_48' title="bbox 24 4668 1610 4740">
     <span class='ocr_line' id='line_1_48' title="bbox 24 4668 1610 4740; baseline 0.001 -19"><span class='ocrx_word' id='word_1_403' title='bbox 24 4672 114 4729; x_wconf 65' lang='lat' dir='ltr'><strong>rit,</strong></span> <span class='ocrx_word' id='word_1_404' title='bbox 147 4686 357 4740; x_wconf 77' lang='lat' dir='ltr'><strong>corpus</strong></span> <span class='ocrx_word' id='word_1_405' title='bbox 393 4670 542 4726; x_wconf 91' lang='lat' dir='ltr'><strong>omni</strong></span> <span class='ocrx_word' id='word_1_406' title='bbox 570 4684 637 4725; x_wconf 81' lang='lat' dir='ltr'><strong>ex</strong></span> <span class='ocrx_word' id='word_1_407' title='bbox 684 4677 835 4740; x_wconf 89' lang='lat' dir='ltr'><strong>parte</strong></span> <span class='ocrx_word' id='word_1_408' title='bbox 880 4676 1186 4738; x_wconf 89' lang='lat' dir='ltr'><strong>contegere.</strong></span> <span class='ocrx_word' id='word_1_409' title='bbox 1239 4668 1374 4735; x_wconf 87' lang='lat' dir='ltr'><strong>Quid</strong></span> <span class='ocrx_word' id='word_1_410' title='bbox 1415 4684 1610 4737; x_wconf 90' lang='lat' dir='ltr'><strong>corpus</strong></span> 
     </span>
    </p>
   </div>
   <div class='ocr_carea' id='block_1_49' title="bbox 26 4760 1614 4831">
    <p class='ocr_par' dir='ltr' id='par_1_49' title="bbox 26 4760 1614 4831">
     <span class='ocr_line' id='line_1_49' title="bbox 26 4760 1614 4831; baseline 0.003 -20"><span class='ocrx_word' id='word_1_411' title='bbox 26 4762 163 4823; x_wconf 58' lang='lat' dir='ltr'><strong>ritca,</strong></span> <span class='ocrx_word' id='word_1_412' title='bbox 196 4777 324 4817; x_wconf 85' lang='lat' dir='ltr'><strong>cum</strong></span> <span class='ocrx_word' id='word_1_413' title='bbox 358 4774 413 4816; x_wconf 87' lang='lat' dir='ltr'><strong>et</strong></span> <span class='ocrx_word' id='word_1_414' title='bbox 439 4761 541 4831; x_wconf 89' lang='lat' dir='ltr'><strong>ipsi</strong></span> <span class='ocrx_word' id='word_1_415' title='bbox 565 4762 762 4815; x_wconf 70' lang='lat' dir='ltr'><strong>anima:</strong></span> <span class='ocrx_word' id='word_1_416' title='bbox 791 4760 895 4815; x_wconf 88' lang='lat' dir='ltr'><strong>hoc</strong></span> <span class='ocrx_word' id='word_1_417' title='bbox 921 4762 1200 4830; x_wconf 78' lang='lat' dir='ltr'><strong>contingat</strong></span> <span class='ocrx_word' id='word_1_418' title='bbox 1241 4760 1293 4814; x_wconf 92' lang='lat' dir='ltr'><strong>in</strong></span> <span class='ocrx_word' id='word_1_419' title='bbox 1322 4761 1614 4830; x_wconf 84' lang='lat' dir='ltr'><strong>apparitio-</strong></span> 
     </span>
    </p>
   </div>
   <div class='ocr_carea' id='block_1_50' title="bbox 30 4853 1612 4924">
    <p class='ocr_par' dir='ltr' id='par_1_50' title="bbox 30 4853 1612 4924">
     <span class='ocr_line' id='line_1_50' title="bbox 30 4853 1612 4924; baseline 0.004 -20"><span class='ocrx_word' id='word_1_420' title='bbox 30 4856 171 4909; x_wconf 55' lang='grc' dir='ltr'><strong>δεμες</strong></span> <span class='ocrx_word' id='word_1_421' title='bbox 199 4871 327 4924; x_wconf 69' lang='lat' dir='ltr'><strong>quas</strong></span> <span class='ocrx_word' id='word_1_422' title='bbox 354 4853 574 4910; x_wconf 87' lang='lat' dir='ltr'><strong>modum</strong></span> <span class='ocrx_word' id='word_1_423' title='bbox 598 4853 863 4909; x_wconf 80' lang='lat' dir='ltr'><strong>excedunt</strong></span> <span class='ocrx_word' id='word_1_424' title='bbox 882 4896 896 4918; x_wconf 88' lang='lat'><strong>,</strong></span> <span class='ocrx_word' id='word_1_425' title='bbox 928 4864 981 4908; x_wconf 91' lang='lat' dir='ltr'><strong>et</strong></span> <span class='ocrx_word' id='word_1_426' title='bbox 1026 4854 1285 4923; x_wconf 88' lang='lat' dir='ltr'><strong>repressis</strong></span> <span class='ocrx_word' id='word_1_427' title='bbox 1312 4854 1612 4910; x_wconf 87' lang='lat' dir='ltr'><strong>actionibus</strong></span> 
     </span>
    </p>
   </div>
   <div class='ocr_carea' id='block_1_51' title="bbox 32 4943 1612 5016">
    <p class='ocr_par' dir='ltr' id='par_1_51' title="bbox 32 4943 1612 5016">
     <span class='ocr_line' id='line_1_51' title="bbox 32 4943 1612 5016; baseline 0.001 -18"><span class='ocrx_word' id='word_1_428' title='bbox 32 4948 122 4998; x_wconf 57' lang='lat' dir='ltr'><strong>isis</strong></span> <span class='ocrx_word' id='word_1_429' title='bbox 147 4946 216 5001; x_wconf 80' lang='lat' dir='ltr'><strong>ad</strong></span> <span class='ocrx_word' id='word_1_430' title='bbox 254 4946 512 5000; x_wconf 85' lang='lat' dir='ltr'><strong>inferiora</strong></span> <span class='ocrx_word' id='word_1_431' title='bbox 552 4943 858 5015; x_wconf 75' lang='lat' dir='ltr'><strong>confugiat,</strong></span> <span class='ocrx_word' id='word_1_432' title='bbox 886 4959 1052 5016; x_wconf 89' lang='lat' dir='ltr'><strong>seque</strong></span> <span class='ocrx_word' id='word_1_433' title='bbox 1088 4959 1314 5015; x_wconf 90' lang='lat' dir='ltr'><strong>corpore</strong></span> <span class='ocrx_word' id='word_1_434' title='bbox 1342 4954 1612 5016; x_wconf 85' lang='lat' dir='ltr'><strong>tamquam</strong></span> 
     </span>
    </p>
   </div>
   <div class='ocr_carea' id='block_1_52' title="bbox 32 5033 1615 5107">
    <p class='ocr_par' dir='ltr' id='par_1_52' title="bbox 32 5033 1615 5107">
     <span class='ocr_line' id='line_1_52' title="bbox 32 5033 1615 5107; baseline 0.002 -20"><span class='ocrx_word' id='word_1_435' title='bbox 32 5040 174 5101; x_wconf 69' lang='lat' dir='ltr'><strong>pllio</strong></span> <span class='ocrx_word' id='word_1_436' title='bbox 202 5036 443 5107; x_wconf 86' lang='lat' dir='ltr'><strong>quodam</strong></span> <span class='ocrx_word' id='word_1_437' title='bbox 464 5035 753 5091; x_wconf 83' lang='lat' dir='ltr'><strong>obvolvat?</strong></span> <span class='ocrx_word' id='word_1_438' title='bbox 776 5033 1154 5090; x_wconf 86' lang='lat' dir='ltr'><strong>Verumtamen</strong></span> <span class='ocrx_word' id='word_1_439' title='bbox 1177 5051 1333 5089; x_wconf 81' lang='lat' dir='ltr'><strong>nemo</strong></span> <span class='ocrx_word' id='word_1_440' title='bbox 1360 5051 1481 5091; x_wconf 89' lang='lat' dir='ltr'><strong>cum</strong></span> <span class='ocrx_word' id='word_1_441' title='bbox 1504 5046 1615 5091; x_wconf 90' lang='lat' dir='ltr'><strong>stu-</strong></span> 
     </span>
    </p>
   </div>
   <div class='ocr_carea' id='block_1_53' title="bbox 40 5126 1615 5197">
    <p class='ocr_par' dir='ltr' id='par_1_53' title="bbox 40 5126 1615 5197">
     <span class='ocr_line' id='line_1_53' title="bbox 40 5126 1615 5197; baseline 0.001 -16"><span class='ocrx_word' id='word_1_442' title='bbox 40 5142 201 5189; x_wconf 67' lang='lat' dir='ltr'><strong>porem</strong></span> <span class='ocrx_word' id='word_1_443' title='bbox 221 5140 280 5184; x_wconf 85' lang='lat' dir='ltr'><strong>et</strong></span> <span class='ocrx_word' id='word_1_444' title='bbox 301 5128 798 5183; x_wconf 81' lang='lat' dir='ltr'><strong>consternationem</strong></span> <span class='ocrx_word' id='word_1_445' title='bbox 827 5126 994 5193; x_wconf 87' lang='lat' dir='ltr'><strong>audit,</strong></span> <span class='ocrx_word' id='word_1_446' title='bbox 1023 5127 1230 5183; x_wconf 90' lang='lat' dir='ltr'><strong>tristem</strong></span> <span class='ocrx_word' id='word_1_447' title='bbox 1253 5127 1483 5197; x_wconf 86' lang='lat' dir='ltr'><strong>aliquem</strong></span> <span class='ocrx_word' id='word_1_448' title='bbox 1510 5127 1615 5182; x_wconf 90' lang='lat' dir='ltr'><strong>illis</strong></span> 
     </span>
    </p>
   </div>
   <div class='ocr_carea' id='block_1_54' title="bbox 43 5219 1614 5290">
    <p class='ocr_par' dir='ltr' id='par_1_54' title="bbox 43 5219 1614 5290">
     <span class='ocr_line' id='line_1_54' title="bbox 43 5219 1614 5290; baseline -0.003 -12"><span class='ocrx_word' id='word_1_449' title='bbox 43 5223 328 5290; x_wconf 49' lang='grc' dir='ltr'><strong>ἕτεραι-δινὶ</strong></span> <span class='ocrx_word' id='word_1_450' title='bbox 375 5222 621 5276; x_wconf 86' lang='lat' dir='ltr'><strong>timorem</strong></span> <span class='ocrx_word' id='word_1_451' title='bbox 657 5219 950 5275; x_wconf 89' lang='lat' dir='ltr'><strong>arbitretur</strong></span> <span class='ocrx_word' id='word_1_452' title='bbox 974 5235 991 5276; x_wconf 86' lang='lat'>:</span> <span class='ocrx_word' id='word_1_453' title='bbox 1018 5220 1286 5290; x_wconf 89' lang='lat' dir='ltr'><strong>siquidem</strong></span> <span class='ocrx_word' id='word_1_454' title='bbox 1333 5220 1456 5275; x_wconf 81' lang='lat' dir='ltr'><strong>huic</strong></span> <span class='ocrx_word' id='word_1_455' title='bbox 1482 5236 1614 5275; x_wconf 90' lang='lat' dir='ltr'><strong>con-</strong></span> 
     </span>
    </p>
   </div>
   <div class='ocr_carea' id='block_1_55' title="bbox 43 5313 1611 5385">
    <p class='ocr_par' dir='ltr' id='par_1_55' title="bbox 43 5313 1611 5385">
     <span class='ocr_line' id='line_1_55' title="bbox 43 5313 1611 5385; baseline -0.003 -14"><span class='ocrx_word' id='word_1_456' title='bbox 43 5317 345 5371; x_wconf 62' lang='lat' dir='ltr'><strong>seruationi</strong></span> <span class='ocrx_word' id='word_1_457' title='bbox 375 5315 640 5371; x_wconf 88' lang='lat' dir='ltr'><strong>immensa</strong></span> <span class='ocrx_word' id='word_1_458' title='bbox 676 5313 924 5385; x_wconf 66' lang='lat' dir='ltr'><strong>quaedam</strong></span> <span class='ocrx_word' id='word_1_459' title='bbox 953 5313 1198 5384; x_wconf 84' lang='lat' dir='ltr'><strong>voluptas</strong></span> <span class='ocrx_word' id='word_1_460' title='bbox 1228 5324 1309 5368; x_wconf 91' lang='lat' dir='ltr'><strong>est</strong></span> <span class='ocrx_word' id='word_1_461' title='bbox 1347 5314 1611 5369; x_wconf 80' lang='lat' dir='ltr'><strong>admixta.</strong></span> 
     </span>
    </p>
   </div>
   <div class='ocr_carea' id='block_1_56' title="bbox 40 5390 1616 5464">
    <p class='ocr_par' dir='ltr' id='par_1_56' title="bbox 40 5390 1616 5464">
     <span class='ocr_line' id='line_1_56' title="bbox 40 5390 1616 5464; baseline 0.001 -3"><span class='ocrx_word' id='word_1_462' title='bbox 40 5405 227 5464; x_wconf 70' lang='lat' dir='ltr'><strong>Dabas</strong></span> <span class='ocrx_word' id='word_1_463' title='bbox 256 5418 441 5464; x_wconf 68' lang='lat' dir='ltr'><strong>autem</strong></span> <span class='ocrx_word' id='word_1_464' title='bbox 468 5406 724 5462; x_wconf 68' lang='lat' dir='ltr'><strong>volabant.</strong></span> <span class='ocrx_word' id='word_1_465' title='bbox 758 5408 822 5462; x_wconf 85' lang='lat' dir='ltr'><strong>Et</strong></span> <span class='ocrx_word' id='word_1_466' title='bbox 847 5407 949 5462; x_wconf 88' lang='lat' dir='ltr'><strong>hoc</strong></span> <span class='ocrx_word' id='word_1_467' title='bbox 974 5406 1230 5463; x_wconf 77' lang='lat' dir='ltr'><strong>iudicium</strong></span> <span class='ocrx_word' id='word_1_468' title='bbox 1258 5417 1339 5464; x_wconf 89' lang='lat' dir='ltr'><strong>est</strong></span> <span class='ocrx_word' id='word_1_469' title='bbox 1368 5390 1461 5463; x_wconf 84' lang='lat' dir='ltr'><strong>eos</strong></span> <span class='ocrx_word' id='word_1_470' title='bbox 1487 5408 1616 5463; x_wconf 87' lang='lat' dir='ltr'><strong>sub-</strong></span> 
     </span>
    </p>
   </div>
   <div class='ocr_carea' id='block_1_57' title="bbox 40 5498 1615 5574">
    <p class='ocr_par' dir='ltr' id='par_1_57' title="bbox 40 5498 1615 5574">
     <span class='ocr_line' id='line_1_57' title="bbox 40 5498 1615 5574; baseline 0.004 -25"><span class='ocrx_word' id='word_1_471' title='bbox 40 5498 153 5555; x_wconf 57' lang='lat' dir='ltr'><strong>‘ssia</strong></span> <span class='ocrx_word' id='word_1_472' title='bbox 177 5517 412 5574; x_wconf 84' lang='lat' dir='ltr'><strong>semper</strong></span> <span class='ocrx_word' id='word_1_473' title='bbox 438 5510 713 5573; x_wconf 88' lang='lat' dir='ltr'><strong>appetere,</strong></span> <span class='ocrx_word' id='word_1_474' title='bbox 737 5515 837 5556; x_wconf 89' lang='lat' dir='ltr'><strong>nec</strong></span> <span class='ocrx_word' id='word_1_475' title='bbox 860 5516 1112 5572; x_wconf 88' lang='lat' dir='ltr'><strong>umquam</strong></span> <span class='ocrx_word' id='word_1_476' title='bbox 1155 5500 1407 5556; x_wconf 74' lang='lat' dir='ltr'><strong>deorsum</strong></span> <span class='ocrx_word' id='word_1_477' title='bbox 1444 5501 1615 5571; x_wconf 82' lang='lat' dir='ltr'><strong>respi-</strong></span> 
     </span>
    </p>
   </div>
   <div class='ocr_carea' id='block_1_58' title="bbox 42 5593 1609 5663">
    <p class='ocr_par' dir='ltr' id='par_1_58' title="bbox 42 5593 1609 5663">
     <span class='ocr_line' id='line_1_58' title="bbox 42 5593 1609 5663; baseline 0.001 -13"><span class='ocrx_word' id='word_1_478' title='bbox 42 5608 149 5649; x_wconf 57' lang='lat'><strong>1:2.</strong></span> <span class='ocrx_word' id='word_1_479' title='bbox 180 5595 253 5650; x_wconf 80' lang='lat' dir='ltr'><strong>Et</strong></span> <span class='ocrx_word' id='word_1_480' title='bbox 282 5595 549 5650; x_wconf 82' lang='lat' dir='ltr'><strong>clamabat</strong></span> <span class='ocrx_word' id='word_1_481' title='bbox 573 5593 703 5648; x_wconf 80' lang='lat' dir='ltr'><strong>alter</strong></span> <span class='ocrx_word' id='word_1_482' title='bbox 729 5594 798 5647; x_wconf 85' lang='lat' dir='ltr'><strong>ad</strong></span> <span class='ocrx_word' id='word_1_483' title='bbox 825 5593 1042 5648; x_wconf 79' lang='lat' dir='ltr'><strong>alterum</strong></span> <span class='ocrx_word' id='word_1_484' title='bbox 1066 5636 1080 5660; x_wconf 94' lang='lat'><strong>,</strong></span> <span class='ocrx_word' id='word_1_485' title='bbox 1113 5594 1351 5661; x_wconf 87' lang='lat' dir='ltr'><strong>Sanctus,</strong></span> <span class='ocrx_word' id='word_1_486' title='bbox 1385 5606 1609 5663; x_wconf 85' lang='lat' dir='ltr'><strong>sanctus,</strong></span> 
     </span>
    </p>
   </div>
   <div class='ocr_carea' id='block_1_59' title="bbox 82 5730 1619 5799">
    <p class='ocr_par' dir='ltr' id='par_1_59' title="bbox 82 5730 1619 5799">
     <span class='ocr_line' id='line_1_59' title="bbox 82 5730 1619 5799; baseline 0.001 -15"><span class='ocrx_word' id='word_1_487' title='bbox 82 5736 91 5762; x_wconf 68' lang='grc' dir='ltr'>ί</span> <span class='ocrx_word' id='word_1_488' title='bbox 124 5733 217 5799; x_wconf 52' lang='lat' dir='ltr'><strong>Alii</strong></span> <span class='ocrx_word' id='word_1_489' title='bbox 247 5736 338 5784; x_wconf 82' lang='lat' dir='ltr'><strong>sic</strong></span> <span class='ocrx_word' id='word_1_490' title='bbox 378 5732 707 5799; x_wconf 76' lang='lat' dir='ltr'><strong>habent_:_..._.</strong></span> <span class='ocrx_word' id='word_1_491' title='bbox 728 5730 815 5799; x_wconf 65' lang='lat' dir='ltr'><strong>illa</strong></span> <span class='ocrx_word' id='word_1_492' title='bbox 843 5738 1037 5792; x_wconf 85' lang='lat' dir='ltr'><strong>natura,</strong></span> <span class='ocrx_word' id='word_1_493' title='bbox 1077 5732 1163 5783; x_wconf 77' lang='lat' dir='ltr'><strong>sed</strong></span> <span class='ocrx_word' id='word_1_494' title='bbox 1188 5738 1418 5784; x_wconf 72' lang='lat' dir='ltr'><strong>uinctum</strong></span> <span class='ocrx_word' id='word_1_495' title='bbox 1439 5734 1619 5799; x_wconf 80' lang='lat' dir='ltr'><strong>faceret</strong></span> 
     </span>
    </p>
   </div>
   <div class='ocr_carea' id='block_1_60' title="bbox 42 5792 923 5858">
    <p class='ocr_par' dir='ltr' id='par_1_60' title="bbox 42 5792 923 5858">
     <span class='ocr_line' id='line_1_60' title="bbox 42 5792 923 5858; baseline -0.005 -10"><span class='ocrx_word' id='word_1_496' title='bbox 42 5796 261 5855; x_wconf 59' lang='lat' dir='ltr'><strong>mehe“:</strong></span> <span class='ocrx_word' id='word_1_497' title='bbox 287 5795 427 5858; x_wconf 76' lang='lat' dir='ltr'><strong>quod</strong></span> <span class='ocrx_word' id='word_1_498' title='bbox 448 5794 513 5844; x_wconf 82' lang='lat' dir='ltr'><strong>ab</strong></span> <span class='ocrx_word' id='word_1_499' title='bbox 534 5792 799 5855; x_wconf 73' lang='lat' dir='ltr'><strong>altissimis,</strong></span> <span class='ocrx_word' id='word_1_500' title='bbox 826 5803 923 5844; x_wconf 85' lang='lat' dir='ltr'><strong>etc.</strong></span> 
     </span>
    </p>
   </div>
   <div class='ocr_carea' id='block_1_61' title="bbox 3232 317 3328 375">
    <p class='ocr_par' dir='ltr' id='par_1_61' title="bbox 3232 317 3328 375">
     <span class='ocr_line' id='line_1_61' title="bbox 3232 317 3328 375; baseline 0.01 -1"><span class='ocrx_word' id='word_1_501' title='bbox 3232 317 3328 375; x_wconf 68' lang='lat'><strong>13$</strong></span> 
     </span>
    </p>
   </div>
   <div class='ocr_carea' id='block_1_62' title="bbox 1742 427 3326 501">
    <p class='ocr_par' dir='ltr' id='par_1_62' title="bbox 1742 427 3326 501">
     <span class='ocr_line' id='line_1_62' title="bbox 1742 427 3326 501; baseline 0.006 -22"><span class='ocrx_word' id='word_1_502' title='bbox 1742 436 1946 482; x_wconf 82' lang='lat' dir='ltr'><strong>sanctus</strong></span> <span class='ocrx_word' id='word_1_503' title='bbox 1979 427 2150 500; x_wconf 84' lang='lat' dir='ltr'><strong>(Isai.</strong></span> <span class='ocrx_word' id='word_1_504' title='bbox 2183 428 2241 484; x_wconf 88' lang='lat'><strong>6.</strong></span> <span class='ocrx_word' id='word_1_505' title='bbox 2278 427 2373 501; x_wconf 81' lang='lat'><strong>5).</strong></span> <span class='ocrx_word' id='word_1_506' title='bbox 2404 428 2472 485; x_wconf 82' lang='lat' dir='ltr'><strong>Et</strong></span> <span class='ocrx_word' id='word_1_507' title='bbox 2502 428 2617 501; x_wconf 86' lang='lat' dir='ltr'><strong>ipse</strong></span> <span class='ocrx_word' id='word_1_508' title='bbox 2642 429 2844 488; x_wconf 84' lang='lat' dir='ltr'><strong>clamor</strong></span> <span class='ocrx_word' id='word_1_509' title='bbox 2869 446 3055 488; x_wconf 87' lang='lat' dir='ltr'><strong>rursus</strong></span> <span class='ocrx_word' id='word_1_510' title='bbox 3092 432 3326 489; x_wconf 73' lang='lat' dir='ltr'><strong>admira~</strong></span> 
     </span>
    </p>
   </div>
   <div class='ocr_carea' id='block_1_63' title="bbox 1743 518 3337 597">
    <p class='ocr_par' dir='ltr' id='par_1_63' title="bbox 1743 518 3337 597">
     <span class='ocr_line' id='line_1_63' title="bbox 1743 518 3337 597; baseline 0.008 -26"><span class='ocrx_word' id='word_1_511' title='bbox 1743 518 1901 574; x_wconf 86' lang='lat' dir='ltr'><strong>tionis</strong></span> <span class='ocrx_word' id='word_1_512' title='bbox 1926 519 2180 576; x_wconf 90' lang='lat' dir='ltr'><strong>indicium</strong></span> <span class='ocrx_word' id='word_1_513' title='bbox 2221 521 2375 578; x_wconf 90' lang='lat' dir='ltr'><strong>nobis</strong></span> <span class='ocrx_word' id='word_1_514' title='bbox 2401 531 2484 577; x_wconf 92' lang='lat' dir='ltr'><strong>est</strong></span> <span class='ocrx_word' id='word_1_515' title='bbox 2512 520 2803 579; x_wconf 81' lang='lat' dir='ltr'><strong>maximum</strong></span> <span class='ocrx_word' id='word_1_516' title='bbox 2828 540 2843 578; x_wconf 89' lang='lat'><strong>:</strong></span> <span class='ocrx_word' id='word_1_517' title='bbox 2874 539 2982 580; x_wconf 90' lang='lat' dir='ltr'><strong>non</strong></span> <span class='ocrx_word' id='word_1_518' title='bbox 3020 526 3161 582; x_wconf 86' lang='lat' dir='ltr'><strong>enim</strong></span> <span class='ocrx_word' id='word_1_519' title='bbox 3191 542 3337 597; x_wconf 51' lang='lat' dir='ltr'><strong>quoa</strong></span> 
     </span>
    </p>
   </div>
   <div class='ocr_carea' id='block_1_64' title="bbox 1741 612 3318 688">
    <p class='ocr_par' dir='ltr' id='par_1_64' title="bbox 1741 612 3318 688">
     <span class='ocr_line' id='line_1_64' title="bbox 1741 612 3318 688; baseline 0.007 -23"><span class='ocrx_word' id='word_1_520' title='bbox 1741 612 1821 666; x_wconf 81' lang='lat' dir='ltr'><strong>vis</strong></span> <span class='ocrx_word' id='word_1_521' title='bbox 1846 612 2009 667; x_wconf 93' lang='lat' dir='ltr'><strong>modo</strong></span> <span class='ocrx_word' id='word_1_522' title='bbox 2038 615 2327 670; x_wconf 90' lang='lat' dir='ltr'><strong>concinuut</strong></span> <span class='ocrx_word' id='word_1_523' title='bbox 2358 616 2612 688; x_wconf 88' lang='lat' dir='ltr'><strong>hymnum</strong></span> <span class='ocrx_word' id='word_1_524' title='bbox 2638 656 2654 679; x_wconf 85' lang='lat'><strong>,</strong></span> <span class='ocrx_word' id='word_1_525' title='bbox 2690 616 2786 673; x_wconf 91' lang='lat' dir='ltr'><strong>sed</strong></span> <span class='ocrx_word' id='word_1_526' title='bbox 2811 632 2932 674; x_wconf 90' lang='lat' dir='ltr'><strong>cum</strong></span> <span class='ocrx_word' id='word_1_527' title='bbox 2958 619 3197 678; x_wconf 86' lang='lat' dir='ltr'><strong>clamore</strong></span> <span class='ocrx_word' id='word_1_528' title='bbox 3227 636 3318 676; x_wconf 69' lang='lat' dir='ltr'><strong>va-</strong></span> 
     </span>
    </p>
   </div>
   <div class='ocr_carea' id='block_1_65' title="bbox 1741 702 3329 784">
    <p class='ocr_par' dir='ltr' id='par_1_65' title="bbox 1741 702 3329 784">
     <span class='ocr_line' id='line_1_65' title="bbox 1741 702 3329 784; baseline 0.008 -27"><span class='ocrx_word' id='word_1_529' title='bbox 1741 702 1869 768; x_wconf 83' lang='lat' dir='ltr'><strong>lido;</strong></span> <span class='ocrx_word' id='word_1_530' title='bbox 1913 719 2087 774; x_wconf 89' lang='lat' dir='ltr'><strong>neque</strong></span> <span class='ocrx_word' id='word_1_531' title='bbox 2111 720 2233 760; x_wconf 90' lang='lat' dir='ltr'><strong>cum</strong></span> <span class='ocrx_word' id='word_1_532' title='bbox 2262 706 2503 762; x_wconf 88' lang='lat' dir='ltr'><strong>clamore</strong></span> <span class='ocrx_word' id='word_1_533' title='bbox 2528 707 2842 777; x_wconf 87' lang='lat' dir='ltr'><strong>simpliciter</strong></span> <span class='ocrx_word' id='word_1_534' title='bbox 2859 747 2875 773; x_wconf 91' lang='lat'><strong>,</strong></span> <span class='ocrx_word' id='word_1_535' title='bbox 2908 710 3005 765; x_wconf 90' lang='lat' dir='ltr'><strong>sed</strong></span> <span class='ocrx_word' id='word_1_536' title='bbox 3031 719 3087 765; x_wconf 89' lang='lat' dir='ltr'><strong>et</strong></span> <span class='ocrx_word' id='word_1_537' title='bbox 3114 727 3329 784; x_wconf 79' lang='lat' dir='ltr'><strong>semper</strong></span> 
     </span>
    </p>
   </div>
   <div class='ocr_carea' id='block_1_66' title="bbox 1737 794 3325 875">
    <p class='ocr_par' dir='ltr' id='par_1_66' title="bbox 1737 794 3325 875">
     <span class='ocr_line' id='line_1_66' title="bbox 1737 794 3325 875; baseline 0.008 -27"><span class='ocrx_word' id='word_1_538' title='bbox 1737 794 1840 851; x_wconf 89' lang='lat' dir='ltr'><strong>hoc</strong></span> <span class='ocrx_word' id='word_1_539' title='bbox 1865 796 2124 852; x_wconf 87' lang='lat' dir='ltr'><strong>factitant.</strong></span> <span class='ocrx_word' id='word_1_540' title='bbox 2152 796 2286 853; x_wconf 87' lang='lat' dir='ltr'><strong>Nam</strong></span> <span class='ocrx_word' id='word_1_541' title='bbox 2314 799 2598 870; x_wconf 85' lang='lat' dir='ltr'><strong>splendida</strong></span> <span class='ocrx_word' id='word_1_542' title='bbox 2621 800 2833 870; x_wconf 88' lang='lat' dir='ltr'><strong>quidem</strong></span> <span class='ocrx_word' id='word_1_543' title='bbox 2860 816 3111 872; x_wconf 87' lang='lat' dir='ltr'><strong>corpora,</strong></span> <span class='ocrx_word' id='word_1_544' title='bbox 3137 820 3325 875; x_wconf 79' lang='lat' dir='ltr'><strong>quam-</strong></span> 
     </span>
    </p>
   </div>
   <div class='ocr_carea' id='block_1_67' title="bbox 1736 889 3323 962">
    <p class='ocr_par' dir='ltr' id='par_1_67' title="bbox 1736 889 3323 962">
     <span class='ocr_line' id='line_1_67' title="bbox 1736 889 3323 962; baseline 0.008 -21"><span class='ocrx_word' id='word_1_545' title='bbox 1736 889 1815 943; x_wconf 90' lang='lat' dir='ltr'><strong>vis</strong></span> <span class='ocrx_word' id='word_1_546' title='bbox 1857 904 2019 960; x_wconf 88' lang='lat' dir='ltr'><strong>supra</strong></span> <span class='ocrx_word' id='word_1_547' title='bbox 2062 891 2277 946; x_wconf 90' lang='lat' dir='ltr'><strong>modum</strong></span> <span class='ocrx_word' id='word_1_548' title='bbox 2304 892 2412 948; x_wconf 89' lang='lat' dir='ltr'><strong>sint</strong></span> <span class='ocrx_word' id='word_1_549' title='bbox 2438 892 2712 962; x_wconf 88' lang='lat' dir='ltr'><strong>splendida</strong></span> <span class='ocrx_word' id='word_1_550' title='bbox 2733 935 2749 960; x_wconf 97' lang='lat'><strong>,</strong></span> <span class='ocrx_word' id='word_1_551' title='bbox 2780 904 2890 950; x_wconf 83' lang='lat' dir='ltr'><strong>tum</strong></span> <span class='ocrx_word' id='word_1_552' title='bbox 2917 897 3090 953; x_wconf 89' lang='lat' dir='ltr'><strong>solum</strong></span> <span class='ocrx_word' id='word_1_553' title='bbox 3118 914 3218 953; x_wconf 89' lang='lat' dir='ltr'><strong>nos</strong></span> <span class='ocrx_word' id='word_1_554' title='bbox 3255 900 3323 954; x_wconf 85' lang='lat' dir='ltr'><strong>ad</strong></span> 
     </span>
    </p>
   </div>
   <div class='ocr_carea' id='block_1_68' title="bbox 1734 980 3324 1058">
    <p class='ocr_par' dir='ltr' id='par_1_68' title="bbox 1734 980 3324 1058">
     <span class='ocr_line' id='line_1_68' title="bbox 1734 980 3324 1058; baseline 0.004 -22"><span class='ocrx_word' id='word_1_555' title='bbox 1734 980 2140 1039; x_wconf 89' lang='lat' dir='ltr'><strong>admirationem</strong></span> <span class='ocrx_word' id='word_1_556' title='bbox 2168 983 2344 1038; x_wconf 88' lang='lat' dir='ltr'><strong>solent</strong></span> <span class='ocrx_word' id='word_1_557' title='bbox 2370 983 2670 1053; x_wconf 87' lang='lat' dir='ltr'><strong>traducere,</strong></span> <span class='ocrx_word' id='word_1_558' title='bbox 2692 1000 2813 1041; x_wconf 91' lang='lat' dir='ltr'><strong>cum</strong></span> <span class='ocrx_word' id='word_1_559' title='bbox 2840 1002 2900 1042; x_wconf 92' lang='lat' dir='ltr'><strong>ea</strong></span> <span class='ocrx_word' id='word_1_560' title='bbox 2930 988 3163 1058; x_wconf 88' lang='lat' dir='ltr'><strong>primum</strong></span> <span class='ocrx_word' id='word_1_561' title='bbox 3189 1005 3324 1045; x_wconf 88' lang='lat' dir='ltr'><strong>ocn-</strong></span> 
     </span>
    </p>
   </div>
   <div class='ocr_carea' id='block_1_69' title="bbox 1735 1073 3323 1149">
    <p class='ocr_par' dir='ltr' id='par_1_69' title="bbox 1735 1073 3323 1149">
     <span class='ocr_line' id='line_1_69' title="bbox 1735 1073 3323 1149; baseline 0.004 -23"><span class='ocrx_word' id='word_1_562' title='bbox 1735 1073 1799 1127; x_wconf 90' lang='lat' dir='ltr'><strong>lis</strong></span> <span class='ocrx_word' id='word_1_563' title='bbox 1828 1075 2262 1143; x_wconf 86' lang='lat' dir='ltr'><strong>usurpaverimus</strong></span> <span class='ocrx_word' id='word_1_564' title='bbox 2290 1090 2303 1126; x_wconf 93' lang='lat'><strong>:</strong></span> <span class='ocrx_word' id='word_1_565' title='bbox 2338 1090 2458 1130; x_wconf 92' lang='lat' dir='ltr'><strong>cum</strong></span> <span class='ocrx_word' id='word_1_566' title='bbox 2500 1090 2631 1131; x_wconf 88' lang='lat' dir='ltr'><strong>vero</strong></span> <span class='ocrx_word' id='word_1_567' title='bbox 2656 1076 2927 1133; x_wconf 84' lang='lat' dir='ltr'><strong>multoties</strong></span> <span class='ocrx_word' id='word_1_568' title='bbox 2954 1082 3323 1149; x_wconf 89' lang='lat' dir='ltr'><strong>contemplan-</strong></span> 
     </span>
    </p>
   </div>
   <div class='ocr_carea' id='block_1_70' title="bbox 1731 1164 3317 1231">
    <p class='ocr_par' dir='ltr' id='par_1_70' title="bbox 1731 1164 3317 1231">
     <span class='ocr_line' id='line_1_70' title="bbox 1731 1164 3317 1231; baseline 0.004 -13"><span class='ocrx_word' id='word_1_569' title='bbox 1731 1164 1815 1219; x_wconf 91' lang='lat' dir='ltr'><strong>dis</strong></span> <span class='ocrx_word' id='word_1_570' title='bbox 1846 1164 1948 1219; x_wconf 87' lang='lat' dir='ltr'><strong>illis</strong></span> <span class='ocrx_word' id='word_1_571' title='bbox 1985 1165 2255 1220; x_wconf 89' lang='lat' dir='ltr'><strong>immorati</strong></span> <span class='ocrx_word' id='word_1_572' title='bbox 2290 1164 2545 1220; x_wconf 83' lang='lat' dir='ltr'><strong>fuerimus</strong></span> <span class='ocrx_word' id='word_1_573' title='bbox 2565 1208 2582 1231; x_wconf 94' lang='lat'><strong>,</strong></span> <span class='ocrx_word' id='word_1_574' title='bbox 2614 1166 2900 1221; x_wconf 88' lang='lat' dir='ltr'><strong>admiratio</strong></span> <span class='ocrx_word' id='word_1_575' title='bbox 2930 1170 3317 1225; x_wconf 89' lang='lat' dir='ltr'><strong>consuetudine</strong></span> 
     </span>
    </p>
   </div>
   <div class='ocr_carea' id='block_1_71' title="bbox 1733 1255 3317 1328">
    <p class='ocr_par' dir='ltr' id='par_1_71' title="bbox 1733 1255 3317 1328">
     <span class='ocr_line' id='line_1_71' title="bbox 1733 1255 3317 1328; baseline 0.006 -21"><span class='ocrx_word' id='word_1_576' title='bbox 1733 1255 1951 1320; x_wconf 90' lang='lat' dir='ltr'><strong>tollitur,</strong></span> <span class='ocrx_word' id='word_1_577' title='bbox 1979 1255 2065 1310; x_wconf 89' lang='lat' dir='ltr'><strong>ubi</strong></span> <span class='ocrx_word' id='word_1_578' title='bbox 2096 1271 2155 1311; x_wconf 92' lang='lat' dir='ltr'><strong>se</strong></span> <span class='ocrx_word' id='word_1_579' title='bbox 2186 1256 2491 1326; x_wconf 87' lang='lat' dir='ltr'><strong>spectandis</strong></span> <span class='ocrx_word' id='word_1_580' title='bbox 2519 1258 2620 1311; x_wconf 89' lang='lat' dir='ltr'><strong>illis</strong></span> <span class='ocrx_word' id='word_1_581' title='bbox 2640 1258 2951 1328; x_wconf 84' lang='lat' dir='ltr'><strong>corporibus</strong></span> <span class='ocrx_word' id='word_1_582' title='bbox 2995 1260 3134 1315; x_wconf 89' lang='lat' dir='ltr'><strong>oculi</strong></span> <span class='ocrx_word' id='word_1_583' title='bbox 3161 1260 3317 1317; x_wconf 88' lang='lat' dir='ltr'><strong>dein-</strong></span> 
     </span>
    </p>
   </div>
   <div class='ocr_carea' id='block_1_72' title="bbox 1727 1348 3315 1424">
    <p class='ocr_par' dir='ltr' id='par_1_72' title="bbox 1727 1348 3315 1424">
     <span class='ocr_line' id='line_1_72' title="bbox 1727 1348 3315 1424; baseline 0.006 -24"><span class='ocrx_word' id='word_1_584' title='bbox 1727 1361 1854 1417; x_wconf 83' lang='lat' dir='ltr'><strong>ceps</strong></span> <span class='ocrx_word' id='word_1_585' title='bbox 1897 1348 2259 1403; x_wconf 79' lang='lat' dir='ltr'><strong>exercuerim.</strong></span> <span class='ocrx_word' id='word_1_586' title='bbox 2292 1348 2584 1419; x_wconf 86' lang='lat' dir='ltr'><strong>Propterea</strong></span> <span class='ocrx_word' id='word_1_587' title='bbox 2622 1364 2745 1405; x_wconf 92' lang='lat' dir='ltr'><strong>cum</strong></span> <span class='ocrx_word' id='word_1_588' title='bbox 2787 1351 2988 1421; x_wconf 83' lang='lat' dir='ltr'><strong>regiam</strong></span> <span class='ocrx_word' id='word_1_589' title='bbox 3021 1353 3315 1424; x_wconf 89' lang='lat' dir='ltr'><strong>imaginem</strong></span> 
     </span>
    </p>
   </div>
   <div class='ocr_carea' id='block_1_73' title="bbox 1728 1440 3317 1518">
    <p class='ocr_par' dir='ltr' id='par_1_73' title="bbox 1728 1440 3317 1518">
     <span class='ocr_line' id='line_1_73' title="bbox 1728 1440 3317 1518; baseline 0.008 -27"><span class='ocrx_word' id='word_1_590' title='bbox 1728 1453 1916 1494; x_wconf 88' lang='lat' dir='ltr'><strong>recens</strong></span> <span class='ocrx_word' id='word_1_591' title='bbox 1947 1440 2174 1509; x_wconf 83' lang='lat' dir='ltr'><strong>positam</strong></span> <span class='ocrx_word' id='word_1_592' title='bbox 2206 1440 2482 1511; x_wconf 85' lang='lat' dir='ltr'><strong>multoque</strong></span> <span class='ocrx_word' id='word_1_593' title='bbox 2506 1442 2746 1497; x_wconf 90' lang='lat' dir='ltr'><strong>colorum</strong></span> <span class='ocrx_word' id='word_1_594' title='bbox 2775 1443 3062 1513; x_wconf 88' lang='lat' dir='ltr'><strong>splendore</strong></span> <span class='ocrx_word' id='word_1_595' title='bbox 3107 1446 3317 1518; x_wconf 84' lang='lat' dir='ltr'><strong>fulgen-</strong></span> 
     </span>
    </p>
   </div>
   <div class='ocr_carea' id='block_1_74' title="bbox 1729 1531 3315 1607">
    <p class='ocr_par' dir='ltr' id='par_1_74' title="bbox 1729 1531 3315 1607">
     <span class='ocr_line' id='line_1_74' title="bbox 1729 1531 3315 1607; baseline 0.005 -21"><span class='ocrx_word' id='word_1_596' title='bbox 1729 1543 1833 1586; x_wconf 90' lang='lat' dir='ltr'><strong>tem</strong></span> <span class='ocrx_word' id='word_1_597' title='bbox 1865 1532 2137 1587; x_wconf 88' lang='lat' dir='ltr'><strong>intuemur</strong></span> <span class='ocrx_word' id='word_1_598' title='bbox 2156 1571 2174 1607; x_wconf 80' lang='lat'><strong>,</strong></span> <span class='ocrx_word' id='word_1_599' title='bbox 2205 1531 2635 1600; x_wconf 88' lang='lat' dir='ltr'><strong>obstupescimus</strong></span> <span class='ocrx_word' id='word_1_600' title='bbox 2662 1551 2677 1587; x_wconf 84' lang='lat'><strong>:</strong></span> <span class='ocrx_word' id='word_1_601' title='bbox 2708 1543 2827 1603; x_wconf 91' lang='lat' dir='ltr'><strong>post</strong></span> <span class='ocrx_word' id='word_1_602' title='bbox 2858 1550 3022 1590; x_wconf 90' lang='lat' dir='ltr'><strong>unum</strong></span> <span class='ocrx_word' id='word_1_603' title='bbox 3052 1547 3230 1593; x_wconf 90' lang='lat' dir='ltr'><strong>autem</strong></span> <span class='ocrx_word' id='word_1_604' title='bbox 3258 1548 3315 1594; x_wconf 90' lang='lat' dir='ltr'><strong>et</strong></span> 
     </span>
    </p>
   </div>
   <div class='ocr_carea' id='block_1_75' title="bbox 1722 1623 3310 1701">
    <p class='ocr_par' dir='ltr' id='par_1_75' title="bbox 1722 1623 3310 1701">
     <span class='ocr_line' id='line_1_75' title="bbox 1722 1623 3310 1701; baseline 0.004 -23"><span class='ocrx_word' id='word_1_605' title='bbox 1722 1626 1952 1680; x_wconf 89' lang='lat' dir='ltr'><strong>alterum</strong></span> <span class='ocrx_word' id='word_1_606' title='bbox 1977 1623 2118 1679; x_wconf 87' lang='lat' dir='ltr'><strong>diem</strong></span> <span class='ocrx_word' id='word_1_607' title='bbox 2146 1639 2255 1679; x_wconf 91' lang='lat' dir='ltr'><strong>non</strong></span> <span class='ocrx_word' id='word_1_608' title='bbox 2279 1623 2391 1695; x_wconf 83' lang='lat' dir='ltr'><strong>jam</strong></span> <span class='ocrx_word' id='word_1_609' title='bbox 2420 1625 2649 1695; x_wconf 91' lang='lat' dir='ltr'><strong>amplius</strong></span> <span class='ocrx_word' id='word_1_610' title='bbox 2679 1625 3031 1683; x_wconf 90' lang='lat' dir='ltr'><strong>admiramur.</strong></span> <span class='ocrx_word' id='word_1_611' title='bbox 3078 1629 3146 1684; x_wconf 88' lang='lat' dir='ltr'><strong>Et</strong></span> <span class='ocrx_word' id='word_1_612' title='bbox 3182 1631 3310 1701; x_wconf 87' lang='lat' dir='ltr'><strong>quid</strong></span> 
     </span>
    </p>
   </div>
   <div class='ocr_carea' id='block_1_76' title="bbox 1723 1716 3313 1789">
    <p class='ocr_par' dir='ltr' id='par_1_76' title="bbox 1723 1716 3313 1789">
     <span class='ocr_line' id='line_1_76' title="bbox 1723 1716 3313 1789; baseline 0.004 -18"><span class='ocrx_word' id='word_1_613' title='bbox 1723 1717 1844 1772; x_wconf 90' lang='lat' dir='ltr'><strong>dico</strong></span> <span class='ocrx_word' id='word_1_614' title='bbox 1869 1716 2070 1787; x_wconf 84' lang='lat' dir='ltr'><strong>regiam</strong></span> <span class='ocrx_word' id='word_1_615' title='bbox 2093 1716 2402 1787; x_wconf 83' lang='lat' dir='ltr'><strong>imaginem,</strong></span> <span class='ocrx_word' id='word_1_616' title='bbox 2430 1732 2553 1772; x_wconf 90' lang='lat' dir='ltr'><strong>cum</strong></span> <span class='ocrx_word' id='word_1_617' title='bbox 2577 1717 2629 1771; x_wconf 92' lang='lat' dir='ltr'><strong>in</strong></span> <span class='ocrx_word' id='word_1_618' title='bbox 2650 1727 2871 1789; x_wconf 88' lang='lat' dir='ltr'><strong>aspectu</strong></span> <span class='ocrx_word' id='word_1_619' title='bbox 2892 1719 3161 1775; x_wconf 89' lang='lat' dir='ltr'><strong>radiorum</strong></span> <span class='ocrx_word' id='word_1_620' title='bbox 3183 1722 3313 1777; x_wconf 87' lang='lat' dir='ltr'><strong>solis</strong></span> 
     </span>
    </p>
   </div>
   <div class='ocr_carea' id='block_1_77' title="bbox 1723 1808 3315 1883">
    <p class='ocr_par' dir='ltr' id='par_1_77' title="bbox 1723 1808 3315 1883">
     <span class='ocr_line' id='line_1_77' title="bbox 1723 1808 3315 1883; baseline 0.005 -20"><span class='ocrx_word' id='word_1_621' title='bbox 1723 1808 1825 1865; x_wconf 88' lang='lat' dir='ltr'><strong>hoc</strong></span> <span class='ocrx_word' id='word_1_622' title='bbox 1850 1809 2023 1880; x_wconf 86' lang='lat' dir='ltr'><strong>ipsum</strong></span> <span class='ocrx_word' id='word_1_623' title='bbox 2052 1810 2206 1866; x_wconf 90' lang='lat' dir='ltr'><strong>nobis</strong></span> <span class='ocrx_word' id='word_1_624' title='bbox 2232 1810 2456 1873; x_wconf 87' lang='lat' dir='ltr'><strong>accidat,</strong></span> <span class='ocrx_word' id='word_1_625' title='bbox 2480 1810 2673 1880; x_wconf 89' lang='lat' dir='ltr'><strong>quibus</strong></span> <span class='ocrx_word' id='word_1_626' title='bbox 2694 1811 2897 1866; x_wconf 89' lang='lat' dir='ltr'><strong>nullttm</strong></span> <span class='ocrx_word' id='word_1_627' title='bbox 2914 1820 3110 1883; x_wconf 86' lang='lat' dir='ltr'><strong>corpus</strong></span> <span class='ocrx_word' id='word_1_628' title='bbox 3132 1814 3315 1883; x_wconf 83' lang='lat' dir='ltr'><strong>splen-</strong></span> 
     </span>
    </p>
   </div>
   <div class='ocr_carea' id='block_1_78' title="bbox 1720 1894 3308 1974">
    <p class='ocr_par' dir='ltr' id='par_1_78' title="bbox 1720 1894 3308 1974">
     <span class='ocr_line' id='line_1_78' title="bbox 1720 1894 3308 1974; baseline 0.005 -19"><span class='ocrx_word' id='word_1_629' title='bbox 1720 1899 1897 1955; x_wconf 87' lang='lat' dir='ltr'><strong>didius</strong></span> <span class='ocrx_word' id='word_1_630' title='bbox 1926 1894 2152 1956; x_wconf 82' lang='lat' dir='ltr'><strong>inveniri</strong></span> <span class='ocrx_word' id='word_1_631' title='bbox 2180 1901 2401 1971; x_wconf 78' lang='lat' dir='ltr'><strong>potest?</strong></span> <span class='ocrx_word' id='word_1_632' title='bbox 2431 1901 2520 1957; x_wconf 90' lang='lat' dir='ltr'><strong>Sic</strong></span> <span class='ocrx_word' id='word_1_633' title='bbox 2548 1904 2787 1957; x_wconf 91' lang='lat' dir='ltr'><strong>omnium</strong></span> <span class='ocrx_word' id='word_1_634' title='bbox 2816 1918 3104 1974; x_wconf 83' lang='lat' dir='ltr'><strong>corporum</strong></span> <span class='ocrx_word' id='word_1_635' title='bbox 3132 1909 3308 1963; x_wconf 87' lang='lat' dir='ltr'><strong>admi-</strong></span> 
     </span>
    </p>
   </div>
   <div class='ocr_carea' id='block_1_79' title="bbox 1720 1991 3309 2066">
    <p class='ocr_par' dir='ltr' id='par_1_79' title="bbox 1720 1991 3309 2066">
     <span class='ocr_line' id='line_1_79' title="bbox 1720 1991 3309 2066; baseline 0.004 -19"><span class='ocrx_word' id='word_1_636' title='bbox 1720 1992 1980 2048; x_wconf 89' lang='lat' dir='ltr'><strong>rationem</strong></span> <span class='ocrx_word' id='word_1_637' title='bbox 2015 1992 2150 2047; x_wconf 88' lang='lat' dir='ltr'><strong>tollit</strong></span> <span class='ocrx_word' id='word_1_638' title='bbox 2171 1991 2503 2048; x_wconf 85' lang='lat' dir='ltr'><strong>consuetudo</strong></span> <span class='ocrx_word' id='word_1_639' title='bbox 2535 2011 2550 2047; x_wconf 93' lang='lat'><strong>:</strong></span> <span class='ocrx_word' id='word_1_640' title='bbox 2581 1992 2676 2048; x_wconf 89' lang='lat' dir='ltr'><strong>sed</strong></span> <span class='ocrx_word' id='word_1_641' title='bbox 2709 1993 2761 2047; x_wconf 90' lang='lat' dir='ltr'><strong>in</strong></span> <span class='ocrx_word' id='word_1_642' title='bbox 2788 1993 2882 2049; x_wconf 88' lang='lat' dir='ltr'><strong>Dei</strong></span> <span class='ocrx_word' id='word_1_643' title='bbox 2905 1995 3075 2066; x_wconf 89' lang='lat' dir='ltr'><strong>gloria</strong></span> <span class='ocrx_word' id='word_1_644' title='bbox 3104 2013 3207 2053; x_wconf 91' lang='lat' dir='ltr'><strong>non</strong></span> <span class='ocrx_word' id='word_1_645' title='bbox 3236 2001 3309 2054; x_wconf 87' lang='lat' dir='ltr'><strong>ita</strong></span> 
     </span>
    </p>
   </div>
   <div class='ocr_carea' id='block_1_80' title="bbox 1721 2076 3308 2160">
    <p class='ocr_par' dir='ltr' id='par_1_80' title="bbox 1721 2076 3308 2160">
     <span class='ocr_line' id='line_1_80' title="bbox 1721 2076 3308 2160; baseline 0.005 -23"><span class='ocrx_word' id='word_1_646' title='bbox 1721 2084 1807 2149; x_wconf 83' lang='lat' dir='ltr'><strong>lit,</strong></span> <span class='ocrx_word' id='word_1_647' title='bbox 1840 2092 1895 2138; x_wconf 88' lang='lat' dir='ltr'><strong>at</strong></span> <span class='ocrx_word' id='word_1_648' title='bbox 1923 2083 2082 2156; x_wconf 88' lang='lat' dir='ltr'><strong>plane</strong></span> <span class='ocrx_word' id='word_1_649' title='bbox 2105 2084 2457 2139; x_wconf 89' lang='lat' dir='ltr'><strong>contrarium.</strong></span> <span class='ocrx_word' id='word_1_650' title='bbox 2502 2076 2721 2146; x_wconf 79' lang='lat' dir='ltr'><strong>Quanto</strong></span> <span class='ocrx_word' id='word_1_651' title='bbox 2788 2085 2934 2142; x_wconf 91' lang='lat' dir='ltr'><strong>enim</strong></span> <span class='ocrx_word' id='word_1_652' title='bbox 2962 2089 3133 2160; x_wconf 85' lang='lat' dir='ltr'><strong>magis</strong></span> <span class='ocrx_word' id='word_1_653' title='bbox 3162 2090 3308 2146; x_wconf 89' lang='lat' dir='ltr'><strong>illius</strong></span> 
     </span>
    </p>
   </div>
   <div class='ocr_carea' id='block_1_81' title="bbox 1717 2179 3304 2252">
    <p class='ocr_par' dir='ltr' id='par_1_81' title="bbox 1717 2179 3304 2252">
     <span class='ocr_line' id='line_1_81' title="bbox 1717 2179 3304 2252; baseline 0.005 -18"><span class='ocrx_word' id='word_1_654' title='bbox 1717 2179 1901 2248; x_wconf 74' lang='lat' dir='ltr'><strong>gloria:</strong></span> <span class='ocrx_word' id='word_1_655' title='bbox 1952 2179 2396 2250; x_wconf 89' lang='lat' dir='ltr'><strong>contemplationi</strong></span> <span class='ocrx_word' id='word_1_656' title='bbox 2459 2180 2688 2237; x_wconf 87' lang='lat' dir='ltr'><strong>virtutes</strong></span> <span class='ocrx_word' id='word_1_657' title='bbox 2751 2182 3109 2241; x_wconf 88' lang='lat' dir='ltr'><strong>immorantur</strong></span> <span class='ocrx_word' id='word_1_658' title='bbox 3154 2184 3304 2252; x_wconf 68' lang='lat' dir='ltr'><strong>istae,</strong></span> 
     </span>
    </p>
   </div>
   <div class='ocr_carea' id='block_1_82' title="bbox 1719 2270 3306 2341">
    <p class='ocr_par' dir='ltr' id='par_1_82' title="bbox 1719 2270 3306 2341">
     <span class='ocr_line' id='line_1_82' title="bbox 1719 2270 3306 2341; baseline 0.006 -18"><span class='ocrx_word' id='word_1_659' title='bbox 1719 2278 1867 2324; x_wconf 89' lang='lat' dir='ltr'><strong>tanto</strong></span> <span class='ocrx_word' id='word_1_660' title='bbox 1886 2270 2055 2341; x_wconf 88' lang='lat' dir='ltr'><strong>magis</strong></span> <span class='ocrx_word' id='word_1_661' title='bbox 2083 2271 2493 2341; x_wconf 87' lang='lat' dir='ltr'><strong>obstupescunt,</strong></span> <span class='ocrx_word' id='word_1_662' title='bbox 2525 2280 2581 2328; x_wconf 92' lang='lat' dir='ltr'><strong>et</strong></span> <span class='ocrx_word' id='word_1_663' title='bbox 2600 2271 3015 2330; x_wconf 86' lang='lat' dir='ltr'><strong>admirationem</strong></span> <span class='ocrx_word' id='word_1_664' title='bbox 3042 2290 3194 2331; x_wconf 89' lang='lat' dir='ltr'><strong>suam</strong></span> <span class='ocrx_word' id='word_1_665' title='bbox 3225 2279 3306 2332; x_wconf 88' lang='lat' dir='ltr'><strong>in-</strong></span> 
     </span>
    </p>
   </div>
   <div class='ocr_carea' id='block_1_83' title="bbox 1719 2363 3304 2440">
    <p class='ocr_par' dir='ltr' id='par_1_83' title="bbox 1719 2363 3304 2440">
     <span class='ocr_line' id='line_1_83' title="bbox 1719 2363 3304 2440; baseline 0.005 -23"><span class='ocrx_word' id='word_1_666' title='bbox 1719 2363 1944 2418; x_wconf 91' lang='lat' dir='ltr'><strong>tendunt</strong></span> <span class='ocrx_word' id='word_1_667' title='bbox 1975 2379 1988 2417; x_wconf 90' lang='lat'><strong>:</strong></span> <span class='ocrx_word' id='word_1_668' title='bbox 2015 2379 2172 2434; x_wconf 90' lang='lat' dir='ltr'><strong>quam</strong></span> <span class='ocrx_word' id='word_1_669' title='bbox 2200 2363 2273 2419; x_wconf 91' lang='lat' dir='ltr'><strong>ob</strong></span> <span class='ocrx_word' id='word_1_670' title='bbox 2302 2378 2519 2419; x_wconf 89' lang='lat' dir='ltr'><strong>causam</strong></span> <span class='ocrx_word' id='word_1_671' title='bbox 2546 2406 2561 2431; x_wconf 94' lang='lat'><strong>,</strong></span> <span class='ocrx_word' id='word_1_672' title='bbox 2587 2379 2655 2421; x_wconf 80' lang='lat' dir='ltr'><strong>ex</strong></span> <span class='ocrx_word' id='word_1_673' title='bbox 2681 2381 2788 2437; x_wconf 90' lang='lat' dir='ltr'><strong>quo</strong></span> <span class='ocrx_word' id='word_1_674' title='bbox 2828 2381 2951 2424; x_wconf 87' lang='lat' dir='ltr'><strong>esse</strong></span> <span class='ocrx_word' id='word_1_675' title='bbox 2993 2382 3304 2440; x_wconf 72' lang='lat' dir='ltr'><strong>coeperunt,</strong></span> 
     </span>
    </p>
   </div>
   <div class='ocr_carea' id='block_1_84' title="bbox 1714 2454 3305 2527">
    <p class='ocr_par' dir='ltr' id='par_1_84' title="bbox 1714 2454 3305 2527">
     <span class='ocr_line' id='line_1_84' title="bbox 1714 2454 3305 2527; baseline 0.005 -18"><span class='ocrx_word' id='word_1_676' title='bbox 1714 2454 1783 2509; x_wconf 92' lang='lat' dir='ltr'><strong>ad</strong></span> <span class='ocrx_word' id='word_1_677' title='bbox 1814 2454 1956 2510; x_wconf 91' lang='lat' dir='ltr'><strong>hunc</strong></span> <span class='ocrx_word' id='word_1_678' title='bbox 2004 2470 2175 2526; x_wconf 89' lang='lat' dir='ltr'><strong>usque</strong></span> <span class='ocrx_word' id='word_1_679' title='bbox 2210 2455 2351 2511; x_wconf 90' lang='lat' dir='ltr'><strong>diem</strong></span> <span class='ocrx_word' id='word_1_680' title='bbox 2398 2456 2622 2526; x_wconf 85' lang='lat' dir='ltr'><strong>gloriam</strong></span> <span class='ocrx_word' id='word_1_681' title='bbox 2673 2458 2816 2513; x_wconf 91' lang='lat' dir='ltr'><strong>illam</strong></span> <span class='ocrx_word' id='word_1_682' title='bbox 2852 2458 3153 2527; x_wconf 84' lang='lat' dir='ltr'><strong>intuentes,</strong></span> <span class='ocrx_word' id='word_1_683' title='bbox 3181 2476 3305 2517; x_wconf 83' lang='lat' dir='ltr'><strong>Cum</strong></span> 
     </span>
    </p>
   </div>
   <div class='ocr_carea' id='block_1_85' title="bbox 1713 2547 3306 2624">
    <p class='ocr_par' dir='ltr' id='par_1_85' title="bbox 1713 2547 3306 2624">
     <span class='ocr_line' id='line_1_85' title="bbox 1713 2547 3306 2624; baseline 0.004 -22"><span class='ocrx_word' id='word_1_684' title='bbox 1713 2553 1935 2618; x_wconf 88' lang='lat' dir='ltr'><strong>stupore</strong></span> <span class='ocrx_word' id='word_1_685' title='bbox 1983 2547 2218 2603; x_wconf 90' lang='lat' dir='ltr'><strong>clamare</strong></span> <span class='ocrx_word' id='word_1_686' title='bbox 2268 2563 2374 2602; x_wconf 92' lang='lat' dir='ltr'><strong>non</strong></span> <span class='ocrx_word' id='word_1_687' title='bbox 2417 2556 2669 2605; x_wconf 89' lang='lat' dir='ltr'><strong>cessant:</strong></span> <span class='ocrx_word' id='word_1_688' title='bbox 2694 2549 2787 2604; x_wconf 90' lang='lat' dir='ltr'><strong>sed</strong></span> <span class='ocrx_word' id='word_1_689' title='bbox 2831 2549 2974 2620; x_wconf 91' lang='lat' dir='ltr'><strong>quod</strong></span> <span class='ocrx_word' id='word_1_690' title='bbox 3014 2551 3067 2607; x_wconf 91' lang='lat' dir='ltr'><strong>in</strong></span> <span class='ocrx_word' id='word_1_691' title='bbox 3111 2553 3306 2624; x_wconf 81' lang='lat' dir='ltr'><strong>exiguo</strong></span> 
     </span>
    </p>
   </div>
   <div class='ocr_carea' id='block_1_86' title="bbox 1717 2640 3307 2715">
    <p class='ocr_par' dir='ltr' id='par_1_86' title="bbox 1717 2640 3307 2715">
     <span class='ocr_line' id='line_1_86' title="bbox 1717 2640 3307 2715; baseline 0.005 -21"><span class='ocrx_word' id='word_1_692' title='bbox 1717 2640 1973 2710; x_wconf 86' lang='lat' dir='ltr'><strong>temporis</strong></span> <span class='ocrx_word' id='word_1_693' title='bbox 2002 2640 2176 2710; x_wconf 86' lang='lat' dir='ltr'><strong>spatio</strong></span> <span class='ocrx_word' id='word_1_694' title='bbox 2198 2640 2354 2696; x_wconf 89' lang='lat' dir='ltr'><strong>nobis</strong></span> <span class='ocrx_word' id='word_1_695' title='bbox 2375 2642 2667 2711; x_wconf 84' lang='lat' dir='ltr'><strong>contingit,</strong></span> <span class='ocrx_word' id='word_1_696' title='bbox 2692 2641 2819 2698; x_wconf 90' lang='lat' dir='ltr'><strong>dum</strong></span> <span class='ocrx_word' id='word_1_697' title='bbox 2845 2642 3018 2715; x_wconf 85' lang='lat' dir='ltr'><strong>fulgor</strong></span> <span class='ocrx_word' id='word_1_698' title='bbox 3043 2646 3096 2699; x_wconf 92' lang='lat' dir='ltr'><strong>in</strong></span> <span class='ocrx_word' id='word_1_699' title='bbox 3120 2646 3307 2702; x_wconf 87' lang='lat' dir='ltr'><strong>oculos</strong></span> 
     </span>
    </p>
   </div>
   <div class='ocr_carea' id='block_1_87' title="bbox 1714 2730 3303 2804">
    <p class='ocr_par' dir='ltr' id='par_1_87' title="bbox 1714 2730 3303 2804">
     <span class='ocr_line' id='line_1_87' title="bbox 1714 2730 3303 2804; baseline 0.004 -18"><span class='ocrx_word' id='word_1_700' title='bbox 1714 2730 1886 2787; x_wconf 88' lang='lat' dir='ltr'><strong>fertur</strong></span> <span class='ocrx_word' id='word_1_701' title='bbox 1912 2740 2165 2795; x_wconf 88' lang='lat' dir='ltr'><strong>nostros.</strong></span> <span class='ocrx_word' id='word_1_702' title='bbox 2198 2730 2306 2788; x_wconf 92' lang='lat' dir='ltr'><strong>hoc</strong></span> <span class='ocrx_word' id='word_1_703' title='bbox 2339 2732 2440 2787; x_wconf 79' lang='lat' dir='ltr'><strong>illa:</strong></span> <span class='ocrx_word' id='word_1_704' title='bbox 2473 2742 2734 2804; x_wconf 88' lang='lat' dir='ltr'><strong>perpetuo</strong></span> <span class='ocrx_word' id='word_1_705' title='bbox 2762 2734 3054 2804; x_wconf 88' lang='lat' dir='ltr'><strong>patiuntur,</strong></span> <span class='ocrx_word' id='word_1_706' title='bbox 3079 2746 3133 2792; x_wconf 89' lang='lat' dir='ltr'><strong>et</strong></span> <span class='ocrx_word' id='word_1_707' title='bbox 3169 2753 3303 2794; x_wconf 58' lang='lat' dir='ltr'><strong>cono</strong></span> 
     </span>
    </p>
   </div>
   <div class='ocr_carea' id='block_1_88' title="bbox 1715 2824 3298 2897">
    <p class='ocr_par' dir='ltr' id='par_1_88' title="bbox 1715 2824 3298 2897">
     <span class='ocr_line' id='line_1_88' title="bbox 1715 2824 3298 2897; baseline 0.004 -19"><span class='ocrx_word' id='word_1_708' title='bbox 1715 2826 1861 2880; x_wconf 88' lang='lat' dir='ltr'><strong>tiuua</strong></span> <span class='ocrx_word' id='word_1_709' title='bbox 1887 2824 2244 2881; x_wconf 90' lang='lat' dir='ltr'><strong>admiratione</strong></span> <span class='ocrx_word' id='word_1_710' title='bbox 2263 2840 2387 2879; x_wconf 90' lang='lat' dir='ltr'><strong>cum</strong></span> <span class='ocrx_word' id='word_1_711' title='bbox 2415 2826 2689 2895; x_wconf 79' lang='lat' dir='ltr'><strong>voluptate</strong></span> <span class='ocrx_word' id='word_1_712' title='bbox 2717 2826 2946 2897; x_wconf 88' lang='lat' dir='ltr'><strong>quadam</strong></span> <span class='ocrx_word' id='word_1_713' title='bbox 2969 2828 3298 2885; x_wconf 78' lang='lat' dir='ltr'><strong>afﬁciuntur.</strong></span> 
     </span>
    </p>
   </div>
   <div class='ocr_carea' id='block_1_89' title="bbox 1710 2914 3295 2992">
    <p class='ocr_par' dir='ltr' id='par_1_89' title="bbox 1710 2914 3295 2992">
     <span class='ocr_line' id='line_1_89' title="bbox 1710 2914 3295 2992; baseline 0.003 -21"><span class='ocrx_word' id='word_1_714' title='bbox 1710 2914 1898 2986; x_wconf 86' lang='lat' dir='ltr'><strong>Neque</strong></span> <span class='ocrx_word' id='word_1_715' title='bbox 1925 2930 2052 2972; x_wconf 88' lang='lat' dir='ltr'><strong>vero</strong></span> <span class='ocrx_word' id='word_1_716' title='bbox 2077 2916 2250 2971; x_wconf 90' lang='lat' dir='ltr'><strong>solum</strong></span> <span class='ocrx_word' id='word_1_717' title='bbox 2272 2917 2526 2982; x_wconf 89' lang='lat' dir='ltr'><strong>clamant,</strong></span> <span class='ocrx_word' id='word_1_718' title='bbox 2555 2916 2650 2972; x_wconf 89' lang='lat' dir='ltr'><strong>sed</strong></span> <span class='ocrx_word' id='word_1_719' title='bbox 2677 2918 2748 2972; x_wconf 89' lang='lat' dir='ltr'><strong>ad</strong></span> <span class='ocrx_word' id='word_1_720' title='bbox 2778 2919 3009 2974; x_wconf 87' lang='lat' dir='ltr'><strong>invicem</strong></span> <span class='ocrx_word' id='word_1_721' title='bbox 3035 2920 3086 2974; x_wconf 91' lang='lat' dir='ltr'><strong>id</strong></span> <span class='ocrx_word' id='word_1_722' title='bbox 3112 2929 3295 2992; x_wconf 84' lang='lat' dir='ltr'><strong>agunt,</strong></span> 
     </span>
    </p>
   </div>
   <div class='ocr_carea' id='block_1_90' title="bbox 1713 3006 3302 3081">
    <p class='ocr_par' dir='ltr' id='par_1_90' title="bbox 1713 3006 3302 3081">
     <span class='ocr_line' id='line_1_90' title="bbox 1713 3006 3302 3081; baseline 0.003 -20"><span class='ocrx_word' id='word_1_723' title='bbox 1713 3007 1854 3077; x_wconf 88' lang='lat' dir='ltr'><strong>quod</strong></span> <span class='ocrx_word' id='word_1_724' title='bbox 1883 3008 2107 3062; x_wconf 80' lang='lat' dir='ltr'><strong>intonsae</strong></span> <span class='ocrx_word' id='word_1_725' title='bbox 2131 3007 2408 3079; x_wconf 90' lang='lat' dir='ltr'><strong>cujusdam</strong></span> <span class='ocrx_word' id='word_1_726' title='bbox 2447 3006 2820 3064; x_wconf 87' lang='lat' dir='ltr'><strong>admirationis</strong></span> <span class='ocrx_word' id='word_1_727' title='bbox 2850 3019 2933 3065; x_wconf 90' lang='lat' dir='ltr'><strong>est</strong></span> <span class='ocrx_word' id='word_1_728' title='bbox 2960 3010 3191 3081; x_wconf 84' lang='lat' dir='ltr'><strong>signum.</strong></span> <span class='ocrx_word' id='word_1_729' title='bbox 3225 3010 3302 3066; x_wconf 71' lang='lat' dir='ltr'><strong>Ita</strong></span> 
     </span>
    </p>
   </div>
   <div class='ocr_carea' id='block_1_91' title="bbox 1713 3098 3303 3171">
    <p class='ocr_par' dir='ltr' id='par_1_91' title="bbox 1713 3098 3303 3171">
     <span class='ocr_line' id='line_1_91' title="bbox 1713 3098 3303 3171; baseline 0.003 -17"><span class='ocrx_word' id='word_1_730' title='bbox 1713 3114 1813 3155; x_wconf 91' lang='lat' dir='ltr'><strong>nos</strong></span> <span class='ocrx_word' id='word_1_731' title='bbox 1839 3114 2052 3170; x_wconf 88' lang='lat' dir='ltr'><strong>quoque</strong></span> <span class='ocrx_word' id='word_1_732' title='bbox 2074 3140 2091 3166; x_wconf 91' lang='lat'><strong>,</strong></span> <span class='ocrx_word' id='word_1_733' title='bbox 2119 3098 2246 3155; x_wconf 90' lang='lat' dir='ltr'><strong>dum</strong></span> <span class='ocrx_word' id='word_1_734' title='bbox 2290 3099 2524 3168; x_wconf 89' lang='lat' dir='ltr'><strong>erumpit</strong></span> <span class='ocrx_word' id='word_1_735' title='bbox 2553 3100 2753 3155; x_wconf 89' lang='lat' dir='ltr'><strong>tonitru</strong></span> <span class='ocrx_word' id='word_1_736' title='bbox 2783 3114 2904 3156; x_wconf 90' lang='lat' dir='ltr'><strong>cum</strong></span> <span class='ocrx_word' id='word_1_737' title='bbox 2935 3099 3147 3171; x_wconf 86' lang='lat' dir='ltr'><strong>fragore</strong></span> <span class='ocrx_word' id='word_1_738' title='bbox 3168 3143 3182 3165; x_wconf 90' lang='lat'><strong>,</strong></span> <span class='ocrx_word' id='word_1_739' title='bbox 3214 3104 3303 3159; x_wconf 77' lang='lat' dir='ltr'><strong>vel</strong></span> 
     </span>
    </p>
   </div>
   <div class='ocr_carea' id='block_1_92' title="bbox 1713 3191 3297 3258">
    <p class='ocr_par' dir='ltr' id='par_1_92' title="bbox 1713 3191 3297 3258">
     <span class='ocr_line' id='line_1_92' title="bbox 1713 3191 3297 3258; baseline 0.001 -11"><span class='ocrx_word' id='word_1_740' title='bbox 1713 3201 1854 3247; x_wconf 91' lang='lat' dir='ltr'><strong>terra</strong></span> <span class='ocrx_word' id='word_1_741' title='bbox 1897 3200 2177 3258; x_wconf 81' lang='lat' dir='ltr'><strong>movetur,</strong></span> <span class='ocrx_word' id='word_1_742' title='bbox 2226 3208 2333 3246; x_wconf 92' lang='lat' dir='ltr'><strong>non</strong></span> <span class='ocrx_word' id='word_1_743' title='bbox 2364 3191 2525 3246; x_wconf 91' lang='lat' dir='ltr'><strong>modo</strong></span> <span class='ocrx_word' id='word_1_744' title='bbox 2550 3191 2821 3247; x_wconf 90' lang='lat' dir='ltr'><strong>resilimus</strong></span> <span class='ocrx_word' id='word_1_745' title='bbox 2842 3231 2860 3257; x_wconf 89' lang='lat'><strong>,</strong></span> <span class='ocrx_word' id='word_1_746' title='bbox 2898 3202 2952 3248; x_wconf 90' lang='lat' dir='ltr'><strong>et</strong></span> <span class='ocrx_word' id='word_1_747' title='bbox 2971 3192 3297 3256; x_wconf 89' lang='lat' dir='ltr'><strong>clamamus.</strong></span> 
     </span>
    </p>
   </div>
   <div class='ocr_carea' id='block_1_93' title="bbox 1716 3281 3301 3355">
    <p class='ocr_par' dir='ltr' id='par_1_93' title="bbox 1716 3281 3301 3355">
     <span class='ocr_line' id='line_1_93' title="bbox 1716 3281 3301 3355; baseline 0 -16"><span class='ocrx_word' id='word_1_748' title='bbox 1716 3283 1812 3339; x_wconf 88' lang='lat' dir='ltr'><strong>sed</strong></span> <span class='ocrx_word' id='word_1_749' title='bbox 1840 3283 1908 3339; x_wconf 88' lang='lat' dir='ltr'><strong>ad</strong></span> <span class='ocrx_word' id='word_1_750' title='bbox 1931 3284 2159 3339; x_wconf 89' lang='lat' dir='ltr'><strong>invicem</strong></span> <span class='ocrx_word' id='word_1_751' title='bbox 2191 3283 2245 3337; x_wconf 91' lang='lat' dir='ltr'><strong>in</strong></span> <span class='ocrx_word' id='word_1_752' title='bbox 2266 3282 2472 3339; x_wconf 64' lang='lat' dir='ltr'><strong>aedibus</strong></span> <span class='ocrx_word' id='word_1_753' title='bbox 2495 3283 2696 3338; x_wconf 89' lang='lat' dir='ltr'><strong>nostris</strong></span> <span class='ocrx_word' id='word_1_754' title='bbox 2718 3281 3077 3355; x_wconf 88' lang='lat' dir='ltr'><strong>confugimus.</strong></span> <span class='ocrx_word' id='word_1_755' title='bbox 3111 3284 3222 3340; x_wconf 85' lang='lat' dir='ltr'><strong>Hoc</strong></span> <span class='ocrx_word' id='word_1_756' title='bbox 3245 3294 3301 3339; x_wconf 82' lang='lat' dir='ltr'><strong>ct</strong></span> 
     </span>
    </p>
   </div>
   <div class='ocr_carea' id='block_1_94' title="bbox 1714 3373 3296 3448">
    <p class='ocr_par' dir='ltr' id='par_1_94' title="bbox 1714 3373 3296 3448">
     <span class='ocr_line' id='line_1_94' title="bbox 1714 3373 3296 3448; baseline -0.001 -16"><span class='ocrx_word' id='word_1_757' title='bbox 1714 3375 1993 3448; x_wconf 89' lang='lat' dir='ltr'><strong>Seraphim</strong></span> <span class='ocrx_word' id='word_1_758' title='bbox 2015 3384 2178 3447; x_wconf 86' lang='lat' dir='ltr'><strong>agunt</strong></span> <span class='ocrx_word' id='word_1_759' title='bbox 2205 3392 2221 3430; x_wconf 92' lang='lat'><strong>:</strong></span> <span class='ocrx_word' id='word_1_760' title='bbox 2250 3374 2477 3446; x_wconf 89' lang='lat' dir='ltr'><strong>ideoque</strong></span> <span class='ocrx_word' id='word_1_761' title='bbox 2495 3374 2633 3432; x_wconf 88' lang='lat' dir='ltr'><strong>alter</strong></span> <span class='ocrx_word' id='word_1_762' title='bbox 2657 3373 2726 3431; x_wconf 91' lang='lat' dir='ltr'><strong>ad</strong></span> <span class='ocrx_word' id='word_1_763' title='bbox 2745 3374 2971 3432; x_wconf 88' lang='lat' dir='ltr'><strong>alterum</strong></span> <span class='ocrx_word' id='word_1_764' title='bbox 2998 3375 3296 3441; x_wconf 84' lang='lat' dir='ltr'><strong>clamabat,</strong></span> 
     </span>
    </p>
   </div>
   <div class='ocr_carea' id='block_1_95' title="bbox 1717 3468 2498 3534">
    <p class='ocr_par' dir='ltr' id='par_1_95' title="bbox 1717 3468 2498 3534">
     <span class='ocr_line' id='line_1_95' title="bbox 1717 3468 2498 3534; baseline -0.003 -11"><span class='ocrx_word' id='word_1_765' title='bbox 1717 3468 1964 3534; x_wconf 84' lang='lat' dir='ltr'><strong>Sanctus,</strong></span> <span class='ocrx_word' id='word_1_766' title='bbox 2007 3476 2214 3523; x_wconf 82' lang='lat' dir='ltr'><strong>sanctus</strong></span> <span class='ocrx_word' id='word_1_767' title='bbox 2229 3507 2244 3533; x_wconf 91' lang='lat'><strong>,</strong></span> <span class='ocrx_word' id='word_1_768' title='bbox 2272 3477 2498 3523; x_wconf 86' lang='lat' dir='ltr'><strong>sanctus.</strong></span> 
     </span>
    </p>
   </div>
   <div class='ocr_carea' id='block_1_96' title="bbox 1789 3558 3301 3632">
    <p class='ocr_par' dir='ltr' id='par_1_96' title="bbox 1789 3558 3301 3632">
     <span class='ocr_line' id='line_1_96' title="bbox 1789 3558 3301 3632; baseline -0.001 -17"><span class='ocrx_word' id='word_1_769' title='bbox 1789 3562 1844 3615; x_wconf 75' lang='grc'><strong>5.</strong></span> <span class='ocrx_word' id='word_1_770' title='bbox 1889 3560 2154 3632; x_wconf 90' lang='lat' dir='ltr'><strong>Numquid</strong></span> <span class='ocrx_word' id='word_1_771' title='bbox 2176 3559 2316 3615; x_wconf 90' lang='lat' dir='ltr'><strong>hanc</strong></span> <span class='ocrx_word' id='word_1_772' title='bbox 2341 3572 2530 3615; x_wconf 85' lang='lat' dir='ltr'><strong>vocem</strong></span> <span class='ocrx_word' id='word_1_773' title='bbox 2550 3558 2840 3630; x_wconf 82' lang='lat' dir='ltr'><strong>agnovistis</strong></span> <span class='ocrx_word' id='word_1_774' title='bbox 2858 3558 2884 3612; x_wconf 81' lang='lat' dir='ltr'><strong>‘t</strong></span> <span class='ocrx_word' id='word_1_775' title='bbox 2924 3559 3179 3630; x_wconf 90' lang='lat' dir='ltr'><strong>numquid</strong></span> <span class='ocrx_word' id='word_1_776' title='bbox 3204 3575 3301 3615; x_wconf 83' lang='lat' dir='ltr'><strong>no-</strong></span> 
     </span>
    </p>
   </div>
   <div class='ocr_carea' id='block_1_97' title="bbox 1713 3654 3296 3725">
    <p class='ocr_par' dir='ltr' id='par_1_97' title="bbox 1713 3654 3296 3725">
     <span class='ocr_line' id='line_1_97' title="bbox 1713 3654 3296 3725; baseline -0.002 -14"><span class='ocrx_word' id='word_1_777' title='bbox 1713 3667 1821 3712; x_wconf 89' lang='lat' dir='ltr'><strong>stra</strong></span> <span class='ocrx_word' id='word_1_778' title='bbox 1854 3665 1957 3722; x_wconf 90' lang='lat' dir='ltr'><strong>est,</strong></span> <span class='ocrx_word' id='word_1_779' title='bbox 1984 3672 2052 3711; x_wconf 89' lang='lat' dir='ltr'><strong>an</strong></span> <span class='ocrx_word' id='word_1_780' title='bbox 2086 3670 2215 3711; x_wconf 84' lang='lat' dir='ltr'><strong>vero</strong></span> <span class='ocrx_word' id='word_1_781' title='bbox 2243 3654 2568 3725; x_wconf 83' lang='lat' dir='ltr'><strong>Seraphim?</strong></span> <span class='ocrx_word' id='word_1_782' title='bbox 2594 3655 2661 3708; x_wconf 85' lang='lat' dir='ltr'><strong>Et</strong></span> <span class='ocrx_word' id='word_1_783' title='bbox 2705 3664 2888 3709; x_wconf 86' lang='lat' dir='ltr'><strong>nostra</strong></span> <span class='ocrx_word' id='word_1_784' title='bbox 2917 3663 2972 3709; x_wconf 88' lang='lat' dir='ltr'><strong>et</strong></span> <span class='ocrx_word' id='word_1_785' title='bbox 2995 3654 3296 3725; x_wconf 87' lang='lat' dir='ltr'><strong>Seraphim,</strong></span> 
     </span>
    </p>
   </div>
   <div class='ocr_carea' id='block_1_98' title="bbox 1714 3745 3297 3817">
    <p class='ocr_par' dir='ltr' id='par_1_98' title="bbox 1714 3745 3297 3817">
     <span class='ocr_line' id='line_1_98' title="bbox 1714 3745 3297 3817; baseline -0.003 -12"><span class='ocrx_word' id='word_1_786' title='bbox 1714 3748 1971 3805; x_wconf 78' lang='lat' dir='ltr'><strong>beneficio</strong></span> <span class='ocrx_word' id='word_1_787' title='bbox 1995 3747 2213 3814; x_wconf 79' lang='lat' dir='ltr'><strong>ChriSti,</strong></span> <span class='ocrx_word' id='word_1_788' title='bbox 2241 3747 2331 3817; x_wconf 90' lang='lat' dir='ltr'><strong>qui</strong></span> <span class='ocrx_word' id='word_1_789' title='bbox 2358 3745 2592 3802; x_wconf 90' lang='lat' dir='ltr'><strong>medium</strong></span> <span class='ocrx_word' id='word_1_790' title='bbox 2619 3746 2878 3816; x_wconf 83' lang='lat' dir='ltr'><strong>parietem</strong></span> <span class='ocrx_word' id='word_1_791' title='bbox 2907 3746 3151 3801; x_wconf 74' lang='lat' dir='ltr'><strong>maceria:</strong></span> <span class='ocrx_word' id='word_1_792' title='bbox 3174 3760 3297 3801; x_wconf 81' lang='lat' dir='ltr'><strong>sus-</strong></span> 
     </span>
    </p>
   </div>
   <div class='ocr_carea' id='block_1_99' title="bbox 1715 3838 3301 3912">
    <p class='ocr_par' dir='ltr' id='par_1_99' title="bbox 1715 3838 3301 3912">
     <span class='ocr_line' id='line_1_99' title="bbox 1715 3838 3301 3912; baseline -0.001 -17"><span class='ocrx_word' id='word_1_793' title='bbox 1715 3843 1854 3905; x_wconf 86' lang='lat' dir='ltr'><strong>tulit,</strong></span> <span class='ocrx_word' id='word_1_794' title='bbox 1878 3852 1929 3898; x_wconf 91' lang='lat' dir='ltr'><strong>et</strong></span> <span class='ocrx_word' id='word_1_795' title='bbox 1960 3840 2258 3912; x_wconf 77' lang='lat' dir='ltr'><strong>paciﬁcavit</strong></span> <span class='ocrx_word' id='word_1_796' title='bbox 2281 3839 2459 3893; x_wconf 92' lang='lat' dir='ltr'><strong>omnia</strong></span> <span class='ocrx_word' id='word_1_797' title='bbox 2486 3853 2607 3909; x_wconf 64' lang='lat' dir='ltr'><strong>qua:</strong></span> <span class='ocrx_word' id='word_1_798' title='bbox 2635 3838 2686 3893; x_wconf 92' lang='lat' dir='ltr'><strong>in</strong></span> <span class='ocrx_word' id='word_1_799' title='bbox 2715 3838 2862 3893; x_wconf 66' lang='lat' dir='ltr'><strong>cmlis</strong></span> <span class='ocrx_word' id='word_1_800' title='bbox 2890 3846 3050 3903; x_wconf 90' lang='lat' dir='ltr'><strong>sunt,</strong></span> <span class='ocrx_word' id='word_1_801' title='bbox 3084 3846 3140 3892; x_wconf 88' lang='lat' dir='ltr'><strong>et</strong></span> <span class='ocrx_word' id='word_1_802' title='bbox 3179 3852 3301 3907; x_wconf 72' lang='lat' dir='ltr'><strong>qum</strong></span> 
     </span>
    </p>
   </div>
   <div class='ocr_carea' id='block_1_100' title="bbox 1715 3929 3299 4003">
    <p class='ocr_par' dir='ltr' id='par_1_100' title="bbox 1715 3929 3299 4003">
     <span class='ocr_line' id='line_1_100' title="bbox 1715 3929 3299 4003; baseline -0.003 -14"><span class='ocrx_word' id='word_1_803' title='bbox 1715 3935 1767 3989; x_wconf 91' lang='lat' dir='ltr'><strong>in</strong></span> <span class='ocrx_word' id='word_1_804' title='bbox 1795 3935 1970 3998; x_wconf 86' lang='lat' dir='ltr'><strong>terris,</strong></span> <span class='ocrx_word' id='word_1_805' title='bbox 2001 3943 2054 3990; x_wconf 88' lang='lat' dir='ltr'><strong>et</strong></span> <span class='ocrx_word' id='word_1_806' title='bbox 2082 3933 2199 4003; x_wconf 88' lang='lat' dir='ltr'><strong>ejus</strong></span> <span class='ocrx_word' id='word_1_807' title='bbox 2241 3931 2522 3999; x_wconf 82' lang='lat' dir='ltr'><strong>beneﬁcio,</strong></span> <span class='ocrx_word' id='word_1_808' title='bbox 2549 3931 2638 4001; x_wconf 92' lang='lat' dir='ltr'><strong>qui</strong></span> <span class='ocrx_word' id='word_1_809' title='bbox 2682 3940 2908 3999; x_wconf 86' lang='lat' dir='ltr'><strong>utraque</strong></span> <span class='ocrx_word' id='word_1_810' title='bbox 2948 3929 3074 3985; x_wconf 88' lang='lat' dir='ltr'><strong>fecit</strong></span> <span class='ocrx_word' id='word_1_811' title='bbox 3112 3945 3299 3985; x_wconf 90' lang='lat' dir='ltr'><strong>unum.</strong></span> 
     </span>
    </p>
   </div>
   <div class='ocr_carea' id='block_1_101' title="bbox 1714 4025 3302 4101">
    <p class='ocr_par' dir='ltr' id='par_1_101' title="bbox 1714 4025 3302 4101">
     <span class='ocr_line' id='line_1_101' title="bbox 1714 4025 3302 4101; baseline -0.006 -15"><span class='ocrx_word' id='word_1_812' title='bbox 1714 4031 1845 4087; x_wconf 86' lang='lat' dir='ltr'><strong>Nam</strong></span> <span class='ocrx_word' id='word_1_813' title='bbox 1875 4042 2028 4085; x_wconf 88' lang='lat' dir='ltr'><strong>antea</strong></span> <span class='ocrx_word' id='word_1_814' title='bbox 2057 4029 2272 4101; x_wconf 89' lang='lat' dir='ltr'><strong>quidem</strong></span> <span class='ocrx_word' id='word_1_815' title='bbox 2302 4029 2355 4082; x_wconf 90' lang='lat' dir='ltr'><strong>in</strong></span> <span class='ocrx_word' id='word_1_816' title='bbox 2384 4028 2532 4083; x_wconf 73' lang='lat' dir='ltr'><strong>ctelis</strong></span> <span class='ocrx_word' id='word_1_817' title='bbox 2563 4035 2764 4082; x_wconf 90' lang='lat' dir='ltr'><strong>tantum</strong></span> <span class='ocrx_word' id='word_1_818' title='bbox 2802 4025 3032 4097; x_wconf 84' lang='lat' dir='ltr'><strong>hymnus</strong></span> <span class='ocrx_word' id='word_1_819' title='bbox 3073 4025 3173 4080; x_wconf 87' lang='lat' dir='ltr'><strong>iste</strong></span> <span class='ocrx_word' id='word_1_820' title='bbox 3205 4038 3302 4079; x_wconf 83' lang='lat' dir='ltr'><strong>ca-</strong></span> 
     </span>
    </p>
   </div>
   <div class='ocr_carea' id='block_1_102' title="bbox 1717 4117 3301 4193">
    <p class='ocr_par' dir='ltr' id='par_1_102' title="bbox 1717 4117 3301 4193">
     <span class='ocr_line' id='line_1_102' title="bbox 1717 4117 3301 4193; baseline -0.004 -14"><span class='ocrx_word' id='word_1_821' title='bbox 1717 4125 1982 4180; x_wconf 86' lang='lat' dir='ltr'><strong>uebatur:</strong></span> <span class='ocrx_word' id='word_1_822' title='bbox 2031 4130 2310 4193; x_wconf 77' lang='lat' dir='ltr'><strong>pastquam</strong></span> <span class='ocrx_word' id='word_1_823' title='bbox 2340 4128 2517 4175; x_wconf 91' lang='lat' dir='ltr'><strong>autem</strong></span> <span class='ocrx_word' id='word_1_824' title='bbox 2549 4120 2600 4174; x_wconf 92' lang='lat' dir='ltr'><strong>in</strong></span> <span class='ocrx_word' id='word_1_825' title='bbox 2645 4127 2842 4174; x_wconf 89' lang='lat' dir='ltr'><strong>terram</strong></span> <span class='ocrx_word' id='word_1_826' title='bbox 2882 4118 3066 4174; x_wconf 90' lang='lat' dir='ltr'><strong>venire</strong></span> <span class='ocrx_word' id='word_1_827' title='bbox 3110 4117 3301 4189; x_wconf 84' lang='lat' dir='ltr'><strong>digna-</strong></span> 
     </span>
    </p>
   </div>
   <div class='ocr_carea' id='block_1_103' title="bbox 1717 4208 3304 4281">
    <p class='ocr_par' dir='ltr' id='par_1_103' title="bbox 1717 4208 3304 4281">
     <span class='ocr_line' id='line_1_103' title="bbox 1717 4208 3304 4281; baseline -0.006 -8"><span class='ocrx_word' id='word_1_828' title='bbox 1717 4229 1800 4273; x_wconf 91' lang='lat' dir='ltr'><strong>lus</strong></span> <span class='ocrx_word' id='word_1_829' title='bbox 1825 4228 1907 4272; x_wconf 87' lang='lat' dir='ltr'><strong>est</strong></span> <span class='ocrx_word' id='word_1_830' title='bbox 1944 4217 2221 4281; x_wconf 89' lang='lat' dir='ltr'><strong>Dominus,</strong></span> <span class='ocrx_word' id='word_1_831' title='bbox 2248 4214 2392 4269; x_wconf 89' lang='lat' dir='ltr'><strong>hunc</strong></span> <span class='ocrx_word' id='word_1_832' title='bbox 2419 4212 2579 4268; x_wconf 87' lang='lat' dir='ltr'><strong>etiam</strong></span> <span class='ocrx_word' id='word_1_833' title='bbox 2610 4218 2927 4266; x_wconf 90' lang='lat' dir='ltr'><strong>concentum</strong></span> <span class='ocrx_word' id='word_1_834' title='bbox 2971 4209 3038 4264; x_wconf 89' lang='lat' dir='ltr'><strong>ad</strong></span> <span class='ocrx_word' id='word_1_835' title='bbox 3068 4224 3167 4264; x_wconf 91' lang='lat' dir='ltr'><strong>nos</strong></span> <span class='ocrx_word' id='word_1_836' title='bbox 3207 4208 3304 4264; x_wconf 89' lang='lat' dir='ltr'><strong>de—</strong></span> 
     </span>
    </p>
   </div>
   <div class='ocr_carea' id='block_1_104' title="bbox 1719 4301 3299 4377">
    <p class='ocr_par' dir='ltr' id='par_1_104' title="bbox 1719 4301 3299 4377">
     <span class='ocr_line' id='line_1_104' title="bbox 1719 4301 3299 4377; baseline -0.006 -12"><span class='ocrx_word' id='word_1_837' title='bbox 1719 4310 1855 4365; x_wconf 88' lang='lat' dir='ltr'><strong>tulit.</strong></span> <span class='ocrx_word' id='word_1_838' title='bbox 1892 4309 2179 4377; x_wconf 88' lang='lat' dir='ltr'><strong>Propterea</strong></span> <span class='ocrx_word' id='word_1_839' title='bbox 2228 4320 2440 4376; x_wconf 90' lang='lat' dir='ltr'><strong>quoque</strong></span> <span class='ocrx_word' id='word_1_840' title='bbox 2492 4318 2717 4375; x_wconf 87' lang='lat' dir='ltr'><strong>magnus</strong></span> <span class='ocrx_word' id='word_1_841' title='bbox 2763 4303 2851 4358; x_wconf 89' lang='lat' dir='ltr'><strong>hic</strong></span> <span class='ocrx_word' id='word_1_842' title='bbox 2885 4301 3133 4357; x_wconf 77' lang='lat' dir='ltr'><strong>Pontifex</strong></span> <span class='ocrx_word' id='word_1_843' title='bbox 3177 4316 3299 4356; x_wconf 91' lang='lat' dir='ltr'><strong>cum</strong></span> 
     </span>
    </p>
   </div>
   <div class='ocr_carea' id='block_1_105' title="bbox 1710 4393 3303 4475">
    <p class='ocr_par' dir='ltr' id='par_1_105' title="bbox 1710 4393 3303 4475">
     <span class='ocr_line' id='line_1_105' title="bbox 1710 4393 3303 4475; baseline -0.004 -18"><span class='ocrx_word' id='word_1_844' title='bbox 1710 4404 1858 4475; x_wconf 79' lang='lat' dir='ltr'><strong>juxta</strong></span> <span class='ocrx_word' id='word_1_845' title='bbox 1885 4416 2091 4457; x_wconf 91' lang='lat' dir='ltr'><strong>sacram</strong></span> <span class='ocrx_word' id='word_1_846' title='bbox 2119 4399 2258 4454; x_wconf 89' lang='lat' dir='ltr'><strong>hanc</strong></span> <span class='ocrx_word' id='word_1_847' title='bbox 2281 4412 2521 4453; x_wconf 87' lang='lat' dir='ltr'><strong>mensam</strong></span> <span class='ocrx_word' id='word_1_848' title='bbox 2546 4395 2869 4465; x_wconf 87' lang='lat' dir='ltr'><strong>constiterit,</strong></span> <span class='ocrx_word' id='word_1_849' title='bbox 2891 4402 2951 4449; x_wconf 91' lang='lat' dir='ltr'><strong>ut</strong></span> <span class='ocrx_word' id='word_1_850' title='bbox 2987 4393 3303 4451; x_wconf 81' lang='lat' dir='ltr'><strong>rationalem</strong></span> 
     </span>
    </p>
   </div>
   <div class='ocr_carea' id='block_1_106' title="bbox 1717 4486 3302 4556">
    <p class='ocr_par' dir='ltr' id='par_1_106' title="bbox 1717 4486 3302 4556">
     <span class='ocr_line' id='line_1_106' title="bbox 1717 4486 3302 4556; baseline -0.005 -7"><span class='ocrx_word' id='word_1_851' title='bbox 1717 4495 1916 4550; x_wconf 91' lang='lat' dir='ltr'><strong>cultum</strong></span> <span class='ocrx_word' id='word_1_852' title='bbox 1949 4492 2220 4556; x_wconf 74' lang='lat' dir='ltr'><strong>exhibeat,</strong></span> <span class='ocrx_word' id='word_1_853' title='bbox 2252 4499 2307 4545; x_wconf 88' lang='lat' dir='ltr'><strong>et</strong></span> <span class='ocrx_word' id='word_1_854' title='bbox 2343 4489 2663 4546; x_wconf 79' lang='lat' dir='ltr'><strong>sacrificium</strong></span> <span class='ocrx_word' id='word_1_855' title='bbox 2709 4486 2902 4543; x_wconf 75' lang='lat' dir='ltr'><strong>oderat</strong></span> <span class='ocrx_word' id='word_1_856' title='bbox 2940 4487 3302 4551; x_wconf 89' lang='lat' dir='ltr'><strong>incruentum,</strong></span> 
     </span>
    </p>
   </div>
   <div class='ocr_carea' id='block_1_107' title="bbox 1716 4577 3305 4656">
    <p class='ocr_par' dir='ltr' id='par_1_107' title="bbox 1716 4577 3305 4656">
     <span class='ocr_line' id='line_1_107' title="bbox 1716 4577 3305 4656; baseline -0.006 -16"><span class='ocrx_word' id='word_1_857' title='bbox 1716 4602 1823 4640; x_wconf 86' lang='lat' dir='ltr'><strong>non</strong></span> <span class='ocrx_word' id='word_1_858' title='bbox 1854 4584 2168 4656; x_wconf 84' lang='lat' dir='ltr'><strong>simpliciter</strong></span> <span class='ocrx_word' id='word_1_859' title='bbox 2206 4596 2304 4636; x_wconf 92' lang='lat' dir='ltr'><strong>nos</strong></span> <span class='ocrx_word' id='word_1_860' title='bbox 2326 4580 2392 4637; x_wconf 91' lang='lat' dir='ltr'><strong>ad</strong></span> <span class='ocrx_word' id='word_1_861' title='bbox 2423 4580 2560 4636; x_wconf 89' lang='lat' dir='ltr'><strong>hanc</strong></span> <span class='ocrx_word' id='word_1_862' title='bbox 2610 4580 2835 4635; x_wconf 89' lang='lat' dir='ltr'><strong>faustam</strong></span> <span class='ocrx_word' id='word_1_863' title='bbox 2863 4577 3305 4634; x_wconf 81' lang='lat' dir='ltr'><strong>acclamationem</strong></span> 
     </span>
    </p>
   </div>
   <div class='ocr_carea' id='block_1_108' title="bbox 1719 4668 3307 4751">
    <p class='ocr_par' dir='ltr' id='par_1_108' title="bbox 1719 4668 3307 4751">
     <span class='ocr_line' id='line_1_108' title="bbox 1719 4668 3307 4751; baseline -0.006 -18"><span class='ocrx_word' id='word_1_864' title='bbox 1719 4679 1925 4742; x_wconf 89' lang='lat' dir='ltr'><strong>invitat,</strong></span> <span class='ocrx_word' id='word_1_865' title='bbox 1955 4676 2050 4732; x_wconf 87' lang='lat' dir='ltr'><strong>sed</strong></span> <span class='ocrx_word' id='word_1_866' title='bbox 2078 4676 2167 4732; x_wconf 85' lang='lat' dir='ltr'><strong>ubi</strong></span> <span class='ocrx_word' id='word_1_867' title='bbox 2207 4674 2355 4745; x_wconf 86' lang='lat' dir='ltr'><strong>prius</strong></span> <span class='ocrx_word' id='word_1_868' title='bbox 2394 4671 2682 4729; x_wconf 89' lang='lat' dir='ltr'><strong>Clterubim</strong></span> <span class='ocrx_word' id='word_1_869' title='bbox 2710 4669 3025 4751; x_wconf 83' lang='lat' dir='ltr'><strong>nominavit,</strong></span> <span class='ocrx_word' id='word_1_870' title='bbox 3056 4677 3113 4725; x_wconf 87' lang='lat' dir='ltr'><strong>et</strong></span> <span class='ocrx_word' id='word_1_871' title='bbox 3148 4668 3307 4725; x_wconf 83' lang='lat' dir='ltr'><strong>Sera-</strong></span> 
     </span>
    </p>
   </div>
   <div class='ocr_carea' id='block_1_109' title="bbox 1719 4758 3307 4841">
    <p class='ocr_par' dir='ltr' id='par_1_109' title="bbox 1719 4758 3307 4841">
     <span class='ocr_line' id='line_1_109' title="bbox 1719 4758 3307 4841; baseline -0.006 -16"><span class='ocrx_word' id='word_1_872' title='bbox 1719 4770 1864 4841; x_wconf 88' lang='lat' dir='ltr'><strong>phim</strong></span> <span class='ocrx_word' id='word_1_873' title='bbox 1893 4769 2217 4824; x_wconf 89' lang='lat' dir='ltr'><strong>mentionem</strong></span> <span class='ocrx_word' id='word_1_874' title='bbox 2261 4766 2402 4828; x_wconf 89' lang='lat' dir='ltr'><strong>fecit,</strong></span> <span class='ocrx_word' id='word_1_875' title='bbox 2433 4774 2544 4819; x_wconf 93' lang='lat' dir='ltr'><strong>tum</strong></span> <span class='ocrx_word' id='word_1_876' title='bbox 2571 4764 2784 4818; x_wconf 90' lang='lat' dir='ltr'><strong>demum</strong></span> <span class='ocrx_word' id='word_1_877' title='bbox 2804 4758 2871 4816; x_wconf 89' lang='lat' dir='ltr'><strong>ad</strong></span> <span class='ocrx_word' id='word_1_878' title='bbox 2902 4763 3039 4817; x_wconf 89' lang='lat' dir='ltr'><strong>hanc</strong></span> <span class='ocrx_word' id='word_1_879' title='bbox 3066 4770 3307 4817; x_wconf 90' lang='lat' dir='ltr'><strong>tremen-</strong></span> 
     </span>
    </p>
   </div>
   <div class='ocr_carea' id='block_1_110' title="bbox 1717 4853 3306 4920">
    <p class='ocr_par' dir='ltr' id='par_1_110' title="bbox 1717 4853 3306 4920">
     <span class='ocr_line' id='line_1_110' title="bbox 1717 4853 3306 4920; baseline -0.005 -4"><span class='ocrx_word' id='word_1_880' title='bbox 1717 4862 1840 4917; x_wconf 89' lang='lat' dir='ltr'><strong>dam</strong></span> <span class='ocrx_word' id='word_1_881' title='bbox 1887 4874 2071 4915; x_wconf 85' lang='lat' dir='ltr'><strong>voccm</strong></span> <span class='ocrx_word' id='word_1_882' title='bbox 2124 4856 2437 4912; x_wconf 84' lang='lat' dir='ltr'><strong>mittendam</strong></span> <span class='ocrx_word' id='word_1_883' title='bbox 2491 4868 2677 4910; x_wconf 88' lang='lat' dir='ltr'><strong>omnes</strong></span> <span class='ocrx_word' id='word_1_884' title='bbox 2723 4853 3054 4920; x_wconf 88' lang='lat' dir='ltr'><strong>adhortatur,</strong></span> <span class='ocrx_word' id='word_1_885' title='bbox 3080 4862 3134 4908; x_wconf 88' lang='lat' dir='ltr'><strong>et</strong></span> <span class='ocrx_word' id='word_1_886' title='bbox 3175 4854 3306 4909; x_wconf 87' lang='lat' dir='ltr'><strong>dum</strong></span> 
     </span>
    </p>
   </div>
   <div class='ocr_carea' id='block_1_111' title="bbox 1720 4945 3304 5018">
    <p class='ocr_par' dir='ltr' id='par_1_111' title="bbox 1720 4945 3304 5018">
     <span class='ocr_line' id='line_1_111' title="bbox 1720 4945 3304 5018; baseline -0.006 -9"><span class='ocrx_word' id='word_1_887' title='bbox 1720 4969 1904 5010; x_wconf 91' lang='lat' dir='ltr'><strong>eorum</strong></span> <span class='ocrx_word' id='word_1_888' title='bbox 1951 4966 2049 5007; x_wconf 90' lang='lat' dir='ltr'><strong>nos</strong></span> <span class='ocrx_word' id='word_1_889' title='bbox 2094 4950 2367 5014; x_wconf 87' lang='lat' dir='ltr'><strong>admonet,</strong></span> <span class='ocrx_word' id='word_1_890' title='bbox 2399 4948 2489 5018; x_wconf 91' lang='lat' dir='ltr'><strong>qui</strong></span> <span class='ocrx_word' id='word_1_891' title='bbox 2538 4947 2815 5003; x_wconf 86' lang='lat' dir='ltr'><strong>nobiscum</strong></span> <span class='ocrx_word' id='word_1_892' title='bbox 2860 4945 3056 5002; x_wconf 84' lang='lat' dir='ltr'><strong>choros</strong></span> <span class='ocrx_word' id='word_1_893' title='bbox 3082 4946 3304 5017; x_wconf 85' lang='lat' dir='ltr'><strong>agitant,</strong></span> 
     </span>
    </p>
   </div>
   <div class='ocr_carea' id='block_1_112' title="bbox 1720 5039 3307 5110">
    <p class='ocr_par' dir='ltr' id='par_1_112' title="bbox 1720 5039 3307 5110">
     <span class='ocr_line' id='line_1_112' title="bbox 1720 5039 3307 5110; baseline -0.004 -11"><span class='ocrx_word' id='word_1_894' title='bbox 1720 5053 1955 5101; x_wconf 89' lang='lat' dir='ltr'><strong>mentem</strong></span> <span class='ocrx_word' id='word_1_895' title='bbox 1984 5051 2218 5098; x_wconf 89' lang='lat' dir='ltr'><strong>nostram</strong></span> <span class='ocrx_word' id='word_1_896' title='bbox 2269 5056 2301 5096; x_wconf 90' lang='lat' dir='ltr'><strong>a</strong></span> <span class='ocrx_word' id='word_1_897' title='bbox 2358 5049 2498 5096; x_wconf 89' lang='lat' dir='ltr'><strong>terra</strong></span> <span class='ocrx_word' id='word_1_898' title='bbox 2545 5039 2828 5105; x_wconf 90' lang='lat' dir='ltr'><strong>subducit,</strong></span> <span class='ocrx_word' id='word_1_899' title='bbox 2878 5052 3307 5110; x_wconf 88' lang='lat' dir='ltr'><strong>unumquemque</strong></span> 
     </span>
    </p>
   </div>
   <div class='ocr_carea' id='block_1_113' title="bbox 1723 5130 3306 5205">
    <p class='ocr_par' dir='ltr' id='par_1_113' title="bbox 1723 5130 3306 5205">
     <span class='ocr_line' id='line_1_113' title="bbox 1723 5130 3306 5205; baseline -0.005 -12"><span class='ocrx_word' id='word_1_900' title='bbox 1723 5146 1964 5193; x_wconf 90' lang='lat' dir='ltr'><strong>nostrum</strong></span> <span class='ocrx_word' id='word_1_901' title='bbox 1992 5135 2076 5191; x_wconf 89' lang='lat' dir='ltr'><strong>ltis</strong></span> <span class='ocrx_word' id='word_1_902' title='bbox 2105 5132 2487 5205; x_wconf 90' lang='lat' dir='ltr'><strong>propemodum</strong></span> <span class='ocrx_word' id='word_1_903' title='bbox 2531 5132 2710 5188; x_wconf 83' lang='lat' dir='ltr'><strong>verbis</strong></span> <span class='ocrx_word' id='word_1_904' title='bbox 2734 5131 3010 5188; x_wconf 85' lang='lat' dir='ltr'><strong>excitans:</strong></span> <span class='ocrx_word' id='word_1_905' title='bbox 3042 5130 3161 5189; x_wconf 86' lang='lat' dir='ltr'><strong>Una</strong></span> <span class='ocrx_word' id='word_1_906' title='bbox 3184 5146 3306 5187; x_wconf 90' lang='lat' dir='ltr'><strong>cum</strong></span> 
     </span>
    </p>
   </div>
   <div class='ocr_carea' id='block_1_114' title="bbox 1722 5224 3309 5303">
    <p class='ocr_par' dir='ltr' id='par_1_114' title="bbox 1722 5224 3309 5303">
     <span class='ocr_line' id='line_1_114' title="bbox 1722 5224 3309 5303; baseline -0.005 -15"><span class='ocrx_word' id='word_1_907' title='bbox 1722 5230 2003 5303; x_wconf 87' lang='lat' dir='ltr'><strong>Seraphim</strong></span> <span class='ocrx_word' id='word_1_908' title='bbox 2054 5231 2222 5296; x_wconf 90' lang='lat' dir='ltr'><strong>canis,</strong></span> <span class='ocrx_word' id='word_1_909' title='bbox 2251 5246 2355 5284; x_wconf 90' lang='lat' dir='ltr'><strong>una</strong></span> <span class='ocrx_word' id='word_1_910' title='bbox 2407 5244 2527 5283; x_wconf 91' lang='lat' dir='ltr'><strong>cum</strong></span> <span class='ocrx_word' id='word_1_911' title='bbox 2578 5227 2856 5297; x_wconf 87' lang='lat' dir='ltr'><strong>Seraphim</strong></span> <span class='ocrx_word' id='word_1_912' title='bbox 2886 5235 3000 5292; x_wconf 89' lang='lat' dir='ltr'><strong>sta,</strong></span> <span class='ocrx_word' id='word_1_913' title='bbox 3031 5241 3153 5282; x_wconf 90' lang='lat' dir='ltr'><strong>cum</strong></span> <span class='ocrx_word' id='word_1_914' title='bbox 3204 5224 3309 5280; x_wconf 83' lang='lat' dir='ltr'><strong>illis</strong></span> 
     </span>
    </p>
   </div>
   <div class='ocr_carea' id='block_1_115' title="bbox 1722 5317 3198 5392">
    <p class='ocr_par' dir='ltr' id='par_1_115' title="bbox 1722 5317 3198 5392">
     <span class='ocr_line' id='line_1_115' title="bbox 1722 5317 3198 5392; baseline -0.008 -11"><span class='ocrx_word' id='word_1_915' title='bbox 1722 5326 1836 5381; x_wconf 89' lang='lat' dir='ltr'><strong>alas</strong></span> <span class='ocrx_word' id='word_1_916' title='bbox 1863 5323 2112 5389; x_wconf 80' lang='lat' dir='ltr'><strong>extende,</strong></span> <span class='ocrx_word' id='word_1_917' title='bbox 2139 5338 2259 5379; x_wconf 91' lang='lat' dir='ltr'><strong>cum</strong></span> <span class='ocrx_word' id='word_1_918' title='bbox 2281 5322 2385 5377; x_wconf 88' lang='lat' dir='ltr'><strong>illis</strong></span> <span class='ocrx_word' id='word_1_919' title='bbox 2404 5320 2610 5392; x_wconf 86' lang='lat' dir='ltr'><strong>regium</strong></span> <span class='ocrx_word' id='word_1_920' title='bbox 2639 5319 2830 5373; x_wconf 90' lang='lat' dir='ltr'><strong>solium</strong></span> <span class='ocrx_word' id='word_1_921' title='bbox 2850 5317 3198 5374; x_wconf 71' lang='lat' dir='ltr'><strong>circumvolat.</strong></span> 
     </span>
    </p>
   </div>
   <div class='ocr_carea' id='block_1_116' title="bbox 1794 5407 3315 5487">
    <p class='ocr_par' dir='ltr' id='par_1_116' title="bbox 1794 5407 3315 5487">
     <span class='ocr_line' id='line_1_116' title="bbox 1794 5407 3315 5487; baseline -0.007 -15"><span class='ocrx_word' id='word_1_922' title='bbox 1794 5418 1970 5473; x_wconf 81' lang='lat' dir='ltr'><strong>Altare</strong></span> <span class='ocrx_word' id='word_1_923' title='bbox 2004 5415 2200 5473; x_wconf 69' lang='lat' dir='ltr'><strong>catlaste</strong></span> <span class='ocrx_word' id='word_1_924' title='bbox 2242 5415 2409 5487; x_wconf 75' lang='lat' dir='ltr'><strong>ﬁgura</strong></span> <span class='ocrx_word' id='word_1_925' title='bbox 2448 5413 2625 5468; x_wconf 89' lang='lat' dir='ltr'><strong>altaris</strong></span> <span class='ocrx_word' id='word_1_926' title='bbox 2671 5411 2929 5468; x_wconf 67' lang='lat' dir='ltr'><strong>Ecclesia.</strong></span> <span class='ocrx_word' id='word_1_927' title='bbox 2972 5408 3075 5465; x_wconf 85' lang='lat' dir='ltr'><strong>Cur</strong></span> <span class='ocrx_word' id='word_1_928' title='bbox 3106 5407 3315 5479; x_wconf 79' lang='lat' dir='ltr'><strong>jejunio</strong></span> 
     </span>
    </p>
   </div>
   <div class='ocr_carea' id='block_1_117' title="bbox 1706 5499 3309 5577">
    <p class='ocr_par' dir='ltr' id='par_1_117' title="bbox 1706 5499 3309 5577">
     <span class='ocr_line' id='line_1_117' title="bbox 1706 5499 3309 5577; baseline -0.008 -12"><span class='ocrx_word' id='word_1_929' title='bbox 1706 5521 1843 5565; x_wconf 82' lang='lat' dir='ltr'><strong>ante</strong></span> <span class='ocrx_word' id='word_1_930' title='bbox 1874 5509 2294 5565; x_wconf 81' lang='lat' dir='ltr'><strong>communionem.</strong></span> <span class='ocrx_word' id='word_1_931' title='bbox 2321 5536 2395 5549; x_wconf 87' lang='lat'><strong>—-</strong></span> <span class='ocrx_word' id='word_1_932' title='bbox 2418 5506 2555 5577; x_wconf 88' lang='lat' dir='ltr'><strong>Quid</strong></span> <span class='ocrx_word' id='word_1_933' title='bbox 2586 5522 2712 5562; x_wconf 83' lang='lat' dir='ltr'><strong>vero</strong></span> <span class='ocrx_word' id='word_1_934' title='bbox 2742 5505 2957 5570; x_wconf 89' lang='lat' dir='ltr'><strong>mirum,</strong></span> <span class='ocrx_word' id='word_1_935' title='bbox 2987 5504 3029 5557; x_wconf 87' lang='lat' dir='ltr'><strong>si</strong></span> <span class='ocrx_word' id='word_1_936' title='bbox 3059 5516 3178 5555; x_wconf 88' lang='lat' dir='ltr'><strong>cum</strong></span> <span class='ocrx_word' id='word_1_937' title='bbox 3208 5499 3309 5554; x_wconf 84' lang='lat' dir='ltr'><strong>Se-</strong></span> 
     </span>
    </p>
   </div>
   <div class='ocr_carea' id='block_1_118' title="bbox 1726 5594 3313 5675">
    <p class='ocr_par' dir='ltr' id='par_1_118' title="bbox 1726 5594 3313 5675">
     <span class='ocr_line' id='line_1_118' title="bbox 1726 5594 3313 5675; baseline -0.007 -15"><span class='ocrx_word' id='word_1_938' title='bbox 1726 5603 1937 5675; x_wconf 86' lang='lat' dir='ltr'><strong>raphim</strong></span> <span class='ocrx_word' id='word_1_939' title='bbox 1968 5602 2204 5669; x_wconf 87' lang='lat' dir='ltr'><strong>steteris,</strong></span> <span class='ocrx_word' id='word_1_940' title='bbox 2232 5616 2353 5657; x_wconf 92' lang='lat' dir='ltr'><strong>cum</strong></span> <span class='ocrx_word' id='word_1_941' title='bbox 2392 5615 2453 5656; x_wconf 89' lang='lat' dir='ltr'><strong>ea</strong></span> <span class='ocrx_word' id='word_1_942' title='bbox 2479 5616 2599 5671; x_wconf 65' lang='lat' dir='ltr'><strong>quin</strong></span> <span class='ocrx_word' id='word_1_943' title='bbox 2642 5599 2920 5670; x_wconf 84' lang='lat' dir='ltr'><strong>Seraphim</strong></span> <span class='ocrx_word' id='word_1_944' title='bbox 2967 5612 3070 5650; x_wconf 89' lang='lat' dir='ltr'><strong>non</strong></span> <span class='ocrx_word' id='word_1_945' title='bbox 3111 5594 3313 5649; x_wconf 86' lang='lat' dir='ltr'><strong>audent</strong></span> 
     </span>
    </p>
   </div>
   <div class='ocr_carea' id='block_1_119' title="bbox 1726 5688 3312 5767">
    <p class='ocr_par' dir='ltr' id='par_1_119' title="bbox 1726 5688 3312 5767">
     <span class='ocr_line' id='line_1_119' title="bbox 1726 5688 3312 5767; baseline -0.008 -15"><span class='ocrx_word' id='word_1_946' title='bbox 1726 5696 2059 5767; x_wconf 78' lang='lat' dir='ltr'><strong>contingere,</strong></span> <span class='ocrx_word' id='word_1_947' title='bbox 2090 5695 2186 5750; x_wconf 91' lang='lat' dir='ltr'><strong>tibi</strong></span> <span class='ocrx_word' id='word_1_948' title='bbox 2235 5694 2377 5749; x_wconf 88' lang='lat' dir='ltr'><strong>Deus</strong></span> <span class='ocrx_word' id='word_1_949' title='bbox 2423 5692 2589 5748; x_wconf 84' lang='lat' dir='ltr'><strong>libere</strong></span> <span class='ocrx_word' id='word_1_950' title='bbox 2619 5690 2891 5747; x_wconf 87' lang='lat' dir='ltr'><strong>tractanda</strong></span> <span class='ocrx_word' id='word_1_951' title='bbox 2941 5688 3312 5744; x_wconf 78' lang='lat' dir='ltr'><strong>concesserit?</strong></span> 
     </span>
    </p>
   </div>
   <div class='ocr_carea' id='block_1_120' title="bbox 1732 5779 3314 5851">
    <p class='ocr_par' dir='ltr' id='par_1_120' title="bbox 1732 5779 3314 5851">
     <span class='ocr_line' id='line_1_120' title="bbox 1732 5779 3314 5851; baseline -0.006 -8"><span class='ocrx_word' id='word_1_952' title='bbox 1732 5787 1917 5844; x_wconf 80' lang='lat' dir='ltr'><strong>Missus</strong></span> <span class='ocrx_word' id='word_1_953' title='bbox 1951 5796 2023 5843; x_wconf 76' lang='lat' dir='ltr'><strong>est</strong></span> <span class='ocrx_word' id='word_1_954' title='bbox 2048 5785 2178 5842; x_wconf 80' lang='lat' dir='ltr'><strong>enim</strong></span> <span class='ocrx_word' id='word_1_955' title='bbox 2219 5787 2287 5840; x_wconf 80' lang='lat' dir='ltr'><strong>ad</strong></span> <span class='ocrx_word' id='word_1_956' title='bbox 2325 5801 2421 5848; x_wconf 86' lang='lat' dir='ltr'><strong>me,</strong></span> <span class='ocrx_word' id='word_1_957' title='bbox 2466 5781 2655 5842; x_wconf 76' lang='lat' dir='ltr'><strong>inquit.</strong></span> <span class='ocrx_word' id='word_1_958' title='bbox 2687 5797 2819 5847; x_wconf 82' lang='lat' dir='ltr'><strong>unus</strong></span> <span class='ocrx_word' id='word_1_959' title='bbox 2846 5781 2909 5835; x_wconf 72' lang='lat' dir='ltr'><strong>de</strong></span> <span class='ocrx_word' id='word_1_960' title='bbox 2937 5779 3228 5851; x_wconf 71' lang='lat' dir='ltr'><strong>Seraphim,</strong></span> <span class='ocrx_word' id='word_1_961' title='bbox 3268 5783 3314 5833; x_wconf 80' lang='lat' dir='ltr'><strong>ct</strong></span> 
     </span>
    </p>
   </div>
  </div>
