3696 6278
396 326 499 380 139

398 440 608 493 nubebat
652 434 917 490 carbonem
966 431 1117 500 ignis,
1161 446 1307 499 quem
1357 427 1549 497 forcipe
1592 432 1874 494 sumpserat
1918 421 1981 473 de

396 531 547 584 altari
572 526 726 601 (1ιαὶ.
748 526 799 581 6.
820 526 896 594 6),
920 521 1046 578 illud
1068 523 1235 577 altare
1263 520 1424 591 figura
1449 529 1529 573 est
1552 529 1611 573 et
1636 519 1810 586 imago
1831 515 1983 569 istius

396 623 581 676 altaris
612 639 626 675 :
656 618 795 691 ignis
828 617 934 680 ille,
964 613 1257 685 spiritualis
1285 612 1423 681 ignis
1465 610 1637 664 istius.
1678 608 1747 662 At
1772 621 1878 662 non
1904 613 1987 658 est

394 728 560 769 ausus
603 710 883 780 Seraphim
927 722 1086 762 manu
1134 705 1464 774 contingere.
1511 700 1604 755 sed
1657 699 1894 767 forcipe:
1929 705 1985 751 tu

396 821 526 861 vero
564 820 723 858 manu
754 802 970 872 accipis.
1011 800 1301 854 Enimvero
1328 798 1370 851 si
1412 811 1595 850 eorum
1625 808 1744 863 qum
1785 804 1983 861 propo-

397 901 496 953 sita
524 908 648 952 sunt
675 895 986 965 dignitatem
1030 900 1263 961 spectes,
1295 890 1411 959 ipso
1432 894 1679 942 contactu
1705 883 1985 953 Seraphim

398 992 570 1046 multo
600 989 801 1058 majora
845 994 968 1039 sunt
996 985 1095 1038 ista
1128 1002 1143 1037 :
1170 982 1251 1037 sin
1284 989 1463 1035 autem
1506 976 1715 1033 Domini
1740 974 1988 1040 benigni-

402 1092 565 1139 tatem
589 1081 921 1143 consideres,
951 1092 1019 1132 ne
1041 1077 1106 1131 ad
1146 1082 1386 1130 nostram
1417 1071 1631 1142 quidem
1661 1066 1991 1125 descendere

399 1177 657 1231 vilitatem
679 1187 863 1229 eorum
889 1172 1055 1242 gratia
1079 1184 1197 1240 qua:
1227 1167 1500 1238 proposita
1531 1173 1655 1219 sunt
1698 1160 1987 1218 erubescit.

403 1270 529 1324 llzrc
576 1267 734 1338 igitur
779 1265 1038 1334 cogitans,
1074 1261 1144 1315 mi
1189 1260 1372 1324 homo,
1411 1267 1466 1313 et
1508 1265 1704 1327 quanta
1745 1253 1871 1309 doni
1923 1253 1992 1307 sit

401 1357 713 1427 magnitudo
757 1365 934 1409 tecum
982 1361 1265 1422 reputans,
1297 1345 1584 1418 aliquando
1634 1343 1850 1399 tandem
1900 1358 1993 1397 ex-

402 1466 581 1521 surge,
596 1459 758 1519 atque
780 1446 996 1502 avulsus
1023 1459 1052 1497 a
1076 1443 1284 1498 terrain
1307 1442 1496 1495 czelum
1524 1439 1773 1494 ascende.
1793 1435 1993 1491 Verum

404 1543 564 1596 trahit
604 1555 701 1596 nos
731 1552 946 1608 corpus,
981 1545 1035 1591 et
1066 1536 1317 1591 deorsum
1366 1531 1491 1586 ferri
1518 1528 1699 1600 cogit?
1724 1528 1829 1585 Sed
1868 1542 1996 1583 ecce

408 1635 697 1687 adventant
714 1631 936 1701 jejunia,
966 1643 1086 1697 quae
1115 1640 1319 1697 pennas
1353 1624 1546 1678 anima:
1572 1623 1719 1677 leves
1745 1620 1993 1686 reddunt,

402 1738 459 1783 et
485 1729 655 1782 levem
687 1726 947 1779 sarcinam
975 1721 1152 1777 carnis
1178 1719 1434 1781 efﬁciunt,
1477 1717 1603 1772 licet
1627 1715 1842 1785 plumbo
1866 1728 1999 1784 quo-

407 1820 486 1873 vis
526 1818 740 1888 gravius
785 1829 983 1885 corpus
1027 1810 1352 1881 acceperint.
1379 1808 1763 1864 Verumtamen
1793 1806 1998 1861 sermo-

410 1925 531 1963 nent
564 1908 632 1962 de
657 1906 859 1976 jejunio
892 1904 1153 1973 tantisper
1176 1899 1505 1966 differamus,
1538 1898 1679 1953 hunc
1722 1906 1899 1951 autem
1932 1896 1999 1951 de

409 2001 678 2075 mysteriis
700 2000 809 2070 jam
839 1998 1198 2057 instituamus,
1230 2008 1459 2063 quorum
1489 1991 1659 2061 gratia
1683 1999 1737 2044 et
1763 1990 1874 2059 ipsa
1914 1988 1997 2059 je-

410 2096 558 2166 junis
601 2103 726 2149 sunt
768 2097 988 2146 statuta.
1022 2086 1153 2142 Nam
1185 2087 1323 2141 sicut
1349 2086 1400 2139 in
1428 2082 1720 2155 Olympicis
1749 2080 2000 2136 certami-

410 2187 568 2241 nibus
594 2183 939 2238 luctationum
969 2179 1091 2234 linis
1112 2187 1198 2233 est
1221 2176 1440 2239 corona,
1468 2176 1547 2230 sic
1582 2183 1636 2229 et
1658 2173 1844 2245 jejunii
1881 2172 2002 2227 fluis

410 2288 495 2332 est
524 2275 721 2332 munda
750 2268 1055 2328 communio
1081 2288 1093 2323 :
1123 2272 1301 2339 itaque
1339 2267 1441 2322 nisi
1471 2266 1662 2321 diebus
1689 2266 1803 2319 istis
1845 2263 2003 2319 fuerit

412 2384 444 2424 a
477 2368 631 2423 nobis
682 2366 784 2420 hoc
812 2361 1245 2436 prmstitunn,nbi
1296 2370 1501 2414 temere
1547 2373 1611 2412 ac
1658 2358 1851 2412 frustra
1905 2371 2003 2411 nos

415 2464 561 2532 ipsos
600 2458 1240 2527 alliixerimns,expertes
1268 2468 1467 2510 corona
1511 2467 1575 2507 ac
1615 2452 1733 2508 sine
1783 2451 2003 2521 prm‘mio

411 2569 477 2608 ex
501 2551 691 2622 jejunii
723 2558 1013 2605 scammate
1038 2547 1395 2603 discedemus.
1444 2544 1732 2615 Propterea
1774 2541 2003 2611 majores

413 2645 576 2698 etiam
604 2642 767 2698 nostri
814 2638 1004 2710 jejunii
1036 2638 1264 2695 stadium
1310 2634 1692 2699 extenderunt,
1733 2648 1796 2688 ac
1836 2634 2005 2702 pteni—

416 2734 599 2792 tentia:
626 2742 833 2788 certum
866 2730 1023 2786 nobis
1054 2738 1263 2798 tempus
1305 2727 1665 2796 assignarunt,
1695 2736 1751 2779 ttt
1784 2726 1872 2779 ubi
1905 2741 2004 2781 nos

414 2824 912 2897 expurgaverimus,
943 2834 1239 2891 omnesque
1268 2818 1458 2873 sordes
1486 2816 2003 2881 absterserimus,ita

417 2917 637 2973 demum
661 2914 1000 2971 accedamus.
1030 2911 1157 2966 Ideo
1184 2924 1327 2965 nunc
1350 2911 1511 2964 etiam
1540 2923 1608 2963 ex
1635 2909 1737 2963 hoc
1766 2916 2005 2976 tempore

421 3011 565 3065 clara
597 3023 727 3064 voce
755 3005 1033 3069 denuntio,
1061 3004 1321 3067 obtestor,
1356 3016 1566 3071 precor,
1599 3010 1654 3055 et
1680 3000 1909 3055 obsecro
1938 3014 2005 3055 ne

418 3116 542 3157 cum
591 3098 816 3162 macula,
854 3112 921 3151 ne
949 3110 1071 3150 eum
1122 3108 1284 3164 prava
1311 3092 1639 3148 conscientia
1686 3090 1754 3147 ad
1798 3105 2006 3145 sacram

418 3197 559 3251 hanc
582 3207 822 3249 mensam
851 3189 1208 3247 accedamus:
1242 3202 1415 3256 neque
1440 3186 1585 3241 enim
1606 3184 1710 3240 hoc
1737 3198 2005 3250 accessura,

421 3305 593 3360 neque
633 3286 939 3343 communio
969 3282 1072 3338 dici
1122 3288 1325 3353 potest,
1366 3277 1610 3349 quamvis
1655 3276 1847 3332 millies
1886 3290 2009 3330 san-

417 3392 565 3438 ctum
596 3378 727 3434 illud
753 3390 947 3446 corpus
972 3374 1315 3444 attingamus,
1334 3373 1428 3425 sed
1450 3367 1850 3433 condemnatio,
1879 3380 2007 3436 sup-

423 3476 637 3545 plicium
668 3480 726 3527 et
745 3483 1021 3542 pmnarum
1055 3465 1311 3522 accessio.
1340 3463 1525 3519 Nullus
1554 3462 1715 3533 igitur
1755 3468 2006 3531 peccator

420 3563 644 3619 accedat
670 3581 684 3616 :
718 3562 826 3616 imo
860 3574 988 3614 vero
1034 3572 1141 3612 non
1169 3556 1310 3622 dico,
1342 3554 1524 3609 nullus
1552 3563 1819 3623 peccator,
1840 3567 2012 3623 quan-

420 3654 711 3726 doquidem
737 3653 1001 3721 meipsum
1029 3649 1262 3719 priorem
1301 3662 1331 3700 a
1357 3645 1531 3700 divina
1570 3658 1754 3698 mensa
1783 3642 2013 3714 repelle-

426 3761 579 3811 rent;
618 3744 711 3799 sed
750 3742 843 3813 qui
894 3747 1206 3811 perseveret
1252 3746 1520 3809 pcccator.
1548 3735 1729 3791 nullus
1770 3734 2006 3790 accedat.

425 3837 628 3894 Idcirco
650 3835 761 3905 jam
809 3848 875 3887 ex
924 3831 1027 3886 hoc
1074 3839 1315 3899 temjiore
1353 3827 1605 3897 praedico,
1635 3842 1703 3881 ne
1747 3840 1868 3881 cum
1899 3824 2012 3882 dies

424 3932 693 4003 regiarum
724 3927 1006 3998 epularum
1045 3924 1381 3987 advenerim,
1408 3936 1532 3977 cum
1562 3920 1650 3975 illa
1678 3919 1904 3978 adfuerit
1927 3934 2011 3975 sa-

426 4039 517 4079 cra
566 4034 792 4091 vespera
824 4018 1004 4073 dicere
1040 4026 1201 4088 queat
1237 4014 1452 4083 aliquis,
1485 4011 1779 4080 imparatus
1818 4010 2009 4065 intravi

424 4131 490 4171 ac
519 4115 713 4179 nudus,
732 4124 788 4169 et
809 4112 927 4168 haec
952 4111 1077 4165 olim
1105 4109 1321 4180 prredici
1347 4105 1601 4178 Oportuit.
1625 4105 1681 4161 Si
1712 4104 1854 4162 enim
1882 4103 2008 4159 olim

424 4207 541 4263 haec
592 4205 937 4270 audivissem,
983 4202 1202 4258 omnino
1252 4210 1488 4257 mutatus
1538 4213 1745 4265 essem,
1795 4197 2014 4253 omnino

425 4309 709 4370 postquam
740 4297 1001 4366 meipsum
1048 4308 1447 4365 expurgassem,
1475 4293 1546 4348 ita
1574 4292 1790 4348 demum
1830 4306 2014 4348 acces-

424 4396 638 4453 sissem,
666 4388 743 4443 Ne
771 4389 931 4459 igitur
961 4388 1097 4442 ullus
1131 4386 1227 4441 has
1272 4396 1569 4455 praetexere
1597 4384 1766 4453 possit
1790 4397 2015 4440 excusa—

425 4486 622 4551 tiones,
650 4484 759 4551 jam
789 4496 856 4536 ex
887 4480 990 4535 hoc
1016 4489 1256 4548 tempore
1278 4479 1425 4548 prius
1458 4476 1701 4531 obtestor
1738 4483 1791 4530 et
1819 4475 2016 4531 cohor-

428 4588 533 4640 tor,
560 4584 620 4629 ιη
650 4587 894 4643 magnam
933 4571 1281 4627 cxbibeamus
1326 4568 1715 4640 pretiitentiam.
1748 4566 1873 4622 Scio
1916 4580 2016 4621 nos

432 4684 620 4726 omnes
646 4681 772 4724 reos
801 4681 923 4755 egse
950 4663 1216 4736 supplicii,
1251 4678 1350 4718 nec
1390 4662 1558 4717 ullum
1601 4674 1759 4731 posse
1796 4659 2015 4730 gloriari

428 4762 684 4818 mundum
709 4775 769 4816 se
796 4759 994 4814 habere
1020 4773 1147 4813 cor:
1179 4756 1272 4811 sed
1302 4771 1405 4810 non
1440 4755 1542 4810 hoc
1568 4753 1765 4809 malum
1790 4760 1873 4809 est
1894 4766 2015 4822 gra-

426 4851 878 4924 vissimum,quod
903 4851 1157 4906 mundum
1184 4866 1279 4904 cor
1306 4864 1409 4904 non
1432 4848 1744 4913 habeamus,
1759 4845 1852 4901 sed
1870 4843 2012 4915 quod

428 4945 685 5001 mundum
717 4960 823 4998 non
858 4944 1113 4998 habentes
1143 4956 1260 5009 eor,
1288 4956 1389 4996 nec
1416 4939 1482 4994 ad
1518 4954 1640 4995 eum
1671 4935 2010 4999 accedamus,

428 5039 519 5105 qui
564 5035 820 5089 mundum
868 5041 1043 5103 potest
1083 5032 1211 5087 illud
1258 5031 1503 5087 reddere.
1553 5030 1736 5085 Potest
1782 5029 1925 5085 enim
1969 5027 2012 5082 si

428 5128 595 5182 velit:
629 5128 713 5181 vel
744 5127 916 5195 potius
956 5125 1121 5179 multo
1169 5125 1337 5194 magis
1365 5139 1523 5193 quam
1573 5137 1672 5177 nos
1714 5134 1878 5190 puros
1918 5133 2016 5174 nos

429 5236 547 5275 esse
593 5219 726 5283 vult,
757 5219 852 5274 sed
902 5226 1196 5286 exspectat,
1230 5225 1287 5271 ut
1314 5216 1557 5286 exiguam
1602 5231 1629 5267 a
1682 5213 1835 5269 nobis
1860 5226 2014 5269 occa-

424 5314 632 5367 sionem
685 5310 940 5381 aceipiat,
969 5320 1028 5365 ut
1073 5309 1406 5365 confidenter
1455 5321 1555 5361 nos
1599 5314 1839 5361 coronet.
1884 5304 2016 5371 Quis

426 5406 600 5477 major
625 5402 728 5459 fuit
757 5412 1008 5474 peccator
1031 5416 1189 5471 quam
1238 5397 1589 5471 publicanus?
1627 5396 1731 5453 Sed
1783 5406 1841 5452 ut
1881 5395 2015 5452 dixit

425 5508 666 5555 tantum:
685 5496 842 5561 Deus,
874 5495 1122 5569 propitius
1150 5504 1255 5550 esto
1299 5492 1423 5547 mihi
1451 5492 1702 5562 peccatori
1732 5490 1751 5561 (
1771 5488 1898 5544 Luc.
1923 5490 2012 5545 18.

426 5590 537 5661 15),
559 5592 676 5661 plus
697 5605 856 5660 quam
879 5589 1182 5644 Pharisteus
1198 5587 1518 5658 justiﬁcatus
1538 5582 1835 5641 descendit.
1855 5580 2017 5637 Tam-

425 5684 523 5736 etsi
550 5691 801 5750 quantam
830 5680 935 5735 vim
988 5680 1174 5735 habuit
1211 5680 1413 5734 dictum
1464 5676 1630 5733 illud?
1656 5675 1867 5732 Verum.
1906 5687 2012 5729 non

417 5771 626 5829 dictum
654 5776 824 5844 ipsum
854 5776 1113 5847 purgavit,
1146 5772 1240 5830 sed
1271 5772 1492 5827 affectus
1527 5786 1646 5826 cum
1674 5785 1778 5842 quo
1813 5767 2012 5829 dictum

1144 316 1201 372 S.
1241 310 1517 371 JOANNIS
1553 306 2028 367 CIIRYSOSTOMI
2070 304 2385 361 ARCIIIEP.
2426 298 2965 360 CONSTANTINOP.

3569 300 3654 356 HC

2092 418 2219 474 illud
2249 418 2498 490 prutttiit:
2524 418 2632 473 imo
2656 432 2783 472 vero
2812 430 2881 471 ne
2906 413 3052 470 solus
3080 412 3294 484 quidem
3320 412 3654 482 ali'ectus,sct‘

2090 521 2214 564 ante
2245 512 2414 578 ipsum
2448 508 2541 563 Dei
2579 508 2895 578 benignitas.

2161 605 2216 658 4.
2259 602 2412 671 Quod
2441 602 2608 665 enim,
2639 615 2842 670 qumso,
2873 610 2979 654 tam
3010 601 3281 671 egregium
3318 609 3404 656 est
3444 599 3653 657 facinus.

2091 695 2212 764 quis
2238 694 2410 757 labor,
2441 692 2562 762 quis
2590 690 2756 745 sudor
2803 692 3084 760 peccaturi,
3132 698 3190 746 ut
3232 704 3292 746 se
3341 700 3651 760 peccatoren

2092 803 2214 843 esse
2244 785 2564 856 persuadeat
2596 785 2719 850 sibi,
2747 794 2802 839 et
2826 784 2929 840 hoc
2967 785 3104 856 apud
3133 785 3299 839 Deum
3330 784 3654 855 profiteatur‘

2092 879 2255 934 Vides
2278 878 2418 934 haud
2453 878 2646 932 frustra
2673 877 2874 933 dixisse
2905 878 3186 939 me,Deum
3212 877 3349 932 velle
3374 879 3617 947 exiguam
3644 897 3654 933 :

2094 971 2250 1026 nobis
2274 970 2611 1026 occasionem
2640 969 2896 1040 arripere,
2928 977 3037 1023 tum
3066 969 3233 1039 ipsum
3270 968 3462 1025 deinde
3488 970 3555 1024 ad
3590 987 3653 1025 sa

2098 1063 2262 1118 lutem
2293 1070 2531 1117 nostram
2577 1072 2766 1116 cuncta
2808 1059 3090 1116 conferre?
3120 1061 3491 1117 Paenitentiam
3525 1062 3653 1132 igitul

2096 1171 2340 1227 agamus,
2386 1156 2682 1226 ploremus,
2715 1155 3087 1211 lamentemur.
3132 1154 3519 1224 Smpenumero
3563 1172 3654 1211 cun

2097 1247 2260 1302 ﬁliam
2291 1248 2410 1318 quis
2438 1246 2708 1312 amiserit,
2756 1246 3012 1315 majorem
3060 1246 3183 1300 vita:
3225 1259 3337 1301 suae
3381 1255 3586 1316 partem
3630 1248 3654 1302 il

2097 1340 2244 1394 luctu
2272 1354 2335 1394 ac
2363 1353 2597 1395 maerore
2624 1337 2854 1394 traducit
2881 1357 2895 1393 :
2927 1353 3026 1393 nos
3056 1339 3287 1394 animam
3335 1340 3654 1410 perdidimus

2100 1448 2199 1485 nec
2240 1441 2415 1485 tamen
2451 1430 2735 1500 lngemus?
2777 1430 3073 1485 excidimus
3097 1446 3129 1485 a
3158 1432 3347 1495 salute,
3391 1448 3489 1488 nec
3537 1434 3650 1501 plan

2101 1525 2316 1595 gimus?
2345 1525 2478 1590 Quid
2526 1523 2593 1578 de
2637 1523 2815 1578 anima
2844 1534 2900 1579 et
2938 1524 3107 1580 salute
3136 1524 3364 1594 loquor?
3406 1526 3654 1581 Dominum

2101 1619 2235 1672 adeo
2286 1618 2466 1671 mitem
2518 1632 2581 1671 ac
2636 1617 2921 1688 benignum
2969 1617 3322 1683 irritavimus,
3374 1634 3550 1690 neque
3592 1637 3650 1674 su

2096 1720 2243 1764 terra
2275 1723 2375 1763 nos
2393 1709 2819 1764 abscondimus?
2846 1708 2963 1764 Non
2994 1711 3135 1764 enim
3165 1718 3367 1764 tantum
3396 1712 3603 1781 providi
3629 1729 3654 1765 a

2101 1801 2318 1856 solliciti
2363 1800 2586 1867 domini,
2619 1800 2713 1856 sed
2742 1810 2795 1859 et
2826 1802 2994 1871 patris
3038 1801 3382 1871 indulgentis,
3408 1813 3465 1858 et
3495 1803 3654 1859 libero

2098 1911 2222 1950 rum
2288 1886 2672 1949 amantissimae
2730 1894 2918 1949 matris
2979 1909 3194 1948 omnem
3268 1894 3654 1950 benevolentia

2106 1994 2395 2055 exsuperat
2445 2000 2536 2051 ea,
2586 2000 2689 2054 qua
2738 2000 2840 2040 nos
2885 1985 3280 2054 complectitur,
3312 1986 3654 2040 sollicitudini

2109 2077 2378 2147 Numquid
2404 2078 2547 2132 enim
2576 2076 2913 2143 obliuiscetur,
2945 2076 3136 2147 inquit,
3166 2078 3347 2130 mulier
3373 2080 3578 2147 parvuli
3597 2096 3653 2131 su

2105 2181 2162 2225 ut
2197 2187 2297 2224 non
2341 2170 2636 2223 misereatur
2675 2173 2869 2240 fetuum
2914 2169 3043 2221 uteri
3086 2169 3208 2222 sui?
3250 2167 3387 2221 Licet
3431 2181 3607 2224 autem

2106 2265 2289 2319 mulier
2318 2262 2471 2318 oblita
2497 2264 2669 2333 fuerit,
2703 2278 2794 2332 ego
2824 2272 2988 2315 tamen
3014 2279 3116 2315 non
3145 2262 3410 2316 obliviscar
3447 2264 3547 2329 tui,
3581 2264 3654 2315 dic

2108 2357 2359 2413 Dominus
2404 2357 2555 2426 (Isai.
2583 2356 2677 2412 49.
2717 2355 2825 2424 15).
2873 2355 3159 2427 Enimvero
3202 2363 3325 2409 ante
3362 2355 3654 2410 demonstn

2107 2451 2307 2506 tionem
2335 2449 2439 2504 ﬁde
2466 2448 2623 2519 digna
2667 2447 2751 2504 vel
2791 2447 2904 2502 sola
2946 2447 3103 2502 fuerit
3145 2446 3429 2502 affirmatio
3460 2465 3474 2500 :
3507 2447 3654 2518 quipl

2107 2560 2228 2615 quae
2271 2543 2361 2598 Dei
2412 2542 2483 2597 sit
2521 2561 2533 2596 :
2581 2542 2932 2598 nihilominus
2982 2552 3181 2609 tamen,
3209 2558 3328 2613 age,
3361 2544 3527 2597 rebus
3578 2544 3654 2613 ips

2108 2650 2419 2705 expressam
2460 2634 2970 2689 demonstrationem
3014 2634 3386 2691 exhiheamus.
3431 2636 3573 2689 Cum
3607 2638 3654 2689 in

2108 2735 2351 2798 perasset
2394 2725 2681 2796 aliquando
2710 2725 2820 2780 filio
2862 2725 3122 2793 Rebecca,
3161 2736 3218 2781 ut
3256 2728 3399 2782 illam
3442 2727 3517 2781 de
3569 2728 3653 2782 fur

2110 2819 2500 2875 benedictionis
2562 2819 2796 2874 fabulam
2849 2829 3065 2890 ageret;
3115 2832 3394 2891 postquam
3436 2824 3590 2877 θηηιί
3644 2840 3654 2877 t

2109 2918 2262 2981 parte
2290 2911 2551 2981 praeclare
2581 2911 2754 2982 ipsum
2795 2911 3094 2977 adornavit,
3117 2912 3275 2983 eique
3305 2913 3487 2969 fratris
3518 2930 3654 2985 persi

2108 3018 2234 3059 nam
2269 3003 2565 3073 imposuit:
2598 3003 3027 3075 quandoquidem
3081 3020 3149 3060 ne
3186 3005 3262 3059 sic
3289 3005 3508 3075 quidem
3560 3008 3654 3061 lilu

2110 3095 2306 3151 fiducia
2337 3095 2617 3166 prteditum
2639 3095 2790 3164 vidit,
2817 3111 3033 3151 omnem
3073 3112 3139 3152 ex
3174 3099 3355 3153 animo
3382 3098 3475 3152 filii
3509 3108 3654 3154 metu

2112 3188 2301 3243 volens
2328 3188 2583 3252 eximere,
2614 3187 2785 3259 Super
2818 3204 2898 3243 me
2920 3190 3007 3256 sit,
3036 3189 3131 3256 ait,
3168 3200 3255 3244 tua
3278 3191 3599 3259 maledictio,
3641 3204 3654 3260 ι

2117 3281 2267 3354 (Gen.
2291 3281 2384 3335 27.
2412 3282 2527 3352 f3).
2570 3280 2754 3336 Matris
2780 3296 2965 3336 revera
2994 3297 3118 3345 vox,
3147 3291 3202 3336 et
3236 3298 3355 3352 quae
3382 3298 3579 3338 amore
3625 3284 3654 3339 fi

2112 3383 2258 3431 esset
2286 3375 2525 3430 incensa.
2570 3373 2815 3429 Christus
2842 3382 3023 3428 autem
3053 3389 3161 3428 non
3185 3373 3286 3429 hoc
3310 3373 3451 3428 dixit
3479 3384 3654 3430 tantm

2115 3467 2209 3522 sed
2246 3467 2408 3522 etiam
2442 3466 2572 3522 fecit
2602 3482 2615 3519 :
2649 3481 2756 3520 non
2798 3465 3045 3536 promisit
3083 3474 3310 3528 tantum.
3338 3466 3431 3521 sed
3462 3475 3522 3521 et
3550 3483 3654 3537 ope

2114 3558 2378 3623 exhibuit,
2419 3556 2564 3628 quod
2604 3566 2661 3614 et
2687 3557 2880 3612 Paulus
2922 3558 3065 3612 clara
3095 3572 3226 3612 voce
3270 3559 3595 3628 pronuntiat
3636 3573 3654 3614 ί

2117 3668 2247 3709 cens
2278 3670 2290 3707 :
2321 3651 2556 3709 Christus
2579 3668 2670 3706 nos
2709 3652 2919 3705 redemit
2967 3652 3031 3707 de
3063 3652 3332 3706 maledicto
3366 3652 3517 3723 legis,
3551 3653 3654 3721 fact

2118 3763 2210 3817 pro
2238 3745 2377 3800 nobis
2407 3744 2736 3799 maledictum
2768 3743 2910 3817 (σαι.
2956 3745 3011 3799 5.
3042 3743 3153 3813 15).
3185 3744 3336 3798 liunc
3366 3745 3535 3815 igitur
3568 3761 3654 3799 nun

2118 3853 2320 3909 qnmso,
2366 3836 2736 3892 irritabimus?
2782 3852 2848 3889 an
2896 3849 3001 3889 non
3046 3844 3127 3889 est
3172 3834 3272 3889 hoc
3299 3835 3411 3903 ipsa
3463 3836 3654 3906 geheu

2117 3930 2360 4001 gravius,
2397 3939 2452 3983 et
2491 3926 2777 3982 immortali
2821 3941 3023 3991 verme,
3056 3935 3111 3982 et
3150 3926 3271 3996 igne
3295 3927 3384 3996 qui
3413 3941 3654 3997 numqu:

2120 4020 2524 4092 exstinguitur?

2190 4113 2269 4168 Ad
2289 4130 2486 4168 sacram
2506 4128 2727 4166 mensam
2748 4109 2999 4180 quomodo
3017 4108 3373 4164 accedendum.
3394 4138 3470 4150 —
3490 4108 3654 4177 Quan

2121 4209 2281 4280 igitur
2308 4208 2373 4263 ad
2404 4220 2609 4262 sacram
2636 4219 2875 4260 mensam
2901 4218 2959 4258 es
2982 4216 3328 4266 accessurus,
3360 4201 3477 4255 illic
3528 4202 3654 4256 ade:

2124 4302 2405 4357 Dominum
2435 4299 2670 4353 omnium
2698 4297 2954 4351 arbitrare
2985 4313 2997 4349 :
3031 4294 3291 4365 siquidem
3318 4293 3476 4347 adest
3504 4308 3649 4347 reve

2121 4404 2171 4449 et
2196 4409 2314 4464 qua:
2336 4393 2402 4447 sit
2425 4406 2575 4446 mens
2599 4388 2858 4458 cujusque
2885 4385 3182 4456 cognoscit,
3202 4400 3264 4439 ac
3285 4384 3429 4437 videt
3449 4384 3587 4454 quis
3609 4398 3654 4437 et

2122 4500 2181 4541 ea
2210 4500 2309 4555 qua
2344 4498 2437 4553 par
2464 4490 2547 4537 est
2569 4479 2867 4542 sanctitate,
2886 4478 3003 4548 quis
3022 4492 3142 4530 cum
3170 4474 3504 4531 conscientia
3532 4473 3653 4543 dep

2121 4587 2240 4633 vata
2279 4575 2527 4637 accedat,
2558 4588 2679 4629 cum
2718 4569 3005 4626 immundis
3028 4578 3082 4623 et
3105 4566 3335 4622 sordidis
3369 4567 3653 4636 cogitatio;

2124 4672 2242 4733 bus,
2266 4685 2385 4724 cum
2410 4666 2627 4723 nefariis
2643 4663 2957 4719 actionibus.
2990 4658 3141 4729 Quod
3164 4660 3208 4713 si
3228 4659 3545 4730 quempiam
3570 4660 3653 4714 tali

2124 4760 2422 4824 olTeuderit,
2451 4759 2678 4829 primum
2704 4753 2917 4825 quidem
2945 4752 3117 4823 ipsum
3145 4750 3343 4820 iudicio
3366 4750 3645 4804 conscien

2124 4856 2325 4910 tradit:
2355 4851 2549 4907 deinde
2589 4863 2718 4905 vero
2760 4848 2804 4902 si
2854 4846 2990 4900 forte
3025 4845 3258 4913 seipsum
3295 4841 3654 4910 cogitationil

2123 4950 2364 5020 casnget,
2402 4944 2695 5014 reddatque
2724 4940 3022 5005 meliorem,
3050 4949 3240 4991 rursus
3265 4934 3410 4988 illum
3443 4933 3654 4989 admitl

2123 5044 2263 5116 quod
2291 5043 2335 5097 si
2368 5048 2578 5095 maneat
2608 5037 2936 5091 incorrectus
2956 5074 2970 5096 ,
3002 5038 3115 5084 tum
3138 5028 3351 5082 demum
3380 5025 3435 5079 in
3464 5027 3601 5094 ejus
3632 5042 3654 5081 ll

2125 5154 2226 5193 nus
2260 5134 2443 5192 incidit
2471 5142 2739 5201 tamquam
2770 5128 3009 5198 ingratus
3038 5134 3092 5178 et
3118 5122 3395 5177 scelestus.
3444 5120 3653 5188 Quam

2124 5245 2250 5284 vero
2271 5229 2336 5283 sit
2359 5224 2520 5291 istud,
2544 5238 2613 5278 ex
2633 5220 2801 5276 Paulo
2822 5219 2989 5282 disce,
3010 5215 3101 5286 qui
3123 5215 3200 5269 sic
3215 5213 3323 5267 ait:
3350 5211 3653 5269 Horrenda

2124 5320 2344 5375 incidere
2383 5319 2439 5371 in
2487 5329 2666 5369 manus
2708 5311 2801 5366 Dei
2840 5308 3047 5364 uiuentis
3076 5306 3094 5375 (
3123 5304 3280 5359 Hebr.
3312 5304 3397 5358 10.
3431 5304 3506 5361 51
3539 5307 3585 5376 ).
3618 5308 3654 5361 S

2126 5412 2371 5469 mordere
2392 5422 2486 5464 vos
2508 5407 2625 5461 iure
2648 5404 2807 5460 verba
2832 5420 2847 5457 :
2872 5400 2965 5456 sed
2988 5398 3114 5470 quid
3134 5396 3363 5453 faciam?
3388 5395 3517 5452 Nisi
3542 5413 3653 5453 ace:

2189 5581 2205 5612 ι
2244 5576 2441 5640 Aliquot
2593 5573 2780 5640 variant
2791 5571 2843 5640 in
2863 5567 3029 5640 verbis
3050 5563 3236 5640 minimi
3251 5563 3520 5640 momenti:
3541 5570 3601 5612 tu
3623 5563 3654 5614 li

2123 5625 2557 5692 autemti‘osbavii
2594 5637 2664 5684 sic
2704 5632 2882 5703 legitur
2900 5643 2923 5702 ,ε
2946 5626 3080 5703 quod
3101 5625 3146 5703 si
3166 5625 3654 5703 mmteatJigeorreg

2114 5686 2704 5816 ftiﬁtgjﬁdeés‘vcmanusque
2728 5686 2871 5759 ligari
2892 5686 3136 5756 ingratum
3158 5696 3204 5741 et
3227 5686 3594 5753 impudentem.
3619 5697 3654 5739 Ii

2123 5781 2176 5816 re
2332 5803 2346 5816 ι
2455 5797 2467 5810 ο

2123 5781 2346 5825 reuaum,
2373 5781 2467 5813 etc.
