3696 6278
78 352 126 406 lli
661 347 731 405 IN
764 349 966 441 IL'LUD
1005 349 1228 415 ISALE,
1270 348 1408 406 EGO
1441 348 1733 407 DOMINUS
1774 352 1955 409 DEUS
1993 353 2144 409 FECI
2184 354 2439 425 LUMEN,
2481 356 2629 416 ΕΠΖ.

71 462 403 515 adiumenta
448 460 758 524 adhibeam,
802 461 1018 515 vulnera
1062 475 1168 515 non
1214 460 1495 526 tollentur;
1534 463 1614 516 sin

66 554 276 609 aibibeam
308 554 546 618 acerba,
581 570 675 608 vos
704 554 942 609 dolorem
970 570 1077 608 non
1107 553 1399 609 sustinetis.
1432 555 1612 624 Angu-

64 650 133 700 ste
170 643 290 697 mihi
350 654 492 698 sunt
538 645 791 713 undique,
832 644 922 698 scd
962 659 1140 713 opera:
1184 645 1411 713 pretium
1458 645 1617 699 fuerit

62 751 213 791 annum
246 734 528 805 deinceps
570 736 855 797 cohibere;
902 734 1172 791 sufficiunt
1205 737 1348 791 enim
1379 736 1519 791 dicta
1548 737 1613 790 ad

60 842 208 889 manu,
234 826 328 895 qui
361 827 564 880 attenti
596 825 828 891 fuerint,
855 826 1305 880 emendationem.
1343 826 1619 880 Verumta-

61 938 134 974 aen
160 929 211 973 ut
246 935 362 973 non
398 920 582 974 solum
610 918 794 985 vobis,
830 918 920 973 sed
952 926 1004 973 et
1030 918 1239 972 cmteris
1266 918 1409 971 utilia
1439 926 1616 972 vestra

61 1027 169 1081 eam
188 1011 312 1064 ﬁant
336 1052 356 1075 ,
390 1026 500 1081 age
523 1025 709 1065 rursus
737 1025 799 1064 ea
826 1011 1131 1064 summatim
1154 1009 1377 1065 collecta
1408 1018 1615 1077 repeta-

61 1120 145 1156 ens.
176 1103 556 1156 Disseruimus
594 1101 664 1156 de
704 1101 981 1171 Seraphim
1002 1144 1017 1166 ,
1061 1100 1390 1156 ostendimus
1419 1109 1616 1170 quanta

60 1209 95 1249 at
110 1195 347 1264 dignitas,
370 1193 533 1264 juxta
560 1194 765 1264 regium
789 1193 978 1247 solium
1003 1201 1166 1257 stare,
1190 1202 1242 1245 et
1267 1193 1318 1245 in
1340 1192 1614 1247 hominum

61 1296 257 1357 prestate
279 1287 457 1341 situm
485 1301 629 1350 esse,
650 1298 703 1340 ut
726 1285 1034 1355 dignitatem
1059 1285 1204 1339 illam
1224 1284 1609 1355 adipiscantur.

58 1382 236 1434 Diximus
262 1379 337 1433 de
360 1379 493 1445 alis,
527 1389 582 1432 et
611 1378 677 1433 de
706 1377 1054 1431 inaccessibili
1082 1376 1173 1431 Dei
1198 1378 1408 1439 virtute,
1438 1377 1613 1448 deque

57 1471 357 1540 iviulgentia,
389 1486 505 1540 qua
534 1484 594 1523 se
627 1468 779 1523 nobis
808 1476 1210 1536 attemperavit;
1243 1467 1532 1536 adjecimus
1562 1478 1617 1522 et

52 1578 211 1615 causam
234 1561 508 1615 clamoris
531 1575 595 1615 ac
618 1570 885 1631 perpetum
908 1558 1294 1623 admirationis,
1315 1569 1366 1612 et
1387 1559 1475 1628 qui
1499 1558 1611 1625 fiat,

56 1668 87 1706 ut
105 1656 211 1707 dum
234 1652 543 1723 Seraphim
569 1652 932 1706 indesinenter
963 1651 1128 1705 Deum
1158 1650 1610 1718 contemplantur,

50 1761 130 1797 cum
165 1744 548 1798 indesinenter
595 1758 806 1814 quoque
844 1742 1168 1812 glorificent;
1199 1739 1616 1796 commonefeci-

50 1852 131 1889 ωας
158 1852 247 1890 vos
286 1834 519 1891 cuinam
562 1834 732 1889 choro
765 1848 1163 1900 accenseamur,
1197 1843 1252 1889 et
1274 1847 1395 1887 cum
1424 1832 1613 1902 quibus

50 1942 345 1981 cannumem
373 1926 672 1981 Dominum
691 1925 994 1990 laudemus;
1024 1925 1316 1995 adjecimus
1336 1923 1477 1980 etde
1500 1938 1615 1995 pm-

54 2105 1544 2135 Wmm

898 2121 1238 2131 m

1430 2103 1721 2113 _._.._.—.——_.

3212 368 3317 425 1ζῖ

1725 466 1940 521 nitentia
1970 481 2276 529 sermones;
2306 484 2366 525 ac
2397 469 2633 537 demum,
2656 488 2810 541 quam
2834 490 2993 545 grave
3018 478 3089 533 sit
3108 481 3315 537 malum

1721 572 1839 610 cum
1887 573 2045 626 prava
2086 561 2410 615 conscientia
2454 562 2518 615 ad
2566 578 2714 619 sacra
2744 570 2992 636 mysteria
3021 572 3303 637 accedere,

1721 649 2227 717 demonstravimus,
2256 663 2310 709 et
2349 672 2455 724 quo
2500 669 2653 724 pacm
2697 657 2808 712 fieri
2850 676 3100 730 nequeat,
3131 676 3187 718 ut
3219 665 3315 735 qui

1720 751 1900 796 manet
1926 744 2272 810 incorrectus,
2308 763 2521 816 poenam
2550 752 2729 804 evitet.
2761 752 2885 807 llmc
2914 764 2965 807 et
2992 771 3171 810 urora
3195 760 3311 812 vim

1719 832 1909 900 discat,
1934 845 1987 889 et
2014 836 2152 890 filius
2174 853 2199 890 a
2224 848 2394 907 patre,
2420 850 2469 894 et
2498 856 2686 896 servus
2715 858 2743 895 a
2768 838 3004 909 domino,
3032 857 3083 901 et
3110 848 3312 903 vicinus

1721 943 1749 980 a
1778 930 1970 995 vicino,
1998 940 2050 984 et
2075 932 2277 986 amicus
2307 933 2374 987 ah
2401 935 2602 999 amico;
2634 935 2739 989 imo
2770 939 2930 992 etiam
2963 939 3192 996 inimicis
3213 943 3310 996 ista

1723 1035 1999 1075 n:rremus
2024 1039 2036 1074 :
2063 1038 2182 1075 nam
2207 1033 2260 1076 et
2282 1024 2490 1078 illorum
2520 1027 2706 1080 salutis
2740 1029 2890 1082 nobis
2917 1040 2997 1084 est
3030 1033 3164 1085 ratio
3190 1033 3313 1087 red-

1720 1111 1913 1166 denda.
1953 1111 2008 1166 Si
2039 1115 2178 1166 enim
2208 1114 2416 1169 illorum
2445 1117 2651 1186 erigere
2671 1119 2911 1187 jumenta
2942 1138 3059 1190 qua:
3096 1124 3303 1179 cecide-

1722 1203 1859 1268 rint,
1890 1214 1942 1258 et
1973 1219 2093 1273 qua:
2120 1206 2482 1261 aberraverint
2508 1224 2828 1265 conservare
2854 1227 2916 1267 ac
2940 1212 3198 1277 reducere
3225 1216 3311 1284 ju-

1719 1293 1910 1349 bemur
1937 1296 1955 1367 (
1978 1294 2148 1351 Exod.
2180 1296 2268 1350 25.
2306 1297 2411 1368 5'),
2445 1300 2612 1355 multo
2639 1302 2806 1371 magis
2832 1314 3107 1365 errantem,
3123 1320 3309 1360 eorum

1721 1389 1950 1444 animam
1975 1405 2071 1444 nos
2094 1390 2369 1456 reducere,
2390 1403 2441 1445 et
2462 1394 2750 1463 collapsam
2773 1408 2982 1464 oportet
3001 1396 3227 1465 erigere.
3254 1396 3315 1454 Si

1720 1482 1821 1538 hoc
1846 1492 1999 1553 pacto
2020 1493 2230 1538 nostras
2250 1496 2303 1538 et
2325 1485 2684 1554 proximorum
2708 1503 2791 1541 res
2808 1488 3313 1557 dispensaverimus,

1720 1584 1845 1629 ante
1887 1575 2116 1629 tribunal
2165 1574 2361 1629 Christi
2410 1592 2528 1630 cum
2575 1577 2763 1631 fiducia
2804 1588 2945 1633 stare
2996 1581 3310 1649 poterimus,

1718 1682 1841 1721 cum
1886 1682 1993 1736 quo
2041 1667 2183 1721 Patri
2227 1668 2414 1737 gloria.
2460 1668 2650 1735 honor,
2698 1671 3011 1741 imperium,
3046 1687 3149 1726 una
3188 1686 3317 1726 cum

1719 1768 1904 1812 sancto
1938 1772 2000 1811 ac
2037 1758 2245 1813 vivifico
2283 1759 2501 1828 Spiritu,
2537 1775 2675 1815 nunc
2698 1770 2751 1814 et
2776 1776 3005 1831 semper,
3039 1765 3168 1818 etin
3199 1772 3311 1816 sm;

1719 1849 1833 1903 eula
1864 1849 2201 1905 saeculorum.
2238 1851 2429 1905 Amen.

1109 2447 1218 2507 AD
1254 2446 1663 2510 HOMILIAM
1703 2446 2211 2522 SEQUENTEM.
2254 2418 2257 2423 “

102 2704 315 2758 Difﬁcile
364 2715 540 2772 porro
597 2708 681 2754 est
720 2707 958 2753 statuere
1009 2695 1384 2752 Antiochirene
1410 2712 1479 2751 an
1512 2696 1980 2771 Constantinopoli
2033 2698 2175 2755 hanc
2223 2699 2475 2756 habuerit
2525 2701 2801 2758 homiliam
2848 2703 3308 2778 Chrysostonius-

55 2840 323 2907 tegantur
353 2836 763 2899 Tillemontius,
793 2834 1264 2905 Constantinopoli
1310 2835 1510 2889 dictam
1548 2834 1741 2901 fuisse,
1798 2836 1925 2906 quia
1976 2835 2400 2909 Chrysostomus
2441 2840 2532 2897 hic
2578 2851 2702 2913 post
2740 2844 2908 2900 alium
2936 2847 3301 2904 concionatus

56 2986 243 3042 (utut;
279 2974 383 3031 sed
416 2983 527 3030 tam
555 2972 659 3027 levi
685 2973 1009 3046 conjecturae
1038 2987 1107 3026 ne
1135 2971 1250 3045 ipse
1284 2972 1502 3043 quidem
1529 2973 1912 3029 Tillemontius
1945 2974 2260 3046 adstipulari
2294 2976 2477 3033 audet.

101 3121 485 3192 Interpretatio
505 3118 696 3175 Latina
724 3130 809 3176 est
841 3119 1134 3176 Frontonis
1166 3119 1367 3175 Dncazi.

694 3540 815 3622 IN
864 3536 1719 3621 PROPHETICUM
1773 3534 2236 3620 DICTUM
2297 3536 2685 3629 ILLUD,

32 3721 129 3764 ego
166 3722 452 3767 υοωηυε
494 3721 656 3765 unus
686 3719 831 3763 ποι
876 3718 1091 3762 LUMEN
1124 3717 1205 3759 ET
1245 3714 1593 3771 TENEBRAS,
1623 3714 1887 3759 merens
1930 3715 2169 3771 PACEM,
2212 3716 2293 3758 ΕΤ
2339 3716 2579 3760 camus
2625 3714 2794 3759 MALA
2842 3696 3022 3779 (1εαί.
3056 3698 3155 3759 lis.
3200 3703 3289 3783 7).

1433 3843 1854 3899 mmaem

87 3988 127 4037 l.
164 3986 340 4040 Pauca
364 3996 490 4039 sunt
519 3984 734 4055 quidem
758 3983 920 4049 dicta,
946 3983 1040 4039 sed
1061 3982 1232 4038 dulcis
1272 3982 1390 4037 fons
1421 3983 1593 4037 mellis

30 4091 112 4141 est,
150 4077 327 4132 mellis
365 4076 511 4147 quod
561 4075 829 4132 fastidium
870 4076 1092 4131 minime
1132 4075 1284 4145 parit.
1326 4074 1456 4128 Nam
1494 4074 1597 4130 hoc

28 4172 212 4233 quidem
238 4172 346 4227 mel
373 4170 573 4227 sensile
614 4170 942 4242 voluptatem
982 4170 1034 4225 in
1079 4169 1255 4239 lingua
1286 4168 1431 4234 finit,
1460 4180 1513 4223 et
1541 4169 1593 4223 in

25 4265 397 4331 corruptionem
423 4263 537 4317 abit
570 4263 713 4317 :mel
754 4277 879 4317 vero
918 4260 1172 4316 doctrina:
1215 4260 1594 4315 conscientiam

25 4352 165 4407 afﬁcit
199 4356 297 4424 (α),
332 4368 560 4425 eamque
600 4362 853 4424 perpetua
907 4352 1086 4406 lwtitia
1128 4351 1422 4422 perfundit,
1452 4361 1504 4407 et
1526 4352 1592 4407 ad

26 4445 461 4501 immortalitatem
502 4462 602 4501 nos
635 4446 870 4501 deducit.
914 4448 1085 4516 Atque
1123 4445 1248 4500 illud
1289 4446 1501 4516 quidem
1529 4462 1595 4501 ex

24 4537 185 4590 herbis
224 4538 600 4607 componitur,
634 4536 735 4592 hoc
774 4548 950 4592 autem
980 4554 1047 4592 ex
1075 4536 1269 4592 divinis
1305 4536 1594 4609 Scripturis

24 4629 200 4681 texitur
226 4646 238 4680 :
272 4629 377 4683 hoc
401 4644 496 4683 vos
527 4628 789 4683 hodierno
817 4628 904 4682 die
936 4628 1224 4699 complevit
1250 4629 1315 4693 is,
1345 4629 1433 4700 qui
1459 4645 1593 4700 pra:-

23 4718 148 4771 dare
168 4718 323 4786 dixit,
344 4729 397 4775 et
423 4719 743 4775 obedientia:
760 4720 1033 4790 praemium
1062 4721 1372 4790 reportavit,
1399 4736 1462 4775 ac
1490 4722 1593 4777 vim

22 4810 239 4865 caritatis
272 4820 332 4866 et
373 4810 492 4866 ﬁdei
534 4812 865 4867 nobilitatem
902 4812 1155 4868 ostendit.
1180 4815 1292 4884 Age
1320 4829 1449 4883 ergo
1496 4829 1593 4868 nos

22 4915 215 4972 quoque
256 4905 422 4958 multa
466 4920 591 4959 cum
627 4905 904 4960 alacritate
932 4906 1142 4960 solitam
1174 4922 1412 4962 mensam
1441 4906 1593 4963 vobis

23 5007 216 5048 rursum
263 5011 630 5065 apponamus:
682 5013 787 5051 non
826 4998 967 5053 enim
1020 4998 1359 5053 mediocriter
1394 5000 1593 5070 gaude-

26 5100 146 5149 mus,
170 5088 312 5158 quod
338 5104 456 5143 cum
484 5089 621 5143 adeo
641 5089 880 5145 celebres
904 5091 1008 5144 sint
1034 5090 1141 5145 ludi
1169 5090 1470 5155 Circenses,
1502 5092 1590 5145 illa

30 5178 201 5235 ludicra
240 5181 594 5249 occupatione
640 5188 943 5251 contempta
986 5181 1090 5236 huc
1137 5189 1281 5235 tanta
1311 5181 1591 5236 multitudo

32 5270 337 5326 omﬂuxerit.
358 5272 617 5340 Quocirca
641 5287 739 5327 nos
760 5272 916 5327 etiam
946 5272 1108 5326 multa
1131 5288 1251 5326 cum
1278 5272 1592 5327 liberalitate

33 5372 259 5417 catenam
287 5365 571 5419 statuimus
591 5406 605 5427 ,
630 5372 889 5418 craterem
918 5363 1006 5434 qui
1029 5362 1340 5419 ebrietatem
1373 5363 1592 5420 minime

77 5540 135 5599 fa)
160 5540 220 5605 in
254 5548 440 5605 Greco,
467 5553 739 5605 {primum}?
756 5547 952 5605 causam
979 5536 1257 5605 Ad_literar_u
1278 5544 1372 5597 est,
1396 5538 1590 5589 abscon-

40 5608 133 5647 απ
151 5602 200 5651 in
216 5598 534 5654 candentia.
546 5598 747 5653 Saviliu's
759 5602 1031 5662 suspicatur
1049 5598 1316 5662 legendum
1334 5613 1465 5659 esse,
1479 5614 1590 5660 ινιά-

40 5674 113 5709 ιηι
139 5665 226 5714 Sed
244 5652 365 5713 nihil
680 5652 731 5714 in
745 5665 835 5728 hac
844 5652 1065 5728 lectione
1082 5652 1431 5728 animadverto.
1448 5652 1590 5713 Fron-

39 5732 270 5776 bmczus
314 5722 484 5783 vertit,
504 5726 841 5792 conscientiam
861 5722 1031 5792 aﬁicil,
1064 5726 1221 5790 magis
1259 5738 1455 5775 sensum
1478 5739 1587 5789 sie-

40 5798 145 5843 ωδ.
168 5803 317 5849 (nam
344 5788 706 5853 etymologiam.

1702 3983 1889 4053 gignit,
1937 3982 2031 4037 sed
2081 3984 2482 4052 temperantTam
2527 3983 2688 4051 parit.
2716 3982 2843 4037 Tale
2884 3999 3112 4053 namque
3143 3985 3287 4040 Scri-

1702 4084 1975 4144 pturarum
2002 4082 2084 4128 est
2104 4074 2305 4139 vinum,
2340 4073 2461 4127 talia
2494 4089 2693 4127 mensa:
2721 4085 2841 4127 sunt
2864 4075 3016 4129 istius
3036 4077 3289 4131 obsonia:

1701 4168 1950 4235 pinguem
1982 4174 2034 4219 et
2060 4165 2272 4219 obesam
2303 4179 2518 4218 carnem
2557 4180 2662 4218 non
2696 4165 2941 4219 reddunt.
2984 4167 3047 4221 Et
3075 4168 3188 4224 ha'c
3209 4169 3289 4223 di-

1700 4261 1891 4324 cimus,
1917 4274 2021 4313 non
2047 4269 2103 4312 ut
2125 4258 2412 4328 ignominia
2438 4273 2651 4313 carnem
2684 4258 3003 4326 afﬁciamus,
3033 4260 3127 4314 sed
3148 4263 3294 4331 quod

1700 4353 1892 4407 anima:
1937 4351 2265 4405 nobilitatem
2310 4349 2479 4419 pluris
2524 4350 2897 4406 aestimemus:
2951 4367 3126 4423 neque
3162 4369 3292 4409 vero

1702 4460 1854 4498 usum
1898 4443 2190 4511 rejicimus,
2231 4442 2324 4495 scd
2358 4455 2635 4496 excessum
2674 4442 3034 4512 reprimimus.
3063 4444 3118 4499 Si
3147 4444 3287 4499 enim

1701 4537 2159 4609 philoSOphemur,
2185 4537 2253 4591 ita
2284 4534 2765 4606 philosophandum
2789 4546 2891 4605 est,
2924 4545 2982 4591 ut
3007 4536 3283 4593 hmretiro-

1700 4646 1815 4685 rum
1838 4627 1916 4700 (α)
1949 4628 2140 4699 linguis
2169 4642 2354 4682 ansam
2397 4641 2501 4681 non
2543 4626 2749 4681 demus.
2780 4625 2911 4681 Nam
2947 4628 3048 4683 hoc
3076 4630 3290 4700 quidem

1699 4736 1894 4791 corpus
1944 4721 2119 4775 minus
2160 4730 2243 4775 est
2288 4720 2484 4785 anima,
2529 4721 2853 4775 contrarium
2906 4737 3032 4775 vero
3075 4739 3180 4776 non
3210 4738 3299 4782 est

1698 4814 1891 4867 anima:
1924 4830 1938 4866 :
1971 4810 2062 4865 sed
2088 4810 2312 4879 simplex
2344 4810 2662 4878 estquidem
2695 4809 2800 4876 illa,
2834 4826 3018 4864 verum
3050 4816 3293 4883 corporis

1699 4903 2081 4973 cupiditatibus
2127 4901 2431 4955 famulatur.
2465 4901 2602 4955 Dens
2632 4901 2773 4955 cnim
2802 4900 2988 4955 artifex
3024 4914 3288 4971 prmstan-
3342 4934 3357 4953 ιν

1701 4997 1933 5050 tissimus
1954 5008 2058 5048 non
2081 5008 2146 5047 ex
2168 5006 2268 5045 una
2292 5003 2344 5045 et
2364 4990 2570 5045 duabus
2588 5002 2641 5046 et
2666 4991 2835 5044 tribus
2858 4993 3167 5048 substantiis
3190 4994 3290 5047 hoc

1697 5091 2005 5146 universum
2031 5085 2345 5151 constituit,
2376 5084 2468 5139 sed
2500 5085 2671 5138 varias
2693 5099 2754 5138 ac
2779 5084 3055 5139 distinctas
3088 5086 3288 5141 invexit

1700 5195 1934 5249 naturas,
1972 5193 2029 5238 ut
2057 5182 2432 5238 abundantiam
2456 5181 2725 5251 sapientia:
2753 5196 2864 5234 sure
2896 5181 2945 5235 in
2977 5181 3288 5239 diversitate

1700 5292 1876 5331 rerum
1922 5276 2254 5331 ostenderet.
2280 5273 2395 5329 Non
2431 5272 2574 5327 enim
2606 5274 2793 5328 caelum
2821 5272 3060 5328 condidit
3088 5276 3283 5340 solum,

1698 5368 1792 5424 sed
1818 5376 1871 5422 et
1899 5377 2092 5423 terram
2118 5382 2133 5420 :
2157 5381 2263 5421 non
2292 5372 2485 5420 terram
2518 5364 2710 5428 solum,
2742 5363 2909 5419 sedet
2936 5366 3102 5419 solem
3131 5382 3146 5420 :
3179 5382 3287 5425 non

1698 5461 1863 5516 solem
1912 5460 2090 5525 modo,
2118 5459 2212 5515 sed
2249 5469 2303 5513 et
2338 5458 2512 5512 lunam
2546 5474 2561 5512 :
2607 5473 2713 5511 non
2754 5457 2930 5511 lunam
2967 5457 3159 5526 solum,
3189 5460 3285 5515 sed

1697 5564 1748 5607 et
1774 5552 1954 5608 stellas
1979 5569 1994 5606 :
2034 5566 2140 5606 non
2161 5549 2346 5605 stellas
2370 5548 2564 5615 solum,
2592 5547 2688 5603 sed
2712 5555 2766 5602 et
2785 5562 2964 5603 aerem
2993 5564 3008 5603 :
3050 5565 3158 5604 non
3188 5566 3281 5604 ae-

1695 5663 1807 5702 rem
1829 5647 2021 5712 solum,
2048 5645 2142 5701 sed
2162 5651 2217 5699 et
2235 5642 2432 5699 nubes:
2458 5657 2564 5698 non
2592 5641 2760 5698 nubes
2786 5641 2979 5711 solum,
3001 5641 3097 5699 sed
3122 5645 3283 5701 etiam

1756 5783 1827 5846 (α)
1861 5778 2137 5832 Manichaeos
2158 5776 2407 5841 intelligit.
