3738 6274
403 320 505 376 H3

397 436 598 496 ethera
628 452 643 490 :
676 449 781 491 non
809 432 1012 491 mthera
1039 431 1235 498 solum,
1267 430 1362 486 sed
1387 430 1546 486 etiam
1583 428 1751 492 lacus,
1782 425 1974 491 fontes,

397 530 610 594 ﬂuvios,
630 535 862 594 montes,
892 524 1078 591 valles,
1102 524 1289 589 colles,
1317 529 1488 592 prata,
1512 519 1719 585 hortos,
1748 518 1978 585 semina,

396 622 631 692 plantas,
666 618 951 674 herbarum
977 616 1121 670 varia
1142 628 1360 685 genera,
1390 613 1690 682 formasque
1718 608 1981 671 diversas,

397 713 540 767 vires
570 710 831 775 diversas,
860 723 923 763 ac
943 705 1183 761 diversas
1208 713 1426 760 naturas
1446 716 1667 757 cernere
1696 698 1911 771 poterit,
1938 698 1980 751 si

398 804 520 874 quis
563 800 821 856 mundum
863 798 1097 868 undique
1123 795 1406 860 lustrarit;
1447 793 1566 850 etsi
1601 800 1767 845 totqu
1795 790 1981 843 urbem

398 907 667 951 terrarum
710 892 1035 964 cogitatione
1070 889 1416 960 percurrerit,
1461 901 1581 941 cum
1628 884 1883 954 propheta
1930 884 1981 936 in

396 989 494 1043 has
515 1001 673 1042 voces
698 994 978 1055 erumpet:
1006 983 1172 1051 Quam
1197 981 1525 1053 magniﬁcare
1548 988 1663 1034 sunt
1691 994 1844 1047 opera
1874 986 1982 1040 tua,

396 1078 655 1135 Domine!
686 1077 871 1132 Omnia
911 1078 963 1130 in
1008 1076 1256 1145 sapientia
1302 1074 1463 1146 fecisti
1497 1072 1665 1142 (Psal.
1705 1072 1825 1126 105.
1866 1070 1982 1139 24).

397 1172 580 1242 Itaque
604 1172 649 1226 si
680 1171 945 1225 theatrum
987 1178 1232 1239 spectare
1260 1167 1410 1236 copis
1434 1207 1449 1232 ,
1491 1164 1556 1220 ad
1586 1164 1687 1219 hoc
1712 1152 1985 1232 spiritualc

397 1262 641 1318 satanioo
667 1261 759 1315 illo
790 1258 1046 1315 derelicto
1073 1258 1238 1313 veni:
1282 1257 1326 1311 si
1370 1256 1537 1328 lyram
1585 1254 1735 1323 cupis
1778 1252 1985 1319 audire,

401 1353 493 1408 illo
524 1360 789 1406 concentu
821 1350 1062 1417 dimisso,
1103 1357 1155 1403 et
1181 1347 1414 1403 excitato
1444 1345 1638 1400 mentis
1667 1353 1768 1399 tum
1793 1344 1986 1399 robore

399 1442 466 1497 ad
496 1442 632 1497 hanc
662 1442 781 1497 veni
806 1481 822 1506 ,
848 1456 967 1511 qua:
994 1441 1231 1494 animum
1256 1448 1402 1494 tuum
1434 1438 1616 1508 erigit,
1645 1444 1989 1506 mentemque

399 1534 700 1591 conﬁrmat.
729 1531 862 1589 Vide
888 1541 944 1587 ut
969 1532 1083 1588 soni
1111 1531 1326 1597 diversi,
1349 1528 1669 1599 cliordaaqne
1699 1527 1984 1595 distinctae,

399 1641 612 1682 summo
662 1623 840 1696 opiﬁci
888 1624 999 1679 Deo
1053 1639 1214 1678 unum
1253 1630 1309 1677 et
1346 1621 1720 1677 suavissimum
1755 1619 1988 1688 undique

400 1727 718 1775 concentum
741 1718 1004 1773 emittant.
1034 1717 1145 1774 Ceu
1169 1718 1309 1772 enim
1340 1716 1554 1786 quidam
1584 1727 1749 1770 sonus
1767 1713 1987 1784 spiritus

400 1828 468 1867 ex
487 1811 858 1867 differentibus
886 1811 1031 1865 sonis
1060 1809 1322 1865 conflatus
1364 1824 1527 1865 unum
1565 1807 1725 1863 habet
1752 1821 1987 1863 concen-

402 1915 512 1958 tum
539 1903 999 1973 gloriﬁcationem,
1024 1918 1125 1973 qua
1151 1902 1386 1958 celebrat
1411 1901 1793 1957 Conditorem:
1819 1908 1875 1955 et
1899 1916 1988 1955 so-

403 2005 533 2053 nant
565 1996 779 2067 quidem
820 1997 1108 2067 separatim
1145 1996 1359 2051 chordze
1386 1996 1609 2067 singulae
1632 2037 1647 2063 ,
1677 2005 1870 2051 sonant
1895 2010 1987 2048 an-

400 2098 511 2144 tem
558 2099 612 2143 ct
655 2087 794 2144 inter
824 2102 883 2144 se
912 2089 1231 2157 conjunctae.
1264 2088 1438 2157 Atque
1471 2094 1529 2141 ut
1557 2086 1820 2157 intelligas
1841 2127 1856 2152 ,
1882 2102 1988 2153 quo

403 2188 561 2250 pacto
606 2178 895 2248 separatim
942 2188 1156 2246 sonent,
1204 2178 1322 2232 οωιί
1367 2176 1624 2233 chordam
1668 2177 1989 2248 cogitatione

402 2270 630 2339 pulsato,
665 2280 774 2324 tum
802 2269 1001 2340 ingenti
1031 2269 1174 2324 edito
1201 2284 1334 2324 sono
1363 2269 1550 2323 audies
1575 2284 1693 2324 eam
1728 2269 1836 2323 Deo
1868 2269 1987 2321 lau-

401 2363 524 2418 dem
564 2363 777 2418 offerre.
826 2362 976 2432 Quod
1022 2378 1143 2418 cum
1198 2363 1662 2418 animadvertisset
1704 2362 1985 2433 prepheta,

403 2454 539 2509 dixit
565 2473 579 2510 :
607 2454 732 2510 ϐιτιί
758 2465 996 2509 enarrem
1016 2455 1231 2526 gloriam
1259 2455 1376 2522 Dei,
1403 2472 1532 2526 opus
1551 2467 1719 2510 autem
1749 2472 1989 2509 manuum

403 2547 515 2614 sjus
560 2547 829 2601 annuntiat
878 2548 1253 2615 ﬁrmamentum
1299 2546 1469 2621 (Psal.
1512 2548 1599 2605 18.
1644 2547 1724 2619 2).
1776 2547 1859 2603 Ab
1900 2548 1988 2602 illa

402 2636 606 2694 chorda
634 2637 701 2693 ad
727 2639 831 2694 diei
874 2640 1152 2711 noctisque
1178 2639 1434 2696 ohordam
1463 2640 1729 2697 descende
1746 2682 1762 2707 ,
1798 2652 1907 2695 tum
1935 2651 1991 2695 ct

405 2729 506 2785 hos
534 2729 647 2803 lyra
678 2731 862 2800 quavis
888 2741 941 2786 et
965 2732 1169 2787 cithara
1209 2732 1487 2788 suaviores
1512 2733 1679 2787 emitti
1708 2746 1870 2789 sonos
1913 2733 1990 2786 vi-

402 2822 598 2879 debis:
652 2823 948 2893 praesertim
993 2838 1125 2891 vero
1160 2838 1285 2879 cum
1336 2823 1568 2880 adfuerit
1615 2824 1705 2895 qui
1761 2823 1991 2880 chordas

404 2916 533 2969 istas
574 2915 787 2985 pulsare
834 2916 1060 2971 noverit.
1088 2916 1329 2984 Quonam
1367 2926 1545 2974 autem
1576 2927 1732 2989 pacto
1756 2919 1990 2973 sonant?

403 3005 545 3062 dicet
570 3005 784 3076 aliquis.
823 3006 1021 3062 Czelum
1051 3022 1157 3063 non
1185 3022 1246 3063 os
1275 3017 1483 3075 movet,
1516 3024 1690 3080 neque
1714 3009 1945 3082 linguam
1969 3050 1988 3078 ,

404 3113 577 3168 neque
606 3099 862 3169 palatum,
885 3115 1057 3170 neque
1083 3100 1292 3169 dentes,
1311 3117 1485 3173 neque
1508 3102 1689 3158 labra:
1721 3104 1989 3175 quomodo

402 3206 532 3261 ergo
561 3206 663 3246 vox
689 3192 901 3247 oritur?
928 3193 1197 3264 quomodo
1223 3202 1400 3249 autem
1430 3193 1544 3249 dies
1584 3194 1817 3265 loquitur
1842 3195 1991 3254 ?Ne—

404 3299 512 3354 que
553 3284 695 3341 enim
728 3284 843 3341 hmo
881 3286 1080 3341 vocalia
1108 3295 1232 3342 sunt
1262 3287 1611 3343 instrumenta
1632 3329 1650 3356 ,
1680 3287 1774 3343 sed
1803 3301 1992 3344 cursus

403 3376 535 3431 solis
556 3386 611 3432 et
634 3376 774 3433 luna
797 3377 911 3433 dies
935 3387 1016 3434 est
1036 3386 1092 3434 et
1117 3394 1248 3447 nox,
1268 3380 1626 3450 temporisque
1654 3395 1991 3451 progressus.

405 3464 485 3522 Ne
511 3466 674 3537 igitur
694 3482 759 3523 ex
797 3469 1147 3525 crassioribus
1181 3470 1374 3541 aliquis
1415 3470 1496 3526 his
1525 3471 1720 3529 auditis
1748 3487 1989 3529 commo-

407 3567 600 3614 veatur
625 3574 689 3614 ac
715 3561 1056 3630 perturbetur
1078 3603 1092 3625 ,
1120 3561 1242 3617 audi
1278 3578 1386 3633 quo
1424 3574 1579 3633 pacto
1608 3563 1694 3618 his
1718 3605 1732 3631 ,
1760 3580 1879 3635 qua:
1901 3565 1989 3619 di-

406 3658 491 3705 cta
540 3659 684 3717 sunt,
740 3651 937 3708 addere
988 3652 1188 3723 majora
1232 3654 1504 3711 contendit
1551 3656 1827 3726 prepheta.
1858 3657 1989 3713 Cum

408 3741 553 3796 enim
582 3741 744 3796 caelos
792 3742 885 3797 llei
924 3742 1149 3814 gloriam
1188 3758 1441 3801 enarrare
1478 3746 1737 3814 dixisset,
1766 3755 1820 3802 et
1845 3746 1990 3803 diem

406 3830 512 3887 diei
540 3832 763 3888 verbum
790 3840 1053 3898 eructare,
1082 3845 1402 3907 noctemque
1430 3839 1572 3892 nocti
1594 3838 1870 3894 scientiam
1902 3840 1990 3895 in-

406 3923 587 3979 dicare
607 3922 770 3994 (Ibid.
796 3941 849 3980 v.
876 3925 954 3998 5),
981 3941 1084 3981 non
1113 3926 1199 3983 hic
1222 3927 1477 3997 substitit,
1496 3930 1589 3986 sed
1612 3930 1844 4002 adjecit:
1871 3931 1992 3988 Non

406 4022 523 4068 sunt
552 4014 785 4085 loquelat,
821 4032 978 4088 neque
1016 4034 1292 4086 sermones,
1335 4036 1548 4089 quorum
1583 4039 1683 4077 non
1719 4023 1994 4079 audiantur

406 4125 548 4165 uoces
574 4124 747 4164 eorum
785 4109 949 4180 (Ibid.
979 4128 1025 4166 v.
1054 4112 1131 4184 4).
1161 4112 1358 4169 Horum
1390 4124 1566 4171 autem
1594 4117 1878 4173 verborum
1907 4118 1994 4174 hic

406 4216 601 4258 sensus
626 4211 708 4257 est
742 4221 755 4259 :
788 4202 904 4259 Non
934 4205 1104 4260 solum
1133 4221 1317 4263 vocem
1350 4208 1546 4266 habent
1573 4209 1689 4267 dies
1713 4252 1728 4277 ,
1758 4222 1813 4267 et
1843 4228 1948 4267 nox
1974 4255 1991 4280 ,

407 4300 462 4347 et
487 4293 675 4348 omium
710 4294 750 4359 ί,
795 4295 888 4349 sed
932 4305 983 4351 ct
1023 4313 1207 4354 vocem
1255 4300 1540 4369 ejusmodi,
1568 4320 1687 4374 quae
1713 4305 1993 4377 insignior,

406 4381 626 4449 clarior,
669 4392 725 4438 et
767 4385 942 4440 acrior
982 4388 1051 4441 sit
1094 4387 1343 4443 humana.
1389 4391 1507 4458 Quo
1542 4393 1753 4450 tandem
1800 4398 1994 4466 pacto?

406 4473 544 4529 Audi
568 4474 679 4545 ipsa
708 4475 822 4545 eius
846 4477 1027 4533 verba.
1060 4476 1180 4533 Non
1218 4491 1334 4535 sunt
1355 4482 1587 4551 loquella,
1619 4502 1776 4557 neque
1800 4505 1993 4543 sermo-

408 4580 519 4634 nes,
536 4582 751 4637 quorum
799 4584 902 4623 non
944 4570 1219 4626 audiantur
1262 4588 1403 4629 uoces
1440 4591 1631 4631 eorum.
1658 4578 1796 4646 Quid
1836 4581 1992 4651 igitur

408 4657 511 4714 hoc
537 4667 620 4716 est
642 4660 666 4714 ?
688 4660 1000 4717 Enoomium
1030 4664 1200 4731 vocis,
1232 4665 1346 4721 laus
1375 4669 1491 4723 soni
1524 4668 1824 4741 hujus.Vox
1850 4675 1990 4729 enim

409 4768 527 4809 mea
568 4763 690 4809 nota
720 4763 802 4811 est
830 4755 937 4825 illi,
965 4757 1054 4829 qui
1081 4758 1265 4814 eadem
1296 4775 1502 4816 mecum
1533 4762 1707 4835 lingua
1738 4764 1993 4835 loquitur,

407 4843 455 4898 ei
487 4859 615 4901 vero
640 4847 729 4917 qui
755 4846 987 4918 diversa,
1015 4865 1123 4904 non
1144 4850 1295 4907 item.
1318 4851 1557 4924 Exempli
1578 4856 1819 4921 causa,si
1848 4857 1993 4914 Gne-

407 4951 469 4991 ca
496 4936 673 5009 lingua
704 4940 912 5011 loquar,
948 4951 1003 4997 et
1026 4958 1211 5000 vocem
1244 4944 1383 5002 hanc
1411 4949 1617 5004 noverit
1642 4950 1836 5021 aliquis
1856 4993 1871 5017 ,
1903 4952 1993 5009 ille

410 5043 499 5085 me
524 5030 703 5087 audiet
734 5050 751 5088 :
789 5033 985 5106 Scytha
1014 5051 1145 5093 vero
1166 5080 1182 5105 ,
1215 5038 1414 5107 Thrax,
1445 5041 1694 5110 Maurus,
1720 5054 1813 5100 aut
1834 5044 1993 5102 Indus

410 5134 518 5176 non
548 5122 673 5177 item
707 5140 721 5176 :
753 5125 950 5196 quippe
978 5128 1120 5198 quod
1154 5128 1348 5200 linguae
1385 5130 1671 5189 discrimen
1716 5136 1989 5208 impediat,

410 5227 479 5267 ne
509 5212 583 5267 illi
608 5227 786 5270 sermo
815 5230 967 5271 meus
994 5218 1310 5276 innotescat.

480 5303 536 5361 2.
566 5305 791 5378 Loquela
814 5318 1158 5366 creaturarum
1188 5311 1351 5368 Deum
1374 5315 1695 5371 laudantium
1718 5320 1900 5388 qualis.
1926 5351 1998 5362 -—

411 5399 619 5458 Rursus
642 5417 762 5474 ego,
790 5404 834 5459 si
862 5404 1109 5477 loquatur
1131 5407 1325 5480 Scytha
1353 5411 1436 5466 vel
1460 5411 1657 5477 Thrax,
1683 5414 1866 5471 audire
1890 5432 1994 5472 non

478 5555 607 5634 Laio
636 5558 1003 5634 ex
1025 5563 1240 5634 restituit
1271 5570 1444 5634 Fronto
1480 5573 1697 5626 Dircaeus,
1725 5574 1779 5620 et
1798 5570 1996 5634 quidem

412 5616 615 5677 optimc.
639 5616 1025 5689 Aptulé‘ayilium
1047 5620 1247 5689 legitur,
1271 5624 1404 5689 dies,
1429 5634 1476 5679 et
1497 5616 1613 5688 m;
1630 5616 1997 5684 machinor—tia?

414 5690 597 5758 verum
823 5681 908 5733 ille
933 5684 981 5734 in
1004 5681 1244 5758 mat-"giae
1268 5681 1534 5758 legendum
1581 5681 1709 5756 esse,
1736 5681 1997 5758 etodium,

418 5745 470 5789 ct
497 5747 635 5792 recte
657 5744 855 5807 quidem
880 5761 893 5796 :
920 5759 1030 5799 nam
1053 5744 1135 5801 sle
1144 5744 1572 5816 scnwsvpostulat.

1074 311 1133 367 S.
1169 308 1449 368 JOANNIS
1484 306 1829 365 CHRYSOS'I
1845 303 1965 364 ΟΜ]
2000 302 2317 362 ARCHIEP.
2355 303 2891 365 CONSTANTINOP.

3566 314 3664 371 με,

2093 430 2298 494 potero,
2323 439 2496 495 neque
2524 424 2657 480 alter
2685 424 2917 496 linguam
2944 424 3160 482 alterius
3190 443 3203 479 :
3235 426 3287 480 in
3311 426 3442 483 caelo
3469 436 3660 493 autem,

2087 516 2141 571 in
2173 526 2328 571 nocte
2352 532 2415 571 ac
2443 515 2530 571 die
2556 517 2730 572 locum
2755 516 2807 570 id
2829 531 2935 572 non
2959 516 3138 582 habet,
3164 517 3258 573 sed
3282 519 3541 588 ejusmodi
3569 537 3663 576 vo:

2088 607 2303 662 illorum
2331 617 2432 671 est,
2465 617 2520 660 ut
2549 608 2615 661 ab
2643 609 2787 661 omni
2821 608 3015 677 lingua,
3048 609 3116 663 ab
3143 610 3284 662 omni
3318 610 3521 680 loquela
3553 628 3665 680 pns-

2089 700 2157 755 sit
2181 701 2369 769 audiri,
2401 702 2556 771 eique
2582 702 2724 757 clara
2749 702 2819 758 sit
2842 711 2896 758 et
2920 701 3220 773 perspicua.
3243 702 3527 771 Propterea
3552 719 3661 758 cum

2088 792 2250 847 omlos
2280 793 2369 848 Dei
2397 794 2618 864 gloriam
2647 810 2899 848 enarrare
2924 794 3162 855 dixisset.
3191 804 3244 850 et
3269 795 3407 850 diem
3428 796 3532 850 diei
3554 813 3667 851 vc:-

2089 884 2216 940 bum
2245 896 2519 950 eruotare,
2550 886 2746 955 adjecit
2773 904 2787 942 :
2820 885 2935 940 Non
2965 896 3080 940 sunt
3105 887 3351 958 loquella,
3376 903 3534 957 neque
3564 905 3661 942 srr.

2089 994 2283 1043 mones,
2305 996 2517 1049 quorum
2546 996 2644 1034 non
2674 980 2946 1035 audiantur
2972 996 3113 1034 voces
3140 996 3331 1033 eorum.
3359 979 3487 1048 Quae
3511 981 3663 1034 veil‘a

2092 1073 2249 1127 talem
2279 1073 2595 1127 sententiam
2631 1073 2827 1128 habent
2856 1091 2868 1126 :
2900 1072 3083 1127 Talem
3128 1072 3326 1128 habent
3366 1073 3626 1143 loquelam
3650 1116 3662 1137 .

2092 1164 2358 1233 talemque
2382 1178 2567 1219 vocem
2596 1163 2794 1218 habent
2819 1163 2954 1230 dies,
2986 1179 3111 1226 nox.
3137 1172 3189 1218 et
3218 1164 3425 1229 caelum,
3456 1179 3667 1218 omnes-

2090 1272 2193 1325 que
2222 1268 2479 1313 creatura:
2500 1299 2513 1320 ,
2547 1267 2603 1312 ut
2644 1257 2711 1312 ab
2750 1257 2996 1312 omnibus
3032 1256 3258 1326 loquelis
3279 1297 3295 1318 ,
3331 1257 3430 1310 hoc
3458 1265 3539 1311 est
3563 1298 3578 1321 ,
3608 1257 3667 1307 τι»

2090 1347 2339 1403 omnibus
2368 1347 2579 1418 linguis,
2608 1348 2675 1402 ab
2703 1348 2947 1403 omnibus
2970 1347 3217 1418 gentibus
3244 1363 3344 1402 vox
3370 1361 3561 1401 eorum
3579 1363 3669 1399 an-

2090 1441 2283 1497 diatur.
2314 1442 2428 1497 Non
2458 1441 2601 1497 enim
2622 1454 2702 1499 est
2733 1441 2960 1513 loquela.
2986 1442 3177 1511 inquit,
3208 1441 3309 1497 hoc
3336 1449 3439 1505 est,
3464 1456 3573 1496 non
3595 1452 3669 1495 cst

2090 1546 2243 1604 gens,
2275 1548 2380 1588 non
2408 1542 2490 1588 est
2514 1549 2637 1601 vox,
2667 1534 2753 1588 ubi
2786 1550 2887 1588 vox
2915 1534 3031 1588 cadi
3061 1548 3167 1587 non
3195 1532 3440 1587 audiatur
3464 1551 3478 1586 :
3507 1533 3598 1587 sed
3624 1543 3673 1587 ct

2092 1625 2311 1697 Scytha,
2336 1635 2391 1681 et
2411 1627 2610 1693 Thrax,
2638 1638 2692 1681 et
2715 1627 2946 1694 Maurus,
2974 1637 3028 1682 et
3054 1627 3234 1693 Indus,
3261 1635 3315 1683 et
3340 1627 3667 1691 Sauromata,

2091 1726 2146 1772 et
2172 1717 2380 1787 loquela
2407 1718 2601 1783 omnis,
2624 1728 2677 1773 et
2707 1719 2884 1789 lingua
2913 1720 3086 1773 omnis
3114 1728 3168 1773 et
3189 1734 3320 1789 gens
3345 1719 3521 1774 omnis
3542 1718 3671 1771 ham;

2092 1823 2280 1865 vocem
2308 1810 2503 1879 poterit
2532 1810 2802 1866 exaudire.
2835 1810 2951 1877 Quo
2978 1810 3190 1865 tandem
3222 1811 3412 1879 pacto?
3433 1810 3549 1866 Hoc
3569 1811 3670 1879 jam

2092 1899 2237 1967 audi,
2269 1908 2327 1955 ut
2356 1900 2618 1971 intelligas
2647 1916 2749 1970 qua
2778 1903 2983 1957 ratione
3005 1902 3194 1956 culum
3224 1901 3445 1957 tacendo
3477 1901 3674 1971 loqua-

2093 2002 2196 2047 tur.
2226 1992 2357 2048 Cum
2383 1994 2523 2048 enim
2550 1994 2745 2049 videris
2769 1994 2885 2063 ejus
2914 1993 3384 2063 pulchritudinem,
3413 1995 3674 2064 magnim-

2091 2083 2270 2139 dinem
2293 2126 2309 2152 ,
2343 2085 2501 2139 sitmn
2530 2126 2540 2147 .
2574 2085 2977 2155 perpetuitatem
3003 2127 3016 2148 ,
3054 2088 3425 2155 splendorem,
3466 2096 3526 2140 et
3568 2086 3675 2140 hac

2092 2179 2268 2234 omnia
2313 2180 2567 2250 colligens
2609 2180 2748 2249 apud
2789 2189 2840 2236 te
2878 2180 3222 2236 Conditorem
3261 2180 3675 2251 glorificaveris,

2093 2270 2398 2325 Creatorem
2430 2271 2681 2339 laudaris,
2713 2280 2825 2325 tum
2851 2287 3033 2327 vocem
3062 2271 3239 2325 emisit
3266 2272 3476 2337 caelum,
3507 2282 3562 2326 et
3589 2287 3676 2340 per

2092 2363 2323 2433 linguam
2370 2362 2481 2416 Deo
2518 2362 2744 2432 gloriam
2782 2362 3097 2432 laudemque
3137 2363 3341 2419 detulit.
3376 2364 3553 2432 Atque
3583 2364 3678 2417 hoc

2094 2452 2223 2507 illud
2261 2461 2343 2508 est
2375 2453 2514 2524 quod
2544 2454 2716 2521 dixit,
2747 2455 2871 2510 Caeli
2900 2463 3137 2510 enarranl
3171 2455 3384 2526 gloriam
3412 2455 3535 2510 Dei.
3567 2458 3678 2521 Quo

2093 2546 2309 2601 tandem
2334 2546 2531 2602 modo?
2556 2547 2690 2602 Dum
2715 2547 2796 2602 sui
2824 2547 3123 2619 splendoris
3149 2548 3541 2617 pulchritudine
3563 2564 3680 2618 spo-

2092 2646 2349 2693 otatorem
2380 2638 2430 2693 in
2459 2637 2867 2695 admirationem
2897 2639 3176 2695 traducunt
3196 2638 3523 2694 Conditoris.
3552 2639 3679 2694 Cum

2092 2728 2234 2783 enim
2257 2737 2545 2799 conspecto
2567 2737 2712 2784 tanto
2732 2744 2894 2800 opere
2913 2730 3110 2785 dixeris
3134 2747 3147 2784 :
3172 2728 3349 2785 Gloria
3373 2729 3490 2795 tibi,
3523 2731 3681 2793 Dens,

2091 2822 2250 2894 quale
2273 2836 2467 2893 corpus
2491 2820 2795 2889 condidisti,
2821 2831 2877 2879 et
2902 2823 2954 2877 in
2981 2822 3158 2879 medio
3179 2823 3503 2879 constituisti
3528 2824 3542 2877 l
3570 2825 3681 2878 ca-li

2091 2914 2317 2986 gloriam
2356 2913 2510 2968 istam
2550 2913 2889 2980 detulerunt,
2918 2921 2971 2968 et
3010 2923 3096 2967 tua
3138 2913 3314 2982 lingua
3344 2922 3567 2969 utentes
3595 2930 3686 2983 per

2092 3016 2365 3076 aspectum
2394 3006 2801 3063 admirationem
2824 3005 3200 3063 exhibuerunt.
3227 3005 3304 3062 lta
3329 3006 3555 3064 silentes
3574 3008 3687 3079 glo.

2090 3099 2225 3155 riam
2253 3110 2307 3154 et
2342 3099 2601 3156 honorem
2647 3099 2757 3155 Deo
2794 3098 3073 3167 deferunt,
3100 3107 3156 3155 et
3197 3099 3333 3155 hanc
3363 3113 3561 3155 vocem
3590 3116 3686 3153 an-

2091 3190 2244 3247 diunt
2272 3206 2478 3246 omnes.
2509 3191 2733 3259 Quando
2770 3191 2914 3246 enim
2951 3190 3067 3247 haec
3108 3191 3307 3261 percipi
3347 3190 3536 3246 auditu
3582 3207 3686 3245 non

2093 3292 2334 3354 possunt,
2362 3283 2456 3338 sed
2477 3293 2694 3353 aspectu
2716 3292 2771 3338 et
2793 3283 3260 3353 contemplatione,
3286 3294 3541 3353 aspectus
3567 3300 3691 3354 por-

2091 3393 2155 3434 ro
2183 3393 2320 3434 unus
2351 3386 2435 3433 est
2459 3377 2735 3443 omnibus,
2765 3377 2973 3433 tametsi
3006 3377 3183 3449 lingua
3211 3376 3285 3432 sit
3306 3376 3571 3433 differens
3592 3419 3607 3441 ,
3639 3387 3690 3433 et

2092 3469 2350 3525 barbarus
2372 3509 2388 3536 ,
2418 3468 2663 3540 Scythae.
2705 3466 2938 3523 Thraces
2960 3511 2977 3536 ,
3009 3468 3214 3535 Mauri,
3244 3477 3300 3523 et
3340 3467 3450 3522 Indi
3501 3482 3691 3523 t'OCcm

2091 3560 2250 3617 istam
2272 3560 2511 3625 audiunt,
2536 3561 2638 3615 hoc
2661 3568 2762 3626 est,
2788 3558 3101 3615 miraculum
3121 3568 3420 3620 cernentes.
3448 3560 3691 3628 pulchri.

2094 3654 2333 3710 tudinem
2357 3655 2817 3725 obstupescentes,
2847 3653 3208 3725 splendorem,
3239 3654 3691 3724 magnitudinem,

2092 3746 2195 3800 alia
2222 3746 2436 3814 omnia,
2464 3762 2584 3818 quae
2623 3745 2691 3801 ad
2727 3745 2916 3802 osclum
2958 3745 3223 3815 pertinent
3246 3787 3262 3812 ,
3290 3747 3379 3816 qui
3416 3754 3573 3802 recta
3603 3763 3689 3798 sa-

2092 3841 2266 3910 piunt,
2297 3838 2519 3907 gloriam
2548 3849 2601 3894 et
2631 3838 2841 3894 laudem
2868 3836 3095 3894 offerunt
3121 3837 3251 3894 Deo.
3281 3837 3518 3908 ldipsum
3546 3840 3692 3895 etde

2093 3931 2181 3987 die
2210 3941 2369 4002 atque
2400 3939 2553 3986 nocte
2578 3930 2680 3987 dici
2713 3939 2904 4001 potest.
2934 3929 3003 3987 Ut
3030 3930 3173 3986 enim
3204 3929 3305 3986 hoc
3332 3929 3692 4002 pulchritudi-

2096 4040 2185 4091 ne,
2216 4026 2342 4089 situ,
2374 4021 2757 4094 magnitudine,
2790 4022 3094 4093 splendore,
3127 4024 3381 4093 temporis
3411 4026 3693 4094 perpetui-

2096 4125 2205 4171 tate
2224 4158 2242 4185 ,
2271 4130 2398 4178 usu,
2427 4114 2742 4171 cffieacilate
2760 4157 2775 4183 ,
2809 4114 3016 4171 caneris
3044 4114 3289 4170 omnibus
3325 4124 3622 4185 spectatort
3648 4134 3693 4172 nt

2096 4208 2161 4263 ad
2189 4207 2595 4264 admirationem
2624 4207 2904 4262 traducens
2933 4205 3099 4263 efﬁcit
3121 4248 3136 4275 ,
3166 4217 3221 4262 ut
3248 4206 3472 4277 gloriam
3499 4217 3560 4264 et
3592 4208 3695 4263 ho-

2097 4314 2282 4355 norem
2325 4298 2601 4354 Conditori
2640 4298 2941 4355 deferamus
2974 4318 2987 4354 :
3021 4300 3091 4355 ita
3136 4316 3241 4354 nox
3279 4308 3333 4355 et
3371 4300 3511 4358 dies.
3559 4302 3697 4359 Cum

2096 4394 2239 4448 enim
2280 4402 2485 4448 rectum
2524 4391 2715 4448 horum
2759 4402 3060 4462 temporum
3096 4393 3337 4449 ordinem
3369 4394 3575 4450 videris
3599 4439 3612 4461 ,
3652 4407 3698 4453 et

2096 4500 2204 4555 quo
2233 4494 2385 4555 pacto
2411 4500 2577 4555 penso
2602 4500 2699 4541 suo
2727 4485 2973 4541 absoluto
3000 4484 3115 4541 dies
3138 4495 3349 4542 noctem
3372 4503 3402 4543 e
3427 4488 3550 4543 suis
3574 4506 3698 4559 pro-

2096 4577 2296 4647 pellere
2323 4576 2574 4631 limitibus
2602 4593 2707 4633 non
2735 4577 3026 4643 contendit,
3056 4594 3156 4634 nec
3181 4579 3340 4633 ullam
3366 4596 3472 4649 pra:
3503 4596 3571 4636 se
3599 4583 3698 4638 fert

2097 4682 2186 4723 res
2213 4667 2413 4723 alienas
2451 4667 2739 4738 usurpandi
2771 4669 3113 4739 cupiditatem
3143 4688 3158 4726 :
3189 4685 3363 4741 neque
3403 4684 3698 4743 propterea

2097 4759 2240 4831 quod
2287 4759 2398 4830 ipsa
2443 4759 2767 4830 splendidior
2802 4771 2915 4828 est,
2959 4770 3127 4818 totum
3170 4778 3434 4834 occupare
3475 4774 3698 4838 tempus

2098 4861 2342 4920 conatur,
2365 4851 2458 4907 sed
2484 4851 2685 4909 recedit
2707 4870 2719 4906 :
2742 4853 3039 4925 eodemque
3065 4854 3224 4910 modo
3244 4870 3428 4912 rursus
3452 4872 3573 4914 nox
3607 4875 3698 4917 suc

2098 4940 2341 5001 confecto
2364 4958 2519 4999 cursu
2543 4943 2645 4999 diei
2669 4944 2810 4999 cedit
2834 4963 2847 4999 :
2872 4953 2926 5001 et
2950 4945 3051 5001 hoc
3071 4961 3167 5017 per
3193 4955 3269 5002 tot
3291 4962 3460 5003 annos
3492 4947 3698 5007 factum

2100 5045 2202 5103 est,
2230 5052 2330 5093 nec
2355 5037 2458 5091 nlla
2488 5037 2728 5093 confusio
2755 5037 2841 5093 vel
2874 5039 3197 5108 perturbatio
3231 5040 3339 5096 visa
3369 5051 3472 5107 est,
3509 5051 3577 5097 et
3611 5059 3698 5100 net

2101 5128 2199 5184 ista
2228 5127 2370 5182 illam
2398 5127 2555 5197 ejecit
2578 5169 2593 5195 ,
2626 5144 2799 5199 neque
2839 5129 2925 5184 illa
2968 5128 3105 5185 hanc
3146 5130 3440 5198 fraudavit;
3478 5141 3697 5191 ιωηειη

2102 5219 2429 5291 splendidior
2458 5237 2557 5275 una
2580 5261 2593 5283 ,
2631 5230 2685 5275 et
2722 5220 3000 5277 obscurior
3024 5232 3105 5278 est
3138 5223 3304 5279 altera
3334 5241 3348 5276 :
3380 5239 3585 5281 rursus
3619 5244 3698 5281 res

2101 5323 2245 5367 ctum
2273 5310 2512 5367 ordinem
2545 5312 2767 5368 miratus
2806 5328 2910 5369 non
2956 5314 3064 5371 Deo
3090 5314 3313 5384 gloriam
3344 5325 3397 5370 et
3428 5315 3697 5373 honoren

2102 5403 2331 5463 olleres?
2354 5404 2419 5458 Et
2441 5403 2883 5473 qnemadmodmn
2910 5422 3123 5463 sorores
3143 5406 3260 5462 dua:
3280 5407 3556 5465 benevole
3582 5427 3698 5482 erg;

2102 5510 2162 5550 se
2186 5493 2411 5549 invicem
2440 5494 2672 5561 affectae,
2702 5503 2975 5565 paternam
3017 5498 3362 5554 hereditatem
3392 5497 3443 5552 in
3482 5499 3634 5556 libra
3664 5519 3697 5555 e

2102 5586 2312 5642 hilanoe
2341 5585 2674 5655 partiuntur,
2702 5594 2759 5642 et
2785 5604 2854 5644 ne
2889 5589 3107 5644 minima
3134 5590 3348 5662 quidem
3381 5605 3442 5645 re
3470 5592 3597 5648 ulla
3632 5595 3697 5649 ali

2106 5690 2217 5734 tera
2243 5677 2467 5733 alteram
2499 5675 2741 5734 fraudat:
2767 5680 2847 5736 sic
2872 5680 3121 5739 nimirum
3148 5692 3203 5739 et
3228 5697 3331 5739 uox
3356 5691 3408 5740 et
3433 5682 3574 5744 dies
3603 5699 3698 5742 ton

2107 5779 2345 5841 tempore
2374 5768 2513 5824 inter
2535 5784 2593 5825 se
2619 5768 2811 5838 diviso,
2836 5771 2965 5829 dum
2991 5789 3058 5831 nc
3085 5775 3301 5833 minima
3330 5774 3565 5835 cuidem
3601 5781 3697 5850 ciu
