3696 6278
347 282 447 337 HS

338 395 537 466 ἑτέραν
566 394 882 450 πλεονεκτεῖ
902 411 916 427 ο
950 394 1092 447 οὕτω
1133 394 1197 465 δὴ
1230 395 1324 449 καὶ
1368 395 1463 462 νὺξ
1493 396 1586 450 καὶ
1622 396 1802 468 ἡμέρα
1827 397 1917 450 τὸν

338 479 530 549 χρόνον
592 477 809 531 ἅπαντα
862 476 1187 547 διελόμεναι,
1245 476 1514 547 τοσαύτην
1572 477 1918 549 διατηροῦσιν

340 563 582 630 ἰσότητα,
616 561 736 614 οὐδὲ
763 561 823 613 τὸ
856 560 1015 630 τυχὸν
1041 560 1278 630 ἀλλήλας
1318 559 1757 624 πλεονεκτοῦσαι,
1790 561 1922 632 ὅσην

340 650 457 700 ἴστε
490 647 578 700 διὰ
608 646 705 715 τῆς
737 646 934 715 πείρας
960 645 1129 715 αὐτῆς
1166 644 1447 715 μαθόντες.
1477 644 1850 698 Ἀκουέτωσαν
1871 647 1920 698 οί

339 728 680 789 πλεονέκται,
716 729 809 781 καὶ
838 729 963 791 τοὺς
991 728 1250 796 ἀδελφοὺς
1278 727 1636 796 ἐξωθούμενοι
1659 726 1753 780 τοῦ
1786 727 1921 797 κλή-

341 828 463 881 ρου·
510 810 866 864 αίδείσθωσαν
894 809 1002 863 τῶν
1033 811 1236 879 καιρῶν
1277 809 1374 880 τὴν
1408 810 1683 875 εὐταξίαν,
1730 811 1923 873 νυκτὸς

339 895 432 947 καὶ
461 893 671 965 ἡμέρας
696 894 795 963 τὴν
831 894 1240 962 ἰσηγορίαν,καὶ
1279 892 1696 946 καταλυέτωσαν
1718 892 1779 945 τὸ
1803 894 1923 946 ἐαυ·

335 978 446 1030 τῶν
472 977 703 1045 νόσημα.
737 975 893 1029 Οὕτω
916 975 1093 1028 τοίνυν
1122 975 1333 1044 Ἡμέρα
1364 975 1437 1044 τῇ
1474 975 1663 1045 ἡμέρᾳ
1689 976 1921 1047 ἐρεύγε-

336 1079 430 1113 ται
462 1059 648 1129 ρῆμα,
682 1059 782 1112 καί
814 1058 929 1121 νὺξ
970 1059 1143 1112 νυκτί
1178 1058 1535 1128 ἀναγγέλλει
1576 1058 1822 1126 γνῶσιν,
1858 1060 1917 1113 οὐ

337 1144 521 1214 φωνὴν
551 1144 820 1211 ἀφιεῖσαι,
853 1141 989 1195 άλλά
1016 1140 1102 1194 διὰ
1128 1142 1231 1210 τῆς
1250 1141 1523 1206 εὐταξίας,
1546 1143 1639 1195 καὶ
1666 1140 1759 1195 τοῦ
1792 1142 1920 1213 ῥυθ-

339 1227 465 1297 μοῦ,
491 1227 584 1279 καὶ
619 1226 719 1294 τῆς
750 1225 1015 1295 ἰσότητος,
1052 1225 1145 1278 καὶ
1163 1224 1272 1277 τῶν
1301 1225 1795 1297 άπαρεμποδίστων
1825 1225 1920 1294 μέ-

333 1328 499 1382 τρων,
538 1309 839 1376 σάλπιγγος
889 1308 1266 1378 λαμπρότερον
1298 1308 1389 1360 τὸν
1405 1308 1743 1378 Δημιουργὸν
1789 1309 1920 1361 ἀνα-

334 1394 722 1465 κηρύττουσαι,
763 1393 861 1445 οὐκ
891 1393 949 1444 ὲν
980 1393 1078 1462 μιᾷ
1110 1394 1209 1460 τῆς
1230 1391 1553 1462 οἰκουμένης
1585 1389 1778 1461 γωνίᾳ,
1803 1390 1917 1444 ἀλλ’

333 1480 466 1549 ὅσην
488 1479 516 1529 ὁ
538 1477 688 1548 ἥλιος
714 1476 887 1545 ἐφορᾷ
922 1476 1045 1545 γῆν.
1077 1467 1246 1527 Αὐται
1276 1474 1383 1543 γὰρ
1418 1475 1472 1527 αί
1504 1474 1680 1541 φωναὶ
1713 1489 1921 1527 πανταο

334 1562 429 1632 χοῦ
469 1562 567 1631 τῆς
611 1560 937 1629 οἰκουμένης
978 1559 1258 1629 φέρονται,
1317 1556 1504 1626 ἐπειδὴ
1562 1557 1836 1627 πανταχοῦ
1889 1558 1919 1610 6

333 1645 584 1715 οὐρανὸς,
609 1643 702 1697 καὶ
727 1640 999 1712 πανταχοῦ
1026 1640 1227 1712 ἡμέρα,
1254 1640 1348 1694 καὶ
1382 1639 1659 1710 πανταχοῦ
1685 1640 1802 1705 νὺξ,
1824 1641 1918 1695 καὶ

333 1728 430 1799 τὴν
460 1724 813 1780 διδασκαλίαν
856 1725 1039 1777 αὐτῶν
1074 1724 1375 1777 ὲκτείνουσι
1401 1723 1495 1775 καὶ
1533 1724 1589 1775 ὲν
1618 1725 1710 1792 γῇ,
1740 1724 1832 1775 καὶ
1859 1724 1916 1775 ἐν

333 1811 591 1881 θαλάττῃ.
636 1808 736 1860 Διά
779 1808 938 1860 τοῦτο
976 1809 1004 1860 6
1037 1810 1332 1877 Προφήτης
1375 1807 1477 1859 οὐκ
1519 1802 1670 1858 εἶπεν
1708 1806 1913 1871 ἁπλῶς,

331 1895 413 1947 ὅτι
452 1894 502 1946 οί
541 1892 763 1964 οὐρανοὶ
812 1890 1137 1959 φθέγγονται
1178 1889 1334 1954 δόξαν
1371 1889 1528 1955 Θεοῦ,
1586 1890 1741 1956 ἀλλὰ,
1782 1894 1915 1960 Διη-

330 1976 596 2044 τοῦνται,
632 1974 898 2035 τουτέστι,
935 1973 1028 2026 καὶ
1058 1972 1278 2043 ἐτέρους
1303 1973 1640 2035 παιδεύουσι,
1674 1974 1769 2027 καὶ
1808 1990 1913 2044 μα-

331 2060 499 2130 Οητάς
533 2058 717 2129 έχουσι
754 2058 815 2110 τὸ
853 2057 962 2111 τῶν
989 2056 1293 2128 ἀνθρώπων
1315 2056 1491 2125 γένος,
1524 2057 1618 2109 καὶ
1655 2056 1913 2111 διδασκαο

332 2142 472 2195 λεῖον
528 2143 784 2211 μέγιστον
836 2142 917 2202 είς
964 2140 1027 2192 τὸ
1094 2139 1260 2209 μέσον
1306 2140 1414 2192 εἰσὶ
1461 2139 1911 2210 προϐαλλόμενοι,

331 2226 452 2278 ἀντὶ
487 2224 726 2293 βιϐλίων,
766 2224 860 2277 καὶ
895 2224 1260 2293 γραμμάτων,
1304 2224 1405 2292 τῆς
1455 2222 1661 2287 οἰκείας
1696 2222 1915 2292 φύσεως

331 2309 392 2362 τὸ
415 2308 607 2371 κάλλος
635 2307 728 2360 καὶ
775 2305 1031 2369 ἰδιώταις,
1077 2305 1171 2358 καὶ
1223 2306 1426 2374 σοφοῖς,
1466 2306 1558 2357 καὶ
1592 2307 1726 2358 πᾶσι
1767 2322 1912 2375 παρ-

333 2392 551 2462 έχοντες
607 2390 839 2454 ἐπιέναι,
874 2388 1123 2459 καθάπερ
1147 2391 1205 2441 ἐν
1235 2387 1424 2458 βιϐλίῳ
1457 2389 1556 2458 τὴν
1588 2389 1911 2459 ἐγκειμένην

331 2474 514 2535 αὐτοῖς
547 2473 673 2542 περὶ
702 2472 798 2537 τῆς
824 2471 916 2523 τοῦ
941 2469 1076 2523 Θεοῦ
1110 2470 1301 2539 σοφίας
1325 2471 1419 2523 καὶ
1447 2470 1727 2541 δυνάμεως
1760 2471 1907 2525 διδα-

332 2556 578 2611 σκαλίαν.
612 2554 769 2608 Οῦτω
798 2554 892 2607 καὶ
919 2553 1196 2625 ἄνθρωποι
1229 2554 1349 2623 οὐχί¹
1372 2552 1748 2624 φθεγγόμενοι,
1773 2553 1910 2607 ἀλλά

330 2641 425 2695 καὶ
453 2639 713 2708 σιγῶντες
733 2637 799 2691 δι’
831 2637 1033 2706 ἐτέρων
1065 2636 1346 2703 δοξάζουσι
1378 2636 1468 2690 τὸν
1495 2636 1627 2689 Θεόν
1648 2652 1660 2665 ⁸
1708 2636 1788 2689 διὸ
1814 2636 1909 2691 καὶ

328 2725 357 2777 6
383 2722 615 2794 Χριστὸς
656 2721 829 2790 ἐλεγεσ
866 2718 1169 2790 Λαμψάτω
1215 2719 1282 2773 τὸ
1328 2718 1454 2789 φῶς
1488 2718 1656 2789 ὑμῶν
1686 2719 1905 2789 ἐμπρο-

327 2811 480 2862 σθεν
522 2804 639 2860 τῶν
685 2802 1029 2873 ἀνθρώπων,
1076 2802 1235 2869 ὅπως
1262 2802 1432 2857 ἴδωσι
1459 2802 1533 2856 τὰ
1571 2803 1727 2856 καλὰ
1764 2803 1910 2873 ἔργα

328 2889 516 2959 ὑμῶν,
552 2887 651 2942 καί
701 2885 1014 2951 δοξάσωσι
1059 2887 1167 2939 τὸν
1213 2887 1445 2954 Πατέρα
1474 2884 1660 2954 ὑμῶν,
1691 2885 1798 2940 τὸν
1838 2886 1909 2941 ἐν

327 2973 454 3040 τοῖς
476 2970 776 3040 οὐρανοῖς.
800 2970 1010 3040 Ὥσπερ
1038 2964 1130 3023 οὖν
1160 2985 1244 3031 τις
1288 2969 1429 3039 ὁρῶν
1456 2968 1569 3039 βίον
1601 2968 1904 3040 λάμποντα,

328 3058 422 3111 καὶ
463 3055 725 3123 σιγῶντος
757 3052 851 3107 τοῦ
885 3052 1149 3123 βιοῦντος,
1185 3052 1341 3119 δόξαν
1380 3052 1639 3124 ἀναφέρει
1661 3053 1741 3123 τῷ
1765 3052 1902 3124 Θεῷ·

327 3139 473 3194 οὕτω
496 3138 560 3208 δὴ
595 3140 690 3191 καὶ
730 3136 793 3189 τὸ
825 3135 1021 3199 κάλλος
1066 3136 1207 3207 ὀρῶν
1250 3134 1343 3188 τοῦ
1396 3134 1648 3205 οὐρανοῦ,
1694 3136 1906 3203 δοξάζει

326 3222 418 3275 τὸν
454 3222 777 3291 ποιήσαντα.
824 3218 924 3273 Διά
963 3217 1121 3272 τοῦτο
1153 3219 1364 3287 ἐλεγενο
1410 3222 1475 3272 Οἱ
1505 3219 1748 3287 οὐρανοὶ
1780 3219 1907 3289 διη-

327 3304 571 3373 γοῦνται
617 3302 807 3368 δόξαν
840 3302 1008 3369 Θεοῦ,
1038 3302 1125 3356 διὰ
1165 3301 1274 3355 τῶν
1315 3301 1541 3355 θεατῶν·
1587 3302 1795 3372 Ἡμέρα
1831 3302 1907 3372 τῇ

326 3388 519 3458 ἡμέρᾳ
543 3388 845 3456 ἐρεύγεται
876 3384 1061 3454 ῥῆμα,
1092 3388 1189 3439 καὶ
1210 3385 1326 3449 νὺξ
1354 3385 1525 3439 νυκτί
1548 3387 1907 3456 ἀναγγέλλει

328 3471 572 3541 γνῶσιν.
604 3469 864 3523 Γνῶσιν·
900 3470 1088 3534 ποίαν;
1119 3470 1229 3540 Τὴν
1256 3470 1384 3541 περί
1413 3469 1509 3522 τοῦ
1554 3471 1902 3540 ποιήσαντος,

329 3557 539 3624 Ὥσπερ
568 3554 675 3623 γὰρ
705 3555 737 3621 ἠ
778 3552 960 3622 ἡμέρα
984 3554 1063 3615 εἰς
1086 3553 1348 3621 ἐργασίαν
1373 3551 1557 3620 ἐξάγει
1579 3553 1670 3605 τὸν
1696 3554 1906 3623 ἀνθρω-

328 3628 449 3699 πον,
475 3635 648 3699 οὕτως
677 3637 710 3706 ἡ
740 3635 836 3699 νὺξ
870 3634 1241 3704 διαδεχομένη,
1274 3635 1381 3687 ἀπὸ
1412 3635 1518 3688 τῶν
1544 3636 1751 3706 μυρίων
1771 3638 1903 3690 ἀνα-

329 3721 490 3790 παύει
521 3718 755 3790 μόχθων,
793 3718 887 3771 καὶ
926 3716 1034 3769 τῶν
1091 3716 1388 3787 φροντίδων
1417 3718 1629 3785 ἀφίησι,
1678 3719 1773 3771 καὶ
1805 3719 1904 3772 κάς

330 3788 564 3875 μνουσαν
583 3803 680 3875 τὴν
703 3802 873 3872 κόρην
900 3800 1240 3871 κοιμίζουσα,
1259 3800 1352 3853 καὶ
1377 3799 1445 3853 τά
1465 3800 1710 3872 βλέφαρα
1734 3818 1903 3856 κατα-

328 3887 641 3949 στέλλουσα,
697 3883 1024 3956 ἀκμαζούσῃ
1078 3886 1144 3953 τῇ
1203 3882 1427 3953 δυνάμει
1492 3882 1902 3955 παρασκευάζει

324 3970 423 4041 τὴν
460 3970 653 4022 ἀκτῖνα
704 3966 955 4037 δέχεσθαι
991 3966 1173 4020 πάλιν.
1199 3965 1363 4019 Ὥστε
1414 3966 1508 4019 καὶ
1556 3968 1759 4035 ταύτης
1802 3967 1903 4020 οὐκ

324 4056 504 4124 ὀλίγον
535 4055 595 4108 τὸ
640 4054 932 4124 χρήσιμον,
965 4052 1101 4105 ἀλλά
1134 4052 1229 4105 καὶ
1275 4050 1480 4121 σφόδρα
1512 4051 1667 4106 πολύ.
1699 4052 1760 4104 Εἰ
1790 4049 1900 4121 γὰρ

327 4141 402 4211 μὴ
432 4138 719 4192 διανέπαυε
749 4135 839 4190 τὸν
866 4134 1149 4206 ἄνθρωπον
1180 4133 1287 4188 ἀπὸ
1313 4134 1421 4187 τῶν
1447 4137 1656 4205 μυρίων
1684 4133 1899 4205 μόχθων

324 4221 717 4291 ὑποδεχομένη,
750 4219 903 4281 οὐδὲν
935 4218 1126 4289 ὄφελος
1152 4214 1219 4289 ἦν
1244 4218 1345 4288 τῆς
1384 4218 1597 4290 ἡμέρας
1626 4219 1706 4282 εἰς
1733 4218 1898 4288 ἔργα..

326 4306 446 4362 σίαν
462 4306 622 4358 αὐτὸν
647 4303 1067 4373 είσαγαγούσης·
1101 4303 1200 4372 τῆς
1224 4301 1332 4371 γὰρ
1356 4301 1567 4371 φύσεως
1588 4304 1899 4373 ἀπαγορευ-

322 4388 488 4458 ούσης
511 4386 587 4457 τῷ
616 4385 851 4456 διηνεκεῖ
899 4384 1065 4454 πόνῳ,
1098 4384 1361 4455 διεφθάρη
1392 4384 1480 4448 ἂν,
1521 4384 1617 4437 καὶ
1648 4384 1894 4438 ἀπώλετο

322 4472 383 4525 τὸ
415 4470 571 4536 ζῶον,
598 4469 692 4523 καὶ
722 4468 872 4522 οὐδὲν
902 4466 1050 4537 αὐτῷ
1080 4468 1241 4519 πλέον
1276 4469 1342 4520 ἐκ
1383 4467 1482 4537 τῆς
1514 4468 1732 4531 ἀκτῖνος
1768 4470 1892 4537 ἐγέ-

321 4572 462 4608 νετο.
492 4555 557 4607 Ἥ
585 4554 762 4607 τοίνυν
794 4550 1019 4605 ποιοῦσα
1045 4550 1143 4621 τὴν
1177 4550 1388 4621 ἡμέραν
1409 4551 1679 4622 χρήσιμον
1697 4549 1774 4621 τῷ
1798 4553 1893 4604 ἀν-

323 4637 545 4707 θρώπῳ,
568 4635 709 4706 αῦτη
740 4634 974 4705 μάλιστά
1000 4635 1145 4687 ἐστιν
1177 4635 1209 4703 ἡ
1238 4632 1327 4686 διά
1353 4632 1452 4703 τῆς
1484 4633 1690 4697 οἰκείας
1713 4632 1894 4687 διακο-

320 4721 437 4783 νίας
467 4720 556 4772 τὸν
578 4717 920 4772 ἀπολαύοντα
945 4716 1042 4787 τῆς
1065 4716 1284 4787 χορείας
1308 4716 1479 4786 αὐτῆς
1510 4715 1644 4788 πρὸς
1674 4715 1772 4788 τὴν
1795 4715 1890 4771 τοῦ

318 4804 453 4858 Θεοῦ
483 4803 683 4873 γνῶσιν
719 4800 1151 4874 χειραγωγοῦσα.
1178 4800 1347 4854 Ὅταν
1383 4799 1491 4872 γάρ
1529 4801 1755 4874 ἐννοήσῃ
1786 4820 1889 4869 τις,

320 4888 482 4941 πόσον
518 4886 619 4957 μὲν
656 4885 715 4938 τὸ
748 4886 1015 4956 χρήσιμον
1043 4886 1142 4955 τῆς
1174 4883 1406 4956 ἡμέρας,
1437 4883 1600 4939 πόσον
1633 4884 1689 4937 δὲ
1709 4885 1769 4938 τὸ
1791 4886 1891 4957 τῆς

320 4969 471 5042 [149]
503 4969 715 5033 νυκτὸς,
739 4969 836 5021 καὶ
869 4970 987 5032 πῶς
1024 4969 1162 5038 αῦτη
1202 4969 1507 5040 διαδέχεται
1530 4969 1765 5039 ἐκείνην,
1795 4972 1891 5025 καὶ

317 5052 562 5116 ἐναλλάξ,
603 5051 789 5119 ῶσπερ
823 5050 880 5103 ἐν
913 5068 1018 5105 τινι
1057 5051 1221 5123 χορῷ,
1259 5052 1321 5105 τὸ
1359 5052 1514 5120 γένος
1548 5052 1706 5124 ήμῶν
1733 5054 1891 5124 ἀμοι-

314 5137 475 5190 ϐαδὸν
498 5135 871 5205 διαδεχόμεναι
896 5135 1231 5204 διατηροῦσι,
1263 5135 1367 5189 κᾶν
1395 5137 1649 5208 ἀπάντων
1674 5138 1887 5210 ἀνθρώ-

318 5238 434 5274 πων
467 5219 798 5288 νωθέστερος
836 5214 895 5292 ᾖ,
927 5218 1210 5289 δυνήσεται
1256 5219 1346 5273 τὸν
1386 5222 1584 5275 οἰκεῖον
1630 5221 1888 5293 λογισμὸν

313 5301 584 5357 ἀνακινῶν
609 5302 807 5355 εἰδέναι
834 5301 928 5355 τοῦ
961 5302 1341 5374 ἀριποτέχνου
1365 5302 1499 5357 Θεοῦ
1536 5304 1634 5373 τὴν
1672 5306 1883 5373 σοφίαν,

312 5390 378 5459 ἦν
406 5388 495 5442 διά
518 5387 619 5457 τῆς
637 5389 669 5457 ὴ
680 5386 849 5457 μέρας
869 5387 1079 5457 καὶτῆς
1098 5387 1287 5451 νυκτὸς
1308 5388 1637 5455 ἐπεδείξατο,
1671 5391 1886 5462 ἐκείνην

316 5474 413 5542 μὲν
443 5475 524 5536 εἰς
576 5470 859 5541 ἐργασίαν,
896 5469 1100 5541 ταύτην
1127 5470 1185 5523 δὲ
1225 5474 1305 5535 εἰς
1339 5473 1521 5527 ἄνεσιν
1559 5473 1666 5526 τῶν
1709 5475 1884 5529 πόνων

312 5555 708 5627 ἀποκληρώσας
742 5557 895 5625 ἡμῖν.

381 5648 449 5707 γ’.
477 5640 629 5694 Ἀλλά
645 5638 819 5693 ταῦτα
838 5640 936 5710 μὲν
958 5639 1022 5692 ὲκ
1040 5638 1147 5692 τῶν
1166 5641 1461 5711 προοιμίων
1480 5641 1693 5696 ἅπαντα
1708 5645 1881 5699 εἰπεῖν

312 5723 603 5793 ἐξέϐημεν·
637 5723 822 5793 ἐπειδὴ
850 5723 905 5776 δὲ
931 5723 1038 5777 τῶν
1079 5726 1316 5795 σήμερον
1348 5728 1477 5796 ἡμῖν
1502 5727 1876 5795 ἀναγνωσθέν-

313 5826 416 5863 των
444 5808 561 5862 τινὰ
593 5808 815 5873 πολλοὺς
840 5810 945 5864 τῶν
971 5811 1029 5863 οὐ
1057 5810 1428 5883 προσεχόντων
1456 5811 1581 5875 ἴσως
1613 5812 1871 5885 ἐθορύϐηο

1064 278 1120 335 S.
1156 274 1438 336 JOANNIS
1476 278 1960 337 CHRYSOSTOMI
1995 280 2314 340 ARCIIIEP.
2340 282 2884 344 CONSTANTINOP.

3498 289 3614 346 ιιο

2026 414 2110 458 σε,
2141 400 2234 451 καὶ
2252 399 2359 453 τῶν
2375 401 2616 472 ἀπείρως
2646 400 2866 471 Γραφάς
2887 398 3141 470 ἐχόντων,
3165 399 3297 471 φέρε
3318 400 3403 473 δὴ,
3432 403 3615 474 πολλῇ

2025 478 2090 546 τῇ
2125 476 2271 550 ῥύμῃ
2309 479 2443 550 πρὸς
2490 479 2663 532 ταῦτα
2707 481 3069 550 χωρήσωμεν.
3113 479 3448 554 Ἀνεγνώσθη
3504 484 3615 553 μὲν

2022 561 2132 630 γάρ
2160 562 2254 614 καὶ
2290 564 2323 632 ή
2371 562 2761 633 αἱμορροοῦσα,
2806 565 2838 633 ὴ
2877 565 2944 635 τῇ
2990 565 3102 635 ἀφῇ
3138 563 3238 629 τάς
3276 565 3461 635 πηγάς
3493 566 3615 618 τῶν

2023 642 2273 711 αἱμάτων
2303 647 2566 714 στήσασα,
2598 645 2689 698 καὶ
2721 648 2785 716 τῇ
2821 646 2919 717 τῆς
2956 647 3189 710 πίστεως
3222 646 3449 717 δυνάμει
3476 664 3615 701 τοσο

2017 725 2173 777 οῦτον
2217 726 2495 797 συλήσασα
2543 728 2849 800 θησαυρόνο
2906 731 3002 783 καὶ
3055 731 3163 802 γὰρ
3211 726 3279 802 ἦν
3324 731 3498 801 κλοπὴ
3540 732 3613 783 τὸ

2022 810 2341 880 γινόμενον·
2380 811 2518 864 ἀλλά
2556 814 2649 866 καὶ
2689 814 2862 884 κλοπὴ
2902 815 3282 884 εὐδοκιμοῦσα,
3325 816 3420 868 καὶ
3447 818 3480 886 ἡ
3508 834 3614 868 συο

2022 891 2234 963 λήσασα
2268 894 2407 964 μετά
2436 896 2525 948 τὸν
2552 896 2769 966 ἔλεγχον
2801 898 3190 968 ἐπαινουμένη.
3228 898 3400 961 Αὐτὸς
3434 898 3545 969 γάρ
3578 900 3613 951 6

2024 975 2276 1046 συληθείς
2304 978 2509 1048 Ἰησοῦς
2536 980 2898 1050 ἀνακηρύττει
2920 980 2979 1033 τὸ
3001 981 3241 1049 γύναιον.
3262 982 3608 1052 Ἀνεγνώσθη

2022 1061 2116 1113 καὶ
2144 1061 2211 1114 τά
2242 1062 2515 1133 στίγματα
2541 1063 2779 1124 Παύλου,
2808 1064 2878 1117 τὰ
2896 1065 3205 1136 τραύματα.
3238 1066 3308 1120 τά
3327 1067 3612 1139 δεσμωτή-

2024 1159 2138 1213 ρια,
2169 1145 2223 1196 αί
2249 1145 2563 1213 ἀπαγωγαὶ,
2595 1145 2665 1199 τά
2686 1148 2942 1216 ναυάγια,
2962 1148 3031 1201 τά
3052 1149 3245 1219 δεσμά,
3262 1151 3325 1205 ,αί
3357 1150 3608 1213 ἁλύσεις,

2022 1226 2078 1278 αί
2113 1227 2395 1282 ἐπιϐουλαὶ
2421 1231 2478 1282 αἱ
2509 1231 2747 1284 ποικίλαι
2781 1232 2872 1284 καὶ
2908 1232 3194 1302 διηνεκεῖς,
3219 1234 3268 1285 οἱ
3302 1233 3520 1288 θάνατοι
3552 1235 3609 1286 οί

2021 1309 2399 1382 καθημερινοὶ,
2429 1314 2457 1365 6
2484 1313 2660 1383 λιμὸς,
2706 1315 2768 1368 τὸ
2803 1315 2974 1384 δίψος,
3009 1319 3041 1386 ἡ
3072 1318 3367 1387 γυμνότης,
3410 1319 3443 1388 ὴ
3472 1319 3607 1372 ἐπι·

2023 1394 2335 1467 σύστασιςὴ
2364 1397 2702 1469 καθημέραν.
2743 1399 2901 1453 Ἀλλά
2922 1401 2974 1453 τί
3001 1400 3191 1467 πάθω;
3228 1402 3464 1472 Ἀνάγκη
3496 1420 3610 1470 φυ-

2020 1480 2136 1544 γεῖν
2159 1478 2327 1549 πολλῇ
2353 1483 2420 1551 τῇ
2455 1482 2774 1554 σφοδρότητι
2823 1485 3187 1554 χρησάμενον,
3237 1485 3312 1556 μὴ
3358 1486 3518 1539 πάλιν
3574 1487 3609 1538 6

2019 1559 2232 1623 Παῦλος
2277 1563 2589 1634 κατασχὼν,
2629 1566 2894 1640 ἀπαγάγῃ
2937 1567 3031 1619 τοῦ
3070 1568 3452 1638 προκειμένου.
3483 1567 3609 1620 Καὶ

2018 1644 2127 1714 γάρ
2168 1647 2304 1712 ἴστε,
2347 1647 2608 1712 πολλάκις
2647 1650 2873 1721 ἑτέρωθί
2914 1668 2980 1721 με
3028 1651 3314 1721 βαδίζοντα
3361 1653 3454 1706 καὶ
3503 1670 3605 1705 τε-

2018 1729 2331 1797 τραμμένον
2380 1733 2700 1803 ἀπαντήσας
2744 1736 2801 1787 ἐν
2848 1735 2999 1806 μέσῳ
3035 1734 3113 1805 τῷ
3162 1734 3303 1805 λόγῳ
3338 1736 3604 1806 κατέσχε,

2019 1811 2114 1862 καὶ
2147 1810 2320 1876 οὕτως
2356 1808 2519 1880 εἷλεν,
2554 1816 2630 1879 ὼς
2668 1817 2726 1869 ἐν
2766 1816 2915 1887 αὐτῷ
2948 1820 3135 1871 πεῖσαι
3170 1819 3467 1872 καταλῦσαι
3501 1820 3605 1872 τὸν

2015 1892 2193 1962 λόγον.
2227 1896 2322 1948 ”Ιν’
2354 1893 2447 1950 οῦν
2483 1897 2557 1969 μὴ
2588 1898 2681 1952 καὶ
2710 1901 2949 1971 σήμερον
2972 1900 3133 1954 τοῦτο
3166 1902 3449 1973 πάθωμεν,
3489 1920 3606 1955 κα-

2017 1976 2193 2047 θάπερ
2216 1978 2433 2048 χαλινὸν
2458 1981 2636 2034 ἐκεῖσε
2673 1983 2958 2054 φερομένῳ
2985 1993 3012 2022 ι
3048 1984 3125 2054 τῷ
3147 1983 3289 2055 λόγῳ
3315 1985 3453 2055 μετά
3473 1987 3608 2039 πολ-

2014 2061 2113 2129 λῆς
2139 2062 2239 2132 τῆς
2275 2064 2633 2135 σφοδρότητος
2666 2066 3013 2135 ἐμϐαλόντες,
3038 2068 3212 2132 οὕτως
3238 2069 3399 2122 αὐτὸν
3428 2070 3604 2124 ἐλκύ-

2017 2162 2217 2214 σωμεν,
2252 2148 2345 2199 καὶ
2391 2148 2484 2201 ἐπὶ
2533 2147 2632 2218 τὴν
2667 2150 3014 2221 προφητικὴν
3062 2152 3363 2223 ἀγάγωμεν
3409 2154 3597 2225 ῥῆσιν.

2016 2228 2111 2291 Τίς
2144 2225 2235 2282 οὖν
2264 2231 2408 2283 ἐστιν
2437 2232 2470 2301 ἡ
2507 2231 2693 2303 ρἧις;
2735 2232 2875 2302 Ἐγὼ
2906 2235 3138 2301 Κύριος,
3169 2238 3349 2305 φησὶν,
3382 2241 3413 2291 ό
3460 2254 3606 2293 ποι-

2013 2311 2175 2377 ήσας
2208 2310 2334 2381 φῶς
2370 2314 2467 2367 καί
2502 2318 2741 2382 σκότος,
2775 2320 2807 2371 ό
2838 2316 3027 2371 ποιῶν
3053 2318 3317 2387 είρήνην,
3350 2322 3446 2374 καὶ
3477 2324 3610 2376 κτί-

2014 2392 2125 2454 ζων
2148 2394 2321 2449 κακά.
2373 2398 2567 2469 Ὁρᾶτε
2607 2398 2683 2462 ὡς
2729 2401 2829 2453 οὐκ
2866 2402 2987 2471 εἰκῆ
3028 2402 3147 2454 οὐδὲ
3184 2403 3360 2473 μάτην
3408 2404 3500 2457 ἐπὶ
3534 2406 3606 2460 τὸ

2013 2478 2211 2549 χωρίον
2241 2479 2398 2533 τοῦτο
2436 2480 2529 2533 τὸν
2567 2482 2765 2552 δρόμον
2813 2484 3206 2555 ἐποιησάμεθα,
3246 2486 3381 2540 ἀλλά
3410 2489 3606 2542 πάντα

2011 2562 2079 2615 τά
2103 2562 2237 2615 ἄλλα
2266 2564 2721 2635 παρατρέχοντες,
2743 2566 2975 2620 ἐνταῦθα
3003 2568 3311 2639 ἀπαντῆσαι
3330 2572 3603 2626 ἐσπουδά-

2011 2645 2195 2715 ζομεν.
2231 2647 2341 2700 Καὶ
2371 2646 2479 2717 γὰρ
2513 2647 2679 2701 πολὺν
2698 2648 2775 2719 τῷ
2801 2650 2874 2719 μὴ
2903 2650 3219 2721 προσέχοντι
3250 2652 3339 2706 τὸν
3363 2652 3607 2723 θόρυϐον

2010 2731 2229 2800 ἐμποιεῖ
2258 2730 2319 2783 τὸ
2350 2732 2658 2802 εἰρημένον.
2686 2735 3015 2804 Διανάστητε
3040 2736 3234 2801 τοίνυν,
3257 2737 3350 2789 καὶ
3380 2740 3603 2791 συντεί-

2008 2830 2135 2866 νατε
2165 2812 2265 2884 τὴν
2295 2813 2483 2884 ἀκοὴν,
2510 2816 2603 2868 καὶ
2640 2817 2820 2869 πᾶσαν
2855 2816 3113 2888 βιωτικὴν
3142 2819 3398 2889 φροντίδα
3429 2821 3605 2874 ἐκϐα-

2008 2896 2210 2960 λόντες,
2241 2898 2534 2967 προσέχετε
2558 2900 2669 2962 τοῖς
2695 2898 3024 2969 λεγομένοις.
3058 2904 3167 2957 Καὶ
3191 2903 3300 2975 γὰρ
3325 2904 3603 2976 βούλομαι

2007 2978 2194 3033 τοῦτον
2222 2979 2315 3032 νῦν
2349 2981 2477 3051 ὑμῖν
2525 2981 2623 3052 τῆς
2662 2982 2893 3035 ἐνταῦθα
2936 2986 3235 3056 παρουσίας
3261 2988 3352 3042 τὸν
3395 2990 3601 3058 μισθὸν

2007 3062 2319 3125 ἀποδοῦναι,
2355 3066 2450 3117 καὶ
2477 3063 2586 3116 τῶν
2609 3066 2995 3134 πνευματικῶν
3023 3069 3307 3140 ἐμπλήσας
3350 3072 3597 3142 ἐδεσμά-

2006 3145 2135 3209 τῶν,
2164 3146 2337 3210 οὕτως
2380 3147 2680 3219 ἐκπέμψαι,
2711 3148 2851 3202 ὥστε
2875 3150 2970 3204 καὶ
3004 3153 3128 3216 τοὺς
3157 3154 3598 3223 ἀπολειφθέντας

2006 3229 2153 3301 ἔργῳ
2178 3230 2366 3301 μαθεῖν
2387 3231 2580 3304 ἡλίκην
2604 3232 2903 3302 ὑπέμειναν
2929 3234 3136 3305 ζημίαν
3154 3253 3166 3265 ⁸
3222 3236 3457 3291 εἴσονται
3500 3240 3595 3303 δὲ,

2005 3315 2053 3366 εἰ
2095 3314 2233 3384 μετά
2280 3316 2563 3387 ἀκριϐείας
2604 3316 2989 3389 ὑποδεξάμενοι
3036 3322 3106 3375 τά
3155 3322 3442 3394 λεγόμενα,
3489 3330 3601 3383 καὶ

2006 3397 2144 3467 πρὸς
2171 3397 2410 3464 ἐκείνους
2430 3399 2741 3454 διαϐιϐάσαι
2770 3402 3084 3474 δυνηθείητε
3111 3405 3160 3458 δ.
3192 3406 3339 3475 Ἐγὼ
3368 3406 3599 3478 Κύριος

2005 3482 2039 3532 ὁ
2065 3479 2230 3546 Θεὸς,
2278 3484 2312 3535 ὀ
2351 3482 2613 3550 ποιήσας
2645 3483 2772 3553 φῶς
2799 3485 2897 3539 καί
2947 3487 3188 3554 σκότος.
3224 3493 3257 3545 ὀ
3294 3492 3478 3545 ποιῶν
3501 3499 3599 3549 ει-

2000 3563 2228 3646 ρήνην,
2250 3566 2345 3618 καί
2373 3563 2579 3625 κτίζων
2597 3567 2773 3621 κακά.
2799 3568 3043 3638 Συνεχῶς
3058 3572 3191 3625 αὐτὸ
3212 3591 3277 3626 πε
3288 3577 3592 3646 ριστρέφω,

2006 3644 2146 3698 ὥστε
2180 3647 2461 3717 ἐντεθῆναι
2489 3648 2642 3718 ὐμῶν
2683 3652 2750 3721 τῇ
2779 3650 3007 3724 διανοίᾳ,
3036 3655 3129 3707 καὶ
3163 3657 3281 3709 τότε
3306 3644 3599 3728 τὴνίὶῦσιν

2004 3728 2324 3812 ἐπαγαγεῖν.
2349 3729 2483 3783 Οὐδὲ
2511 3730 2619 3803 γάρ
2648 3727 2803 3794 οὗτος
2835 3734 2994 3804 μόνος
3027 3736 3178 3809 [150]
3206 3738 3363 3793 τοῦτό
3391 3758 3592 3812 φησιν,

2001 3810 2137 3865 ἀλλά
2158 3813 2253 3867 καὶ
2273 3813 2456 3884 ἕτερος
2484 3817 2769 3887 προφήτης
2801 3819 3007 3889 συνῳδά
3043 3830 3065 3859 ε
3097 3810 3596 3894 ἀποφθεγγόμενος

2001 3894 2215 3963 ἔλεγενθ
2253 3899 2321 3949 Εί
2355 3896 2487 3949 ἔστι
2516 3900 2692 3952 κακία
2720 3899 2791 3953 ἐν
2835 3903 3031 3968 πόλει,
3080 3903 3161 3970 ἦν
3204 3907 3416 3973 Κύριος
3464 3911 3593 3963 οὐκ

1999 3978 2282 4045 ἐποίησε;
2316 3978 2380 4032 Τί
2409 3974 2500 4032 οὖν
2534 3983 2650 4033 ἐστι
2679 3982 2738 4034 τὺ
2764 3984 3084 4053 εἰρημένον;
3118 3988 3323 4042 ’Ἅπασι
3356 3989 3465 4060 γὰρ
3496 3992 3596 4046 δεῖ

2004 4062 2133 4130 μίαν
2172 4060 2323 4115 λύσιν
2348 4063 2669 4132 ἐπαγαγεῖν.
2694 4064 2788 4128 Τίς
2812 4062 2905 4121 οῦν
2931 4069 3076 4122 ἐστιν
3110 4071 3141 4141 ἡ
3175 4070 3356 4136 λύσις;
3392 4073 3453 4125 Εἰ
3478 4075 3592 4143 μάν

2002 4144 2191 4216 θοιμεν
2220 4146 2328 4199 τῶν
2353 4146 2551 4212 λέξεων
2582 4149 2788 4203 τούτων
2811 4151 2911 4222 τὴν
2936 4152 3182 4224 δύναμιν.
3220 4156 3380 4209 Ἀλλά
3408 4175 3593 4228 προσ-

1999 4229 2151 4300 έχετε
2184 4231 2321 4300 μετά
2345 4231 2627 4302 ἀκριϐείας
2648 4246 2663 4262 ⁸
2692 4234 2751 4286 οὐ
2784 4235 2893 4306 γάρ
2923 4236 3047 4306 εἰκῆ
3078 4238 3195 4291 οὐδὲ
3218 4239 3395 4311 μάτην
3447 4259 3590 4296 συν-

1998 4313 2139 4383 εχῶς
2155 4312 2313 4367 τοῦτο
2341 4315 2469 4385 ὑμῖν
2495 4316 2962 4388 παραγγέλλομεν,
2994 4320 3109 4374 ἀλλ’
3141 4322 3326 4395 ἐπειδὴ
3354 4325 3486 4394 πρὸς
3516 4326 3591 4380 τὸ

2000 4395 2160 4465 βάθος
2190 4396 2296 4450 τῶν
2320 4397 2607 4468 νοημάτων
2627 4399 2809 4455 λοιπὸν
2837 4403 3145 4475 χωροῦμεν.
3177 4405 3297 4458 Τῶν
3322 4410 3590 4478 πραγμά-

1997 4495 2105 4532 των
2133 4479 2200 4533 τά
2234 4480 2333 4550 μέν
2360 4483 2476 4534 ἐστι
2520 4482 2682 4547 καλά,
2721 4484 2790 4539 τά
2816 4485 2872 4538 δὲ
2902 4487 3068 4553 κακά,
3100 4487 3171 4542 τά
3194 4489 3251 4542 δὲ
3281 4491 3420 4560 μέσα
3443 4508 3455 4520 ⁸
3497 4488 3589 4549 ὧν

1997 4562 2113 4615 ἔνια
2147 4562 2360 4627 πολλοῖς
2390 4565 2489 4634 μὲν
2511 4562 2648 4620 εἶναι
2677 4568 2826 4622 δοκεῖ
2852 4572 3017 4636 κακά,
3051 4572 3151 4625 οὐκ
3183 4571 3299 4627 ἔστι
3331 4574 3411 4643 δὲ,
3434 4576 3588 4634 ἀλλὰ

1996 4645 2214 4714 λέγεται
2240 4648 2399 4718 μόνον
2420 4650 2512 4702 καὶ
2538 4651 2923 4707 ὑποπτεύεται.

2079 4731 2216 4784 Ἀλλ’
2242 4732 2328 4785 ἵνα
2358 4732 2690 4806 σαφέστερον
2720 4735 2748 4789 ὃ
2781 4736 2921 4805 λέγω
2953 4739 3185 4809 ποιήσω,
3211 4740 3341 4812 φέρε
3363 4744 3455 4795 καὶ
3477 4746 3588 4800 ἐπὶ

1995 4814 2454 4887 παραδειγμάτων
2501 4818 2592 4869 τὸν
2643 4817 2798 4888 λόγον
2846 4820 3231 4892 γυμνάσωμεν.
3285 4824 3347 4877 Ἡ
3408 4828 3587 4882 πενία

1991 4896 2139 4951 δοκεῖ
2174 4898 2273 4969 μὲν
2300 4899 2513 4964 πολλοῖς
2545 4898 2682 4956 εἶναι
2729 4903 2919 4970 κακὸν,
2958 4906 3057 4959 οὐκ
3087 4906 3201 4960 ἐστι
3240 4907 3331 4960 δέ’
3380 4910 3494 4962 ἀλλ’
3527 4915 3590 4968 εῖ

1991 4999 2071 5046 τις
2097 4983 2253 5053 νήφει
2282 4985 2373 5038 καὶ
2398 4985 2678 5054 φιλοσοφεῖ
2702 4986 2750 5050 ἀ,
2777 4989 2870 5041 καὶ
2897 4990 3081 5043 κακῶν
3110 4991 3470 5062 ἀναιρετικόν.
3511 4996 3583 5049 Ὀ

2052 5138 2077 5165 ⁸
2125 5137 2272 5207 ξενιι.
2318 5138 2467 5188 habet
2512 5141 2720 5207 καθάπερ
2758 5142 2948 5207 χαλινὸν
2999 5142 3153 5207 ἐκεῖσε
3203 5145 3469 5207 φερόμενον.
3527 5151 3586 5199 In

1988 5200 2206 5260 margine
2246 5208 2409 5275 ουιειη
2453 5204 2656 5257 notam,
2698 5200 3126 5275 iegquumiorlg
3158 5200 3271 5254 es'se'
3310 5200 3585 5275 φερομένῳ,

1986 5273 2158 5333 quqm‘
2189 5263 2518 5333 conjecturpm
2579 5263 2778 5333 seculqé
2840 5264 3018 5333 [fi-mito
3092 5263 3327 5333 Ducaus;
3363 5263 3585 5333 “$8.990ka

1985 5340 2052 5389 νῳ
2074 5325 2121 5369 in
2148 5326 2476 5389 lexlu_posuil
2501 5338 2512 5372 :
2536 5339 2630 5373 non
2666 5324 2796 5389 enim
2822 5325 2920 5375 alio
2962 5341 3079 5376 usus
3103 5324 3392 5389 exemplari;
3414 5324 3584 5383 εἴσει

1987 5371 2096 5455 9qu
2116 5371 2407 5433 aucloril'ale
2434 5371 2793 5456 τεξιίιυῖιίλά
2816 5371 3397 5497 ὖιίὶἶιέῖᾗῖἱῑῖἓέῖὅόῖοἶέ
3416 5371 3587 5446 133;;

1987 5457 2071 5493 rm
2095 5445 2235 5493 ﬁdem
2260 5446 2362 5495 haac
2383 5447 2579 5497 homilia
2608 5450 2657 5497 in
2680 5450 2905 5497 amnibus
2922 5451 3124 5497 editioni
3164 5465 3219 5497 us
3249 5451 3477 5497 habetur-6

1985 5444 2071 5493 rivi
2095 5445 2235 5493 ﬁdem
2260 5446 2362 5495 haac
2383 5447 2579 5497 homilia
2608 5450 2657 5497 in
2680 5450 2905 5498 omnibus
2922 5444 3219 5499 edifimiibus
3249 5451 3477 5503 habetur,

2048 5506 2074 5541 ιι
2096 5506 2244 5557 SaVil.
2272 5509 2588 5575 δυνηθείημεν,
2614 5517 2667 5558 el
2709 5512 2757 5559 in
2799 5524 2956 5574 marg.
2985 5513 3269 5575 δυνηθείητε,
3291 5526 3436 5575 quam
3458 5529 3589 5567 con-

2506 5572 2681 5621 "ronto.

2050 5634 2077 5700 ’ί
2101 5630 2249 5679 Savil.
2285 5630 2570 5700 _O;UV(_p3sITm
2609 5641 2661 5682 ei
2694 5635 2745 5682 in
2768 5648 2918 5700 marg:
2960 5636 3145 5687 indicat
3173 5638 3436 5700 legendum
3461 5657 3585 5688 συν-

1983 5693 2100 5753 ῳδά,
2120 5706 2261 5751 quam
2285 5693 2544 5742 let-tionem
2562 5701 2763 5744 secutus
2786 5704 2858 5743 es!
2874 5693 3079 5745 ‘Frorilo.

2041 5753 2065 5825 ξι
2230 5757 2601 5806 rescribendum
2627 5758 2742 5819 fuit;
2785 5760 3045 5823 legebatur
3077 5763 3212 5822 νήφοι
3248 5763 3328 5808 καί
3377 5764 3585 5825 φιλοοοιι

2044 5835 2075 5863 ι.
2131 5831 2247 5865 ·οιτ.

1984 5832 2075 5879 φει.
2109 5831 2247 5867 non.

1978 5569 2216 5631 jeclurram
2239 5573 2461 5631 sequitur
