3696 6278
95 321 163 374 llS
710 312 774 366 1N
818 311 1018 366 ILLUD
1059 310 1275 377 lS.-\l.-E,
1321 310 1455 365 EGO
1501 308 1796 363 DOMINUS
1836 311 2013 366 DEUS
2055 311 2207 367 FECl
2247 313 2506 383 LUMEN,
2540 313 2690 370 ETC.

91 421 202 482 prie
222 423 282 461 se
307 407 548 461 invicem
576 404 842 469 fraudant,
868 414 1067 458 tantam
1090 405 1446 474 aequalitatem
1473 403 1657 457 obser-

90 513 206 564 ιηιι,
234 508 503 569 quantam
534 514 632 552 usu
664 509 716 552 et
753 497 1082 566 experientia
1113 497 1395 550 didicistis.
1431 496 1659 549 Audiant

83 595 211 655 :t'ari,
237 602 290 646 et
318 593 413 660 qui
449 591 748 645 hereditate
775 589 1004 658 spoliant
1029 589 1217 642 fratres
1243 607 1255 642 :
1287 599 1488 643 rectum
1516 588 1659 642 ordi-

83 705 170 738 mu
198 693 514 752 temporum
546 692 910 746 revereantur,
938 697 1000 735 ac
1025 682 1194 736 noctis
1221 691 1271 734 et
1303 681 1404 734 diei
1435 695 1660 734 concor-

80 782 185 830 éiata
206 814 225 840 ,
253 785 308 829 et
349 791 518 829 suum
565 776 747 828 vitium
778 773 1062 842 corrigant.
1096 773 1184 827 Sic
1228 773 1384 840 igitur
1416 772 1533 825 Dies
1559 772 1659 824 diei

79 872 240 922 tabum
272 877 503 928 eructtzt,
535 878 583 920 et
613 868 870 920 scientiam
899 865 1032 918 nocti
1062 881 1164 917 nox
1191 865 1400 930 indicat,
1432 880 1536 918 non
1566 882 1658 916 vo-

78 971 162 1008 mu
186 955 497 1016 mittentes,
529 953 625 1007 sed
653 952 780 1006 dum
812 961 956 1005 recto
980 965 1080 1004 suo
1107 949 1315 1012 ordine,
1349 965 1411 1002 ac
1439 950 1656 1017 disposi-

79 1061 204 1106 tr-ne,
236 1055 291 1098 et
322 1044 721 1114 mquabilitate,
754 1059 816 1097 ac
841 1057 1086 1097 mensura
1116 1042 1182 1094 ab
1211 1042 1352 1095 omni
1384 1041 1656 1095 obstaculo

83 1154 223 1198 uera,
256 1137 390 1189 tuba
427 1137 631 1190 clarius
663 1134 951 1204 prtedicant
974 1132 1301 1193 Creatorem,
1333 1148 1437 1185 non
1469 1133 1519 1184 in
1551 1147 1655 1184 uno

81 1245 300 1283 terarum
331 1230 494 1282 orbis
521 1229 742 1297 angulo,
770 1228 863 1282 sed
892 1227 944 1280 in
967 1226 1235 1290 omnibus,
1264 1241 1398 1296 quas
1419 1227 1497 1280 sol
1524 1227 1657 1294 aspi-

81 1334 147 1383 ;.t,
187 1322 539 1388 regionibus.
583 1320 677 1374 Hae
721 1319 982 1388 siquidem
1026 1332 1184 1372 voces
1221 1333 1314 1385 per
1351 1318 1652 1372 universum

78 1414 292 1468 :s-nndum
329 1413 613 1478 feruntur,
642 1411 1069 1482 quandoquidem
1100 1411 1294 1480 ubique
1323 1409 1509 1464 caelum
1536 1418 1650 1474 est,

75 1507 226 1575 suique
252 1505 419 1569 dies,
456 1506 663 1574 ubique
706 1519 812 1558 nox
837 1544 852 1569 ,
889 1518 1145 1571 suamque
1173 1503 1469 1556 doctrinam
1510 1511 1564 1556 et
1603 1503 1652 1555 in

73 1613 174 1650 terra
210 1596 505 1664 explicant
551 1605 605 1650 et
649 1596 700 1649 in
742 1595 894 1649 mari.
926 1593 1180 1661 Quocirca
1223 1609 1326 1647 non
1358 1593 1490 1646 dixit
1529 1607 1652 1661 pro-

73 1691 190 1756 ;heta
229 1689 608 1757 simpliciter,
641 1687 767 1742 Caeli
804 1687 1092 1756 loquuntur
1123 1687 1342 1754 gloriam
1376 1686 1496 1749 Dei,
1525 1684 1650 1751 sed,

70 1781 314 1844 Εηωταηι,
349 1779 464 1834 hoc
489 1792 596 1845 est,
629 1779 760 1832 alios
785 1779 942 1833 etiam
976 1779 1265 1842 instruunt,
1295 1792 1357 1831 ac
1384 1793 1478 1846 pro
1503 1776 1656 1830 disci-

68 1874 170 1942 pulis
195 1872 414 1927 habent
442 1874 757 1926 universum
784 1888 953 1942 genus
983 1874 1290 1934 humanum,
1319 1880 1373 1926 et
1401 1874 1451 1924 in
1482 1871 1654 1925 medio

68 1966 304 2032 [seposita
341 1965 593 2017 maxima
620 1963 824 2028 schola,
853 1963 1106 2018 librorum
1131 1979 1193 2018 ac
1223 1965 1490 2017 literarum
1514 1961 1650 2027 loco,

68 2076 232 2112 natura:
278 2074 404 2112 sua:
454 2058 914 2128 pulchritudinem
954 2057 1164 2120 idiotis,
1208 2057 1569 2126 sapientibus,
1601 2064 1654 2109 et

67 2153 281 2206 omnibus
311 2150 811 2221 contemplandam
838 2149 1098 2218 praebeat,
1129 2160 1182 2204 et
1209 2161 1473 2220 tamquam
1506 2150 1558 2203 in
1588 2149 1653 2203 li-

65 2249 136 2300 l-ro
162 2246 505 2299 insidentem
545 2245 673 2313 ipsis
698 2244 766 2298 de
797 2243 890 2300 Dei
927 2244 1185 2313 sapientia
1225 2258 1288 2299 ac
1328 2244 1527 2299 virtute
1553 2244 1654 2298 do-

65 2342 280 2393 ttrinam.
316 2338 422 2393 Sic
461 2338 632 2392 etiam
673 2337 917 2391 homines
955 2351 1062 2391 non
1107 2336 1416 2406 loquentes,
1447 2336 1541 2391 sed
1570 2337 1655 2391 vel

66 2444 273 2488 tacentes
304 2447 414 2501 per
439 2431 585 2484 alios
618 2430 782 2483 Deum
821 2428 1121 2498 glorificant
1146 2445 1160 2489 ;
1192 2429 1417 2497 ideoque
1447 2427 1656 2483 dicebat

67 2528 276 2579 Christus
308 2541 324 2578 ε
361 2521 574 2576 Luceat
621 2522 712 2574 lux
745 2531 909 2574 vestra
946 2536 1118 2574 coram
1148 2520 1464 2584 hominibus,
1496 2530 1549 2572 ut
1580 2521 1654 2572 vi-

69 2623 182 2670 deant
210 2633 380 2684 opera
408 2624 584 2668 vestra
610 2614 760 2679 bona,
793 2623 840 2666 et
867 2613 1148 2682 gloriﬁcent
1191 2611 1393 2666 Patrem
1421 2622 1654 2676 vestrum,

69 2715 124 2776 ai
147 2714 194 2762 in
221 2711 372 2763 cretis
402 2719 480 2761 cst
515 2707 732 2775 (Matth.
762 2707 815 2761 5.
845 2707 958 2774 16).
1002 2706 1069 2762 Ut
1097 2706 1259 2775 igitur
1285 2722 1405 2761 cum
1437 2708 1556 2776 quis
1583 2707 1660 2760 vi-

72 2818 147 2855 l-ln
178 2804 467 2856 lucentem
503 2799 671 2863 videt,
703 2799 860 2854 etiam
893 2799 985 2852 illo
1016 2809 1223 2854 tacente
1248 2801 1337 2869 qui
1371 2799 1516 2859 vivit.
1544 2799 1658 2869 glo-

73 2911 170 2947 rem
192 2905 248 2948 et
274 2892 512 2948 laudem
541 2891 699 2945 offert
724 2891 834 2946 Deo
857 2907 868 2941 :
894 2890 972 2946 sic
999 2891 1250 2944 nimirum
1277 2899 1332 2944 et
1359 2891 1405 2946 is
1431 2891 1520 2960 qui
1541 2891 1657 2944 οωιί

75 2985 514 3053 pulchritudinem
548 2983 813 3043 intuetur,
841 2979 1102 3049 glorificat
1126 2978 1491 3036 Conditorem.
1531 2981 1660 3035 Pro-

75 3090 218 3142 pterea
248 3075 488 3130 dicebat
519 3072 686 3130 :Cteli
709 3082 948 3126 enarrant
985 3073 1201 3142 gloriam
1243 3072 1367 3139 Dei,
1409 3088 1504 3142 per
1531 3087 1658 3142 spe-

74 3181 306 3234 ctatores;
341 3167 480 3222 Dies
513 3167 618 3219 diei
649 3175 837 3219 eructat
870 3164 1086 3230 verbum,
1115 3175 1162 3219 et
1187 3182 1290 3218 nox
1314 3166 1448 3219 nocti
1470 3166 1658 3220 indicat

73 3265 300 3317 tristitiam
339 3260 534 3332 (Psal.
570 3260 658 3314 l8.
687 3260 762 3328 2).
799 3258 1074 3313 Scientiam
1098 3275 1116 3322 ;
1142 3260 1469 3328 quamnam?
1507 3259 1658 3314 Illam

77 3361 296 3410 nimirum
325 3356 403 3409 de
432 3353 746 3409 Conditore.
781 3350 847 3407 Ut
879 3350 1019 3405 enim
1047 3349 1163 3405 dies
1197 3350 1263 3404 ad
1293 3351 1657 3420 operationem

81 3451 322 3503 nominem
357 3446 573 3510 educit,
609 3445 679 3498 ita
713 3442 1006 3498 succedens
1036 3457 1140 3496 nox
1170 3442 1238 3496 ab
1268 3442 1557 3497 innumeris
1584 3442 1658 3497 illi

81 3542 288 3610 requiem
333 3539 432 3594 dat
476 3537 784 3602 laboribus,
821 3541 970 3595 curis
988 3553 1115 3594 eum
1137 3537 1300 3604 levat,
1328 3535 1515 3590 oculos
1540 3534 1660 3590 fati-
1693 3525 1697 3528 ’

82 3644 261 3686 κειιιες
289 3630 556 3698 εοηεονίι
577 3671 592 3694 ,
626 3629 904 3698 palpebras
935 3628 1270 3697 comprimit,
1305 3629 1571 3697 efficitque
1605 3638 1662 3683 ut

84 3725 368 3777 retanratis
397 3722 607 3777 viribus
633 3721 811 3776 radios
838 3720 970 3776 solis
994 3734 1180 3774 rursus
1203 3719 1458 3789 excipiat.
1484 3721 1662 3790 Itaque

83 3833 159 3868 sua
182 3816 382 3884 exigua
417 3814 576 3884 hujus
603 3828 816 3883 quoque
842 3822 924 3868 est
951 3813 1149 3866 utilitas
1171 3852 1188 3879 ,
1219 3812 1328 3866 imo
1355 3812 1516 3866 etiam
1546 3828 1660 3866 ma-

79 3923 177 3974 gna.
211 3909 323 3962 Nisi
355 3908 505 3962 enim
545 3905 844 3960 succedens
879 3904 1179 3960 innumeris
1204 3919 1234 3957 a
1261 3902 1533 3959 laboribus
1561 3905 1662 3959 ho-

79 4002 188 4055 uziui
220 4001 469 4070 requiem
498 3999 728 4068 aliquam
755 3999 926 4062 daret,
956 3997 1084 4052 nihil
1114 3997 1230 4052 dies
1257 3997 1330 4052 illi
1361 3997 1660 4067 prodesset,

77 4110 179 4158 quae
202 4092 273 4146 ad
300 4092 672 4160 operationem
707 4091 856 4144 illum
887 4089 1070 4144 eduxit
1098 4107 1110 4143 :
1137 4089 1335 4160 quippe
1362 4099 1550 4145 natura
1577 4089 1664 4145 de-

81 4185 297 4248 ficiente,
330 4183 578 4236 laborum
603 4182 953 4237 continuitate
978 4181 1279 4236 confectum
1306 4182 1500 4236 animal
1526 4182 1665 4238 istud

79 4278 286 4344 periret,
322 4290 427 4330 nec
452 4276 612 4328 ullam
638 4275 684 4330 ei
714 4274 848 4329 lucis
873 4289 1032 4330 usura
1057 4273 1491 4330 commoditatem
1512 4274 1668 4330 all‘er-

79 4379 165 4423 ττι.
198 4368 276 4423 Ea
301 4369 470 4438 igitur
499 4375 581 4421 est
608 4370 925 4436 praisertim,
949 4381 1067 4436 quae
1094 4365 1233 4421 diem
1257 4365 1457 4421 homini
1483 4367 1666 4422 utilem

78 4461 273 4522 reddit,
304 4475 430 4530 qua:
461 4459 760 4513 ministerio
793 4475 892 4514 suo
920 4459 988 4514 ad
1017 4461 1375 4530 cognitionem
1406 4461 1500 4517 Dei
1541 4476 1667 4531 pro-

81 4553 213 4606 vehit
251 4567 380 4606 eum
406 4593 420 4616 ,
449 4551 542 4621 qui
581 4552 776 4607 chorea
815 4552 982 4621 ipsius
1021 4553 1329 4622 perfruitur.
1361 4554 1494 4609 Cum
1524 4556 1666 4610 enim

81 4645 206 4710 apud
233 4660 289 4698 se
318 4643 670 4714 perpenderit
695 4644 978 4713 quiSpiam,
1005 4655 1201 4713 quanta
1222 4644 1328 4700 diei
1354 4645 1422 4699 sit
1447 4645 1667 4711 utilitas,

83 4749 268 4804 quanta
295 4739 477 4792 noctis
499 4778 516 4802 ,
545 4746 602 4792 et
629 4753 735 4806 quo
767 4747 922 4806 pacto
949 4736 1062 4820 hac
1093 4738 1166 4792 illi
1197 4739 1465 4804 succedit,
1497 4748 1550 4794 et
1575 4753 1668 4792 va-

83 4837 222 4888 riatis
248 4833 480 4896 vicibus,
504 4833 648 4887 velut
672 4833 726 4886 in
755 4831 924 4887 choro
948 4834 1219 4902 quopiam,
1249 4833 1548 4886 alternatim
1572 4832 1671 4887 sibi

83 4925 428 4980 succedentes
456 4935 697 4979 nostrum
724 4939 895 4995 genus
919 4933 1260 4988 conservant,
1291 4926 1532 4994 quamvis
1559 4941 1672 4978 om-

80 5023 220 5071 nium
255 5017 538 5072 hominum
567 5017 963 5086 stupidissimus
998 5016 1180 5084 fuerit,
1209 5021 1443 5072 excitata
1473 5031 1567 5072 sua
1596 5031 1675 5070 ra-

81 5113 224 5164 tione
261 5111 461 5164 summi
503 5109 708 5179 epilicis
747 5109 842 5164 Dei
885 5108 1200 5180 sapientiam
1244 5123 1405 5164 nosse
1442 5109 1671 5178 poterit,

81 5221 238 5270 quam
266 5220 367 5272 per
391 5201 534 5257 diem
561 5217 627 5257 ac
653 5211 866 5258 noctem
893 5201 1162 5267 ostendit,
1193 5203 1318 5255 dum
1349 5201 1491 5255 illam
1522 5199 1675 5255 nobis

82 5299 140 5352 ad
166 5295 578 5366 operationem,
608 5295 747 5352 hanc
783 5295 850 5351 ad
890 5295 1132 5352 laborum
1172 5295 1552 5350 relaxationem
1591 5301 1674 5346 at-

85 5393 283 5446 tribuit.

145 5483 204 5538 3.
241 5481 446 5536 Verum
473 5480 540 5535 ad
567 5479 680 5536 haec
711 5480 889 5535 omnia
925 5480 1149 5536 dicenda
1173 5479 1285 5550 jam
1316 5478 1440 5534 inde
1468 5478 1537 5533 ab
1557 5493 1677 5534 ora-

87 5578 239 5631 tionis
284 5576 516 5632 exordio
561 5575 782 5647 digressi
833 5591 1060 5630 sumus:
1093 5576 1345 5646 quoniam
1395 5582 1572 5628 autem
1612 5589 1675 5629 ex

88 5673 162 5726 liis
187 5687 312 5742 qua:
346 5669 611 5725 hodierno
638 5669 724 5725 die
752 5671 888 5726 lecta
917 5678 1060 5734 sunt,
1091 5670 1346 5724 nonnulla
1390 5669 1586 5725 multos
1612 5685 1678 5725 ex

88 5764 140 5818 iis
168 5766 259 5835 qui
290 5763 478 5818 minus
505 5762 737 5817 animum
764 5761 1041 5818 attendunt
1061 5761 1191 5818 forte
1214 5761 1674 5832 perturbaverunt,

3254 319 3356 375 146

1767 418 1966 474 eosque
1985 406 2074 475 qui
2097 407 2149 460 in
2164 405 2448 476 Scripturis
2467 425 2649 478 parum
2670 429 2688 461 \
2705 412 2861 467 ersati
2879 422 3031 465 sunt:
3051 425 3149 482 age
3167 426 3356 482 magna

1765 497 1925 551 animi
1957 503 2312 568 propensione
2336 518 2398 556 ac
2418 504 2592 557 studio
2614 504 2835 573 gradum
2859 505 2924 559 ad
2947 506 3045 560 ista
3076 505 3354 561 faciamus.

1765 587 1925 642 Lecta
1965 590 2108 644 enim
2140 603 2220 645 est
2261 594 2417 647 etiam
2450 597 2681 648 narratio
2698 595 2765 650 de
2795 596 3036 658 muliere,
3078 613 3195 666 qua:
3233 613 3354 651 san-

1765 679 1937 748 guinis
1967 679 2166 736 ﬂuxum
2213 684 2534 753 patiebatur,
2563 702 2788 756 quicque
2833 686 3032 740 fontem
3073 689 3345 757 sanguinis

1765 783 1910 827 tactu
1958 777 2232 844 repressit,
2278 793 2342 832 ac
2386 779 2506 833 fidei
2555 782 2745 834 virtute
2788 789 2991 833 tantum
3044 781 3350 833 thesaurum

1763 866 2064 934 deprcedata
2108 881 2188 923 est
2215 870 2425 940 (Matth.
2458 873 2510 926 9.
2539 871 2760 942 ’ΞΟ-29.)
2783 890 2794 926 :
2821 872 3020 926 furtum
3069 873 3208 926 enim
3259 874 3351 926 fuit

1764 958 1890 1012 illud
1932 959 2150 1026 factum,
2188 962 2281 1015 sed
2323 963 2478 1018 laude
2523 964 2762 1032 dignum,
2806 963 2974 1018 etuhi
3016 962 3350 1031 deprehensa

1763 1058 1842 1102 est
1863 1066 1980 1119 qua:
2004 1063 2269 1118 rapuerat,
2289 1055 2658 1109 commendata
2679 1065 2762 1109 est
2788 1071 2800 1107 :
2829 1055 3024 1124 quippe
3049 1053 3204 1108 Jesus
3223 1054 3359 1120 ipse.

1761 1142 1850 1210 qui
1882 1141 2076 1196 furtum
2102 1155 2434 1212 passuserat,
2452 1148 2812 1201 mulierculam
2831 1147 3166 1202 collaudavit.
3193 1148 3351 1200 Lecta

1760 1242 1886 1286 sunt
1924 1234 2082 1287 etiam
2128 1236 2373 1305 stigmata
2411 1237 2580 1303 Pauli,
2623 1238 2876 1303 vulnera,
2925 1253 3200 1301 carceres,
3250 1238 3346 1291 ab-

1761 1326 2041 1383 ductiones
2071 1330 2371 1398 adjudicia,
2403 1331 2696 1402 naufragia,
2739 1333 2970 1396 vincula,
3013 1342 3236 1397 catenae,
3271 1329 3350 1384 iu-

1761 1420 1908 1474 sidia:
1944 1421 2168 1477 diversa:
2196 1439 2260 1477 ac
2281 1424 2545 1478 continua:
2571 1466 2584 1488 ,
2618 1425 2940 1495 quotidianae
2997 1434 3221 1489 mortes,
3270 1427 3350 1478 la-

1761 1528 1908 1577 mcs,
1956 1514 2094 1578 sitis,
2114 1515 2342 1582 auditas,
2385 1517 2635 1571 instantia
2692 1516 3017 1587 quotidiana.
3058 1516 3162 1571 Sed
3223 1516 3348 1584 quid

1761 1603 1986 1659 faciam?
2010 1606 2198 1676 Magno
2237 1623 2356 1661 cum
2382 1608 2583 1678 impetu
2609 1623 2694 1662 me
2722 1607 3021 1677 proripiens
3050 1606 3175 1661 hinc
3199 1609 3351 1660 aufu-

1759 1699 1900 1768 giam
1924 1714 2142 1753 necesse
2163 1711 2265 1766 εει,
2291 1715 2356 1753 ne
2371 1716 2556 1755 rursus
2578 1717 2677 1755 nos
2697 1700 2940 1754 detinens
2962 1700 3155 1754 Paulus
3172 1714 3201 1752 a
3222 1715 3348 1767 pro-

1759 1791 1934 1861 posito
1957 1800 2271 1859 argumento
2291 1791 2538 1846 abducat.
2561 1791 2691 1846 Nam
2712 1802 2766 1844 ut
2787 1790 2952 1855 scitis,
2975 1804 3346 1860 saepenumero

1759 1882 1886 1936 alibi
1917 1897 2004 1936 me
2023 1881 2358 1938 incedentem
2380 1893 2434 1937 et
2453 1898 2768 1938 conversum
2791 1898 3078 1937 occurrens
3097 1882 3150 1936 in
3172 1881 3349 1935 medio

1760 1987 2007 2028 sermone
2039 1972 2289 2038 detinuit,
2308 1983 2360 2027 et
2388 1973 2459 2027 ita
2489 1973 2798 2043 cepit,utin
2823 1974 2936 2041 ipso
2965 1973 3116 2025 linire
3142 1985 3348 2024 sermo-

1760 2082 1881 2121 nem
1911 2066 2180 2121 suaderet.
2208 2066 2285 2120 Ne
2312 2066 2469 2136 igitur
2501 2066 2550 2120 id
2583 2067 2739 2120 hodie
2773 2081 2983 2135 quoque
3028 2064 3182 2120 nobis
3209 2063 3349 2118 acci-

1759 2159 1871 2226 dat,
1905 2168 2172 2229 tamquam
2207 2158 2467 2212 violenter
2511 2158 2708 2226 injecto
2751 2157 2902 2212 freno
2947 2157 3067 2210 illuc
3114 2154 3348 2209 tendenti

1760 2250 2011 2316 orationi,
2044 2250 2122 2304 sic
2172 2249 2314 2303 illam
2357 2249 2630 2303 trahemus
2659 2257 2712 2302 et
2737 2247 2804 2302 ad
2831 2248 2934 2301 hoc
2971 2245 3170 2301 dictum
3221 2261 3347 2314 pro-

1760 2343 2030 2413 pheticum
2061 2341 2399 2397 reducamus.
2430 2340 2706 2409 Quodnam
2744 2339 2902 2410 igitur
2929 2337 3055 2392 illud
3087 2347 3168 2392 est
3186 2339 3208 2389 ’ἶ
3237 2336 3350 2407 Ego

1764 2435 2031 2498 Dominus,
2060 2436 2247 2506 inquit,
2277 2435 2366 2504 qui
2390 2434 2488 2503 feci
2510 2433 2671 2488 lucem
2697 2446 2743 2487 et
2771 2433 3016 2499 tenebras,
3051 2435 3239 2503 faciens
3261 2449 3352 2501 pa-

1763 2546 1887 2594 cem,
1916 2537 1966 2583 et
1996 2545 2171 2582 creans
2201 2529 2337 2581 mala
2366 2526 2520 2597 (lsai.
2553 2527 2642 2581 45.
2672 2527 2752 2597 7).
2792 2525 2990 2581 Videtis
3016 2539 3119 2580 non
3151 2535 3352 2579 temere

1763 2637 1932 2691 neque
1951 2621 2142 2675 frustra
2162 2634 2260 2674 nos
2275 2619 2343 2674 ad
2359 2620 2500 2674 hunc
2519 2620 2693 2674 locum
2713 2617 3005 2672 inStituisse
3016 2632 3252 2680 cursum,
3268 2631 3356 2670 vc-

1762 2729 1881 2767 rum
1926 2712 2172 2767 omnibus
2213 2709 2586 2780 prmtermissis
2615 2708 2721 2763 huc
2749 2706 3027 2777 pervenire
3047 2705 3351 2761 studuisse?

1763 2805 1948 2874 Neque
1971 2805 2114 2858 enim
2145 2802 2469 2858 mediocrem
2499 2801 2548 2856 ei
2574 2800 2665 2868 qui
2687 2801 2864 2854 minus
2899 2806 3136 2855 attentus
3169 2797 3350 2864 fuerit,

1764 2898 2214 2968 perturbationem
2257 2895 2488 2950 afferunt
2526 2894 2646 2948 ista.
2677 2891 3035 2960 Quamobrem
3071 2888 3350 2956 attendite,

1763 3002 1966 3059 qttmso,
2008 2987 2265 3050 animum,
2309 2994 2364 3040 et
2393 2998 2550 3040 aures
2594 2983 2804 3054 erigite,
2835 2996 2899 3036 ac
2936 2979 3178 3036 saeculari
3206 2981 3350 3034 omni

1766 3084 1962 3152 rejecta
2003 3079 2393 3148 sollicitudine,
2429 3095 2546 3150 quae
2592 3078 2841 3134 dicuntur
2880 3076 3162 3132 advertite.
3205 3076 3354 3130 Hanc

1764 3178 1904 3232 enim
1927 3176 2038 3246 jam
2058 3171 2214 3226 vobis
2231 3171 2397 3242 cupio
2431 3171 2733 3227 mercedem
2763 3171 2927 3224 vestri
2967 3170 3070 3224 huc
3093 3168 3353 3222 adventus

1765 3268 2104 3336 persolvere,
2145 3280 2208 3319 ac
2252 3263 2614 3334 spiritualibus
2668 3269 3008 3317 exsaturatos
3055 3258 3249 3314 eduliis
3283 3259 3352 3313 ita

1765 3359 1982 3413 domum
2025 3372 2117 3411 vos
2146 3356 2436 3420 remittere,
2469 3365 2523 3407 ut
2550 3353 2637 3424 qui
2665 3353 2968 3420 obfuerunt,
2997 3349 3348 3422 quantamja-

1767 3461 1972 3504 cturam
2011 3446 2252 3509 fecerint,
2283 3446 2456 3515 reipsa
2484 3445 2691 3499 discant
2718 3461 2732 3497 :
2756 3444 2925 3499 scient
2954 3452 3130 3497 autem
3157 3442 3202 3497 si
3231 3457 3351 3495 cum

1768 3543 2061 3598 attentione
2101 3555 2221 3610 qua:
2259 3539 2498 3593 dicemus
2540 3537 2890 3607 exceperitis,
2935 3546 3092 3606 atque
3130 3533 3196 3589 ad
3234 3533 3357 3588 illos

1769 3633 2129 3688 transmittere
2169 3630 2468 3700 potueritis.
2518 3629 2628 3700 Ego
2671 3627 2918 3682 Dominus
2959 3626 3116 3692 Deus,
3145 3625 3232 3696 qui
3261 3625 3356 3696 feci

1769 3729 1932 3781 lucem
1958 3736 2004 3780 et
2029 3725 2276 3788 tenebras,
2307 3724 2497 3794 faciens
2524 3739 2722 3794 pacem,
2743 3732 2790 3776 et
2817 3738 2995 3776 creatis
3015 3722 3170 3774 mala.
3204 3718 3356 3774 Assi-

1768 3818 1872 3873 due
1915 3818 2114 3872 dictum
2159 3815 2298 3870 istud
2335 3824 2540 3884 repeto,
2571 3823 2628 3868 ut
2653 3814 2705 3868 in
2735 3815 2924 3869 vestris
2946 3812 3136 3866 animis
3159 3810 3357 3879 deﬁga-

1772 3921 1876 3975 tur,
1905 3923 1968 3962 ac
1991 3907 2184 3963 deinde
2218 3907 2415 3962 solutio
2455 3905 2789 3960 adhibeatur.
2837 3902 3021 3974 Neque
3058 3917 3183 3957 vero
3209 3901 3358 3956 solus

1773 4004 1875 4060 hoc
1899 4005 1999 4059 iste
2045 4003 2192 4068 dicit,
2224 4001 2316 4057 sed
2353 4013 2408 4056 et
2431 4001 2565 4054 alius
2602 3999 2891 4054 concinens
2933 3997 3057 4051 huic
3099 3994 3357 4066 propheta

1770 4097 2012 4152 dicebat:
2038 4096 2100 4150 Si
2119 4105 2188 4150 est
2214 4095 2408 4149 malitia
2433 4095 2483 4146 in
2506 4093 2722 4158 civitate,
2736 4107 2887 4159 quam
2911 4107 3010 4144 non
3036 4089 3154 4158 fecit
3184 4087 3360 4140 Domi-

1773 4208 1865 4244 nus
1895 4190 2090 4259 (Amos
2118 4190 2169 4244 5.
2203 4187 2446 4259 6)?Qnid
2501 4200 2630 4256 ergo
2677 4185 2776 4239 sibi
2820 4183 2932 4238 vult
2973 4181 3113 4252 quod
3157 4181 3355 4235 dictum

1773 4282 1889 4338 est?
1921 4279 2088 4337 Unam
2131 4279 2274 4334 enim
2317 4278 2564 4332 omnibus
2607 4285 2820 4345 Oportet
2858 4274 3175 4328 solutionem
3205 4272 3355 4324 adhi-

1773 4377 1919 4430 bere.
1966 4373 2221 4440 Qua-nam
2259 4372 2416 4442 igitur
2442 4379 2524 4426 est
2553 4368 2782 4424 solutio?
2827 4367 2883 4423 Si
2914 4368 3018 4422 vim
3066 4367 3357 4422 dictionum

1775 4469 1981 4523 illarum
2008 4466 2372 4522 didicerimus.
2389 4463 2587 4520 Verum
2612 4461 2870 4516 attendite
2897 4461 3177 4531 diligenter
3209 4478 3220 4512 :
3257 4475 3361 4513 non

1776 4561 1916 4615 enim
1950 4569 2152 4614 temere
2178 4572 2277 4612 nec
2305 4555 2497 4611 frustra
2523 4569 2618 4608 vos
2647 4553 2714 4608 ad
2740 4553 2842 4608 hoc
2882 4551 3094 4606 assidue
3119 4550 3361 4606 cohorta-

1776 4668 1918 4719 mur,
1944 4650 2038 4706 sed
2066 4650 2314 4720 quoniam
2348 4647 2458 4717 jam
2484 4646 2550 4701 ad
2586 4646 2858 4700 abstrusas
2904 4657 3202 4713 gravesque
3232 4657 3358 4698 sen-

1780 4745 1970 4799 tentias
2001 4743 2220 4813 gradum
2266 4740 2512 4795 facimus.
2543 4738 2742 4793 Rerum
2789 4737 2905 4790 alia:
2946 4735 3158 4806 quidem
3209 4734 3362 4789 bona:

1779 4845 1921 4900 sunt,
1944 4835 2061 4889 alia:
2091 4834 2268 4900 malm,
2300 4832 2419 4886 alite
2439 4830 2651 4897 mediae,
2680 4843 2900 4898 quarum
2932 4827 3197 4882 nonnulla:
3223 4828 3363 4881 mul-

1780 4929 1848 4982 tis
1885 4927 2046 4981 malte.
2063 4925 2330 4988 videntur,
2354 4924 2479 4979 licet
2519 4937 2626 4977 non
2673 4925 2800 4987 sint,
2829 4921 2923 4975 sed
2965 4921 3211 4975 dicuntur
3253 4930 3366 4975 tan-

1782 5030 1891 5076 tum
1913 5027 1968 5075 et
1991 5019 2377 5074 existimantur.

1857 5111 2138 5181 Paupertas
2181 5127 2282 5164 non
2318 5109 2475 5176 mala,
2517 5108 2705 5163 divitia:
2740 5125 2842 5162 non
2887 5107 3048 5162 bonae.
3086 5107 3284 5165 —Sed
3315 5119 3371 5165 ut

1781 5205 1923 5276 quod
1943 5220 1970 5259 a
1988 5220 2072 5258 me
2100 5203 2291 5258 dicitur
2318 5201 2600 5257 dilucidius
2631 5203 2741 5270 fiat,
2767 5218 2863 5273 age
2891 5203 3156 5258 firmatum
3184 5220 3368 5259 exem-

1785 5299 1886 5368 plis
1911 5312 2213 5352 sermonem
2246 5296 2604 5352 instituamus.
2637 5296 2928 5365 Paupertas
2956 5296 3137 5351 multis
3158 5297 3368 5366 quidem

1786 5393 1981 5448 malum
2025 5391 2256 5457 videtur,
2301 5405 2486 5445 verum
2537 5404 2644 5444 non
2673 5397 2793 5444 est:
2824 5389 2950 5458 quin
2995 5389 3154 5442 etiam
3179 5391 3222 5442 si
3253 5390 3373 5456 quis

1787 5483 2042 5554 providus
2062 5482 2133 5537 sit
2157 5492 2211 5537 et
2234 5481 2333 5535 sibi
2360 5490 2613 5547 attentus,
2646 5480 2782 5534 mala
2813 5479 3029 5534 tollendi
3055 5480 3160 5533 vim
3189 5480 3372 5538 habet.

1789 5576 1993 5630 Divitiae
2043 5587 2228 5628 rursus
2271 5575 2465 5627 bonum
2494 5572 2708 5641 quidem
2739 5571 2987 5625 videntur
3015 5585 3154 5636 esse,
3189 5579 3364 5625 tamen

1789 5669 2032 5723 absolute
2077 5667 2276 5723 bonum
2319 5665 2539 5720 minimc
2583 5671 2728 5728 sunt,
2776 5662 2878 5717 nisi
2923 5664 3046 5732 quis
3082 5673 3137 5716 ut
3163 5673 3373 5734 Oportet

1795 5762 1858 5818 iis
1886 5767 2082 5814 utatur.
2107 5758 2239 5813 Nam
2269 5757 2312 5812 si
2339 5756 2582 5812 absolute
2608 5755 2802 5811 bonum
2829 5763 3007 5810 essent
3036 5755 3253 5828 divitiae,
3275 5755 3369 5812 bo-
