3696 6278
338 304 440 360 ιιι

335 432 434 473 nos
459 430 581 473 esse
622 424 897 487 oporteret
922 417 1011 488 qui
1040 431 1132 473 eas
1161 414 1436 487 possident
1464 431 1477 469 :
1506 415 1589 469 sin
1614 420 1791 468 autem
1817 425 1924 465 non

334 524 525 564 omnes
580 508 775 565 divites
815 510 1011 565 virtute
1056 518 1180 565 sunt
1220 508 1425 579 praediti
1453 548 1468 573 ,
1510 507 1678 577 liquet
1714 504 1926 559 divitias

336 600 654 672 simpliciter
688 618 751 657 ac
780 618 880 674 per
912 617 972 658 se
999 602 1167 659 bonas
1206 618 1312 656 non
1337 616 1475 667 esse,
1518 614 1702 655 verum
1728 598 1779 652 in
1807 613 1923 652 me—

337 696 425 749 dio
470 695 695 766 positam
744 696 1019 751 materiam
1068 694 1355 767 quamdam
1402 708 1524 750 esse
1567 691 1799 747 virtutis.
1839 690 1928 745 Sic

337 796 516 843 autem
546 804 659 842 rem
682 787 941 857 expende.
973 788 1107 842 Sunt
1127 786 1183 842 in
1208 801 1435 857 corpore
1458 785 1764 855 qualitates,
1795 797 1926 853 quas

339 878 429 949 qui
458 878 660 935 habent
699 880 831 934 tales
855 880 921 933 ab
946 880 1010 933 iis
1040 879 1391 949 appellantur.
1424 875 1668 946 Exempli
1717 889 1876 929 causa
1909 891 1922 927 :

336 971 542 1025 candor
587 970 881 1026 substantia
923 986 1028 1025 non
1055 979 1157 1035 est,
1187 969 1280 1024 sed
1320 968 1566 1038 qualitas,
1597 975 1651 1020 et
1678 965 1927 1019 accidens

336 1061 478 1131 quod
521 1061 737 1116 advenit
759 1061 1100 1124 substantize;
1129 1075 1257 1131 ergo
1277 1060 1323 1115 si
1348 1059 1433 1114 cui
1464 1058 1782 1112 adnascatur
1802 1055 1923 1121 hoc,

340 1152 622 1207 candidum
668 1153 929 1222 ejusmodi
968 1152 1237 1208 hominem
1278 1152 1629 1221 appellamus.
1667 1150 1761 1203 Est
1785 1165 1926 1219 prae-

338 1253 485 1298 terea
516 1244 773 1314 agritudo
802 1255 857 1299 et
885 1245 996 1315 ipsa
1024 1245 1252 1315 qualitas
1293 1244 1535 1313 quaedam
1574 1251 1629 1298 et
1652 1242 1923 1308 accidens,

337 1354 400 1393 ac
426 1338 470 1391 si
496 1337 581 1392 cui
625 1337 892 1404 adveniat,
923 1338 1079 1393 talem
1109 1348 1369 1410 aagrotum
1411 1351 1684 1393 vocamus.
1713 1336 1770 1392 Si
1800 1351 1927 1406 ergo

336 1425 535 1482 divitia:
565 1429 733 1484 virtus
759 1441 959 1498 essent,
990 1446 1113 1486 cum
1147 1431 1235 1501 qui
1274 1430 1490 1485 divitias
1536 1427 1771 1499 possidet
1817 1430 1925 1483 vir-

341 1532 454 1579 tute
498 1526 775 1593 praulitum
827 1543 947 1583 esse
988 1537 1261 1598 oporteret
1288 1544 1352 1583 ac
1393 1528 1496 1583 dici
1531 1545 1546 1584 :
1578 1527 1717 1598 quod
1747 1528 1791 1581 si
1821 1541 1925 1582 non

341 1617 561 1671 omnino
603 1618 798 1673 virtute
841 1618 1096 1689 pra-«litus
1139 1630 1220 1674 est
1252 1620 1423 1687 dives,
1461 1635 1567 1675 non
1610 1618 1930 1688 simpliciter

343 1716 437 1760 aut
462 1708 629 1763 virtus
656 1720 746 1763 aut
775 1709 970 1764 bonum
1001 1721 1124 1765 sunt
1153 1710 1376 1778 divitiae,
1407 1711 1499 1765 sed
1532 1710 1582 1765 id
1615 1710 1748 1765 fiunt
1774 1720 1930 1780 prout

338 1797 560 1854 affectus
607 1800 762 1855 fuerit
805 1801 920 1870 ejus
968 1803 1180 1857 animus
1223 1803 1313 1872 qui
1361 1803 1441 1858 eis
1479 1803 1677 1857 utitur.
1726 1803 1930 1857 Rursus

339 1902 621 1962 paupertas
661 1893 705 1948 si
745 1895 940 1948 malmn
983 1905 1144 1960 esset,
1185 1910 1373 1951 onmes
1420 1895 1589 1966 quiin
1622 1903 1931 1964 paupertate

338 1986 556 2056 degunt,
601 1997 873 2055 oporteret
918 2002 1037 2043 esse
1063 1987 1235 2044 malos
1263 2006 1276 2043 :
1306 1989 1388 2044 sin
1414 1998 1591 2043 autem
1621 1987 1774 2043 multi
1802 2002 1929 2056 pau-

340 2092 498 2145 peres
551 2079 742 2133 czelum
792 2089 1160 2149 occuparunt,
1210 2095 1317 2135 non
1370 2089 1453 2136 est
1496 2080 1676 2151 utique
1729 2081 1926 2134 malum

338 2178 645 2239 paupertas.

409 2262 462 2315 4.
494 2261 630 2330 Quid
661 2266 800 2331 quod
836 2260 985 2317 multi
1016 2271 1235 2332 propter
1271 2269 1637 2333 paupertatem
1674 2262 1927 2331 blasphe-

339 2362 482 2406 mant
504 2355 529 2405 2’
564 2351 708 2408 dicet
750 2354 961 2424 aliquis.
1001 2352 1117 2408 Non
1146 2363 1365 2423 propter
1396 2361 1762 2423 paupertatem
1784 2394 1800 2419 ,
1833 2353 1926 2407 sed

341 2456 561 2517 propter
593 2446 852 2501 insaniam
881 2462 1031 2501 suam
1060 2455 1114 2502 et
1138 2446 1627 2518 pusillanimitatcm
1658 2446 1710 2500 id
1742 2455 1927 2517 agunt.

338 2538 514 2607 Atque
559 2537 659 2593 hoc
694 2555 758 2593 cx
804 2539 940 2593 beati
973 2538 1075 2593 .luh
1097 2538 1344 2608 exemplo
1371 2546 1555 2608 patet;
1590 2537 1679 2607 qui
1710 2552 1833 2592 eum
1862 2537 1929 2592 ad

340 2637 634 2682 extremam
667 2636 1035 2698 paupertatem
1067 2627 1313 2682 redactus
1339 2636 1521 2692 esset,
1559 2636 1613 2682 et
1642 2627 1707 2681 ad
1756 2626 1928 2697 ipsum

342 2719 669 2788 paupertatis
715 2718 1022 2773 barathrmn
1072 2716 1353 2773 devolutus
1382 2760 1396 2785 ,
1445 2732 1551 2771 non
1598 2717 1770 2773 solum
1823 2733 1929 2771 non

341 2809 749 2880 hlaSphemavit,
777 2809 871 2864 sed
903 2809 1067 2864 Deum
1097 2808 1412 2865 benedicere
1440 2823 1543 2864 non
1575 2809 1824 2876 cessavit,
1848 2808 1932 2863 his

343 2903 551 2959 verbis:
580 2901 825 2958 Dominus
837 2901 993 2968 dedit,
1018 2900 1262 2957 Dominus
1287 2901 1492 2955 abstulit
1516 2917 1535 2965 ;
1558 2900 1685 2956 sicut
1714 2899 1931 2955 Domino

341 2996 553 3067 placuit,
573 2996 642 3049 ita
663 3000 853 3067 factum
879 3004 951 3049 est
978 3010 996 3048 :
1019 2994 1083 3049 sit
1108 3011 1287 3048 nomen
1316 2980 1521 3048 Domini
1546 2993 1856 3048 benedictum
1878 2995 1931 3046 in

341 3088 531 3142 sarcula
561 3087 681 3155 (Job
712 3088 762 3142 1.
783 3084 901 3156 2l).
927 3087 996 3140 At
1019 3086 1159 3141 enim
1185 3085 1255 3141 ob
1274 3084 1658 3141 divitiasetiam
1683 3086 1830 3141 multi
1855 3102 1932 3141 ra-

342 3179 569 3249 piuntet
598 3180 768 3233 aliena
801 3178 1076 3243 invadunt,
1105 3178 1250 3234 dicet
1274 3178 1484 3247 aliquis.
1515 3178 1711 3234 Verum
1739 3178 1790 3234 id
1822 3194 1929 3235 non

339 3272 411 3327 ob
436 3270 647 3326 divitias
678 3271 734 3324 lit
758 3312 773 3337 ,
803 3269 896 3324 sed
926 3269 996 3324 ob
1026 3271 1264 3340 ipsorum
1293 3269 1605 3335 stultitiam;
1639 3278 1799 3340 atque
1826 3270 1928 3324 lut-

338 3364 426 3435 jus
453 3363 529 3420 rei
560 3364 712 3419 testis
740 3363 892 3419 nobis
916 3363 1019 3419 erit
1060 3363 1143 3417 hic
1173 3364 1286 3432 ipse
1309 3363 1409 3429 vir,
1438 3364 1524 3432 qui
1556 3378 1677 3418 cum
1709 3372 1786 3417 tot
1816 3364 1932 3434 opi-

340 3457 442 3511 bus
464 3456 779 3521 abundaret,
802 3472 904 3509 ιιοιι
933 3455 1092 3510 modo
1117 3471 1205 3510 res
1232 3455 1456 3509 aliorum
1482 3472 1585 3509 non
1615 3457 1806 3526 rapuit,
1835 3457 1930 3512 sed

338 3549 497 3602 etiam
522 3547 731 3617 propria
754 3545 1026 3616 erogabat,
1048 3554 1102 3601 et
1126 3546 1424 3616 peregrinis
1445 3554 1655 3615 portum
1686 3547 1926 3614 parabat,

340 3641 416 3695 sic
445 3639 663 3695 dicens:
688 3638 879 3693 Domus
909 3654 1018 3691 mea
1046 3638 1185 3691 omni
1212 3638 1473 3708 peregrino
1499 3638 1659 3707 patuit
1691 3638 1808 3711 (Job
1836 3638 1925 3693 3i.

338 3733 452 3804 52).
470 3732 733 3788 Abraham
757 3747 967 3802 quoque
987 3747 1105 3786 cum
1129 3739 1201 3786 tot
1225 3746 1354 3800 opes
1385 3732 1701 3800 possideret,
1718 3732 1769 3785 in
1796 3746 1929 3801 pra:-

339 3834 610 3881 tereuntes
646 3824 822 3879 omnia
851 3822 1218 3894 expendebat;
1258 3834 1313 3884 et
1361 3839 1531 3893 neque
1574 3825 1714 3880 hunc
1757 3840 1929 3896 neque

338 3919 489 3974 illum
510 3918 869 3974 fraudatorem
897 3925 989 3972 aut
1016 3932 1237 3972 avarum
1266 3917 1463 3972 divitia:
1485 3917 1849 3984 reddiderunt,
1871 3927 1929 3973 ut

337 4027 510 4082 neque
535 4010 900 4081 blasphemum
923 4018 1206 4080 paupertas
1231 4018 1323 4064 aut
1345 4010 1489 4064 illum
1519 4021 1611 4064 aut
1630 4010 1923 4067 Lazarum:

337 4103 437 4159 sed"
471 4118 593 4158 cum
634 4118 806 4174 neque
849 4102 1148 4158 necessaria
1187 4104 1398 4173 utrique
1443 4111 1790 4173 suppeterent
1827 4104 1931 4158 ali-

339 4205 540 4262 menta,
572 4196 650 4251 sic
678 4196 912 4251 illustres
943 4194 1178 4263 fuerunt,
1205 4203 1264 4249 ut
1291 4195 1426 4249 alter
1453 4196 1585 4261 Dei,
1619 4196 1707 4265 qui
1733 4210 1924 4251 arcana

337 4290 481 4343 clare
516 4288 1006 4347 novit,testimonio
1043 4286 1546 4342 commendaretur:
1580 4287 1712 4343 alter
1749 4296 1925 4343 autem

339 4382 408 4437 ab
434 4380 638 4451 angelis
676 4379 1113 4435 antecedentibus
1144 4379 1268 4433 hinc
1306 4378 1626 4445 auferretur,
1657 4391 1712 4434 et
1740 4388 1927 4435 contu-

340 4472 571 4540 bernalis
611 4470 764 4525 fieret
801 4469 1116 4540 patriarchae
1149 4511 1163 4536 ,
1201 4469 1497 4540 iisdemque
1538 4470 1693 4525 bonis
1733 4472 1927 4541 quibus

340 4563 429 4618 ille
456 4561 739 4617 frueretur.
767 4561 949 4630 Itaque
978 4560 1167 4615 mediae
1194 4575 1281 4616 res
1309 4570 1433 4614 sunt
1461 4561 1575 4615 ista:
1600 4601 1614 4627 ,
1642 4572 1926 4632 paupertas

339 4664 388 4711 et
419 4655 647 4720 divitiae,
673 4654 874 4710 sanitas
900 4663 955 4710 et
977 4654 1195 4709 morbus
1220 4695 1234 4721 ,
1263 4654 1369 4709 vita
1399 4664 1453 4709 et
1482 4668 1646 4718 mors,
1674 4655 1839 4725 gloria
1872 4664 1928 4711 et

338 4748 530 4813 honor,
560 4747 790 4802 servitus
816 4755 869 4801 et
895 4744 1112 4801 libertas
1133 4786 1146 4810 ,
1173 4754 1227 4801 et
1255 4760 1606 4816 quaecumque
1631 4753 1755 4801 sunt
1779 4745 1925 4817 ejus-

338 4839 481 4894 modi
507 4856 521 4905 ;
555 4854 660 4895 non
689 4839 831 4893 enim
858 4838 1035 4893 omnia
1065 4845 1191 4894 sunt
1218 4839 1576 4908 percurrenda
1596 4881 1612 4905 ,
1657 4855 1722 4894 ne
1763 4840 1928 4911 proli-

337 4936 456 4988 xior
486 4933 577 4989 fiat
603 4933 807 4996 oratio,
841 4931 934 4987 sed
965 4931 1117 4987 vobis
1143 4947 1213 4987 ex
1252 4932 1333 4987 his
1358 4932 1480 4987 data
1512 4933 1825 4997 occasione,
1857 4933 1924 4988 ad

335 5041 397 5078 ea
425 5041 545 5095 qua:
573 5039 672 5079 nos
698 5034 888 5094 urgent
911 5024 1130 5079 dicenda
1156 5024 1481 5095 pergendum
1511 5033 1612 5079 est.
1645 5023 1729 5078 Da
1758 5025 1923 5093 enim,

338 5118 530 5187 inquit,
561 5117 778 5187 sapienti
802 5117 1137 5184 occasionem,
1167 5127 1214 5171 et
1232 5118 1515 5188 sapientior
1539 5118 1632 5171 erit
1658 5117 1837 5189 (Prov.
1866 5118 1922 5175 9.

337 5206 430 5282 9).
462 5206 625 5278 Igitur
653 5223 740 5263 res
769 5207 960 5263 medite
992 5216 1116 5262 sunt
1153 5207 1266 5262 haec
1303 5208 1481 5263 omnia
1510 5226 1523 5262 :
1552 5208 1631 5262 sic
1668 5216 1726 5262 ut
1756 5208 1841 5263 his
1871 5210 1923 5264 in

335 5299 538 5356 bonum
568 5310 622 5356 et
650 5300 702 5355 in
735 5300 932 5354 malum
964 5300 1207 5355 homines
1235 5300 1313 5354 uti
1350 5299 1577 5370 possint.
1599 5300 1753 5367 Quod
1780 5300 1924 5356 enim

336 5391 422 5449 ha:
450 5409 537 5449 res
562 5396 670 5448 sint
694 5392 905 5459 mediae,
930 5403 989 5446 ut
1012 5391 1230 5457 divitia),
1258 5391 1493 5447 ostendit
1516 5391 1806 5455 Abraham,
1834 5392 1924 5462 qui

336 5491 397 5538 ut
417 5499 554 5555 opus
582 5488 704 5537 erat
723 5481 856 5552 ipsis
870 5488 1127 5537 estusus:
1161 5484 1394 5539 ostendit
1419 5493 1474 5540 et
1502 5483 1592 5540 ille
1619 5485 1707 5545 aui
1739 5484 1926 5539 Lazari

336 5574 469 5630 vixit
486 5584 645 5631 aetate
669 5576 839 5643 dives,
864 5574 953 5646 qui
984 5576 1036 5629 in
1066 5575 1257 5644 capitis
1280 5575 1362 5631 sui
1391 5575 1681 5646 perniciem
1705 5575 1926 5631 faculta-

336 5677 417 5722 tes
442 5669 721 5739 impendit.
747 5668 929 5740 Neque
959 5668 1153 5722 honum
1187 5668 1343 5739 igitur
1364 5668 1608 5725 absolute
1635 5678 1757 5723 sunt
1784 5668 1923 5723 divi-

339 5761 631 5836 tim,ucque
663 5762 883 5815 malum.
922 5759 976 5816 Si
1004 5761 1244 5816 ahsiwlute
1273 5760 1469 5817 bonum
1499 5771 1716 5830 essent,
1751 5775 1925 5833 neque

1121 302 1181 357 S.
1220 299 1500 358 JOANNIS
1536 297 2012 358 CHRYSOSTOMI
2051 286 2369 355 ARCHIEP.
2408 298 2943 357 CONSTANTINOP.

3516 307 3613 364 HS

2029 424 2121 465 res
2146 409 2355 478 mediae,
2374 410 2523 466 dives
2549 411 2641 468 ille
2660 412 2749 482 qui
2778 421 2933 469 artata
2958 413 3141 470 Lazari
3166 416 3314 480 vixit,
3339 424 3445 473 tam
3470 423 3608 489 grati

2031 500 2295 570 supplicio
2320 502 2539 572 punitus
2565 518 2670 557 non
2693 514 2835 559 esset
2863 521 2877 557 :
2907 503 2953 559 si
2978 505 3180 560 malum
3211 516 3426 577 essent,
3451 511 3609 564 Abra-

2031 590 2155 646 ham
2181 633 2195 658 ,
2221 591 2309 663 qui
2355 592 2504 647 dives
2541 592 2679 661 fuit,
2703 610 2809 649 non
2855 604 2963 650 tam
2992 596 3219 653 celebris
3260 598 3465 655 fuisset.
3490 600 3612 656 Tale

2031 683 2158 753 quid
2188 693 2269 739 est
2292 684 2452 739 etiam
2484 686 2718 741 morbus.
2751 685 2885 741 Nam
2907 687 2950 741 si
2975 688 3175 744 malum
3200 701 3344 745 esset
3375 691 3609 755 morbus,

2031 785 2305 846 Oporteret
2329 785 2380 832 et
2408 779 2608 833 malum
2632 794 2753 835 esse
2780 791 3060 852 aegrotum.
3096 783 3275 854 Itaque
3305 784 3614 842 Timotheus

2031 883 2245 938 quoque
2274 869 2444 924 malus
2470 885 2593 925 esse
2620 870 2931 938 debuisset,
2962 874 3053 944 qui
3088 876 3280 931 morbo
3304 878 3612 947 gravissimo

2027 959 2604 1016 conﬂictabatur.Vino
2630 964 2771 1017 enim
2801 964 2999 1018 modico
3024 975 3182 1030 utere,
3201 966 3392 1037 inquit,
3418 977 3612 1039 propter

2032 1052 2343 1106 stomachum
2366 1092 2383 1118 ,
2409 1063 2455 1107 et
2482 1055 2761 1124 frequentes
2787 1065 2898 1109 tuas
2923 1057 3246 1125 inﬁrmitates
3275 1060 3363 1129 (1.
3401 1059 3530 1114 Tim.
3561 1063 3608 1115 5.

2031 1142 2161 1213 23).
2190 1143 2341 1212 Quod
2367 1145 2410 1199 si
2439 1161 2543 1199 non
2571 1146 2731 1201 modo
2756 1148 2928 1202 malus
2953 1149 3151 1205 idcirco
3172 1166 3278 1205 non
3306 1151 3422 1216 fuit,
3446 1154 3538 1207 sed
3565 1166 3615 1208 et

2034 1236 2297 1292 mercedis
2326 1238 2508 1291 multa:
2532 1241 2893 1295 accessionem
2918 1244 3145 1312 accepit,
3177 1256 3232 1298 ut
3259 1247 3521 1316 patienter
3542 1250 3617 1302 iu-

2034 1329 2337 1385 lirmitatcm
2379 1330 2523 1384 illam
2565 1333 2725 1398 tulit,
2767 1334 3012 1389 morbum
3053 1336 3232 1406 utique
3273 1339 3467 1394 malum
3510 1356 3612 1395 ιιοιι

2032 1434 2151 1474 esse
2180 1422 2519 1478 manifestum
2559 1436 2660 1479 est.
2703 1427 2853 1482 Alius
2893 1444 3104 1499 quoque
3148 1432 3405 1501 prepheta
3450 1436 3617 1489 oculis

2032 1525 2290 1585 perpetuo
2336 1517 2655 1574 laborabat:
2690 1535 2789 1575 nec
2828 1530 3004 1577 tamen
3048 1536 3263 1593 propter
3308 1526 3409 1583 hoe
3448 1529 3617 1582 malus

2032 1615 2150 1661 erat
2174 1647 2188 1670 ,
2218 1607 2311 1662 sed
2342 1619 2396 1664 et
2425 1610 2777 1680 prophetahat
2798 1654 2812 1677 ,
2842 1622 2896 1667 et
2926 1612 3100 1668 futura
3133 1616 3459 1686 praevidebat
3483 1662 3497 1685 ,
3528 1636 3618 1674 ne-

2032 1712 2137 1767 que
2167 1698 2388 1755 morbus
2424 1700 2499 1755 illi
2536 1702 2749 1771 aliquod
2787 1702 2854 1758 ad
2899 1704 3147 1761 virtutem
3182 1708 3617 1778 impedimentum

2031 1790 2305 1846 afferebat.
2348 1794 2418 1847 At
2446 1809 2619 1863 neque
2643 1799 2841 1852 sanitas
2868 1797 3110 1854 absolute
3140 1800 3339 1856 bonum
3371 1813 3489 1869 est,
3522 1807 3618 1860 nisi

2032 1883 2151 1951 quis
2185 1897 2247 1937 ea
2276 1891 2334 1937 ut
2356 1894 2601 1953 oportet,
2636 1902 2741 1941 non
2771 1887 2838 1941 ad
2867 1887 3170 1958 improbum
3203 1890 3409 1949 facinus
3435 1896 3524 1951 vel
3556 1898 3618 1949 ait

2035 1973 2218 2028 inutile
2242 1974 2409 2028 otium
2437 1984 2617 2031 utatur
2647 1994 2661 2030 :
2695 1992 2870 2047 neque
2894 1980 3036 2034 enim
3063 1982 3289 2039 crimine
3318 1984 3419 2041 hoc
3447 1987 3621 2055 ipsum

2034 2075 2206 2119 vacat.
2236 2065 2493 2133 Quocirca
2530 2069 2727 2125 Paulus
2768 2071 2931 2127 etiam
2965 2072 3178 2129 dicebat
3212 2093 3225 2128 :
3270 2074 3334 2131 Si
3368 2078 3482 2147 quis
3523 2096 3623 2132 non

2034 2156 2137 2209 t‘ttll
2166 2159 2366 2226 aperari
2385 2201 2401 2224 ,
2433 2175 2523 2213 nec
2552 2161 2822 2216 manducet
2853 2161 2943 2232 (2.
2969 2162 3149 2220 Thess.
3179 2166 3234 2219 5.
3263 2167 3330 2222 10
3352 2168 3393 2237 ).
3424 2168 3624 2224 Verum

2033 2244 2150 2301 lucc
2177 2247 2349 2302 media
2374 2260 2498 2304 sunt
2522 2259 2578 2305 et
2597 2250 2968 2319 indill‘erentia,
2991 2263 3044 2309 et
3073 2269 3172 2325 pro
3201 2259 3404 2312 ratione
3430 2273 3622 2315 eorum

2034 2342 2121 2411 qui
2144 2342 2224 2397 eis
2251 2352 2470 2398 utuntur
2504 2345 2792 2415 aliquando
2820 2345 2923 2401 hoc
2944 2388 2960 2413 ,
2987 2348 3273 2418 aliquando
3303 2350 3429 2406 illud
3466 2351 3622 2407 lium.

2034 2434 2171 2502 Quid
2208 2451 2335 2491 vero
2372 2438 2564 2493 attinet
2605 2440 2888 2495 sanitatem
2928 2455 3355 2501 commemorare
3381 2461 3446 2500 ac
3476 2462 3600 2501 mor

2034 2524 2182 2594 bum,
2205 2526 2418 2583 divitias
2438 2537 2493 2583 et
2512 2537 2876 2599 paupertatem
2899 2531 2923 2583 ‘l
2950 2531 3062 2586 Hoc
3087 2530 3235 2586 enim
3256 2532 3460 2601 ipsum,
3483 2540 3628 2608 quod

2034 2618 2194 2687 vulgo
2225 2619 2484 2674 bonorum
2512 2620 2751 2674 omnium
2785 2631 2945 2691 caput
2972 2633 3245 2690 censetur,
3274 2634 3328 2678 et
3356 2627 3627 2682 malorum

2035 2709 2299 2779 colophon
2323 2721 2527 2777 ,mors,
2554 2713 2811 2783 inquam,
2839 2723 2894 2768 et
2935 2713 3078 2781 vita,
3125 2732 3299 2787 neque
3338 2729 3469 2774 sunt
3512 2719 3631 2774 haec

2034 2801 2298 2868 absolute,
2330 2804 2424 2859 sed
2448 2815 2503 2859 et
2530 2806 2644 2875 ipsa
2668 2805 2841 2861 media
2872 2817 3017 2875 sunt,
3047 2817 3103 2864 et
3129 2820 3288 2879 prout
3309 2827 3500 2867 eorum
3526 2813 3631 2869 fert

2034 2895 2245 2951 animus
2274 2937 2290 2962 ,
2319 2897 2411 2967 qui
2452 2898 2533 2953 eis
2575 2908 2831 2968 utuntur,
2877 2901 3135 2957 alterutra
3180 2903 3334 2959 fiunt.
3375 2905 3631 2979 Exempli

2034 3001 2195 3043 causa
2214 2991 2421 3046 bonum
2439 2998 2526 3045 est
2538 2987 2746 3056 vivere,
2784 2992 2829 3046 si
2854 2991 2976 3062 quis
2996 3006 3064 3047 eo
3086 3002 3147 3048 ut
3169 3004 3381 3065 oportet
3406 3007 3598 3054 utatur
3621 3021 3633 3053 :

2034 3093 2157 3135 cum
2180 3093 2312 3136 vero
2343 3080 2411 3136 ad
2438 3090 2655 3151 peccata
2682 3083 2768 3137 vel
2796 3082 3126 3154 iniquitates,
3155 3102 3261 3141 non
3287 3087 3394 3157 jam
3424 3090 3633 3145 bonum

2034 3180 2136 3239 est,
2164 3172 2260 3229 sed
2290 3173 2461 3228 multo
2488 3173 2679 3229 melius
2706 3172 2901 3242 fuerit,
2930 3185 2990 3231 ut
3013 3178 3101 3248 qui
3124 3178 3384 3247 ejusmodi
3406 3192 3494 3237 est
3516 3200 3637 3239 mo-

2033 3265 2222 3319 riatur.
2252 3263 2460 3321 Rursus
2489 3264 2617 3320 illud
2641 3305 2657 3332 ,
2688 3265 2829 3336 quod
2855 3265 3164 3338 fugiendum
3192 3271 3341 3326 multi
3371 3288 3630 3337 censent,

2034 3360 2311 3416 innumera
2358 3360 2512 3416 nobis
2550 3360 2689 3416 bona
2727 3363 3013 3429 conciliat,
3045 3363 3172 3419 dum
3212 3369 3636 3423 convenientem

2031 3466 2246 3507 causam
2275 3452 2466 3509 habeat
2489 3453 2813 3524 adjunctam.
2840 3458 3172 3526 Argumento
3191 3466 3313 3511 sunt
3332 3467 3635 3531 martyres.

2032 3546 2120 3616 qui
2144 3556 2361 3619 propter
2384 3555 2610 3603 mortem
2633 3550 2870 3604 omnium
2897 3559 3022 3604 sunt
3050 3549 3361 3606 felicissimi.
3391 3553 3587 3623 Propti
3616 3573 3640 3608 r

2033 3638 2135 3694 hoc
2162 3640 2410 3695 nimirum
2436 3640 2629 3696 Paulus
2650 3656 2755 3695 non
2778 3641 3095 3711 simpliciter
3121 3643 3298 3697 vivere
3325 3644 3379 3697 in
3402 3644 3640 3701 Christo

2031 3729 2312 3798 cupiebat,
2359 3731 2453 3786 sed
2490 3732 2739 3802 quoniam
2770 3731 2871 3787 hoc
2916 3732 2987 3787 illi
3026 3734 3204 3802 operis
3242 3731 3445 3789 fructus
3488 3750 3638 3791 erm.

2038 3821 2280 3878 «Etenim
2309 3822 2433 3893 quid
2460 3824 2672 3895 eligant,
2698 3843 2719 3877 ι
2747 3825 2935 3895 inquit,
2965 3843 2984 3878 ι
3012 3824 3234 3896 ignoro:
3262 3838 3518 3884 coarctor
3542 3845 3642 3883 an-

2034 3923 2145 3968 tem
2171 3928 2202 3968 e
2229 3913 2437 3969 duobus
2471 3932 2485 3967 :
2515 3914 2841 3971 desiderium
2880 3916 3021 3971 enim
3068 3916 3270 3973 habens
3308 3918 3545 3975 dissolvi
3588 3934 3648 3977 et

2032 4020 2151 4061 esse
2189 4022 2310 4061 cum
2346 4006 2602 4073 Christo;
2650 4008 2803 4064 valde
2844 4009 2983 4064 enim
3028 4009 3196 4065 multo
3221 4011 3451 4077 melius;
3508 4028 3641 4083 pcr-

2032 4113 2251 4154 manere
2296 4110 2474 4155 autem
2515 4100 2568 4154 in
2612 4115 2772 4157 carne
2814 4102 2980 4172 magis
3019 4104 3376 4159 necessarium
3406 4118 3651 4176 pmptcr

2031 4208 2127 4247 vos
2155 4213 2175 4246 ι
2201 4191 2424 4264 (Philip.
2449 4195 2500 4249 1.
2522 4192 2725 4265 22-24).
2754 4192 2835 4249 Ob
2859 4194 2960 4250 hoc
2984 4194 3155 4265 ipsum
3177 4210 3387 4266 queque
3407 4196 3647 4253 dicebat

2030 4286 2289 4356 propheta
2314 4328 2330 4354 ,
2374 4284 2608 4341 Pretiosa
2634 4286 2687 4340 in
2711 4296 2981 4355 conspectu
3017 4286 3225 4341 Domini
3255 4303 3389 4341 mors
3414 4300 3619 4344 sancto
3636 4325 3649 4331 ι

2030 4392 2144 4430 rum
2169 4378 2277 4448 ejus
2300 4376 2470 4447 (Psal.
2501 4376 2625 4432 115.
2662 4376 2767 4447 15)
2799 4394 2813 4430 :
2843 4393 2948 4431 non
2978 4377 3293 4448 simpliciter
3319 4392 3470 4433 mors
3490 4420 3507 4445 ,
3541 4384 3651 4436 sed

2031 4485 2179 4524 mors
2206 4469 2487 4540 ejusmodi.
2520 4469 2588 4524 Et
2624 4484 2809 4523 rursus
2848 4470 3041 4525 alicubi
3063 4510 3078 4535 ,
3123 4469 3269 4525 Mors
3299 4481 3655 4540 peccatorum

2032 4562 2251 4633 pessima
2277 4560 2296 4633 (
2322 4559 2465 4615 Psal.
2496 4561 2586 4616 5‘5.
2614 4560 2687 4614 22
2708 4561 2747 4632 ).
2782 4560 2940 4617 Vides
2987 4561 3088 4617 hoc
3131 4576 3341 4631 quoque
3385 4564 3655 4619 medium

2031 4669 2185 4720 esse,
2215 4670 2315 4709 nec
2345 4654 2588 4710 absolute
2629 4654 2830 4709 bonum
2858 4695 2874 4719 ,
2919 4668 3019 4709 nee
3059 4653 3185 4710 item
3223 4653 3479 4711 absolute
3519 4674 3655 4713 ma-

2031 4746 2161 4813 lum,
2185 4748 2285 4803 sed
2309 4762 2407 4818 pro
2432 4748 2636 4803 ratione
2662 4748 2824 4802 animi
2847 4757 2901 4803 et
2924 4747 3147 4803 allectus
3170 4764 3356 4804 eorum
3376 4763 3405 4802 a
3427 4753 3659 4820 quibus

2032 4839 2161 4895 illud
2191 4840 2493 4910 excipitur?
2531 4838 2735 4895 Idcirco
2765 4848 2823 4895 et
2861 4840 3288 4911 sapientissimus
3315 4838 3601 4898 Salomon
3640 4887 3656 4907 ,

2032 4931 2157 4987 dum
2186 4932 2469 4987 utilitatem
2499 4940 2933 5007 commemorat,
2957 4947 3079 5002 quae
3106 4932 3160 4987 in
3188 4931 3367 4987 medio
3394 4932 3660 4991 istorum

2032 5033 2114 5079 est
2142 5024 2308 5094 posita
2335 5064 2351 5089 ,
2393 5032 2449 5078 et
2475 5023 2544 5079 de
2574 5023 2658 5077 his
2684 5022 3111 5094 philosophatur,
3144 5022 3497 5092 ostenditque
3536 5042 3660 5079 non

2034 5116 2135 5171 hoc
2162 5116 2407 5171 absolute
2437 5116 2637 5171 bonum
2661 5130 2784 5172 esse
2806 5157 2820 5182 ,
2851 5124 2907 5171 et
2934 5114 3063 5171 illud
3094 5116 3295 5171 malum
3319 5154 3336 5181 ,
3365 5116 3469 5170 sed
3506 5132 3660 5173 con.

2030 5208 2262 5263 venienti
2303 5222 2427 5263 cum
2456 5216 2698 5280 tempore
2728 5206 2846 5263 fieri
2876 5207 3014 5262 bona
3038 5248 3054 5271 ,
3092 5208 3219 5264 licet
3245 5208 3484 5264 molesta
3520 5226 3660 5266 esse

2031 5301 2330 5368 videantur,
2358 5299 2433 5373 (α)
2453 5299 2528 5374 [et
2548 5301 2707 5367 mala,
2735 5300 2861 5357 licet
2880 5300 3115 5372 jucunda
3141 5315 3260 5357 esse
3281 5300 3595 5358 videantur
3620 5304 3660 5377 ;]

2031 5409 2152 5448 cum
2181 5408 2286 5447 non
2312 5394 2646 5449 eonvenienti
2676 5394 2807 5448 fiunt
2834 5404 3092 5465 tempore,
3123 5393 3336 5449 dicebat
3364 5393 3660 5467 :Tempua

2032 5487 2191 5557 ﬂendi
2214 5496 2262 5542 et
2288 5496 2482 5559 tempus
2508 5486 2706 5541 ridendi
2726 5506 2746 5541 .-
2764 5496 2959 5559 tempus
2984 5487 3200 5557 vivendi,
3226 5497 3276 5541 et
3300 5497 3513 5558 tempus
3538 5507 3660 5544 mo-

2097 5645 2169 5709 (a)
2191 5653 2313 5718 Quae
2328 5645 2520 5718 uncinis
2542 5644 2832 5718 clauduntur
2853 5644 3035 5718 desunt
3057 5643 3107 5694 in
3152 5650 3343 5703 amco;
3516 5643 3660 5695 ὁρεὶς

2032 5704 2265 5758 deramur
2287 5708 2344 5756 ad
2367 5709 2570 5769 seriem,
2596 5720 2755 5773 eaque
2778 5714 2950 5758 nemo
2987 5713 3205 5768 Duetnus,
3224 5718 3321 5755 ιιοιι
3343 5704 3508 5755 dubia
3530 5720 3660 5757 ουιμ

2031 5773 2239 5833 jectura,
2262 5769 2526 5834 supplevit.

2228 5809 2239 5830 ’
2262 5803 2436 5830 cupi-Iv
2447 5803 2459 5818 ν
2470 5803 2500 5821 ΙΙ
2511 5803 2526 5819 ο
