3738 6274
433 266 531 325 N9

427 381 555 436 οὖτα
578 381 858 452 πανταχοῦ
892 381 953 435 16
981 381 1168 451 ἀλγεῖν
1191 383 1374 448 καλὸν,
1410 383 1526 438 ἀλλ’
1557 382 1705 435 ἔστιν
1732 382 1867 434 ὅπου
1906 378 2001 432 καὶ

428 465 725 535 θανάσιμον
770 466 865 518 καὶ
897 463 1161 535 ὀλέθριον.
1203 468 1313 521 Καὶ
1350 465 1508 520 τοῦτο
1544 465 1675 519 αὐτὸ
1705 464 1864 518 πάλιν
1892 462 2001 514 δει·

426 550 558 611 κνὺς
586 551 615 602 6
642 548 856 612 Παῦλος
890 548 1078 616 ἔλεγεν
1100 568 1112 580 ·
1154 550 1216 603 Ἠ
1242 550 1394 604 κατὰ
1442 549 1591 603 Θεὸν
1626 550 1790 613 λύπη
1829 545 2008 614 μετά-

424 649 597 687 νοιαν
627 634 715 696 εἰς
746 634 1049 699 σωτηρίαν
1076 634 1531 701 ἀμεταμέλητον
1563 628 2005 698 κατεργάζεται*

423 716 463 783 ἠ
489 714 556 766 δὲ
579 713 686 767 τοῦ
708 715 940 782 κόσμου
964 716 1128 782 λύπη
1151 714 1410 769 θάνατον
1437 712 1862 781 κατεργάζεται.

494 804 553 849 ε’.
608 798 773 867 Ὀρᾷς
802 798 898 851 καὶ
923 796 1083 852 τοῦτο
1104 798 1212 851 τῶν
1244 799 1426 869 μέσων
1453 798 1545 861 6v;
1578 794 1787 848 Οὐκοῦν
1825 794 1918 847 καὶ
1948 794 2008 846 τὸ

424 880 663 934 ἐναντίον
691 881 855 934 αὐτοῦ
887 880 995 933 τῶν
1030 881 1229 951 μέσων,
1260 881 1317 933 τὸ
1358 879 1569 950 χαίρειν
1601 878 1767 947 λέγω.
1805 877 2007 946 Διόπερ

422 965 521 1035 οὐχ
546 964 733 1027 ἁπλῶς
762 964 971 1035 χαίρειν
992 964 1298 1029 ἐκέλευσεν,
1318 963 1452 1016 ἀλλὰ
1474 963 1687 1033 χαίρειν
1716 963 1773 1015 ἐν
1797 960 2006 1029 Κυρίῳ.

436 1047 575 1100 Ἀλλ’
604 1050 632 1100 6
656 1046 755 1118 μὲν
782 1047 891 1099 τῶν
925 1046 1105 1117 μέσων
1133 1046 1289 1115 λόγος
1313 1046 1514 1110 ἱκανῶς
1544 1048 1575 1117 ή
1586 1047 1675 1115 μίν
1697 1043 2006 1114 διευκρινη-

421 1148 533 1193 ται,
563 1132 676 1199 εἴγε
701 1132 977 1201 ἀκροατάς
1001 1131 1113 1202 ἔχει
1146 1132 1539 1203 προσέχονταςο
1574 1128 1712 1182 ἰτέον
1732 1128 1789 1181 δὲ
1821 1127 2007 1180 λοιπὸν

422 1215 515 1268 ἐπὶ
541 1215 610 1266 τά
655 1214 727 1284 μὴ
759 1214 919 1284 μέσα,
954 1213 1089 1267 ἀλλὰ
1119 1214 1212 1267 ἐπὶ
1236 1214 1306 1266 τά
1333 1213 1494 1279 καλὰ,
1526 1212 1561 1267 ὃ.
1585 1212 1683 1265 οὐκ
1708 1211 1774 1265 ἂν
1796 1210 2006 1279 γένοιτο

421 1297 589 1359 κακὰ,
619 1298 713 1350 καὶ
732 1298 823 1350 ἐπὶ
842 1297 911 1350 τά
933 1298 1097 1360 κακὰ,
1130 1300 1164 1351 ἂ
1190 1300 1289 1350 οὐκ
1315 1297 1381 1350 ἂν
1398 1297 1609 1366 γένοιτο
1631 1294 1791 1348 καλά.
1822 1293 2005 1347 Ταῦτα

426 1384 523 1451 μὲν
556 1379 664 1451 γὰρ
688 1380 755 1434 τὰ
788 1380 1056 1451 εἰρημένα
1089 1382 1219 1434 ποτὲ
1254 1381 1355 1452 μὲν
1377 1380 1554 1443 τοῦτο,
1595 1379 1723 1435 ποτὲ
1745 1378 1801 1430 δὲ
1827 1380 2003 1430 ἐκεῖνο

422 1465 658 1532 γίνεται’
704 1460 817 1518 οἷον
858 1467 887 1519 6
931 1466 1160 1528 πλοῦτος
1206 1466 1339 1519 ποτὲ
1387 1466 1483 1536 μὲν
1516 1464 1709 1523 κακὸν.
1743 1464 1871 1517 ὅταν
1921 1465 2002 1527 εἰς

420 1548 732 1613 πλεονεξίαν
762 1550 1089 1614 δαπανᾶται,
1118 1550 1247 1603 ποτέ
1274 1550 1329 1603 δὲ
1367 1550 1550 1613 καλὸν,
1582 1550 1710 1602 ὅταν
1737 1550 1815 1611 εἰς
1849 1547 2002 1618 ἐλεη-

424 1632 660 1705 μοσύνην
693 1634 1049 1703 ἀναλίσκηται
1068 1652 1081 1665 ’
1113 1634 1207 1688 καὶ
1235 1634 1302 1687 τά
1329 1634 1462 1687 ἄλλα
1489 1631 1715 1686 τοιαῦτα
1738 1631 1881 1685 κατά
1910 1630 2003 1684 τὸν

421 1718 621 1771 κανόνα
646 1716 857 1773 τοῦτον,
894 1719 1046 1771 Ἔστι
1075 1718 1131 1771 δέ
1161 1736 1307 1782 τινα,
1341 1718 1375 1772 ἀ
1406 1719 1505 1771 οὐκ
1539 1719 1604 1773 ἄν
1635 1735 1765 1770 ποτε
1788 1717 2002 1785 γένοιτο

421 1802 597 1853 κακά·
630 1800 698 1852 τὰ
726 1801 803 1862 δέ,
842 1802 1059 1854 ἐναντία
1095 1801 1325 1863 τούτοις,
1356 1803 1442 1854 ἀεὶ
1474 1800 1640 1865 κακὰ,
1671 1801 1765 1854 καλ⁸
1797 1800 1897 1854 ούκ
1936 1800 2001 1854 ἄν

421 1900 551 1936 ποτε
582 1884 793 1951 γένοιτο
821 1886 964 1939 καλά
983 1900 997 1915 ⁸
1044 1879 1155 1937 οἷον
1186 1885 1431 1948 ἀσέϐεια,
1465 1885 1802 1957 βλασφημία,
1838 1883 2001 1939 ἀσέλ-

419 1983 565 2034 γεια,
583 1965 734 2039 [155]
761 1968 1004 2038 ὠμότης,
1035 1966 1424 2040 ἀπανθρωπία,
1449 1970 1881 2042 γαστριμαργία,
1906 1969 2000 2022 καὶ

417 2068 518 2103 οσα
539 2067 781 2105 τοιαυτα.

490 2136 565 2188 06
596 2136 740 2203 λέγω
768 2138 850 2190 ὅτι
881 2138 1166 2209 ἄνθρωπος
1201 2137 1371 2201 κακὸς
1395 2138 1496 2192 ούκ
1529 2138 1595 2193 ἀν
1627 2154 1757 2191 ποτε
1789 2138 1999 2206 γένοιτο

417 2219 602 2283 καλὸς,
633 2219 755 2273 οὔτε
799 2221 963 2285 καλὸς
990 2223 1090 2275 οὐκ
1127 2223 1193 2276 ἄν
1225 2238 1355 2274 ποτε
1383 2222 1601 2290 γένοιτο
1633 2222 1836 2285 κακός’
1880 2221 1996 2275 ἀλλ’

416 2304 497 2356 ὅτι
527 2304 670 2357 αύτά
706 2304 776 2358 τὰ
804 2305 1104 2376 πράγματα
1132 2306 1232 2357 οὐκ
1262 2305 1328 2359 ἄν
1367 2322 1498 2358 ποτε
1540 2306 1767 2374 γένοιτο.
1814 2304 1999 2359 Ταῦτα

420 2386 519 2456 μὲν
546 2387 655 2458 γὰρ
699 2388 782 2458 εἴη
816 2398 840 2427 ι
871 2390 963 2442 ἐπὶ
990 2389 1090 2458 τῆς
1129 2388 1335 2451 οἰκείας
1364 2390 1570 2453 τάξεως
1589 2430 1604 2451 ,
1639 2391 1709 2444 τά
1735 2406 1792 2441 τε
1832 2390 1994 2451 καλὰ.

417 2471 512 2525 καὶ
542 2472 611 2525 τὰ
640 2473 787 2527 κακά
810 2488 824 2500 ⁶
859 2474 888 2525 6
919 2472 976 2525 δέ
1014 2470 1321 2542 ἄνθρωπος,
1353 2474 1479 2526 ὅταν
1516 2473 1614 2543 μὲν
1657 2474 1841 2525 ἐκεῖνα
1879 2473 1999 2542 ἕλη-

380 2573 526 2617 -ται,
582 2556 765 2620 καλὸς,
814 2556 941 2610 ὅταν
976 2556 1034 2608 δὲ
1071 2556 1307 2615 ἐναντία,
1361 2559 1549 2620 κακός.
1592 2555 1800 2610 Οὐκοῦν
1846 2559 1997 2626 τρεῖς

415 2632 576 2693 αὗται
611 2642 797 2711 μοῖραι
816 2656 829 2669 ο
863 2638 931 2693 τὰ
955 2640 1052 2708 μὲν
1076 2638 1184 2710 γὰρ
1205 2638 1346 2692 καλά
1372 2639 1473 2693 οὐκ
1496 2640 1562 2694 ἂν
1594 2639 1801 2708 γένοιτο
1828 2641 1993 2706 κακά,

415 2724 527 2782 οἷον
560 2727 906 2800 σωφροσύνη,
938 2726 1299 2797 ἐλεημοσύνη,
1332 2727 1425 2781 καὶ
1448 2729 1546 2780 ὅσα
1571 2726 1792 2781 τοιαῦτα
1809 2744 1821 2758 ·
1845 2727 1914 2781 τὰ
1941 2728 1996 2781 δὲ

417 2813 562 2865 κακά
588 2812 687 2865 οὐκ
709 2812 773 2866 άν
796 2828 926 2864 ποτε
954 2810 1163 2878 γένοιτο
1190 2811 1351 2870 καλὰ,
1376 2808 1487 2864 οἷον
1517 2811 1796 2881 ἀσέλγεια,
1820 2812 1996 2865 ἀπαν-

417 2894 655 2965 θρωπία,
711 2893 963 2965 ὠμότηςο
1013 2895 1081 2947 τὰ
1112 2894 1168 2947 δέ
1212 2895 1343 2948 ποτέ
1401 2895 1498 2967 μὲν
1527 2894 1706 2961 τοῦτο,
1742 2896 1890 2949 ’ποτὲ
1940 2896 1997 2950 δὲ

416 2980 594 3031 ἐκεῖνο
621 2978 884 3049 γινόμενα
912 2979 963 3043 ι»,
993 2979 1144 3051 παρὰ
1170 2979 1268 3047 τὴν
1295 2978 1520 3051 γνώμην
1545 2978 1652 3032 τῶν
1674 2979 1992 3051 χρωμένων.

428 3063 486 3115 '0
505 3062 733 3127 πλοῦτος
759 3062 889 3116 ποτέ
919 3065 1015 3135 μὲν
1047 3065 1154 3136 γάρ
1183 3067 1261 3129 εἰς
1292 3064 1603 3131 πλεονεξίαν
1622 3064 1994 3135 ὑπηρετεῖται.

416 3146 545 3199 ποτὲ
574 3147 629 3201 δέ
654 3148 734 3213 εἰς
762 3147 1163 3219 ἐλεημοσύνην·
1189 3148 1323 3202 ἀλλά
1354 3147 1504 3220 παρά
1530 3149 1628 3219 τὴν
1652 3148 1878 3218 γνώμην
1902 3147 1995 3200 τοῦ

416 3230 720 3302 χρωμένου.
753 3231 918 3284 Πενία
953 3233 1082 3285 ποτέ
1122 3232 1219 3302 μὲν
1258 3234 1338 3296 εἰς
1374 3231 1747 3304 βλασφημίαν,
1776 3233 1905 3286 ποτὲ
1940 3232 1997 3286 δέ

416 3318 495 3379 εἰς
523 3317 798 3387 εὐφημίαν
826 3317 920 3370 καὶ
948 3316 1263 3386 φιλοσοφίαν
1304 3318 1680 3387 ύπηρετεῖται.
1723 3317 1875 3370 Ἐπεί
1904 3313 1998 3371 οὖν

416 3398 603 3453 πολλοὶ
631 3401 740 3453 τῶν
763 3401 1120 3471 ἀλογωτέρων
1155 3403 1271 3465 (ἐπὶ
1293 3401 1401 3472 γὰρ
1426 3402 1523 3472 τὴν
1544 3401 1697 3454 λύσιν
1733 3402 1871 3455 ἰτέον
1893 3403 1999 3457 λοι-

418 3483 543 3547 πον)
572 3485 635 3537 οὐ
660 3484 726 3538 τά
754 3486 899 3538 κακά
932 3486 1110 3556 μόνον,
1138 3484 1172 3539 ἃ
1198 3486 1297 3539 οὐκ
1338 3488 1401 3541 ἄν
1433 3503 1562 3539 ποτε
1590 3487 1800 3555 γένοιτο
1832 3487 1993 3551 καλὰ,

415 3566 551 3620 ἀλλά
592 3570 683 3621 καὶ
710 3569 817 3621 τῶν
843 3570 1022 3637 μέσων
1039 3569 1154 3623 ἔνια
1170 3569 1320 3622 κακά
1341 3568 1615 3634 καλοῦσιν,
1645 3564 1754 3625 οἷον
1782 3571 1993 3634 πενίαν,

415 3652 812 3723 αἰχμαλωσίαν,
845 3652 1109 3713 δουλείαν,
1146 3654 1291 3724 ἅπερ
1334 3653 1615 3723 ἐδείξαμεν
1642 3654 1703 3707 ού
1752 3654 1861 3708 τῶν
1899 3673 1998 3711 κα⁴

415 3735 549 3800 κῶν,
588 3736 725 3789 ἀλλά
765 3736 873 3789 τῶν
909 3737 1091 3806 μέσων
1127 3736 1285 3789 ὄντα⁸
1321 3737 1507 3790 πολλολ⁸
1548 3737 1626 3797 δὲ,
1653 3738 1793 3809 ὅπερ
1826 3738 1996 3812 ἔφθην

414 3821 608 3881 εἰπὼν,
640 3818 811 3873 ταῦτα
856 3819 998 3873 κακά
1036 3820 1312 3883 καλοῦσιν,
1339 3821 1439 3873 οὐκ
1472 3821 1601 3875 δντα
1642 3823 1787 3876 κακά
1811 3839 1826 3854 ο
1869 3826 1997 3895 περὶ

411 3896 488 3954 ῶν
521 3913 543 3941 ο
587 3904 616 3955 6
645 3904 929 3975 προφήτης
971 3904 1123 3973 φησί,
1165 3902 1276 3955 τῶν
1314 3902 1457 3957 κατά
1490 3903 1589 3975 τὴν
1627 3904 1734 3959 τῶν
1784 3907 1996 3960 πολλῶν

415 3988 674 4041 ὑπόνοιαν
722 3987 1095 4058 καλουμένων,
1131 3988 1194 4041 οὐ
1233 3986 1345 4040 τῶν
1396 3988 1563 4052 ὅντως
1598 3988 1784 4043 κακῶν
1807 4008 1820 4022 ·
1867 3993 1996 4063 περὶ

413 4072 814 4144 αἰχμαλωσίας,
852 4072 981 4142 περὶ
1032 4071 1294 4134 δουλείας,
1348 4072 1478 4142 περὶ
1515 4071 1698 4141 λιμοῦ,
1750 4073 1845 4128 καὶ
1895 4076 1995 4128 ὃσα

414 4152 661 4205 τοιαῦτα.
700 4153 823 4204 ’Ὁτι
847 4150 955 4222 γὰρ
989 4150 1161 4204 ταῦτα
1191 4151 1254 4204 ού
1295 4150 1462 4215 κακὰ,
1498 4151 1634 4205 ἀλλὰ
1668 4153 1761 4206 καὶ
1809 4154 1995 4208 κακῶν

414 4234 756 4307 ἀναιρετικά,
779 4235 872 4288 τὸν
893 4235 1050 4306 λιμὸν
1074 4235 1338 4307 πρότερον
1371 4238 1449 4295 εἰς
1478 4236 1640 4307 μέσον
1672 4238 1991 4309 ἀγάγωμεν,

414 4320 505 4372 τὸν
535 4321 670 4372 πᾶσι
716 4319 943 4387 φρικτὸν
985 4320 1078 4372 καὶ
1118 4319 1349 4389 φοϐερὸν
1383 4314 1521 4374 εἶναι
1557 4321 1831 4376 δοκοῦντα.
1869 4323 1994 4387 Πῶς

411 4399 507 4457 οὖν
553 4404 613 4457 ού
645 4404 833 4466 κακὸν,
892 4403 1155 4473 μάνθανε.
1203 4404 1297 4457 καὶ
1355 4404 1607 4458 παιδεύου
1663 4405 1987 4475 φιλοσοφεῖν.

427 4487 621 4541 ’ἰῐνίκα
662 4487 771 4540 τῶν
814 4487 1081 4560 Ἐϐραίων
1103 4491 1130 4542 6
1154 4488 1326 4558 δῆμος
1363 4491 1440 4552 εἰς
1480 4488 1705 4559 ἔσχατον
1738 4489 1991 4554 ἐξώκειλε

418 4572 785 4644 παρανομίας,
818 4573 941 4628 τότε
972 4573 1035 4645 δὴ
1056 4575 1083 4627 6
1114 4573 1287 4645 μέγας
1325 4573 1531 4637 Ἠλίας,
1572 4571 1797 4625 καὶτῶν
1824 4575 1991 4644 ούρα-

362 4694 365 4697 λ
414 4656 521 4709 νῶν
556 4657 726 4721 ἄξιος,
760 4658 789 4711 6
825 4657 1146 4728 βουλόμενος
1176 4658 1273 4729 τὴν
1312 4660 1375 4710 ἐκ
1406 4655 1506 4725 τῆς
1541 4654 1811 4727 ῥᾳθυμίας
1839 4657 1991 4709 νόσον

416 4740 647 4804 ἀνελεῖν,
696 4742 787 4794 καὶ
824 4739 1113 4811 διορθῶσαι
1143 4740 1363 4803 ταύτην,
1400 4739 1645 4809 ἐπήγαγε
1673 4737 1873 4807 λέγων’
1904 4740 1992 4810 Ζᾶ

414 4826 656 4892 Κύριος,
702 4816 749 4890 ᾧ
798 4824 1107 4893 παρέστην
1153 4823 1408 4878 ἐνώπιον
1460 4822 1667 4888 αὑτοῦ,
1719 4827 1771 4878 εἰ
1818 4825 1990 4881 ἔσται

418 4906 609 4972 ὑετὸς,
644 4910 696 4960 εἰ
713 4907 800 4976 μὴ
822 4907 919 4961 διὰ
944 4908 1241 4976 στόματός
1258 4924 1377 4976 μου
1396 4923 1410 4938 ’
1443 4907 1534 4959 καὶ
1563 4907 1591 4957 6
1617 4907 1869 4979 μηλωτὴν
1894 4910 1990 4978 μό-

411 5010 508 5061 νην
548 4993 919 5062 κεκτημένος,⁹
957 4992 1047 5043 τὸν
1094 4991 1320 5061 οὐρανὸν
1378 4991 1701 5044 ἀπέκλεισε·
1751 4993 1988 5064 τοσαύτη

411 5078 692 5148 παρρησία
743 5075 891 5144 αὐτῷ
929 5075 1066 5144 πρὸς
1095 5075 1185 5126 τὸν
1222 5074 1373 5127 Θεόν.
1417 5074 1579 5145 Ὁρᾷς
1620 5076 1788 5129 ὅτιού
1822 5077 1990 5130 κακὸν

406 5163 438 5232 ή
496 5160 690 5226 πενίας
731 5160 845 5212 Οὐκ
891 5158 955 5211 ἂν
992 5160 1019 5211 6
1060 5158 1279 5210 πάντων
1327 5157 1630 5229 ἀνθρώπων
1666 5161 1989 5233 πενέστερος

407 5243 674 5313 τοσαύτης
714 5241 991 5295 ἀπέλαυσε
1037 5241 1369 5311 παρρησίας,
1404 5240 1480 5303 ὡς
1528 5243 1702 5313 χαμαὶ
1735 5244 1983 5314 βαδίζων,

408 5327 490 5382 ἐνὶ
542 5328 689 5399 μόνῳ
720 5326 865 5397 λόγῳ
891 5323 1162 5394 τοσαύτην
1198 5324 1351 5395 ἰσχὺν
1382 5324 1770 5392 ἐπιδείξασθαι.
1804 5329 1987 5383 Εἰπὼν

470 5522 586 5594 "ln‘
610 5534 701 5570 ms.
744 5519 783 5568 εἰ
811 5520 1020 5594 legitur:
1049 5519 1138 5594 sed
1165 5515 1327 5594 savii.
1355 5517 1404 5567 in
1449 5532 1599 5582 marg.
1642 5521 1715 5578 εἴη
1739 5514 1900 5584 ροειήι
1922 5537 1986 5573 ex

406 5584 701 5642 conjectura,
721 5595 868 5643 quam
886 5587 1086 5629 secutus
1104 5591 1183 5630 es:
1208 5582 1433 5632 Duceus.
1741 5582 1751 5584 “

469 5643 609 5713 δηΜο.
640 5644 803 5715 patre:
809 5642 1068 5706 γινόμενον,
1095 5648 1148 5694 ιιι
1167 5657 1330 5707 supra.
1354 5644 1465 5694 Mox
1487 5643 1756 5707 legendum
1790 5647 1988 5698 videtur

382 5738 385 5741 ι
404 5707 618 5761 τοιοῦτος
637 5708 663 5753 6
688 5707 744 5755 π)
753 5707 905 5762 οὗτος.

468 5770 490 5797 ⁸
515 5765 666 5816 Savil.
692 5774 831 5830 pulal
857 5769 1120 5832 legendum
1138 5770 1241 5833 περὶ
1262 5768 1460 5820 τούτων.

1090 266 1150 324 S.
1190 264 1470 324 JOANMS
1504 261 1999 322 CHRYSOSTOMI
2038 261 2359 320 ARCHIEP.
2397 262 2942 322 CONSTANTINUP.
3604 265 3694 320 ιε

2108 381 2289 435 τοίνυν
2325 380 2502 445 τοῦτο,
2542 381 2787 451 ἐπήγαγε
2829 379 3009 451 λιμὸν,
3054 377 3306 449 καθάπερ
3341 377 3694 448 παιδαγωγὶ

2112 472 2354 540 ἄριστον,
2394 471 2487 525 καὶ
2533 470 2830 543 διορθωτὴν
2855 469 2965 523 τῶν
2992 467 3294 539 γινομένων
3334 468 3529 522 κακῶν
3557 484 3572 497 ·
3604 486 3693 522 κε

2108 557 2361 628 καθάπερ
2403 558 2643 627 πυρετοῦ
2670 558 2873 628 λάϐρου
2897 558 2977 620 εἰς
3014 556 3178 626 σῶμα
3210 555 3573 625 ἐμπεσόντος.
3603 571 3694 609 κε

2108 645 2270 698 αὐταὶ
2296 645 2396 714 τῆς
2422 645 2528 715 γῆς
2545 647 2599 699 αἰ
2628 646 2824 715 φλέϐες
2848 643 3314 715 ἀνεξηράνθησαν,
3334 643 3432 697 καὶ
3455 642 3694 714 χείμοιῤ

2110 735 2195 804 ροι
2243 733 2520 797 ἐπέλιπον,
2561 737 2656 789 καὶ
2686 734 2931 805 βοτάναι,
2968 734 3062 787 καὶ
3094 734 3192 804 τῆς
3230 734 3333 803 γῆς
3369 734 3426 785 αἰ
3461 732 3694 801 λαγόνε

2108 820 2292 889 ἄγονοι
2320 821 2505 876 λοιπὸν
2532 818 2691 894 ἦσαν.
2722 824 2831 877 Καὶ
2855 823 2916 874 ού
2939 822 3111 892 μικρά
3131 820 3253 874 τότε
3273 823 3302 873 6
3326 819 3501 890 δῆμος
3526 822 3649 872 ἐκα
3666 837 3694 889 ε

2109 908 2353 974 πώσατο,
2378 914 2478 982 τῆς
2503 911 2684 984 ῥύμης
2710 913 2809 982 τῆς
2831 913 2921 964 ἐπὶ
2943 910 3043 984 τὴν
3078 909 3424 981 παρανομίαν
3450 909 3694 963 ἀπαλλε

2107 1000 2245 1066 γεὶς,
2268 999 2363 1053 καὶ
2386 1000 2693 1064 συσταλεὶς,
2715 1000 2809 1053 καὶ
2831 1000 3122 1069 γενόμενος
3142 997 3575 1068 ἐπιεικέστερος,
3606 1015 3694 1050 κε

2106 1088 2183 1159 τῷ
2208 1089 2460 1163 προφήτῃ
2484 1090 2792 1162 χειροήθης.
2827 1089 2981 1161 [154]
3013 1090 3075 1141 Οί
3098 1086 3207 1159 γὰρ
3240 1087 3374 1158 πρὸς
3399 1087 3470 1141 τά
3496 1087 3693 1139 εἴδω).

2105 1175 2413 1248 τρέχοντες,
2434 1178 2529 1229 καί⁸
2557 1177 2681 1241 τοῦς
2704 1177 2855 1240 υἱοὺς
2874 1175 3053 1231 αὐτῶν
3070 1175 3547 1243 κατασφάττοντες
3578 1179 3694 1227 to?

2106 1264 2422 1335 δαιμονίοις,
2441 1257 2586 1318 οῦτοι
2619 1263 2887 1317 τοσούτων
2919 1264 3112 1335 ἱερέων
3136 1264 3233 1335 τῆς
3259 1263 3408 1317 Βάαλ
3430 1264 3694 1334 ἀναιρου

2110 1354 2318 1425 μένων,
2362 1354 2463 1408 οὐκ
2508 1354 2895 1425 ἐδυσχέραναν,
2950 1353 3049 1406 οὐκ
3100 1353 3512 1424 ἠγανάκτησαν,
3570 1354 3693 1406 ἀλί

2105 1442 2343 1514 ήνεγκαν
2382 1446 2509 1514 σιγῇ
2539 1444 2630 1497 καὶ
2657 1440 2805 1514 φόϐῳ
2830 1441 2892 1496 16
2930 1441 3233 1512 γινόμενον,
3261 1441 3370 1495 ἀπὸ
3401 1440 3494 1495 τοῦ
3526 1442 3694 1514 λιμο

2107 1530 2350 1601 βελτίους
2375 1532 2681 1605 γενόμενοι.

2177 1661 2252 1720 ς’.
2291 1658 2451 1729 Ὁρᾷς
2473 1659 2550 1720 ὡς
2568 1658 2630 1711 ού
2658 1656 2817 1728 μόνον
2839 1654 2947 1728 [οὐ]
2971 1657 3139 1708 κακὸν
3162 1655 3191 1707 6
3220 1653 3396 1725 λιμὸς,
3421 1652 3562 1707 ἀλλὰ
3604 1671 3694 1709 κα

2104 1742 2290 1797 κακῶν
2329 1744 2691 1814 ἀναιρετικδς,
2722 1744 2781 1795 ἐν
2805 1741 2957 1809 τάξει
2988 1741 3280 1813 φαρμάκου
3298 1741 3369 1795 τὰ
3398 1742 3693 1811 νοσήματε

2102 1830 2537 1903 διορθωσάμενος
2561 1849 2575 1898 ;
2602 1832 2665 1885 Εἰ
2698 1832 2793 1885 καὶ
2820 1831 2918 1903 τὴν
2958 1830 3334 1902 αἰχμαλωσίαν
3361 1830 3533 1901 αὐτὴν
3569 1830 3694 1901 βοί

2100 1917 2183 1971 λει
2212 1918 2238 1958 ἀ
2278 1918 2404 1973 ἰδεῖν
2440 1919 2499 1972 οὐ
2528 1919 2635 1972 τῶν
2672 1919 2859 1972 κακῶν
2903 1915 3088 1980 οὖσαν,
3119 1918 3370 1986 ἐννόησον
3402 1917 3545 1981 τίνες
3595 1919 3686 1989 μὲ

2100 2001 2239 2078 ἦσαν
2278 2008 2327 2061 οἰ
2379 2006 2618 2062 Ἰουδαῖοι
2650 2008 2755 2076 πρὸ
2793 2008 2890 2074 τῆς
2917 2007 3314 2077 αἰχμαλωσίας,
3354 2006 3497 2070 τίνες
3540 2008 3615 2061 δὲ
3653 2010 3685 2061 ἐ

2098 2095 2165 2163 τῇ
2201 2093 2569 2164 αἰχμαλωσίᾳ,
2627 2095 2715 2147 ἵνα
2765 2094 2941 2167 μάθῃς
2992 2094 3071 2147 ὄτι
3118 2092 3241 2147 οὔτε
3306 2096 3340 2165 ή
3396 2095 3694 2166 ἑλευθερίι

2100 2181 2287 2245 ἁπλῶς
2319 2182 2504 2244 καλὸν,
2541 2180 2663 2235 οὔτε
2696 2184 2729 2254 ή
2773 2183 3118 2254 αἰχμαλωσία
3153 2183 3343 2237 κακόν.
3378 2183 3549 2237 Ὅταν
3592 2184 3693 2254 μὲε

2098 2271 2207 2341 γὰρ
2238 2265 2380 2340 ἦσαν
2425 2272 2483 2323 ἐν
2518 2270 2820 2342 ἐλευθερίᾳ,
2872 2272 2967 2325 καὶ
2999 2270 3097 2342 τὴν
3131 2272 3367 2342 πατρίδα
3403 2268 3547 2342 εἰχον
3594 2272 3693 2344 τὴι

2098 2358 2329 2420 ἑαυτῶν,
2359 2358 2585 2413 τοιαῦτα
2615 2358 2902 2430 ἔπραττον,
2932 2359 3007 2421 ὡς
3033 2357 3155 2413 καθ’
3186 2360 3423 2430 ἑκάστην
3463 2360 3581 2431 ήμέ
3594 2380 3693 2433 ρει⁴

2096 2447 2223 2511 τοὺς
2250 2447 2534 2518 προφήτας
2556 2446 2736 2501 αὐτῶν
2750 2446 3045 2518 καταϐοᾷν,
3073 2446 3182 2500 τῶν
3202 2447 3382 2518 νόμων
3403 2451 3684 2519 πατουμέ

2095 2553 2225 2602 νων,
2261 2537 2358 2591 καὶ
2386 2536 2494 2591 τῶν
2523 2537 2758 2591 εἰδώλων
2788 2535 3301 2608 προσκυνουμένων,
3334 2539 3426 2591 καὶ
3460 2538 3583 2592 τῶν
3610 2542 3693 2593 ἐν

2095 2625 2268 2678 τολῶν
2299 2624 2394 2678 τοῦ
2427 2624 2563 2678 Θεοῦ
2613 2624 3034 2696 παραϐαθεισῶν
3067 2636 3092 2664 ε
3113 2642 3126 2653 ·
3156 2625 3345 2695 ἐπειδὴ
3376 2626 3432 2679 δὲ
3462 2627 3694 2694 ἀπηνέ-

2096 2714 2304 2786 χθησαν
2330 2716 2409 2777 εἰς
2436 2715 2538 2784 γῆν
2575 2715 2884 2786 ἀλλοτρίαν,
2920 2715 3012 2768 καὶ
3041 2717 3101 2767 ἐν
3148 2717 3215 2787 τῇ
3248 2715 3358 2769 τῶν
3386 2714 3693 2789 βαρϐάρου

2097 2803 2251 2874 χώρα
2298 2801 2589 2873 διέτριϐον,
2627 2802 2770 2856 οῦτω
2814 2804 3241 2876 συνεστάλησαν,
3287 2805 3382 2858 καὶ
3434 2803 3694 2874 βελτίους

2097 2892 2368 2960 ἐγένοντο,
2417 2892 2515 2944 καὶ
2549 2890 2646 2944 τοῦ
2675 2892 2842 2962 νόμου
2887 2892 3148 2961 φύλακες,
3194 2893 3271 2959 ῶς
3307 2893 3450 2948 ἐστιν
3484 2896 3562 2949 ἐκ
3598 2897 3694 2950 τοί

2094 2978 2311 3049 ψαλμοῦ
2339 2978 2498 3033 τοῦτο
2515 2978 2725 3050 μαθεῖν,
2751 2978 2811 3032 δν
2841 2980 3140 3049 ἀναγκαῖον
3163 2983 3246 3045 εἰς
3274 2983 3433 3053 μέσον
3446 2984 3693 3051 ἀγαγείκ

2096 3068 2358 3138 σήμερον,
2407 3068 2495 3120 ἴνα
2532 3066 2739 3137 μάθητε
2768 3067 2869 3137 τῆς
2908 3068 3288 3139 αἰχμαλωσίας
3317 3069 3410 3123 τὸν
3437 3073 3694 3142 καρπόν.

2096 3157 2191 3219 Τίς
2225 3155 2286 3209 δέ
2316 3157 2466 3211 ἐστιν
2494 3157 2524 3209 6
2567 3156 2818 3227 ψαλμόςς
2870 3157 2996 3211 Ἐπὶ
3025 3156 3145 3211 τῶν
3178 3158 3457 3230 ποταμῶν
3478 3161 3692 3215 Βαϐυ-

2093 3243 2292 3310 λῶνος
2317 3244 2449 3298 ἐκεῖ
2469 3244 2866 3314 ἐκαθίσαμεν,
2911 3245 3010 3300 καί
3050 3247 3437 3317 ἐκλαύσαμεν
3475 3248 3561 3302 ἐν
3616 3246 3692 3314 τᾷ

2091 3330 2443 3401 μνησθῆναι
2488 3331 2648 3399 ἡμᾶς
2693 3332 2805 3401 τῆς
2838 3333 3008 3388 Σιών.
3056 3335 3177 3388 Ἐπί
3223 3334 3353 3395 ταῖς
3385 3334 3579 3402 ἰτέαις
3627 3337 3689 3390 ἐν

2090 3421 2261 3489 μέσῳ
2292 3419 2489 3488 αὐτῆς
2534 3419 2948 3490 ὲκρεμάσαμεν
2970 3421 3043 3475 τὰ
3067 3422 3291 3491 ὄργανα
3326 3422 3517 3492 ἡμῶν.
3549 3424 3688 3479 ’⁹Οτι

2094 3508 2223 3563 ἐκεῖ
2234 3508 2798 3579 ἐπηρώτησανήμᾶς
2821 3514 2875 3565 οἱ
2900 3513 3496 3581 αἰχμωωτεύσαντες
3522 3515 3688 3583 ἡμᾶς

2094 3599 2318 3666 λόγους
2337 3594 2527 3662 ᾠδῶν,
2543 3596 2827 3665 λέγοντες
2847 3614 2861 3628 ’
2888 3599 3109 3666 ’ᾼσατε
3126 3596 3269 3667 ἡμῖν·
3285 3598 3353 3652 ἐκ
3368 3596 3481 3651 τῶν
3507 3600 3685 3665 ᾠδῶν

2097 3684 2268 3741 Σιών.
2292 3683 2424 3751 Πῶς
2448 3683 2693 3755 ᾆσωμεν
2723 3684 2840 3754 τὴν
2860 3684 3024 3753 ᾠδὴν
3043 3687 3268 3753 Κυρίου
3290 3686 3386 3739 ἐπὶ
3419 3687 3541 3756 γῆς
3577 3690 3686 3743 ἁ.1‹

2095 3775 2376 3843 λοτρίας;
2404 3770 2554 3837 Εἶδες
2577 3774 2694 3837 πῶς
2724 3775 2920 3837 αὐτοὺς
2956 3775 3295 3829 συνέστειλεν
3328 3777 3361 3847 ή
3393 3777 3683 3847 αἰχμαλω·

2101 3862 2226 3927 σία;
2260 3862 2372 3933 Πρὸ
2419 3862 2518 3933 μὲν
2545 3861 2654 3934 γὰρ
2698 3862 2903 3933 ταύτης
2953 3864 3045 3916 καὶ
3085 3863 3195 3917 τῶν
3256 3866 3559 3936 προφητῶν
3597 3867 3681 3917 ἐν·

2102 3949 2381 4023 ηχούντων
2415 3949 2489 4020 μὴ
2517 3949 2875 4022 παραϐαίνειν
2908 3952 2999 4005 τὸν
3021 3952 3204 4023 νόμον,
3231 3953 3331 4006 οὐκ
3356 3953 3682 4023 ἠνέσχοντο·

2101 4040 2239 4111 μετὰ
2259 4039 2316 4093 δὲ
2332 4039 2561 4109 ταύτην,
2584 4038 2679 4091 καὶ
2708 4037 2815 4091 τῶν
2854 4038 3143 4111 βαρϐάρων
3169 4039 3555 4110 ἐπικειμένων,
3591 4040 3680 4093 καί

2095 4128 2203 4182 τῶν
2237 4128 2602 4200 κυριευόντων
2630 4126 3156 4195 καταναγκαζόντων
3189 4128 3283 4181 καὶ
3311 4129 3679 4194 κατεπειγόν-

2095 4234 2203 4270 των
2246 4217 2622 4287 παραϐαίνειν,
2670 4217 2769 4287 οὐχ
2799 4217 3077 4285 ὑπήκουον
3097 4256 3111 4280 ,
3148 4216 3263 4268 ἀλλ’
3310 4216 3491 4285 έλεγον
3520 4233 3533 4246 ·
3561 4218 3677 4273 Οὐκ

2096 4304 2301 4377 ᾁσομεν
2328 4307 2427 4375 τὴν
2454 4306 2596 4377 ᾠδὴν
2621 4304 2827 4376 Κυρίου
2860 4304 2952 4357 ἐπὶ
2985 4303 3091 4374 γῆς
3121 4304 3430 4375 ἀλλοτρίας,
3478 4304 3677 4373 ἐπειδὴ

2095 4395 2124 4447 6
2152 4394 2317 4463 νόμος
2348 4393 2506 4447 τοῦτο
2532 4394 2632 4447 οὐκ
2665 4394 2987 4465 ἐπέτρεπεν.
3024 4392 3164 4464 Ὅρα
3192 4393 3249 4447 δὲ
3277 4394 3372 4447 καὶ
3397 4395 3527 4456 τοὺς
3563 4395 3676 4445 καί¹

2058 4520 2059 4523 η
2094 4481 2192 4545 δας
2218 4483 2343 4545 τοὺς
2365 4484 2514 4553 τρεῖς
2543 4482 2603 4535 ού
2632 4482 2793 4553 μόνον
2817 4482 2971 4535 οὐδὲν
3013 4480 3415 4553 βλαπτομένους
3442 4483 3556 4535 ἀπὸ
3580 4481 3676 4549 τῆς

2096 4568 2488 4639 αἰχμαλωσίας,
2520 4569 2653 4623 ἀλλά
2672 4570 2766 4623 καὶ
2795 4570 3209 4641 λαμπροτέρους
3239 4570 3332 4623 ἀπ’
3363 4570 3540 4639 αὐτῆς
3578 4585 3673 4637 γε·

2095 4659 2352 4728 νομένους
2371 4675 2384 4690 ·
2414 4659 2509 4713 καὶ
2533 4658 2625 4712 τὸν
2649 4659 2848 4732 Δανιὴλ
2867 4660 3090 4730 ὁμοίως.
3114 4660 3178 4713 Τί
3201 4659 3260 4712 δὲ.
3284 4662 3313 4712 6
3350 4660 3557 4730 Ἰωσήφ
3581 4676 3596 4721 ;
3624 4656 3671 4711 τί

2095 4747 2262 4799 κακὸν
2294 4746 2480 4809 ἔπαθε,
2519 4748 2613 4801 καὶ
2644 4747 2813 4813 ξένος,
2842 4747 2939 4801 καὶ
2976 4747 3182 4810 δοῦλος,
3213 4748 3304 4801 καὶ
3328 4747 3555 4819 δέσμιος
3584 4762 3672 4814 γε·

2093 4835 2346 4906 νόμενος;
2379 4836 2502 4905 οὺχί
2520 4836 2610 4888 διὰ
2636 4835 2794 4889 τοῦτο
2820 4835 2980 4904 μόνον
3003 4835 3279 4905 εὐδοκίμει
3299 4835 3393 4889 καὶ
3418 4835 3632 4906 ἔλαμπε
3654 4847 3669 4893 ς

2093 4924 2159 4977 Τί
2185 4923 2242 4976 δὲ
2272 4925 2306 4995 ἢ
2343 4923 2616 4995 βάρϐαρος
2659 4924 2841 4993 ἐκείνη
2871 4923 3029 4993 γυνὴ.
3069 4924 3163 4977 καὶ
3206 4925 3264 4976 ἐν
3311 4924 3529 4993 πλούτῳ
3581 4920 3669 4975 καὶ

2094 5012 2441 5082 ὑπερηφανία
2483 5011 2578 5065 καὶ
2603 5013 2661 5064 ἐν
2691 5011 2973 5081 ἐλευθερία
3006 5011 3376 5082 διατρίϐουσα,
3421 5008 3667 5065 ἐντεῦθεν

2093 5102 2348 5154 ἀπώνατο
2371 5118 2385 5164 ;
2412 5101 2535 5171 οὐχὶ
2572 5102 2787 5155 πάντων
2808 5097 2876 5171 ἦν
2898 5100 3224 5171 ἀθλιωτέρα,
3247 5101 3431 5171 ἐπειδὴ
3459 5099 3667 5159 τούτοις

2092 5192 2174 5254 εἰς
2194 5190 2313 5243 δέον
2340 5189 2647 5260 χρήσασθαι
2674 5191 2774 5242 οὐκ
2803 5188 3096 5258 ὴθέλησεν;
3128 5190 3340 5245 Οὐκοῦν
3364 5188 3537 5245 ταῦτα
3567 5186 3665 5265 ph:

2093 5282 2225 5352 ἡμῖν
2261 5280 2639 5334 ἀποδέδεικται
2683 5278 2889 5347 σαφῶς,
2937 5278 3059 5331 τίνα
3106 5279 3206 5349 μὲν
3244 5279 3409 5344 κακὰ,
3448 5278 3566 5332 τίνα
3606 5272 3660 5325 δὲ

2092 5369 2251 5434 καλά,
2284 5368 2407 5423 τίνα
2435 5368 2493 5422 δέ
2525 5367 2682 5438 μέσα·
2700 5365 2883 5420 καὶϐτι
2909 5368 3037 5438 περὶ
3065 5368 3173 5422 τῶν
3204 5366 3382 5437 μέσων
3403 5369 3431 5421 6
3454 5364 3660 5435 προφήι

2091 5475 2189 5528 της
2212 5457 2399 5530 φησιν,
2433 5457 2493 5511 ού
2520 5457 2628 5510 τῶν
2656 5455 2824 5519 ὅντως
2846 5455 3048 5521 κακῶν,
3072 5456 3208 5510 ἀλλά
3235 5456 3341 5511 τῶν
3368 5452 3654 5509 δοκούντων

2154 5638 2180 5679 δ
2210 5638 2263 5688 ln
2294 5652 2384 5687 ms.
2416 5638 2573 5700 βούλει
2593 5637 2804 5700 ᾼὸεοιαι.
2833 5633 2949 5700 Δειειί
2971 5631 3123 5683 Savil.
3146 5636 3197 5683 in
3238 5647 3387 5695 marg.
3415 5631 3647 5695 posuitcx

2092 5704 2391 5757 conjectura,
2418 5697 2565 5760 'quam
2592 5697 2807 5760 Dnczéusﬁ
2829 5698 2877 5745 in
2908 5701 3048 5760 :exlu
3080 5701 3281 5744 secutus
3305 5703 3393 5760 est.

2158 5755 2191 5807 ι’
2206 5755 2588 5825 Παραϐάθὲισῶν.
2619 5761 2666 5809 In
2686 5772 2774 5808 ms.
2798 5755 3055 5820 legebamr
3071 5759 3469 5823 παραϐαινόντων.
