3696 6278
102 247 180 301 H9

92 364 232 417 nardi
258 361 477 432 (Each.
510 364 566 420 5.
596 360 677 434 ι).
704 365 884 434 Neque
913 367 1056 420 enim
1084 382 1295 437 semper
1321 366 1553 437 gaudere
1583 367 1675 419 bo-

91 473 193 510 num
220 466 307 509 est
328 496 347 521 ,
385 456 487 511 sed
517 457 805 527 aliquando
829 459 989 514 etiam
1024 458 1241 512 noxium
1276 475 1291 517 ;
1325 473 1497 527 neque
1525 458 1671 512 enim

89 563 278 602 «mser
307 546 510 603 dolere
534 549 735 604 bonum
760 589 775 613 ,
806 549 902 604 sed
931 551 1218 619 aliquando
1243 550 1402 604 etiam
1432 550 1586 604 letale
1610 563 1674 603 ac

80 639 458 707 perniciosum.
483 642 663 710 Atque
686 641 788 696 hoc
808 643 977 713 ipsum
1001 655 1188 696 rursus
1212 641 1451 695 indicans
1480 642 1672 695 Paulus

80 729 266 783 dicebat
293 747 307 781 :
351 748 372 782 ι
413 730 549 798 Qua:
576 733 870 787 secundum
903 733 1069 787 Deum
1098 733 1309 787 tristitia
1336 741 1459 797 est,
1502 733 1672 802 ρωπί-

79 822 278 874 tentiam
311 822 371 875 in
408 823 645 879 salutem
675 824 920 879 stabilem
952 833 1204 895 operatur
1234 843 1247 878 :
1280 825 1458 878 smeuli
1489 833 1665 878 autem

80 913 266 968 trLstitia
302 925 553 970 mortem
576 925 829 991 operatur
853 936 871 969 ι
909 915 1002 987 (2.
1029 916 1147 972 Cor.
1175 918 1224 969 7.
1255 916 1323 972 f0
1343 917 1382 985 ).

129 1007 177 1058 5.
227 1004 411 1061 Vides
456 1006 563 1063 hoc
604 1023 814 1078 quoque
862 1008 1094 1063 medium
1147 1018 1307 1078 atque
1354 1006 1667 1063 indifferens

79 1096 208 1147 me?
238 1096 423 1165 Igitur
449 1107 508 1153 et
547 1100 873 1153 contrarium
922 1100 1038 1168 ejus
1080 1111 1163 1155 est
1203 1100 1434 1155 medium
1459 1141 1473 1162 ,
1506 1102 1663 1156 nimi-

78 1203 161 1239 iam
192 1186 474 1256 gaudere.
526 1189 653 1244 ideo
693 1204 799 1245 non
829 1190 1141 1261 simpliciter
1179 1191 1413 1260 gaudere
1460 1192 1661 1262 jussit,

78 1278 142 1327 sui
166 1278 215 1328 iu
246 1276 498 1333 Domino
523 1280 1016 1353 gaudere(Phifip.
1051 1282 1105 1336 4.
1134 1281 1229 1353 4).
1261 1281 1365 1338 Sed
1397 1284 1526 1337 satis
1549 1284 1661 1352 jam

76 1384 362 1425 sannonem
404 1371 557 1426 hunc
599 1371 669 1428 de
718 1374 879 1428 rebus
914 1374 1104 1430 mediis
1149 1375 1583 1441 enucleavimus,
1615 1376 1660 1430 si

74 1462 256 1529 quidem
279 1472 538 1519 attentos
561 1466 700 1520 nacti
725 1466 979 1521 fuerimus
1000 1467 1273 1522 auditores
1296 1485 1310 1534 ;
1339 1477 1502 1522 restat
1521 1479 1576 1523 ut
1593 1468 1661 1523 ad

71 1571 114 1608 ea
132 1557 575 1625 progrediamur,
599 1573 719 1626 quae
745 1574 851 1613 non
873 1570 999 1613 sunt
1023 1559 1217 1624 media,
1244 1563 1314 1618 ad
1356 1561 1515 1627 bona,
1542 1576 1659 1630 quae

73 1649 157 1700 ﬁeri
182 1648 326 1701 mala
361 1667 478 1705 non
516 1660 780 1719 possunt,
810 1659 863 1706 et
892 1651 958 1706 ad
997 1651 1133 1706 mala
1160 1692 1175 1715 ,
1205 1666 1324 1721 qua:
1367 1668 1658 1722 numquam

70 1740 155 1792 fieri
176 1753 417 1810 possunt
440 1743 605 1797 bona.
631 1742 765 1798 Nam
784 1758 846 1799 ea
869 1744 1081 1813 quidem
1099 1759 1217 1814 quae
1241 1744 1474 1800 diximus
1498 1744 1658 1799 modo

70 1834 161 1894 loc,
190 1835 361 1887 modo
405 1835 544 1890 illud
591 1835 723 1890 fiunt
745 1878 761 1903 ,
793 1837 1237 1907 quemadmodum
1267 1836 1466 1893 divitiae
1497 1837 1658 1894 modo

67 1925 235 1978 salum
264 1937 426 1989 sunt,
450 1942 581 1982 cum
602 1928 667 1982 ad
689 1929 860 1983 aliena
886 1929 1022 1984 bona
1051 1929 1351 2000 usurpanda
1383 1932 1658 1985 insumun-

69 2028 130 2069 lur
156 2035 171 2079 ;
196 2018 367 2071 modo
403 2018 612 2074 bonum
639 2062 655 2085 ,
687 2036 807 2075 cum
839 2022 887 2077 in
917 2023 1309 2093 eleemosynam
1337 2023 1654 2094 expendun-

68 2122 146 2175 tnr,
172 2120 225 2165 et
252 2113 361 2166 alia
396 2112 710 2182 hujustnodi
740 2115 1037 2170 secundum
1063 2116 1200 2171 hanc
1225 2118 1481 2186 regulam.
1515 2117 1654 2171 Sunt

64 2214 213 2259 autem
245 2207 525 2260 nonnulla
548 2251 562 2273 ,
592 2225 711 2275 qua
750 2225 1035 2280 numquam
1069 2211 1183 2266 fieri
1213 2222 1437 2282 possunt
1466 2212 1603 2269 mala
1636 2230 1650 2266 :

63 2313 156 2361 qua:
182 2314 311 2352 vero
340 2309 481 2354 sunt
514 2301 598 2355 his
623 2304 889 2357 contraria
907 2344 923 2371 ,
951 2319 1166 2375 semper
1194 2306 1333 2360 mala
1362 2316 1486 2361 sunt
1506 2349 1519 2369 .
1552 2322 1653 2364 nec

65 2405 285 2458 animum
312 2391 447 2446 ﬁeri
474 2392 618 2448 bona
642 2405 895 2464 possunt:
918 2396 1215 2465 eujusmodi
1239 2406 1364 2452 sunt
1386 2400 1648 2468 impietas,
1728 2468 1731 2471 γ

65 2484 401 2552 blasphemia,
435 2485 677 2551 lascivia,
708 2488 1020 2553 crudelitas,
1056 2488 1439 2559 inhumanitas,
1472 2493 1648 2563 inglu-

64 2591 171 2633 vies.
200 2587 255 2629 et
282 2578 400 2631 alia
432 2576 719 2647 ejusmodi.

116 2667 222 2720 Tria
239 2686 452 2739 genera
471 2687 641 2725 rerum
666 2671 866 2736 :bonat,
893 2674 1061 2743 malm,
1089 2676 1283 2730 medite.
1301 2672 1502 2733 -Νοη
1528 2675 1650 2731 dico

66 2761 230 2816 milli]
252 2762 552 2818 hominem
575 2780 865 2835 numquam
894 2765 1004 2822 fieri
1036 2782 1194 2838 posse
1220 2768 1439 2835 bonum,
1474 2784 1649 2841 neque

66 2856 226 2910 meum
272 2855 409 2911 ﬁeri
456 2856 659 2912 malum
708 2858 847 2914 haud
892 2875 1143 2930 umquam
1188 2876 1382 2931 posse:
1417 2862 1512 2917 sed
1559 2878 1646 2919 res

66 2950 173 3015 esas
200 2951 320 3006 ﬁeri
354 2953 502 3006 tales
539 2967 645 3007 non
689 2966 863 3023 posse.
895 2952 1182 3009 Enimvero
1211 2954 1293 3010 hae
1324 2956 1376 3011 in
1404 2970 1502 3011 suo
1530 2971 1645 3011 ma-

68 3053 219 3099 nentes
254 3044 491 3110 ordine,
542 3043 660 3099 alia:
698 3045 850 3100 bonae
893 3055 1055 3109 sunt,
1085 3047 1205 3102 stite
1249 3048 1404 3102 mala.-
1437 3065 1449 3101 :
1482 3048 1645 3103 homo

66 3151 159 3188 vero
179 3176 196 3197 .
238 3136 478 3206 quando
520 3136 609 3190 illa
640 3136 854 3205 quidem
881 3137 1106 3207 elegerit
1130 3178 1144 3199 .
1189 3137 1362 3193 bonus
1385 3180 1401 3205 ,
1433 3139 1644 3209 quando

66 3242 160 3279 rem
181 3229 497 3294 contraria,
526 3230 696 3283 malus
716 3229 839 3284 erit.
865 3228 1027 3299 Igitur
1053 3239 1165 3285 tres
1193 3241 1318 3286 sunt
1348 3232 1435 3285 isti
1462 3247 1644 3287 rerum

62 3320 243 3373 admei
276 3337 293 3373 ε
331 3319 486 3374 bona
514 3319 729 3389 quidem
763 3336 1050 3392 numquam
1079 3321 1193 3377 fieri
1227 3331 1452 3392 possunt
1480 3324 1641 3389 mala,

62 3412 331 3479 θεῇωωὶ
363 3422 501 3467 sunt
530 3414 899 3482 temperantia,
934 3416 1298 3486 eleemosyna,
1328 3425 1382 3470 et
1410 3416 1602 3469 similia
1627 3434 1639 3470 :

62 3503 165 3555 mla
194 3520 330 3557 vero
361 3518 663 3573 numquam
695 3503 808 3558 ﬁeri
843 3513 1065 3573 possunt
1097 3506 1233 3560 bona
1256 3549 1269 3570 ,
1299 3515 1356 3561 ut
1385 3507 1594 3560 lascivia
1623 3548 1637 3570 ,

61 3594 405 3650 immanitas
435 3604 489 3650 et
513 3595 807 3652 crudelitas
835 3613 848 3649 :
880 3597 1125 3667 quaedam
1150 3608 1328 3654 autem
1354 3601 1640 3669 aliquando

62 3690 131 3740 se
154 3729 169 3751 ,
200 3688 511 3756 aliquando
544 3688 671 3743 illud
704 3689 837 3743 fiunt
866 3705 962 3758 pro
992 3691 1202 3746 ratione
1232 3692 1397 3747 animi
1426 3701 1480 3746 et
1508 3692 1635 3749 aﬂ'e-

62 3796 145 3835 uas
168 3799 364 3837 eorum
398 3825 416 3844 ,
461 3783 554 3852 qui
598 3783 677 3838 eis
704 3792 944 3838 utuntur.
993 3784 1196 3839 Divitia:
1237 3801 1636 3856 nonnumquam

61 3878 102 3927 ετ]
125 3879 300 3932 aliena
333 3877 481 3931 bona
520 3877 821 3932 invadenda
865 3879 1194 3944 inserviunt,
1235 3894 1635 3950 nonnumquam

57 3970 99 4018 si
122 3971 534 4041 eleemosynam
560 3970 962 4040 impertiendam
982 3988 995 4025 :
1013 3987 1198 4026 verum
1224 3972 1273 4026 id
1294 3972 1350 4027 fit
1368 3989 1430 4028 ex
1457 3975 1637 4030 animo

53 4064 296 4117 itaﬂ'ectu
322 4064 469 4132 ejus,
488 4065 579 4134 qui
607 4063 685 4119 eis
710 4064 896 4119 utitur.
921 4064 1211 4134 Paupertas
1235 4081 1632 4138 nonnumquam

52 4158 99 4207 ad
127 4156 527 4226 blasphemiam
547 4198 561 4220 ,
586 4171 986 4226 nonnumquam
1017 4157 1080 4211 ad
1111 4158 1540 4213 benedictionem
1572 4173 1635 4213 ac

52 4250 437 4317 gsilosopltiam
470 4250 711 4304 inservit.
744 4250 872 4318 Quia
905 4251 1065 4320 igitur
1090 4250 1486 4320 insipientiores
1528 4267 1631 4307 non

53 4345 177 4409 puti
208 4345 227 4414 (
246 4343 358 4411 jam
399 4342 550 4395 enim
576 4341 644 4394 ad
675 4341 999 4397 solutionem
1027 4342 1344 4397 veniendum
1371 4352 1453 4399 est
1482 4343 1499 4415 )
1525 4359 1631 4398 non

50 4436 197 4487 selum
227 4434 370 4487 mala
394 4476 412 4499 ,
443 4449 564 4500 qua:
591 4448 883 4503 numquam
927 4432 1064 4487 bona
1100 4433 1214 4487 ﬁeri
1241 4442 1467 4503 possunt
1493 4476 1508 4498 ,
1538 4436 1631 4491 sed

50 4532 187 4580 eum
214 4542 285 4579 ex
313 4526 385 4580 iis
412 4540 535 4594 qua:
562 4524 735 4580 media
763 4535 925 4591 sunt,
956 4526 1208 4580 nonnulla
1239 4538 1430 4582 vocant
1457 4527 1593 4581 mala
1613 4570 1629 4595 ,

52 4626 95 4668 ut
116 4625 491 4687 paupertatem
512 4657 531 4681 ,
562 4616 925 4686 captivitatem
952 4658 968 4682 ,
1000 4619 1310 4672 servitutem
1333 4658 1349 4683 ,
1378 4635 1496 4689 qua:
1523 4636 1629 4674 non

52 4712 169 4765 mer
194 4711 336 4764 mala
358 4754 372 4774 ,
401 4710 499 4765 sed
528 4711 667 4765 inter
695 4709 868 4765 media
897 4724 1020 4766 esse
1050 4713 1374 4766 numeranda
1403 4713 1630 4768 demon-

48 4803 318 4858 stravimus
347 4822 362 4857 :
395 4802 551 4855 multi
583 4815 747 4866 vero,
783 4812 837 4856 ut
866 4812 990 4858 ante
1016 4802 1124 4857 dixi
1154 4843 1169 4866 .
1216 4803 1331 4859 haec
1360 4807 1632 4875 appellant

48 4902 163 4948 nia
190 4912 317 4964 qua:
344 4895 487 4948 mala
517 4910 623 4948 non
655 4902 780 4949 sunt
810 4914 822 4948 :
852 4894 917 4949 de
945 4895 1061 4949 isus
1086 4895 1322 4965 loquitur
1345 4897 1626 4968 propheta,

50 5004 143 5051 sse
181 4988 487 5044 secundum
514 4987 656 5058 vulgi
683 4988 1131 5043 existimationem
1174 4990 1313 5044 mala
1346 5002 1626 5060 vocantur,

50 5096 131 5133 aea
158 5096 355 5135 revera
388 5091 517 5133 sunt
548 5081 686 5133 mala
718 5098 732 5134 ε
766 5080 835 5135 de
859 5081 1167 5150 captivitate
1192 5122 1206 5145 ,
1237 5081 1304 5137 de
1333 5084 1589 5140 servitute
1611 5127 1626 5151 ,

54 5174 95 5224 se
118 5174 264 5228 hinc
288 5184 345 5226 et
368 5174 490 5227 aliis
521 5173 805 5242 ejusmodi.
840 5173 991 5241 Quod
1020 5175 1163 5229 enim
1191 5175 1306 5231 hate
1337 5194 1442 5232 non
1471 5179 1630 5234 modo

50 5274 165 5318 vss-La
203 5281 313 5319 non
342 5267 497 5327 sint,
546 5266 639 5319 sed
679 5267 840 5319 etiam
881 5268 947 5320 ad
990 5266 1126 5320 mala
1170 5268 1484 5337 depellenda
1523 5270 1630 5323 sint

56 5358 145 5410 si
170 5400 187 5419 ,
236 5359 472 5427 primum
512 5358 566 5411 in
606 5359 838 5412 medium
880 5360 1082 5427 prolata
1128 5358 1265 5414 fame
1292 5360 1581 5415 doceamus
1608 5402 1624 5428 ,

52 5466 143 5515 qm
192 5450 478 5505 tremenda
530 5451 777 5504 omnibus
830 5465 893 5504 ac
935 5450 1191 5505 terribilis
1233 5449 1444 5506 videtur
1482 5466 1625 5506 esse.

54 5542 180 5596 ἒῖεαε
204 5543 390 5611 igitur,
422 5558 530 5613 quo
558 5554 711 5610 pacto
738 5542 873 5597 mala
901 5559 1007 5597 non
1048 5544 1117 5597 sit
1143 5583 1159 5606 ,
1200 5552 1255 5598 et
1296 5542 1364 5597 ad
1394 5542 1630 5612 philoso-

54 5633 298 5699 tandum
350 5634 644 5688 instruere.
695 5631 829 5688 Cum
881 5625 1108 5706 populus
1161 5633 1508 5689 Hebraeorum
1562 5635 1628 5691 ad

58 5744 285 5784 aurium
306 5728 708 5799 improbitatem
730 5728 1054 5796 devcnissct,
1082 5738 1190 5784 tttm
1213 5745 1435 5801 magnus
1459 5728 1623 5798 Elias,

721 250 785 305 lN
825 249 1024 307 ILLUD
1065 251 1289 313 ΙΞΑΙΑΞ.
1332 253 1470 310 EGU
1511 254 1809 311 DOlllNUS
1852 257 2030 315 DEUS
2067 260 2217 316 FECI
2259 260 2515 332 LUMEN,
2558 265 2712 323 ETC.

3269 275 3370 335 £50

1781 374 1835 420 et
1856 369 1985 422 caelo
2008 369 2222 441 dignus,
2248 390 2369 428 cum
2395 376 2555 431 vellet
2580 378 2840 434 socordia:
2864 381 3107 438 morbum
3131 385 3365 455 auferre,

1779 474 2008 531 eumque
2034 465 2301 534 corrigere
2319 510 2334 533 ,
2358 467 2553 537 adjecit
2580 471 2763 527 dicens
2788 492 2801 527 :
2838 473 2964 529 Vivit
2996 477 3261 545 Dominus,
3286 485 3371 539 cui

1778 555 1950 609 adstiti
1976 575 2145 612 coram
2171 577 2229 615 eo
2250 602 2265 627 ,
2300 566 2346 614 si
2385 564 2477 616 erit
2506 566 2675 632 pluvia
2698 607 2714 633 ,
2755 567 2850 620 nisi
2878 585 2969 638 per
2997 587 3052 624 os
3086 588 3249 626 meum
3272 574 3364 647 (5.

1777 646 1905 717 Reg.
1940 649 2022 703 17.
2057 652 2075 703 1
2108 650 2125 720 )
2160 669 2173 705 :
2206 664 2258 705 et
2298 653 2383 720 qui
2418 655 2649 710 meloten
2692 657 2857 711 solam
2894 661 3226 728 possidebat,
3258 680 3364 719 cre-

1777 736 1886 793 lum
1921 740 2111 795 clausit
2137 782 2151 805 ,
2192 752 2335 798 tanta
2377 745 2516 815 apud
2564 747 2727 801 Deum
2768 750 2936 819 gratia
2986 752 3170 807 valuit.
3200 753 3364 812 Vides

1777 840 2137 899 paupertatem
2167 834 2364 889 malum
2393 853 2495 890 non
2523 839 2686 892 esse?
2716 839 2828 893 Non
2856 843 2997 896 enim
3026 854 3168 897 tanta
3193 847 3361 914 gratia

1771 921 2027 977 valuisset
2056 926 2359 980 mortalium
2392 938 2703 984 cunctorum
2739 934 3126 1002 pauperrimus,
3160 945 3216 989 ttt
3240 952 3361 991 cum

1772 1014 1824 1069 in
1855 1016 2012 1070 terris
2042 1028 2367 1085 versaretur,
2402 1028 2603 1076 tantam
2636 1023 2886 1079 virtutem
2918 1041 3022 1079 uno
3052 1028 3167 1082 solo
3195 1028 3362 1082 verbo

1771 1122 1879 1176 pra:
1906 1124 1965 1163 se
1988 1109 2171 1165 ferret.
2193 1104 2305 1167 Hoc
2323 1128 2449 1184 ergo
2469 1113 2613 1170 dicto
2635 1115 2827 1171 famem
2850 1118 3071 1172 immisit
3094 1130 3357 1190 tamquam

1769 1200 2029 1268 optimum
2076 1202 2420 1274 ptedagogum
2446 1247 2461 1271 ,
2494 1218 2548 1261 et
2583 1208 2844 1261 malorum
2891 1225 3009 1277 quze
3054 1211 3359 1267 acciderant

1768 1292 2169 1349 emendatorem
2202 1312 2214 1346 :
2248 1304 2410 1365 atque
2438 1304 2495 1350 ut
2525 1298 2583 1351 fit
2617 1313 2737 1353 cum
2780 1299 3072 1356 vehemens
3112 1303 3355 1371 quaedam

1768 1382 1930 1437 febris
1955 1399 2150 1452 corpus
2181 1386 2393 1452 invasit,
2429 1405 2578 1443 venae
2610 1391 2738 1458 ipsa:
2770 1401 2925 1445 terrm
2950 1396 3354 1464 exarescebant,

1768 1480 2030 1529 torrentes
2060 1474 2404 1542 deﬁciebant,
2433 1489 2484 1533 et
2516 1480 2715 1544 herbae,
2744 1490 2798 1536 et
2825 1490 2981 1536 terra:
3011 1485 3213 1539 viscera
3243 1495 3354 1541 stc-

1765 1563 1882 1618 rilia
1914 1567 2124 1634 penitus
2154 1568 2405 1639 deinceps
2433 1580 2606 1625 erant.
2640 1570 2824 1640 Neque
2858 1589 2983 1627 vero
3016 1576 3357 1632 mediocriter

1763 1654 1814 1710 id
1849 1657 2042 1726 populo
2080 1657 2178 1714 fuit
2222 1660 2348 1716 utile
2373 1703 2387 1727 ,
2425 1677 2547 1718 cum
2578 1679 2854 1733 repressus
2897 1665 3123 1735 impetus
3156 1666 3351 1731 fuerit,

1763 1763 1868 1819 quo
1892 1750 1957 1804 ad
1987 1751 2317 1823 iniquitatem
2341 1755 2631 1824 ferebatur,
2655 1766 2708 1812 et
2728 1760 3015 1829 castigatus
3038 1760 3352 1815 modestior-

1760 1857 1866 1912 que
1896 1844 1964 1897 sit
1996 1844 2181 1908 factus,
2214 1854 2268 1900 et
2296 1846 2361 1901 ad
2388 1846 2864 1916 obtemperandum
2897 1850 3166 1919 μνοριιειςυ
3197 1867 3347 1905 man-

1760 1937 1982 1991 suetior.
2030 1936 2162 1992 Nam
2204 1940 2296 2009 qui
2340 1940 2405 1995 ad
2454 1938 2591 1994 idola
2631 1941 2955 2003 currebant,
2987 1952 3040 1996 et
3069 1940 3348 1997 diemoniis

1730 2096 1737 2101 Δ
1761 2026 1898 2082 ﬁlios
1928 2043 2054 2083 suos
2077 2030 2398 2094 mactabant,
2426 2030 2478 2084 hi
2504 2039 2581 2086 tot
2601 2032 2790 2085 occisis
2808 2032 3175 2087 sacerdotibus
3200 2033 3346 2097 Baal,

1760 2135 1864 2173 non
1897 2119 2150 2192 indignati
2182 2132 2324 2189 sunt,
2354 2139 2459 2177 non
2490 2123 2855 2191 iudoluerunt,
2887 2124 2982 2178 sed
3006 2123 3160 2178 famis
3187 2140 3351 2195 Opera

1757 2213 1950 2269 redditi
1981 2214 2232 2269 meliores
2254 2256 2269 2282 ,
2310 2224 2548 2271 tacentes
2580 2230 2642 2270 ac
2667 2224 2811 2271 metu
2842 2215 3073 2286 correpti
3111 2232 3222 2271 rem
3253 2232 3350 2287 pa-

1760 2306 1953 2360 tienter
1983 2306 2240 2361 tulerunt.

1829 2398 1881 2452 6.
1928 2398 2088 2453 Vides
2139 2414 2245 2452 non
2292 2399 2449 2455 modo
2477 2401 2673 2455 malum
2719 2418 2823 2455 non
2852 2416 2972 2457 esse
3007 2401 3222 2469 famem,
3246 2404 3341 2458 sed

1754 2489 1820 2544 ad
1852 2490 1988 2543 mala
2016 2491 2174 2544 etiam
2209 2490 2439 2545 tollenda
2463 2492 2801 2562 prodesse,et
2824 2493 2888 2547 ad
2910 2493 3172 2549 sanandas
3190 2496 3348 2565 :rgri-

1757 2582 1968 2637 tudines
1997 2581 2220 2637 remedii
2248 2582 2425 2637 locum
2443 2582 2723 2638 obtinere?
2747 2584 2897 2651 Quod
2918 2585 2962 2640 si
2985 2586 3344 2655 captivitatem

1754 2674 1923 2743 ipsam
1954 2672 2112 2728 etiam
2146 2673 2326 2728 videre
2345 2674 2478 2729 velis
2500 2675 2696 2728 malum
2728 2692 2831 2730 non
2862 2691 3001 2742 esse,
3029 2676 3199 2747 cogita
3216 2693 3347 2748 qua-

1754 2766 1829 2820 les
1850 2777 1972 2822 ante
1993 2769 2352 2837 captivitatem
2375 2777 2556 2822 essent
2575 2767 2765 2831 Judaei,
2793 2779 2848 2823 et
2875 2770 3057 2839 quales
3089 2770 3139 2823 in
3171 2771 3344 2842 capti-

1752 2858 1934 2921 vitate,
1963 2869 2018 2911 ut
2046 2858 2311 2928 intelligas
2342 2874 2515 2928 neque
2534 2859 2831 2913 libertatem
2852 2859 3098 2915 absolute
3118 2860 3341 2927 bonum,

1752 2962 1925 3018 neque
1954 2949 2311 3018 etptivitatem
2340 2950 2534 3003 malum
2563 2965 2701 3004 esse.
2723 2949 2948 3017 Quando
2964 2951 3105 3005 enim
3129 2951 3347 3007 liberta-

1752 3051 1803 3096 te
1831 3041 2145 3096 fruebantur
2165 3084 2179 3105 ,
2202 3052 2256 3097 et
2286 3042 2337 3097 in
2369 3042 2535 3112 patria
2562 3058 2657 3098 sua
2682 3042 2970 3114 degebant,
2997 3045 3065 3097 ita
3100 3060 3159 3098 se
3184 3059 3341 3114 gere-

1749 3133 1897 3200 bant,
1929 3144 1984 3188 ιιι
2011 3134 2233 3203 singulis
2259 3134 2445 3189 diebus
2484 3134 2743 3190 adversus
2773 3136 2891 3191 illos
2919 3135 3342 3191 vociferarentur

1749 3226 2055 3295 prophetae,
2105 3226 2229 3280 dum
2276 3227 2425 3297 leges
2467 3229 2929 3295 conculcarentur,
2984 3227 3341 3284 adorarentur

1747 3319 1908 3384 idola,
1941 3328 1995 3375 et
2026 3321 2113 3375 Dei
2154 3322 2401 3376 mandata
2426 3322 2794 3376 violarentur:
2830 3332 3107 3393 postquam
3158 3332 3335 3379 autem

1747 3413 1799 3467 in
1819 3413 2046 3468 alienam
2075 3413 2238 3471 delati
2270 3426 2394 3469 sunt
2423 3426 2617 3470 terram
2645 3459 2659 3481 ,
2691 3424 2746 3471 et
2783 3416 2836 3472 in
2864 3417 3212 3481 barbarorum
3251 3434 3338 3474 re-

1744 3506 1903 3575 gione
1934 3507 2167 3573 versati,
2199 3507 2276 3562 sic
2304 3508 2544 3579 depressi
2572 3519 2695 3562 sunt
2719 3551 2733 3574 ,
2758 3524 2822 3564 ac
2856 3511 3107 3565 meliores
3144 3526 3335 3566 evase-

1744 3607 1887 3661 runt,
1918 3597 2196 3669 legemque
2222 3608 2536 3664 servarunt,
2568 3610 2626 3655 ut
2665 3617 2730 3656 ex
2775 3602 2890 3672 ipso
2919 3604 3129 3669 psalmo
3157 3605 3334 3677 colligi

1744 3698 1939 3759 potest,
1970 3706 2128 3761 quem
2172 3706 2351 3763 opera:
2381 3692 2607 3763 pretium
2637 3701 2718 3746 est
2746 3692 3005 3748 hodierno
3025 3695 3111 3750 die
3141 3696 3191 3749 in
3216 3712 3333 3751 me-

1742 3783 1887 3839 dium
1910 3784 2122 3851 afferre,
2152 3795 2209 3840 ut
2233 3801 2299 3839 ex
2327 3800 2391 3840 eo
2406 3785 2727 3855 captivitatis
2753 3784 2982 3841 fruetum
3006 3790 3330 3856 agnoscatis.

1741 3875 1870 3944 Quis
1911 3877 1994 3930 ille
2024 3891 2182 3946 porro
2214 3877 2451 3940 psalmus
2478 3877 2594 3931 est?
2617 3864 2787 3947 Super
2813 3879 3028 3947 ﬂumina
3057 3877 3332 3950 Babylonis

1740 3968 1844 4021 illic
1867 3968 2108 4034 sedimus,
2137 3979 2182 4021 et
2220 3968 2469 4038 fleuimus,
2502 3968 2623 4021 dum
2664 3969 3042 4022 recordaremur
3070 3969 3217 4024 Sion.
3262 3969 3330 4025 lu

1739 4059 1974 4114 salicibus
2000 4060 2052 4113 in
2079 4058 2242 4112 medio
2263 4060 2372 4129 ejus
2389 4058 2738 4129 suspendimns
2755 4076 2946 4130 organa
2967 4071 3156 4114 nostra.
3184 4060 3297 4127 Quo
3312 4090 3329 4101 -

1740 4153 1875 4205 niam
1919 4153 2023 4205 illis
2050 4152 2483 4221 interrogaverunt
2530 4168 2639 4212 nos,
2672 4152 2757 4220 qui
2805 4153 3028 4219 captivos
3076 4153 3328 4207 duxerunt

1710 4238 1715 4241 ’
1739 4262 1849 4309 nos,
1878 4245 2024 4298 verba
2040 4244 2351 4307 cantionum,
2384 4244 2604 4297 dicentes
2631 4242 2876 4297 :Cantate
2905 4244 3044 4297 nobis
3071 4245 3133 4297 de
3160 4246 3323 4299 canti-

1736 4338 1807 4391 cis
1839 4338 1985 4392 Sion.
2013 4336 2277 4402 Quomodo
2301 4335 2612 4390 cantabimus
2634 4336 2884 4389 canticum
2903 4335 3107 4390 Domini
3121 4338 3172 4390 in
3193 4347 3328 4393 terra

1737 4428 1902 4483 aliena
1950 4427 2119 4501 (Psal.
2149 4427 2272 4483 156.
2304 4426 2479 4499 1-4).
2528 4426 2691 4482 Vides
2717 4435 2776 4481 ut
2820 4428 2963 4496 ipsos
3001 4428 3328 4498 depresserit

1736 4522 2033 4591 captivitas.
2062 4518 2194 4574 Nam
2216 4527 2341 4575 ante
2373 4519 2515 4573 illam
2555 4517 2767 4588 quidem
2800 4518 3085 4588 prophetas
3112 4535 3218 4574 non
3252 4520 3327 4575 fe-

1737 4616 1957 4682 rebant,
1986 4631 2015 4669 a
2050 4615 2240 4685 quibus
2265 4613 2706 4676 admonebantur,
2743 4621 2799 4665 ut
2839 4627 2904 4667 ne
2936 4612 3104 4679 legem
3150 4621 3326 4667 trans-

1734 4708 2084 4779 grederentur
2130 4724 2142 4759 :
2190 4715 2311 4775 post
2370 4705 2512 4758 illam
2569 4713 2744 4759 autem
2793 4705 2953 4757 etiam
3005 4704 3325 4759 instantibus

1736 4800 1997 4863 barbaris,
2031 4807 2084 4852 et
2108 4796 2339 4851 dominis
2369 4795 2678 4866 cogentibus
2705 4803 2862 4863 atque
2893 4795 3237 4864 urgentilms,
3266 4806 3324 4850 ut

1735 4909 1852 4946 eam
1903 4889 2423 4959 transgrederentur,
2473 4886 2689 4941 minime
2741 4886 3026 4955 parebant,
3056 4884 3149 4939 sed
3178 4885 3323 4940 dice-

1734 4987 1862 5042 bant
1889 5003 1901 5038 :
1934 4984 2050 5039 Non
2071 4981 2399 5038 cantabimus
2427 4979 2688 5035 canticum
2717 4978 2921 5033 Domini
2955 4977 3003 5030 in
3028 4986 3166 5033 terra
3194 4978 3324 5032 alie~

1736 5095 1822 5145 na,
1850 5078 2097 5149 quoniam
2128 5075 2178 5129 id
2209 5076 2289 5129 lex
2326 5090 2427 5127 non
2464 5071 2823 5142 permittebat.
2881 5070 3013 5125 Vitle
3051 5080 3227 5126 autem
3271 5081 3324 5125 et

1736 5183 1843 5227 tres
1868 5186 2093 5242 pueros,
2123 5170 2211 5239 qui
2244 5184 2349 5221 non
2395 5166 2566 5220 solum
2612 5183 2639 5218 a
2689 5165 2993 5233 captivitate
3050 5165 3160 5218 lzesi
3216 5181 3320 5217 non

1734 5276 1852 5321 sunt
1874 5305 1891 5332 ,
1918 5262 2014 5320 sed
2040 5262 2330 5331 etiatnejns
2351 5276 2509 5329 opera
2540 5260 2857 5313 illustriores
2886 5268 3202 5321 evaserunt;
3231 5271 3321 5309 eo-

1733 5360 1961 5428 demque
1981 5355 2137 5410 modo
2166 5354 2461 5409 Danielem.
2486 5351 2622 5420 Quid
2648 5366 2775 5406 vero
2794 5350 2991 5420 Joseph
3008 5350 3032 5404 ?
3051 5347 3176 5419 quid
3198 5345 3319 5401 mali

1731 5466 1920 5523 passus
1947 5458 2049 5517 est,
2077 5464 2198 5503 cum
2232 5455 2285 5503 et
2312 5445 2653 5517 peregrinus.
2676 5454 2730 5499 et
2758 5458 2945 5499 servus
2968 5484 2983 5509 ,
3004 5451 3056 5496 et
3079 5436 3329 5507 captivus

1733 5552 1812 5599 est
1841 5542 2041 5598 factus?
2066 5556 2243 5597 nonne
2266 5537 2370 5595 hoc
2396 5554 2555 5592 unum
2588 5537 2664 5592 illi
2687 5535 3025 5607 Splendorem
3047 5546 3316 5599 compara-

1732 5634 1848 5689 vit?
1877 5633 2013 5702 Quid
2047 5647 2174 5689 vero
2213 5630 2406 5686 mulier
2440 5628 2529 5683 illa
2557 5626 2778 5682 barbara
2800 5666 2816 5691 ,
2845 5639 2961 5694 qua:
3011 5624 3061 5677 in
3109 5620 3317 5690 opibus,

1740 5729 2013 5801 superbia,
2044 5737 2100 5783 et
2127 5725 2372 5782 libertate
2401 5720 2644 5794 degebat,
2675 5719 2796 5774 inde
2825 5718 3023 5772 lucrata
3042 5716 3160 5770 est?
3192 5732 3324 5769 nona
