3696 6278
399 316 493 373 151

398 445 464 481 ne
495 425 731 480 uninium
754 424 849 480 fuit
880 424 1197 489 miserrima,
1224 432 1503 493 postquam
1526 418 1661 484 istis,
1696 426 1753 472 ut
1772 426 1986 487 oporte-

400 522 513 585 bat,
541 518 614 573 uti
642 516 848 573 noluit?
879 517 1004 571 ilmc
1029 517 1187 587 igitur
1211 514 1489 571 evidenter
1508 526 1537 566 a
1566 511 1720 566 nobis
1746 518 1870 564 sunt
1888 507 1984 563 de-

326 606 344 682 ζ
398 618 712 674 monstrata,
732 623 975 679 quaenam
994 608 1100 662 sint
1120 607 1277 671 mala,
1299 619 1543 677 qurenam
1561 604 1718 668 bona,
1742 616 1987 672 quzrnam

398 703 593 770 media,
619 710 675 757 et
706 701 773 756 de
799 700 988 755 mediis
1008 698 1149 769 loqui
1178 699 1650 769 prephetam,qu:e
1674 694 1847 764 reipsa
1875 706 1991 745 ma-

395 794 443 847 la
474 808 577 846 non
606 799 749 849 sunt.
782 790 875 845 sed
903 791 1059 861 vulgo
1089 790 1226 843 mala
1254 788 1524 853 videntur,
1563 784 1631 840 de
1659 782 1985 854 captivitate,

394 889 686 946 servitute,
736 881 1079 936 abductione.
1128 880 1297 947 Quam
1340 891 1468 932 vero
1509 876 1577 931 ob
1614 889 1832 931 causam
1872 872 1988 929 haec

401 976 540 1030 dicta
570 975 696 1037 sint,
729 988 907 1043 Opera:
941 972 1167 1042 pretium
1199 969 1358 1024 fuerit
1385 980 1527 1023 nunc
1554 966 1771 1021 docere.

478 1065 749 1138 Prophetas
797 1081 888 1118 cur
933 1063 1093 1117 missi.
1131 1092 1203 1103 —
1242 1060 1507 1128 Benignus
1534 1073 1655 1112 cum
1704 1057 1774 1110 sit
1821 1054 1984 1122 Deus,

396 1168 451 1212 et
477 1158 541 1212 ad
574 1156 932 1211 miserandum
964 1163 1263 1225 promptus,
1292 1154 1357 1207 ad
1403 1148 1765 1222 castigandum
1796 1164 1859 1203 ac
1887 1163 1987 1218 pu-

399 1253 648 1307 niendum
679 1258 959 1304 cunctator
1002 1255 1057 1302 et
1096 1247 1312 1313 tardus,
1361 1260 1427 1299 ne
1456 1245 1669 1300 Iudaeos
1715 1242 1989 1312 suppliciis

398 1347 679 1402 mulctaret
705 1388 719 1410 ,
752 1343 1036 1414 prophetas
1077 1342 1240 1403 misit,
1284 1350 1341 1394 ut
1380 1340 1556 1394 verbis
1593 1354 1685 1423 eos
1739 1345 1985 1404 terreret,

396 1456 569 1511 neque
608 1438 772 1495 rebus
820 1438 948 1507 ipsis
986 1435 1246 1507 puniret:
1292 1434 1434 1504 quod
1462 1442 1516 1487 et
1562 1447 1684 1503 erga
1728 1430 1989 1485 Ninivitas

399 1536 660 1604 praestitit.
693 1533 826 1589 Nam
856 1542 910 1586 et
933 1532 1041 1585 illic
1070 1530 1197 1585 olim
1228 1529 1411 1584 urbem
1449 1543 1507 1583 se
1536 1541 1851 1582 eversurum
1887 1523 1990 1578 mi-

399 1638 551 1681 natus
578 1633 661 1681 est
681 1666 695 1690 ,
727 1641 832 1679 non
865 1633 923 1677 ut
951 1629 1247 1686 everteret,
1280 1620 1374 1675 sed
1426 1629 1482 1674 ut
1537 1636 1641 1674 non
1697 1626 1985 1685 everteret,

394 1715 538 1786 quod
566 1719 745 1786 utique
774 1713 1017 1784 contigit.
1073 1712 1183 1767 Hoc
1232 1712 1479 1766 nimirum
1516 1719 1570 1764 et
1614 1716 1737 1764 tunc
1777 1709 1985 1779 agebat,

398 1809 683 1878 prophetas
711 1806 977 1872 mittebat,
994 1821 1055 1860 ac
1072 1805 1415 1860 barbarorum
1448 1804 1802 1869 incursiones,
1824 1801 1986 1867 bella,

394 1900 730 1967 captivitates
753 1940 768 1966 ,
798 1897 1171 1952 abductionem
1195 1937 1209 1961 ,
1244 1905 1299 1951 ct
1324 1897 1374 1950 in
1400 1896 1571 1950 aliena
1599 1894 1817 1965 regione
1836 1907 1987 1948 com-

397 1997 745 2046 morationem
789 1989 1111 2044 minabatur.
1153 1988 1221 2042 Et
1245 1986 1692 2059 quemadmodum
1724 1995 1874 2057 pater
1903 1984 1988 2039 in-

397 2084 639 2155 dulgens,
669 2082 755 2138 cui
780 2083 919 2138 filius
945 2092 1028 2137 est
1052 2081 1364 2136 libidinosus
1394 2096 1457 2136 ac
1479 2081 1773 2151 negligens,
1801 2079 1868 2134 ad
1895 2093 1988 2134 sa-

398 2191 517 2229 nam
545 2185 779 2230 mentem
804 2174 990 2229 volens
1016 2189 1137 2229 eum
1176 2173 1465 2238 reducere,
1509 2172 1711 2242 ﬂagella
1743 2171 1986 2243 requirit,

397 2264 549 2321 funes
581 2266 809 2319 minatur
838 2263 1021 2320 dicens
1054 2281 1067 2317 :
1105 2263 1371 2331 Vinciam,
1406 2263 1629 2334 flagellis
1655 2263 1878 2330 cmdam,
1907 2264 1991 2317 in-

399 2359 677 2422 terficiam,
711 2358 875 2429 fitquc
902 2356 1082 2413 verbis
1110 2357 1447 2423 terribilis,ut
1474 2357 1574 2411 hac
1608 2357 1812 2412 ratione
1835 2356 1991 2425 juve-

397 2451 480 2506 nis
508 2450 897 2521 improbitatem
926 2457 1232 2519 compescat
1264 2467 1277 2502 :
1306 2450 1374 2503 ita
1410 2449 1658 2503 nimirum
1688 2448 1826 2503 Deus
1860 2462 1991 2503 con-

404 2543 548 2597 tinue
577 2541 909 2608 minabatur,
935 2557 1055 2596 cum
1085 2556 1179 2596 eos
1208 2540 1402 2610 injecto
1447 2547 1591 2595 metu
1619 2539 1843 2595 reddere
1874 2552 1990 2594 me-

398 2637 561 2692 liores
588 2636 766 2691 vellet.
797 2634 922 2689 Haec
946 2649 1177 2690 cernens
1201 2634 1463 2698 diabolus,
1483 2634 1769 2704 volensque
1798 2646 1988 2687 emen-

395 2730 670 2785 dationem
695 2769 711 2794 ,
737 2744 855 2797 qua:
884 2726 1309 2796 consequebatur
1330 2724 1426 2780 has
1452 2725 1622 2780 minas
1649 2766 1665 2791 ,
1694 2722 1986 2793 impedire,

399 2820 887 2892 pseudoprophetas
916 2820 1154 2886 immisit,
1200 2827 1255 2873 et
1279 2818 1551 2889 prepltetis
1587 2817 1944 2888 captivitatem
1970 2856 1985 2882 ,

396 2914 731 2981 servitutem,
758 2912 1056 2982 famemque
1084 2911 1431 2976 minantibus,
1466 2910 1538 2964 illi
1574 2909 1861 2977 contraria,
1891 2923 1988 2979 pa-

396 3022 544 3072 cem,
575 3016 730 3061 terrm
762 3005 1086 3061 fertilitatem
1109 3046 1126 3070 ,
1160 3004 1558 3060 innumerorum
1599 3004 1859 3059 bonorum
1892 3018 1989 3059 co-

399 3100 537 3167 piam
592 3096 967 3167 prtedicebant.
1032 3096 1236 3150 ideirco
1283 3098 1671 3165 exprobrantes
1714 3096 1817 3149 illis
1865 3111 1990 3165 pro-

400 3191 574 3261 pheta:
598 3190 884 3244 dicebant:
908 3189 1047 3256 Pax,
1080 3199 1277 3259 pax;et
1303 3189 1387 3242 ubi
1411 3198 1482 3244 est
1500 3206 1606 3261 pax
1631 3187 1763 3255 (Jer.
1786 3189 1841 3245 6.
1875 3189 1989 3259 li)?

398 3284 463 3337 Et
484 3283 658 3338 sciunt
680 3297 885 3347 omnes,
918 3281 1007 3351 qui
1036 3297 1307 3337 sacrarum
1334 3281 1606 3337 literarum
1630 3292 1753 3338 sunt
1783 3281 1989 3337 studio-

395 3373 462 3441 si,
490 3382 680 3429 cuncta
707 3375 969 3441 evenisse,
990 3390 1107 3445 quae
1135 3374 1405 3444 prophetae
1424 3374 1782 3444 praedixerant
1801 3374 1991 3430 adver-

398 3481 489 3520 sus
514 3465 1027 3536 pseudoprophetas,
1056 3466 1145 3537 qui
1177 3467 1355 3538 populi
1378 3467 1611 3522 studium
1644 3468 1992 3523 debilitabant

397 3574 458 3613 ac
488 3557 818 3629 frangebant.
849 3557 1287 3630 Quoniamigitur
1307 3560 1559 3630 p0pulum
1580 3561 1649 3615 ita
1672 3561 1987 3616 dissolutum

397 3653 831 3719 corrumpebant,
891 3666 986 3720 per
1031 3652 1319 3721 prOphetas
1363 3653 1437 3706 ait
1478 3654 1615 3707 Deus
1654 3671 1665 3705 :
1698 3651 1811 3725 Ego
1854 3652 1992 3709 Deus

400 3742 592 3813 faciens
614 3758 809 3811 pacem,
841 3752 887 3796 et
906 3758 1083 3797 creans
1110 3743 1245 3797 mala
1267 3743 1420 3815 (Isai.
1450 3746 1536 3800 45.
1556 3745 1630 3815 7).
1656 3746 1719 3800 Et
1746 3762 1989 3816 quasnam

403 3833 579 3888 mala?
611 3833 736 3888 Πωο
789 3849 905 3904 quae
939 3846 1357 3892 commemorata
1413 3848 1557 3905 sunt,
1606 3840 1987 3908 captivitatem,

397 3925 707 3980 servitutem
734 3935 785 3979 ct
810 3925 911 3979 alia
939 3926 1199 3996 ejusmodi
1225 3945 1239 3982 :
1268 3944 1371 3983 non
1400 3926 1807 3985 fornicationem
1838 3941 1891 3986 et
1918 3932 1992 3987 la-

399 4017 638 4081 sciviam,
663 4025 717 4071 et
743 4018 1040 4083 avaritiam,
1070 4035 1241 4090 neque
1267 4018 1408 4074 aliud
1438 4020 1725 4092 quidquam
1752 4022 1990 4092 ejusmo_~

398 4109 471 4163 di.
514 4109 716 4165 Idcirco
747 4111 905 4165 etiam
932 4112 1147 4182 quando
1191 4113 1330 4168 alius
1353 4115 1609 4184 pr0pbeta
1640 4115 1805 4181 dixit,
1839 4116 1901 4173 Si
1921 4128 1993 4173 est

400 4201 595 4256 malitia
624 4203 675 4256 in
700 4203 896 4257 civitate
919 4244 932 4267 ,
965 4221 1113 4271 quam
1149 4221 1248 4257 non
1276 4206 1394 4276 fecit
1421 4205 1668 4261 Dominus
1699 4206 1717 4277 (
1748 4207 1902 4262 Amos
1933 4209 1988 4265 '5.

402 4294 481 4366 6),
507 4293 643 4347 hanc
680 4293 813 4348 dixit
840 4294 1116 4359 malitiam,
1142 4295 1331 4349 famem
1351 4336 1367 4362 ,
1398 4298 1676 4364 morbum,
1708 4298 1934 4355 inflictas
1962 4315 1990 4356 a

404 4388 512 4442 Deo
534 4390 712 4458 plagas
736 4406 749 4441 :
779 4388 857 4443 sic
884 4399 938 4443 et
965 4389 1209 4444 Christus
1234 4406 1354 4444 cum
1382 4391 1529 4458 dicit,
1557 4391 1752 4463 Suﬂicit
1768 4393 1869 4447 diei
1886 4410 1996 4446 ma-

404 4482 511 4535 litia
531 4500 622 4536 sua
648 4481 859 4554 (Matth.
890 4484 943 4537 6.
967 4482 1077 4557 54),
1108 4483 1332 4539 sudores
1358 4482 1518 4550 dicit,
1542 4485 1779 4542 laborem
1807 4528 1821 4553 ,
1853 4485 1993 4540 afﬂi-

402 4575 657 4629 ctiouem.

476 4669 527 4723 7.
577 4667 689 4723 lloc
715 4667 874 4738 igitur
900 4666 1029 4724 dicit
1054 4667 1309 4738 propheta
1334 4686 1347 4722 :
1370 4667 1448 4724 Ne
1479 4668 1680 4725 debiles
1709 4685 1772 4725 ac
1800 4669 1988 4726 remis-

405 4778 495 4817 sos
534 4778 628 4817 vos
671 4761 900 4817 reddant
942 4762 1457 4833 pseudoprophetaa;
1505 4763 1643 4817 Deus
1668 4764 1810 4819 enim
1841 4763 1992 4819 vobis

406 4868 589 4923 pacem
630 4855 807 4924 largiri
838 4865 1049 4925 potest,
1087 4865 1141 4910 et
1169 4854 1459 4925 captivitati
1486 4870 1581 4910 vos
1613 4855 1825 4910 tradere
1853 4872 1866 4908 :
1895 4856 1997 4911 hoc

404 4956 506 5011 est,
542 4945 761 5001 Faciens
786 4964 959 5017 pacem
979 4990 994 5011 ,
1023 4958 1069 5002 et
1105 4964 1279 5002 creans
1306 4948 1460 5002 mala.
1490 4949 1663 5018 Atque
1692 4956 1747 5003 ut
1772 4946 1874 5003 hoc
1901 4963 1995 5003 ve-

406 5055 523 5093 rum
552 5054 674 5095 esse
702 5040 987 5111 intelligas,
1013 5041 1155 5110 ipsas
1180 5040 1437 5095 dictiones
1465 5039 1761 5095 accuratius
1790 5040 1994 5094 exami-

408 5146 615 5186 nemus.
666 5130 799 5187 Cum
832 5132 975 5185 enim
1017 5141 1143 5187 ante
1182 5130 1445 5197 dixisset,
1489 5129 1602 5202 Ego
1642 5148 1750 5183 sum
1787 5131 1873 5201 qui
1902 5130 1998 5199 [cci

408 5224 567 5277 lucem
583 5234 628 5277 et
645 5223 891 5291 tenebras,
912 5232 1036 5278 tunc
1051 5224 1272 5289 addidit,
1290 5223 1506 5297 Faciem
1528 5240 1701 5293 pacem
1718 5265 1733 5289 ,
1756 5234 1803 5277 et
1823 5240 1999 5281 creant

409 5316 564 5370 mala.
598 5317 711 5371 Duo
735 5318 1001 5372 contraria
1023 5333 1183 5394 supra
1210 5318 1404 5387 posuit,
1426 5332 1489 5372 ac
1517 5316 1713 5372 deinde
1737 5317 1845 5371 duo
1869 5332 2000 5372 con-

410 5413 604 5478 traria,
637 5421 692 5467 ut
722 5410 986 5482 intelligas
1013 5426 1134 5466 eum
1161 5426 1265 5466 non
1296 5411 1363 5467 de
1394 5409 1776 5477 fornicatione,
1808 5411 1902 5465 sed
1932 5411 2000 5466 de

411 5504 798 5561 calamitatibus
823 5504 988 5576 loqui.
1020 5501 1156 5572 Quid
1186 5504 1327 5559 enim
1354 5501 1599 5574 estquod
1631 5502 1745 5572 paci
1771 5502 1998 5571 opponi-

415 5598 543 5655 tur?
576 5595 792 5655 Clarum
831 5593 1085 5668 estquod
1123 5596 1193 5651 sit
1230 5595 1503 5667 captivitas
1526 5635 1543 5664 ,
1591 5610 1697 5651 non
1738 5594 1951 5650 lascivia
1977 5636 1993 5665 ,

1112 310 1167 367 S.
1208 308 1487 366 JOANNIS
1524 300 1999 363 CHRYSOSTOMI
2040 297 2355 354 ARCHIEP.
2383 291 2924 353 CONSTANTINOP.

3588 286 3684 341 1ἴὶ

2094 426 2267 483 neque
2296 409 2574 465 fornicatio
2596 452 2610 475 ,
2645 423 2819 480 neque
2855 405 3097 462 avaritia.
3142 403 3209 460 Ut
3251 403 3410 475 igitur
3434 405 3684 473 inperiti

2092 504 2202 559 duo
2228 503 2494 558 contraria
2523 503 2720 573 posuit,
2752 501 2831 556 sic
2857 500 3107 555 nimirum
3132 508 3185 553 et
3216 498 3318 552 hoc
3350 496 3473 553 loco
3502 514 3519 551 :
3550 509 3684 552 con

2094 596 2253 650 traria
2285 610 2413 651 vero
2445 596 2560 665 paci
2588 609 2675 651 res
2703 603 2785 650 est
2812 609 2919 649 non
2948 592 3250 657 fornicatio,
3282 606 3453 663 neque
3478 590 3684 646 adulu

2092 690 2228 743 rium
2252 728 2265 750 ,
2293 703 2466 758 neque
2494 687 2710 742 lascivia
2731 728 2745 749 ,
2774 701 2948 758 neque
2978 686 3179 756 reliqua
3206 683 3367 752 vitia;
3395 681 3492 739 sed
3520 691 3683 751 capt

2091 781 2229 835 vitas
2255 789 2309 836 et
2352 782 2601 836 servitus.
2649 779 2753 837 Sed
2783 781 2921 835 sicut
2954 795 3079 851 erga
3117 779 3381 834 elementa
3408 820 3422 844 ,
3452 776 3535 834 sic
3564 791 3684 847 erg

2093 891 2181 931 res
2208 876 2349 945 ipsas
2378 875 2621 930 homines
2648 873 2971 929 afficiuntur.
3006 872 3247 942 Exempli
3276 886 3473 927 causa:
3502 883 3684 940 querir

2093 967 2380 1021 admodum
2408 964 2535 1022 fecit
2568 968 2737 1024 lucem
2767 976 2822 1022 et
2854 967 3122 1029 tenebras,
3155 965 3417 1021 et'multis
3443 979 3571 1020 esse
3612 962 3684 1033 ju

2092 1058 2265 1112 cunda
2293 1058 2381 1112 lux
2416 1058 2643 1126 videtur,
2668 1057 2906 1113 tenebrae
2930 1074 3058 1113 vero
3086 1057 3358 1123 molestas,
3383 1070 3445 1111 ac
3473 1064 3684 1111 noctet

2092 1153 2305 1221 quidam
2332 1162 2602 1224 tamquam
2631 1153 2823 1206 malam
2850 1160 3102 1207 accusant
3128 1168 3141 1205 :
3171 1152 3250 1207 sic
3278 1151 3531 1211 nimirum
3558 1161 3631 1205 et
3670 1148 3684 1203 i

2091 1246 2256 1302 rebus
2282 1247 2433 1317 ipsis.
2461 1246 2531 1299 At
2559 1260 2732 1316 neque
2760 1259 2862 1298 nox
2888 1252 2970 1299 est
2989 1243 3307 1310 accusanda,
3335 1258 3510 1314 neque
3535 1252 3684 1297 tene

2093 1339 2225 1406 brae,
2250 1354 2423 1410 neque
2449 1339 2665 1393 omnino
2691 1337 2922 1392 servitus
2946 1345 3001 1391 et
3028 1336 3329 1403 captivitas.
3354 1335 3491 1403 Quid
3519 1334 3684 1389 enirr

2090 1446 2297 1502 quarso,
2325 1430 2449 1484 mali
2481 1428 2677 1484 habent
2703 1428 2979 1484 tenebrze?
3006 1442 3182 1482 nonne
3206 1436 3331 1483 sunt
3360 1442 3388 1480 a
3415 1426 3684 1483 laboribc

2095 1523 2393 1579 relaxatio?
2424 1537 2603 1578 nonne
2650 1522 2898 1577 remissio
2940 1521 3233 1576 curarum?
3262 1534 3438 1576 nonne
3483 1519 3684 1574 dolori

2090 1615 2506 1671 exterminatio?
2533 1631 2709 1670 nonne
2736 1615 2925 1670 virium
2956 1615 3235 1670 accessio?
3261 1613 3413 1681 Quod
3451 1614 3498 1669 si
3534 1622 3684 1668 tene

2092 1710 2203 1765 bra:
2245 1724 2351 1765 non
2400 1708 2620 1764 fuissent
2660 1718 2715 1765 et
2753 1725 2859 1764 nox
2884 1750 2897 1770 ,
2941 1707 3150 1779 quando
3179 1706 3297 1763 luce
3345 1707 3498 1778 potiti
3536 1721 3684 1761 esse

2093 1802 2253 1858 mus?
2297 1818 2473 1859 nonne
2516 1812 2825 1872 corruptum
2873 1802 3059 1857 fuisset
3098 1810 3257 1872 atque
3301 1800 3683 1869 interemptum

2093 1896 2195 1951 hoc
2233 1895 2430 1951 animal
2470 1894 2677 1949 homo?
2719 1894 2784 1951 Ut
2811 1902 2987 1949 autem
3016 1893 3266 1949 videntur
3303 1891 3518 1964 quidem
3562 1891 3684 1946 insi

2094 1987 2360 2058 pientibus
2397 1987 2629 2042 tenebrae
2656 1986 2852 2040 malum
2880 2000 3000 2041 esse
3024 1984 3272 2055 quiddam
3298 2026 3314 2051 ,
3344 1982 3559 2039 tametsi
3596 1997 3684 2037 no

2092 2087 2250 2145 sunt,
2282 2095 2465 2134 verum
2511 2078 2575 2133 ad
2607 2077 2775 2149 ipsam
2806 2077 2947 2133 diem
2979 2078 3132 2133 nobis
3171 2084 3296 2133 sunt
3333 2079 3492 2143 usui,
3536 2086 3608 2132 et
3647 2092 3684 2129 a

2092 2185 2277 2242 Opera,
2301 2186 2419 2242 quae
2447 2171 2501 2225 in
2528 2170 2636 2238 ipsa
2659 2171 2997 2240 suscipimus,
3020 2170 3197 2240 quiete
3217 2179 3485 2224 recreatos
3508 2168 3683 2224 redd:

2093 2266 2327 2336 aptiores
2353 2280 2368 2318 :
2393 2265 2463 2318 ita
2486 2279 2658 2334 neque
2686 2265 2881 2319 malum
2909 2262 3035 2334 quid
3063 2272 3145 2319 est
3168 2262 3463 2333 captivitas,
3488 2261 3565 2317 de
3600 2277 3684 2331 qu

2091 2356 2393 2412 disserebat
2418 2356 2675 2427 propheta
2705 2372 2824 2412 cum
2862 2356 3101 2421 diceret,
3136 2354 3353 2410 Faciem
3393 2372 3583 2426 pacem
3612 2398 3632 2421 ,
3671 2377 3684 2411 4

2092 2464 2268 2503 creaus
2296 2449 2432 2502 mala
2467 2464 2486 2502 :
2519 2448 2613 2504 sed
2652 2463 2740 2503 res
2769 2448 2948 2503 utilior
2973 2457 3055 2504 est
3081 2448 3146 2504 iis
3174 2448 3264 2519 qui
3292 2457 3352 2503 ut
3380 2457 3611 2519 oportet
3643 2464 3684 2504 e

2092 2542 2292 2599 fuerint
2316 2544 2393 2597 usi
2414 2561 2428 2598 :
2452 2543 2893 2614 temperantiores
2918 2551 3096 2597 autem
3122 2557 3185 2597 ac
3207 2540 3580 2598 modestiores
3605 2557 3684 2599 eo

2092 2632 2289 2698 efficit,
2316 2633 2442 2688 dum
2475 2633 2829 2704 arrogantiam
2860 2632 3117 2688 retundit.

2175 2726 2346 2783 Virtus
2376 2743 2477 2782 non
2503 2737 2664 2799 potest
2694 2729 2747 2781 in
2781 2728 3065 2783 servitutem
3093 2727 3275 2799 redigi.
3306 2757 3378 2768 —
3398 2725 3517 2782 Non
3545 2728 3684 2783 enil

2094 2822 2146 2877 in
2176 2823 2486 2877 servitutem
2516 2821 2683 2892 redigi
2724 2828 2898 2889 potest
2924 2822 3092 2876 virtus
3116 2863 3130 2887 ,
3163 2835 3336 2890 neque
3365 2820 3431 2875 ab
3456 2820 3580 2876 ullo
3613 2836 3684 2877 su

2094 2913 2292 2984 perari,
2322 2928 2427 2968 non
2455 2928 2485 2968 a
2515 2915 2790 2979 servitute,
2820 2929 2923 2967 non
2951 2928 2981 2968 a
3008 2913 3335 2984 captivitate,
3365 2930 3470 2968 non
3503 2930 3534 2969 a
3567 2930 3684 2985 pan

2094 3016 2300 3077 perlate
2320 3050 2336 3076 ,
2370 3022 2473 3061 non
2504 3006 2572 3061 ab
2603 3006 2714 3071 ipsa
2746 3014 2951 3073 morte,
2982 3022 3100 3078 quae
3124 3007 3362 3062 omnium
3390 3016 3473 3063 est
3503 3017 3684 3075 poten

2093 3100 2317 3156 tissima.
2364 3100 2661 3157 Ostendunt
2699 3100 2752 3155 id
2791 3114 2980 3156 omnes
3005 3142 3019 3164 ,
3055 3100 3144 3171 qui
3186 3098 3302 3155 haec
3343 3099 3521 3155 omnia
3576 3115 3684 3155 sum

2094 3193 2328 3264 perpessi
2355 3234 2371 3260 ,
2417 3201 2469 3247 et
2497 3208 2682 3247 eorum
2719 3208 2879 3263 opera
2909 3192 3167 3248 clariores
3198 3202 3502 3247 evaserunt.
3557 3194 3683 3265 Qui

2093 3285 2234 3339 enim
2264 3284 2497 3356 Joseplto
2523 3286 2753 3340 servitus
2780 3285 3000 3340 nocuit?
3032 3284 3184 3357 (nihil
3210 3285 3351 3341 enim
3380 3294 3521 3340 vetat
3557 3302 3684 3358 quo

2097 3377 2272 3432 minus
2301 3376 2548 3432 eumdem
2572 3378 2745 3432 virum
2774 3377 2964 3432 iterum
2994 3376 3045 3432 in
3073 3377 3306 3433 medium
3333 3377 3684 3437 adducamus

2094 3466 2219 3538 quid
2268 3476 2443 3521 autem
2490 3466 2740 3523 vincula?
2782 3466 2909 3538 quid
2949 3466 3188 3523 catena}?
3216 3467 3341 3538 quid
3378 3469 3675 3525 calumnia

2095 3559 2219 3629 quid
2260 3560 2505 3615 insidias?
2546 3561 2671 3632 quid
2716 3562 2767 3616 in
2813 3562 2985 3617 aliena
3034 3564 3253 3633 regione
3294 3566 3677 3621 commoratio

2094 3652 2230 3720 Quid
2258 3652 2451 3707 Jobum
2490 3653 2625 3707 lzesit
2653 3662 3017 3710 armentorum
3048 3669 3111 3709 ac
3138 3669 3356 3726 gregum
3398 3656 3677 3714 interitus

2096 3744 2331 3798 violenta
2356 3752 2411 3800 et
2431 3744 2710 3799 immatura
2739 3761 2885 3800 mors
2911 3746 3223 3812 liberorum,
3249 3749 3397 3819 plaga
3419 3754 3684 3819 corporis

2096 3837 2357 3890 vermium
2402 3836 2573 3892 fontes
2594 3878 2609 3904 ,
2642 3836 2796 3891 dolor
2826 3838 3171 3893 intolerabilis
3190 3880 3205 3906 ,
3240 3840 3294 3893 in
3322 3838 3448 3893 fimo
3476 3845 3676 3901 sessio

2098 3929 2279 3983 uxoris
2309 3928 2536 3995 insidizc,
2564 3930 2857 3985 amicorum
2882 3931 3191 4002 opprobria,
3216 3931 3543 3988 famulorum
3575 3950 3684 3992 con

2096 4020 2274 4074 vicia?
2316 4019 2453 4089 Quid
2492 4035 2621 4075 vero
2649 4020 2852 4075 Lazaro
2895 4023 3108 4089 nocuit,
3151 4024 3291 4093 quod
3332 4024 3385 4078 in
3426 4026 3683 4083 vestibul

2092 4113 2297 4184 jaceret
2341 4122 2394 4169 et
2439 4128 2629 4169 canum
2676 4114 2869 4185 linguis
2916 4115 3250 4185 lingeretur?
3293 4116 3414 4187 quid
3463 4118 3684 4175 lzedeba

2097 4208 2345 4263 continua
2376 4206 2582 4263 fames?
2629 4207 2755 4279 quid
2784 4208 2964 4265 divitis
3004 4220 3338 4279 contemptus
3364 4253 3376 4276 ,
3417 4213 3669 4269 vulnera

2098 4301 2462 4357 intolerandus
2486 4301 2741 4357 morbus?
2765 4303 2891 4374 quid
2919 4304 3059 4375 quod
3086 4304 3330 4361 desertus
3349 4304 3416 4358 ab
3440 4310 3684 4364 omnibu

2098 4402 2241 4449 esset
2268 4394 2357 4463 qui
2399 4394 2593 4464 juvare
2622 4402 2873 4463 possent,
2907 4394 3050 4465 quod
3087 4396 3153 4451 ab
3184 4397 3247 4451 iis
3270 4438 3285 4462 ,
3317 4397 3404 4467 qui
3447 4402 3684 4456 auxiliai

2100 4493 2356 4554 possent,
2383 4486 2859 4541 contemneretur?
2896 4486 3031 4555 Quid
3078 4486 3242 4542 Paulo
3272 4498 3586 4545 nocuerunt
3624 4494 3683 4549 ill

2098 4575 2360 4629 malorum
2401 4576 2643 4631 examina
2670 4617 2684 4639 ,
2711 4569 2956 4633 carceres
2979 4619 2994 4643 ,
3028 4576 3375 4634 abductiones
3398 4622 3411 4644 ,
3446 4592 3676 4638 mortes

2099 4667 2496 4723 submersiones
2536 4681 2600 4723 ac
2633 4668 2849 4739 reliquae
2873 4667 3187 4725 afflictiones
3212 4711 3224 4735 ,
3254 4685 3387 4738 quas
3409 4685 3585 4725 nemo
3620 4690 3684 4744 pe

2102 4764 2227 4818 terit
2274 4763 2514 4817 oratione
2559 4761 2893 4818 numerando
2934 4763 3296 4833 percensere?
3338 4763 3463 4818 llmc
3511 4770 3683 4821 omni

2099 4854 2516 4922 considerantes,
2540 4854 2794 4910 malitiam
2818 4854 3097 4926 fugiamus,
3122 4856 3372 4911 virtutem
3390 4866 3684 4915 sectemur

2103 4956 2157 5004 et
2179 4962 2412 5012 oremus,
2438 4962 2503 5001 ne
2525 4946 2577 5000 in
2602 4945 2947 5001 tentationem
2973 4947 3232 5002 intremus
3257 4965 3272 5003 :
3294 4947 3435 5018 quod
3458 4947 3504 5002 si
3530 4966 3684 5019 quan

2103 5038 2175 5094 do
2199 5036 2537 5092 inciderimus
2560 5076 2576 5103 ,
2605 5052 2673 5092 ne
2698 5053 2839 5107 aegre
2864 5037 3117 5103 feramus,
3151 5052 3287 5095 neve
3313 5038 3679 5109 indignemur

2104 5128 2365 5200 siquidem
2394 5141 2545 5183 arma
2572 5129 2780 5184 virtutis
2821 5128 2937 5185 lucc
2966 5141 3087 5184 sunt
3119 5131 3216 5195 iis,
3261 5132 3349 5201 qui
3386 5140 3445 5186 ut
3483 5146 3684 5202 epom

2103 5224 2188 5279 usi
2231 5221 2465 5287 fuerint,
2509 5230 2565 5278 et
2602 5220 2794 5277 horum
2838 5223 3077 5277 omnium
3121 5238 3285 5293 opera
3326 5224 3683 5281 celebritate:

2107 5319 2260 5374 nobis
2287 5319 2577 5389 poterimus
2604 5332 2917 5389 comparare
2941 5360 2955 5383 ,
2997 5319 3039 5372 si
3068 5319 3251 5388 vigiles
3279 5329 3333 5373 et
3358 5319 3556 5373 attenti
3589 5320 3684 5375 fue

2107 5413 2274 5467 rimus
2294 5454 2310 5480 ,
2341 5427 2404 5467 ac
2432 5411 2585 5468 bonis
2614 5411 2807 5483 perfrui
2837 5412 3178 5483 sempiternis
3206 5430 3219 5467 :
3251 5429 3369 5484 qua:
3399 5413 3565 5468 nobis
3600 5417 3683 5469 uti

2109 5518 2231 5558 nam
2269 5503 2578 5575 contingant
2615 5504 2911 5567 universis,
2955 5505 3005 5560 in
3046 5504 3261 5561 Christo
3299 5504 3427 5561 Jesu
3468 5504 3684 5563 Domino

2108 5604 2313 5663 nostro,
2339 5596 2421 5650 cui
2448 5596 2614 5667 gloria
2647 5597 2698 5653 in
2727 5597 2920 5653 saecula
2947 5597 3285 5655 saeculorum.
3319 5600 3514 5655 Amen.
