3738 6274
156 203 245 260 επ
826 188 845 203 ’
953 201 1023 258 lN
1063 201 1293 272 ILLUD,
1329 199 1613 268 DOMINE,
1657 199 1796 257 NON
1835 200 1965 258 EST
2004 199 2071 257 IN
2112 199 2395 268 ilOMlNE,
2446 198 2600 259 ETC.
3306 196 3404 253 ιω

56 422 63 429 ”
157 419 1532 455 m

1900 416 3376 454 ψ

894 754 1246 828 ΒΟΜΙΝΕ,
1282 754 1444 816 NON
1478 754 1622 815 EST
1649 755 1732 816 IN
1763 752 2086 815 HOMINE
2119 751 2259 813 VIA
2290 752 2370 813 Ε]

1282 754 1444 816 NON
1478 754 1622 815 EST
1649 755 1732 816 IN
1763 752 2086 815 HOMINE
2119 751 2259 813 VIA
2290 751 2499 827 EJUS,
2532 766 2669 812 ETC.

146 1010 288 1064 ἰδεῖν.
334 1007 515 1063 Τοῦτο
551 1010 655 1081 μὲν
683 1008 795 1083 γὰρ
832 1009 942 1065 ἀπὸ
967 1011 1080 1064 τῶν
1132 1009 1382 1065 παλαιῶν
1410 1010 1877 1083 παραδειγμάτων
1925 1007 2092 1064 αὐτοῦ
2121 1008 2391 1077 (fortassis
2435 1004 2657 1077 αὐτοὺς)
2685 1004 2926 1077 ἐλέγχει,
2965 1003 3041 1067 ὡς
3089 1003 3221 1056 ὅταν
3252 1002 3410 1072 λέγη,

153 1124 277 1177 Ἰδοὺ
310 1121 417 1188 τὰς
446 1122 601 1188 ὁδούς
637 1141 732 1179 σου
759 1124 817 1178 ὲν
841 1124 920 1196 τῷ
951 1122 1314 1196 πολυανδρίῳ,
1345 1123 1440 1177 καὶ
1460 1109 1536 1176 ’τὰ
1566 1122 1713 1194 ἑξῆς.
1748 1141 1768 1175 ι

202 1255 345 1313 Haec
368 1258 443 1314 de
468 1258 783 1331 huiusmodi
809 1257 1258 1326 Commentariis,
1299 1257 1391 1327 qui
1420 1257 1670 1313 consulto
1704 1256 2055 1327 pratermissi
2079 1264 2228 1311 sunt.
2268 1254 2397 1310 Haec
2422 1262 2605 1308 autem
2627 1252 2853 1307 homilia
2883 1252 2936 1307 in
2968 1253 3148 1307 locum
3169 1248 3413 1309 Jcrciniae

142 1393 367 1465 optima:
385 1402 533 1450 notae
556 1403 660 1461 est,
684 1395 905 1467 suisque
927 1410 987 1453 se
1012 1394 1228 1452 indiciis
1251 1395 1435 1467 prodit
1460 1410 1583 1452 esse
1629 1395 2025 1469 Chrysostomi.
2056 1394 2195 1450 Nam
2237 1395 2341 1451 sub
2394 1392 2607 1449 initium
2656 1392 2733 1447 ait
2768 1406 2829 1447 se
2861 1404 3037 1462 nuper
3072 1389 3139 1445 de
3170 1386 3317 1443 Petri
3364 1398 3416 1443 et

140 1534 289 1592 Pauli
314 1535 697 1594 controversia
731 1536 928 1611 egisse,
974 1545 1272 1609 posteaque
1294 1552 1357 1594 se
1386 1538 1530 1596 beati
1559 1537 1831 1594 Eustathii
1877 1536 2152 1609 praeconia
2180 1552 2436 1596 sermone
2470 1536 2813 1609 complexum
2841 1552 2983 1605 esse,
3036 1548 3201 1609 atque
3225 1536 3417 1594 deinde

143 1671 198 1727 S.
236 1670 485 1728 Romani
533 1673 787 1745 martyris
826 1672 1016 1729 laudes
1044 1674 1417 1745 percurrisse:
1453 1671 1610 1745 queis
1642 1670 1912 1727 indicatur
1940 1671 2083 1727 hanc
2112 1670 2430 1727 concionem
2453 1671 2755 1727 secundum
2810 1671 2928 1728 illas
2959 1688 3150 1729 omnes
3179 1674 3418 1730 habitam

140 1810 337 1868 fuisse.
383 1811 449 1869 In
470 1814 618 1870 nulla
642 1830 807 1887 porro
828 1829 1018 1871 earum
1053 1813 1183 1870 anni
1208 1821 1337 1869 nota
1370 1812 1458 1869 vel
1486 1812 1713 1868 minima
1740 1818 2043 1882 comparet.
2071 1810 2241 1883 quue
2263 1812 2441 1870 solum
2472 1812 2747 1882 novimus,
2771 1828 2867 1870 eas
2890 1828 3084 1871 omnes
3119 1814 3418 1870 Antiochiae

143 1949 360 2006 habitas
389 1949 585 2008 fuisse.
619 1952 815 2024 Agitur
845 1951 934 2009 hic
961 1952 1031 2008 de
1058 1951 1151 2008 illo
1175 1950 1445 2008 versiculo
1474 1948 1745 2015 Jeremiaa,
1773 1947 2018 2014 Domine,
2064 1963 2168 2003 non
2196 1958 2270 2004 est
2293 1948 2350 2003 in
2396 1948 2600 2003 homine
2629 1948 2715 2003 via
2745 1948 2879 2018 ejus,
2912 1965 3076 2018 neque
3113 1949 3266 2003 homo
3304 1948 3416 2012 ibit,

142 2098 188 2146 et
213 2090 419 2162 diriget
444 2106 685 2164 gressum
705 2107 882 2146 suum.
920 2089 997 2145 Ex
1025 2089 1227 2160 quibus
1272 2089 1455 2145 verbis
1495 2089 1714 2160 quidam
1762 2086 2104 2144 occasionem
2134 2087 2430 2158 captabant
2457 2087 2615 2142 liberi
2655 2088 2879 2145 tollendi
2921 2089 3154 2145 arbitrii.
3179 2089 3289 2146 llos
3318 2104 3419 2160 pro

143 2236 281 2294 virili
312 2234 569 2292 confutat
607 2232 667 2288 S.
702 2232 912 2289 doctor.
2214 2232 2217 2235 ’
2252 2280 2259 2287 .
3279 2179 3281 2182 ⁴

209 2370 605 2444 lnterpretatio
637 2369 831 2426 Latina
866 2378 953 2425 est
989 2368 1282 2424 Frontonis
1312 2366 1515 2422 Dnczei.

3264 2628 3407 2641 ’ᾔ

1688 2632 2145 2642 ———_——-—-——-——.—_-

164 2852 226 2897 ll
271 2847 496 2895 ιοασιι
536 2842 737 2889 ιιιωί
777 2836 1130 2884 PROPHETB
1171 2834 1491 2891 JEREMIE,
1536 2832 1808 2889 DOMINB,
1854 2830 1980 2876 NON
2024 2830 2137 2874 EST
2179 2830 2245 2873 IN
2290 2830 2540 2875 HOMINE
2586 2831 2691 2875 VIA
2735 2830 2884 2874 EJUS
2911 2856 2928 2886 ,
2981 2829 3193 2883 NEQUE
3241 2829 3422 2876 HOMO

906 2947 1060 3002 lBlT,
1105 2944 1186 2987 ΕΤ
1227 2941 1491 2987 ιιιιιιθετ
1537 2937 1824 2985 suassuas
1852 2935 2023 2982 suum
2067 2915 2156 2997 (a)
2204 2912 2361 2996 (Jer.

1227 2941 1491 2987 manner
1537 2937 1824 2985 canssuu
1852 2935 2023 2982 suum
2067 2915 2156 2997 (a)
2204 2912 2361 2996 (Jer.
2410 2916 2507 2977 10.
2551 2914 2679 2997 23).

1887 3102 2169 3115 ——-

1719 3084 1879 3140 Μ

1439 3110 1713 3127 μ’

203 3277 259 3331 ι.
286 3270 469 3343 Hujus
504 3265 771 3324 sensibilis
797 3262 1128 3334 publicaeque
1160 3260 1259 3314 vim
1287 3267 1462 3330 partes
1490 3254 1732 3325 qumdam

141 3367 312 3437 [uanae
339 3359 560 3434 quidem
590 3364 716 3414 sunt
738 3370 802 3410 ac
824 3354 1004 3419 laeves,
1033 3350 1273 3423 quaedam
1297 3363 1426 3403 vero
1450 3354 1733 3417 praerupta:

139 3469 297 3530 atque
340 3466 587 3526 asperae;
635 3448 714 3505 sic
752 3458 807 3503 et
849 3444 1139 3514 Scriptura:
1182 3456 1350 3497 sacrae
1389 3448 1570 3512 partes
1615 3437 1734 3492 aliae

141 3559 265 3607 sunt
289 3564 361 3606 ex
386 3562 449 3603 se
475 3543 724 3601 omnibus
748 3538 1020 3596 intellectu
1054 3535 1271 3603 faciles,
1315 3533 1436 3588 aliae
1476 3531 1733 3601 majorem

141 3641 475 3715 diligentiam
514 3651 580 3692 ac
606 3635 844 3691 laborem
882 3630 1182 3701 requirunt.
1229 3629 1308 3683 Ac
1345 3642 1444 3682 nos
1482 3623 1729 3695 quidem,

141 3753 261 3792 cum
296 3749 399 3805 per
428 3728 701 3803 planitiem
746 3726 1038 3794 latvemque
1078 3721 1221 3776 viam
1266 3716 1597 3784 incedimus,
1639 3730 1735 3771 ne-

141 3842 293 3885 cesse
322 3840 432 3880 non
460 3830 561 3887 est,
595 3829 654 3875 ut
679 3814 965 3874 admodum
990 3813 1174 3869 attenti
1206 3813 1413 3869 simus;
1454 3825 1575 3866 cum
1606 3822 1734 3863 vero

141 3936 234 3992 per
252 3930 506 3989 asperam
526 3921 583 3969 et
604 3918 904 3982 angustam,
929 3920 1153 3977 quinque
1172 3919 1230 3959 se
1256 3902 1321 3958 ad
1344 3902 1515 3973 ipsum
1536 3899 1733 3956 montis

140 3991 400 4066 cacumen
425 4002 700 4069 extendat,
728 4009 783 4057 et
808 3997 1114 4070 prmcipitiis
1132 3995 1360 4068 undique
1380 3991 1731 4049 circumelusa

142 4105 246 4168 sit,
296 4114 411 4157 tum
440 4097 585 4170 vigili
610 4103 789 4151 mente
818 4092 971 4149 nobis
997 4104 1131 4162 opus
1153 4078 1271 4158 est,
1307 4104 1429 4145 cum
1460 4086 1561 4142 loci
1589 4084 1733 4141 difﬁ-

139 4198 314 4252 cultas
339 4205 556 4263 torpere
584 4205 690 4245 non
736 4188 898 4243 sinat.
944 4182 1297 4254 Quantumvis
1335 4180 1478 4238 enim
1525 4177 1735 4233 modice

138 4290 260 4359 quis
284 4286 620 4356 negligenter
640 4280 881 4351 aspiciat,
908 4277 952 4332 si
983 4275 1156 4333 solum
1181 4290 1273 4344 pes
1294 4272 1621 4344 prolabatur,
1649 4278 1733 4323 to-

141 4393 251 4436 tum
279 4390 485 4448 corpus
509 4376 562 4431 in
590 4386 832 4443 princeps
859 4369 1006 4436 ruit,
1055 4376 1110 4424 et
1151 4368 1195 4424 si
1223 4366 1277 4422 in
1316 4365 1508 4421 vallem
1560 4363 1734 4434 capite

140 4476 398 4532 inclinato
426 4466 767 4539 despexerit,
805 4462 1137 4519 tenebricosa
1163 4468 1445 4530 correptus
1475 4457 1734 4528 vertigine

138 4568 481 4625 deturbatur.
506 4560 599 4617 Sic
622 4568 678 4615 et
702 4558 756 4613 in
787 4556 1059 4627 Scriptura
1086 4553 1261 4608 divina
1281 4550 1523 4624 qumdam
1550 4549 1734 4606 faciles

140 4668 265 4714 sunt
290 4672 358 4714 ac
386 4656 564 4727 planae
587 4649 866 4707 sententiae
885 4690 902 4714 ,
931 4661 1064 4719 quas
1093 4645 1210 4700 sine
1233 4643 1416 4700 labore
1445 4643 1571 4699 licet
1612 4658 1733 4713 per-

140 4765 361 4807 currere
392 4766 408 4804 :
437 4743 683 4817 qua-dam
708 4740 1007 4812 asperiores
1034 4745 1088 4793 et
1117 4745 1395 4808 praeruptae
1413 4776 1427 4797 .
1472 4749 1601 4806 quas
1627 4750 1733 4790 non

140 4846 211 4899 ita
240 4842 395 4898 facile
421 4840 582 4895 fuerit
621 4848 916 4907 permeare.
947 4831 1235 4902 Propterea
1267 4829 1452 4901 vigiles
1477 4838 1531 4884 et
1558 4837 1733 4883 atten-

140 4947 225 4993 tos
244 4949 369 4992 esse
392 4941 621 4989 cunctos
645 4936 890 4999 oportet,
920 4925 1045 4981 dum
1075 4922 1338 4996 ejusmodi
1371 4922 1483 4977 loca
1513 4937 1733 4992 pereur-

139 5031 309 5085 rimus
329 5067 349 5094 ,
391 5039 464 5081 ne
505 5023 563 5077 in
605 5035 873 5076 summum
900 5017 1086 5074 salutis
1119 5017 1408 5072 discrimen
1438 5015 1733 5071 veniamus.

141 5120 346 5177 Idcirco
376 5129 481 5173 nos
504 5111 774 5170 interdum
802 5112 854 5165 in
897 5108 1228 5165 facilioribus
1266 5121 1361 5163 vos
1397 5122 1731 5172 exercemus,

139 5221 544 5280 nonnumquam
567 5204 634 5260 ad
662 5201 960 5259 difficiliora
981 5200 1318 5267 deducimus,
1344 5207 1400 5253 ut
1421 5207 1474 5255 et
1499 5198 1732 5255 laborem

137 5307 421 5370 los-emus,
460 5310 516 5359 et
541 5299 918 5372 negligentiam
958 5301 1306 5354 excutiamus.
1348 5296 1417 5354 Ut
1460 5296 1601 5353 enim
1645 5296 1735 5367 qui

137 5414 354 5477 semper
378 5395 690 5452 facilitatem
718 5392 1084 5463 experiuntur,
1112 5388 1446 5448 remissiores
1470 5389 1601 5444 fiunt
1625 5406 1637 5441 :
1662 5388 1733 5443 ita

203 5553 274 5617 (a)
306 5552 495 5617 σῶμα
519 5563 632 5617 cum
655 5546 775 5617 Cod:
797 5554 915 5610 Reg.
936 5545 1079 5608 2343,
1098 5557 1149 5597 et
1164 5559 1275 5596 cum
1298 5546 1592 5617 Colbertinis
1614 5544 1736 5617 ἔρῳ

140 5625 197 5668 et
210 5607 355 5683 ﬁta.
383 5615 440 5665 In
465 5611 607 5683 titulo
624 5619 741 5683 post
760 5607 1038 5680 hasvoces,
1061 5621 1278 5674 gressum
1295 5621 1453 5670 suum,
1479 5607 1583 5659 haec
1603 5607 1736 5659 addit

140 5680 356 5741 Sat'tliuS,
383 5684 430 5729 et
453 5674 633 5739 diriget
658 5674 787 5724 riam
808 5674 930 5734 ejus.

1840 3248 1930 3318 qui
1962 3259 2221 3318 perpetuo
2247 3243 2312 3299 ad
2341 3243 2612 3311 asperiora
2642 3239 3051 3311 pertrahuntur,
3084 3237 3320 3291 animum
3348 3235 3428 3289 la-

1839 3312 1976 3396 bore
2010 3312 2284 3410 defatigati
2335 3332 2689 3404 deSpondent.
2737 3331 2997 3400 Quocirca
3038 3328 3263 3384 mixtum
3310 3342 3431 3383 esse
3492 3312 3493 3315 I

1839 3438 2053 3503 oportet
2080 3429 2339 3485 doctrina:
2364 3441 2531 3497 genus
2551 3466 2566 3491 ,
2614 3433 2671 3479 et
2713 3438 2855 3479 nunc
2884 3421 3096 3491 quidem
3126 3418 3257 3487 hoc,
3286 3433 3432 3474 nunc

1840 3531 2022 3578 autem
2060 3518 2190 3575 illud
2218 3527 2448 3573 tractare
2472 3556 2488 3582 ,
2531 3524 2589 3570 ut
2628 3529 2802 3584 neque
2832 3525 2985 3567 mens
3029 3512 3166 3567 ultra
3209 3508 3426 3565 modum

1840 3615 2147 3681 relaxetur,
2196 3627 2371 3683 neque
2410 3624 2596 3665 rursus
2635 3607 2756 3678 plus
2780 3620 2941 3677 quam
2970 3620 3068 3677 par
3105 3612 3186 3660 est
3229 3604 3428 3658 intenta

1840 3707 2115 3778 frangatur
2135 3748 2149 3771 ,
2175 3713 2233 3761 et
2264 3703 2536 3759 laboribus
2556 3699 2850 3771 defatigata
2878 3696 3110 3754 deficiat.
3140 3696 3429 3764 Propterea

1840 3813 2011 3869 nuper
2036 3811 2159 3852 cum
2184 3795 2253 3852 de
2287 3794 2449 3851 Petro
2473 3802 2530 3849 et
2554 3792 2720 3849 Paulo
2754 3789 3193 3847 disseruissemus
3232 3788 3251 3860 (
3275 3787 3432 3841 Temo

1840 3886 1941 3942 111
1947 3930 1962 3954 ,
1988 3886 2089 3943 col.
2107 3887 2205 3942 571
2232 3882 2392 3957 sqq.),
2419 3892 2473 3939 et
2493 3882 2562 3938 de
2587 3891 2768 3937 exorta
2797 3880 2938 3936 inter
2964 3879 3109 3951 ipsos
3135 3876 3431 3933 Antiochiae

1840 3977 2204 4034 controversia
2230 4018 2243 4042 ,
2288 3984 2625 4046 pugnamque
2655 3972 2799 4027 illam
2825 4011 2840 4037 ,
2874 3970 3157 4042 quaeinter
3188 3982 3283 4023 eos
3310 3983 3431 4024 esse

1839 4070 2157 4133 videbatur,
2208 4082 2340 4138 pace
2383 4067 2571 4134 quavis
2600 4063 2868 4119 utiliorem
2910 4060 3063 4116 vobis
3105 4058 3432 4114 ostendisse-

1842 4177 1960 4218 mns
1984 4205 2000 4229 ,
2041 4176 2272 4232 cumque
2311 4159 2377 4213 ad
2415 4165 2733 4229 prmruptam
2771 4164 2824 4211 et
2852 4167 3095 4224 asperam
3139 4166 3237 4207 vos
3284 4152 3429 4206 illam

1841 4254 1980 4309 viam
2024 4253 2427 4310 deduxissemus
2456 4266 2475 4305 :
2510 4248 2762 4320 quoniam
2805 4246 3119 4316 defatigatus
3166 4243 3426 4308 vidimus,

1841 4345 2084 4417 sequenti
2126 4344 2213 4400 die
2252 4343 2320 4399 ad
2346 4342 2491 4397 aliud
2518 4348 2888 4410 argumentum
2932 4354 3027 4393 vos
3066 4335 3427 4399 traduximus,

1839 4438 1969 4494 dum
2012 4437 2152 4494 beati
2199 4434 2461 4491 Eustathii
2499 4432 2764 4506 prreconia
2811 4429 3180 4496 narravimus,
3229 4439 3283 4484 et
3310 4438 3431 4499 post

1841 4529 1990 4585 illum
2043 4530 2293 4600 generosi
2350 4525 2600 4598 martyris
2642 4522 2867 4579 Romani
2925 4523 3108 4578 laudes
3157 4522 3428 4591 pt‘l'Cut'ri-

1839 4637 1959 4678 mus
1987 4618 2058 4694 (a
2080 4621 2098 4690 )
2118 4661 2133 4686 ,
2168 4634 2289 4674 cum
2328 4618 2584 4672 illustrius
2615 4614 2768 4671 nobis
2796 4614 2988 4670 factum
3019 4622 3101 4670 est
3128 4612 3427 4680 theatrum,

1843 4714 2068 4786 amplior
2093 4712 2401 4783 applausus,
2431 4724 2494 4764 ac
2523 4706 2694 4779 major
2722 4708 2975 4777 strepitus
2995 4704 3425 4761 acclamantium.

1842 4807 1913 4863 Ut
1938 4807 2080 4862 enim
2112 4805 2155 4859 si
2186 4805 2306 4875 quis
2332 4802 2418 4857 ubi
2445 4798 2688 4856 defessus
2714 4797 2893 4863 fuerit,
2925 4795 3120 4852 deinde
3145 4796 3197 4850 in
3222 4802 3429 4865 pratum

1842 4896 2205 4968 ingrediatur,
2235 4892 2464 4965 gaudet,
2496 4905 2559 4946 ac
2593 4889 2911 4955 delectatur,
2943 4886 3070 4943 dum
3106 4886 3239 4942 nihil
3276 4900 3430 4957 aspe-

1840 5003 1982 5053 rum,
2010 4986 2141 5041 nihil
2172 4984 2453 5039 molestum
2479 4981 2745 5047 intuetur,
2777 4977 2869 5035 sed
2897 4976 3302 5043 recreationem,
3330 4992 3430 5031 vo-

1841 5081 2121 5151 luptatem,
2145 5092 2208 5133 ac
2227 5076 2445 5133 delicias
2473 5074 2667 5129 multas
2692 5089 2706 5127 :
2736 5070 2813 5127 sic
2841 5080 2893 5126 et
2916 5084 3011 5124 vos
3036 5078 3147 5124 tum
3176 5068 3436 5138 temporis

1842 5172 2016 5229 affecti
2048 5171 2213 5226 eratis
2236 5210 2251 5233 ,
2282 5167 2409 5224 dum
2439 5174 2555 5237 post
2595 5163 2807 5219 labores
2851 5162 2973 5217 illos
3001 5175 3064 5215 ac
3084 5158 3435 5215 diliicultates

1843 5263 2117 5321 concionis
2164 5262 2344 5326 illius,
2392 5268 2663 5328 tamquam
2712 5255 2767 5311 in
2815 5262 3025 5325 pratum
3065 5249 3348 5323 quoddam
3370 5260 3428 5300 tn

1846 5365 2137 5428 martyrum
2166 5353 2351 5409 laudes
2389 5351 2646 5423 ingressi,
2691 5347 2855 5404 multa
2882 5361 3003 5403 cum
3032 5344 3429 5415 tranquillitate

1844 5451 1950 5505 illis
1969 5464 2066 5504 vos
2094 5448 2302 5504 deliciis
2326 5446 2652 5518 cxplcvistis.
2683 5443 2799 5499 Non
2825 5442 2966 5498 enim
2996 5449 3107 5495 tum
3132 5446 3287 5494 erant
3310 5452 3433 5507 pre-

2200 5605 2287 5654 rici
2310 5604 2375 5653 de
2397 5611 2442 5656 s.
2482 5602 2727 5655 Eustathio
2766 5604 2818 5654 et
2842 5599 2907 5652 de
2930 5604 2974 5649 5.
3008 5605 3218 5650 Romano
3239 5603 3430 5643 sermo-

1903 5605 1978 5668 (a)
2011 5612 2102 5653 Pan

2198 5666 2325 5717 ride.

1840 5666 1934 5718 nes
1956 5666 2101 5716 "romo
2126 5666 2145 5714 ι
