3696 6278
315 253 417 309 155

307 363 591 418 heusiones
621 372 682 414 ac
710 354 877 411 mutui
906 367 1073 409 nexus
1093 394 1108 418 ,
1142 365 1314 422 neque
1340 350 1497 406 luetze
1543 362 1608 402 ac
1652 346 1884 401 declina-

305 458 478 509 tiones
507 447 755 520 (a),scd,
782 446 995 501 nemine
1016 444 1344 509 obluctantc,
1372 440 1483 495 sola
1510 438 1774 509 expedita,
1805 450 1891 490 so-

303 546 413 601 luta
458 552 513 599 et
559 542 721 595 libera
771 538 943 593 oratio
981 534 1308 591 decertabat.
1374 530 1578 587 ldcirco
1620 540 1794 583 autem
1838 536 1891 582 et

304 635 561 691 illustrior
589 640 720 697 erat,
746 639 801 685 et
826 629 991 684 sacris
1017 625 1365 682 conventibus
1390 622 1582 693 aptior,
1609 620 1890 689 majorem-

303 741 409 797 que
438 724 646 781 laudem
676 720 1002 792 reportabat.
1031 718 1164 773 Cum
1187 716 1330 773 enim
1357 730 1439 782 ea,
1470 730 1590 785 qua:
1621 712 1888 775 dicuntur,

307 835 429 874 cum
456 817 707 873 facilitate
734 828 884 869 mens
912 798 1215 867 auditorum
1248 806 1567 876 assequitur,
1600 804 1765 858 multa
1792 817 1891 856 vo-

307 910 506 979 luptate
534 906 769 979 perfusa,
800 903 866 958 ad
895 900 1331 957 acclamationem
1358 905 1412 952 et
1431 895 1641 951 laudem
1665 893 1893 949 oratoris

310 1002 595 1067 excitatur.
635 995 859 1065 Quando
901 994 1059 1066 igitur
1081 990 1294 1047 abunde
1320 1002 1416 1043 vos
1450 987 1535 1043 his
1576 986 1768 1041 diebus
1808 999 1892 1039 re-

304 1092 631 1154 t-rcavimus,
664 1102 834 1158 neque
861 1085 1143 1141 molestum
1173 1090 1266 1137 aut
1291 1094 1453 1152 grave
1480 1077 1768 1149 quidquam
1798 1092 1891 1130 ve-

304 1194 434 1238 strte
477 1183 772 1253 objecimus
824 1180 1070 1243 caritati,
1113 1190 1212 1247 age
1262 1189 1448 1230 rursus
1493 1172 1651 1227 hodie
1692 1186 1787 1225 vos
1825 1171 1890 1225 ad

308 1276 541 1347 priorem
571 1273 1007 1329 exercitationem
1035 1269 1394 1333 traducamus,
1420 1274 1475 1321 et
1517 1264 1585 1320 ad
1613 1264 1701 1320 illa
1743 1262 1891 1319 Scri-

308 1376 481 1438 pturte
509 1366 741 1422 difﬁcilia
772 1365 907 1431 loca,
938 1377 1056 1435 qua:
1084 1360 1248 1417 multa
1274 1358 1513 1432 indigent
1556 1354 1891 1412 animadver-

309 1460 489 1526 sione,
524 1459 902 1514 transferamus
925 1498 940 1525 ,
982 1470 1089 1510 non
1133 1463 1192 1509 ut
1225 1453 1405 1507 labore
1430 1465 1524 1506 vos
1558 1449 1853 1520 affligamus
1877 1489 1891 1513 ,

311 1549 404 1605 sed
434 1558 490 1604 ut
516 1562 892 1611 exerceamus,
921 1559 1026 1618 quo
1053 1544 1267 1616 possitis
1298 1543 1413 1597 haec
1440 1542 1599 1597 etiam
1629 1541 1745 1595 loca
1771 1554 1892 1595 cum

309 1641 594 1697 securitate
633 1653 964 1709 percurrere.
1016 1636 1084 1692 Ut
1123 1650 1250 1706 ergo
1289 1642 1399 1688 tum
1449 1631 1703 1701 temporis
1745 1631 1894 1685 initio

310 1731 523 1801 quidem
565 1745 738 1801 pugna
770 1729 1011 1799 quaedam
1051 1742 1168 1782 esse
1206 1740 1269 1780 ac
1311 1726 1581 1779 contentio
1614 1722 1891 1777 videbatur

308 1822 694 1893 apostolorum,
714 1830 991 1890 postquam
1012 1826 1189 1873 autem
1212 1816 1460 1886 scopulos
1483 1815 1600 1870 illos
1630 1828 1891 1870 conscen-

307 1914 516 1978 dimus,
551 1928 765 1967 sursum
794 1910 988 1967 deinde
1010 1908 1242 1980 Spiritus
1276 1906 1505 1962 fructum
1550 1906 1854 1977 aspeximus
1878 1946 1892 1971 ,

307 2005 581 2059 caritatem
607 2045 621 2069 ,
652 2001 938 2073 gaudium,
979 2015 1164 2072 pacem
1196 1998 1346 2069 (Gal.
1380 1998 1435 2054 5.
1467 1995 1598 2069 22),
1630 2006 1686 2054 et
1723 2013 1895 2068 neque

306 2096 502 2162 inanis,
536 2110 710 2165 neque
737 2108 1168 2165 supervacaneus
1199 2093 1295 2147 fuit
1315 2092 1464 2147 labor
1486 2100 1688 2159 noster,
1721 2091 1812 2147 sed
1840 2092 1893 2146 in

314 2189 553 2243 laetitiam
577 2187 734 2243 desiit
758 2205 771 2242 :
794 2187 872 2242 sic
897 2196 950 2242 et
972 2185 1132 2241 hodie
1157 2194 1450 2240 vestrarum
1480 2198 1696 2254 precum
1721 2185 1891 2239 subsi‘

307 2279 397 2334 dio
427 2280 596 2333 fretus
627 2277 863 2332 futurum
890 2276 1103 2332 conﬁdo
1125 2316 1141 2343 ,
1181 2284 1259 2341 ut,
1291 2274 1336 2329 si
1366 2274 1626 2345 patienter
1646 2283 1701 2330 et
1729 2275 1892 2328 multa

306 2386 426 2426 eum
453 2370 731 2425 tolerantia
762 2368 1088 2440 propositum
1117 2367 1270 2423 nobis
1293 2368 1390 2422 iter
1412 2366 1781 2434 conliciamus,
1813 2374 1893 2421 at-

308 2477 411 2531 que
435 2459 501 2516 ad
530 2461 701 2531 ipsum
729 2472 984 2515 cacumen
1008 2456 1300 2514 ascendere
1328 2457 1610 2527 possimus,
1641 2456 1751 2512 illic
1779 2470 1893 2511 om—

307 2554 393 2608 nia
422 2554 577 2624 plana
603 2592 617 2619 ,
646 2552 800 2607 laevia
825 2591 840 2618 ,
888 2564 1161 2621 pronaque
1187 2549 1539 2620 reperiamus.
1572 2548 1708 2617 Quid
1736 2550 1892 2619 igitur

305 2648 412 2716 jam
444 2644 598 2701 nobis
628 2655 709 2701 est
750 2643 1120 2715 propositum?
1154 2639 1305 2711 Quod
1334 2640 1495 2698 hodie
1537 2657 1603 2696 ex
1631 2642 1890 2711 propheta

308 2737 505 2793 lectum
532 2745 615 2792 est
646 2755 659 2792 :
685 2735 920 2803 Domine,
952 2751 1055 2789 non
1079 2743 1152 2789 est
1170 2735 1225 2789 in
1252 2733 1455 2788 homine
1470 2734 1550 2788 via
1578 2735 1707 2805 ejus,
1735 2750 1893 2802 neque

306 2832 397 2885 ibit
427 2831 611 2899 homo,
658 2838 705 2883 et
754 2830 939 2900 diriget
980 2843 1207 2901 gressum
1247 2843 1391 2882 suum
1436 2828 1581 2900 (Jer.
1634 2829 1720 2885 10.
1760 2828 1886 2901 25).

316 2924 556 2992 Quaestio
586 2922 800 2993 quidem
830 2922 946 2978 hinc
970 2931 1055 2978 est
1079 2938 1094 2976 :
1123 2935 1219 2976 vos
1242 2936 1404 2988 vero,
1433 2929 1490 2976 ut
1512 2920 1747 2977 studium
1766 2928 1892 2977 tunc

305 3017 644 3085 adhibuistis,
670 3018 740 3072 ita
758 3031 900 3072 nunc
919 3017 1201 3087 diligenter
1226 3014 1483 3071 attendite
1512 3032 1524 3069 :
1559 3029 1729 3085 neque
1748 3015 1890 3071 enim

306 3109 398 3163 illa
427 3108 603 3163 minor
626 3118 710 3163 est
742 3108 857 3163 haec
884 3108 1145 3178 quaestio,
1177 3106 1270 3162 sed
1301 3106 1557 3175 majorem
1588 3121 1770 3161 curam
1802 3122 1890 3162 re-

305 3199 488 3270 quirit.
522 3198 656 3267 Quid
687 3198 803 3253 ita?
826 3198 1086 3267 Quoniam
1119 3198 1206 3253 illa
1228 3197 1442 3269 quidem
1470 3197 1612 3253 Petri
1642 3205 1697 3253 et
1721 3197 1889 3264 Pauli,

305 3308 424 3363 quae
457 3292 735 3348 videbatur
773 3306 893 3349 esse
935 3292 1334 3357 controversia,
1387 3307 1487 3348 nec
1522 3302 1698 3348 tamen
1742 3302 1890 3357 erat,

307 3402 412 3443 non
442 3387 514 3442 ita
540 3387 721 3443 multis
753 3395 877 3444 nota
898 3396 1033 3454 erat,
1064 3387 1205 3443 unde
1235 3402 1335 3443 nec
1365 3386 1506 3441 illam
1540 3387 1889 3457 ignorantiam

309 3481 603 3537 verisimile
651 3480 752 3536 fuit
810 3480 1032 3535 multum
1089 3480 1419 3537 invecturam
1462 3479 1839 3534 detrimentum
1877 3498 1889 3533 :

307 3575 422 3630 hzec
441 3583 616 3630 autem
634 3573 898 3630 sententia
919 3570 1295 3630 circumfertur
1314 3572 1529 3642 ubique,
1553 3571 1606 3626 in
1627 3570 1891 3639 domibus,

307 3668 361 3721 in
384 3666 532 3733 foris,
565 3665 618 3720 in
647 3664 816 3737 pagis,
845 3665 898 3720 in
927 3664 1167 3729 urbibus,
1192 3663 1243 3718 in
1268 3673 1429 3731 terra,
1462 3664 1513 3719 in
1543 3664 1698 3730 mari,
1729 3664 1779 3719 in
1814 3666 1893 3719 in-

307 3760 440 3814 sulis
469 3776 481 3812 :
511 3767 567 3814 et
592 3772 928 3829 quocumque
958 3764 1010 3812 te
1035 3755 1325 3811 contuleris
1345 3755 1540 3811 multos
1567 3754 1774 3823 audies,
1805 3755 1891 3826 qui

310 3856 425 3911 [nec
444 3854 629 3911 dicunt
650 3871 663 3908 :
686 3853 954 3924 Scriptum
984 3860 1088 3917 est,
1113 3849 1236 3905 Non
1256 3859 1329 3904 est
1352 3848 1406 3904 in
1431 3849 1631 3903 homine
1651 3850 1731 3903 via
1751 3852 1857 3921 ejus
1876 3866 1894 3903 :

310 3963 484 4019 neque
513 3946 685 4003 solum
734 3945 871 4001 hanc
910 3944 1232 4000 sententiam
1261 3941 1592 4005 didicerunt,
1641 3942 1732 3997 sed
1763 3943 1897 3998 alias

310 4043 470 4097 etiam
495 4040 698 4097 similes
726 4039 849 4094 huic
872 4044 1193 4102 annectunt,
1227 4034 1351 4091 Non
1377 4043 1448 4088 est
1472 4035 1711 4101 volentis,
1744 4050 1899 4104 neque

311 4133 559 4189 currentis
604 4128 1041 4201 (Rom.9.16);
1086 4136 1139 4184 et
1183 4134 1304 4197 post
1332 4125 1461 4181 illud
1510 4140 1731 4191 rursus,
1780 4123 1899 4179 Nisi

314 4225 565 4280 Dominus
594 4222 918 4291 wdiﬁcaverit
942 4219 1148 4274 domum
1171 4259 1188 4285 ,
1232 4219 1285 4273 in
1321 4233 1504 4272 vanum
1544 4217 1899 4271 laboraverunt

312 4318 396 4386 qui
417 4316 670 4385 wdiﬁcant
705 4329 817 4367 eam
849 4311 1031 4383 (Psal.
1060 4309 1186 4366 126.
1215 4309 1284 4379 1)
1317 4327 1330 4363 :
1361 4309 1414 4365 id
1462 4323 1623 4379 porro
1662 4308 1895 4374 faciunt,

314 4410 455 4480 quod
501 4424 567 4463 ex
608 4406 880 4476 Scriptura
919 4404 1099 4460 divina
1140 4403 1514 4474 depromptum
1566 4403 1900 4473 negligentia:

316 4516 426 4557 suae
451 4499 690 4555 velamen
711 4495 1020 4563 obtendant,
1046 4504 1101 4551 et
1127 4495 1352 4551 salutem
1384 4510 1642 4565 spemque
1664 4505 1900 4571 nostram

320 4592 402 4648 lus
431 4590 607 4645 verbis
631 4596 893 4646 conentur
926 4584 1236 4657 infringere.
1281 4585 1424 4641 Nihil
1469 4586 1611 4642 enim
1642 4586 1783 4641 aliud
1810 4602 1903 4657 per

316 4683 439 4743 btet:
462 4683 645 4737 volunt
664 4680 897 4745 efﬁcere,
926 4681 1050 4746 nisi,
1078 4679 1131 4734 in
1162 4686 1425 4749 potestate
1454 4687 1636 4735 nostra
1665 4678 1797 4733 nihil
1825 4680 1901 4734 si-

318 4774 434 4830 lum
463 4790 600 4831 esse.
638 4776 826 4827 Actum
858 4779 940 4827 est
963 4771 1031 4827 de
1060 4768 1225 4826 rebus
1258 4770 1456 4826 nostris
1485 4786 1498 4823 :
1529 4769 1723 4825 frustra
1754 4770 1903 4841 regni

319 4868 572 4920 caelurum
604 4864 887 4934 promissio
911 4904 926 4926 ,
965 4861 1159 4920 frustra
1190 4863 1347 4917 minte
1370 4861 1664 4934 gehennae,
1706 4860 1903 4918 frustra

309 4954 484 5024 leges,
518 4970 703 5024 preme.
740 4954 1018 5024 supplicia,
1047 4963 1101 5010 et
1129 4953 1373 5010 consilia.

388 5048 445 5101 2.
482 5045 632 5100 Omni
670 5046 851 5119 agendi
894 5056 1137 5117 potestate
1166 5046 1367 5101 sublata
1409 5047 1605 5101 nullum
1643 5047 1903 5117 meritum,

322 5137 522 5193 nullum
548 5139 868 5193 demeritum.
897 5169 967 5178 —
992 5137 1129 5207 Quid
1157 5139 1300 5193 enim
1318 5139 1505 5193 attinet
1530 5138 1685 5194 alicui
1712 5153 1909 5194 consu-

320 5233 434 5292 lere
455 5273 472 5302 ,
502 5247 623 5289 cum
651 5232 779 5287 nihil
807 5232 859 5288 in
888 5232 1004 5304 ejus
1030 5233 1191 5287 situm
1222 5232 1291 5288 sit
1318 5232 1628 5303 potestate?
1665 5241 1756 5288 aut
1780 5232 1909 5303 quid

324 5338 460 5394 opus
487 5332 571 5379 est
599 5325 646 5379 ei
675 5324 987 5394 promittere
1010 5365 1025 5387 ,
1052 5324 1141 5394 qui
1164 5324 1316 5379 omni
1347 5324 1419 5378 sit
1446 5337 1625 5381 rerum
1651 5322 1911 5394 gerenda-

324 5432 442 5471 rum
469 5414 720 5471 facultate
748 5416 1025 5485 privatus?
1067 5415 1246 5485 Neque
1272 5416 1317 5471 is
1346 5415 1436 5486 qui
1458 5424 1602 5470 recte
1642 5430 1701 5470 se
1726 5430 1909 5486 gesse-

320 5510 425 5578 rit,
457 5509 648 5580 dignus
685 5521 765 5564 est
806 5509 1000 5577 laude,
1048 5525 1218 5579 neque
1263 5509 1352 5580 qui
1392 5508 1708 5581 deliquerit,
1737 5522 1911 5579 pteute

396 5644 469 5708 (α)
487 5644 779 5716 _Alludithic
801 5646 1168 5716 Chrysostomus
1205 5648 1266 5716 ad
1301 5649 1443 5702 ludos
1479 5650 1715 5714 publicos,
1738 5652 1914 5716 quibus

327 5706 580 5757 admbdum
600 5709 774 5760 addicti
797 5706 936 5760 erant
958 5710 1265 5763 Antiocheni.

984 242 1039 298 s.
1079 206 1355 297 JoANNts
1392 229 1870 293 cunvsosrout

2070 228 2225 286 nne.
2270 205 2802 287 censranrmop.

3483 230 3578 288 156

2005 342 2268 397 obnoxius
2296 357 2358 397 ae
2387 343 2667 412 supplicio,
2700 342 2801 398 nisi
2830 341 3032 398 arbitrii
3057 343 3221 398 nostri
3251 341 3444 400 fuerint
3462 361 3577 415 quae

2003 444 2125 487 sunt
2153 433 2377 503 agenda.
2402 432 2554 502 Quod
2584 433 2628 488 si
2670 431 2828 489 fuerit
2872 434 2973 489 hoc
3015 433 3320 489 hominibus
3364 450 3578 505 persua-

2002 540 2142 591 sum,
2174 540 2332 579 nemo
2351 524 2461 595 jam
2483 525 2709 595 amplius
2731 525 2977 579 virtutem
3010 526 3397 595 amplectetur,
3427 542 3579 582 nemo

2000 632 2030 671 a
2060 618 2187 673 vitio
2212 617 2517 671 declinabit.
2547 617 2677 672 Nam
2699 618 2765 683 si,
2791 617 2916 671 dum
2939 617 3160 687 singulis
3184 617 3371 674 diebus
3395 634 3577 688 perso-

2000 718 2133 765 naut
2167 725 2322 765 aures
2364 711 2639 765 hominum
2679 710 2900 765 vocibus
2944 710 3143 767 nostris
3186 711 3254 766 de
3300 711 3534 782 gehenna
3561 757 3575 778 ,

1999 799 2126 855 dum
2148 801 2309 857 verba
2338 799 2559 856 facimus
2585 801 2652 857 de
2680 816 2849 872 regno
2878 802 3151 867 caelorum,
3179 801 3303 858 dum
3336 803 3580 859 intolera-

1999 890 2133 948 biles
2168 907 2355 964 ptenas
2382 900 2436 948 et
2464 892 2679 962 praemia
2699 934 2715 959 ,
2752 908 2872 963 qua:
2899 894 3187 947 humanum
3213 894 3476 949 excedunt
3504 895 3581 949 in-

2001 982 2294 1051 tellectum,
2323 985 2692 1055 proponimus,
2719 984 2848 1040 dum
2867 985 3215 1051 consulimus,
3241 986 3367 1041 dum
3392 987 3581 1042 cohor.

2003 1082 2197 1142 tamur,
2221 1075 2347 1129 dum
2371 1090 2585 1131 omnem
2614 1077 2909 1130 orationem
2941 1075 3308 1143 admovemus,
3337 1093 3478 1148 aegre
3501 1088 3579 1133 ta.-

2002 1180 2123 1219 men
2170 1165 2506 1221 adducuntur
2562 1165 2776 1237 quidam
2807 1208 2822 1231 ,
2879 1175 2936 1221 ut
2986 1166 3208 1223 sudores
3251 1182 3347 1238 pro
3392 1169 3581 1225 virtute

2000 1256 2331 1326 suscipiant,
2369 1272 2510 1327 aegre
2538 1271 2567 1310 a
2596 1266 2932 1327 peccatorum
2960 1257 3318 1329 voluptatibus
3351 1273 3580 1315 avocan-

2002 1357 2087 1403 tur
2117 1367 2130 1403 :
2157 1348 2204 1404 si
2229 1349 2366 1405 hanc
2392 1350 2552 1405 etiam
2580 1364 2787 1404 sacram
2809 1349 3087 1422 abruperis
3114 1364 3383 1417 ancoram,
3405 1366 3581 1409 nonne

2001 1442 2207 1513 integra
2240 1443 2387 1498 navis
2416 1443 2787 1515 submergetur
2808 1485 2824 1511 ,
2880 1452 2934 1499 ct
2963 1458 3148 1499 omnes
3176 1443 3386 1515 penitus
3413 1444 3581 1502 ﬂucti-

2001 1535 2099 1591 bus
2127 1536 2366 1604 absorpti
2399 1535 2688 1607 peribunt,
2729 1535 3001 1607 multaque
3024 1535 3262 1607 quotidie
3298 1535 3426 1592 ﬁent
3454 1550 3583 1591 nan.

2003 1627 2204 1698 fragia?
2228 1627 2367 1682 Nihil
2389 1629 2530 1683 enim
2552 1628 2727 1699 plane,
2756 1628 2885 1682 nihil
2916 1628 2989 1683 ita
3017 1627 3289 1683 contendit
3313 1627 3578 1695 diabolus,

2003 1732 2058 1776 ut
2081 1722 2273 1777 anima:
2300 1722 2542 1777 humana:
2565 1722 2905 1794 persuadere,
2933 1736 3105 1793 neque
3134 1721 3186 1777 in
3208 1722 3438 1793 peccatis
3463 1716 3581 1778 eam

2001 1816 2274 1886 suppliciis
2301 1817 2586 1872 obnoxiam
2612 1858 2627 1884 ,
2665 1830 2840 1886 neque
2870 1816 3114 1872 laudibus
3142 1825 3197 1871 et
3222 1815 3435 1871 coronis
3461 1829 3607 1871 esse-

1999 1911 2210 1982 dignam
2235 1911 2285 1966 in
2312 1921 2457 1968 recte
2486 1911 2637 1968 factis
2657 1955 2673 1980 ,
2701 1923 2760 1968 ut
2787 1922 2841 1968 et
2871 1912 3233 1969 studiosorum
3264 1928 3452 1971 manus
3474 1912 3583 1968 dis-

2000 2004 2193 2072 solvat,
2224 2013 2277 2060 et
2305 2006 2466 2060 animi
2493 2005 2818 2061 alacritatem
2850 2006 3175 2076 restinguat,
3207 2014 3261 2061 et
3284 2020 3466 2060 eorum
3494 2007 3583 2076 qui

1998 2097 2234 2151 animum
2263 2097 2596 2168 despondent
2622 2097 2879 2153 incuriam
2907 2097 3103 2164 foveat,
3127 2110 3190 2153 ac
3210 2097 3582 2169 negligentiam

1999 2200 2207 2260 augeat.
3555 2236 3563 2247 .

2070 2281 2296 2337 Libertas
2323 2283 2576 2336 actionum
2603 2283 2959 2336 humanarum.
2990 2312 3060 2322 —
3086 2281 3345 2350 Quocirca
3367 2280 3583 2352 diligen~

2000 2382 2080 2428 ter
2107 2374 2193 2441 iis,
2221 2390 2340 2444 quae
2370 2374 2618 2429 dicuntur
2642 2417 2655 2440 ,
2688 2374 3065 2429 attendendum
3096 2382 3200 2430 est.
3227 2374 3580 2443 Pmcipitium

1998 2474 2081 2520 cst
2109 2466 2358 2536 utrinque
2383 2481 2446 2520 ac
2473 2466 2623 2521 fovea
2662 2467 2809 2520 locus
2835 2466 2934 2520 istc
2958 2507 2972 2531 ,
3013 2466 3115 2521 nisi
3154 2473 3308 2521 caute
3356 2465 3582 2536 legatur.

1996 2556 2133 2624 Quid
2163 2558 2304 2611 enim
2343 2556 2625 2612 dicemus?
2670 2572 2735 2610 an
2765 2556 3074 2627 prophetam
3100 2571 3219 2611 esse
3258 2557 3586 2612 mentitum?

1997 2652 2067 2703 At
2092 2650 2443 2720 periculosum
2489 2650 2615 2705 est?
2663 2665 2769 2705 non
2811 2651 2954 2705 enim
3000 2649 3256 2704 mentitur
3284 2648 3585 2721 prepheta,

1997 2755 2181 2816 utpote
2207 2746 2295 2817 qui
2324 2746 2419 2801 Dei
2452 2760 2609 2801 voces
2638 2746 3003 2816 proloquatur.
3032 2744 3147 2800 Non
3174 2759 3300 2815 ergo
3330 2744 3585 2799 mentitus

1996 2849 2079 2893 εει
2104 2836 2405 2908 propheta?
2435 2835 2657 2907 proinde
2684 2851 2789 2891 non
2822 2844 2949 2890 sunt
2993 2837 3045 2890 in
3084 2843 3266 2890 nostra
3296 2843 3582 2903 potestate,

1997 2944 2115 2999 quae
2142 2944 2301 3001 agere
2322 2929 2624 2986 debemus?
2664 2927 2775 2985 lmo
2800 2938 2853 2986 et
2878 2931 2927 2983 in
2954 2938 3133 2983 nostra
3176 2936 3437 2998 potestate
3485 2927 3586 2981 sita

1997 3034 2121 3078 sunt
2146 3038 2266 3093 quae
2294 3037 2453 3093 agere
2473 3022 2766 3087 debemus,
2811 3029 2865 3075 et
2897 3021 3152 3090 prepheta
3191 3018 3446 3074 mentitus
3479 3034 3588 3074 non

1997 3124 2079 3170 est
2108 3132 2120 3167 :
2150 3124 2204 3169 ct
2226 3113 2414 3169 horum
2442 3122 2727 3183 utrumque
2754 3112 3114 3182 probabimus,
3142 3112 3186 3166 si
3214 3120 3451 3167 attentas
3492 3126 3586 3164 au-

1998 3221 2085 3261 res
2105 3204 2460 3274 prazbueritis.
2491 3204 2774 3275 Propterea
2800 3217 3026 3273 namque
3048 3202 3392 3271 praecipitium
3412 3202 3587 3256 utrin-

1997 3314 2099 3368 que
2125 3297 2387 3367 obiectum
2416 3295 2664 3363 ostendi,
2708 3302 2767 3350 ut
2809 3295 2998 3365 vigiles
3033 3302 3087 3349 ct
3114 3292 3297 3348 attenti
3336 3294 3587 3364 propOSi-

2000 3401 2108 3446 tum
2150 3391 2304 3447 nobis
2339 3390 2441 3446 iter
2467 3390 2835 3445 conliciamus.
2883 3388 3000 3442 Non
3046 3388 3188 3442 enim
3232 3385 3372 3440 hunc
3406 3386 3590 3441 locum

2001 3494 2201 3540 tantum
2232 3484 2563 3540 excutiemus
2587 3524 2602 3548 ,
2637 3481 2756 3536 Non
2784 3491 2857 3535 est
2880 3482 2932 3534 in
2962 3479 3161 3535 homine
3186 3480 3264 3533 via
3297 3479 3449 3548 ejus;
3494 3477 3589 3533 sed

1998 3588 2050 3631 et
2075 3584 2355 3632 contextus
2384 3589 2596 3630 omnem
2628 3573 2821 3628 seriem
2843 3614 2857 3637 ,
2891 3581 2944 3626 et
2974 3585 3067 3641 pro
3092 3569 3283 3640 quibus
3308 3568 3451 3624 dicta
3482 3568 3592 3623 sint

2001 3670 2109 3737 illa,
2135 3684 2165 3722 a
2191 3684 2330 3739 quo,
2361 3668 2426 3722 ad
2458 3682 2640 3738 quem,
2669 3680 2829 3735 quam
2864 3662 2934 3719 ob
2960 3679 3173 3718 causam
3199 3705 3214 3728 ,
3257 3660 3507 3732 quando,
3537 3670 3595 3716 et

1999 3760 2285 3832 quomodo.
2330 3760 2445 3815 Non
2491 3759 2633 3814 enim
2661 3757 2836 3813 dicere
2866 3754 3062 3812 sufﬁcit
3099 3754 3296 3826 aliquid
3344 3754 3395 3808 in
3441 3752 3592 3809 Scri-

2002 3865 2155 3923 ptura
2177 3853 2432 3923 scriptum
2460 3849 2710 3921 reperiri,
2741 3863 2911 3918 neque
2936 3857 3138 3903 temere
3172 3846 3353 3901 avulsa
3380 3859 3445 3900 ac
3475 3844 3590 3899 dis-

2001 3955 2180 4014 cerpta
2226 3942 2477 3998 divinitus
2523 3941 2794 4010 inspiratze
2823 3938 3113 4008 Scripturte
3161 3936 3404 3991 membra
3446 3933 3593 3989 nuda

2002 4045 2058 4090 ct
2084 4050 2113 4089 a
2138 4034 2345 4105 reliquo
2376 4042 2521 4088 textu
2544 4034 2787 4101 serieque
2807 4031 3071 4086 sermonis
3093 4028 3331 4099 seiuncta
3351 4042 3593 4093 sumere,

2002 4143 2065 4184 ac
2095 4126 2257 4183 nimia
2305 4126 2517 4182 licentia
2566 4122 2996 4193 conﬁdentiaque
3040 4122 3168 4192 ipsis
3218 4119 3463 4176 illudere.
3506 4118 3599 4175 Sic

2004 4222 2145 4277 enim
2176 4236 2336 4292 prava
2362 4220 2606 4290 drgmata
2648 4217 2816 4272 multa
2859 4221 2911 4271 ln
2944 4226 3179 4271 nostram
3210 4213 3350 4269 hanc
3377 4220 3597 4269 :etatem

2004 4316 2211 4370 invecta
2240 4322 2385 4379 sunt,
2412 4311 2538 4367 dum
2587 4309 3060 4381 negligentioribus
3095 4308 3356 4378 persuasit
3400 4306 3595 4361 diabo-

2006 4408 2109 4473 lus,
2140 4416 2199 4461 ut
2222 4406 2437 4475 oblique
2462 4405 2683 4460 distorta
2721 4402 3020 4459 testimonia
3062 4401 3351 4471 Scriptum
3379 4400 3594 4468 profer-

2006 4508 2147 4565 rent,
2175 4498 2256 4552 vel
2283 4497 2475 4552 additis
2501 4496 2890 4566 subtractisque
2921 4494 3192 4549 nonnullis
3220 4492 3473 4548 tenebras
3503 4507 3599 4546 ve.

2007 4592 2148 4646 ritati
2174 4589 2526 4646 oﬂ'underenl.
2557 4589 2673 4644 Non
2711 4603 2842 4659 ergo
2868 4587 3063 4642 sufﬁcit
3082 4585 3262 4643 dicere
3284 4628 3297 4650 ,
3335 4586 3604 4655 scriptum

2008 4698 2127 4739 esse
2167 4683 2219 4738 in
2266 4681 2580 4753 Scriptura,
2633 4681 2725 4737 sed
2772 4690 2935 4735 totam
2966 4680 3157 4735 seriem
3191 4679 3288 4748 legi
3335 4685 3592 4747 oportet:

2008 4775 2436 4846 quandoquidem
2477 4774 2520 4830 si
2551 4774 2954 4829 continuitatctn
2988 4782 3039 4825 et
3069 4770 3466 4841 cognationem,
3496 4784 3606 4839 qua

2011 4868 2148 4923 inter
2175 4883 2234 4924 se
2261 4883 2498 4924 connexa
2533 4874 2698 4935 sunt,
2750 4867 3136 4932 interrumpere
3173 4861 3433 4917 vellemus
3460 4903 3477 4927 ,
3534 4861 3609 4915 ita

2011 4962 2175 5016 multa
2216 4976 2377 5030 prava
2418 4960 2662 5030 dogmata
2694 4958 2981 5013 orirentur.
3030 4955 3314 5010 Enimvero
3352 4953 3403 5007 in
3451 4952 3611 5007 Scri-

2013 5063 2166 5124 ptura
2193 5053 2448 5124 scriptum
2478 5061 2560 5107 est
2594 5070 2607 5106 :
2639 5051 2758 5105 Non
2787 5062 2857 5104 esl
2888 5049 3027 5104 Deus
3054 5046 3220 5119 (Psal.
3255 5047 3340 5102 15.
3368 5046 3424 5117 1)
3452 5064 3468 5111 ;
3516 5056 3569 5100 et
3596 5086 3612 5110 ,

2012 5147 2199 5201 Avertit
2224 5146 2401 5217 faciem
2428 5161 2572 5200 suam
2591 5186 2607 5211 ,
2640 5161 2702 5197 ne
2728 5142 2891 5196 videat
2916 5142 2967 5195 in
2998 5142 3183 5210 finem:
3211 5148 3265 5194 et
3284 5181 3298 5205 ,
3332 5136 3478 5192 Deus
3508 5154 3614 5191 non

2012 5240 2227 5309 requiret
2271 5238 2292 5311 (
2316 5236 2458 5292 Psal.
2502 5235 2588 5304 10,
2618 5235 2891 5292 secundum
2941 5231 3091 5286 Hebr.
3114 5248 3161 5285 υ.
3186 5232 3273 5286 11.
3314 5229 3440 5301 15).
3474 5228 3615 5284 Num

2016 5332 2176 5404 igitur
2200 5374 2216 5400 ,
2247 5333 2363 5400 die,
2395 5347 2599 5402 qumso,
2630 5345 2733 5384 non
2762 5339 2844 5383 est
2874 5326 3050 5382 Deus?
3081 5339 3255 5394 neque
3292 5322 3527 5393 respicit
3556 5336 3618 5375 ea

2015 5444 2131 5498 quze
2159 5427 2209 5481 in
2244 5428 2399 5481 terris
2424 5424 2595 5479 ﬁunt?
2623 5424 2739 5494 quis
2770 5422 2869 5476 hoc
2891 5420 3028 5475 ausit
3055 5418 3238 5474 dicere
3265 5416 3347 5471 vel
3373 5414 3620 5470 audire?

2018 5519 2287 5588 Scriptum
2334 5528 2510 5573 tamen
2551 5525 2631 5570 est
2671 5515 2722 5568 in
2775 5512 3048 5582 Scriptura
3077 5527 3090 5565 :
3123 5509 3218 5565 sed
3260 5507 3408 5563 disce
3435 5547 3452 5571 ,
3508 5521 3622 5577 quo

2020 5620 2175 5683 pacto
2200 5613 2269 5666 sit
2294 5610 2568 5680 scriptum.
2622 5607 2761 5662 Dixit
2803 5606 3066 5677 insipiens,
3114 5601 3323 5671 inquit,
3367 5600 3425 5653 in
3463 5598 3623 5654 corde

2024 5721 2135 5769 suo,
2174 5702 2291 5758 Non
2329 5711 2400 5756 est
2432 5699 2587 5754 Deus.
2618 5697 2733 5755 Non
2759 5696 3046 5765 Scriptum
3078 5691 3388 5763 suﬂ‘rugitn
3434 5698 3521 5745 est
3565 5697 3625 5743 et
