3738 6274
109 266 178 321 IRS
1106 266 1175 324 IN
1215 267 1438 334 ILLUD,
1470 266 1606 325 NON
1640 266 1771 324 EST
1807 270 1875 326 IN
1914 272 2196 342 HOMINE,
2238 275 2393 332 ETC.

102 389 163 440 τὴν
185 384 216 439 6
248 384 424 457 λόγος
455 388 755 458 ἠγωνίζετο
785 428 800 454 ,
831 389 1230 464 ἀπολελυμένος
1262 392 1356 447 καὶ
1376 389 1656 461 ἐλεύθερος

102 471 165 524 ὢν.
197 470 300 524 Διά
341 471 511 527 τοῦτο
543 472 600 526 δὲ
634 475 729 528 καὶ
757 473 1135 547 λαμπρότερος
1185 472 1253 549 ἦν
1294 476 1388 530 καὶ
1420 491 1662 546 πανηγυ-

104 554 408 627 ρικώτερος,
463 557 561 610 καὶ
628 557 888 615 πλειόνων
937 559 1207 614 ἀπέλαυεν
1260 558 1515 612 ἐπαίνων.
1598 556 1666 610 Ἡ

105 639 184 707 γὰρ
208 639 435 693 διάνοια
464 639 573 693 τῶν
602 641 908 713 ἀκροατῶν,
944 642 1072 697 ὅταν
1122 644 1239 713 μετ’
1278 641 1527 705 εὐκολίας
1554 641 1664 703 τοῖς

104 722 403 791 ὴγομένοις
443 723 852 796 παρακολουθῇ,
905 725 1110 797 πολλῆς
1148 726 1384 790 ἀνέσεως
1429 722 1667 779 ἀπολαύ-

102 822 233 866 ουσα,
277 805 699 878 προθυμότερον
740 808 877 879 πρὸς
908 807 998 862 τὸν
1028 808 1247 864 ἔπαινον
1278 806 1373 863 τοῦ
1418 807 1669 876 λέγοντος

103 887 440 960 ίιεγείρεται.
507 889 663 944 Ἐπεὶ
704 888 797 949 οὖν
832 892 1032 957 ἱκανῶς
1074 893 1218 963 ὑμᾶς
1252 889 1671 961 ἀνεκτησάμεθα

105 974 143 1025 ἐν
162 976 292 1035 ταῖς
328 973 572 1044 ἡμέραις
600 975 846 1042 ταύταις,
875 976 1027 1031 οὐδὲν
1060 976 1319 1030 ἐπίπονον
1359 976 1455 1053 καλἶ
1497 975 1669 1045 τραχὺ

103 1058 213 1127 τῴς
237 1057 347 1127 τὴν
363 1056 643 1128 ὑμετέραν
662 1060 978 1130 κινήσαντες
996 1060 1239 1131 ἀγάπην,
1261 1059 1395 1131 φέρε
1414 1058 1479 1130 δὴ
1500 1059 1670 1129 τήμεο

106 1158 169 1207 ρον
205 1141 366 1210 ὑμᾶς
396 1140 562 1194 πάλιν
591 1143 683 1196 ἐπὶ
712 1144 813 1213 τὴν
839 1144 1107 1215 προτέραν
1137 1145 1435 1214 ἀγάγωμεν
1464 1158 1673 1212 γυμνα-

106 1223 217 1288 τίαν,
236 1221 399 1295 [159]
422 1222 561 1293 πρὸς
574 1224 643 1278 τά
659 1226 1035 1299 ἐπιπονώτερα
1052 1226 1160 1281 τῶν
1185 1224 1418 1298 Γραφῶν
1438 1224 1531 1278 καὶ
1548 1222 1674 1277 πολ-

104 1308 175 1376 λῆς
206 1306 459 1375 δεόμενα
486 1307 758 1371 συνέσεως
775 1308 1244 1379 χειραγωγοῦντες
1279 1308 1443 1378 ὑμᾶς,
1469 1308 1568 1377 οὑχ
1589 1306 1676 1359 ἵνα

106 1397 479 1460 ιυντριψωμεν
510 1389 591 1460 τῷ
618 1390 872 1462 καμάτῳ,
911 1392 1027 1445 ἀλλ’
1067 1392 1154 1445 ἴνα
1195 1392 1564 1462 γυμνάσωμεν
1593 1390 1674 1453 είς

102 1472 431 1526 τδδύνασθαι
468 1472 749 1528 καὶταῦτα
780 1473 918 1545 μετά
950 1474 1255 1544 ἀσφαλείας
1277 1472 1573 1528 διαϐαίνειν
1604 1470 1674 1525 τά

106 1557 283 1625 χωρία.
321 1557 539 1627 Ὥσπερ
569 1551 665 1610 οὖν
707 1556 823 1611 τότε
848 1556 1000 1628 παρά
1033 1557 1133 1628 μὲν
1161 1557 1257 1629 τὴν
1297 1555 1472 1629 ἀρχὴν
1502 1554 1674 1610 ἐδόκει

105 1640 233 1708 μάχη
256 1656 352 1702 τις
390 1635 531 1691 εἶναι
559 1639 656 1693 καὶ
683 1638 981 1708 φιλονεικία
1015 1640 1124 1694 τῶν
1156 1639 1491 1706 ἀποστόλων,
1521 1639 1674 1693 ἐπει-

103 1723 150 1791 δή
184 1723 246 1775 δὲ
291 1721 577 1792 ἀνέϐημεν
626 1724 755 1786 τοὺς
800 1723 1097 1785 σκοπέλους
1144 1722 1406 1788 ἐκείνους,
1463 1722 1676 1792 είδομεν

104 1806 192 1859 ἀίω
244 1804 448 1857 λοιπὸν
490 1805 583 1857 τὸν
628 1806 837 1876 καρπὸν
884 1806 976 1860 τοῦ
1038 1806 1374 1876 Πνεύματος,
1433 1804 1674 1875 ἀγάπην,

104 1888 284 1959 χαρὰν,
314 1889 568 1959 εἰρήνην,
600 1890 694 1943 καὶ
720 1890 780 1943 οὑ
826 1890 1055 1960 μάταιος
1081 1892 1213 1961 ἡμῖν
1236 1890 1356 1943 οὑδὲ
1381 1888 1632 1961 περιττὸς
1651 1890 1680 1942 6

107 1972 250 2035 τόνος
275 1973 531 2040 ἐγένετο,
565 1971 678 2027 ἀλλ’
702 1974 782 2037 είς
807 1973 1143 2044 εὐφροσύνην
1174 1972 1468 2044 κατέληξεν
1488 1991 1499 2003 ·
1535 1971 1679 2027 οὕτω

104 2055 181 2107 ul
210 2057 471 2125 σήμερον
519 2054 809 2125 προσδοκῶ
837 2059 957 2120 ταῖς
1001 2057 1187 2127 εὐχαῖς
1218 2059 1338 2119 ταῖς
1362 2055 1674 2128 ὑμετέραις,

106 2138 157 2191 ἂν
183 2138 332 2209 μετὰ
356 2139 657 2210 καρτερίας
674 2138 769 2192 καὶ
786 2139 985 2210 πολλῆς
1010 2142 1109 2211 τῆς
1134 2140 1411 2210 ὑπομονῆς
1427 2141 1527 2211 τὴν
1546 2155 1679 2210 προ-

105 2223 363 2292 κειμένην
395 2223 529 2291 ήμίν
578 2221 917 2293 διανύσωμεν
946 2223 1085 2287 ὁδὸν,
1136 2224 1232 2277 καὶ¹
1275 2224 1367 2276 ἐπὶ
1397 2222 1494 2293 τὴν
1524 2239 1683 2293 κορυ-

104 2306 193 2374 φὴν
222 2305 408 2373 αὐτὴν
436 2304 708 2374 ἀναϐῆναι
726 2304 1063 2376 δυνηθῶμεν,
1096 2306 1314 2360 ίσόπεδα
1333 2307 1430 2361 καὶ
1451 2306 1567 2360 λεῖα
1588 2305 1683 2358 καὶ

106 2386 259 2442 fama
302 2389 493 2440 πάντα
515 2389 770 2459 εὑρήσειν
793 2391 926 2444 ἐκεῖ.
960 2389 1025 2442 Τί
1064 2390 1181 2443 ποτ’
1215 2386 1307 2444 οὖν
1328 2390 1442 2443 ἐστι
1463 2390 1526 2444 τὸ
1546 2406 1683 2460 προ-

102 2472 350 2539 κείμενον
382 2471 519 2539 ἡμῖν
545 2469 675 2538 νῦν;
707 2471 783 2524 Τὸ
822 2471 976 2542 παρά
1002 2472 1096 2525 τοῦ
1132 2473 1412 2544 προφήτου
1446 2476 1683 2544 σήμερον

104 2552 488 2621 ἁναγνωσθέν·
534 2554 732 2622 Κύριε,
773 2556 884 2609 οὐκ
920 2554 993 2609 ἐν
1037 2555 1117 2621 τῷ
1151 2556 1439 2625 ἀνθρώπῳ
1466 2558 1505 2625 ἠ
1547 2555 1687 2623 ὁδὸς

109 2637 305 2698 αὑτοῦ,
346 2635 499 2691 οὐδὲ
548 2636 861 2705 ἄνθρωπος
910 2640 1289 2709 πορεύσεται,
1336 2640 1435 2694 καί
1487 2656 1688 2708 κατορ-

109 2723 269 2776 (hiqu
298 2721 425 2790 τὴν
475 2723 725 2790 πορείαν
758 2722 963 2778 αὑτοῦ.
996 2724 1070 2777 Τὸ
1102 2723 1201 2795 μὲν
1252 2724 1472 2795 ζήτημα
1495 2721 1683 2777 τοῦτο·

109 2807 246 2872 ὑμεῖς
288 2805 376 2868 δὲ,
422 2803 613 2875 ὥσπερ
652 2804 775 2859 τότε
803 2805 1104 2877 παρέσχετε
1156 2806 1252 2878 τὴν
1296 2806 1559 2877 σπουδήν,
1596 2806 1690 2859 καὶ

107 2890 188 2942 νῦν
224 2888 551 2942 συντείνατε
576 2888 806 2954 ἑαυτούς
825 2906 839 2919 ·
857 2889 977 2944 οὐδὲ
999 2889 1107 2961 γάρ
1133 2890 1292 2944 τοῦτο
1311 2890 1527 2944 ἔλαττον
1555 2889 1691 2943 ὲκεί-

108 2990 187 3024 νον
208 2973 273 3026 τὸ
303 2973 563 3043 ζήτημα,
600 2972 738 3026 ἀλλὰ
777 2972 873 3026 καὶ
901 2973 1143 3037 πλείονος
1178 2972 1348 3028 δεῖται
1391 2973 1691 3044 φροντίδος.

109 3057 161 3107 TE
187 3056 580 3127 δήποτεςὊτι
630 3056 663 3127 ή
699 3055 798 3128 μὲν
826 3056 1039 3110 Παύλου
1088 3056 1183 3111 καλΙ
1211 3056 1416 3128 Πέτρου
1466 3054 1696 3112 δοκοῦσα

110 3141 198 3207 μὲν
223 3134 379 3195 εἰναι
407 3139 663 3211 διαφορὰ,
700 3141 800 3194 οὑκ
826 3135 960 3195 οὖσα
983 3140 1060 3207 δὲ,
1093 3142 1153 3194 οὑ
1177 3141 1389 3205 πολλοῖς
1422 3141 1694 3213 γνώριμος

108 3218 184 3292 ἣν,
226 3223 360 3276 ὅθεν
389 3223 515 3276 οὑδὲ
546 3222 745 3294 πολλὴν
772 3225 835 3278 ὲκ
865 3224 963 3296 τῆς
997 3225 1219 3294 ἀγνοίας
1247 3225 1394 3290 είκὸς
1424 3221 1493 3297 ἦν
1538 3223 1695 3293 γενέ-

110 3308 224 3359 σθαι
252 3308 364 3376 τὴν
398 3306 636 3381 βλάϐην·
657 3306 795 3377 αὓτη
821 3308 877 3361 δὲ
902 3311 933 3379 ή
964 3309 1124 3380 ῥῆσις
1156 3309 1432 3380 πανταχοῦ
1467 3306 1697 3380 περιφέ-

110 3407 277 3459 ρεται,
312 3393 377 3443 ἐν
404 3388 625 3454 οἰκίαις,
665 3391 723 3443 ὲν
749 3391 993 3464 ἀγοραῖς,
1020 3393 1078 3446 ὲν
1104 3392 1330 3465 χώραις,
1361 3395 1419 3447 ὲν
1456 3391 1696 3455 πόλεσιν,

112 3476 161 3524 ἐν
189 3476 262 3542 γῇ
289 3473 394 3525 καὶ
424 3472 668 3545 θαλάττῃ
703 3474 797 3527 καὶ
822 3475 1023 3546 νήσοις·
1050 3477 1144 3529 καὶ
1166 3476 1410 3545 ὅπουπερ
1440 3474 1506 3529 ἂν
1529 3474 1696 3528 ἀπέλ-

114 3555 225 3629 θῃς,
285 3556 506 3627 ἀκούσῃ
551 3555 725 3610 ταῦτα
772 3558 1036 3626 λεγόντων
1078 3559 1316 3613 πολλῶν·
1366 3556 1697 3630 Γέγραπται,

116 3645 229 3693 θεν-ι
265 3642 341 3694 ἐν
371 3639 455 3706 τῷ
492 3641 781 3710 ἀνθρώπῳ
818 3644 856 3712 ἠ
892 3643 1032 3710 ὁδὸς
1076 3644 1282 3699 αὐτοῦ.
1316 3645 1390 3697 Οὐ
1418 3643 1615 3704 ταύτην
1644 3642 1702 3696 δὲ

118 3726 272 3791 μένον
296 3723 709 3795 μεμελετήκασι
732 3725 830 3796 τὴν
870 3726 1050 3797 ῥῆσιν,
1075 3726 1210 3781 ἀλλά
1237 3728 1330 3781 καὶ
1351 3727 1542 3798 ἐτέρας
1562 3727 1704 3797 πρὸς

114 3807 319 3877 ταύτην
347 3808 657 3878 συνείρουσι
680 3816 705 3843 ³
740 3808 1015 3876 τοιαύτας,
1042 3810 1123 3864 ὅτι
1157 3811 1237 3864 Οὐ
1270 3808 1376 3865 τοῦ
1399 3810 1701 3875 θέλοντος,

114 3892 259 3944 οὐδὲ
304 3891 419 3945 τοῦ
470 3891 824 3960 τρέχοντος·
857 3893 951 3946 καὶ
1000 3894 1116 3965 μετ’
1146 3895 1322 3947 ἐκεῖνο
1350 3894 1530 3961 πάλιν,
1565 3894 1707 3948 Ἐὰν

107 3976 193 4044 μὴ
237 3978 459 4045 Κύριος
502 3976 871 4047 οὶκοόομήσῃ
920 3973 1107 4042 οἷκον,
1135 3980 1222 4046 εὶς
1249 3977 1447 4048 μάτην
1468 3977 1708 4032 ἐκοπία-

111 4076 239 4111 cur
257 4062 313 4113 οί
340 4058 801 4127 οἰκοδομοῦντες
839 4062 1044 4116 αὐτόν.
1069 4054 1239 4115 Τοῦτο
1266 4062 1324 4116 δὲ
1349 4059 1579 4125 ποιοῦσι,
1610 4062 1708 4130 τῆς

111 4142 326 4205 οἰκείας
356 4142 636 4214 ῥᾳθυμίας
661 4144 1101 4217 προκαλύμματα
1122 4146 1150 4187 b
1174 4145 1272 4209 τὰς
1303 4144 1454 4209 θείας
1486 4144 1708 4217 Γραφάς

111 4225 582 4296 προϐαλλόμενοι,
607 4228 702 4280 καὶ
723 4227 821 4297 τὴν
849 4230 1121 4300 σωτηρίαν
1150 4228 1307 4301 ήμῶν
1328 4229 1423 4282 καὶ
1442 4228 1541 4300 τὴν
1563 4228 1710 4280 ὲλπίυ

104 4309 171 4359 δα
193 4309 289 4361 διά
310 4308 523 4361 τούτων
545 4308 844 4381 διορύττειν
873 4312 1273 4383 ἐπιχειροῦντες
1292 4312 1401 4365 τῶν
1426 4313 1491 4383 ρη
1501 4311 1703 4382 μάτων.

103 4394 285 4447 Οὐδὲν
304 4394 420 4464 γάρ
436 4394 524 4446 ἓτε
532 4410 625 4462 ρον
647 4395 1052 4450 κατασκευάσαι
1079 4396 1355 4467 βούλονται
1374 4397 1460 4450 διὰ
1481 4394 1707 4461 τούτων,

108 4479 235 4532 ἀλλ’
268 4480 300 4550 ἢ
329 4481 418 4532 ὃτι
462 4477 677 4541 οὐδενός
729 4479 896 4549 ἔσμεν
939 4478 1137 4549 κύριοι.
1181 4481 1364 4534 Πάντα
1399 4480 1605 4551 οίχεται
1642 4480 1710 4533 τά

106 4563 243 4617 καθ’
282 4564 439 4635 ἡμᾶς
461 4579 474 4593 ·
522 4562 645 4632 εἰκῆ
682 4562 958 4633 βασιλείας
988 4564 1299 4635 ὑπόσχεσις,
1331 4565 1453 4637 είκῆ
1485 4565 1711 4637 γεέννης

104 4645 340 4716 ἀπειλή,
370 4644 499 4716 είκῆ
547 4644 703 4715 νόμοι
759 4646 852 4699 καὶ
899 4646 1161 4718 τιμωρίαι
1212 4647 1307 4703 καὶ
1347 4649 1594 4714 κολάσεις
1618 4650 1712 4703 καὶ

110 4746 177 4783 συ
184 4727 449 4798 μὸουλαί.

184 4813 263 4881 β’.
277 4812 343 4865 Τί
354 4811 467 4882 γάρ
480 4810 548 4864 ἄν
561 4828 646 4873 τις
658 4811 1007 4881 παραινέσειε
1020 4812 1097 4883 τῷ
1118 4812 1344 4885 μηδενὸς
1360 4814 1473 4869 ὄντι
1503 4814 1676 4886 κυρίῳ
1695 4834 1709 4881 ;

98 4898 156 4948 τί
176 4896 244 4949 ἃ
271 4896 336 4951 ἀν
362 4912 447 4957 τις
475 4895 762 4964 ὑπόσχοιτο
803 4896 880 4967 τῷ
908 4897 1085 4967 πάσης
1115 4898 1362 4964 ἐξουσίας
1404 4899 1712 4969 ἀπεστερη-

298 4995 314 5043 ;
348 4976 491 5030 Οὔτε
514 4978 544 5030 6
568 4977 921 5049 κατορθώσας
949 4978 1102 5044 ἄξιός
1127 4981 1272 5034 ἐστιν
1299 4982 1521 5036 ἐπαίνου
1541 5022 1556 5047 ,
1591 4980 1715 5036 οὔτε

103 5066 133 5114 ὁ
162 5060 504 5132 διαμαρτὼν
540 5061 839 5126 ὑπεύθυνος
873 5064 1147 5127 κολάσεως
1178 5064 1271 5118 καὶ
1314 5066 1598 5138 τιμωρίας,
1648 5066 1715 5120 ἂν

108 5150 185 5217 μὴ
223 5147 320 5216 ἐφ’
362 5141 567 5220 ήμῖνῇ
616 5146 684 5199 τά
715 5147 987 5218 πρακτέα.
1041 5148 1105 5200 El
1137 5147 1193 5201 δὲ
1235 5148 1395 5202 τοῦτο
1446 5149 1717 5204 πεισθεῖεν

106 5233 427 5301 ἂνθρωποι,
444 5230 624 5292 οὐδεὶς
650 5228 831 5281 οὐκέτι
858 5228 1042 5282 λοιπὸν
1067 5229 1167 5283 οὑκ
1192 5232 1391 5303 ἀρετῆς
1414 5232 1715 5300 ἀνθέξεται,

102 5318 167 5368 εὖ
204 5315 420 5367 κακίαν
445 5311 833 5382 φεύξεταιελζί
855 5313 961 5384 γὰρ
984 5312 1079 5369 νῦν
1106 5314 1225 5367 καθ’
1243 5315 1479 5386 ἑκάστην
1504 5315 1716 5388 ἡμέραν

3239 279 3341 333 156

1766 390 2089 462 λεγομένων,
2118 397 2209 449 καὶ
2238 398 2335 460 τὰς
2375 396 2621 460 κολάσεις
2660 399 2758 461 τὰς
2799 399 3100 469 ἀφορήτους
3141 398 3232 449 καὶ
3274 397 3343 450 τά

1768 478 1973 534 ἔπαθλα
1996 482 2062 536 τά
2092 484 2485 555 ὑπερϐαίνοντα
2512 483 2749 539 διάνοιαν
2772 484 3117 553 ἀνθρωπίνην
3154 501 3343 554 προ-ιιι

1765 565 1982 632 θέντων,
1999 567 2144 640 [160]
2162 570 2653 641 συμϐουλευόντων,
2674 570 3151 641 παρακαλούντων,
3166 570 3341 623 πάντα

1766 655 2056 711 κινούντων
2070 656 2242 725 λόγον,
2268 659 2418 728 μόλις
2433 659 2579 722 τινὲς
2597 658 2924 729 ὑπομένουσι
2943 659 3067 721 τοὺς
3086 658 3225 728 ὑπὲρ
3244 657 3343 725 τῆς

1766 743 1966 813 ἀρετῆς
1993 744 2239 816 ἱδρῶτας,
2281 746 2431 817 μόλις
2457 747 2778 813 ἀφίστανται
2807 746 2906 817 τῆς
2935 747 2991 799 ὲν
3017 748 3128 808 τοῖς
3157 745 3337 815 ἀμαρ-

1768 831 1832 899 τή
1842 846 2005 898 μασιν
2023 832 2217 902 ἡδονῆς
2238 849 2250 863 ·
2276 834 2341 886 ἂν
2361 833 2453 886 καὶ
2475 832 2677 905 ταύτην
2703 832 2941 904 ἐκκόψῃς
2971 833 3068 903 τὴν
3098 831 3344 903 ἄγκυραν

1768 917 1867 988 τήν
1894 919 2063 990 ίεράν,
2092 919 2190 991 οὐχ
2213 920 2504 992 ὁλόκληρον
2539 920 2967 993 βαπτισθήσεται
3008 920 3070 973 τὸ
3112 920 3342 989 σκάφος,

1770 1006 1865 1059 καὶ
1885 1006 2084 1070 πάντες
2121 1008 2428 1079 οἰχήσονται
2476 1008 2756 1079 γενόμενοι
2791 1008 2972 1061 τέλεον
3004 1007 3343 1080 ὑποϐρύχιοι,

1771 1093 1866 1145 καὶ
1890 1091 2058 1146 πολλὰ
2088 1094 2241 1148 ἔσται
2267 1095 2385 1148 καθ’
2412 1095 2624 1166 ἡμέραν
2644 1095 2711 1151 τά
2731 1096 2995 1165 ναυάγια;
3028 1095 3192 1149 Οὐδὲν
3215 1096 3343 1168 γάρ,

1772 1179 1921 1233 οὐδὲν
1950 1178 2121 1244 οὑτως
2154 1182 2485 1237 ἐσπούδακεν
2512 1184 2540 1236 ό
2580 1182 2823 1247 διάϐολος
2840 1225 2852 1245 ,
2876 1183 2950 1246 ὡς
2978 1182 3135 1236 τοῦτο
3164 1185 3348 1240 πεῖσαι

1773 1267 1869 1335 τὴν
1897 1267 2240 1340 ἀνθρωπίνην
2264 1258 2460 1342 ψυχὴν,
2496 1272 2574 1325 ὃτι
2595 1272 2717 1325 οὗτε
2740 1273 2796 1324 ὲν
2821 1275 2933 1336 τοῖς
2962 1272 3177 1342 ἁμαρτή
3188 1270 3351 1342 μασίν

1774 1354 1919 1406 ἐστιν
1948 1354 2243 1421 ὑπεύθυνος
2260 1358 2553 1424 κολάσεως,
2576 1358 2697 1411 οὒτε
2722 1360 2777 1412 ὲν
2808 1361 2918 1422 τοῖς
2935 1358 3357 1431 κατορθώμασιν.

1775 1443 2010 1497 ἐπαίνων
2032 1444 2177 1511 ἄξιος
2208 1446 2303 1501 καὶ
2342 1448 2640 1517 στεφάνων,
2675 1448 2760 1501 ἵνα
2791 1449 2886 1503 καὶ
2915 1448 3022 1500 τῶν
3052 1446 3353 1502 σπουδαίων

1777 1529 1979 1602 ὲκλύσῃ
2020 1532 2117 1597 τάς
2168 1534 2375 1604 χεῖρας,
2421 1534 2517 1587 καὶ
2567 1534 2734 1606 σϐέσῃ
2764 1534 2862 1605 τὴν
2903 1532 3228 1605 προθυμίαν,
3260 1533 3354 1587 καὶ

1776 1616 1885 1668 τῶν
1930 1617 2395 1674 ἀναπεπτωκότων
2437 1621 2680 1692 ἐπιτείνῃ
2736 1620 2836 1691 τὴν
2891 1620 3202 1691 ὀλιγωρίαν,
3261 1621 3355 1673 καὶ

1779 1701 1990 1776 αὐξήσῃ
2020 1704 2117 1777 τὴν
2144 1706 2436 1778 ῥᾳθυμίαν.

1850 1848 1940 1901 Διὸ
1961 1850 2064 1920 χρὴ
2096 1852 2381 1923 προσέχειν
2413 1852 2548 1925 μετά
2579 1853 2864 1925 ἀκριϐείας
2886 1856 2999 1917 τοῖς
3021 1852 3352 1925 λεγομένοις.

1782 1936 2041 2008 Κρημνδς
2070 1939 2408 2011 ἑκατέρωθέν
2439 1943 2553 1996 ἐστι
2591 1941 2684 1995 καὶ
2740 1941 2948 2013 βόθρος,
2973 1941 3038 1996 ἂν
3065 1941 3138 2014 μὴ
3169 1940 3359 2011 νηφόν-

1781 2041 1891 2088 τως
1909 2026 2230 2099 ἀναγνῶμεν
2254 2029 2315 2083 τὸ
2344 2030 2525 2101 ῥητόν.
2557 2029 2623 2082 Τί
2645 2028 2752 2101 γὰρ
2778 2032 3048 2100 είπωμεν;
3076 2030 3156 2083 ὅτι
3202 2028 3360 2098 ἐψεύ-

1785 2129 1915 2165 σατο
1938 2115 1967 2166 ό
1992 2117 2275 2187 προφήτης
2299 2134 2311 2180 ;
2357 2117 2495 2170 Ἀλλ’
2527 2117 2859 2171 ἐπικίνδυνον
2885 2134 2897 2148 ·
2940 2118 3224 2188 προφήτης
3251 2116 3359 2188 γάρ

1781 2201 1842 2254 οὑ
1870 2200 2155 2271 ψεύδεταιυ
2198 2204 2267 2259 τὰ
2306 2204 2416 2277 γάρ
2466 2203 2559 2258 τοῦ
2612 2203 2746 2259 Θεοῦ
2782 2194 3075 2273 φθέγγεται
3116 2204 3359 2275 ῥήματα.

1797 2291 1933 2344 Ἀλλ’
1960 2292 2060 2347 οὐκ
2084 2293 2346 2363 ἐψεύσατο
2372 2296 2401 2348 6
2439 2296 2754 2367 προφήτης;
2776 2293 2969 2348 οὑκοῦν
2988 2294 3087 2347 οὑκ
3115 2294 3197 2362 ἐφ’
3231 2294 3364 2363 ἡμῖν

1783 2379 1851 2446 τὰ
1877 2379 2161 2450 πρακτέας
2208 2381 2367 2436 Ἀλλά
2395 2382 2491 2436 καὶ
2515 2383 2598 2451 ἐφ’
2627 2384 2758 2454 ήμῖν
2800 2384 2870 2437 τά
2895 2381 3164 2453 πρακτέα,
3196 2380 3289 2433 καὶ
3336 2380 3366 2435 ὁ

1786 2469 2072 2539 προφήτης
2106 2468 2207 2523 οὑκ
2234 2468 2497 2539 ἐψεύσατο
2518 2486 2531 2500 ⁸
2567 2470 2659 2523 καὶ
2684 2469 2967 2540 ἀμφότερα
2988 2468 3159 2522 ταῦτα
3187 2483 3366 2538 παρα-

1789 2557 2080 2626 στήσομεν,
2110 2557 2205 2612 ὲάν
2235 2558 2558 2629 προσέχητε.
2576 2558 2675 2611 Διά
2701 2558 2810 2629 γάρ
2838 2557 2995 2611 τοῦτο
3020 2555 3362 2627 ἑκατέρωθεν

1790 2644 1965 2710 ἔδειξα
2004 2643 2095 2698 τὸν
2138 2644 2401 2716 κρημνὸν,
2448 2645 2533 2700 ἵνα
2586 2648 2847 2716 νήφοντες
2887 2644 3224 2714 διανύσωμεν
3267 2642 3368 2713 τὴν

1792 2730 2159 2802 προκειμένην
2185 2734 2319 2802 ἡμῖν
2345 2732 2485 2787 όδόν.
2522 2732 2613 2803 Μὴ
2656 2733 2762 2804 γὰρ
2784 2732 2846 2803 δὴ
2877 2730 3033 2786 τοῦτο
3061 2732 3219 2802 μόνον
3248 2729 3368 2795 εξε-

1789 2820 2062 2890 τάσωμεν,
2086 2819 2191 2884 τὸ,
2215 2822 2335 2874 Οὐκ
2373 2820 2443 2873 ὲν
2476 2819 2556 2886 τῷ
2590 2821 2877 2889 ἀνθρώπῳ
2902 2820 2941 2888 ἢ
2975 2819 3113 2886 ὁδὸς
3142 2816 3327 2873 αὑτοῦ
3350 2832 3367 2850 ⁶

1792 2906 1927 2961 ἀλλὰ
1970 2907 2062 2961 καὶ
2094 2907 2193 2977 τὴν
2239 2907 2557 2963 ἀκολουθίαν
2604 2908 2841 2973 ἅπασαν,
2892 2906 2986 2960 καὶ
3036 2907 3176 2977 ὑπὲρ
3210 2905 3370 2959 τίνων

1793 2995 2024 3067 εἴρηται,
2057 2996 2151 3050 καὶ
2184 2994 2338 3066 παρά
2370 2996 2513 3061 τίνος
2534 3037 2547 3059 ,
2575 2996 2671 3051 καὶ
2704 2996 2838 3068 πρὸς
2871 2996 3013 3063 τίνα,
3049 2996 3140 3047 καὶ
3178 2993 3266 3047 διὰ
3294 2994 3369 3055 τί,

1795 3084 1889 3135 καὶ
1916 3083 2066 3147 πότε,
2102 3082 2355 3146 καὶπῶς.
2400 3081 2477 3138 Οὐ
2525 3083 2630 3154 γὰρ
2663 3085 2825 3155 ἀρκεῖ
2862 3083 2921 3135 τὺ
2957 3083 3156 3150 λέγειν,
3190 3084 3272 3135 ὅτι
3313 3082 3371 3133 ἐν

1796 3172 1914 3232 ταῖς
1955 3169 2197 3241 Γραφαίς
2228 3170 2559 3241 γέγραπται,
2581 3170 2698 3223 οὐδὲ
2738 3169 2924 3232 ἀπλῶς
2964 3167 3372 3239 παρασπῶυτας

1800 3258 2018 3329 ῥήματα
2043 3258 2135 3310 καὶ
2165 3259 2577 3330 σπαράσσοντας
2601 3258 2670 3312 τὰ
2703 3256 2837 3328 μέλη
2861 3257 2954 3310 τοῦ
2988 3254 3237 3326 σώματος
3264 3255 3374 3307 τῶν

1799 3345 2168 3400 θεοπνεύστων
2198 3346 2448 3416 Γραφῶν,
2480 3346 2660 3417 ἔρημα
2696 3344 2789 3398 καὶ
2827 3342 3009 3414 γυμνά
3040 3343 3137 3414 τῆς
3172 3343 3375 3402 οἰκείας

1799 3433 1978 3488 αὐτῶν
2021 3433 2314 3502 συναφείας
2355 3432 2636 3499 λαϐόντας,
2666 3432 2750 3486 ἐπ’
2771 3430 3017 3498 ἐξουσίας
3055 3431 3148 3484 καὶ
3192 3431 3377 3494 ἀδείας

1802 3521 2127 3593 ἐπηρεάζειν
2163 3521 2364 3586 αὑτοῖς.
2396 3520 2551 3576 Οὑτω
2590 3521 2696 3591 γὰρ
2755 3519 2927 3574 πολλὰ
2984 3519 3231 3592 δόγματα
3270 3518 3379 3572 διε·

1804 3608 2090 3680 φθαρμένα
2112 3610 2190 3673 είς
2214 3608 2304 3663 τὸν
2333 3608 2444 3679 βίον
2460 3609 2827 3680 εἰσενήνεκται
2848 3607 2947 3661 τὸν
2971 3608 3003 3677 ή
3014 3607 3137 3677 μέτε
3149 3624 3256 3677 ρον,
3285 3606 3381 3659 τοῦ

1803 3698 2047 3752 διαϐόλου
2099 3697 2375 3762 πείθοντος
2418 3698 2543 3760 τοὺς
2576 3695 2981 3769 ῥᾳθυμοτέρους
3018 3694 3381 3767 διεστραμμέ-

1805 3783 1959 3848 νωςά
1994 3783 2442 3853 ἀπαγγέλλειντά
2490 3783 2546 3837 ὲν
2590 3784 2711 3846 ταῖς
2759 3782 3002 3854 Γραφαῖς
3046 3783 3303 3849 κείμενα,
3346 3781 3381 3851 ἢ

1806 3870 2266 3944 προστιθέντας,ή
2286 3869 2646 3942 ὑφαιροῦντας
2669 3869 2958 3939 ὲπιζοφοῦν
2983 3870 3080 3941 τήν
3102 3870 3379 3941 ἀλήθειαν.

1808 3961 1883 4014 υύ
1909 3959 2086 4014 τοίνυν
2118 3960 2280 4029 ἀρκεῖ
2320 3959 2381 4012 τὸ
2404 3959 2600 4021 εἰπεῖν,
2629 3960 2711 4012 ὅτι
2743 3961 2800 4012 ἐν
2848 3960 2915 4029 τῇ
2964 3959 3153 4031 Γραφῇ
3186 3958 3385 4028 γέγρα-

1810 4065 1960 4110 πται,
1981 4047 2114 4101 ἀλλὰ
2135 4047 2238 4119 χρὴ
2258 4046 2351 4100 καὶ
2372 4046 2470 4116 τὴν
2487 4044 2803 4099 ἀκολουθίαν
2836 4044 3139 4114 ἀναγνῶναι
3162 4047 3339 4098 πᾶσαν
3367 4061 3379 4074 ·

1811 4137 1932 4193 ἐπεὶ
1956 4139 2004 4191 εί
2041 4136 2327 4208 μέλλοιμεν
2359 4134 2668 4188 διακόπτειν
2709 4133 2806 4205 τὴν
2844 4133 2980 4204 πρὸς
3027 4133 3233 4205 ἄλληλα
3263 4149 3387 4188 συν-

1812 4225 1991 4296 έχειαν
2020 4222 2194 4277 αὐτῶν
2229 4222 2321 4276 καὶ
2347 4220 2683 4290 συγγένειαν,
2711 4220 2882 4274 πολλά
2906 4220 3047 4275 οὕτω
3064 4222 3385 4292 τεχθήσεται

1813 4310 2025 4384 πονηρὰ
2059 4310 2323 4381 δόγματα.
2365 4309 2475 4363 Καὶ
2502 4310 2611 4379 γάρ
2648 4310 2706 4362 ὲν
2738 4311 2804 4380 τῇ
2830 4308 3020 4381 Γραφῇ
3050 4310 3384 4379 γέγραπται,

1812 4402 1893 4455 ὅτι
1926 4402 2047 4454 Οὐκ
2076 4399 2207 4454 ἐστι
2233 4397 2397 4464 Θεὸς,
2440 4397 2536 4451 καὶ
2576 4397 2658 4452 ὅτι
2696 4397 3064 4467 Ἀπέστρεψε
3102 4400 3168 4451 τὸ
3195 4400 3385 4467 πρόσ-

1813 4503 1976 4544 ωπον
2006 4487 2212 4550 αὑτοῦ,
2273 4487 2381 4541 τοῦ
2407 4487 2494 4557 μὴ
2530 4488 2789 4552 βλέπειν
2824 4489 2911 4553 είς
2946 4486 3141 4554 τέλος,
3177 4490 3269 4541 καὶ
3306 4487 3388 4540 ὅτι

1818 4580 1940 4633 Οὐκ
1967 4575 2279 4644 ἐκζητήσει
2308 4579 2340 4631 ὁ
2369 4577 2531 4641 Θεός.
2568 4576 2633 4628 Τί
2661 4571 2787 4642 οὖν;
2819 4574 2940 4629 είπέ
2984 4593 3073 4646 μοι
3093 4592 3106 4606 ο
3140 4576 3240 4628 οὑκ
3274 4576 3388 4628 ἔστι

1814 4666 1978 4730 Θεός;
2011 4664 2145 4717 Οὐδὲ
2178 4664 2350 4733 ἐφορᾷ
2392 4662 2462 4715 τὰ
2494 4663 2633 4716 κατὰ
2665 4662 2768 4732 γῆν
2792 4662 3126 4734 πράγματα;
3162 4663 3270 4716 Καὶ
3307 4661 3389 4724 τίς

1814 4753 1970 4807 τοῦτο
1998 4752 2282 4821 ἀνάσχοιτο
2311 4750 2561 4820 είπεῑν,ἢ
2596 4749 2856 4815 ἀκοῦσαι;
2904 4750 3094 4803 Καίτοι
3127 4766 3190 4817 γε
3225 4752 3283 4803 ἐν
3322 4751 3389 4820 τῇ

1816 4842 2005 4911 Γραφῇ
2039 4839 2378 4909 γέγραπται·
2413 4836 2547 4889 ἀλλὰ
2576 4836 2713 4906 μάθε
2737 4835 2854 4899 πῶς
2875 4832 3389 4907 γέγραπται.Εἷπε,

1818 4928 2001 4998 φησὶν,
2031 4925 2235 4995 ἄφρων
2268 4924 2338 4978 ἐν
2382 4923 2595 4993 καρδίᾳ
2632 4923 2839 4984 αὑτοῦ,
2888 4924 3006 4977 Οὐκ
3048 4923 3178 4977 ἐστι
3227 4925 3390 4992 Θεός.

1818 5016 1892 5070 Οὑ
1914 5014 2011 5085 τῆς
2040 5013 2265 5086 Γραφῆς
2288 5016 2436 5065 ἐστιν
2459 5013 2493 5082 ή
2518 5009 2710 5081 γνώμη
2734 5012 2826 5065 καὶ
2855 5013 2888 5084 ή
2912 5011 3111 5082 ψῆφος,
3146 5011 3279 5065 ἀλλὰ
3296 5013 3395 5084 τῆς

1818 5102 1910 5156 τοῦ
1941 5102 2167 5174 ἄφρονος
2196 5100 2432 5163 διανοίας
2454 5113 2468 5128 ⁸
2492 5100 2552 5152 οὑ
2577 5098 2643 5153 τὰ
2670 5100 2866 5171 ἑαυτῆς
2911 5096 3062 5154 εἶπεν
3092 5103 3124 5172 ή
3166 5101 3358 5172 Γραφή
3380 5139 3394 5165 ,

1821 5188 1971 5263 [161]
1998 5189 2133 5243 ἀλλά
2162 5188 2230 5242 τά
2256 5189 2443 5259 ἐτέρου
2487 5186 2807 5257 ἀπήγγειλε.
2853 5189 2962 5240 Καὶ
3001 5187 3192 5240 πάλιν·
3244 5189 3396 5252 Ἕως

1820 5280 1983 5347 τίνος
2031 5278 2384 5348 παρώξυνεν
2436 5280 2469 5333 ό
2510 5276 2738 5344 ἀσεϐὴς
2757 5277 2862 5331 τὸν
2890 5280 3065 5343 Gso’r;
3094 5274 3240 5331 Εἷπε
3287 5277 3397 5345 γαῖνρ

1820 5368 1890 5422 ἐν
1914 5367 2128 5435 καρδίᾳ
2154 5366 2361 5430 αὐτοῦ,
2408 5367 2531 5419 Οὐκ
2561 5364 2889 5434 ἐκζητήσει.
2931 5367 3299 5433 Ἀπέστρεψε
3330 5364 3397 5416 τὸ

106 5399 250 5467 περὶ
293 5396 525 5466 γεέννης
554 5395 892 5466 ὲνηχούντων
915 5397 1091 5468 ήμῶν,
1125 5399 1255 5469 περὶ
1298 5398 1571 5468 βασιλείας
1602 5400 1717 5455 δια-

1822 5457 2146 5526 πρόσωπον
2189 5455 2396 5520 αὐτοῦ,
2455 5454 2561 5509 τοῦ
2609 5454 2694 5524 μὴ
2753 5454 3009 5518 ,ϐλέπειν
3066 5456 3152 5518 εἰς
3204 5454 3394 5519 τέλος.
3586 5478 3652 5547 θ)

3480 5543 3588 5673 ’μ’

169 5597 201 5625 ⁸
244 5594 350 5643 Alii
373 5592 502 5641 ἀλλά
522 5591 605 5640 καὶ
623 5589 951 5655 ἑτέραςᾼταύτῃ
967 5591 1253 5655 συνείρουσι.

168 5658 202 5697 δ
240 5656 385 5703 L’nus
403 5652 748 5717 προκάλυμμα.
771 5652 871 5701 Sed
912 5652 1065 5704 Savil.
1103 5652 1279 5704 Morel.
1304 5660 1359 5706 et
1399 5666 1571 5707 omnes
1602 5670 1718 5709 mss.

100 5718 523 5786 φιξλύμμαῖαο

168 5786 197 5814 ⁸
242 5777 402 5832 savii.
428 5778 486 5828 οῦ
506 5777 682 5834 κακίας
706 5778 936 5841 φεύξεται.
959 5779 1057 5830 Sed
1075 5780 1246 5829 κακίαν
1277 5780 1471 5831 melius.

1886 5655 1912 5694 ἀ
1932 5654 2041 5739 Du?
2066 5670 2196 5739 ῐηεῑνἈ
2220 5657 2656 5739 διεσταλμένωςᾲρῐ
2690 5656 2761 5705 sic
3151 5653 3319 5739 "Sin'ill‘.
3348 5657 3477 5739 ind)!

1822 5720 2356 5842 ἳῧὲἑθῇἓῑῖταλμένως
2374 5714 2677 5779 ἀπαγγέλλειν
2697 5722 2831 5767 esset
2841 5714 3139 5780 distinguere
3151 5718 3230 5766 vel
3251 5714 3442 5866 Ψ*

1864 5794 1877 5830 ί
2127 5815 2140 5829 .
3272 5798 3275 5801 '
3382 5818 3389 5829 .
3402 5802 3415 5825 ,λ

1864 5794 2140 5830 ιειονιιιιετε.
3402 5802 3415 5825 ,λ
3454 5816 3457 5817 ν
