3696 6278
68 232 137 289 in
796 278 799 281 ,
877 224 939 278 IN
978 221 1201 305 ILLUD,
1233 217 1508 283 nomne,
1548 215 1611 270 Ν(

1799 219 1849 272 iT
1888 219 1953 274 ΙΝ
1986 220 2267 285 ΙΙΟΜΙΝΕ.
2294 221 2447 280 ETC.

66 340 280 401 enitentis
302 383 319 406 ,
363 342 463 398 sed
505 340 671 396 animi
702 337 1001 408 insipientis
1030 356 1045 391 :
1080 350 1187 391 non
1217 333 1354 389 dixit
1376 346 1497 403 quae
1522 344 1619 387 sua

62 446 148 490 sunt
170 434 480 501 Scriptura,
508 431 603 487 sed
632 445 751 501 qua:
779 436 903 484 sunt
931 426 1153 481 alterius
1179 420 1527 479 denuntiavit.
1555 418 1623 473 Et

60 544 205 583 ntrsus
237 546 253 581 :
293 526 574 600 Usquequo
613 522 827 577 irritavit
858 519 1045 591 impius
1069 516 1276 571 Deum?
1319 513 1462 568 Dixit
1490 512 1621 567 enim

56 628 91 673 in
113 618 254 673 corde
277 636 378 672 suo
402 660 420 683 ,
467 616 586 670 Non
625 614 860 684 requiret.
905 610 1093 666 Avertit
1139 607 1319 678 faciem
1356 621 1532 670 suam,
1562 619 1624 657 ne

56 718 182 768 rideat
222 714 278 766 in
325 713 487 781 ﬁnem
514 709 696 782 (Psal.
730 707 816 763 10.
850 705 917 761 15
943 715 989 759 et
1015 704 1074 759 11
1102 704 1142 771 ).
1192 702 1260 756 Et
1301 700 1386 754 hic
1437 710 1623 752 rursus

58 803 253 857 lmininis
280 804 440 871 impii
470 818 533 857 ac
559 799 770 857 scelesti
796 798 1054 869 judicium
1077 803 1131 850 et
1156 792 1473 850 sententiam
1495 804 1621 859 pro-

56 897 189 966 pmit.
221 897 303 951 lta
336 911 559 965 quoque
584 892 774 948 medici
800 891 973 945 facere
1002 887 1206 952 solent,
1239 885 1543 939 insanorum
1570 890 1625 935 et

55 986 319 1039 amentium
356 994 579 1055 peccata
619 982 763 1039 sanis
808 996 872 1036 ac
914 978 1217 1034 valentibus
1263 983 1519 1039 narrant,
1566 980 1625 1025 ut

56 1079 292 1132 notiores
326 1078 469 1132 istos
493 1076 741 1132 reddant.
772 1074 904 1129 Cum
935 1073 1093 1143 igitur
1113 1070 1314 1125 sanitas
1339 1067 1531 1122 anima:
1556 1066 1626 1120 sit

59 1177 209 1240 pietas,
238 1171 476 1225 morbus
502 1180 678 1224 autem
709 1178 762 1223 et
790 1166 1071 1221 inﬁrmitas
1096 1178 1303 1218 summa
1327 1161 1491 1217 Deum
1520 1160 1622 1214 nti-

59 1265 167 1317 nme
195 1277 368 1317 nosse
392 1303 408 1327 ,
460 1262 747 1333 impiorum
776 1258 937 1314 verba
966 1262 1374 1320 commemorat,
1416 1266 1523 1307 non
1569 1260 1627 1305 ut

57 1374 95 1407 ea
117 1366 321 1409 temere
352 1352 663 1419 audiamus,
688 1351 780 1407 sed
808 1359 864 1405 ut
890 1348 956 1403 ab
982 1349 1047 1404 iis
1072 1347 1454 1404 abstineamus.
1488 1343 1625 1413 Quid

57 1448 290 1517 insipiens
316 1446 540 1509 dixerit,
569 1452 769 1509 narrat,
803 1451 858 1497 ut
883 1450 939 1497 tu
962 1440 1175 1512 sapiens
1203 1438 1317 1503 fias,
1344 1447 1400 1494 et
1426 1436 1627 1492 dictum

56 1542 144 1607 ejus
165 1539 396 1593 minime
429 1538 628 1609 probes
655 1553 669 1590 :
696 1534 821 1606 quid
848 1533 1042 1605 impius
1066 1530 1289 1595 dixerit,
1317 1536 1531 1594 narrat,
1574 1534 1631 1582 ut

58 1647 93 1685 tu
116 1633 455 1702 impietatem
503 1631 695 1701 fugias.
742 1628 924 1698 Neque
951 1641 1082 1683 vero
1119 1624 1293 1681 solum
1322 1638 1353 1678 a
1379 1628 1629 1677 contextu

56 1727 278 1793 serieque
306 1722 581 1778 sermonis
606 1718 883 1775 avellenda
907 1718 1020 1773 loea
1049 1730 1157 1771 non
1186 1723 1330 1780 sunt,
1355 1711 1447 1768 sed
1468 1712 1629 1768 etiam

56 1831 159 1869 sana
186 1825 240 1869 et
272 1816 484 1884 integra
512 1822 634 1866 sunt
665 1810 1002 1882 proferenda,
1034 1806 1276 1878 nihilque
1301 1803 1629 1863 addendum.

113 1907 306 1961 Abusus
349 1907 451 1960 loci
481 1904 639 1959 Pauli
681 1920 744 1957 ea:
778 1901 944 1971 Epist.
967 1900 1035 1953 ad
1064 1899 1293 1954 Corinth.
1321 1898 1372 1952 1.
1392 1927 1461 1937 -—
1482 1894 1632 1951 Multi

57 2012 177 2053 certe
207 1998 464 2068 quaedam
496 1997 659 2052 etiam
690 1996 791 2049 alia
821 1991 1202 2048 circumferunt
1228 2007 1292 2045 ex
1324 1988 1627 2059 Scripturis,

58 2108 154 2159 que
174 2091 474 2159 depravate
500 2089 749 2159 allegant.
772 2085 1037 2156 Scriptum
1063 2093 1140 2139 est
1164 2083 1326 2149 enim,
1352 2080 1630 2151 inquiunt:

58 2184 100 2235 Si
130 2182 302 2235 uraris
329 2223 346 2247 ,
378 2196 604 2235 uxorem
633 2178 812 2232 ducito
848 2193 863 2232 :
897 2190 1158 2245 nusquam
1191 2182 1364 2227 tamen
1416 2170 1518 2225 hoc
1563 2171 1636 2225 ita

59 2276 293 2344 srriptum
322 2282 445 2337 est;
477 2271 571 2327 sed
601 2284 707 2341 quo
737 2278 889 2338 pacto
918 2268 987 2321 sit
1024 2266 1277 2336 scriptum
1312 2262 1587 2319 considera
1618 2280 1633 2317 :

60 2367 167 2419 Dira
195 2374 371 2418 autem
391 2380 498 2418 non
527 2363 697 2433 nuptis
721 2370 770 2415 et
795 2358 976 2424 viduis,
1001 2360 1183 2413 bonum
1210 2356 1313 2411 illis
1337 2366 1426 2421 est,
1454 2356 1498 2410 si
1522 2372 1634 2407 ma-

60 2470 187 2511 erant
209 2502 225 2524 ,
252 2458 389 2513 sicut
415 2466 464 2510 et
489 2472 580 2525 ego
613 2471 631 2509 :
658 2454 793 2524 quod
820 2454 863 2507 si
889 2470 988 2507 non
1016 2468 1069 2506 se
1101 2452 1382 2516 continent,
1412 2449 1637 2517 nubant;

62 2554 215 2603 melius
239 2551 383 2603 enim
408 2558 481 2603 est
504 2547 690 2601 nubere
710 2563 859 2617 quam
889 2545 968 2598 uri
998 2544 1070 2614 (l.
1101 2541 1220 2599 Cor.
1246 2543 1296 2596 7.
1326 2541 1379 2597 8.
1413 2541 1490 2611 9).
1523 2542 1637 2594 An-

63 2664 147 2699 non
175 2646 341 2715 igitur
367 2642 513 2698 idem
540 2650 640 2703 est,
668 2640 856 2710 inquit,
881 2638 938 2693 Si
959 2637 1153 2711 uraris,
1170 2650 1395 2691 uxorem
1422 2632 1640 2690 ducito?

64 2740 333 2792 Enimvero
385 2736 515 2790 licet
554 2733 695 2790 idem
738 2740 909 2795 esset,
942 2745 1048 2784 non
1095 2728 1374 2799 oportebat
1420 2736 1595 2780 tamen
1621 2767 1637 2793 ,

66 2832 235 2883 οτιιὶςεει
264 2837 417 2884 recta
448 2828 739 2896 Scriptura:
778 2822 1093 2894 allegatione
1113 2864 1128 2887 ,
1152 2836 1271 2876 eam
1313 2828 1640 2890 pervertere,

67 2940 254 2994 stiyjue
301 2921 495 2976 verbis
540 2918 827 2987 Scriptura:
869 2930 1023 2970 sensa
1053 2911 1291 2983 proferre
1322 2930 1335 2963 :
1363 2910 1472 2981 jam
1514 2924 1643 2964 vero

70 3020 265 3071 multum
309 3013 642 3069 offendimus
683 3009 857 3064 inesse
897 3006 1207 3061 discrimen.
1236 3003 1291 3059 Si
1317 3004 1459 3058 enim
1488 3002 1646 3057 abso-

68 3116 147 3165 late
174 3109 388 3165 dixeris
408 3149 425 3173 ,
458 3105 515 3161 Si
545 3102 716 3159 uraris
740 3144 756 3169 ,
787 3114 1007 3155 uxorem
1053 3097 1235 3153 ducito
1258 3138 1273 3163 ,
1305 3094 1512 3152 cunctis
1554 3094 1643 3165 qui

66 3205 409 3274 virginitatem
443 3213 663 3254 servare
696 3196 835 3249 ultro
861 3200 1160 3248 statuerunt
1212 3194 1531 3259 potestatem
1568 3187 1646 3241 fa-

65 3301 140 3359 eis.
165 3313 288 3352 cum
334 3296 573 3363 primum
602 3290 763 3345 libido
794 3289 895 3343 illis
925 3286 1195 3357 negotium
1224 3284 1449 3339 lacesset
1470 3322 1486 3348 ,
1519 3281 1645 3334 inita

66 3405 164 3442 mm
189 3388 305 3443 Deo
339 3393 503 3455 pacta
547 3379 799 3441 violandi,
827 3387 986 3449 atque
1011 3376 1077 3431 ad
1108 3375 1317 3445 nuptias
1362 3370 1648 3441 transfuga:

70 3496 197 3534 aiore
228 3475 580 3539 transeundi,
607 3488 669 3528 ac
695 3472 941 3542 promissi
969 3469 1162 3540 prioris
1187 3464 1553 3523 obliviscendi.

123 3574 169 3626 3.
207 3570 371 3637 Quod
400 3570 446 3621 si
492 3566 754 3634 intelligas
779 3606 795 3630 ,
818 3579 953 3633 quos
980 3562 1279 3632 alloquatur
1306 3557 1518 3620 Paulus,
1548 3555 1650 3611 hoc

74 3673 156 3717 est,
177 3676 285 3713 non
325 3674 528 3713 omnes
552 3660 775 3728 passim,
800 3675 986 3714 verum
1004 3674 1119 3725 eos,
1145 3657 1236 3729 qui
1254 3656 1496 3713 nondum
1518 3671 1648 3726 pro-

74 3744 311 3797 missione
357 3759 418 3797 se
447 3742 863 3807 obstrinxerim,
893 3743 1094 3815 poteris
1138 3741 1355 3797 noxiam
1403 3741 1546 3796 hanc
1584 3755 1649 3795 ac

73 3835 420 3901 perniciosam
449 3835 638 3890 tollere
667 3836 995 3890 facultatem.
1018 3834 1145 3888 Dico
1159 3832 1525 3902 enim,inquit,
1546 3848 1650 3885 non

71 3929 219 3995 liquis
242 3938 292 3981 et
318 3928 519 3990 riduis,
544 3944 650 3982 non
673 3928 736 3983 iis
752 3944 871 3997 quae
894 3926 1208 3981 viduitatem
1227 3927 1527 3997 promisere
1553 3926 1647 3982 sed

68 4023 115 4074 fi:
134 4042 249 4092 quae
278 4038 468 4089 neque
492 4021 613 4083 hoc,
633 4036 809 4088 neque
827 4018 955 4073 illud
982 4018 1371 4073 decreverunt:
1398 4019 1493 4074 sed
1510 3998 1671 4073 tam“

70 4134 204 4186 quam
238 4119 293 4171 in
330 4113 517 4170 medio
558 4112 787 4183 quodam
816 4111 1100 4167 interstitio
1128 4109 1338 4166 consilii
1380 4108 1655 4179 utriusque

67 4219 360 4262 versantur.
406 4204 653 4274 Exempli
710 4217 868 4258 causa
900 4219 913 4255 :
954 4201 1145 4257 mulier
1182 4201 1443 4271 quaepiam
1482 4201 1653 4254 virum

70 4316 199 4353 54mm
228 4299 458 4363 amisit,
493 4296 792 4368 nequedum
824 4294 961 4366 apud
1008 4309 1067 4350 se
1096 4284 1316 4362 statuit,
1345 4308 1518 4365 neque
1562 4292 1655 4346 de-

69 4393 236 4456 rrevit,
271 4408 345 4445 an
379 4406 410 4443 a
438 4405 501 4443 se
528 4397 771 4458 oporteat
796 4389 917 4458 eligi
948 4388 1256 4443 viduitatem
1282 4429 1297 4454 ,
1329 4401 1397 4441 an
1423 4402 1548 4442 vero
1572 4385 1654 4440 al-

71 4497 221 4540 terum
254 4486 520 4540 maritum
558 4483 773 4538 induci:
808 4481 943 4537 hanc
979 4497 1078 4551 ego
1116 4481 1412 4539 admoneo.
1444 4480 1614 4551 inquit
1637 4522 1652 4547 ,

74 4578 248 4631 lman
272 4591 404 4632 esse
427 4583 489 4630 ut
513 4574 585 4629 ita
606 4580 919 4645 permaneat
944 4591 955 4625 :
984 4571 1124 4642 quod
1151 4572 1197 4627 si
1222 4587 1358 4627 onus
1382 4570 1522 4626 ferre
1548 4586 1654 4626 non

73 4672 242 4737 pissit,
270 4669 452 4725 nubat
480 4690 495 4725 :
526 4683 619 4723 eas
634 4682 762 4722 vero
790 4682 907 4737 qua:
925 4666 1034 4735 jam
1066 4679 1331 4735 aggressa:
1355 4672 1498 4729 sunt,
1520 4672 1575 4718 et
1602 4664 1653 4718 in

72 4779 236 4818 earum
266 4762 459 4816 album
492 4768 618 4814 sunt
644 4758 828 4814 relata:
850 4799 866 4824 ,
894 4773 1012 4828 qua:
1052 4757 1359 4810 viduitatem
1386 4755 1653 4821 tolerant,

72 4870 111 4907 et
134 4871 252 4909 cum
282 4855 403 4908 Deo
430 4858 643 4923 pactum
662 4848 915 4914 inierunt,
943 4864 1047 4902 non
1075 4849 1181 4917 jam
1205 4847 1314 4900 vult
1337 4846 1401 4900 ad
1429 4847 1654 4901 alterum

72 4962 211 5011 posse
235 4942 647 5001 matrimonium
677 4941 893 4997 reverti.
924 4940 1209 5010 Propterea
1234 4938 1301 4993 de
1327 4938 1430 4993 illis
1468 4937 1535 4993 ad
1562 4938 1655 4993 Ti-

72 5038 335 5093 mtbeurn
372 5034 621 5089 scribens
656 5032 733 5088 sic
762 5033 836 5086 ait
865 5050 877 5085 :
905 5030 1333 5086 Adolescentiores
1368 5040 1533 5085 autem
1579 5032 1656 5084 vi-

74 5134 183 5186 r'zas
220 5130 420 5185 devita.
452 5126 580 5180 Cum
623 5125 755 5180 enim
798 5124 1070 5179 luxuriata:
1097 5124 1285 5195 fuerint
1333 5124 1386 5177 in
1434 5122 1653 5186 Christo.

74 5224 235 5273 nul-ere
279 5220 466 5273 rolunt
497 5216 732 5270 habentes
775 5216 1177 5277 damnationem,
1204 5215 1322 5284 quia
1350 5215 1565 5283 primam
1596 5215 1658 5283 ﬁ-

74 5318 167 5364 ἐίυι
190 5315 402 5366 irritam
431 5311 657 5380 fecerunt
680 5308 700 5378 (
725 5310 773 5363 1.
793 5307 925 5362 Tim.
1040 5309 1123 5363 ll.
1158 5308 1436 5380 l2).\'ides
1465 5316 1524 5363 ut
1566 5324 1657 5362 eas

73 5404 138 5457 hic
164 5406 406 5474 castiget
446 5416 511 5457 ac
550 5402 752 5471 puniat,
782 5410 835 5454 et
873 5400 1131 5455 obnoxias
1160 5415 1330 5470 paena:
1359 5415 1421 5455 ac
1454 5400 1656 5470 judicio

75 5514 169 5552 cie
194 5498 352 5553 dicat
376 5536 393 5561 ,
420 5494 566 5566 quod
611 5494 735 5548 inita
776 5508 893 5547 cum
939 5493 1050 5547 Deo
1082 5500 1230 5562 pacta
1260 5492 1507 5547 violarint
1529 5494 1574 5558 ί,
1603 5504 1657 5550 et

80 5632 298 5738 ὲωῌιιις
325 5627 486 5688 ϐοά..
526 5632 671 5689 pacta
705 5624 1074 5685 caiculcarunt,
1112 5625 1285 5676 eadem
1312 5639 1508 5685 prorsus
1539 5641 1655 5678 sen-

3210 228 3313 285 158

1726 337 2005 405 promissis
2039 354 2146 393 non
2185 338 2473 394 steterint?
2502 338 2680 409 Itaque
2713 355 2780 395 ex
2811 340 2913 397 hoc
2940 338 3060 398 loco
3090 316 3336 401 manife-l

1726 440 1864 484 stum
1890 440 1991 496 est,
2023 430 2222 487 dictum
2253 432 2380 487 illud
2425 448 2531 488 non
2574 433 2639 488 ad
2680 450 2771 489 eas
2807 451 2923 505 qua:
2949 435 3318 503 promiserant

1726 537 1846 576 esse
1872 523 2132 579 directum
2162 542 2174 576 :
2210 524 2410 580 idcirco
2450 541 2557 581 non
2597 541 2717 582 esse
2747 528 2875 583 illud
2906 537 3105 599 temere
3133 532 3315 601 profe-

1726 613 1950 668 rendum
1977 654 1993 681 ,
2024 614 2120 670 sed
2171 616 2465 671 noscendas
2509 633 2630 674 esse
2672 634 2963 689 personas,
2994 638 3125 692 quas
3163 623 3312 679 Scri-

1729 714 1897 774 ptura:
1927 706 2101 761 verbis
2131 708 2234 762 illis
2260 709 2620 777 alloquuntur.

1799 796 1995 851 Abusus
2015 798 2222 853 alterius
2239 800 2338 853 loci
2354 782 2937 868 Scripturrer—Rursus
2956 805 3116 859 alium
3139 807 3315 863 locum

1728 888 2150 958 circumferunt,
2176 892 2327 961 cujus
2356 908 2460 947 non
2502 892 2572 946 illi
2600 893 2815 963 quidem
2845 904 3165 953 structuram
3197 914 3316 967 per-

1728 990 1963 1045 vertunt,
1983 982 2074 1037 sed
2099 983 2242 1037 aliud
2262 984 2356 1048 illi,
2376 984 2514 1053 quod
2538 987 2588 1038 in
2610 984 2879 1056 Scriptura
2904 1003 3007 1043 non
3032 991 3316 1058 reperitur,

1728 1070 2003 1139 adjiciunt.
2037 1072 2181 1127 Talis
2207 1074 2349 1128 enim
2378 1084 2460 1129 est
2484 1074 2679 1129 diaboli
2710 1076 2930 1142 malitia,
2963 1087 3022 1132 ut
3050 1078 3133 1135 vel
3161 1080 3317 1136 addi-

1732 1164 1894 1227 tione,
1926 1164 2008 1219 vel
2048 1164 2408 1220 subtractione
2429 1207 2446 1231 ,
2467 1167 2552 1220 vel
2583 1167 2982 1237 depravatione,
3011 1180 3097 1224 aut
3123 1171 3318 1231 immu-

1733 1255 1933 1311 tatione
1952 1264 2229 1311 contextus
2257 1259 2556 1327 perniciosa
2581 1259 2828 1328 dogmata
2855 1260 3175 1317 introducat.
3191 1265 3319 1330 Quis

1732 1345 1821 1399 ille
1849 1362 2007 1415 porro
2038 1347 2191 1402 locus
2231 1348 2355 1403 est?
2385 1347 2555 1403 Meum
2590 1360 2695 1415 est,
2723 1350 2927 1421 inquit,
2971 1362 3321 1422 argentum,et

1732 1454 1896 1491 meum
1924 1455 2105 1493 aurum
2133 1439 2151 1508 (
2171 1440 2304 1512 Agg.
2333 1441 2388 1495 2.
2420 1441 2530 1512 9);
2561 1450 2615 1498 et
2638 1443 2721 1499 cui
2752 1444 2972 1501 voluero
3000 1446 3139 1501 dabo
3170 1447 3321 1503 illud.

1734 1531 1900 1601 llujus
1917 1531 2015 1587 loci
2038 1548 2159 1601 pars
2173 1533 2385 1604 quidem
2404 1542 2489 1590 est
2509 1535 2580 1589 ita
2595 1536 2756 1603 dicta,
2772 1552 2896 1607 pars
2914 1554 3043 1593 vero
3058 1538 3194 1594 dicta
3216 1557 3319 1595 nou

1733 1633 1838 1691 est,
1884 1624 1980 1680 sed
2019 1624 2266 1680 alicunde
2303 1625 2531 1697 adjecta.
2553 1626 2687 1682 Nam
2723 1627 2853 1683 illud
2876 1629 3120 1700 quidem,
3151 1632 3327 1687 Meum

1733 1725 1807 1770 est
1835 1726 2099 1787 argentum
2118 1757 2133 1783 ,
2163 1725 2208 1771 et
2236 1733 2400 1771 meum
2426 1727 2498 1772 est
2523 1734 2707 1773 aurum
2725 1760 2741 1785 ,
2771 1718 2904 1774 dixit
2935 1720 3189 1793 prephcta
3218 1740 3232 1777 :
3263 1723 3327 1777 il-

1737 1805 1827 1861 lud
1852 1815 2050 1873 autem,
2079 1807 2174 1862 Cui
2203 1807 2422 1863 voluero
2449 1807 2590 1863 dabo
2616 1808 2769 1876 illud,
2794 1826 2901 1865 non
2934 1810 3060 1865 item
3085 1812 3329 1881 sequitur

1736 1898 1789 1953 in
1828 1897 2125 1968 Scriptura,
2153 1898 2247 1954 sed
2275 1914 2341 1954 ex
2380 1899 2587 1954 inscitia
2617 1899 2756 1970 vulgi
2794 1909 2973 1955 natum
3011 1902 3325 1958 circumfer-

1738 1999 1844 2045 tur.
1897 1990 2175 2059 Quodnam
2226 2006 2384 2060 porro
2438 1992 2562 2047 inde
2609 1993 2848 2048 exoritur
2898 1994 3327 2050 detrimentum?

1737 2081 1884 2137 Multi
1911 2082 2187 2149 scelerati,
2215 2093 2267 2137 et
2304 2083 2718 2154 prmstigiatores
2741 2125 2758 2152 ,
2780 2092 2939 2155 atque
2966 2086 3329 2156 intemperan-

1741 2183 1845 2240 tes,
1873 2176 1963 2245 qui
1990 2190 2058 2230 ne
2083 2175 2226 2245 digni
2248 2176 2463 2246 quidem
2488 2186 2630 2244 sunt,
2653 2177 2742 2247 qui
2764 2178 2893 2231 solis
2919 2177 3074 2247 hujus
3102 2194 3331 2248 conspe-

1739 2277 1828 2322 ctu
1856 2267 2119 2333 fruantur,
2150 2279 2241 2322 aut
2276 2269 2489 2335 vivant,
2518 2279 2607 2323 aut
2637 2268 2794 2338 hujus
2823 2270 2939 2324 cadi
2962 2271 3202 2338 spiritum
3235 2272 3333 2325 du-

1739 2369 1886 2427 cant,
1915 2359 2094 2413 multis
2114 2360 2304 2430 Opilius
2333 2359 2622 2427 abundant,
2645 2359 2770 2414 dum
2792 2361 2968 2414 omnia
2996 2361 3330 2427 subvertuut,

1742 2451 2020 2507 viduarum
2051 2451 2239 2506 domos
2265 2450 2541 2521 diripiunt,
2565 2451 2835 2520 orphanos
2860 2452 3108 2521 spoliant,
3141 2453 3333 2507 adver—

1743 2556 1835 2597 sus
1865 2542 2146 2597 inferiores
2167 2542 2483 2619 efferuntur.
2516 2541 2714 2597 Volens
2742 2557 2870 2612 ergo
2891 2542 3133 2598 diabolus
3162 2544 3333 2598 homi-

1745 2633 1901 2689 nibus
1952 2632 2275 2703 persuadere
2327 2633 2538 2688 divitias
2609 2635 2845 2703 desuper
2908 2642 3068 2703 atque
3118 2650 3183 2689 ex
3241 2635 3332 2690 [lci

1746 2724 2022 2795 largitione
2067 2740 2305 2792 manare,
2337 2733 2395 2779 ut
2432 2741 2499 2779 ex
2542 2724 2645 2779 hoc
2677 2740 2921 2795 magnam
2949 2724 3336 2795 blasphemiam

1746 2819 1973 2874 Domino
2017 2818 2308 2890 impingat,
2338 2827 2545 2888 sumpta
2578 2817 2679 2873 hac
2727 2817 3017 2888 Scriptura:
3072 2820 3336 2875 sententia

1748 2926 1866 2982 qua:
1899 2912 1977 2966 sic
2006 2911 2201 2966 habet:
2234 2910 2408 2966 Meum
2436 2920 2509 2965 est
2533 2920 2817 2982 argentum,
2846 2920 2893 2965 et
2938 2929 3101 2966 meum
3128 2922 3199 2967 est
3247 2930 3340 2967 au-

1747 3020 1878 3071 rum,
1912 3004 2070 3058 aliam
2096 3019 2214 3074 qua:
2242 3004 2295 3058 in
2316 3002 2595 3073 Scriptura
2623 3020 2729 3059 non
2757 3012 2857 3070 est,
2891 3004 3085 3071 adjecit
3110 3006 3291 3061 dicens
3322 3023 3337 3059 :

1750 3095 1820 3149 Et
1867 3094 1951 3150 cui
1983 3094 2203 3169 voluero
2249 3094 2388 3149 dabo
2433 3093 2582 3149 illud.
2617 3096 2687 3149 At
2712 3110 2816 3150 non
2859 3096 2929 3150 ita
2959 3096 3084 3151 dicit
3112 3099 3340 3166 Aggreus

1754 3186 2009 3256 pr0pheta
2038 3205 2049 3240 :
2080 3187 2174 3241 sed
2203 3202 2322 3241 cum
2349 3202 2413 3242 ex
2438 3187 2783 3243 barbarorum
2813 3190 3029 3259 regione
3058 3189 3343 3245 rediissent

1749 3280 1941 3347 Judmi,
1970 3288 2024 3335 et
2052 3280 2397 3334 instauraturi
2429 3281 2683 3349 templum
2714 3290 2913 3346 essent,
2947 3291 3106 3352 atque
3133 3281 3197 3334 ad
3230 3283 3339 3351 pri-

1752 3373 1949 3427 stinum
1981 3372 2321 3443 splendorem
2353 3373 2587 3429 evocturi
2615 3414 2630 3439 ,
2658 3388 2778 3429 cum
2811 3376 2962 3444 egeni
2989 3382 3170 3429 essent
3198 3384 3251 3429 et
3277 3375 3344 3431 ab

1755 3462 1995 3519 hostibus
2039 3462 2376 3519 circumfusis
2423 3463 2668 3530 obsessi,
2700 3465 2862 3519 multa
2896 3473 3169 3534 premente
3210 3481 3365 3534 pau-,

1754 3565 1960 3627 portate
1982 3597 1998 3623 ,
2026 3570 2125 3611 nec
2164 3556 2284 3610 ull:e
2317 3555 2594 3610 facultates
2620 3555 2864 3611 alicunde
2894 3565 3215 3627 apparerent
3241 3598 3255 3621 ,
3291 3559 3343 3610 in

1754 3650 2033 3705 meliorem
2077 3663 2226 3719 spem
2272 3648 2390 3703 illos
2420 3648 2604 3704 volens
2648 3648 2886 3720 erigere,
2923 3664 2986 3704 ae
3026 3650 3348 3719 persuadere

1755 3750 1813 3795 ut
1840 3740 1907 3796 de
1934 3741 2041 3795 fine
2065 3740 2417 3808 confiderent,
2441 3756 2504 3796 ex
2534 3756 2758 3810 persona
2789 3741 2881 3795 Dei
2912 3741 3061 3807 dicit,
3081 3741 3247 3796 Meum
3273 3751 3346 3797 est

1755 3842 2041 3904 argentum,
2071 3843 2117 3885 et
2167 3850 2332 3887 meum
2378 3842 2451 3887 est
2490 3849 2708 3897 aurum;
2735 3842 2782 3887 et
2826 3834 2919 3886 erit
2962 3834 3125 3903 gloria
3169 3834 3351 3889 domus

1756 3925 1903 3979 istius
1929 3923 2195 3977 novissima
2232 3941 2382 3995 super
2407 3924 2621 3989 primani
2651 3922 2810 3994 (Ibid.
2840 3939 2887 3977 v.
2918 3924 3028 3994 10).

1775 4042 1786 4053 -
1829 4018 2113 4087 Scriptura:
2140 4017 2286 4071 verba
2311 4018 2559 4087 quomodo
2587 4018 3073 4072 tractanda.—Sed
3097 4017 3221 4087 quid
3250 4018 3352 4071 hoc

1759 4111 1823 4165 ad
1849 4110 2218 4182 propositum?
2238 4111 2378 4165 dicet
2401 4111 2611 4181 aliquis.
2637 4110 2788 4179 Quod
2817 4126 2919 4165 non
2942 4119 3185 4180 oporteat
3205 4111 3351 4164 Seri-

1758 4215 1925 4276 ptura:
1955 4203 2246 4259 sententias
2282 4213 2483 4258 temere
2511 4203 2748 4272 arripere
2771 4244 2785 4267 ,
2817 4210 2975 4272 atque
3012 4217 3041 4255 a
3069 4201 3209 4256 serie
3237 4216 3343 4255 ser-

1760 4297 1933 4351 monis
1960 4305 2015 4352 et
2051 4295 2347 4367 argumenti
2388 4295 2643 4350 affinitate
2671 4294 2931 4349 divellere
2961 4313 2974 4349 :
3003 4308 3174 4363 neque
3212 4291 3353 4347 nuda

1760 4394 1921 4447 verba
1941 4390 2198 4446 sumenda
2218 4390 2343 4455 sint,
2375 4404 2667 4459 eorumque
2692 4387 2930 4444 subsidio
2956 4386 3207 4443 destituta
3237 4402 3355 4454 qua:

1759 4496 2054 4555 sequuntur
2072 4492 2163 4539 aut
2183 4482 2512 4556 praecedunt,
2536 4492 2593 4538 ut
2611 4498 2708 4554 per
2727 4497 2788 4537 ea
2812 4491 3011 4537 temere
3030 4480 3353 4534 calumniam

1760 4588 2029 4633 struamus
2054 4586 2107 4634 et
2135 4578 2465 4633 cavillemur.
2497 4577 2694 4632 Annon
2738 4575 2881 4633 enim
2907 4572 3195 4630 absurdum
3235 4582 3317 4627 est
3337 4614 3353 4635 ,

1762 4681 1819 4725 ut
1848 4672 1898 4725 in
1927 4670 2138 4740 judiciis
2157 4670 2396 4741 quidem,
2428 4669 2515 4725 ubi
2537 4669 2605 4724 de
2627 4668 2787 4724 rebus
2808 4666 3154 4723 smeularibus
3179 4666 3353 4719 disce-

1763 4772 1995 4831 ptamus,
2020 4762 2198 4817 omnia
2222 4762 2342 4832 jura
2372 4771 2551 4815 nostra
2580 4761 2633 4815 in
2660 4759 2891 4815 medium
2918 4757 3269 4829 proferamus,
3302 4766 3355 4812 et

1762 4855 1873 4908 loca
1896 4896 1910 4919 ,
1942 4862 2213 4923 tempora,
2248 4866 2455 4917 causas,
2492 4864 2752 4921 personas
2776 4891 2793 4916 ,
2825 4849 3034 4920 aliaque
3073 4848 3351 4904 innumera

1762 4943 2119 5014 producamus
2138 4984 2154 5010 ,
2185 4957 2306 4998 cum
2336 4957 2465 4997 vero
2508 4944 2662 4997 nobis
2698 4941 2766 4997 de
2791 4941 2897 4996 vita
2923 4950 3119 4996 :eterna
3161 4955 3357 5011 propo-

1761 5037 1919 5091 situm
1940 5035 2009 5091 sit.
2028 5044 2317 5103 certamen,
2352 5045 2550 5092 temere
2575 5044 2629 5091 et
2656 5034 3044 5090 inconsiderate
3065 5031 3359 5103 Scriptura:

1762 5128 1876 5184 loca
1902 5127 2277 5200 proferamus?
2304 5128 2381 5183 Ac
2413 5128 2582 5198 legem
2610 5125 2828 5197 quidem
2854 5126 3052 5197 regiam
3082 5114 3353 5183 nemote-

1762 5235 1909 5276 mere
1930 5230 1981 5275 et
2004 5218 2394 5275 inconsiderate
2421 5219 2682 5285 recitabit,
2713 5218 2806 5275 sed
2830 5217 2929 5274 nisi
2954 5227 3162 5289 tempus
3183 5226 3354 5283 notet,

1760 5329 1821 5365 ae
1853 5313 2206 5382 legislaturem
2237 5311 2512 5382 designet,
2554 5320 2607 5366 et
2633 5312 2892 5381 integram
2925 5310 3066 5364 illam
3098 5318 3256 5379 atque
3286 5308 3356 5362 il-

1762 5407 1978 5460 libatam
2043 5415 2299 5475 prepnnat
2328 5447 2343 5469 ,
2391 5406 2679 5475 castigatur
2733 5406 3148 5475 gravissimaque
3198 5416 3353 5472 paena

1762 5495 2044 5550 mulctatur
2072 5516 2085 5551 :
2119 5511 2215 5549 nos
2246 5511 2372 5549 vero
2397 5496 2521 5550 dum
2553 5511 2654 5549 non
2688 5495 2857 5565 legem
2890 5494 3172 5547 humanam
3199 5533 3217 5559 ,
3255 5492 3353 5547 sed

1762 5603 2044 5665 supernam
2071 5604 2133 5643 ac
2154 5587 2221 5643 de
2244 5588 2376 5643 ca-lo
2396 5587 2666 5659 delapsam
2689 5587 2993 5647 recitainus,
3020 5594 3218 5639 tantam
3243 5600 3351 5653 pra:

1764 5684 1915 5738 nobis
1938 5681 2314 5753 negligentiam
2341 5682 2592 5749 feremus,
2619 5689 2671 5734 ut
2694 5676 2812 5748 ejus
2836 5686 3009 5750 partes
3031 5693 3091 5733 ac
3114 5676 3303 5734 membr
3321 5696 3379 5753 at
