3696 6278
384 252 489 307 139

378 366 777 437 discerpemus?
805 364 934 431 Quis
970 364 1071 419 hoc
1101 366 1251 420 venia
1292 362 1507 434 dignum
1545 364 1797 420 censeat?
1829 360 1961 417 For-

382 468 528 513 tasse
553 457 691 511 ultra
738 455 955 511 modum
997 454 1290 510 oralionem
1318 454 1582 525 produxi,
1631 463 1683 508 at
1714 466 1818 508 non
1847 453 1966 507 sine

374 566 557 616 eausa,
589 565 772 605 verum
805 557 861 604 ut
887 564 918 603 a
950 563 1109 618 prava
1140 546 1530 603 consuetudine
1561 562 1654 602 vos
1681 546 1963 601 abducam.

372 642 450 698 Ne
475 642 634 713 igitur
656 640 1029 712 defatigemur,
1047 640 1219 697 donec
1245 641 1311 695 ad
1333 640 1495 698 linem
1526 640 1960 711 pervenerimus:

375 744 654 805 propterea
686 750 917 805 namque
944 734 1051 788 nati
1081 749 1288 797 sumus,
1318 748 1422 787 non
1453 742 1511 787 ut
1538 733 1759 788 edamus
1789 747 1852 787 ac
1879 731 1962 786 bt-

372 827 566 882 bamus
588 869 603 891 ,
625 834 679 883 et
702 826 985 881 induamur
1003 867 1018 892 ,
1047 823 1140 880 sed
1166 836 1224 880 ut
1248 824 1435 879 vitium
1460 823 1724 894 fugiamus
1744 865 1760 891 ,
1791 838 1854 877 ac
1881 823 1964 878 di-

370 919 550 973 vinam
569 916 798 987 amplexi
817 915 1207 987 philosophiam
1228 915 1474 970 virtutem
1494 923 1779 970 sectemur.
1798 912 1962 969 Natos

371 1009 512 1064 enim
534 1022 658 1063 esse
684 1021 785 1063 nos
810 1021 915 1061 non
942 1016 999 1061 ut
1023 1007 1246 1062 edamus
1272 1022 1335 1062 ac
1361 1006 1623 1073 bibamus,
1653 1006 1747 1062 sed
1768 1006 1835 1061 ad
1859 1006 1960 1061 alia

369 1102 614 1173 «ptazdam
656 1102 825 1157 multo
870 1100 1073 1170 majora
1115 1100 1444 1171 melioraque
1486 1100 1783 1170 praestanda
1809 1140 1824 1165 ,
1855 1114 1961 1170 quo

370 1206 529 1266 pacto
555 1195 694 1250 Dens
716 1195 928 1259 doceat,
950 1192 1094 1259 audi,
1118 1201 1169 1249 et
1196 1208 1352 1263 quam
1382 1191 1567 1248 ail'erat
1598 1206 1811 1246 causam
1836 1206 1961 1261 pro-

370 1304 489 1359 pter
515 1306 672 1360 quam
697 1287 967 1343 hominem
992 1289 1303 1356 procrearit.
1337 1285 1471 1342 Cum
1500 1285 1645 1340 enim
1676 1284 1824 1339 illum
1851 1283 1959 1338 for-

370 1392 537 1436 maret
560 1423 574 1445 ,
611 1380 695 1435 his
734 1380 912 1435 verbis
956 1392 1082 1433 usus
1125 1388 1245 1433 est:
1282 1376 1558 1431 Faciamus
1596 1376 1849 1430 hominem
1891 1375 1960 1428 ad

368 1476 635 1545 inmgiuem
677 1482 901 1527 nostram
968 1482 1013 1526 et
1049 1472 1115 1525 ad
1144 1470 1521 1525 similitudinem
1547 1467 1709 1540 (Gen.
1743 1469 1791 1523 1.
1823 1466 1955 1539 26).

440 1568 493 1620 4.
541 1564 647 1620 Deo
709 1562 961 1636 quomodo
1000 1563 1188 1617 similes
1231 1561 1523 1633 eﬂiciamur.
1549 1560 1807 1615 —-Porro
1846 1559 1958 1614 Deo

367 1658 573 1713 similes
599 1656 872 1712 reddimur
892 1670 997 1710 non
1028 1653 1153 1709 dum
1199 1649 1531 1709 comedimus
1550 1693 1564 1717 ,
1593 1651 1844 1716 bibimus,
1868 1657 1957 1704 aut

372 1749 679 1811 induimur;
708 1748 847 1804 Deus
890 1748 1030 1803 enim
1064 1760 1237 1816 neque
1278 1746 1549 1813 comedit,
1579 1758 1755 1815 neque
1781 1743 1952 1810 bibit,

368 1856 540 1910 neque
571 1839 804 1893 induitur
833 1856 848 1892 :
882 1838 974 1894 sed
1001 1838 1125 1892 dum
1150 1836 1410 1907 justitiam
1439 1850 1774 1899 exercemus,
1805 1834 1956 1889 beni-

366 1937 618 2002 gnitatem
640 1930 974 1997 exhibemus,
999 1930 1156 1985 mites
1176 1939 1230 1985 et
1250 1929 1473 1984 modesti
1496 1943 1557 1983 ac
1580 1925 1955 1983 misericordes

368 2027 419 2078 in
452 2024 691 2094 proximo
712 2036 918 2090 sumus,
948 2023 1198 2079 virtutem
1222 2039 1436 2078 omnem
1460 2032 1764 2079 sectamur:
1796 2019 1953 2091 siqni-

363 2119 486 2174 dcm
515 2134 799 2173 commune
824 2118 978 2173 nobis
1002 2125 1083 2173 est
1112 2118 1241 2173 illud
1266 2133 1385 2174 cum
1415 2117 1713 2172 belluarum
1741 2124 1949 2182 natura,

363 2212 505 2281 quod
550 2211 879 2266 comedimus
916 2219 971 2265 et
997 2210 1227 2266 bibimus
1252 2250 1268 2273 ,
1316 2224 1489 2280 neque
1531 2208 1820 2278 quidquam
1850 2206 1952 2261 illis

364 2305 463 2356 hac
490 2302 541 2355 in
574 2317 631 2355 re
659 2311 994 2370 prarstamus.
1032 2298 1185 2356 Unde
1221 2312 1348 2371 ergo
1372 2300 1430 2354 lit
1452 2341 1464 2365 ,
1498 2308 1553 2353 ut
1581 2298 1680 2353 illis
1709 2295 1948 2352 antecel-

364 2394 580 2448 lamus?
608 2393 758 2461 Quod
786 2393 1034 2448 nimirum
1064 2378 1129 2447 ad
1158 2392 1437 2464 imaginem
1461 2401 1514 2447 ct
1550 2391 1948 2447 similitudinem

365 2488 455 2543 Dei
484 2486 678 2541 conditi
710 2486 896 2540 simus.
927 2485 1006 2541 Ne
1035 2485 1194 2554 igitur
1218 2484 1569 2554 defatigemur
1590 2483 1715 2537 dum
1744 2496 1947 2537 sermo-

363 2595 489 2633 nem
513 2578 581 2632 de
624 2577 820 2632 virtute
851 2576 1175 2632 instituimus
1202 2617 1217 2641 ,
1261 2576 1352 2630 sed
1380 2575 1599 2632 allatam
1631 2574 1683 2628 in
1711 2572 1945 2630 medium

361 2669 727 2740 prepheticam
753 2669 888 2724 hanc
912 2670 1229 2724 sententiam
1252 2668 1535 2739 diligenter
1561 2664 1944 2735 expendamus,

358 2765 476 2833 quis
501 2777 619 2817 eam
638 2759 1509 2832 protulerit,etqu0rumeausa,ct
1531 2774 1638 2830 quo
1668 2770 1907 2829 tempore
1928 2800 1943 2825 ,

355 2866 411 2913 et
438 2871 594 2924 quem
626 2855 936 2924 alloquens,
964 2860 1020 2908 ct
1053 2864 1158 2922 quo
1194 2852 1247 2906 in
1273 2860 1413 2907 statu
1443 2864 1529 2907 res
1573 2860 1682 2907 tum
1723 2861 1899 2907 essent
1927 2893 1942 2918 ,

355 2949 537 3005 υηιιιίιι
567 2947 781 3003 demum
815 2945 1231 3016 pervestigemus
1257 2985 1271 3012 ,
1316 2957 1435 3014 qua:
1474 2942 1541 2997 ad
1569 2941 1945 2998 inveniendum

354 3045 470 3098 usui
501 3054 624 3098 esse
652 3047 894 3110 possunt.
923 3037 974 3092 ls
1002 3037 1239 3108 quidem,
1270 3036 1358 3106 qui
1391 3033 1650 3105 protulit,
1680 3033 1944 3088 Jeremias

351 3146 431 3190 est
460 3135 743 3205 propheta,
766 3130 892 3185 dum
913 3144 1018 3184 non
1044 3129 1257 3200 quidem
1283 3143 1379 3197 pro
1400 3141 1480 3192 se,
1500 3141 1682 3181 verum
1708 3140 1806 3195 pro
1825 3125 1945 3179 aliis

352 3246 537 3300 preces
559 3229 794 3295 oll‘erret,
820 3238 917 3296 pro
936 3224 1133 3279 ludatis
1156 3224 1394 3293 ingratis,
1418 3220 1659 3290 stnpidis,
1688 3219 1777 3291 qui
1799 3219 1944 3274 nullo

349 3323 510 3377 modo
522 3321 711 3392 corrigi
731 3325 993 3390 poterant,
1013 3318 1098 3386 qui
1120 3314 1291 3385 puniri
1308 3313 1601 3379 debebant,
1627 3320 1681 3367 et
1703 3322 1944 3367 extremo

348 3414 606 3484 supplicio
624 3412 886 3477 mulctari,
909 3413 976 3467 de
996 3409 1189 3484 quibus
1209 3408 1335 3462 dicit
1358 3406 1434 3461 illi
1461 3406 1600 3462 Deus
1621 3423 1635 3461 :
1656 3403 1782 3459 Noli
1800 3420 1945 3459 orare

348 3524 440 3578 pro
481 3504 667 3576 populo
698 3505 791 3557 hoc
817 3546 832 3571 ,
862 3504 980 3574 quia
1016 3520 1117 3556 non
1157 3500 1431 3560 emudiam
1471 3506 1518 3550 te
1544 3495 1687 3568 (Jer.
1728 3495 1781 3549 7.
1812 3492 1939 3566 16).

349 3604 427 3653 Ac
467 3596 708 3651 nonnulli
748 3596 964 3664 quidem
1023 3594 1123 3648 hoc
1168 3594 1235 3648 de
1275 3587 1799 3647 Nabuchodonosore
1836 3585 1940 3641 dici

349 3696 631 3743 autumant
663 3701 677 3736 :
714 3701 833 3739 nam
861 3687 1110 3755 quoniam
1155 3684 1355 3738 bellum
1390 3683 1495 3737 illis
1525 3687 1643 3735 erat
1686 3677 1941 3732 barbarus

347 3782 609 3843 illaturus,
635 3779 926 3848 urbemque
950 3777 1241 3839 deleturus,
1267 3784 1425 3846 atque
1451 3773 1693 3829 abductis
1716 3770 1939 3843 captivis

344 3873 588 3929 abiturus
608 3915 623 3931 .
653 3888 772 3926 cum
805 3871 1125 3941 persuadere
1151 3870 1398 3925 omnibus
1430 3871 1587 3924 vellet
1612 3910 1625 3933 ,
1672 3886 1774 3922 non
1813 3882 1935 3922 cum

349 3968 560 4036 propria
592 3967 785 4020 virtute
810 3965 890 4019 vel
923 3965 1156 4035 potentia
1186 3964 1453 4019 civitatem
1481 3973 1933 4033 expugnaturum,

345 4060 438 4117 sed
468 4061 536 4115 ob
574 4062 792 4114 istorum
825 4069 1038 4130 peccata
1066 4101 1080 4125 ,
1123 4059 1233 4113 Deo
1262 4057 1461 4113 bellum
1499 4056 1629 4111 illud
1675 4066 1893 4126 gerente
1919 4096 1933 4119 ,

346 4169 507 4227 atque
533 4156 790 4211 adversus
817 4156 1002 4208 urbem
1030 4169 1182 4208 suam
1221 4153 1370 4207 illum
1411 4151 1710 4206 deduccnte
1732 4191 1746 4212 ,
1777 4150 1896 4205 Scio
1917 4191 1932 4215 ,

349 4252 583 4314 Domine,
607 4249 797 4319 inquit,
821 4248 941 4318 quia
966 4264 1067 4302 non
1095 4257 1167 4301 est
1211 4247 1263 4300 in
1288 4245 1489 4300 homine
1514 4246 1594 4298 via
1612 4245 1744 4315 ejus.
1776 4259 1935 4313 neque

346 4346 494 4396 Immo
522 4342 633 4409 ibit,
665 4352 710 4396 et
732 4342 913 4413 diriget
942 4358 1164 4412 gressum
1186 4357 1351 4395 suum.
1379 4341 1615 4408 Quorum
1645 4340 1930 4394 verborum

348 4439 433 4491 hic
461 4451 650 4492 sensus
677 4445 758 4489 est
792 4452 805 4489 :
838 4434 964 4488 llaec
992 4434 1077 4487 via
1100 4473 1114 4497 ,
1145 4433 1315 4502 inquit
1334 4475 1347 4499 ,
1376 4447 1479 4501 qua
1507 4446 1647 4486 nunc
1675 4430 1933 4485 barbarus

344 4528 563 4595 incedit,
585 4528 710 4582 dmn
738 4527 891 4581 nobis
922 4526 1023 4582 hoc
1042 4526 1240 4582 bellum
1264 4526 1439 4592 infert,
1475 4542 1577 4580 non
1600 4524 1667 4579 ab
1688 4525 1803 4594 ipso
1825 4535 1928 4592 est,

345 4636 518 4692 neque
543 4619 764 4675 feliciter
792 4618 990 4674 bellum
1018 4617 1157 4674 istud
1184 4617 1430 4685 coniecit,
1459 4632 1520 4671 ae
1545 4616 1815 4671 victoriam
1843 4633 1929 4671 re~

343 4714 613 4785 portavit:
649 4730 711 4768 ae
739 4711 839 4767 nisi
887 4720 942 4766 tu
968 4726 1067 4766 nos
1112 4711 1164 4765 in
1208 4711 1324 4782 ejus
1366 4723 1552 4764 manus
1584 4708 1889 4763 tradidisses
1914 4751 1929 4776 ,

343 4822 630 4876 numquam
657 4814 1033 4875 expugnasset,
1068 4813 1159 4858 aut
1188 4804 1421 4857 viciSset.
1465 4803 1666 4857 Idcirco
1705 4817 1925 4873 precor,

342 4900 532 4970 inquit,
563 4915 626 4955 ac
645 4898 869 4970 supplex
898 4915 1015 4964 oro,
1046 4898 1259 4969 quando
1288 4898 1357 4953 ita
1390 4897 1478 4952 tibi
1508 4896 1609 4952 hoc
1635 4897 1805 4951 visum
1828 4905 1928 4963 est,

342 5003 400 5045 ut
429 4992 690 5062 supplicio
722 4991 911 5047 modus
940 4992 1278 5048 adhibeatur.
1316 4991 1525 5059 Corripe
1554 5006 1782 5062 namque
1810 5007 1929 5056 nos,

343 5084 548 5153 inquit,
572 5095 911 5138 verumtamen
940 5085 992 5138 in
1010 5084 1210 5154 judicio
1229 5126 1243 5151 ,
1278 5094 1323 5138 et
1352 5102 1453 5138 non
1480 5084 1531 5136 in
1559 5088 1731 5153 furore
1777 5081 1928 5152 (Jer.

344 5177 431 5232 10.
459 5176 528 5231 24
550 5177 591 5245 ).
622 5175 728 5231 Sed
756 5177 1004 5247 quoniam
1037 5177 1159 5232 huic
1198 5176 1517 5246 expositioni
1558 5177 1932 5232 contradicunt

343 5268 611 5336 nonnulli,
632 5284 807 5340 neque
829 5268 1039 5324 barbari
1059 5284 1220 5324 causa
1241 5269 1439 5325 dictum
1463 5269 1565 5324 hoc
1584 5284 1705 5325 esse
1729 5270 1928 5337 volunt,

342 5361 436 5416 sed
463 5360 529 5416 de
551 5361 821 5416 communi
846 5360 1119 5416 hominum
1142 5371 1351 5429 natura,
1371 5362 1728 5417 necessarium
1751 5370 1832 5415 est
1877 5370 1934 5416 ut

343 5468 464 5508 eum
494 5452 613 5508 istis
636 5451 993 5508 decertemus.
1022 5453 1154 5518 Quid
1182 5468 1308 5523 ergo
1348 5468 1627 5523 possumus
1656 5453 1736 5507 his
1766 5467 1932 5521 Oppo-

348 5543 516 5599 nere?
543 5543 803 5612 Quoniam
831 5559 928 5614 pro
958 5544 1260 5598 hominibus
1289 5544 1473 5599 orabat
1497 5584 1511 5607 ,
1557 5544 1644 5614 qui
1674 5558 1931 5613 peccave-

343 5647 502 5702 rant,
535 5654 632 5708 pro
676 5638 868 5708 quibus
909 5654 1062 5693 orare
1106 5654 1248 5709 saepe
1291 5637 1587 5707 prohibitus
1625 5647 1741 5693 erat
1768 5656 1783 5692 :
1812 5652 1933 5707 pro-

343 5737 528 5798 pterea
556 5741 743 5797 curat,
777 5740 835 5786 ut
876 5730 1060 5787 civitas
1099 5731 1243 5803 prior
1267 5731 1443 5803 lugeat
1470 5748 1483 5785 :
1514 5746 1637 5787 nam
1682 5728 1931 5801 quoniam

1114 247 1171 304 S.
1213 246 1491 304 JOANNIS
1529 240 1999 303 CliRYSObTOMI
2044 244 2355 304 ARCHIEP.
2397 250 2926 313 CONSTANTINOP.

3552 264 3659 321 160

2071 360 2285 418 assidue
2328 365 2556 433 dicebat,
2587 367 2701 425 Noli
2729 388 2881 428 orare
2905 388 3002 445 pro
3028 374 3129 429 illis
3149 418 3164 441 ,
3191 392 3308 434 eam
3336 378 3501 448 ipsam
3528 401 3645 452 qua:

2069 452 2394 525 benignitate
2414 459 2679 532 indigebat
2699 463 2927 533 priorem
2948 466 3229 533 submittit,
3255 478 3309 524 nt
3326 486 3506 526 ansam
3530 474 3650 533 inde

2066 545 2296 619 aliquam
2314 560 2368 606 et
2383 553 2675 623 speciosam
2694 559 3027 615 occasionem
3047 560 3264 631 arripiat
3286 576 3385 633 pro
3417 562 3518 619 illis
3543 566 3649 622 Deo

2070 655 2258 711 preces
2309 644 2586 713 oderendi,
2617 658 2778 719 atque
2805 650 2871 706 ad
2900 652 3067 723 ipsam
3114 652 3295 725 dirigit
3320 657 3611 713 orationem
3631 703 3644 725 ,

2066 734 2263 805 aitque,
2306 734 2396 791 Va:
2418 740 2706 793 contritioni
2732 750 2832 795 tua:
2858 758 2877 796 :
2901 742 3092 798 doloris
3116 745 3266 815 plena
3297 756 3371 800 est
3392 748 3541 819 plaga
3565 759 3647 801 tua

2066 826 2198 896 (Jer.
2226 827 2315 883 10.
2339 828 2510 885 19-22
2531 828 2572 903 ).
2602 832 2735 887 Τιιιιι
2758 834 2874 889 iniit
2894 834 2980 890 illa
3007 853 3020 889 :
3047 834 3212 891 Plane
3233 838 3326 892 hoc
3363 850 3433 893 est
3471 840 3648 897 vulnus

2066 934 2250 987 meum,
2275 920 2653 977 tabernaculum
2680 942 2844 979 nteant
2872 927 3036 996 periit,
3062 928 3217 999 pelles
3244 946 3369 985 mete
3388 933 3646 987 conscissa!

2063 1021 2199 1079 sunt,
2228 1011 2325 1081 ﬁlii
2349 1012 2445 1067 mei
2474 1024 2520 1070 et
2545 1032 2657 1071 oves
2685 1034 2810 1073 mete
2832 1019 3060 1075 exierunt
3086 1038 3117 1074 τι
3152 1039 3264 1090 nte,
3294 1032 3345 1078 et
3378 1040 3480 1078 non
3504 1037 3644 1080 sunt.

2065 1100 2304 1159 Pastores
2335 1106 2431 1161 mei
2456 1109 2605 1163 stulte
2630 1120 2840 1180 egerunt
2860 1151 2875 1175 ,
2903 1121 2949 1165 et
2981 1110 3254 1168 Dominum
3281 1132 3380 1170 non
3407 1119 3645 1187 exquisie-

2063 1202 2205 1248 rnnt.
2242 1195 2357 1250 Vos:
2384 1200 2665 1255 auditionis
2704 1202 2870 1267 venit,
2901 1212 2946 1256 et
2975 1204 3321 1260 commotionis
3358 1225 3552 1277 magna:
3586 1211 3647 1263 ab

2061 1286 2295 1354 aquilone
2311 1328 2326 1352 ,
2350 1296 2403 1341 ut
2430 1300 2583 1359 ponat
2601 1291 2821 1346 civitates
2852 1292 3057 1347 Judain
3077 1294 3466 1363 desolationem,
3492 1308 3537 1351 et
3555 1317 3644 1352 cu-

2062 1377 2161 1432 bile
2186 1390 2465 1448 passerum.
2488 1381 2688 1438 Deinde
2716 1392 2989 1455 postquam
3009 1385 3096 1440 illa
3124 1402 3274 1442 suam
3294 1389 3643 1445 calamitatem

2060 1468 2373 1537 deploravit,
2419 1468 2601 1542 adjicit
2635 1491 2647 1526 :
2680 1472 2925 1541 Domine,
2950 1492 3049 1529 non
3074 1487 3144 1531 est
3177 1478 3393 1532 hominis
3413 1482 3493 1532 via
3519 1482 3642 1548 ejus.

2059 1560 2194 1628 Quid
2223 1561 2424 1631 igitur?
2448 1565 2572 1633 quia
2597 1566 2939 1637 lamentatur,
2969 1568 3113 1625 dicet
3138 1570 3349 1642 aliquis,
3381 1576 3645 1643 pernicio-

2058 1669 2174 1708 sum
2216 1655 2406 1728 dogma
2452 1659 2505 1711 in
2553 1660 2810 1715 mundum
2867 1662 3107 1732 invexit,
3156 1674 3335 1720 nostra
3385 1676 3644 1737 potestate

2058 1762 2157 1801 nos
2185 1748 2419 1816 privans,
2446 1760 2499 1804 et
2524 1749 2820 1819 afﬁrmans,
2852 1770 2957 1809 non
2988 1770 3108 1811 esse
3130 1756 3333 1812 arbitrii
3365 1761 3531 1813 nostri
3561 1778 3645 1815 res

2056 1838 2363 1908 gerendas?
2386 1837 2730 1912 Nequaquam
2758 1885 2773 1909 ,
2809 1844 2907 1899 sed
2945 1854 3001 1901 et
3030 1846 3155 1901 dum
3201 1848 3523 1904 lamentatur
3544 1892 3559 1915 ,
3592 1852 3644 1905 id

2056 1931 2359 1987 confirmat.
2393 1931 2527 1987 Cum
2553 1936 2696 1989 enim
2738 1936 2995 2004 dixisset,
3046 1938 3168 1993 Non
3196 1950 3268 1993 est
3310 1941 3527 1997 hominis
3567 1944 3645 1997 via

2055 2026 2164 2094 ejus
2194 2067 2208 2092 ,
2239 2026 2458 2082 minime
2490 2029 2673 2095 tacuit,
2707 2029 2800 2084 sed
2832 2028 3048 2100 adjecit,
3078 2029 3257 2103 Neque
3281 2032 3429 2088 homo
3454 2035 3566 2099 ibit,
3594 2047 3642 2091 et

2053 2117 2235 2187 diriget
2262 2134 2486 2188 gressum
2515 2136 2684 2173 suum.
2729 2120 2880 2187 Quod
2910 2130 3087 2176 autem
3112 2121 3235 2178 dicit
3261 2123 3399 2179 hanc
3425 2136 3644 2181 sentcn-

2006 2196 2015 2204 ’
2055 2206 2179 2263 tiam
2211 2207 2367 2264 habet
2403 2208 2557 2264 :Non
2592 2218 2758 2265 totmn
2788 2218 2871 2266 est
2897 2212 2950 2266 in
2994 2223 3173 2268 nostra
3216 2218 3479 2286 potestate
3502 2259 3515 2282 ,
3551 2218 3641 2273 sed

2051 2301 2193 2357 aliud
2223 2301 2439 2375 quidem
2485 2302 2536 2358 in
2574 2313 2754 2359 nostra
2781 2345 2796 2369 ,
2820 2303 2961 2359 aliud
2992 2321 3121 2361 vero
3158 2306 3210 2361 in
3255 2307 3346 2362 Dei
3372 2310 3536 2363 situm
3564 2322 3645 2365 est

2052 2402 2331 2463 potestate.
2366 2393 2499 2449 Nam
2532 2405 2589 2451 ut
2614 2396 2813 2466 optima
2843 2411 3066 2468 qumque
3088 2397 3365 2470 eligamus,
3393 2399 3640 2468 velimus,

2051 2490 2105 2539 et
2128 2500 2289 2555 agere
2322 2485 2706 2541 contendamus
2732 2529 2747 2554 ,
2778 2502 3103 2559 omnemque
3140 2489 3373 2545 laborem
3403 2492 3642 2549 exantle-

2050 2591 2189 2640 mus,
2222 2575 2387 2630 nostri
2417 2584 2500 2630 est
2527 2577 2733 2632 arbitrii
2766 2596 2781 2635 :
2816 2584 2873 2633 ιιι
2897 2589 3074 2633 autem
3101 2578 3168 2634 ad
3195 2581 3395 2635 exitum
3432 2598 3498 2637 ea
3528 2600 3643 2653 pcr-

2048 2667 2326 2732 dneamus,
2357 2682 2530 2738 neque
2558 2669 2876 2726 intercidere
2898 2670 3162 2737 sinamus,
3197 2683 3359 2743 utque
3384 2674 3452 2727 ad
3483 2674 3641 2730 linem

2048 2768 2193 2817 recte
2222 2760 2478 2816 factorum
2504 2762 2899 2832 perveniamus,
2923 2762 2975 2817 id
3000 2778 3127 2817 vero
3151 2763 3379 2820 caelestis
3408 2775 3494 2820 est
3518 2782 3639 2837 gra-

2047 2851 2154 2906 tiae.
2185 2850 2419 2907 Partitus
2444 2852 2589 2907 enim
2635 2862 2719 2907 est
2764 2852 3039 2909 nobiscum
3083 2854 3332 2909 virtutem
3375 2855 3555 2920 Deus,
3588 2866 3642 2912 et

2047 2960 2220 3016 neque
2240 2959 2353 3000 rem
2376 2954 2538 2999 totam
2564 2945 2616 2999 in
2638 2954 2815 3000 nostra
2843 2947 2997 3002 sitam
3022 2962 3141 3002 esse
3165 2947 3330 3001 voluit
3349 2958 3639 3018 potestate,

2049 3055 2116 3094 ne
2144 3039 2196 3092 iu
2246 3039 2553 3109 superbiam
2584 3037 2869 3095 efferamur
2892 3083 2908 3106 ,
2956 3055 3129 3111 neque
3175 3048 3342 3097 totum
3372 3041 3477 3095 sibi
3529 3042 3641 3112 ipse

2046 3129 2293 3198 sumpsit,
2326 3144 2395 3184 ne
2425 3145 2523 3184 nos
2551 3130 2758 3185 inertiae
2786 3130 3046 3187 dedamus
3076 3149 3089 3185 :
3117 3132 3212 3186 sed
3238 3132 3493 3201 exiguum
3514 3132 3640 3202 quid

2046 3223 2317 3279 laboribus
2358 3224 2556 3279 nostris
2596 3224 2902 3295 relinquens
2926 3266 2940 3289 ,
2964 3225 3225 3295 majorem
3273 3236 3481 3295 partem
3526 3226 3638 3296 ipse

2045 3317 2277 3371 coniicit.
2325 3316 2391 3374 Ut
2417 3318 2559 3372 enim
2589 3318 2819 3373 sciamus
2842 3359 2857 3383 ,
2886 3332 2993 3388 quo
3032 3329 3186 3388 pacto
3216 3319 3260 3373 si
3309 3334 3396 3373 res
3424 3327 3538 3373 tota
3588 3320 3639 3373 in

2045 3418 2307 3479 potestate
2338 3419 2519 3465 nostra
2551 3409 2758 3476 fuisset,
2792 3410 2988 3465 multos
3012 3409 3061 3463 id
3094 3410 3146 3464 in
3170 3410 3478 3480 superbiam
3502 3411 3642 3481 egis-

2043 3510 2145 3566 set,
2175 3509 2229 3555 et
2253 3500 2551 3565 extulisset,
2578 3500 2854 3555 audiamus
2881 3499 3006 3572 quid
3038 3500 3340 3557 Phariszcus
3362 3501 3547 3567 dicat,
3583 3503 3633 3555 in

2042 3602 2293 3661 quantam
2326 3592 2660 3647 insolentiam
2692 3592 2860 3647 elatus
2894 3602 3071 3659 esset,
3100 3607 3205 3662 quo
3247 3601 3402 3661 pacto
3434 3594 3643 3664 magni-

2044 3686 2142 3739 lice
2161 3685 2487 3756 loqueretur,
2512 3701 2675 3756 seque
2699 3686 2793 3741 toti
2821 3686 2937 3740 orbi
2965 3694 3229 3741 terrarum
3253 3684 3488 3742 fastuose
3514 3702 3642 3755 pra:-

2043 3780 2204 3837 lerret
2247 3780 2421 3847 (Luc.
2454 3780 2585 3850 18).
2612 3781 2899 3850 Propterea
2943 3797 3046 3834 non
3094 3790 3150 3834 ut
3174 3788 3344 3835 totum
3401 3796 3433 3833 a
3482 3780 3641 3836 nobis

2042 3873 2329 3943 penderet,
2364 3872 2560 3938 cil‘ecit,
2591 3872 2828 3944 quinimo
2868 3872 3131 3943 permisit,
3162 3882 3218 3926 ut
3242 3873 3291 3926 in
3323 3889 3508 3925 nostra
3543 3890 3638 3942 po-

2041 3978 2231 4024 testate
2257 3966 2454 4038 aliquid
2478 3973 2616 4023 esset
2640 4009 2654 4034 ,
2687 3975 2743 4021 ut
2773 3981 2871 4023 nos
2889 3965 3011 4036 jure
3034 3980 3097 4019 ac
3125 3966 3314 4018 merito
3337 3966 3638 4020 eoronandi

2037 4062 2336 4135 speciosam
2356 4059 2692 4115 occasionem
2724 4059 3004 4129 arriperet.
3033 4058 3208 4128 Atque
3234 4056 3335 4111 hoc
3363 4057 3451 4110 illa
3480 4073 3637 4127 para-

2037 4154 2158 4210 bola
2189 4151 2554 4213 declaravit,in
2577 4167 2677 4222 qua
2700 4148 3100 4214 dieit,homines
3125 4149 3266 4203 circa
3293 4148 3638 4203 undecimam

2038 4245 2223 4301 horam
2256 4245 2500 4299 inventos
2538 4257 2596 4298 se
2624 4242 2675 4296 in
2706 4241 2914 4296 vincam
2954 4240 3019 4295 ad
3050 4240 3375 4311 operandum
3420 4242 3638 4296 misisse

2042 4336 2250 4408 (Matth.
2279 4336 2368 4391 20.
2401 4334 2453 4389 6.
2480 4351 2587 4405 sqq.
2607 4330 2651 4405 ).
2681 4332 2916 4388 Tametsi
2953 4332 3078 4402 quid
3109 4331 3316 4401 eperari
3349 4332 3635 4387 undecima

2039 4430 2171 4485 hora
2224 4428 2551 4498 potuerunt?
2592 4428 2661 4480 At
2706 4425 3053 4479 nihilominus
3097 4423 3164 4478 ad
3206 4423 3467 4493 integram
3528 4424 3637 4478 illis

2034 4522 2263 4576 dandam
2292 4519 2590 4574 mercedem
2619 4518 2781 4572 breve
2811 4525 3137 4571 momentum
3164 4515 3273 4569 Deo
3298 4516 3535 4571 suilecit.

2111 4613 2208 4667 llic
2238 4614 2498 4683 propheta:
2522 4612 2661 4665 locus
2690 4609 2965 4663 libertatem
3000 4608 3196 4662 arbitrii
3222 4625 3321 4661 non
3348 4609 3526 4678 eripit.
3557 4638 3630 4649 —

2037 4707 2210 4775 Atque
2256 4714 2314 4758 ut
2358 4703 2620 4771 intelligas
2651 4701 2751 4754 hoc
2781 4699 3093 4770 prophetam
3131 4708 3253 4753 vere
3286 4699 3492 4764 dicere,
3540 4716 3638 4753 ne-

2034 4814 2139 4868 que
2171 4813 2267 4851 nos
2295 4795 2506 4851 arbitrii
2538 4795 2779 4849 libertate
2809 4793 3039 4862 privare,
3058 4789 3151 4845 sed
3179 4790 3246 4844 de
3269 4805 3451 4845 rerum
3483 4792 3634 4845 exitu

2039 4888 2423 4963 philosophari,
2450 4888 2571 4943 audi
2603 4886 2729 4958 quid
2766 4885 3002 4955 adjiciat.
3051 4882 3181 4939 Nam
3208 4898 3327 4939 cum
3361 4882 3590 4937 dixisset
3617 4923 3633 4948 ,

2038 4984 2161 5039 Non
2187 4992 2258 5038 est
2282 4983 2333 5036 in
2364 4981 2563 5034 homine
2588 4979 2666 5032 via
2688 4979 2817 5046 ejus,
2858 4976 3037 5031 statim
3062 4973 3300 5045 adjungit
3347 4990 3362 5028 :
3415 4972 3637 5043 Corripe

2035 5096 2146 5143 nos,
2177 5072 2410 5139 Domine,
2455 5080 2798 5125 verumtamen
2822 5068 2876 5121 in
2892 5067 3111 5138 judicio,
3149 5074 3196 5119 et
3230 5082 3329 5118 non
3358 5065 3410 5117 in
3456 5064 3638 5133 furore

2040 5168 2249 5242 (Jerem.
2290 5166 2376 5222 10.
2408 5165 2528 5235 24).
2566 5163 2622 5217 Si
2664 5162 2807 5218 enim
2840 5158 3045 5215 arbitrii
3086 5158 3252 5212 nostri
3281 5155 3407 5209 nihil
3438 5165 3631 5221 esset,

2036 5265 2228 5320 frustra
2255 5262 2478 5325 diceret,
2521 5256 2732 5327 Corripe
2771 5271 2883 5320 nos,
2912 5251 3151 5319 Domine,
3199 5258 3543 5305 verumtamen
3578 5250 3634 5302 in

2026 5357 2246 5429 judicio.

2106 5450 2161 5505 5.
2207 5446 2288 5500 Ea:
2326 5444 2515 5497 indicto
2553 5438 2803 5511 supplicio
2830 5436 3034 5492 libertas
3062 5434 3258 5489 arbitrii
3286 5434 3525 5503 infertur.
3560 5460 3634 5473 -ο

2036 5538 2175 5609 Quid
2199 5536 2339 5595 enim
2367 5536 2479 5590 ﬁeri
2510 5542 2683 5604 potest
2709 5530 2975 5601 iujustius,
3007 5542 3165 5599 quam
3193 5536 3248 5580 ut
3278 5524 3349 5577 illi
3381 5524 3629 5593 plectan-

2037 5645 2143 5698 tur,
2183 5646 2406 5701 quorum
2449 5644 2517 5682 ex
2558 5624 2778 5680 arbitrio
2825 5639 2930 5677 non
2959 5621 3192 5692 pendent
3220 5633 3305 5673 res
3341 5616 3628 5686 gerendae.

2040 5733 2130 5779 aut
2167 5732 2224 5779 ut
2265 5720 2505 5777 homines
2548 5718 2623 5774 illi
2670 5730 2851 5787 partas
2899 5714 3216 5780 sustineant,
3269 5724 3497 5779 quorum
3544 5708 3628 5761 via
