3696 6278
12 280 107 335 {Gl

12 407 214 465 usque
270 407 389 452 non
445 393 519 452 sit
562 391 619 452 in
666 411 854 454 eorum
884 400 1053 469 posita
1095 402 1401 470 potestate?
1442 402 1622 473 Itaque

15 502 123 543 (In
152 486 335 543 Deum
364 486 588 543 videtur
610 503 787 557 orare,
820 505 889 545 ne
911 491 1145 551 graviori
1174 506 1330 562 poma
1357 493 1621 548 mulcten-

18 592 107 645 ω,
127 578 269 635 nihil
299 580 461 636 aliud
485 581 703 648 indicat,
734 597 894 653 quam
913 584 1101 652 dignos
1130 599 1224 639 eos
1249 599 1369 640 esse
1396 585 1483 656 qui
1506 586 1622 655 ple-

20 684 232 736 cuntur,
269 687 338 727 ac
372 688 595 743 penam
622 675 919 729 sustineant
948 692 962 728 :
996 674 1099 729 hoc
1119 687 1299 731 autem
1319 677 1450 731 nihil
1474 677 1619 734 aliud

20 780 159 833 quam
190 764 519 819 libertatem
543 765 749 820 arbitrii
775 766 1068 820 constituit.
1115 765 1170 822 Si
1217 767 1362 821 enim
1406 782 1493 822 res
1519 783 1616 837 ge-

19 854 177 910 renda:
211 856 453 910 illorum
479 856 618 925 juris
644 864 700 910 et
737 856 940 910 arbitrii
982 871 1091 910 non
1134 866 1334 924 essent,
1379 872 1483 912 non
1505 858 1619 927 jam

26 947 290 1001 similiori
324 948 604 1018 supplicio
641 947 981 1003 afficerentur
1024 947 1131 1017 peti
1171 957 1470 1019 oporteret,
1518 948 1613 1004 sed

28 1055 97 1094 uec
118 1039 233 1092 alio
261 1040 441 1093 modo
474 1039 651 1108 puniri
683 1056 697 1092 :
726 1039 833 1093 imo
853 1054 982 1094 vero
1012 1055 1184 1110 neque
1208 1040 1457 1110 precibus
1482 1057 1615 1110 opus

28 1141 175 1185 esset:
211 1146 329 1184 non
371 1131 523 1185 enim
552 1130 900 1199 deprecatore
926 1129 1127 1200 indiget
1162 1131 1321 1196 Deus,
1365 1140 1424 1187 ut
1463 1132 1617 1186 inno-

28 1236 171 1279 centes
204 1239 324 1279 non
376 1225 586 1293 puniat.
616 1224 681 1278 Et
709 1224 834 1294 quid
869 1224 1009 1293 dico,
1052 1224 1212 1290 Deus,
1257 1241 1377 1301 cum
1408 1241 1507 1282 nec
1533 1226 1615 1280 ul-

25 1317 84 1370 m
108 1316 272 1369 homo
305 1314 602 1386 prudens?
628 1315 851 1383 Quando
880 1315 1042 1385 igitur
1083 1331 1180 1386 pro
1219 1316 1418 1373 Judteis
1455 1333 1613 1374 orare

22 1408 316 1477 porphetam
348 1407 624 1473 videmus,
654 1408 787 1462 satis
815 1407 983 1477 liquet
1015 1421 1138 1463 eum
1176 1424 1274 1479 pro
1308 1408 1611 1465 hominibus

18 1516 145 1554 arare
194 1500 295 1568 qui
353 1500 636 1568 peccarint
677 1518 691 1553 :
735 1509 845 1553 tum
877 1514 1002 1555 vero
1030 1501 1267 1554 cernitur
1309 1508 1600 1570 peccatum,

18 1608 111 1644 tua
142 1605 319 1658 penes
354 1604 461 1644 nos
488 1599 572 1644 est
599 1599 649 1642 ut
680 1589 851 1658 legem
892 1605 996 1643 non
1036 1590 1506 1659 transgrediamur,
1556 1599 1611 1647 et

20 1698 162 1736 tamen
194 1698 324 1737 eam
358 1682 807 1751 transgredimur.
833 1681 973 1752 Ergo
999 1682 1230 1753 undique
1258 1682 1412 1738 nobis
1434 1684 1605 1738 mani-

19 1782 177 1832 testmn
205 1786 319 1839 est,
364 1790 496 1831 enm
524 1775 574 1829 in
610 1784 811 1839 nostra,
847 1784 954 1828 tnm
986 1774 1037 1828 in
1073 1775 1161 1829 Dei
1201 1783 1462 1846 potestate
1504 1776 1605 1830 sita

15 1888 113 1926 esse
142 1880 299 1925 recte
335 1869 505 1924 facta.
535 1869 720 1923 Simile
750 1867 877 1922 illud
907 1877 990 1923 est
1011 1870 1192 1932 etiam,
1228 1868 1345 1923 Non
1375 1870 1604 1937 volentis,

15 1982 147 2025 nam:
182 1965 474 2029 currentis,
517 1964 606 2017 sed
653 1962 932 2016 miserentis
958 1973 1033 2016 est
1070 1961 1166 2016 Dei
1207 1963 1383 2034 (liam.
1413 1962 1605 2034 9.16).

18 2064 68 2113 Et
92 2075 245 2129 quam
276 2058 356 2113 ob
388 2072 610 2113 causam
636 2071 816 2122 curro,
840 2056 1029 2126 inquit,
1082 2056 1166 2111 vel
1194 2073 1348 2125 quam
1378 2057 1447 2111 ob
1476 2073 1605 2111 cau—

19 2170 109 2207 am
149 2151 299 2213 volo,
365 2148 475 2203 nisi
521 2157 627 2203 tota
659 2162 745 2203 res
774 2149 824 2201 in
853 2164 972 2203 tneo
999 2149 1064 2201 sit
1092 2147 1314 2201 arbitrio
1341 2148 1439 2202 sita
1464 2149 1486 2202 ?
1539 2148 1608 2204 Ut

20 2246 243 2298 nimirum
283 2243 423 2297 dum
468 2242 573 2305 vis,
618 2250 674 2297 et
697 2242 821 2296 dum
849 2241 1047 2307 curris,
1079 2240 1317 2295 divinum
1348 2241 1605 2295 auxilium

17 2351 61 2391 et
94 2336 537 2407 benevolentiam
591 2333 681 2388 tibi
729 2334 1013 2400 concilies,
1062 2335 1139 2389 sic
1178 2342 1235 2388 ut
1278 2344 1329 2389 te
1368 2334 1602 2403 adjuvet,

20 2449 68 2486 :c
105 2448 325 2485 manum
363 2430 625 2499 porrigat,
666 2437 827 2498 atque
858 2428 923 2481 ad
956 2429 1112 2481 finem
1144 2444 1308 2497 usque
1332 2428 1603 2497 perducat.

22 2528 63 2580 Si
86 2526 222 2579 enim
249 2526 365 2578 hoc
395 2521 697 2583 sustuleris,
728 2528 782 2574 et
811 2536 1031 2573 currere
1057 2520 1214 2572 simul
1242 2529 1297 2573 et
1335 2521 1471 2574 velle
1507 2520 1604 2573 de-

23 2620 173 2681 sieris,
202 2628 396 2684 neque
426 2628 640 2665 manum
669 2610 901 2680 porriget
933 2610 1091 2675 Dens,
1120 2610 1212 2664 sed
1239 2620 1291 2664 et
1330 2611 1442 2679 ipse
1480 2611 1605 2664 abs-

26 2710 167 2763 cedet.
223 2707 391 2762 Unde
429 2714 609 2760 autem
639 2704 689 2758 id
724 2705 975 2759 constat?
1006 2705 1142 2757 Audi
1186 2703 1312 2773 quid
1352 2705 1493 2758 dicat
1520 2703 1608 2759 Je-

30 2801 319 2871 rosoz‘ymre:
352 2797 566 2864 Quoties
586 2794 720 2849 volui
745 2811 1048 2866 congregare
1068 2795 1203 2863 ﬁlios
1229 2805 1359 2856 tuos,
1381 2804 1427 2849 et
1451 2797 1609 2850 nolui-

34 2892 128 2944 tas.’
151 2890 288 2944 Ecce
320 2889 631 2955 relinquitur
658 2888 837 2940 domas
865 2894 1026 2940 vestra
1048 2885 1245 2940 deserta
1274 2886 1485 2955 (Matth.
1512 2886 1604 2944 25.

36 2985 114 3051 εἴη.
142 2982 337 3048 Vides,
378 2983 628 3048 quoniam
661 2980 731 3033 illi
763 2980 1067 3044 noluerunt,
1099 2995 1206 3050 quo
1250 2989 1404 3050 pacto
1448 2982 1606 3035 etiam

38 3080 141 3131 Dus
163 3075 488 3132 abscessit?
530 3075 817 3144 Propterea
862 3074 1015 3128 nobis
1047 3089 1257 3145 quoque
1285 3089 1420 3145 opus
1446 3086 1526 3131 est
1554 3085 1610 3131 nt

37 3171 246 3233 velimus,
294 3178 358 3222 et
386 3181 690 3231 curramus,
737 3180 845 3235 quo
874 3164 1047 3220 Deum
1068 3166 1222 3221 nobis
1247 3168 1405 3221 etiam
1431 3168 1611 3221 conci-

34 3266 214 3315 liemus.
268 3260 393 3315 Hoc
441 3260 603 3328 igitur
641 3266 743 3320 est,
793 3257 933 3327 quod
964 3258 1039 3312 ait
1070 3257 1349 3327 protiheta,
1401 3257 1609 3314 felicem

32 3354 203 3406 rliitlln
250 3365 450 3406 rerum
502 3350 553 3403 in
606 3358 869 3418 potestate
918 3357 1099 3402 nostra
1145 3348 1304 3402 situm
1334 3363 1438 3403 nou
1469 3363 1609 3416 esse,

34 3459 188 3496 verum
217 3442 288 3496 ab
316 3441 525 3495 auxilio
555 3440 784 3508 pendere
811 3438 988 3493 divino
1021 3456 1034 3491 :
1069 3449 1124 3493 ut
1148 3422 1323 3495 autem
1355 3439 1612 3510 eligamus

36 3540 80 3588 is
100 3537 243 3591 nobis
268 3545 329 3589 et
357 3535 410 3588 in
443 3534 665 3587 arbitrio
698 3542 881 3587 nostro
926 3533 1084 3587 situm
1134 3547 1273 3588 esse.
1325 3532 1612 3586 Enimvero

37 3645 69 3680 ss
95 3646 257 3684 rerum
294 3642 531 3698 prosper
560 3637 651 3680 aut
677 3627 893 3681 sinister
922 3628 1094 3682 exitus
1117 3628 1183 3682 ab
1209 3628 1407 3681 auxilio
1433 3627 1614 3682 divino

40 3724 225 3789 pendet,
255 3722 409 3776 dicet
436 3719 657 3789 aliquis,
693 3719 824 3772 nulli
855 3718 1115 3773 obnoxius
1147 3719 1357 3773 crimini
1405 3720 1613 3774 censeri

40 3817 179 3869 debeo
221 3831 237 3869 :
297 3827 427 3868 cum
481 3812 622 3865 enim
680 3811 876 3874 omnia,
926 3826 1045 3880 qua:
1096 3825 1335 3865 mearum
1387 3811 1614 3880 partium

41 3917 154 3969 sant,
191 3904 585 3975 paestitero,et
610 3902 850 3969 voluero,
874 3911 927 3956 et
957 3902 1189 3971 elegero,
1220 3911 1275 3956 et
1304 3917 1416 3956 rem
1446 3903 1612 3971 ipsam

42 4017 297 4073 aggressus
345 3999 525 4065 fuero,
571 4002 617 4051 is
659 4011 791 4051 vero
837 4012 866 4050 a
913 3996 1066 4065 cujus
1117 4005 1377 4066 potestate
1423 3996 1617 4066 pendet

40 4108 258 4157 areanis,
312 4106 405 4147 me
438 4105 543 4145 non
584 4088 868 4157 adjuverit,
902 4104 1075 4159 neque
1116 4104 1328 4143 manum
1363 4105 1617 4158 porrexe-

41 4198 111 4249 rit,
138 4186 280 4240 omni
314 4198 438 4238 sum
468 4182 691 4237 crimine
730 4181 1004 4236 liberatus.
1059 4180 1252 4235 Verum
1283 4196 1387 4234 non
1417 4182 1485 4234 ita
1512 4190 1614 4247 est,

42 4284 173 4345 {sane
198 4292 309 4331 non
337 4283 424 4331 est
454 4275 526 4328 ita
553 4290 568 4325 :
597 4288 770 4342 neque
789 4273 932 4327 enim
966 4272 1080 4327 fieri
1110 4281 1304 4341 potest,
1334 4281 1392 4329 ut
1427 4274 1472 4326 si
1521 4286 1619 4327 nos

42 4370 372 4433 instituimus,
418 4365 768 4435 elegerimus,
820 4378 884 4419 ac
928 4364 1291 4430 statuerimus,
1341 4365 1479 4419 Deus
1522 4378 1619 4419 nos

44 4464 384 4533 derdinquat.
429 4460 488 4515 Si
517 4460 661 4514 enim
688 4473 782 4512 eos
805 4459 893 4528 qui
922 4458 1109 4511 nolunt
1139 4458 1385 4511 hortatur
1409 4466 1465 4512 et
1492 4472 1619 4512 con-

48 4558 153 4611 smlit
184 4559 282 4621 eis,
333 4562 393 4608 ut
441 4552 613 4606 velint
649 4559 703 4605 et
730 4558 985 4614 statuant,
1012 4550 1181 4603 multo
1217 4549 1383 4619 magis
1411 4563 1505 4603 eos
1531 4549 1619 4618 qui

54 4650 166 4702 ultro
191 4649 410 4719 eligent,
434 4660 542 4700 non
569 4644 921 4713 derelinqnet.
951 4642 1204 4712 Respicite
1241 4657 1491 4711 namque,
1534 4643 1619 4695 in-

50 4742 163 4807 φὶι,
192 4741 242 4791 in
264 4736 617 4809 generationes
645 4735 899 4805 antiquas,
945 4742 990 4787 et
1029 4733 1209 4799 videte,
1258 4732 1369 4802 quis
1409 4732 1622 4803 speravit

54 4830 95 4879 is
135 4830 423 4894 Dominum,
479 4835 528 4881 et
572 4825 812 4894 confusus
856 4824 969 4878 est?
1005 4832 1091 4876 aut
1123 4823 1234 4893 quis
1262 4823 1535 4882 permansit
1570 4823 1623 4876 in

54 4921 281 4974 mandatis
308 4920 441 4989 eius,
474 4929 523 4973 et
554 4918 781 4988 desth
811 4933 923 4971 eum
961 4915 1151 4987 (Eccli.
1181 4916 1233 4969 9..
1272 4916 1357 4970 11.
1386 4915 1516 4984 1‘2)?
1561 4915 1626 4969 Ει

56 5030 214 5069 rursus
249 5014 327 5069 ait
364 5012 586 5079 Paulus,
639 5010 769 5081 Spes
804 5026 905 5064 non
931 5009 1196 5080 confundit
1243 5007 1416 5081 (Rom.
1443 5008 1495 5063 5.
1529 5008 1621 5078 5),

204 5107 455 5161 nimirum
506 5105 560 5158 in
603 5103 792 5158 Deum.
840 5101 1175 5172 impossibile
1228 5101 1371 5155 enim
1416 5108 1519 5167 est,
1569 5110 1625 5155 ιιι

64 5206 191 5252 tum
232 5199 583 5274 propositum
602 5210 715 5251 non
758 5192 1082 5265 adipiscatur
1110 5193 1154 5248 is
1184 5192 1271 5263 qui
1301 5199 1410 5247 tota
1441 5200 1621 5247 mente

846 281 929 340 ΙΝ
964 282 1191 354 lLLUD,
1233 284 1513 353 DOMINE,
1549 287 1688 346 NON
1725 290 1854 349 EST
1891 291 1959 348 IN
1997 293 2280 366 HOMINE,
2320 292 2475 354 ETC.

3213 305 3318 360 182

1728 404 1782 461 in
1816 405 1987 461 Deum
2010 418 2208 478 sperat,
2232 418 2287 464 et
2310 424 2431 479 quae
2453 423 2666 467 suarum
2695 423 2817 468 snnt
2844 415 3070 484 partium
3100 426 3312 484 prmstat

1726 497 1925 551 omnia.
1950 499 2016 553 Et
2046 514 2252 566 rursus,
2278 498 2473 556 Fidelis
2496 510 2663 556 autem
2686 503 2845 570 Deus,
2870 506 2954 575 qui
2979 523 3078 560 non
3100 508 3317 576 patietur

1724 602 1811 642 vos
1838 591 2020 644 tentari
2045 608 2202 662 supra
2227 592 2281 645 id
2303 594 2439 661 quod
2458 595 2684 664 potestis,
2712 598 2799 648 sed
2822 598 2966 663 faciet
2993 616 3107 652 cum
3151 608 3315 654 tenta-

1726 682 1859 736 tione
1887 694 2181 754 proventum
2201 727 2216 751 ,
2249 696 2305 739 ut
2332 688 2534 757 possitis
2558 690 2801 741 sustinere
2828 688 2905 758 (ι.
2929 689 3047 745 Cor.
3073 691 3159 745 10.
3200 693 3310 761 15).

1724 772 1928 829 Idcirco
1971 775 2223 831 admonet
2249 778 2463 847 sapiens
2490 781 2568 832 vir
2595 779 2810 849 quidam
2837 780 3024 837 dicens
3059 800 3074 837 :
3104 781 3231 849 Fili,
3268 785 3314 837 si

1722 868 1933 922 accedas
1958 869 2026 921 ad
2053 870 2334 924 servitutem
2365 870 2586 936 Domini,
2632 888 2867 941 prtepara
2908 874 3131 928 animam
3174 884 3313 929 tuam

1722 958 1791 1010 ad
1818 961 2158 1014 tentatiouem.
2191 960 2366 1033 Dirige
2388 979 2477 1015 cor
2504 973 2664 1025 tuum,
2694 973 2739 1016 et
2768 965 2979 1029 sustine,
3007 973 3057 1019 et
3080 981 3142 1018 ne
3166 967 3313 1035 {esti-

1723 1065 1810 1102 nes
1832 1050 1885 1103 in
1914 1058 2134 1122 tempore
2168 1052 2503 1108 obductionis.
2535 1053 2850 1125 Conjungere
2880 1055 2976 1119 illi,
3020 1066 3065 1109 et
3090 1073 3153 1110 ne
3179 1074 3316 1111 rece-

1723 1142 2013 1212 das(Eceli.
2032 1143 2158 1198 2.1.
2182 1144 2260 1215 2).
2282 1146 2431 1200 Alios
2458 1162 2669 1216 quoque
2692 1163 2871 1202 sermo
2901 1164 2999 1204 nos
3024 1149 3309 1206 admonet:

1723 1230 1822 1296 Qui
1849 1242 2013 1286 autem
2042 1238 2423 1305 perseveraverit
2455 1254 2609 1307 usque
2641 1238 2693 1291 in
2719 1239 2893 1307 ﬁnem,
2928 1239 3008 1293 hic
3027 1242 3195 1295 salvus
3217 1241 3310 1294 erit

1720 1320 1933 1393 (Matth.
1974 1325 2058 1379 10.
2092 1325 2207 1395 22).

1799 1413 1889 1468 Vir
1912 1417 2055 1470 bona:
2076 1419 2348 1473 voluntatis
2387 1436 2488 1473 non
2518 1421 2764 1475 deseritur
2792 1438 2824 1475 a
2854 1421 2979 1477 Deo.
3026 1422 3163 1478 Deus
3209 1440 3309 1479 non

1716 1508 1817 1560 vim
1840 1505 1988 1573 a/fert
2015 1518 2103 1562 aut
2124 1510 2274 1579 cogit.
2303 1541 2374 1551 —
2400 1511 2567 1566 Porro
2596 1511 2711 1568 ham
2737 1514 2911 1567 omnia
2941 1515 3136 1583 regula:
3161 1524 3307 1579 sunt,

1716 1597 1881 1668 leges.
1915 1614 1978 1653 ac
2000 1600 2215 1655 decreta
2244 1602 2626 1669 immntabilia;
2677 1615 2731 1659 et
2774 1605 2874 1659 hoc
2914 1605 2966 1660 in
3013 1615 3193 1662 mente
3219 1623 3311 1662 vc-

1715 1698 1826 1746 stra
1869 1692 1941 1745 sit
1990 1691 2151 1747 fixum
2193 1702 2426 1763 oportet,
2479 1695 2591 1750 ﬁeri
2625 1710 2730 1750 non
2764 1712 2938 1766 posse,
2970 1706 3027 1752 ut
3073 1698 3162 1768 qui
3188 1708 3306 1752 stu-

1715 1781 1860 1835 dium
1888 1781 2155 1847 adhibeat,
2185 1793 2238 1837 ct
2263 1784 2330 1837 de
2368 1800 2462 1838 sna
2485 1787 2655 1841 salute
2682 1787 2752 1841 sit
2777 1787 3061 1854 sollicitus,
3111 1797 3165 1843 et
3189 1804 3307 1843 om-

1715 1873 1801 1927 nia
1831 1889 1948 1942 qua!
1969 1888 2182 1929 suarum
2212 1878 2581 1946 snntpartium
2607 1889 2945 1950 exsequatur,
2976 1881 3021 1935 is
3048 1896 3301 1951 umquam

1712 1979 1743 2017 a
1778 1963 1885 2019 Deo
1911 1966 2207 2021 deseratur.
2235 1967 2349 2021 Non
2381 1969 2533 2022 audis
2563 1970 2687 2039 quid
2718 1971 2873 2024 Petro
2898 1971 3074 2027 dicat?
3095 1971 3299 2041 Simon,

1716 2055 1915 2118 Simon,
1951 2060 2141 2128 quoties
2183 2061 2414 2131 expetivit
2443 2072 2666 2126 satanas,
2690 2074 2743 2117 ut
2772 2066 3011 2119 cribraret
3053 2067 3304 2121 vossicut

1714 2149 1931 2202 triticum
1961 2165 1978 2203 :
2003 2167 2093 2220 ego
2120 2161 2285 2204 autem
2315 2154 2455 2205 oravi
2484 2171 2572 2219 pro
2598 2164 2663 2212 te.
2714 2165 2764 2207 ut
2806 2173 2904 2208 non
2936 2157 3139 2219 deﬁciat
3174 2158 3302 2224 ﬁdes

1714 2250 1802 2296 tua
1830 2243 1979 2313 (Luc.
2003 2243 2095 2298 2‘2.
2123 2245 2215 2300 51.
2246 2246 2359 2314 '52).
2406 2247 2535 2300 Nam
2584 2264 2707 2302 cum
2738 2250 2935 2303 viribus
2966 2253 3159 2305 nostris
3182 2268 3303 2308 esse

1714 2337 1885 2402 majus
1918 2336 2109 2391 viderit
2152 2354 2309 2405 onus,
2354 2354 2566 2393 manum
2598 2341 2835 2409 porrigit.
2865 2358 2928 2396 ac
2960 2345 3301 2397 tentationem

1714 2427 1886 2481 reddit
1925 2429 2182 2483 leviorem
2232 2448 2245 2483 :
2291 2446 2410 2484 cum
2458 2445 2585 2485 vero
2637 2447 2734 2485 nos
2770 2448 2834 2486 ex
2880 2433 3093 2502 propria
3138 2435 3304 2504 negli—

1712 2520 1887 2589 gentia
1930 2518 2124 2573 viderit
2151 2535 2215 2575 ac
2258 2520 2461 2576 desidia
2509 2523 2776 2591 prepriam
2805 2524 3025 2577 salutem
3056 2526 3301 2594 prodere,

1713 2626 1886 2681 neque
1913 2611 2049 2666 velle
2080 2612 2297 2678 salvari,
2328 2622 2451 2667 tunc
2482 2614 2807 2683 dcrelinquit
2846 2632 2908 2669 ac
2938 2616 3158 2672 deserit.
3202 2616 3307 2672 Ne-

1712 2720 1817 2772 que
1862 2705 2001 2759 cnim
2042 2706 2146 2758 vim
2191 2705 2363 2771 affert,
2396 2718 2485 2761 aut
2529 2710 2689 2778 cogit,
2738 2710 2985 2779 quodque
3027 2711 3153 2765 dum
3202 2712 3304 2767 do-

1715 2797 1939 2849 ctrinam
1985 2796 2237 2863 traderet,
2282 2799 2492 2868 agebat.
2533 2799 2583 2853 id
2615 2801 2773 2854 etiam
2804 2799 2887 2854 hic
2919 2801 2993 2855 lit.
3050 2801 3119 2858 Ut
3161 2803 3303 2857 enim

1718 2889 1826 2943 illic
1855 2904 1971 2957 eos,
2011 2889 2104 2959 qui
2128 2890 2315 2946 audire
2347 2893 2618 2955 nolebant,
2654 2893 2745 2947 sed
2794 2892 3157 2959 discedebant,
3199 2910 3308 2950 non

1718 2981 1979 3047 trahebat,
2012 2997 2184 3051 neque
2224 2986 2326 3034 vim
2358 2982 2655 3037 afferebat:
2684 2983 2777 3037 sed
2813 2983 2896 3044 iis,
2944 2985 3031 3053 qui
3068 2985 3310 3040 attende—

1715 3072 1841 3127 bant
1863 3074 2090 3127 obscura
2118 3074 2377 3139 solvebat,
2407 3084 2461 3129 et
2488 3075 2769 3145 aenigmata
2812 3076 3089 3130 manifesta
3119 3076 3310 3130 redde-

1716 3167 1806 3220 bat
1835 3183 1849 3219 :
1880 3166 1949 3220 ita
1980 3167 2230 3221 nimirum
2272 3178 2328 3222 et
2353 3168 2406 3222 in
2438 3168 2595 3222 rebus
2624 3169 2753 3237 ipsis
2788 3186 2801 3221 :
2841 3183 2935 3222 eos
2979 3171 3067 3237 qui
3112 3169 3309 3237 stupidi

1711 3267 1857 3325 sunt,
1887 3266 1941 3313 et
1985 3259 2205 3313 minime
2232 3258 2435 3326 volunt,
2489 3276 2593 3313 non
2626 3261 2786 3330 cogit,
2840 3277 3012 3330 neque
3052 3262 3156 3316 vim
3207 3261 3311 3315 illis

1715 3348 2029 3405 affertzeos
2058 3361 2259 3415 autem,
2308 3352 2397 3421 qui
2440 3351 2579 3406 ultro
2622 3352 2826 3421 eligunt
2874 3366 3085 3406 summo
3134 3352 3311 3407 studio

1717 3440 1817 3496 sibi
1856 3441 2127 3496 conciliat.
2173 3443 2460 3512 Propterea
2510 3443 2639 3498 dicit
2666 3446 2824 3497 etiam
2852 3444 3041 3498 Petrus
3072 3462 3085 3497 :
3120 3444 3185 3498 In
3224 3461 3310 3499 ve-

1716 3532 1866 3586 ritate
1891 3534 2132 3603 comperi,
2181 3534 2297 3603 quia
2337 3533 2393 3587 in
2424 3533 2561 3586 omni
2601 3545 2762 3603 gente,
2818 3534 2904 3603 qui
2946 3538 3084 3587 timet
3122 3532 3310 3597 Deum,

1718 3634 1766 3678 et
1794 3636 2031 3691 operatur
2053 3625 2329 3698 justitiam,
2360 3635 2594 3695 acceptus
2616 3636 2684 3679 est
2706 3626 2782 3679 illi
2804 3625 2939 3696 (Act.
2966 3626 3049 3681 10.
3085 3628 3171 3681 54.
3197 3629 3311 3697 55).

1723 3716 1791 3770 Et
1823 3716 2058 3785 propheta
2079 3717 2174 3772 hoc
2197 3715 2363 3786 ipsum
2381 3718 2619 3771 admonet
2637 3715 2721 3771 his
2741 3716 2928 3771 verbis:
2949 3716 3002 3770 Si
3032 3718 3311 3780 volueritis,

1721 3821 1766 3863 et
1792 3810 2052 3863 audieritis
2078 3825 2175 3875 me,
2206 3807 2336 3862 bona
2366 3817 2512 3862 terra:
2536 3806 2810 3862 comedetis
2830 3822 2849 3860 :
2872 3803 2921 3859 εἰ
2946 3820 3115 3862 autem
3143 3810 3311 3863 nolue-

1720 3904 1852 3967 ritis,
1884 3917 2042 3971 neque
2069 3900 2398 3955 exaudieritis
2423 3916 2521 3965 me,
2549 3901 2748 3971 gladius
2771 3900 3026 3955 devorabit
3054 3918 3138 3955 vos
3163 3900 3315 3972 (lsai.

1724 3997 1776 4051 1.
1808 3994 1893 4049 19.
1917 3993 2033 4062 20).
2063 3993 2190 4060 Quae
2220 4008 2341 4047 cnm
2369 3993 2440 4047 ita
2468 3987 2593 4047 nota
2620 4003 2672 4048 et
2702 3994 2974 4063 explorata
3002 3994 3109 4048 sint
3139 3993 3315 4058 nobis,

1722 4097 1883 4157 atque
1916 4086 1967 4139 in
2002 4094 2180 4139 nostra
2215 4093 2480 4154 potestate
2525 4086 2683 4139 situm
2711 4100 2832 4139 esse
2884 4094 2940 4139 ut
2983 4086 3230 4149 velimus,
3264 4092 3319 4138 et

1723 4192 2038 4241 curramus,
2094 4191 2331 4245 nosque,
2399 4175 2523 4229 dum
2588 4176 2835 4229 volumus
2895 4176 3313 4245 currimusque,

1726 4271 1894 4324 Deum
1943 4267 2099 4322 nobis
2136 4266 2516 4322 conciliaturos
2575 4267 2641 4321 ad
2709 4266 2826 4336 ejus
2879 4267 3136 4323 auxilium
3178 4267 3320 4322 obti-

1730 4360 2008 4424 nendum;
2075 4374 2141 4413 eo
2194 4374 2353 4428 porro
2396 4358 2550 4412 nobis
2591 4359 2909 4424 conciliato,
2981 4374 3080 4413 nos
3140 4375 3317 4414 rerum

1725 4452 1926 4507 exitum
2002 4460 2419 4520 assequuturos;
2468 4450 2759 4505 excitemus
2797 4465 2916 4514 nos,
2964 4449 3317 4515 dilectissimi,

1726 4555 1886 4613 atque
1946 4541 2014 4596 ad
2074 4544 2303 4596 salutem
2352 4542 2547 4595 animae
2618 4551 2816 4597 nostra:
2864 4557 3024 4596 ontne
3084 4542 3319 4596 studium

1726 4639 2087 4702 conferamus,
2134 4644 2194 4690 ut
2236 4650 2360 4690 cum
2409 4635 2675 4689 modicum
2708 4634 2759 4689 in
2809 4637 2906 4690 hac
2936 4637 3039 4688 vita
3084 4634 3322 4689 laborem

1729 4729 2205 4793 exantlaverimus,
2264 4730 2319 4783 in
2367 4737 2569 4783 mtcrno
2616 4737 2672 4783 ct
2721 4729 3006 4783 immortali
3060 4743 3176 4782 (evo
3230 4729 3321 4785 illo

1728 4823 1883 4878 bonis
1935 4820 2328 4875 immortalibus
2367 4820 2705 4892 perfruantur
2737 4836 2750 4871 :
2784 4833 2902 4888 qua:
2955 4818 3112 4872 nobis
3151 4818 3324 4871 omni-

1730 4917 1827 4973 bus
1853 4924 1911 4969 ut
1930 4915 2260 4983 contingant,
2310 4914 2440 4966 faxit
2470 4913 2638 4983 gratia
2685 4920 2738 4967 et
2766 4910 3066 4982 benignitas
3115 4911 3324 4965 Domini

1731 5009 1898 5066 nostri
1947 5006 2072 5061 Jesu
2103 5006 2323 5072 Christi,
2370 5023 2489 5061 cum
2514 5021 2620 5079 quo
2652 5006 2795 5060 Patri
2823 5005 3012 5076 gloria.
3055 5007 3331 5078 simulque

1738 5106 1926 5155 Sancto
1970 5096 2212 5168 Spiritui,
2244 5112 2384 5154 nunc
2423 5106 2478 5154 et
2515 5112 2746 5168 semper,
2774 5096 2909 5152 etin
2949 5103 3321 5160 seculasaccu-

1736 5192 1930 5247 lorum.
1965 5193 2156 5247 Amen.
