3738 6274
393 231 497 286 165
1127 231 1181 286 S.
1211 222 1490 293 JOANNIS
1519 219 1999 277 CHRYSOSTOMI
2030 220 2345 277 ARCUIEP.
2380 216 2920 276 CONSTANTINOP.
3567 220 3670 268 104

909 919 983 980 IN
1043 918 1250 979 DUAS
1300 913 1696 977 HOMILIAS
1753 914 1862 974 DE
1908 909 2541 972 PROPHE'HABUM
2593 908 3151 969 OBSCURITATE

469 1214 775 1271 Admodum
805 1211 1027 1270 dil'licile
1052 1223 1137 1268 est
1167 1222 1381 1282 tempus
1408 1210 1668 1275 indicare,
1689 1223 1799 1279 quo
1830 1208 1915 1262 ba:
1934 1208 2056 1263 duae
2077 1206 2313 1262 bomilize
2338 1206 2540 1261 habita:
2573 1204 2747 1260 fuere.
2778 1204 2999 1260 Certum
3036 1202 3259 1274 quidem
3304 1210 3393 1257 cst
3422 1199 3654 1272 priorem

404 1356 610 1425 aliquot
645 1355 841 1412 diebus
889 1357 1116 1413 alteram
1148 1354 1513 1426 praecessisse,
1540 1352 1901 1424 posteriorem
1944 1366 2075 1407 vero
2103 1351 2192 1408 die
2230 1350 2508 1406 Dominica
2538 1350 2740 1406 dictam
2773 1348 2960 1404 fuisse.
2994 1346 3049 1402 Id
3077 1346 3224 1401 enim
3255 1352 3480 1400 constat
3505 1358 3571 1398 ex
3599 1341 3659 1397 iis

397 1503 519 1561 qua:
548 1489 809 1546 dicuntur
842 1490 896 1544 in
922 1490 1156 1546 Humilia
1175 1489 1264 1545 cui
1292 1488 1504 1553 titulus,
1541 1486 1815 1542 Dazmones
1843 1503 1945 1541 non
1969 1486 2261 1558 gubernare
2306 1487 2582 1541 mundum.
2611 1483 2691 1539 Ibi
2729 1483 2899 1551 enim,
2940 1480 3097 1537 Tom.
3136 1481 3197 1543 ll,
3235 1498 3292 1551 p.
3330 1481 3460 1545 247,
3494 1480 3554 1546 Β,
3583 1481 3657 1535 sic

399 1633 511 1688 ait:
546 1631 715 1703 Atque
746 1631 841 1685 hoc
884 1632 1094 1702 quidem
1126 1631 1191 1685 ab
1228 1632 1370 1686 omni
1404 1641 1636 1701 tempore
1665 1629 1786 1699 jam
1824 1630 2075 1694 innotuit,
2122 1629 2415 1699 praesertim
2451 1646 2485 1682 a
2537 1628 2815 1682 Dominica
2853 1624 3138 1693 superiore.
3176 1620 3494 1689 Numquam
3529 1621 3658 1675 enim

399 1771 578 1827 divina
600 1771 741 1825 vobis
770 1771 976 1841 eloquia
1010 1772 1283 1842 fastidium
1314 1786 1499 1840 parere
1527 1769 1636 1823 dies
1658 1768 1746 1823 ille
1783 1771 2075 1838 prwsertim
2098 1768 2369 1826 indicavit.
2395 1766 2602 1822 Ibidem
2628 1775 2831 1832 autem,
2862 1765 2916 1819 in
2950 1761 3231 1820 concionis
3268 1758 3480 1814 scilicet
3515 1756 3655 1827 prin-

401 1908 567 1979 cipio,
602 1908 692 1964 illa
719 1909 903 1966 omnia
924 1910 1117 1966 ordine
1141 1911 1340 1980 repetit
1364 1925 1486 1980 quae
1515 1909 1570 1963 in
1602 1909 1768 1979 hujus
1791 1907 2073 1963 concionis
2096 1908 2205 1961 liae
2233 1904 2467 1969 dixerat,
2499 1903 2648 1973 quod
2675 1902 2729 1956 in
2759 1916 2911 1956 more
2937 1914 3059 1954 esse
3087 1897 3489 1968 Cbrysostomo
3507 1904 3657 1946 nemo

403 2045 613 2111 nescit;
646 2045 902 2101 nimirum
934 2046 1046 2120 agit
1069 2047 1137 2102 de
1169 2048 1371 2102 sanctis
1393 2047 1665 2119 justisque
1694 2046 1844 2113 viris,
1889 2047 1982 2117 qui
2028 2060 2125 2100 sua
2153 2045 2395 2117 ipsorum
2435 2052 2680 2115 peccata,
2705 2058 2814 2096 non
2854 2049 3035 2095 autem
3074 2038 3277 2105 aliena,
3310 2052 3436 2093 cum
3469 2034 3656 2090 doloris

407 2179 798 2251 significatione
848 2182 1372 2245 commemorabant,
1434 2182 1613 2239 allatis
1658 2182 1825 2239 etiam
1880 2181 2176 2252 Scriptura:
2232 2182 2366 2237 locis
2404 2183 2545 2237 bene
2590 2180 2776 2235 multis
2821 2188 2985 2248 atque
3021 2176 3287 2246 exemplis
3326 2183 3648 2234 sanctorum,

407 2312 597 2367 cadent
623 2312 765 2368 serie
795 2322 851 2369 et
872 2313 1297 2369 accuratissime.
1320 2313 1454 2368 Nam
1485 2314 1629 2384 quod
1656 2314 1963 2384 exemplum
2003 2313 2300 2368 desiderari
2330 2313 2384 2367 in
2432 2313 2535 2368 bac
2567 2312 2807 2367 secunda
2846 2311 3110 2367 concione
3143 2310 3481 2380 querebatur
3504 2307 3656 2360 Tillc-

408 2454 670 2517 montius,
721 2454 804 2509 vir
850 2454 1146 2527 diligentiae
1190 2465 1246 2510 et
1272 2456 1640 2512 accurationis
1679 2456 2143 2527 singularissimze,
2181 2471 2382 2526 nempe
2428 2455 2559 2512 illud
2588 2455 2756 2520 Petri,
2800 2454 2905 2508 Exi
2948 2470 2981 2507 a
3018 2469 3118 2518 me,
3147 2454 3277 2524 quia
3311 2453 3391 2506 vir
3431 2460 3655 2520 peccator

407 2609 546 2655 sum,
575 2592 685 2662 jam
711 2606 776 2646 ex
807 2590 1007 2647 Codice
1034 2589 1346 2647 Colbertino
1369 2592 1677 2648 restitutum
1713 2591 1902 2649 habes.
1937 2592 2121 2665 Itaque
2143 2602 2355 2649 certum
2389 2593 2839 2664 exploratumque
2876 2598 2960 2646 est
2995 2590 3274 2645 homiliam
3309 2592 3450 2646 banc
3473 2606 3651 2645 secun-

328 2764 338 2773 .
410 2724 535 2779 dam
567 2724 635 2779 de
659 2723 1075 2796 Prophetiarum
1113 2725 1445 2783 obscuritate
1463 2727 1661 2783 dictam
1688 2726 1856 2783 fuisse
1902 2727 2182 2783 Dominica
2214 2728 2555 2799 praecedente
2579 2727 2899 2783 concionem
2922 2726 3067 2781 illam
3093 2741 3258 2796 supra
3294 2692 3673 2781 memoratam;

410 2862 632 2919 Certum
671 2861 894 2932 perinde
932 2863 1151 2920 videtur
1200 2865 1364 2921 hasce
1385 2865 1521 2920 duas
1543 2866 1835 2920 conciones
1862 2864 2166 2919 Antiochia:
2195 2864 2406 2920 habitas
2429 2864 2628 2931 fuisse;
2660 2864 2789 2935 quia
2825 2879 3023 2934 nempe
3050 2862 3472 2934 Chrysostomus
3498 2859 3571 2914 sic
3598 2858 3655 2911 de

412 2999 671 3071 episcopo
701 2999 939 3071 loquitur
971 2999 1025 3054 in
1051 3000 1272 3055 ltomilia
1304 3002 1564 3068 secunda,
1595 3017 1747 3057 num.
1776 3002 1830 3068 5,
1872 3010 1930 3056 ιιι
1957 3019 2070 3059 non
2103 3018 2183 3070 se,
2230 3004 2323 3060 sed
2345 3003 2510 3058 alium
2534 3002 2854 3075 episcopum
2890 3017 3011 3059 esse
3045 3001 3380 3060 subindicet.
3407 3003 3481 3059 De
3526 3017 3656 3058 anno

412 3142 595 3190 autem
626 3134 764 3189 nihil
792 3136 1137 3206 exploratum
1174 3136 1425 3192 habetur.
1454 3136 1586 3193 Vide
1607 3136 1779 3193 Tomo
1801 3138 1864 3205 li,
1897 3156 1951 3211 p.
1978 3140 2107 3195 245.

486 3271 605 3330 Erit
635 3274 777 3332 forte
797 3275 1071 3348 quispiam
1098 3276 1190 3346 qui
1218 3292 1424 3333 annum
1460 3292 1520 3333 se
1550 3276 1679 3332 hinc
1709 3276 1976 3349 expiscari
2018 3294 2179 3349 posse
2211 3287 2381 3349 putet,
2404 3280 2550 3350 quod
2600 3280 2657 3335 in
2687 3278 2929 3337 Homilia
2957 3278 3131 3351 prima
3162 3248 3233 3340 de
3262 3278 3654 3351 Prophetiarutn

428 3651 3646 3680 Mm

397 4235 696 4281 ιτιιιτιιιι
726 4236 806 4278 ΕΤ
832 4234 1267 4280 PERCOMMODE
1298 4235 1580 4288 FACTUM,
1628 4235 1710 4277 UT
1755 4234 1873 4277 PRO

2177 4236 2251 4278 DE
2280 4236 2552 4281 cnntsro
2590 4237 2669 4280 ET
2710 4239 3021 4282 GENTIBUS
3064 4239 3276 4293 DEQUB
3332 4240 3653 4291 suum)th

1158 4333 1637 4377 REPROBATIONE
1680 4332 1975 4376 OBSCUBE
2020 4334 2269 4390 essem,
2319 4336 2807 4381 neuousrnano
2852 4320 2961 4401 (a).

1682 4481 2133 4537 ———ama

2139 4508 2439 4526 ..ᾔ-..η

476 4631 527 4684 i.
560 4627 837 4683 Sententiae
857 4624 1012 4683 Isaia:
1036 4643 1149 4681 cum
1173 4624 1437 4680 altitudine
1460 4625 1613 4682 maris
1642 4629 1986 4700 conferuntur.
2102 4631 2370 4702 navigium
2404 4632 2454 4686 in
2496 4632 2680 4687 orbem
2711 4631 3017 4689 existimant
3055 4628 3403 4687 circumferri.
3450 4624 3556 4681 Non
3586 4629 3651 4672 ια’

410 4720 746 4794 1ο.’.τρει·ἱεηιίω
765 4730 811 4775 et
832 4718 1200 4776 exercitationis
1223 4718 1990 4792 commoda.—Prophetic.un
2102 4739 2222 4778 men
2253 4740 2318 4779 ex
2353 4733 2539 4779 natura
2586 4724 2781 4791 maris,
2826 4723 2918 4779 sed
2962 4724 3101 4794 quod
3149 4721 3402 4792 inexperti
3441 4717 3540 4772 sint
3576 4708 3649 4779 qui

399 4818 553 4874 vobis
580 4815 742 4871 hodie
767 4817 889 4871 volo
918 4829 1157 4871 mensam
1190 4814 1474 4882 instruere,
1503 4823 1663 4885 atque
1690 4816 1745 4869 in
1775 4816 1993 4886 pelagus
2103 4818 2371 4887 navigant,
2396 4815 2712 4870 oboriuntur
2736 4816 3021 4885 vertigines
3050 4832 3061 4867 :
3094 4816 3272 4870 caueri
3300 4810 3503 4884 quidem
3526 4812 3651 4859 ccrle

401 4909 680 4979 sapientia:
728 4906 878 4963 lsaize
918 4906 1149 4962 meditor
1188 4906 1482 4962 orationem
1532 4908 1838 4964 immittere.
1889 4909 1992 4963 Sed
2103 4920 2277 4963 nauta:
2302 4908 2457 4963 nudis
2479 4908 2792 4976 corporibus
2816 4908 2941 4962 etin
2970 4908 3157 4963 mediis
3181 4905 3420 4962 ﬂuctibus
3443 4901 3490 4954 in
3512 4900 3650 4964 caput

407 4998 533 5067 quid
556 4997 787 5055 faciam?
814 4997 1006 5053 Dubito
1028 5013 1091 5052 ac
1111 5007 1311 5063 metuo,
1336 5013 1403 5053 ne
1422 5013 1543 5053 cum
1566 5013 1597 5053 e
1619 5008 1773 5068 portu
1791 5001 1995 5070 egressi
2107 5019 2167 5059 se
2189 5000 2465 5073 dejiciunt,
2495 5018 2668 5073 neque
2695 5002 2802 5056 tale
2827 5002 3109 5072 quidquam
3132 5002 3413 5071 patiuntur,
3442 4990 3527 5049 sed
3546 5002 3649 5043 cum

407 5087 690 5153 fuerimus,
719 5096 883 5158 atque
904 5088 973 5143 ad
1008 5086 1325 5158 profundum
1353 5091 1733 5144 sententiarum
1760 5093 1996 5160 proplte-
2106 5097 2171 5150 ad
2200 5096 2369 5166 ipsum
2396 5094 2715 5165 profundum
2745 5094 3147 5161 descenderint,
3182 5095 3339 5149 tutius
3357 5084 3381 5158 ,i
3402 5098 3545 5159 quam
3573 5075 3647 5147 (Ιυί

410 5190 478 5235 tae
507 5181 938 5252 pervenerimus,
969 5180 1111 5251 quod
1141 5183 1314 5237 nautis
1341 5181 1633 5251 contingit,
1662 5183 1752 5252 qui
1780 5184 1886 5236 nav‘

2185 5187 2485 5255 pavimento
2506 5187 2722 5257 degunt,
2750 5188 2854 5241 illic
2874 5195 3172 5252 versantur,
3197 5194 3252 5241 et
3278 5185 3396 5237 licet
3414 5191 3518 5241 (δην
3541 5183 3648 5224 σου·

407 5273 540 5327 tioni
568 5274 767 5327 assueti
808 5288 914 5327 non
941 5282 1102 5339 sunt,
1141 5274 1398 5343 vertigine
1435 5274 1757 5331 laboremus.
1784 5274 1915 5330 Nam
1944 5285 2000 5332 et
2109 5279 2207 5345 lis,
2234 5293 2297 5332 ac
2337 5288 2445 5332 toto
2473 5293 2697 5349 corpore
2726 5278 3046 5348 salsuginem
3085 5276 3373 5346 excipiant,
3403 5281 3501 5323 non
3526 5271 3647 5327 πετο

410 5366 487 5422 illi
512 5380 634 5420 cum
662 5366 842 5421 relicta
877 5375 1015 5421 terra
1053 5382 1121 5422 ex
1160 5376 1382 5435 utraque
1411 5376 1561 5436 parte
1591 5368 1740 5423 navis
1782 5368 1999 5439 pelagus
2108 5371 2307 5427 ferunt.
2334 5371 2560 5426 Tantum
2590 5372 2785 5426 bonum
2809 5381 2891 5426 est
2913 5371 3242 5433 exercitatio,
3268 5375 3455 5421 tantum
3477 5354 3642 5411 malum

413 5458 664 5526 viderint,
698 5474 795 5513 nec
822 5459 962 5514 aliud
990 5459 1277 5531 quidquam
1307 5469 1501 5527 pneter
1529 5474 1676 5515 mare
1699 5475 1761 5514 ac
1785 5462 1997 5525 caelum,
2107 5474 2190 5522 est
2220 5465 2481 5536 imperitia
2512 5482 2525 5517 :
2554 5466 2631 5519 sic
2671 5464 2768 5519 ista
2799 5463 3114 5535 persuadet,
3148 5472 3203 5516 ut
3243 5459 3394 5515 etiam
3422 5464 3526 5521 qute
3551 5443 3641 5495 fur-

414 5552 752 5609 tenebrieosa
779 5553 1035 5625 vertigine
1064 5553 1424 5621 corripiuntur
1446 5593 1461 5617 ,
1491 5568 1546 5607 et
1585 5567 1687 5605 una
1716 5568 1837 5608 cum
1865 5555 1999 5610 mari
2108 5557 2377 5613 midabilia
2399 5565 2523 5613 sunt
2542 5566 2964 5621 contemnamus,
2989 5556 3074 5610 illa
3099 5570 3226 5610 vero
3246 5550 3416 5612 efﬁcit,
3442 5551 3493 5598 ut
3509 5537 3639 5594 etiam

2109 5660 2218 5704 tuta
2248 5660 2491 5721 suspecta
2526 5650 2633 5705 siut
2662 5650 2815 5704 nobis
2836 5691 2849 5709 .
2877 5665 2943 5704 ac
2968 5644 3351 5704 reformidanda
3380 5635 3642 5721 vidcantur-

471 5695 545 5811 ξ)
576 5692 762 5747 Collata
790 5704 901 5741 cum
931 5689 1105 5741 Codice
1125 5688 1277 5751 Regio
1308 5684 1461 5747 9545,
1503 5688 1556 5741 et
1584 5700 1695 5739 cum
1717 5687 1947 5741 Colbertit

2170 5684 2218 5704 ια
2248 5684 2491 5721 suam...
2527 5684 2633 5705 οι...
2662 5684 2815 5704 ..υυιδ
2836 5691 2849 5709 ,
2877 5684 2943 5704 ..υ
2968 5684 3351 5704 .υ........υ....ι...
3388 5684 3501 5693 ..νγ

2164 5759 2243 5799 am
2271 5743 2325 5800 bi
2350 5743 2561 5811 quidem
2591 5744 2644 5800 iu
2686 5742 3003 5800 sublimibus
3032 5739 3277 5799 sedentes
3302 5732 3447 5792 navis
3464 5718 3640 5786 tabulﬁ'

413 5728 553 5815 1οἓδό
577 5728 762 5747 www
792 5728 901 5741 ww
936 5728 1105 5741 ww"
1125 5728 1161 5743 ﬂ
1181 5728 1275 5751 τ’-
1310 5728 1429 5737 ’νὴ
1448 5728 1461 5747 ’
1504 5728 1556 5741 ν’
1586 5728 1695 5739 “ﬂ
1720 5728 1997 5742 unum“
2107 5741 2243 5801 Nam
2271 5743 2325 5800 bi
2350 5743 2561 5817 quidem
2591 5744 2644 5800 in
2686 5742 3003 5800 sublimibus
3032 5739 3277 5799 sedentes
3302 5732 3447 5792 navis
3464 5728 3623 5786 ιαυυιι
