3738 6274
32 239 111 297 ιεδ
1007 236 1093 294 DE
1131 235 1674 293 PROPHETIARUM
1713 235 2211 293 OBSCURITATE.
2256 238 2295 295 l.
3176 237 3286 298 164

1737 517 2648 529 ww”.-.
2666 517 3271 529 -ι-ῌ--ε-

46 519 2889 550 W—me—“WP'
2618 520 2629 525 “
2643 521 2648 525 “
2666 519 2889 527 -

1456 926 1853 989 MONITUM.

36 1241 375 1307 obscuritate,
404 1254 639 1295 numero
670 1239 725 1304 3,
756 1235 901 1290 dicat
929 1250 988 1290 se
1011 1246 1322 1288 sermonem
1352 1231 1420 1284 de
1446 1229 1808 1285 Melcliisedec
1838 1228 1893 1282 in
1938 1227 2170 1284 alterum
2213 1227 2357 1282 diem
2391 1229 2639 1300 rejicerc.
2671 1227 2746 1283 De
2775 1227 3131 1283 Melcliisedec
3159 1244 3289 1282 vero

32 1383 252 1453 pluribus
273 1382 394 1452 egit
426 1379 852 1450 Cbrysostomus
889 1375 945 1429 in
974 1372 1203 1428 Homilia
1231 1371 1462 1441 septima
1491 1376 1679 1423 contra
1715 1367 1956 1435 Judaaos,
1980 1366 2150 1423 Temo
2184 1366 2204 1420 l
2236 1387 2250 1421 :
2276 1342 2423 1421 unde
2447 1365 2601 1435 sequi
2626 1365 2902 1421 videretur
2928 1366 3069 1421 hanc
3101 1365 3273 1421 homi-

30 1520 151 1581 liam,
169 1516 476 1586 septimam
512 1522 704 1569 contra
727 1510 945 1566 Iudaeos
985 1505 1353 1579 praecessisse,
1378 1513 1541 1575 atque
1579 1502 1636 1558 in
1666 1519 1870 1558 annum
1900 1504 2004 1559 387
2038 1502 2461 1574 consignandam
2514 1517 2658 1560 esse.
2692 1501 2895 1560 Verum
2924 1514 3286 1577 praeterquam

26 1658 149 1727 quod
175 1655 391 1727 saepius
420 1652 489 1708 de
519 1647 882 1706 Melchisedec
910 1659 1220 1702 sermonem
1252 1642 1445 1698 habuit
1471 1641 1917 1715 Cbrysostomns,
1949 1642 2067 1698 hac
2089 1656 2213 1712 qua:
2240 1641 2295 1695 in
2321 1642 2470 1698 aliud
2510 1651 2725 1711 tempus
2753 1657 2814 1698 se
2846 1643 3126 1703 remittere
3157 1645 3294 1700 dicit

26 1796 464 1865 Cbrysostomus,
509 1785 880 1861 genealogiam
936 1783 1081 1839 illius
1116 1782 1235 1838 sine
1286 1790 1440 1853 patre
1480 1791 1537 1837 et
1558 1781 1676 1837 sine
1707 1790 1880 1835 matre
1910 1781 2253 1852 spectabant,
2282 1790 2343 1836 ut
2374 1797 2439 1837 ex
2473 1782 2615 1837 serie
2640 1783 2887 1855 arguitur
2916 1801 2930 1840 :
2969 1785 3023 1839 in
3050 1785 3288 1845 Homilia

20 1940 186 1983 autem
215 1926 314 1981 illa
340 1923 584 1996 septima
609 1929 803 1977 contra
829 1918 1067 1982 Judzeos,
1099 1918 1152 1972 id
1176 1931 1347 1971 unum
1382 1916 1579 1987 probat
1605 1916 1662 1971 S.
1690 1916 1904 1981 doctor,
1935 1916 2305 1971 sacerdotium
2339 1916 2471 1972 illud
2510 1918 2872 1978 Melchisedec
2920 1926 3278 1982 excellentius

24 2075 174 2129 fuisse
202 2069 528 2127 sacerdotio
553 2066 889 2124 Iudaeorum.
930 2059 1296 2130 Quamobrem
1326 2060 1466 2116 nihil
1494 2059 1621 2116 hinc
1645 2059 1831 2115 indicii
1859 2059 2128 2131 expiscari
2177 2075 2489 2131 possumus,
2523 2077 2632 2131 quo
2670 2061 2739 2118 de
2772 2078 2919 2120 anno
2943 2065 3146 2138 aliquid
3173 2079 3277 2125 sta-

26 2226 251 2270 luamus.

86 2353 192 2408 Has
221 2350 371 2405 duas
402 2345 702 2402 conciones
728 2318 873 2399 inter
904 2340 1276 2397 nobilissimas
1293 2351 1790 2394 commemoramus
1826 2355 1840 2391 :
1866 2336 1957 2392 llic
1985 2336 2155 2391 multa
2198 2336 2266 2391 ad
2288 2352 2501 2392 morum
2548 2338 2947 2394 institutionem
2978 2342 3236 2412 przcclara
3271 2361 3284 2398 :

22 2495 101 2553 hic
122 2494 348 2550 modum
378 2489 715 2564 precationis
742 2486 797 2543 in
823 2495 968 2544 cmtu
996 2484 1241 2541 ecclesiae
1267 2498 1365 2555 pro
1393 2482 1651 2553 episcopo
1677 2480 1851 2536 emitti
1877 2480 2051 2536 solitae
2083 2480 2440 2551 perspicimus
2474 2480 2529 2534 in
2559 2481 2823 2537 concione
2854 2482 2914 2547 2,
2937 2498 3091 2538 num.
3131 2484 3185 2539 5.
3221 2483 3279 2539 In

24 2645 278 2699 mione
311 2641 368 2705 1,
406 2653 564 2694 num.
605 2637 659 2703 ὅ,
686 2636 886 2691 Persas
914 2632 1197 2689 obsedisse
1230 2629 1621 2703 Jerosolymam
1655 2630 1809 2705 dicit,
1840 2630 1908 2685 de
1941 2627 2226 2684 obsidione
2278 2627 2511 2698 loquens
2563 2644 2725 2697 quam
2758 2628 3010 2685 Jeremia:
3041 2640 3291 2702 tempore

30 2780 366 2854 Babylonios,
406 2794 523 2834 non
551 2776 768 2842 Persas,
798 2774 1050 2847 posuisse
1077 2781 1289 2829 certum
1319 2781 1424 2829 est.
1472 2772 1541 2826 Et
1566 2780 1746 2826 tamen
1792 2771 1937 2825 inter
1962 2770 2246 2827 dubitandi
2274 2786 2469 2827 causas
2499 2786 2530 2826 a
2571 2770 2704 2827 viris
2732 2772 2908 2829 doctis
2936 2773 3128 2829 allatas
3158 2772 3286 2846 περὶ

34 2917 381 2985 munerato;
429 2911 759 2967 Sermonnm
787 2908 857 2965 de
884 2907 1218 2980 precatione,
1266 2906 1441 2962 Temo
1473 2905 1539 2973 ll,
1572 2921 1629 2977 p.
1683 2907 1812 2973 778,
1843 2907 1959 2963 haec
1984 2906 2209 2962 adertur
2237 2906 2383 2978 quod
2426 2914 2618 2962 auctor
2661 2907 2928 2964 horumce
2972 2922 3291 2966 sermonum

40 3052 501 3111 Sennacheribum
528 3046 735 3104 vocarit
762 3061 944 3119 regem
977 3045 1299 3110 Persarum;
1334 3043 1412 3097 illi
1439 3058 1568 3098 vero
1598 3042 1770 3113 probe
1811 3050 2043 3113 possunt
2086 3056 2152 3096 ex
2188 3041 2294 3097 hoc
2334 3040 2456 3097 loco
2486 3039 2779 3109 confutari,
2807 3056 3025 3098 necnon
3071 3058 3137 3100 ex
3166 3044 3293 3100 aliis

36 3194 147 3249 bene
163 3191 366 3247 multis
390 3189 485 3244 ubi
515 3184 840 3258 Babylonios
864 3194 921 3240 et
939 3183 1188 3257 Assyrios
1211 3182 1633 3255 Chrysostomus
1652 3182 1846 3237 Persas
1871 3190 2048 3237 vocat.

93 3330 284 3385 uarum
309 3324 648 3383 concionum
673 3321 1050 3394 interpretatio
1070 3320 1264 3376 Latina
1283 3326 1368 3375 est
1390 3316 1685 3374 Frontonis
1705 3317 1909 3383 Bucari,
1941 3333 2101 3389 quam
2124 3318 2331 3389 aliquot
2362 3318 2415 3373 in
2439 3316 2572 3373 locis
2601 3317 3006 3391 castigavimus.

48 4090 361 4162 Ἀπόδειξις
407 4092 514 4148 τοῦ
557 4093 867 4165 χρησίμως
895 4094 1002 4161 τὰς
1032 4092 1163 4163 περὶ
1197 4092 1454 4163 Χριστοῦ
1491 4091 1591 4145 καὶ
1662 4092 1853 4148 ἐθνῶν
1882 4093 1978 4149 καὶ
2024 4094 2134 4164 τῆς
2153 4093 2505 4160 ἐκπτώσεως
2570 4093 2864 4150 Ἰουδαίων
2908 4090 3278 4161 προφητείας

1461 4179 1717 4251 ἀσαφεῖς
1738 4178 1913 4235 εἶναι.

88 4582 153 4629 α’.
176 4576 541 4647 Προφητικὴν
565 4574 805 4646 σήμερον
829 4532 963 4645 ὑμῖν
990 4575 1313 4646 παραθεῖναι
1337 4576 1598 4650 βούλομαι

25 4661 294 4729 τράπεζαν
332 4660 431 4714 καὶ
464 4659 602 4731 πρὸς
630 4658 695 4711 τὸ
732 4659 970 4729 πέλαγος
992 4663 1095 4732 τῆς
1134 4661 1355 4718 Ἡσαΐου
1407 4664 1599 4732 σοφίας

24 4745 306 4813 ἐπαφεῖναι
320 4743 418 4798 τὸν
438 4744 599 4812 λόγον
612 4744 1126 4816 παρασκευάζομαι.
1157 4745 1317 4800 Ἀλλὰ
1331 4746 1385 4799 τί
1405 4746 1564 4801 πάθω
1580 4764 1599 4812 3

1698 4577 1809 4632 τῶν
1835 4580 2048 4635 ναυτῶν
2075 4583 2300 4652 γυμνοῖς
2315 4583 2429 4646 τοῖς
2447 4580 2663 4654 σώμασι
2677 4580 2975 4636 κυὸιστῶσι
3005 4582 3145 4638 κατά
3165 4582 3279 4637 τῶν

1700 4663 1979 4733 κυμάτων,
2009 4665 2103 4718 καὶ
2130 4665 2285 4719 οὐδὲν
2304 4666 2574 4738 πάσχουσι
2595 4666 2853 4729 τοιοῦτον,
2882 4665 3020 4720 άλλά
3047 4666 3183 4738 πρὸς
3212 4668 3278 4719 τὸ

1702 4744 1863 4817 βάθος
1891 4745 2228 4811 καταϐάντες
2257 4748 2387 4801 αὐτὸ
2406 4787 2421 4811 ,
2450 4749 2560 4801 τῶν
2592 4750 2651 4802 ἐν
2682 4748 2869 4817 ἐδάφει
2905 4747 3278 4817 διαιτωμένων

34 4825 200 4882 Ὀκνῶ
223 4830 321 4883 καὶ
349 4826 601 4892 δέδοικα,
630 4827 706 4898 μή
740 4843 871 4881 ποτε
911 4827 1005 4882 τὸν
1036 4827 1228 4900 λιμένα
1261 4828 1597 4894 ἐξελθόντες,

24 4910 113 4963 καὶ
140 4911 281 4983 πρὸς
324 4907 390 4963 τὸ
423 4908 588 4978 βάθος
615 4910 1051 4979 καταντήσαντες
1086 4909 1199 4965 τῶν
1244 4911 1599 4984 προφητικῶν

26 4995 339 5063 νοημάτων,
386 4991 778 5063 ἱλιγγιάσωμεν
804 5010 819 5023 ο
866 4993 1003 5065 ὅπερ
1046 4993 1347 5064 πάσχουσιν
1398 4995 1449 5049 οἱ
1492 4994 1601 5050 τῶν

30 5077 322 5149 πλωτήρων
351 5076 565 5149 ἀήθεις.
592 5074 703 5129 Καὶ
727 5075 838 5149 γάρ
872 5076 1091 5142 ἐκεῖνοι,
1121 5077 1343 5131 ἐπειδάν
1372 5077 1471 5149 τὴν
1496 5080 1602 5151 γῆν

32 5162 241 5225 ἀςὲ-ίτες
263 5161 325 5225 ἐξ
360 5158 622 5229 ἐκατέρου
661 5158 859 5230 μέρους
885 5158 984 5230 τῆς
1007 5158 1135 5229 νηὸς
1162 5160 1398 5230 πέλαγος
1426 5161 1598 5227 ἴδωσι,

32 5242 112 5292 ul
149 5244 306 5296 οὐδὲν
368 5242 593 5313 ἕτερον,
641 5241 760 5295 ἀλλ’
814 5242 847 5313 ἢ
890 5241 1157 5295 θάλατταν
1203 5243 1298 5297 καὶ
1338 5243 1598 5315 οὐρανὸν,

38 5326 314 5396 σκοτοδινίη)
402 5324 751 5394 κατέχονται,
780 5322 875 5377 καὶ
914 5325 1306 5397 περιφέρεσθαι
1337 5326 1397 5379 τὸ
1420 5326 1603 5380 πλοῖον

36 5408 195 5473 αὐτοῖς
224 5408 422 5479 κύκλῳ
451 5408 730 5480 νομιζουσι
764 5408 902 5479 μετὰ
931 5409 1031 5480 τῆς
1056 5410 1344 5481 θαλάττης.
1372 5411 1512 5465 Ἀλλ’
1540 5413 1600 5465 οὐ

38 5494 165 5559 παρὰ
188 5493 293 5563 τὴν
325 5492 499 5561 φύσιν
526 5492 627 5562 τῆς
654 5490 944 5562 θαλάττης,
980 5491 1117 5546 ἀλλὰ
1145 5493 1295 5564 παρὰ
1324 5493 1422 5566 τὴν
1446 5495 1602 5548 ἀπει-

44 5576 143 5639 piri
166 5577 282 5630 τῶν
314 5576 593 5631 πλεόντων
632 5577 683 5629 οἱ
719 5573 918 5645 ῐλιγγοι
951 5577 1224 5645 γίνονταν
1254 5577 1433 5650 ἕτεροι
1474 5578 1604 5647 γοῦν

86 5754 104 5778 ³
117 5751 226 5802 Iss.
240 5754 410 5817 σκότῳ
420 5753 638 5815 δεινις»,ει
648 5752 718 5803 sic
727 5764 889 5815 supra,
900 5750 1105 5815 ρ.158,Ᾱ
1117 5755 1370 5820 ,srparatis
1382 5752 1599 5805 vocibus.

1701 4827 2107 4899 ἀσφαλέστερον
2146 4829 2496 4902 διατρίϐουσι,
2530 4831 2625 4884 καὶ
2650 4829 2728 4901 τῷ
2767 4830 3014 4900 στόματι,
3044 4829 3275 4892 καὶτοῖς

1700 4909 2017 4981 ὀφθαλμοῖς,
2063 4912 2157 4965 καὶ
2182 4913 2344 4966 παντὶ
2368 4912 2446 4984 τῷ
2487 4911 2699 4984 σώματι
2744 4911 3017 4983 δεχόμενοι
3046 4911 3147 4983 τὴν
3177 4910 3275 4966 άλ-

1704 5011 1832 5065 μην,
1862 4995 1925 5047 οὗ
1947 4995 2373 5067 δυσχεραίνουσι.
2405 4996 2674 5050 Τοσοῦτον
2699 4996 2814 5049 ἐστι
2849 4995 3045 5067 μελέτη
3079 4996 3274 5059 καλὸν,

1698 5076 1941 5132 τοιοῦτόν
1960 5078 2108 5132 ἐστιν
2126 5078 2354 5151 άπειρια
2368 5078 2560 5134 κακόν*
2582 5079 2755 5144 οὕτως
2774 5078 2913 5149 αὕτη
2939 5080 3033 5132 καὶ
3051 5078 3159 5132 τῶν
3183 5098 3277 5149 φο-

1704 5160 1881 5233 ϐερῶν
1902 5166 2261 5235 καταφρονεϊν
2298 5162 2495 5229 πείθει,
2520 5163 2702 5235 εκείνη
2735 5162 2791 5217 δὲ
2825 5164 2920 5217 καὶ
2956 5162 3025 5216 τά
3060 5163 3275 5233 ἀσφαλῆ

1706 5244 2030 5301 ὑποπτεύειν
2052 5247 2146 5301 καὶ
2168 5246 2461 5302 δεδοικέναι
2487 5244 2920 5320 παρασκευάζει.
2953 5248 3017 5301 0i
3051 5247 3149 5317 μὲν
3167 5247 3277 5316 γὰρ

1703 5327 1789 5397 ἐφ’
1818 5328 2038 5400 ὑψηλῶν
2055 5329 2164 5386 τῶν
2183 5330 2374 5403 ἰκρίων
2402 5328 2703 5402 καθήμενοι
2734 5330 2837 5401 τῆς
2863 5331 3010 5402 νηὸς,
3029 5331 3276 5400 καὶπρὸς

1702 5411 1803 5482 τὴν
1843 5411 1972 5466 θέαν
2006 5412 2329 5483 ἰλιγγιῶσιν·
2359 5415 2410 5468 oi
2442 5414 2500 5468 δὲ
2526 5414 2648 5469 οὐδὲ
2677 5414 2737 5467 ὲν
2765 5414 2948 5484 μέσοις
2985 5412 3276 5481 θορυϐοῦν-

1708 5509 1797 5547 ται
1829 5496 1945 5557 τοῖς
1970 5494 2199 5566 κύμασι.
2234 5497 2403 5552 Τοῦτο
2428 5498 2523 5553 καὶ
2557 5498 2652 5551 ἐπὶ
2678 5495 3039 5567 τῆςδιανοίας
3068 5493 3277 5561 γίνεται

1703 5578 1802 5647 τῆς
1828 5577 2124 5649 ἡμετέρας·
2168 5578 2265 5633 καὶ
2309 5580 2417 5653 γάρ
2451 5581 2546 5634 καὶ
2572 5576 2777 5650 ταύτην
2816 5577 3073 5639 πολλάκις
3102 5589 3273 5629 κατα-

1704 5659 1969 5731 λαμϐάνει
1998 5660 2218 5734 κύματα
2248 5666 2435 5720 παθῶν
2467 5665 2578 5720 τῶν
2601 5662 2899 5719 θαλαττίων
2928 5657 3271 5731 ἀγριώτερα,

1708 5737 1815 5797 οἷον
1860 5743 1995 5818 ζάλη
2032 5746 2205 5819 θυμοῦ
2232 5749 2473 5805 κάτωθεν
2520 5748 2826 5821 στρέφουσα
2863 5743 2964 5814 τὴν
3010 5742 3270 5810 καρδίαν.
