  <div class='ocr_page' id='page_1' title='image "/cluster/home/n/w/nwhite01/storage/ocr_20150623/56/hvd.32044019304435/165.png"; bbox 0 0 3738 6274; ppageno 0'>
   <div class='ocr_carea' id='block_1_1' title="bbox 473 252 577 313">
    <p class='ocr_par' dir='ltr' id='par_1_1' title="bbox 473 252 577 313">
     <span class='ocr_line' id='line_1_1' title="bbox 473 252 577 313; baseline -0.048 0"><span class='ocrx_word' id='word_1_1' title='bbox 473 252 577 313; x_wconf 74' lang='grc'>165</span> 
     </span>
    </p>
   </div>
   <div class='ocr_carea' id='block_1_2' title="bbox 470 332 2042 441">
    <p class='ocr_par' dir='ltr' id='par_1_2' title="bbox 470 332 2042 441">
     <span class='ocr_line' id='line_1_2' title="bbox 470 332 2042 441; baseline -0.028 -14"><span class='ocrx_word' id='word_1_2' title='bbox 470 370 757 441; x_wconf 87' lang='grc' dir='ltr'>πνεύματα</span> <span class='ocrx_word' id='word_1_3' title='bbox 774 358 1062 431; x_wconf 77' lang='grc' dir='ltr'>ἐπιθυμίας</span> <span class='ocrx_word' id='word_1_4' title='bbox 1087 353 1325 425; x_wconf 78' lang='grc' dir='ltr'>πονηρᾶς</span> <span class='ocrx_word' id='word_1_5' title='bbox 1349 348 1547 418; x_wconf 80' lang='grc' dir='ltr'>πολλὴν</span> <span class='ocrx_word' id='word_1_6' title='bbox 1576 340 1951 441; x_wconf 35' lang='grc' dir='ltr'>ἐμποιοῦνταξ</span> <span class='ocrx_word' id='word_1_7' title='bbox 1973 332 2042 399; x_wconf 83' lang='grc' dir='ltr'>τῇ</span> 
     </span>
    </p>
   </div>
   <div class='ocr_carea' id='block_1_3' title="bbox 470 431 2039 531">
    <p class='ocr_par' dir='ltr' id='par_1_3' title="bbox 470 431 2039 531">
     <span class='ocr_line' id='line_1_3' title="bbox 470 431 2039 531; baseline -0.023 -14"><span class='ocrx_word' id='word_1_8' title='bbox 470 431 677 531; x_wconf 64' lang='grc' dir='ltr'>διανοίᾳ.</span> <span class='ocrx_word' id='word_1_9' title='bbox 703 458 801 528; x_wconf 81' lang='grc' dir='ltr'>τὴν</span> <span class='ocrx_word' id='word_1_10' title='bbox 834 453 1108 522; x_wconf 86' lang='grc' dir='ltr'>σύγχυσιν.</span> <span class='ocrx_word' id='word_1_11' title='bbox 1163 444 1299 499; x_wconf 79' lang='grc' dir='ltr'>Ἀλλ’</span> <span class='ocrx_word' id='word_1_12' title='bbox 1337 444 1366 495; x_wconf 99' lang='lat'>6</span> <span class='ocrx_word' id='word_1_13' title='bbox 1396 441 1494 513; x_wconf 82' lang='grc' dir='ltr'>μὲν</span> <span class='ocrx_word' id='word_1_14' title='bbox 1531 439 1753 508; x_wconf 78' lang='grc' dir='ltr'>ἄπειρος</span> <span class='ocrx_word' id='word_1_15' title='bbox 1777 431 2039 531; x_wconf 40' lang='grc' dir='ltr'>καὶ-ἀμε-</span> 
     </span>
    </p>
   </div>
   <div class='ocr_carea' id='block_1_4' title="bbox 470 523 2044 622">
    <p class='ocr_par' dir='ltr' id='par_1_4' title="bbox 470 523 2044 622">
     <span class='ocr_line' id='line_1_4' title="bbox 470 523 2044 622; baseline -0.022 -12"><span class='ocrx_word' id='word_1_16' title='bbox 470 523 714 622; x_wconf 70' lang='grc' dir='ltr'>λέτητος,</span> <span class='ocrx_word' id='word_1_17' title='bbox 745 523 1046 619; x_wconf 81' lang='grc' dir='ltr'>ἀρχομένου</span> <span class='ocrx_word' id='word_1_18' title='bbox 1070 539 1163 593; x_wconf 88' lang='grc' dir='ltr'>τοῦ</span> <span class='ocrx_word' id='word_1_19' title='bbox 1193 534 1457 609; x_wconf 88' lang='grc' dir='ltr'>χειμῶνος</span> <span class='ocrx_word' id='word_1_20' title='bbox 1485 532 1585 601; x_wconf 75' lang='grc' dir='ltr'>τῆς</span> <span class='ocrx_word' id='word_1_21' title='bbox 1606 529 1796 600; x_wconf 81' lang='grc' dir='ltr'>ὀργῆς,</span> <span class='ocrx_word' id='word_1_22' title='bbox 1842 523 2044 586; x_wconf 80' lang='grc' dir='ltr'>εὐθέως</span> 
     </span>
    </p>
   </div>
   <div class='ocr_carea' id='block_1_5' title="bbox 473 619 2047 720">
    <p class='ocr_par' dir='ltr' id='par_1_5' title="bbox 473 619 2047 720">
     <span class='ocr_line' id='line_1_5' title="bbox 473 619 2047 720; baseline -0.022 -18"><span class='ocrx_word' id='word_1_23' title='bbox 473 647 486 720; x_wconf 87' lang='lat'><strong>|</strong></span> <span class='ocrx_word' id='word_1_24' title='bbox 505 619 626 716; x_wconf 58' lang='grc'><strong>169]</strong></span> <span class='ocrx_word' id='word_1_25' title='bbox 641 640 969 713; x_wconf 90' lang='grc' dir='ltr'>θορυϐεῖται,</span> <span class='ocrx_word' id='word_1_26' title='bbox 986 634 1329 704; x_wconf 84' lang='grc' dir='ltr'>ταράττεται,</span> <span class='ocrx_word' id='word_1_27' title='bbox 1349 627 1637 685; x_wconf 86' lang='grc' dir='ltr'>κλονεῖται,</span> <span class='ocrx_word' id='word_1_28' title='bbox 1656 619 1888 691; x_wconf 83' lang='grc' dir='ltr'>περιορᾷ</span> <span class='ocrx_word' id='word_1_29' title='bbox 1907 633 2047 720; x_wconf 45' lang='grc' dir='ltr'>γινοῖ</span> 
     </span>
    </p>
   </div>
   <div class='ocr_carea' id='block_1_6' title="bbox 480 706 2047 809">
    <p class='ocr_par' dir='ltr' id='par_1_6' title="bbox 480 706 2047 809">
     <span class='ocr_line' id='line_1_6' title="bbox 480 706 2047 809; baseline -0.021 -18"><span class='ocrx_word' id='word_1_30' title='bbox 480 706 646 809; x_wconf 60' lang='grc' dir='ltr'>μένην</span> <span class='ocrx_word' id='word_1_31' title='bbox 681 706 1009 802; x_wconf 68' lang='grc' dir='ltr'>ὑποϐρύχιον</span> <span class='ocrx_word' id='word_1_32' title='bbox 1040 724 1138 795; x_wconf 84' lang='grc' dir='ltr'>τὴν</span> <span class='ocrx_word' id='word_1_33' title='bbox 1175 721 1353 791; x_wconf 80' lang='grc' dir='ltr'>ψυχὴν</span> <span class='ocrx_word' id='word_1_34' title='bbox 1386 716 1489 770; x_wconf 77' lang='grc' dir='ltr'>ὑπὸ</span> <span class='ocrx_word' id='word_1_35' title='bbox 1527 713 1637 767; x_wconf 87' lang='grc' dir='ltr'>τῶν</span> <span class='ocrx_word' id='word_1_36' title='bbox 1684 710 1904 771; x_wconf 90' lang='grc' dir='ltr'>παθῶν,</span> <span class='ocrx_word' id='word_1_37' title='bbox 1952 706 2047 759; x_wconf 77' lang='grc' dir='ltr'>καὶ</span> 
     </span>
    </p>
   </div>
   <div class='ocr_carea' id='block_1_7' title="bbox 475 801 2048 896">
    <p class='ocr_par' dir='ltr' id='par_1_7' title="bbox 475 801 2048 896">
     <span class='ocr_line' id='line_1_7' title="bbox 475 801 2048 896; baseline -0.022 -11"><span class='ocrx_word' id='word_1_38' title='bbox 475 801 732 896; x_wconf 79' lang='grc' dir='ltr'>ναυάγιον</span> <span class='ocrx_word' id='word_1_39' title='bbox 765 822 1156 893; x_wconf 76' lang='grc' dir='ltr'>ὑπομένουσανο</span> <span class='ocrx_word' id='word_1_40' title='bbox 1185 816 1213 867; x_wconf 91' lang='lat'>6</span> <span class='ocrx_word' id='word_1_41' title='bbox 1244 813 1300 867; x_wconf 82' lang='grc' dir='ltr'>δὲ</span> <span class='ocrx_word' id='word_1_42' title='bbox 1328 812 1589 882; x_wconf 78' lang='grc' dir='ltr'>ἔμπειρος</span> <span class='ocrx_word' id='word_1_43' title='bbox 1627 805 1720 860; x_wconf 68' lang='grc' dir='ltr'>καί⁵</span> <span class='ocrx_word' id='word_1_44' title='bbox 1751 801 2048 896; x_wconf 79' lang='grc' dir='ltr'>μεμελετη-</span> 
     </span>
    </p>
   </div>
   <div class='ocr_carea' id='block_1_8' title="bbox 476 894 2052 985">
    <p class='ocr_par' dir='ltr' id='par_1_8' title="bbox 476 894 2052 985">
     <span class='ocr_line' id='line_1_8' title="bbox 476 894 2052 985; baseline -0.021 -8"><span class='ocrx_word' id='word_1_45' title='bbox 476 921 589 985; x_wconf 86' lang='grc' dir='ltr'>κὼς</span> <span class='ocrx_word' id='word_1_46' title='bbox 619 894 689 973; x_wconf 82' lang='grc' dir='ltr'>τὰ</span> <span class='ocrx_word' id='word_1_47' title='bbox 719 916 942 971; x_wconf 86' lang='grc' dir='ltr'>τοιαῦτα</span> <span class='ocrx_word' id='word_1_48' title='bbox 967 912 1150 981; x_wconf 85' lang='grc' dir='ltr'>φέρειν</span> <span class='ocrx_word' id='word_1_49' title='bbox 1183 904 1465 976; x_wconf 76' lang='grc' dir='ltr'>γενναίως,</span> <span class='ocrx_word' id='word_1_50' title='bbox 1512 900 1760 970; x_wconf 88' lang='grc' dir='ltr'>καθάπερ</span> <span class='ocrx_word' id='word_1_51' title='bbox 1791 894 2052 965; x_wconf 86' lang='grc' dir='ltr'>κυϐερνή-</span> 
     </span>
    </p>
   </div>
   <div class='ocr_carea' id='block_1_9' title="bbox 476 987 2049 1084">
    <p class='ocr_par' dir='ltr' id='par_1_9' title="bbox 476 987 2049 1084">
     <span class='ocr_line' id='line_1_9' title="bbox 476 987 2049 1084; baseline -0.018 -17"><span class='ocrx_word' id='word_1_52' title='bbox 476 1031 580 1084; x_wconf 88' lang='grc' dir='ltr'>την</span> <span class='ocrx_word' id='word_1_53' title='bbox 619 1012 710 1067; x_wconf 71' lang='grc' dir='ltr'>ἐπὶ</span> <span class='ocrx_word' id='word_1_54' title='bbox 742 1009 851 1062; x_wconf 87' lang='grc' dir='ltr'>τῶν</span> <span class='ocrx_word' id='word_1_55' title='bbox 877 1006 1097 1064; x_wconf 87' lang='grc' dir='ltr'>οἰάκων,</span> <span class='ocrx_word' id='word_1_56' title='bbox 1132 998 1274 1053; x_wconf 83' lang='grc' dir='ltr'>οῦτω</span> <span class='ocrx_word' id='word_1_57' title='bbox 1302 996 1393 1050; x_wconf 80' lang='grc' dir='ltr'>τὸν</span> <span class='ocrx_word' id='word_1_58' title='bbox 1419 992 1678 1064; x_wconf 81' lang='grc' dir='ltr'>λογισμὸν</span> <span class='ocrx_word' id='word_1_59' title='bbox 1720 990 1903 1045; x_wconf 84' lang='grc' dir='ltr'>ἐπάνω</span> <span class='ocrx_word' id='word_1_60' title='bbox 1939 987 2049 1040; x_wconf 87' lang='grc' dir='ltr'>τῶν</span> 
     </span>
    </p>
   </div>
   <div class='ocr_carea' id='block_1_10' title="bbox 478 1079 2046 1165">
    <p class='ocr_par' dir='ltr' id='par_1_10' title="bbox 478 1079 2046 1165">
     <span class='ocr_line' id='line_1_10' title="bbox 478 1079 2046 1165; baseline -0.02 -3"><span class='ocrx_word' id='word_1_61' title='bbox 478 1106 667 1161; x_wconf 82' lang='grc' dir='ltr'>παθῶν</span> <span class='ocrx_word' id='word_1_62' title='bbox 684 1102 933 1162; x_wconf 81' lang='grc' dir='ltr'>καθίσας,</span> <span class='ocrx_word' id='word_1_63' title='bbox 960 1098 1021 1150; x_wconf 82' lang='grc' dir='ltr'>οὐ</span> <span class='ocrx_word' id='word_1_64' title='bbox 1047 1094 1310 1165; x_wconf 83' lang='grc' dir='ltr'>πρότερον</span> <span class='ocrx_word' id='word_1_65' title='bbox 1338 1088 1630 1157; x_wconf 78' lang='grc' dir='ltr'>ἀφίσταται</span> <span class='ocrx_word' id='word_1_66' title='bbox 1655 1085 1831 1138; x_wconf 86' lang='grc' dir='ltr'>πάντα</span> <span class='ocrx_word' id='word_1_67' title='bbox 1858 1079 2046 1141; x_wconf 87' lang='grc' dir='ltr'>ποιῶν,</span> 
     </span>
    </p>
   </div>
   <div class='ocr_carea' id='block_1_11' title="bbox 478 1174 2052 1264">
    <p class='ocr_par' dir='ltr' id='par_1_11' title="bbox 478 1174 2052 1264">
     <span class='ocr_line' id='line_1_11' title="bbox 478 1174 2052 1264; baseline -0.02 -8"><span class='ocrx_word' id='word_1_68' title='bbox 478 1204 585 1264; x_wconf 78' lang='grc' dir='ltr'>ἓως</span> <span class='ocrx_word' id='word_1_69' title='bbox 616 1200 681 1253; x_wconf 78' lang='grc' dir='ltr'>ἂν</span> <span class='ocrx_word' id='word_1_70' title='bbox 704 1192 1004 1263; x_wconf 85' lang='grc' dir='ltr'>κατευθύνῃ</span> <span class='ocrx_word' id='word_1_71' title='bbox 1037 1189 1097 1243; x_wconf 82' lang='grc' dir='ltr'>τὸ</span> <span class='ocrx_word' id='word_1_72' title='bbox 1132 1186 1337 1255; x_wconf 82' lang='grc' dir='ltr'>σκάφος</span> <span class='ocrx_word' id='word_1_73' title='bbox 1370 1180 1505 1254; x_wconf 77' lang='grc' dir='ltr'>πρὸς</span> <span class='ocrx_word' id='word_1_74' title='bbox 1534 1180 1623 1233; x_wconf 76' lang='grc' dir='ltr'>τὸν</span> <span class='ocrx_word' id='word_1_75' title='bbox 1645 1176 1817 1230; x_wconf 80' lang='grc' dir='ltr'>εῦδιον</span> <span class='ocrx_word' id='word_1_76' title='bbox 1840 1174 1941 1242; x_wconf 84' lang='grc' dir='ltr'>τῆς</span> <span class='ocrx_word' id='word_1_77' title='bbox 1964 1191 2052 1242; x_wconf 88' lang='grc' dir='ltr'>φι-</span> 
     </span>
    </p>
   </div>
   <div class='ocr_carea' id='block_1_12' title="bbox 481 1265 2051 1359">
    <p class='ocr_par' dir='ltr' id='par_1_12' title="bbox 481 1265 2051 1359">
     <span class='ocr_line' id='line_1_12' title="bbox 481 1265 2051 1359; baseline -0.02 -12"><span class='ocrx_word' id='word_1_78' title='bbox 481 1291 734 1359; x_wconf 82' lang='grc' dir='ltr'>λοσοφίας</span> <span class='ocrx_word' id='word_1_79' title='bbox 756 1285 968 1357; x_wconf 89' lang='grc' dir='ltr'>λιμένα.</span> <span class='ocrx_word' id='word_1_80' title='bbox 1002 1283 1181 1349; x_wconf 83' lang='grc' dir='ltr'>Ὅπερ</span> <span class='ocrx_word' id='word_1_81' title='bbox 1224 1273 1316 1331; x_wconf 80' lang='grc' dir='ltr'>οὖν</span> <span class='ocrx_word' id='word_1_82' title='bbox 1364 1275 1456 1328; x_wconf 74' lang='grc' dir='ltr'>ἐπὶ</span> <span class='ocrx_word' id='word_1_83' title='bbox 1476 1274 1573 1343; x_wconf 81' lang='grc' dir='ltr'>τῆς</span> <span class='ocrx_word' id='word_1_84' title='bbox 1602 1270 1868 1338; x_wconf 79' lang='grc' dir='ltr'>θαλάττης</span> <span class='ocrx_word' id='word_1_85' title='bbox 1904 1265 2051 1334; x_wconf 84' lang='grc' dir='ltr'>γίνε-</span> 
     </span>
    </p>
   </div>
   <div class='ocr_carea' id='block_1_13' title="bbox 482 1359 2051 1448">
    <p class='ocr_par' dir='ltr' id='par_1_13' title="bbox 482 1359 2051 1448">
     <span class='ocr_line' id='line_1_13' title="bbox 482 1359 2051 1448; baseline -0.019 -10"><span class='ocrx_word' id='word_1_86' title='bbox 482 1402 595 1447; x_wconf 89' lang='grc' dir='ltr'>ται,</span> <span class='ocrx_word' id='word_1_87' title='bbox 617 1383 713 1436; x_wconf 72' lang='grc' dir='ltr'>καὶ</span> <span class='ocrx_word' id='word_1_88' title='bbox 740 1380 834 1432; x_wconf 87' lang='grc' dir='ltr'>ἐπί</span> <span class='ocrx_word' id='word_1_89' title='bbox 857 1378 957 1448; x_wconf 82' lang='grc' dir='ltr'>τῆς</span> <span class='ocrx_word' id='word_1_90' title='bbox 982 1371 1218 1435; x_wconf 76' lang='grc' dir='ltr'>διανοίας</span> <span class='ocrx_word' id='word_1_91' title='bbox 1258 1367 1566 1440; x_wconf 83' lang='grc' dir='ltr'>συμϐαίνει.</span> <span class='ocrx_word' id='word_1_92' title='bbox 1594 1362 1751 1416; x_wconf 89' lang='grc' dir='ltr'>τοῦτο</span> <span class='ocrx_word' id='word_1_93' title='bbox 1771 1361 1865 1413; x_wconf 74' lang='grc' dir='ltr'>καὶ</span> <span class='ocrx_word' id='word_1_94' title='bbox 1892 1359 1950 1411; x_wconf 82' lang='grc' dir='ltr'>ἐν</span> <span class='ocrx_word' id='word_1_95' title='bbox 1987 1359 2051 1427; x_wconf 78' lang='grc' dir='ltr'>τῇ</span> 
     </span>
    </p>
   </div>
   <div class='ocr_carea' id='block_1_14' title="bbox 487 1450 2054 1546">
    <p class='ocr_par' dir='ltr' id='par_1_14' title="bbox 487 1450 2054 1546">
     <span class='ocr_line' id='line_1_14' title="bbox 487 1450 2054 1546; baseline -0.019 -15"><span class='ocrx_word' id='word_1_96' title='bbox 487 1476 744 1546; x_wconf 77' lang='grc' dir='ltr'>ἐξηγήσει</span> <span class='ocrx_word' id='word_1_97' title='bbox 780 1474 887 1526; x_wconf 81' lang='grc' dir='ltr'>τῶν</span> <span class='ocrx_word' id='word_1_98' title='bbox 925 1465 1156 1541; x_wconf 83' lang='grc' dir='ltr'>Γραφῶν</span> <span class='ocrx_word' id='word_1_99' title='bbox 1198 1460 1515 1532; x_wconf 70' lang='grc' dir='ltr'>συμπίπτεν</span> <span class='ocrx_word' id='word_1_100' title='bbox 1550 1456 1760 1525; x_wconf 82' lang='grc' dir='ltr'>ἀνάγκη</span> <span class='ocrx_word' id='word_1_101' title='bbox 1805 1450 2054 1546; x_wconf 83' lang='grc' dir='ltr'>θορυϐεῖ-</span> 
     </span>
    </p>
   </div>
   <div class='ocr_carea' id='block_1_15' title="bbox 464 1542 2057 1637">
    <p class='ocr_par' dir='ltr' id='par_1_15' title="bbox 464 1542 2057 1637">
     <span class='ocr_line' id='line_1_15' title="bbox 464 1542 2057 1637; baseline -0.019 -13"><span class='ocrx_word' id='word_1_102' title='bbox 464 1542 1057 1637; x_wconf 40' lang='grc' dir='ltr'>,σθαιξταράττεσθαμ</span> <span class='ocrx_word' id='word_1_103' title='bbox 1097 1556 1316 1611; x_wconf 84' lang='grc' dir='ltr'>ἐπειδάν</span> <span class='ocrx_word' id='word_1_104' title='bbox 1346 1552 1650 1622; x_wconf 76' lang='grc' dir='ltr'>ἐξέλθωμεν</span> <span class='ocrx_word' id='word_1_105' title='bbox 1680 1549 1758 1611; x_wconf 89' lang='grc' dir='ltr'>εἰς</span> <span class='ocrx_word' id='word_1_106' title='bbox 1793 1546 1855 1599; x_wconf 79' lang='grc' dir='ltr'>τὸ</span> <span class='ocrx_word' id='word_1_107' title='bbox 1891 1542 2057 1597; x_wconf 65' lang='grc' dir='ltr'>πέλα-</span> 
     </span>
    </p>
   </div>
   <div class='ocr_carea' id='block_1_16' title="bbox 488 1638 2058 1731">
    <p class='ocr_par' dir='ltr' id='par_1_16' title="bbox 488 1638 2058 1731">
     <span class='ocr_line' id='line_1_16' title="bbox 488 1638 2058 1731; baseline -0.018 -15"><span class='ocrx_word' id='word_1_108' title='bbox 488 1680 603 1731; x_wconf 90' lang='grc' dir='ltr'>γος,</span> <span class='ocrx_word' id='word_1_109' title='bbox 624 1659 723 1713; x_wconf 82' lang='grc' dir='ltr'>οὐκ</span> <span class='ocrx_word' id='word_1_110' title='bbox 746 1655 931 1725; x_wconf 83' lang='grc' dir='ltr'>ἐπειδὴ</span> <span class='ocrx_word' id='word_1_111' title='bbox 956 1653 1016 1707; x_wconf 82' lang='grc' dir='ltr'>τὸ</span> <span class='ocrx_word' id='word_1_112' title='bbox 1036 1650 1268 1717; x_wconf 87' lang='grc' dir='ltr'>πέλαγος</span> <span class='ocrx_word' id='word_1_113' title='bbox 1290 1646 1538 1717; x_wconf 78' lang='grc' dir='ltr'>φοϐερὸν,</span> <span class='ocrx_word' id='word_1_114' title='bbox 1555 1643 1667 1696; x_wconf 84' lang='grc' dir='ltr'>ἀλλ’</span> <span class='ocrx_word' id='word_1_115' title='bbox 1693 1639 1877 1709; x_wconf 81' lang='grc' dir='ltr'>ἐπειδὴ</span> <span class='ocrx_word' id='word_1_116' title='bbox 1896 1638 2058 1731; x_wconf 82' lang='grc' dir='ltr'>ἡμεῖς</span> 
     </span>
    </p>
   </div>
   <div class='ocr_carea' id='block_1_17' title="bbox 487 1730 2058 1817">
    <p class='ocr_par' dir='ltr' id='par_1_17' title="bbox 487 1730 2058 1817">
     <span class='ocr_line' id='line_1_17' title="bbox 487 1730 2058 1817; baseline -0.017 -9"><span class='ocrx_word' id='word_1_117' title='bbox 487 1730 537 1809; x_wconf 88' lang='grc' dir='ltr'>οἰ</span> <span class='ocrx_word' id='word_1_118' title='bbox 582 1751 833 1813; x_wconf 84' lang='grc' dir='ltr'>πλέοντες</span> <span class='ocrx_word' id='word_1_119' title='bbox 876 1746 1110 1817; x_wconf 76' lang='grc' dir='ltr'>ἄπειροι.</span> <span class='ocrx_word' id='word_1_120' title='bbox 1152 1739 1269 1795; x_wconf 85' lang='grc' dir='ltr'>Ὀτι</span> <span class='ocrx_word' id='word_1_121' title='bbox 1301 1737 1409 1809; x_wconf 85' lang='grc' dir='ltr'>γὰρ</span> <span class='ocrx_word' id='word_1_122' title='bbox 1439 1738 1604 1798; x_wconf 74' lang='grc' dir='ltr'>ἐστιν,</span> <span class='ocrx_word' id='word_1_123' title='bbox 1653 1732 1871 1787; x_wconf 75' lang='grc' dir='ltr'>εὔκολον</span> <span class='ocrx_word' id='word_1_124' title='bbox 1900 1730 2058 1801; x_wconf 90' lang='grc' dir='ltr'>φύσει</span> 
     </span>
    </p>
   </div>
   <div class='ocr_carea' id='block_1_18' title="bbox 488 1824 2060 1913">
    <p class='ocr_par' dir='ltr' id='par_1_18' title="bbox 488 1824 2060 1913">
     <span class='ocr_line' id='line_1_18' title="bbox 488 1824 2060 1913; baseline -0.014 -14"><span class='ocrx_word' id='word_1_125' title='bbox 488 1846 647 1913; x_wconf 89' lang='grc' dir='ltr'>λόγον</span> <span class='ocrx_word' id='word_1_126' title='bbox 695 1831 856 1903; x_wconf 75' lang='grc' dir='ltr'>ὄντα,</span> <span class='ocrx_word' id='word_1_127' title='bbox 896 1835 1151 1892; x_wconf 90' lang='grc' dir='ltr'>δύσκολον</span> <span class='ocrx_word' id='word_1_128' title='bbox 1188 1830 1441 1901; x_wconf 86' lang='grc' dir='ltr'>γενέσθαι</span> <span class='ocrx_word' id='word_1_129' title='bbox 1484 1827 1636 1898; x_wconf 88' lang='grc' dir='ltr'>παρά</span> <span class='ocrx_word' id='word_1_130' title='bbox 1678 1827 1777 1897; x_wconf 85' lang='grc' dir='ltr'>τὴν</span> <span class='ocrx_word' id='word_1_131' title='bbox 1806 1824 2060 1896; x_wconf 81' lang='grc' dir='ltr'>ἀπειρίαν</span> 
     </span>
    </p>
   </div>
   <div class='ocr_carea' id='block_1_19' title="bbox 489 1917 2058 1995">
    <p class='ocr_par' dir='ltr' id='par_1_19' title="bbox 489 1917 2058 1995">
     <span class='ocr_line' id='line_1_19' title="bbox 489 1917 2058 1995; baseline -0.014 -5"><span class='ocrx_word' id='word_1_132' title='bbox 489 1935 598 1990; x_wconf 85' lang='grc' dir='ltr'>τῶν</span> <span class='ocrx_word' id='word_1_133' title='bbox 627 1931 949 1993; x_wconf 83' lang='grc' dir='ltr'>ἀκουόντων,</span> <span class='ocrx_word' id='word_1_134' title='bbox 968 1927 1176 1981; x_wconf 83' lang='grc' dir='ltr'>Παῦλον</span> <span class='ocrx_word' id='word_1_135' title='bbox 1198 1925 1327 1995; x_wconf 78' lang='grc' dir='ltr'>ὑμῖν</span> <span class='ocrx_word' id='word_1_136' title='bbox 1348 1922 1769 1993; x_wconf 77' lang='grc' dir='ltr'>παραστήσομαι</span> <span class='ocrx_word' id='word_1_137' title='bbox 1788 1917 2058 1988; x_wconf 83' lang='grc' dir='ltr'>μάρτυρα.</span> 
     </span>
    </p>
   </div>
   <div class='ocr_carea' id='block_1_20' title="bbox 492 2007 2063 2096">
    <p class='ocr_par' dir='ltr' id='par_1_20' title="bbox 492 2007 2063 2096">
     <span class='ocr_line' id='line_1_20' title="bbox 492 2007 2063 2096; baseline -0.015 -14"><span class='ocrx_word' id='word_1_138' title='bbox 492 2026 677 2082; x_wconf 80' lang='grc' dir='ltr'>Εἰπὼν</span> <span class='ocrx_word' id='word_1_139' title='bbox 705 2025 808 2096; x_wconf 91' lang='grc' dir='ltr'>γάρ</span> <span class='ocrx_word' id='word_1_140' title='bbox 836 2023 917 2075; x_wconf 87' lang='grc' dir='ltr'>ὃτι</span> <span class='ocrx_word' id='word_1_141' title='bbox 946 2018 1178 2091; x_wconf 82' lang='grc' dir='ltr'>Χριστὸς</span> <span class='ocrx_word' id='word_1_142' title='bbox 1223 2015 1436 2083; x_wconf 82' lang='grc' dir='ltr'>ἐγένετο</span> <span class='ocrx_word' id='word_1_143' title='bbox 1468 2012 1752 2084; x_wconf 81' lang='grc' dir='ltr'>ἀρχιερεὺς</span> <span class='ocrx_word' id='word_1_144' title='bbox 1797 2008 1937 2061; x_wconf 83' lang='grc' dir='ltr'>κατὰ</span> <span class='ocrx_word' id='word_1_145' title='bbox 1964 2007 2063 2076; x_wconf 79' lang='grc' dir='ltr'>τὴν</span> 
     </span>
    </p>
   </div>
   <div class='ocr_carea' id='block_1_21' title="bbox 491 2102 2061 2189">
    <p class='ocr_par' dir='ltr' id='par_1_21' title="bbox 491 2102 2061 2189">
     <span class='ocr_line' id='line_1_21' title="bbox 491 2102 2061 2189; baseline -0.015 -12"><span class='ocrx_word' id='word_1_146' title='bbox 491 2123 645 2189; x_wconf 79' lang='grc' dir='ltr'>τάξιν</span> <span class='ocrx_word' id='word_1_147' title='bbox 669 2114 1034 2189; x_wconf 77' lang='grc' dir='ltr'>Μελχισεδὲκ,</span> <span class='ocrx_word' id='word_1_148' title='bbox 1074 2112 1167 2167; x_wconf 82' lang='grc' dir='ltr'>καί</span> <span class='ocrx_word' id='word_1_149' title='bbox 1200 2109 1378 2181; x_wconf 80' lang='grc' dir='ltr'>ζητῶν</span> <span class='ocrx_word' id='word_1_150' title='bbox 1418 2108 1501 2173; x_wconf 88' lang='grc' dir='ltr'>τίς</span> <span class='ocrx_word' id='word_1_151' title='bbox 1547 2109 1691 2160; x_wconf 86' lang='grc' dir='ltr'>ἐστιν</span> <span class='ocrx_word' id='word_1_152' title='bbox 1724 2106 1754 2157; x_wconf 93' lang='lat'>6</span> <span class='ocrx_word' id='word_1_153' title='bbox 1794 2102 2061 2173; x_wconf 75' lang='grc' dir='ltr'>Μελχισεε-</span> 
     </span>
    </p>
   </div>
   <div class='ocr_carea' id='block_1_22' title="bbox 494 2194 2066 2283">
    <p class='ocr_par' dir='ltr' id='par_1_22' title="bbox 494 2194 2066 2283">
     <span class='ocr_line' id='line_1_22' title="bbox 494 2194 2066 2283; baseline -0.013 -14"><span class='ocrx_word' id='word_1_154' title='bbox 494 2216 608 2279; x_wconf 82' lang='grc' dir='ltr'>δέκ,</span> <span class='ocrx_word' id='word_1_155' title='bbox 644 2214 916 2283; x_wconf 76' lang='grc' dir='ltr'>ἐπήγαγε’</span> <span class='ocrx_word' id='word_1_156' title='bbox 952 2208 1088 2275; x_wconf 83' lang='grc' dir='ltr'>Περί</span> <span class='ocrx_word' id='word_1_157' title='bbox 1134 2200 1206 2261; x_wconf 87' lang='grc' dir='ltr'>οὗ</span> <span class='ocrx_word' id='word_1_158' title='bbox 1256 2204 1449 2269; x_wconf 77' lang='grc' dir='ltr'>πολὺς</span> <span class='ocrx_word' id='word_1_159' title='bbox 1491 2201 1636 2270; x_wconf 70' lang='grc' dir='ltr'>ἡμῖν</span> <span class='ocrx_word' id='word_1_160' title='bbox 1681 2202 1713 2253; x_wconf 86' lang='grc' dir='ltr'>ό</span> <span class='ocrx_word' id='word_1_161' title='bbox 1750 2198 1932 2266; x_wconf 79' lang='grc' dir='ltr'>λόγος</span> <span class='ocrx_word' id='word_1_162' title='bbox 1964 2194 2066 2250; x_wconf 81' lang='grc' dir='ltr'>καί</span> 
     </span>
    </p>
   </div>
   <div class='ocr_carea' id='block_1_23' title="bbox 496 2289 2068 2375">
    <p class='ocr_par' dir='ltr' id='par_1_23' title="bbox 496 2289 2068 2375">
     <span class='ocr_line' id='line_1_23' title="bbox 496 2289 2068 2375; baseline -0.017 -12"><span class='ocrx_word' id='word_1_163' title='bbox 496 2304 997 2375; x_wconf 76' lang='grc' dir='ltr'>δυσερμήνευτος.</span> <span class='ocrx_word' id='word_1_164' title='bbox 1024 2298 1087 2352; x_wconf 89' lang='grc' dir='ltr'>Τί</span> <span class='ocrx_word' id='word_1_165' title='bbox 1107 2298 1304 2367; x_wconf 84' lang='grc' dir='ltr'>λέγεις,</span> <span class='ocrx_word' id='word_1_166' title='bbox 1324 2290 1368 2348; x_wconf 81' lang='grc' dir='ltr'><strong>ὦ</strong></span> <span class='ocrx_word' id='word_1_167' title='bbox 1391 2295 1624 2365; x_wconf 87' lang='grc' dir='ltr'>μακάριε</span> <span class='ocrx_word' id='word_1_168' title='bbox 1645 2289 1819 2344; x_wconf 81' lang='grc' dir='ltr'>Παῦλε</span> <span class='ocrx_word' id='word_1_169' title='bbox 1838 2305 1854 2354; x_wconf 87' lang='grc'><strong>;</strong></span> <span class='ocrx_word' id='word_1_170' title='bbox 1872 2290 2068 2359; x_wconf 87' lang='grc' dir='ltr'>Δυσερ-</span> 
     </span>
    </p>
   </div>
   <div class='ocr_carea' id='block_1_24' title="bbox 502 2377 2067 2470">
    <p class='ocr_par' dir='ltr' id='par_1_24' title="bbox 502 2377 2067 2470">
     <span class='ocr_line' id='line_1_24' title="bbox 502 2377 2067 2470; baseline -0.012 -19"><span class='ocrx_word' id='word_1_171' title='bbox 502 2396 763 2470; x_wconf 86' lang='grc' dir='ltr'>μήνευτός</span> <span class='ocrx_word' id='word_1_172' title='bbox 794 2410 875 2446; x_wconf 81' lang='grc' dir='ltr'>σοι</span> <span class='ocrx_word' id='word_1_173' title='bbox 916 2390 993 2462; x_wconf 81' lang='grc' dir='ltr'>τῷ</span> <span class='ocrx_word' id='word_1_174' title='bbox 1037 2387 1409 2459; x_wconf 81' lang='grc' dir='ltr'>πνευματικὴν</span> <span class='ocrx_word' id='word_1_175' title='bbox 1438 2384 1613 2455; x_wconf 79' lang='grc' dir='ltr'>ἔχοντι</span> <span class='ocrx_word' id='word_1_176' title='bbox 1646 2382 1865 2451; x_wconf 85' lang='grc' dir='ltr'>σοφίαν,</span> <span class='ocrx_word' id='word_1_177' title='bbox 1895 2379 1973 2450; x_wconf 84' lang='grc' dir='ltr'>τῷ</span> <span class='ocrx_word' id='word_1_178' title='bbox 1998 2377 2067 2433; x_wconf 87' lang='grc' dir='ltr'>τά</span> 
     </span>
    </p>
   </div>
   <div class='ocr_carea' id='block_1_25' title="bbox 498 2473 2070 2560">
    <p class='ocr_par' dir='ltr' id='par_1_25' title="bbox 498 2473 2070 2560">
     <span class='ocr_line' id='line_1_25' title="bbox 498 2473 2070 2560; baseline -0.014 -15"><span class='ocrx_word' id='word_1_179' title='bbox 498 2490 783 2560; x_wconf 75' lang='grc' dir='ltr'>ἀπόρρητα</span> <span class='ocrx_word' id='word_1_180' title='bbox 810 2488 1028 2556; x_wconf 75' lang='grc' dir='ltr'>ῥήματα</span> <span class='ocrx_word' id='word_1_181' title='bbox 1057 2481 1371 2538; x_wconf 88' lang='grc' dir='ltr'>ἀκούσαντι,</span> <span class='ocrx_word' id='word_1_182' title='bbox 1397 2478 1474 2548; x_wconf 81' lang='grc' dir='ltr'>τῷ</span> <span class='ocrx_word' id='word_1_183' title='bbox 1506 2476 1640 2547; x_wconf 73' lang='grc' dir='ltr'>πρὸς</span> <span class='ocrx_word' id='word_1_184' title='bbox 1667 2474 1847 2546; x_wconf 91' lang='grc' dir='ltr'>τρίτον</span> <span class='ocrx_word' id='word_1_185' title='bbox 1890 2473 2070 2543; x_wconf 83' lang='grc' dir='ltr'>ἁρπα-</span> 
     </span>
    </p>
   </div>
   <div class='ocr_carea' id='block_1_26' title="bbox 499 2566 2131 2654">
    <p class='ocr_par' dir='ltr' id='par_1_26' title="bbox 499 2566 2131 2654">
     <span class='ocr_line' id='line_1_26' title="bbox 499 2566 2131 2654; baseline -0.014 -16"><span class='ocrx_word' id='word_1_186' title='bbox 499 2580 935 2654; x_wconf 83' lang='grc' dir='ltr'>γέντιούρανόν;</span> <span class='ocrx_word' id='word_1_187' title='bbox 997 2578 1059 2630; x_wconf 85' lang='grc' dir='ltr'>Εἰ</span> <span class='ocrx_word' id='word_1_188' title='bbox 1118 2574 1200 2628; x_wconf 77' lang='grc' dir='ltr'>σοὶ</span> <span class='ocrx_word' id='word_1_189' title='bbox 1247 2572 1711 2641; x_wconf 79' lang='grc' dir='ltr'>δυσερμήνευτος,</span> <span class='ocrx_word' id='word_1_190' title='bbox 1745 2566 1849 2619; x_wconf 86' lang='grc' dir='ltr'>τίνι</span> <span class='ocrx_word' id='word_1_191' title='bbox 1904 2581 2072 2619; x_wconf 71' lang='grc' dir='ltr'>κατα-ι</span> <span class='ocrx_word' id='word_1_192' title='bbox 2128 2595 2131 2597; x_wconf 66' lang='grc'><strong>»</strong></span> 
     </span>
    </p>
   </div>
   <div class='ocr_carea' id='block_1_27' title="bbox 497 2656 2070 2746">
    <p class='ocr_par' dir='ltr' id='par_1_27' title="bbox 497 2656 2070 2746">
     <span class='ocr_line' id='line_1_27' title="bbox 497 2656 2070 2746; baseline -0.013 -17"><span class='ocrx_word' id='word_1_193' title='bbox 497 2674 733 2746; x_wconf 86' lang='grc' dir='ltr'>ληπτός;</span> <span class='ocrx_word' id='word_1_194' title='bbox 773 2671 947 2741; x_wconf 78' lang='grc' dir='ltr'>Ἐμοὶ,</span> <span class='ocrx_word' id='word_1_195' title='bbox 988 2668 1141 2739; x_wconf 79' lang='grc' dir='ltr'>φησί,</span> <span class='ocrx_word' id='word_1_196' title='bbox 1173 2665 1626 2735; x_wconf 85' lang='grc' dir='ltr'>δυσερμήνευτος,</span> <span class='ocrx_word' id='word_1_197' title='bbox 1684 2660 1744 2713; x_wconf 82' lang='grc' dir='ltr'>οῦ</span> <span class='ocrx_word' id='word_1_198' title='bbox 1790 2658 1940 2729; x_wconf 87' lang='grc' dir='ltr'>παρά</span> <span class='ocrx_word' id='word_1_199' title='bbox 1971 2656 2070 2727; x_wconf 84' lang='grc' dir='ltr'>τὴν</span> 
     </span>
    </p>
   </div>
   <div class='ocr_carea' id='block_1_28' title="bbox 498 2750 2071 2828">
    <p class='ocr_par' dir='ltr' id='par_1_28' title="bbox 498 2750 2071 2828">
     <span class='ocr_line' id='line_1_28' title="bbox 498 2750 2071 2828; baseline -0.013 -5"><span class='ocrx_word' id='word_1_200' title='bbox 498 2769 705 2823; x_wconf 84' lang='grc' dir='ltr'>οἰκείαν</span> <span class='ocrx_word' id='word_1_201' title='bbox 757 2762 1076 2822; x_wconf 88' lang='grc' dir='ltr'>δυσκολίαν,</span> <span class='ocrx_word' id='word_1_202' title='bbox 1112 2759 1248 2814; x_wconf 87' lang='grc' dir='ltr'>ἀλλά</span> <span class='ocrx_word' id='word_1_203' title='bbox 1292 2756 1443 2828; x_wconf 87' lang='grc' dir='ltr'>παρὰ</span> <span class='ocrx_word' id='word_1_204' title='bbox 1492 2754 1590 2825; x_wconf 85' lang='grc' dir='ltr'>τὴν</span> <span class='ocrx_word' id='word_1_205' title='bbox 1629 2752 1911 2808; x_wconf 85' lang='grc' dir='ltr'>ἀσθένειαν</span> <span class='ocrx_word' id='word_1_206' title='bbox 1961 2750 2071 2803; x_wconf 88' lang='grc' dir='ltr'>τῶν</span> 
     </span>
    </p>
   </div>
   <div class='ocr_carea' id='block_1_29' title="bbox 502 2845 2067 2922">
    <p class='ocr_par' dir='ltr' id='par_1_29' title="bbox 502 2845 2067 2922">
     <span class='ocr_line' id='line_1_29' title="bbox 502 2845 2067 2922; baseline -0.013 -7"><span class='ocrx_word' id='word_1_207' title='bbox 502 2860 821 2915; x_wconf 89' lang='grc' dir='ltr'>ἀκουόντων.</span> <span class='ocrx_word' id='word_1_208' title='bbox 866 2854 1047 2908; x_wconf 83' lang='grc' dir='ltr'>Εἰπὼν</span> <span class='ocrx_word' id='word_1_209' title='bbox 1072 2853 1199 2922; x_wconf 82' lang='grc' dir='ltr'>γάρ,</span> <span class='ocrx_word' id='word_1_210' title='bbox 1224 2848 1728 2917; x_wconf 73' lang='grc' dir='ltr'>Δυσερμήνευτος,</span> <span class='ocrx_word' id='word_1_211' title='bbox 1763 2845 2067 2915; x_wconf 78' lang='grc' dir='ltr'>ἐπήγαγενο</span> 
     </span>
    </p>
   </div>
   <div class='ocr_carea' id='block_1_30' title="bbox 513 2935 2073 3015">
    <p class='ocr_par' dir='ltr' id='par_1_30' title="bbox 513 2935 2073 3015">
     <span class='ocr_line' id='line_1_30' title="bbox 513 2935 2073 3015; baseline -0.013 -9"><span class='ocrx_word' id='word_1_212' title='bbox 513 2949 757 3015; x_wconf 72' lang='grc' dir='ltr'>Ἐπειδὴ</span> <span class='ocrx_word' id='word_1_213' title='bbox 774 2945 982 3012; x_wconf 73' lang='grc' dir='ltr'>νωθροὶ</span> <span class='ocrx_word' id='word_1_214' title='bbox 1001 2944 1277 3014; x_wconf 72' lang='grc' dir='ltr'>γεγόνατε</span> <span class='ocrx_word' id='word_1_215' title='bbox 1296 2940 1419 3006; x_wconf 74' lang='grc' dir='ltr'>ταῖς</span> <span class='ocrx_word' id='word_1_216' title='bbox 1439 2938 1666 3004; x_wconf 77' lang='grc' dir='ltr'>ἀκοαῖς.</span> <span class='ocrx_word' id='word_1_217' title='bbox 1685 2938 1846 3007; x_wconf 77' lang='grc' dir='ltr'>Ὁρᾷς</span> <span class='ocrx_word' id='word_1_218' title='bbox 1868 2937 1950 2989; x_wconf 80' lang='grc' dir='ltr'>ὅτι</span> <span class='ocrx_word' id='word_1_219' title='bbox 1975 2935 2073 3004; x_wconf 81' lang='grc' dir='ltr'>οὑχ</span> 
     </span>
    </p>
   </div>
   <div class='ocr_carea' id='block_1_31' title="bbox 504 3028 2075 3111">
    <p class='ocr_par' dir='ltr' id='par_1_31' title="bbox 504 3028 2075 3111">
     <span class='ocr_line' id='line_1_31' title="bbox 504 3028 2075 3111; baseline -0.011 -15"><span class='ocrx_word' id='word_1_220' title='bbox 504 3044 538 3111; x_wconf 84' lang='grc' dir='ltr'>ή</span> <span class='ocrx_word' id='word_1_221' title='bbox 581 3040 740 3110; x_wconf 87' lang='grc' dir='ltr'>φύσις</span> <span class='ocrx_word' id='word_1_222' title='bbox 771 3037 864 3092; x_wconf 84' lang='grc' dir='ltr'>τοῦ</span> <span class='ocrx_word' id='word_1_223' title='bbox 908 3037 1088 3105; x_wconf 83' lang='grc' dir='ltr'>λόγου,</span> <span class='ocrx_word' id='word_1_224' title='bbox 1119 3033 1231 3089; x_wconf 77' lang='grc' dir='ltr'>ἀλλ’</span> <span class='ocrx_word' id='word_1_225' title='bbox 1269 3036 1301 3104; x_wconf 85' lang='grc' dir='ltr'>ἡ</span> <span class='ocrx_word' id='word_1_226' title='bbox 1350 3031 1574 3101; x_wconf 81' lang='grc' dir='ltr'>ἀπειρία</span> <span class='ocrx_word' id='word_1_227' title='bbox 1616 3029 1725 3083; x_wconf 88' lang='grc' dir='ltr'>τῶν</span> <span class='ocrx_word' id='word_1_228' title='bbox 1769 3028 2075 3083; x_wconf 84' lang='grc' dir='ltr'>ἀκουόντων</span> 
     </span>
    </p>
   </div>
   <div class='ocr_carea' id='block_1_32' title="bbox 505 3119 2075 3193">
    <p class='ocr_par' dir='ltr' id='par_1_32' title="bbox 505 3119 2075 3193">
     <span class='ocr_line' id='line_1_32' title="bbox 505 3119 2075 3193; baseline -0.009 -6"><span class='ocrx_word' id='word_1_229' title='bbox 505 3132 759 3187; x_wconf 87' lang='grc' dir='ltr'>δύσκολον</span> <span class='ocrx_word' id='word_1_230' title='bbox 805 3130 898 3183; x_wconf 80' lang='grc' dir='ltr'>τὸν</span> <span class='ocrx_word' id='word_1_231' title='bbox 944 3129 1004 3182; x_wconf 81' lang='grc' dir='ltr'>οὺ</span> <span class='ocrx_word' id='word_1_232' title='bbox 1050 3125 1301 3180; x_wconf 88' lang='grc' dir='ltr'>δύσκολον</span> <span class='ocrx_word' id='word_1_233' title='bbox 1344 3124 1631 3193; x_wconf 82' lang='grc' dir='ltr'>ἐποίησενς</span> <span class='ocrx_word' id='word_1_234' title='bbox 1689 3122 1761 3175; x_wconf 77' lang='grc' dir='ltr'><strong>Οὐ</strong></span> <span class='ocrx_word' id='word_1_235' title='bbox 1815 3121 1973 3191; x_wconf 91' lang='grc' dir='ltr'>μόνον</span> <span class='ocrx_word' id='word_1_236' title='bbox 2019 3119 2075 3173; x_wconf 79' lang='grc' dir='ltr'>δὲ</span> 
     </span>
    </p>
   </div>
   <div class='ocr_carea' id='block_1_33' title="bbox 506 3214 2077 3287">
    <p class='ocr_par' dir='ltr' id='par_1_33' title="bbox 506 3214 2077 3287">
     <span class='ocr_line' id='line_1_33' title="bbox 506 3214 2077 3287; baseline -0.008 -8"><span class='ocrx_word' id='word_1_237' title='bbox 506 3224 781 3284; x_wconf 82' lang='grc' dir='ltr'>δύσκολον,</span> <span class='ocrx_word' id='word_1_238' title='bbox 835 3220 970 3275; x_wconf 84' lang='grc' dir='ltr'>ἀλλά</span> <span class='ocrx_word' id='word_1_239' title='bbox 1008 3221 1102 3274; x_wconf 77' lang='grc' dir='ltr'>καί</span> <span class='ocrx_word' id='word_1_240' title='bbox 1144 3218 1309 3272; x_wconf 80' lang='grc' dir='ltr'>πολὺν</span> <span class='ocrx_word' id='word_1_241' title='bbox 1349 3220 1493 3271; x_wconf 89' lang='grc' dir='ltr'>ποιεῖ</span> <span class='ocrx_word' id='word_1_242' title='bbox 1518 3216 1608 3270; x_wconf 82' lang='grc' dir='ltr'>τὸν</span> <span class='ocrx_word' id='word_1_243' title='bbox 1637 3215 1906 3287; x_wconf 48' lang='grc' dir='ltr'>βραχῦννὴ</span> <span class='ocrx_word' id='word_1_244' title='bbox 1938 3214 2077 3284; x_wconf 75' lang='grc' dir='ltr'>αὑτὴ</span> 
     </span>
    </p>
   </div>
   <div class='ocr_carea' id='block_1_34' title="bbox 509 3307 2075 3388">
    <p class='ocr_par' dir='ltr' id='par_1_34' title="bbox 509 3307 2075 3388">
     <span class='ocr_line' id='line_1_34' title="bbox 509 3307 2075 3388; baseline -0.009 -13"><span class='ocrx_word' id='word_1_245' title='bbox 509 3320 677 3375; x_wconf 84' lang='grc' dir='ltr'>αἰτία·</span> <span class='ocrx_word' id='word_1_246' title='bbox 698 3317 885 3388; x_wconf 78' lang='grc' dir='ltr'>διόπερ</span> <span class='ocrx_word' id='word_1_247' title='bbox 906 3314 1026 3386; x_wconf 76' lang='grc' dir='ltr'>οὐχὶ</span> <span class='ocrx_word' id='word_1_248' title='bbox 1051 3313 1482 3384; x_wconf 88' lang='grc' dir='ltr'>δυσερμήνευτον</span> <span class='ocrx_word' id='word_1_249' title='bbox 1505 3312 1706 3383; x_wconf 85' lang='grc' dir='ltr'>ἔφησεν</span> <span class='ocrx_word' id='word_1_250' title='bbox 1730 3307 1870 3364; x_wconf 80' lang='grc' dir='ltr'>εἶναι</span> <span class='ocrx_word' id='word_1_251' title='bbox 1895 3309 2075 3380; x_wconf 87' lang='grc' dir='ltr'>μόνον,</span> 
     </span>
    </p>
   </div>
   <div class='ocr_carea' id='block_1_35' title="bbox 508 3402 2079 3475">
    <p class='ocr_par' dir='ltr' id='par_1_35' title="bbox 508 3402 2079 3475">
     <span class='ocr_line' id='line_1_35' title="bbox 508 3402 2079 3475; baseline -0.006 -11"><span class='ocrx_word' id='word_1_252' title='bbox 508 3408 642 3465; x_wconf 85' lang='grc' dir='ltr'>ἀλλά</span> <span class='ocrx_word' id='word_1_253' title='bbox 666 3409 758 3461; x_wconf 79' lang='grc' dir='ltr'>καί</span> <span class='ocrx_word' id='word_1_254' title='bbox 790 3407 976 3468; x_wconf 78' lang='grc' dir='ltr'>πολὺν,</span> <span class='ocrx_word' id='word_1_255' title='bbox 1018 3405 1111 3459; x_wconf 76' lang='grc' dir='ltr'>καὶ</span> <span class='ocrx_word' id='word_1_256' title='bbox 1141 3404 1233 3457; x_wconf 90' lang='grc' dir='ltr'>τοῦ</span> <span class='ocrx_word' id='word_1_257' title='bbox 1269 3406 1474 3475; x_wconf 85' lang='grc' dir='ltr'>μήκους</span> <span class='ocrx_word' id='word_1_258' title='bbox 1493 3446 1506 3466; x_wconf 89' lang='grc'>,</span> <span class='ocrx_word' id='word_1_259' title='bbox 1546 3405 1638 3457; x_wconf 71' lang='grc' dir='ltr'>καὶ</span> <span class='ocrx_word' id='word_1_260' title='bbox 1667 3404 1766 3473; x_wconf 79' lang='grc' dir='ltr'>τῆς</span> <span class='ocrx_word' id='word_1_261' title='bbox 1794 3402 2079 3465; x_wconf 82' lang='grc' dir='ltr'>δυσκολίας</span> 
     </span>
    </p>
   </div>
   <div class='ocr_carea' id='block_1_36' title="bbox 510 3495 2081 3570">
    <p class='ocr_par' dir='ltr' id='par_1_36' title="bbox 510 3495 2081 3570">
     <span class='ocr_line' id='line_1_36' title="bbox 510 3495 2081 3570; baseline -0.004 -15"><span class='ocrx_word' id='word_1_262' title='bbox 510 3500 728 3563; x_wconf 71' lang='grc' dir='ltr'>ἀναθεὶς</span> <span class='ocrx_word' id='word_1_263' title='bbox 761 3499 861 3570; x_wconf 81' lang='grc' dir='ltr'>τὴν</span> <span class='ocrx_word' id='word_1_264' title='bbox 901 3499 1077 3552; x_wconf 87' lang='grc' dir='ltr'>αἰτίαν</span> <span class='ocrx_word' id='word_1_265' title='bbox 1115 3501 1180 3570; x_wconf 78' lang='grc' dir='ltr'>τῇ</span> <span class='ocrx_word' id='word_1_266' title='bbox 1213 3498 1508 3569; x_wconf 83' lang='grc' dir='ltr'>νωθρότητι</span> <span class='ocrx_word' id='word_1_267' title='bbox 1536 3497 1633 3566; x_wconf 86' lang='grc' dir='ltr'>τῆς</span> <span class='ocrx_word' id='word_1_268' title='bbox 1667 3497 1857 3567; x_wconf 81' lang='grc' dir='ltr'>ἀκοῆς.</span> <span class='ocrx_word' id='word_1_269' title='bbox 1894 3495 2081 3550; x_wconf 85' lang='grc' dir='ltr'>Καθά-</span> 
     </span>
    </p>
   </div>
   <div class='ocr_carea' id='block_1_37' title="bbox 511 3587 2081 3663">
    <p class='ocr_par' dir='ltr' id='par_1_37' title="bbox 511 3587 2081 3663">
     <span class='ocr_line' id='line_1_37' title="bbox 511 3587 2081 3663; baseline -0.003 -18"><span class='ocrx_word' id='word_1_270' title='bbox 511 3608 619 3663; x_wconf 85' lang='grc' dir='ltr'>περ</span> <span class='ocrx_word' id='word_1_271' title='bbox 649 3592 756 3663; x_wconf 81' lang='grc' dir='ltr'>γὰρ</span> <span class='ocrx_word' id='word_1_272' title='bbox 781 3590 872 3644; x_wconf 77' lang='grc' dir='ltr'>ἐπὶ</span> <span class='ocrx_word' id='word_1_273' title='bbox 902 3589 1011 3642; x_wconf 88' lang='grc' dir='ltr'>τῶν</span> <span class='ocrx_word' id='word_1_274' title='bbox 1040 3589 1462 3660; x_wconf 77' lang='grc' dir='ltr'>ἀρρωστούντων</span> <span class='ocrx_word' id='word_1_275' title='bbox 1494 3590 1592 3642; x_wconf 80' lang='grc' dir='ltr'>οὐκ</span> <span class='ocrx_word' id='word_1_276' title='bbox 1627 3591 1921 3657; x_wconf 80' lang='grc' dir='ltr'>ἀναγκαῖον</span> <span class='ocrx_word' id='word_1_277' title='bbox 1956 3587 2081 3641; x_wconf 88' lang='grc' dir='ltr'>σύν-</span> 
     </span>
    </p>
   </div>
   <div class='ocr_carea' id='block_1_38' title="bbox 511 3680 2081 3754">
    <p class='ocr_par' dir='ltr' id='par_1_38' title="bbox 511 3680 2081 3754">
     <span class='ocr_line' id='line_1_38' title="bbox 511 3680 2081 3754; baseline -0.002 -16"><span class='ocrx_word' id='word_1_278' title='bbox 511 3701 676 3754; x_wconf 90' lang='grc' dir='ltr'>τομον</span> <span class='ocrx_word' id='word_1_279' title='bbox 706 3682 797 3737; x_wconf 74' lang='grc' dir='ltr'>καὶ</span> <span class='ocrx_word' id='word_1_280' title='bbox 823 3682 1241 3753; x_wconf 83' lang='grc' dir='ltr'>ἐσχεδιασμένην</span> <span class='ocrx_word' id='word_1_281' title='bbox 1274 3682 1596 3752; x_wconf 84' lang='grc' dir='ltr'>παραθεῖναι</span> <span class='ocrx_word' id='word_1_282' title='bbox 1627 3682 1924 3751; x_wconf 81' lang='grc' dir='ltr'>τράπεζαν,</span> <span class='ocrx_word' id='word_1_283' title='bbox 1946 3680 2081 3735; x_wconf 83' lang='grc' dir='ltr'>άλλά</span> 
     </span>
    </p>
   </div>
   <div class='ocr_carea' id='block_1_39' title="bbox 500 3772 2083 3848">
    <p class='ocr_par' dir='ltr' id='par_1_39' title="bbox 500 3772 2083 3848">
     <span class='ocr_line' id='line_1_39' title="bbox 500 3772 2083 3848; baseline -0.002 -20"><span class='ocrx_word' id='word_1_284' title='bbox 500 3776 595 3830; x_wconf 79' lang='grc' dir='ltr'>’δεῖ</span> <span class='ocrx_word' id='word_1_285' title='bbox 616 3774 1027 3848; x_wconf 82' lang='grc' dir='ltr'>παρασκευάσαι</span> <span class='ocrx_word' id='word_1_286' title='bbox 1061 3773 1129 3829; x_wconf 83' lang='grc' dir='ltr'>τά</span> <span class='ocrx_word' id='word_1_287' title='bbox 1163 3773 1305 3829; x_wconf 88' lang='grc' dir='ltr'>σιτία</span> <span class='ocrx_word' id='word_1_288' title='bbox 1346 3772 1597 3843; x_wconf 78' lang='grc' dir='ltr'>διάφορα,</span> <span class='ocrx_word' id='word_1_289' title='bbox 1632 3773 1718 3826; x_wconf 79' lang='grc' dir='ltr'>ἵνα</span> <span class='ocrx_word' id='word_1_290' title='bbox 1763 3773 1829 3827; x_wconf 82' lang='grc' dir='ltr'>ἂν</span> <span class='ocrx_word' id='word_1_291' title='bbox 1869 3772 2023 3826; x_wconf 89' lang='grc' dir='ltr'>τοῦτο</span> <span class='ocrx_word' id='word_1_292' title='bbox 2054 3773 2083 3825; x_wconf 94' lang='lat'>6</span> 
     </span>
    </p>
   </div>
   <div class='ocr_carea' id='block_1_40' title="bbox 513 3863 2085 3940">
    <p class='ocr_par' dir='ltr' id='par_1_40' title="bbox 513 3863 2085 3940">
     <span class='ocr_line' id='line_1_40' title="bbox 513 3863 2085 3940; baseline -0.005 -17"><span class='ocrx_word' id='word_1_293' title='bbox 513 3868 737 3940; x_wconf 86' lang='grc' dir='ltr'>κάμνων</span> <span class='ocrx_word' id='word_1_294' title='bbox 763 3867 838 3938; x_wconf 85' lang='grc' dir='ltr'>μὴ</span> <span class='ocrx_word' id='word_1_295' title='bbox 864 3867 1095 3938; x_wconf 79' lang='grc' dir='ltr'>βουληθῇ</span> <span class='ocrx_word' id='word_1_296' title='bbox 1135 3866 1473 3938; x_wconf 87' lang='grc' dir='ltr'>μεταλαϐεῖν,</span> <span class='ocrx_word' id='word_1_297' title='bbox 1498 3865 1559 3919; x_wconf 82' lang='grc' dir='ltr'>τὸ</span> <span class='ocrx_word' id='word_1_298' title='bbox 1586 3865 1772 3936; x_wconf 75' lang='grc' dir='ltr'>ἕτερον</span> <span class='ocrx_word' id='word_1_299' title='bbox 1789 3864 1949 3937; x_wconf 83' lang='grc' dir='ltr'>λάϐῃ·</span> <span class='ocrx_word' id='word_1_300' title='bbox 1981 3863 2085 3918; x_wconf 81' lang='grc' dir='ltr'>κᾶν</span> 
     </span>
    </p>
   </div>
   <div class='ocr_carea' id='block_1_41' title="bbox 515 3954 2085 4031">
    <p class='ocr_par' dir='ltr' id='par_1_41' title="bbox 515 3954 2085 4031">
     <span class='ocr_line' id='line_1_41' title="bbox 515 3954 2085 4031; baseline -0.003 -17"><span class='ocrx_word' id='word_1_301' title='bbox 515 3961 690 4014; x_wconf 70' lang='grc' dir='ltr'>ἐκεῖνο</span> <span class='ocrx_word' id='word_1_302' title='bbox 732 3960 806 4030; x_wconf 79' lang='grc' dir='ltr'>μὴ</span> <span class='ocrx_word' id='word_1_303' title='bbox 859 3961 1169 4031; x_wconf 81' lang='grc' dir='ltr'>προσίηται,</span> <span class='ocrx_word' id='word_1_304' title='bbox 1226 3957 1285 4011; x_wconf 75' lang='grc' dir='ltr'>τὸ</span> <span class='ocrx_word' id='word_1_305' title='bbox 1331 3958 1456 4013; x_wconf 82' lang='grc' dir='ltr'>ἀλλο</span> <span class='ocrx_word' id='word_1_306' title='bbox 1487 3957 1744 4028; x_wconf 80' lang='grc' dir='ltr'>δέξηται·</span> <span class='ocrx_word' id='word_1_307' title='bbox 1795 3955 1896 4009; x_wconf 83' lang='grc' dir='ltr'>κᾶν</span> <span class='ocrx_word' id='word_1_308' title='bbox 1927 3954 2085 4009; x_wconf 84' lang='grc' dir='ltr'>τοῦτο</span> 
     </span>
    </p>
   </div>
   <div class='ocr_carea' id='block_1_42' title="bbox 513 4049 2087 4124">
    <p class='ocr_par' dir='ltr' id='par_1_42' title="bbox 513 4049 2087 4124">
     <span class='ocr_line' id='line_1_42' title="bbox 513 4049 2087 4124; baseline -0.006 -13"><span class='ocrx_word' id='word_1_309' title='bbox 513 4052 923 4124; x_wconf 83' lang='grc' dir='ltr'>διακρούσηται,</span> <span class='ocrx_word' id='word_1_310' title='bbox 960 4051 1282 4121; x_wconf 83' lang='grc' dir='ltr'>ἐπιλάϐηται</span> <span class='ocrx_word' id='word_1_311' title='bbox 1314 4051 1563 4123; x_wconf 79' lang='grc' dir='ltr'>θατέρου,</span> <span class='ocrx_word' id='word_1_312' title='bbox 1610 4051 1704 4105; x_wconf 78' lang='grc' dir='ltr'>καὶ</span> <span class='ocrx_word' id='word_1_313' title='bbox 1748 4053 1815 4122; x_wconf 83' lang='grc' dir='ltr'>τῇ</span> <span class='ocrx_word' id='word_1_314' title='bbox 1845 4049 2087 4121; x_wconf 77' lang='grc' dir='ltr'>ποικιλίᾳ</span> 
     </span>
    </p>
   </div>
   <div class='ocr_carea' id='block_1_43' title="bbox 513 4141 2086 4216">
    <p class='ocr_par' dir='ltr' id='par_1_43' title="bbox 513 4141 2086 4216">
     <span class='ocr_line' id='line_1_43' title="bbox 513 4141 2086 4216; baseline -0.001 -18"><span class='ocrx_word' id='word_1_315' title='bbox 513 4144 623 4198; x_wconf 86' lang='grc' dir='ltr'>τῶν</span> <span class='ocrx_word' id='word_1_316' title='bbox 675 4144 978 4216; x_wconf 85' lang='grc' dir='ltr'>βρωμάτων</span> <span class='ocrx_word' id='word_1_317' title='bbox 1011 4143 1110 4215; x_wconf 84' lang='grc' dir='ltr'>τὴν</span> <span class='ocrx_word' id='word_1_318' title='bbox 1160 4141 1444 4197; x_wconf 82' lang='grc' dir='ltr'>δυσκολίαν</span> <span class='ocrx_word' id='word_1_319' title='bbox 1488 4143 1829 4214; x_wconf 82' lang='grc' dir='ltr'>νικήσωμεν,</span> <span class='ocrx_word' id='word_1_320' title='bbox 1876 4143 1971 4199; x_wconf 84' lang='grc' dir='ltr'>καί</span> <span class='ocrx_word' id='word_1_321' title='bbox 2008 4142 2086 4213; x_wconf 83' lang='grc' dir='ltr'>τῷ</span> 
     </span>
    </p>
   </div>
   <div class='ocr_carea' id='block_1_44' title="bbox 516 4230 2086 4307">
    <p class='ocr_par' dir='ltr' id='par_1_44' title="bbox 516 4230 2086 4307">
     <span class='ocr_line' id='line_1_44' title="bbox 516 4230 2086 4307; baseline 0.002 -21"><span class='ocrx_word' id='word_1_322' title='bbox 516 4236 840 4306; x_wconf 81' lang='grc' dir='ltr'>πολυτρόπῳ</span> <span class='ocrx_word' id='word_1_323' title='bbox 867 4236 968 4306; x_wconf 85' lang='grc' dir='ltr'>τῆς</span> <span class='ocrx_word' id='word_1_324' title='bbox 991 4235 1269 4305; x_wconf 79' lang='grc' dir='ltr'>τραπέζης</span> <span class='ocrx_word' id='word_1_325' title='bbox 1292 4236 1352 4288; x_wconf 83' lang='grc' dir='ltr'>τὸ</span> <span class='ocrx_word' id='word_1_326' title='bbox 1386 4236 1710 4307; x_wconf 88' lang='grc' dir='ltr'>δυσάρεστον</span> <span class='ocrx_word' id='word_1_327' title='bbox 1736 4230 2086 4307; x_wconf 83' lang='grc' dir='ltr'>τῆςγνὼμης</span> 
     </span>
    </p>
   </div>
   <div class='ocr_carea' id='block_1_45' title="bbox 516 4326 2088 4399">
    <p class='ocr_par' dir='ltr' id='par_1_45' title="bbox 516 4326 2088 4399">
     <span class='ocr_line' id='line_1_45' title="bbox 516 4326 2088 4399; baseline 0 -19"><span class='ocrx_word' id='word_1_328' title='bbox 516 4327 959 4399; x_wconf 77' lang='grc' dir='ltr'>θεραπεύσωμενο</span> <span class='ocrx_word' id='word_1_329' title='bbox 983 4326 1123 4379; x_wconf 87' lang='grc' dir='ltr'>οῦτω</span> <span class='ocrx_word' id='word_1_330' title='bbox 1152 4326 1410 4389; x_wconf 83' lang='grc' dir='ltr'>πολλάκις</span> <span class='ocrx_word' id='word_1_331' title='bbox 1448 4327 1540 4379; x_wconf 73' lang='grc' dir='ltr'>καὶ</span> <span class='ocrx_word' id='word_1_332' title='bbox 1578 4328 1669 4380; x_wconf 70' lang='grc' dir='ltr'>ἐπὶ</span> <span class='ocrx_word' id='word_1_333' title='bbox 1706 4327 1806 4398; x_wconf 83' lang='grc' dir='ltr'>τῆς</span> <span class='ocrx_word' id='word_1_334' title='bbox 1844 4343 2088 4397; x_wconf 82' lang='grc' dir='ltr'>πνευμα-</span> 
     </span>
    </p>
   </div>
   <div class='ocr_carea' id='block_1_46' title="bbox 515 4412 2085 4489">
    <p class='ocr_par' dir='ltr' id='par_1_46' title="bbox 515 4412 2085 4489">
     <span class='ocr_line' id='line_1_46' title="bbox 515 4412 2085 4489; baseline 0.001 -18"><span class='ocrx_word' id='word_1_335' title='bbox 515 4418 673 4489; x_wconf 85' lang='grc' dir='ltr'>τικῆς</span> <span class='ocrx_word' id='word_1_336' title='bbox 716 4416 1009 4479; x_wconf 76' lang='grc' dir='ltr'>ἑστιάσεως</span> <span class='ocrx_word' id='word_1_337' title='bbox 1046 4417 1153 4487; x_wconf 82' lang='grc' dir='ltr'>χρὴ</span> <span class='ocrx_word' id='word_1_338' title='bbox 1183 4419 1377 4471; x_wconf 84' lang='grc' dir='ltr'>ποιεῖν.</span> <span class='ocrx_word' id='word_1_339' title='bbox 1411 4417 1581 4470; x_wconf 83' lang='grc' dir='ltr'>Ὅταν</span> <span class='ocrx_word' id='word_1_340' title='bbox 1624 4417 1868 4482; x_wconf 86' lang='grc' dir='ltr'>ἀσθενεῖς</span> <span class='ocrx_word' id='word_1_341' title='bbox 1913 4412 2085 4488; x_wconf 82' lang='grc' dir='ltr'>ὦμεν,</span> 
     </span>
    </p>
   </div>
   <div class='ocr_carea' id='block_1_47' title="bbox 516 4507 2086 4579">
    <p class='ocr_par' dir='ltr' id='par_1_47' title="bbox 516 4507 2086 4579">
     <span class='ocr_line' id='line_1_47' title="bbox 516 4507 2086 4579; baseline 0.001 -17"><span class='ocrx_word' id='word_1_342' title='bbox 516 4511 685 4563; x_wconf 78' lang='grc' dir='ltr'>πολὺν</span> <span class='ocrx_word' id='word_1_343' title='bbox 719 4507 1239 4579; x_wconf 87' lang='grc' dir='ltr'>παρασκευάσασθαι</span> <span class='ocrx_word' id='word_1_344' title='bbox 1270 4509 1375 4579; x_wconf 85' lang='grc' dir='ltr'>χρὴ</span> <span class='ocrx_word' id='word_1_345' title='bbox 1398 4508 1490 4561; x_wconf 82' lang='grc' dir='ltr'>τὸν</span> <span class='ocrx_word' id='word_1_346' title='bbox 1513 4508 1668 4575; x_wconf 90' lang='grc' dir='ltr'>λόγον</span> <span class='ocrx_word' id='word_1_347' title='bbox 1696 4510 1790 4563; x_wconf 80' lang='grc' dir='ltr'>καὶ</span> <span class='ocrx_word' id='word_1_348' title='bbox 1823 4511 2086 4576; x_wconf 88' lang='grc' dir='ltr'>ποικίλον,</span> 
     </span>
    </p>
   </div>
   <div class='ocr_carea' id='block_1_48' title="bbox 516 4599 2086 4671">
    <p class='ocr_par' dir='ltr' id='par_1_48' title="bbox 516 4599 2086 4671">
     <span class='ocr_line' id='line_1_48' title="bbox 516 4599 2086 4671; baseline 0.001 -18"><span class='ocrx_word' id='word_1_349' title='bbox 516 4600 833 4671; x_wconf 82' lang='grc' dir='ltr'>παραϐολὰς</span> <span class='ocrx_word' id='word_1_350' title='bbox 871 4601 963 4653; x_wconf 63' lang='grc' dir='ltr'>καὶ</span> <span class='ocrx_word' id='word_1_351' title='bbox 985 4599 1402 4669; x_wconf 85' lang='grc' dir='ltr'>παραδείγματα</span> <span class='ocrx_word' id='word_1_352' title='bbox 1451 4599 1669 4669; x_wconf 79' lang='grc' dir='ltr'>ἔχοντα,</span> <span class='ocrx_word' id='word_1_353' title='bbox 1709 4601 2086 4665; x_wconf 83' lang='grc' dir='ltr'>κατασκευάς,</span> 
     </span>
    </p>
   </div>
   <div class='ocr_carea' id='block_1_49' title="bbox 514 4689 2088 4762">
    <p class='ocr_par' dir='ltr' id='par_1_49' title="bbox 514 4689 2088 4762">
     <span class='ocr_line' id='line_1_49' title="bbox 514 4689 2088 4762; baseline 0 -16"><span class='ocrx_word' id='word_1_354' title='bbox 514 4692 611 4747; x_wconf 82' lang='grc' dir='ltr'>καί</span> <span class='ocrx_word' id='word_1_355' title='bbox 629 4692 928 4762; x_wconf 86' lang='grc' dir='ltr'>περιόδους,</span> <span class='ocrx_word' id='word_1_356' title='bbox 948 4691 1043 4743; x_wconf 81' lang='grc' dir='ltr'>καί</span> <span class='ocrx_word' id='word_1_357' title='bbox 1063 4691 1227 4762; x_wconf 81' lang='grc' dir='ltr'>ἐτερα</span> <span class='ocrx_word' id='word_1_358' title='bbox 1242 4689 1411 4743; x_wconf 87' lang='grc' dir='ltr'>πολλά</span> <span class='ocrx_word' id='word_1_359' title='bbox 1428 4690 1669 4753; x_wconf 89' lang='grc' dir='ltr'>τοιαῦτα,</span> <span class='ocrx_word' id='word_1_360' title='bbox 1686 4690 1771 4744; x_wconf 76' lang='grc' dir='ltr'>ἵνα</span> <span class='ocrx_word' id='word_1_361' title='bbox 1791 4692 1855 4745; x_wconf 90' lang='grc' dir='ltr'>ἐκ</span> <span class='ocrx_word' id='word_1_362' title='bbox 1871 4691 2088 4746; x_wconf 85' lang='grc' dir='ltr'>πάντων</span> 
     </span>
    </p>
   </div>
   <div class='ocr_carea' id='block_1_50' title="bbox 523 4783 2089 4858">
    <p class='ocr_par' dir='ltr' id='par_1_50' title="bbox 523 4783 2089 4858">
     <span class='ocr_line' id='line_1_50' title="bbox 523 4783 2089 4858; baseline 0.001 -21"><span class='ocrx_word' id='word_1_363' title='bbox 523 4786 677 4858; x_wconf 81' lang='grc' dir='ltr'>ῥᾳδία</span> <span class='ocrx_word' id='word_1_364' title='bbox 697 4785 919 4855; x_wconf 88' lang='grc' dir='ltr'>γένηται</span> <span class='ocrx_word' id='word_1_365' title='bbox 938 4786 1071 4855; x_wconf 84' lang='grc' dir='ltr'>ἡμῖν</span> <span class='ocrx_word' id='word_1_366' title='bbox 1098 4783 1206 4836; x_wconf 84' lang='grc' dir='ltr'>τῶν</span> <span class='ocrx_word' id='word_1_367' title='bbox 1235 4784 1616 4855; x_wconf 89' lang='grc' dir='ltr'>συμφερόντων</span> <span class='ocrx_word' id='word_1_368' title='bbox 1645 4785 1925 4855; x_wconf 69' lang='grc' dir='ltr'>ἡαῖρεσις.</span> <span class='ocrx_word' id='word_1_369' title='bbox 1943 4784 2089 4856; x_wconf 82' lang='grc' dir='ltr'>Πλὴν</span> 
     </span>
    </p>
   </div>
   <div class='ocr_carea' id='block_1_51' title="bbox 517 4876 2091 4949">
    <p class='ocr_par' dir='ltr' id='par_1_51' title="bbox 517 4876 2091 4949">
     <span class='ocr_line' id='line_1_51' title="bbox 517 4876 2091 4949; baseline 0.001 -18"><span class='ocrx_word' id='word_1_370' title='bbox 517 4878 629 4931; x_wconf 79' lang='grc' dir='ltr'>ἀλλ’</span> <span class='ocrx_word' id='word_1_371' title='bbox 661 4879 708 4932; x_wconf 90' lang='grc' dir='ltr'>εί</span> <span class='ocrx_word' id='word_1_372' title='bbox 741 4879 835 4931; x_wconf 73' lang='grc' dir='ltr'>καὶ</span> <span class='ocrx_word' id='word_1_373' title='bbox 878 4877 1044 4940; x_wconf 79' lang='grc' dir='ltr'>πολὺς</span> <span class='ocrx_word' id='word_1_374' title='bbox 1096 4877 1125 4929; x_wconf 91' lang='lat'>6</span> <span class='ocrx_word' id='word_1_375' title='bbox 1169 4876 1327 4946; x_wconf 83' lang='grc' dir='ltr'>λόγος</span> <span class='ocrx_word' id='word_1_376' title='bbox 1364 4877 1459 4933; x_wconf 85' lang='grc' dir='ltr'>καί</span> <span class='ocrx_word' id='word_1_377' title='bbox 1501 4876 1957 4949; x_wconf 82' lang='grc' dir='ltr'>δυσερμήνευτος,</span> <span class='ocrx_word' id='word_1_378' title='bbox 1991 4880 2091 4932; x_wconf 79' lang='grc' dir='ltr'>οὐκ</span> 
     </span>
    </p>
   </div>
   <div class='ocr_carea' id='block_1_52' title="bbox 516 4967 2089 5041">
    <p class='ocr_par' dir='ltr' id='par_1_52' title="bbox 516 4967 2089 5041">
     <span class='ocr_line' id='line_1_52' title="bbox 516 4967 2089 5041; baseline 0.001 -19"><span class='ocrx_word' id='word_1_379' title='bbox 516 4968 886 5039; x_wconf 78' lang='grc' dir='ltr'>ἀπεστέρησεν</span> <span class='ocrx_word' id='word_1_380' title='bbox 916 4968 1111 5030; x_wconf 77' lang='grc' dir='ltr'>αὐτοὺς</span> <span class='ocrx_word' id='word_1_381' title='bbox 1153 4967 1252 5038; x_wconf 82' lang='grc' dir='ltr'>τῆς</span> <span class='ocrx_word' id='word_1_382' title='bbox 1294 4968 1639 5033; x_wconf 87' lang='grc' dir='ltr'>διδασκαλίας</span> <span class='ocrx_word' id='word_1_383' title='bbox 1681 4969 1775 5024; x_wconf 89' lang='grc' dir='ltr'>τοῦ</span> <span class='ocrx_word' id='word_1_384' title='bbox 1824 4971 2089 5041; x_wconf 89' lang='grc' dir='ltr'>Μελχισε-</span> 
     </span>
    </p>
   </div>
   <div class='ocr_carea' id='block_1_53' title="bbox 515 5058 2088 5133">
    <p class='ocr_par' dir='ltr' id='par_1_53' title="bbox 515 5058 2088 5133">
     <span class='ocr_line' id='line_1_53' title="bbox 515 5058 2088 5133; baseline 0.003 -21"><span class='ocrx_word' id='word_1_385' title='bbox 515 5060 608 5112; x_wconf 85' lang='grc' dir='ltr'>δέκ</span> <span class='ocrx_word' id='word_1_386' title='bbox 626 5076 639 5089; x_wconf 86' lang='grc'><strong>·</strong></span> <span class='ocrx_word' id='word_1_387' title='bbox 672 5058 749 5129; x_wconf 80' lang='grc' dir='ltr'>τῷ</span> <span class='ocrx_word' id='word_1_388' title='bbox 775 5059 872 5129; x_wconf 86' lang='grc' dir='ltr'>μὲν</span> <span class='ocrx_word' id='word_1_389' title='bbox 891 5062 999 5131; x_wconf 82' lang='grc' dir='ltr'>γάρ</span> <span class='ocrx_word' id='word_1_390' title='bbox 1028 5063 1220 5123; x_wconf 85' lang='grc' dir='ltr'>εἰπεῖν,</span> <span class='ocrx_word' id='word_1_391' title='bbox 1240 5061 1439 5127; x_wconf 72' lang='grc' dir='ltr'>Πολὺς</span> <span class='ocrx_word' id='word_1_392' title='bbox 1460 5061 1554 5119; x_wconf 77' lang='grc' dir='ltr'>καὶ</span> <span class='ocrx_word' id='word_1_393' title='bbox 1582 5064 2088 5133; x_wconf 76' lang='grc' dir='ltr'>Δυσερμήνευτος,</span> 
     </span>
    </p>
   </div>
   <div class='ocr_carea' id='block_1_54' title="bbox 516 5149 2090 5224">
    <p class='ocr_par' dir='ltr' id='par_1_54' title="bbox 516 5149 2090 5224">
     <span class='ocr_line' id='line_1_54' title="bbox 516 5149 2090 5224; baseline 0.003 -22"><span class='ocrx_word' id='word_1_394' title='bbox 516 5149 822 5220; x_wconf 80' lang='grc' dir='ltr'>ἀναστήσας</span> <span class='ocrx_word' id='word_1_395' title='bbox 851 5150 1031 5204; x_wconf 77' lang='grc' dir='ltr'>αὐτῶν</span> <span class='ocrx_word' id='word_1_396' title='bbox 1060 5151 1159 5219; x_wconf 82' lang='grc' dir='ltr'>τὴν</span> <span class='ocrx_word' id='word_1_397' title='bbox 1184 5152 1434 5223; x_wconf 80' lang='grc' dir='ltr'>σπουδὴν,</span> <span class='ocrx_word' id='word_1_398' title='bbox 1470 5154 1556 5207; x_wconf 81' lang='grc' dir='ltr'>ἵνα</span> <span class='ocrx_word' id='word_1_399' title='bbox 1580 5154 1976 5224; x_wconf 81' lang='grc' dir='ltr'>προθυμότεροι</span> <span class='ocrx_word' id='word_1_400' title='bbox 1998 5155 2090 5221; x_wconf 88' lang='grc' dir='ltr'>γέ-</span> 
     </span>
    </p>
   </div>
   <div class='ocr_carea' id='block_1_55' title="bbox 515 5242 2089 5316">
    <p class='ocr_par' dir='ltr' id='par_1_55' title="bbox 515 5242 2089 5316">
     <span class='ocr_line' id='line_1_55' title="bbox 515 5242 2089 5316; baseline 0.003 -24"><span class='ocrx_word' id='word_1_401' title='bbox 515 5254 712 5292; x_wconf 86' lang='grc' dir='ltr'>νωνται</span> <span class='ocrx_word' id='word_1_402' title='bbox 764 5242 890 5308; x_wconf 86' lang='grc' dir='ltr'>περί</span> <span class='ocrx_word' id='word_1_403' title='bbox 942 5242 1042 5311; x_wconf 86' lang='grc' dir='ltr'>τὴν</span> <span class='ocrx_word' id='word_1_404' title='bbox 1087 5243 1381 5314; x_wconf 71' lang='grc' dir='ltr'>ἀκρόασινο</span> <span class='ocrx_word' id='word_1_405' title='bbox 1428 5243 1506 5314; x_wconf 82' lang='grc' dir='ltr'>τῷ</span> <span class='ocrx_word' id='word_1_406' title='bbox 1552 5244 1608 5298; x_wconf 81' lang='grc' dir='ltr'>δὲ</span> <span class='ocrx_word' id='word_1_407' title='bbox 1654 5248 1959 5316; x_wconf 83' lang='grc' dir='ltr'>παρασχεῖν</span> <span class='ocrx_word' id='word_1_408' title='bbox 1989 5246 2089 5315; x_wconf 82' lang='grc' dir='ltr'>τὴν</span> 
     </span>
    </p>
   </div>
   <div class='ocr_carea' id='block_1_56' title="bbox 513 5329 1836 5408">
    <p class='ocr_par' dir='ltr' id='par_1_56' title="bbox 513 5329 1836 5408">
     <span class='ocr_line' id='line_1_56' title="bbox 513 5329 1836 5408; baseline 0.006 -27"><span class='ocrx_word' id='word_1_409' title='bbox 513 5329 813 5401; x_wconf 77' lang='grc' dir='ltr'>τράπεζαν,</span> <span class='ocrx_word' id='word_1_410' title='bbox 843 5333 1206 5404; x_wconf 83' lang='grc' dir='ltr'>χαρισάμενος</span> <span class='ocrx_word' id='word_1_411' title='bbox 1238 5335 1419 5389; x_wconf 77' lang='grc' dir='ltr'>αὐτῶν</span> <span class='ocrx_word' id='word_1_412' title='bbox 1447 5338 1512 5407; x_wconf 76' lang='grc' dir='ltr'>τῇ</span> <span class='ocrx_word' id='word_1_413' title='bbox 1554 5337 1836 5408; x_wconf 81' lang='grc' dir='ltr'>ἐπιθυμίᾳ.</span> 
     </span>
    </p>
   </div>
   <div class='ocr_carea' id='block_1_57' title="bbox 588 5418 2090 5498">
    <p class='ocr_par' dir='ltr' id='par_1_57' title="bbox 588 5418 2090 5498">
     <span class='ocr_line' id='line_1_57' title="bbox 588 5418 2090 5498; baseline 0.006 -25"><span class='ocrx_word' id='word_1_414' title='bbox 588 5420 653 5491; x_wconf 85' lang='grc' dir='ltr'>β’.</span> <span class='ocrx_word' id='word_1_415' title='bbox 671 5418 822 5495; x_wconf 77' lang='grc' dir='ltr'>[ΠΟ]</span> <span class='ocrx_word' id='word_1_416' title='bbox 844 5422 1015 5477; x_wconf 85' lang='grc' dir='ltr'>Τούτο</span> <span class='ocrx_word' id='word_1_417' title='bbox 1034 5423 1089 5477; x_wconf 81' lang='grc' dir='ltr'>δέ</span> <span class='ocrx_word' id='word_1_418' title='bbox 1110 5426 1203 5479; x_wconf 77' lang='grc' dir='ltr'>καί</span> <span class='ocrx_word' id='word_1_419' title='bbox 1222 5427 1385 5496; x_wconf 89' lang='grc' dir='ltr'>ἡμεῖς</span> <span class='ocrx_word' id='word_1_420' title='bbox 1405 5430 1738 5498; x_wconf 75' lang='grc' dir='ltr'>ποιήσωμεψ</span> <span class='ocrx_word' id='word_1_421' title='bbox 1758 5429 1805 5480; x_wconf 88' lang='grc' dir='ltr'>εἰ</span> <span class='ocrx_word' id='word_1_422' title='bbox 1824 5428 1915 5481; x_wconf 82' lang='grc' dir='ltr'>καί</span> <span class='ocrx_word' id='word_1_423' title='bbox 1932 5430 2033 5482; x_wconf 80' lang='grc' dir='ltr'>ἀπε</span> <span class='ocrx_word' id='word_1_424' title='bbox 2044 5448 2090 5481; x_wconf 89' lang='grc' dir='ltr'>ι-</span> 
     </span>
    </p>
   </div>
   <div class='ocr_carea' id='block_1_58' title="bbox 514 5514 2083 5594">
    <p class='ocr_par' dir='ltr' id='par_1_58' title="bbox 514 5514 2083 5594">
     <span class='ocr_line' id='line_1_58' title="bbox 514 5514 2083 5594; baseline 0.006 -27"><span class='ocrx_word' id='word_1_425' title='bbox 514 5531 607 5583; x_wconf 80' lang='grc' dir='ltr'>ρον</span> <span class='ocrx_word' id='word_1_426' title='bbox 622 5514 684 5568; x_wconf 88' lang='grc' dir='ltr'>τδ</span> <span class='ocrx_word' id='word_1_427' title='bbox 700 5515 933 5586; x_wconf 81' lang='grc' dir='ltr'>πέλαγος</span> <span class='ocrx_word' id='word_1_428' title='bbox 945 5516 1055 5573; x_wconf 90' lang='grc' dir='ltr'>τῶν</span> <span class='ocrx_word' id='word_1_429' title='bbox 1073 5518 1389 5591; x_wconf 87' lang='grc' dir='ltr'>προφητῶν,</span> <span class='ocrx_word' id='word_1_430' title='bbox 1411 5519 1506 5574; x_wconf 78' lang='grc' dir='ltr'>καὶ</span> <span class='ocrx_word' id='word_1_431' title='bbox 1523 5519 1691 5574; x_wconf 83' lang='grc' dir='ltr'>πολλὰ</span> <span class='ocrx_word' id='word_1_432' title='bbox 1706 5520 1902 5575; x_wconf 85' lang='grc' dir='ltr'>ἐκεῖτά</span> <span class='ocrx_word' id='word_1_433' title='bbox 1925 5520 2083 5594; x_wconf 82' lang='grc' dir='ltr'>βάθη,</span> 
     </span>
    </p>
   </div>
   <div class='ocr_carea' id='block_1_59' title="bbox 573 5683 1375 5749">
    <p class='ocr_par' dir='ltr' id='par_1_59' title="bbox 573 5683 1375 5749">
     <span class='ocr_line' id='line_1_59' title="bbox 573 5683 1375 5749; baseline 0.002 -14"><span class='ocrx_word' id='word_1_434' title='bbox 573 5684 599 5717; x_wconf 85' lang='grc'><strong><em>⁸</em></strong></span> <span class='ocrx_word' id='word_1_435' title='bbox 621 5683 703 5737; x_wconf 73' lang='lat' dir='ltr'>Sic</span> <span class='ocrx_word' id='word_1_436' title='bbox 727 5699 854 5739; x_wconf 74' lang='lat' dir='ltr'><strong>unus</strong></span> <span class='ocrx_word' id='word_1_437' title='bbox 872 5689 1000 5749; x_wconf 87' lang='lat' dir='ltr'>cod.,</span> <span class='ocrx_word' id='word_1_438' title='bbox 1024 5688 1108 5740; x_wconf 74' lang='lat' dir='ltr'>alii</span> <span class='ocrx_word' id='word_1_439' title='bbox 1131 5688 1375 5741; x_wconf 83' lang='grc' dir='ltr'>ποιοῦντα.</span> 
     </span>
    </p>
   </div>
   <div class='ocr_carea' id='block_1_60' title="bbox 1237 206 3087 289">
    <p class='ocr_par' dir='ltr' id='par_1_60' title="bbox 1237 206 3087 289">
     <span class='ocr_line' id='line_1_60' title="bbox 1237 206 3087 289; baseline -0.014 0"><span class='ocrx_word' id='word_1_440' title='bbox 1237 232 1295 289; x_wconf 89' lang='lat' dir='ltr'>S.</span> <span class='ocrx_word' id='word_1_441' title='bbox 1334 223 1615 287; x_wconf 66' lang='lat' dir='ltr'>JOANNIS</span> <span class='ocrx_word' id='word_1_442' title='bbox 1651 208 2137 277; x_wconf 75' lang='lat' dir='ltr'>CIIRYSOSTOMI</span> <span class='ocrx_word' id='word_1_443' title='bbox 2175 206 2497 266; x_wconf 76' lang='lat' dir='ltr'>ARCIHEP.</span> <span class='ocrx_word' id='word_1_444' title='bbox 2538 206 3087 267; x_wconf 76' lang='lat' dir='ltr'>CONSTANTINOP.</span> 
     </span>
    </p>
   </div>
   <div class='ocr_carea' id='block_1_61' title="bbox 3609 205 3700 259">
    <p class='ocr_par' dir='ltr' id='par_1_61' title="bbox 3609 205 3700 259">
     <span class='ocr_line' id='line_1_61' title="bbox 3609 205 3700 259; baseline -0.022 0"><span class='ocrx_word' id='word_1_445' title='bbox 3609 205 3700 259; x_wconf 75' lang='lat'><strong>166</strong></span> 
     </span>
    </p>
   </div>
   <div class='ocr_carea' id='block_1_62' title="bbox 2148 318 3700 398">
    <p class='ocr_par' dir='ltr' id='par_1_62' title="bbox 2148 318 3700 398">
     <span class='ocr_line' id='line_1_62' title="bbox 2148 318 3700 398; baseline -0.005 -19"><span class='ocrx_word' id='word_1_446' title='bbox 2148 326 2646 398; x_wconf 87' lang='grc' dir='ltr'>κατατολμήσωμεν</span> <span class='ocrx_word' id='word_1_447' title='bbox 2672 325 2773 396; x_wconf 81' lang='grc' dir='ltr'>τῆς</span> <span class='ocrx_word' id='word_1_448' title='bbox 2816 324 3081 395; x_wconf 89' lang='grc' dir='ltr'>θαλάττης</span> <span class='ocrx_word' id='word_1_449' title='bbox 3126 319 3267 375; x_wconf 73' lang='grc' dir='ltr'>κατά</span> <span class='ocrx_word' id='word_1_450' title='bbox 3297 319 3395 390; x_wconf 74' lang='grc' dir='ltr'>τήν</span> <span class='ocrx_word' id='word_1_451' title='bbox 3437 318 3700 391; x_wconf 74' lang='grc' dir='ltr'>ἡμετέραν</span> 
     </span>
    </p>
   </div>
   <div class='ocr_carea' id='block_1_63' title="bbox 2146 410 3700 489">
    <p class='ocr_par' dir='ltr' id='par_1_63' title="bbox 2146 410 3700 489">
     <span class='ocr_line' id='line_1_63' title="bbox 2146 410 3700 489; baseline -0.006 -16"><span class='ocrx_word' id='word_1_452' title='bbox 2146 418 2375 489; x_wconf 89' lang='grc' dir='ltr'>δύναμιν</span> <span class='ocrx_word' id='word_1_453' title='bbox 2399 435 2413 449; x_wconf 73' lang='grc' dir='ltr'>ο</span> <span class='ocrx_word' id='word_1_454' title='bbox 2447 417 2643 488; x_wconf 78' lang='grc' dir='ltr'>μᾶλλον</span> <span class='ocrx_word' id='word_1_455' title='bbox 2674 418 2730 471; x_wconf 87' lang='grc' dir='ltr'>δέ</span> <span class='ocrx_word' id='word_1_456' title='bbox 2763 415 2837 488; x_wconf 86' lang='grc' dir='ltr'>μὴ</span> <span class='ocrx_word' id='word_1_457' title='bbox 2873 415 3015 469; x_wconf 84' lang='grc' dir='ltr'>κατὰ</span> <span class='ocrx_word' id='word_1_458' title='bbox 3037 414 3134 485; x_wconf 77' lang='grc' dir='ltr'>τὴν</span> <span class='ocrx_word' id='word_1_459' title='bbox 3160 412 3433 483; x_wconf 79' lang='grc' dir='ltr'>ἡμετέραν</span> <span class='ocrx_word' id='word_1_460' title='bbox 3459 410 3700 480; x_wconf 81' lang='grc' dir='ltr'>δύναμιν,</span> 
     </span>
    </p>
   </div>
   <div class='ocr_carea' id='block_1_64' title="bbox 2143 501 3700 581">
    <p class='ocr_par' dir='ltr' id='par_1_64' title="bbox 2143 501 3700 581">
     <span class='ocr_line' id='line_1_64' title="bbox 2143 501 3700 581; baseline -0.006 -15"><span class='ocrx_word' id='word_1_461' title='bbox 2143 512 2281 567; x_wconf 89' lang='grc' dir='ltr'>ἀλλά</span> <span class='ocrx_word' id='word_1_462' title='bbox 2307 511 2445 566; x_wconf 86' lang='grc' dir='ltr'>κατά</span> <span class='ocrx_word' id='word_1_463' title='bbox 2471 511 2569 581; x_wconf 79' lang='grc' dir='ltr'>τήν</span> <span class='ocrx_word' id='word_1_464' title='bbox 2589 510 2795 565; x_wconf 86' lang='grc' dir='ltr'>ἄνωθεν</span> <span class='ocrx_word' id='word_1_465' title='bbox 2836 507 3123 579; x_wconf 85' lang='grc' dir='ltr'>δεδομένην</span> <span class='ocrx_word' id='word_1_466' title='bbox 3153 506 3283 575; x_wconf 76' lang='grc' dir='ltr'>ἡμῖν</span> <span class='ocrx_word' id='word_1_467' title='bbox 3322 504 3498 576; x_wconf 87' lang='grc' dir='ltr'>χάριν,</span> <span class='ocrx_word' id='word_1_468' title='bbox 3538 502 3599 554; x_wconf 74' lang='grc' dir='ltr'>οὐ</span> <span class='ocrx_word' id='word_1_469' title='bbox 3626 501 3700 557; x_wconf 74' lang='grc' dir='ltr'>διὸ</span> 
     </span>
    </p>
   </div>
   <div class='ocr_carea' id='block_1_65' title="bbox 2143 595 3700 677">
    <p class='ocr_par' dir='ltr' id='par_1_65' title="bbox 2143 595 3700 677">
     <span class='ocr_line' id='line_1_65' title="bbox 2143 595 3700 677; baseline -0.006 -19"><span class='ocrx_word' id='word_1_470' title='bbox 2143 605 2241 677; x_wconf 80' lang='grc' dir='ltr'>τὴν</span> <span class='ocrx_word' id='word_1_471' title='bbox 2288 604 2561 675; x_wconf 80' lang='grc' dir='ltr'>ἡμετέραν</span> <span class='ocrx_word' id='word_1_472' title='bbox 2597 601 2935 675; x_wconf 79' lang='grc' dir='ltr'>παρρησίαν,</span> <span class='ocrx_word' id='word_1_473' title='bbox 2985 599 3120 654; x_wconf 90' lang='grc' dir='ltr'>ἀλλά</span> <span class='ocrx_word' id='word_1_474' title='bbox 3165 597 3253 651; x_wconf 80' lang='grc' dir='ltr'>διά</span> <span class='ocrx_word' id='word_1_475' title='bbox 3296 597 3394 666; x_wconf 80' lang='grc' dir='ltr'>τὴν</span> <span class='ocrx_word' id='word_1_476' title='bbox 3442 595 3700 665; x_wconf 65' lang='grc' dir='ltr'>ὑμετέραι</span> 
     </span>
    </p>
   </div>
   <div class='ocr_carea' id='block_1_66' title="bbox 2145 687 3700 767">
    <p class='ocr_par' dir='ltr' id='par_1_66' title="bbox 2145 687 3700 767">
     <span class='ocr_line' id='line_1_66' title="bbox 2145 687 3700 767; baseline -0.008 -15"><span class='ocrx_word' id='word_1_477' title='bbox 2145 698 2412 767; x_wconf 75' lang='grc' dir='ltr'>ὠφέλειαν</span> <span class='ocrx_word' id='word_1_478' title='bbox 2444 696 2942 766; x_wconf 85' lang='grc' dir='ltr'>κατατολμὴσωμεν</span> <span class='ocrx_word' id='word_1_479' title='bbox 2966 694 3063 764; x_wconf 82' lang='grc' dir='ltr'>τῆς</span> <span class='ocrx_word' id='word_1_480' title='bbox 3091 692 3374 761; x_wconf 87' lang='grc' dir='ltr'>θαλάττης,</span> <span class='ocrx_word' id='word_1_481' title='bbox 3406 690 3506 743; x_wconf 82' lang='grc' dir='ltr'>κάν</span> <span class='ocrx_word' id='word_1_482' title='bbox 3540 687 3700 758; x_wconf 64' lang='grc' dir='ltr'>τούτῳ</span> 
     </span>
    </p>
   </div>
   <div class='ocr_carea' id='block_1_67' title="bbox 2148 780 3700 861">
    <p class='ocr_par' dir='ltr' id='par_1_67' title="bbox 2148 780 3700 861">
     <span class='ocr_line' id='line_1_67' title="bbox 2148 780 3700 861; baseline -0.008 -17"><span class='ocrx_word' id='word_1_483' title='bbox 2148 790 2357 845; x_wconf 84' lang='grc' dir='ltr'>Παῦλον</span> <span class='ocrx_word' id='word_1_484' title='bbox 2398 788 2741 861; x_wconf 79' lang='grc' dir='ltr'>μιμούμενοι.</span> <span class='ocrx_word' id='word_1_485' title='bbox 2786 789 2906 841; x_wconf 88' lang='grc' dir='ltr'>’Ότι</span> <span class='ocrx_word' id='word_1_486' title='bbox 2932 785 3041 856; x_wconf 88' lang='grc' dir='ltr'>γὰρ</span> <span class='ocrx_word' id='word_1_487' title='bbox 3083 785 3186 837; x_wconf 83' lang='grc' dir='ltr'>οὐκ</span> <span class='ocrx_word' id='word_1_488' title='bbox 3215 780 3581 852; x_wconf 86' lang='grc' dir='ltr'>ἀπεστέρησεν</span> <span class='ocrx_word' id='word_1_489' title='bbox 3620 780 3700 833; x_wconf 66' lang='grc' dir='ltr'>αὖ·</span> 
     </span>
    </p>
   </div>
   <div class='ocr_carea' id='block_1_68' title="bbox 2146 873 3700 949">
    <p class='ocr_par' dir='ltr' id='par_1_68' title="bbox 2146 873 3700 949">
     <span class='ocr_line' id='line_1_68' title="bbox 2146 873 3700 949; baseline -0.008 -13"><span class='ocrx_word' id='word_1_490' title='bbox 2146 885 2274 949; x_wconf 81' lang='grc' dir='ltr'>τοὺς</span> <span class='ocrx_word' id='word_1_491' title='bbox 2301 881 2396 939; x_wconf 84' lang='grc' dir='ltr'>τοῦ</span> <span class='ocrx_word' id='word_1_492' title='bbox 2445 881 2600 949; x_wconf 89' lang='grc' dir='ltr'>λόγου</span> <span class='ocrx_word' id='word_1_493' title='bbox 2631 878 2725 933; x_wconf 89' lang='grc' dir='ltr'>τοῦ</span> <span class='ocrx_word' id='word_1_494' title='bbox 2766 878 2907 933; x_wconf 88' lang='grc' dir='ltr'>κατά</span> <span class='ocrx_word' id='word_1_495' title='bbox 2945 877 3036 931; x_wconf 77' lang='grc' dir='ltr'>τὸν</span> <span class='ocrx_word' id='word_1_496' title='bbox 3083 875 3437 945; x_wconf 80' lang='grc' dir='ltr'>Μελχισεδὲκ,</span> <span class='ocrx_word' id='word_1_497' title='bbox 3489 873 3700 927; x_wconf 68' lang='grc' dir='ltr'>άκουσοι</span> 
     </span>
    </p>
   </div>
   <div class='ocr_carea' id='block_1_69' title="bbox 2146 963 3700 1047">
    <p class='ocr_par' dir='ltr' id='par_1_69' title="bbox 2146 963 3700 1047">
     <span class='ocr_line' id='line_1_69' title="bbox 2146 963 3700 1047; baseline -0.008 -17"><span class='ocrx_word' id='word_1_498' title='bbox 2146 977 2257 1032; x_wconf 87' lang='grc' dir='ltr'>τῶν</span> <span class='ocrx_word' id='word_1_499' title='bbox 2284 976 2430 1047; x_wconf 83' lang='grc' dir='ltr'>ἐξῆς.</span> <span class='ocrx_word' id='word_1_500' title='bbox 2457 973 2640 1028; x_wconf 88' lang='grc' dir='ltr'>Εἰπὼν</span> <span class='ocrx_word' id='word_1_501' title='bbox 2676 971 2831 1041; x_wconf 92' lang='grc' dir='ltr'>γοῦν,</span> <span class='ocrx_word' id='word_1_502' title='bbox 2858 970 2997 1039; x_wconf 87' lang='grc' dir='ltr'>Περί</span> <span class='ocrx_word' id='word_1_503' title='bbox 3024 965 3097 1025; x_wconf 83' lang='grc' dir='ltr'>οὗ</span> <span class='ocrx_word' id='word_1_504' title='bbox 3132 967 3327 1033; x_wconf 74' lang='grc' dir='ltr'>πολὺς</span> <span class='ocrx_word' id='word_1_505' title='bbox 3350 969 3383 1020; x_wconf 87' lang='grc' dir='ltr'>ό</span> <span class='ocrx_word' id='word_1_506' title='bbox 3411 966 3592 1035; x_wconf 73' lang='grc' dir='ltr'>λόγος</span> <span class='ocrx_word' id='word_1_507' title='bbox 3618 963 3700 1018; x_wconf 73' lang='grc' dir='ltr'>καί</span> 
     </span>
    </p>
   </div>
   <div class='ocr_carea' id='block_1_70' title="bbox 2149 1057 3700 1137">
    <p class='ocr_par' dir='ltr' id='par_1_70' title="bbox 2149 1057 3700 1137">
     <span class='ocr_line' id='line_1_70' title="bbox 2149 1057 3700 1137; baseline -0.008 -14"><span class='ocrx_word' id='word_1_508' title='bbox 2149 1068 2651 1137; x_wconf 80' lang='grc' dir='ltr'>δυσερμήνευτος,</span> <span class='ocrx_word' id='word_1_509' title='bbox 2688 1066 2985 1136; x_wconf 73' lang='grc' dir='ltr'>ἐπήγαγεν*</span> <span class='ocrx_word' id='word_1_510' title='bbox 3014 1057 3201 1127; x_wconf 83' lang='grc' dir='ltr'>Οὗτος</span> <span class='ocrx_word' id='word_1_511' title='bbox 3225 1060 3335 1130; x_wconf 84' lang='grc' dir='ltr'>γὰρ</span> <span class='ocrx_word' id='word_1_512' title='bbox 3373 1062 3405 1113; x_wconf 85' lang='grc' dir='ltr'><em>ὁ</em></span> <span class='ocrx_word' id='word_1_513' title='bbox 3431 1060 3700 1126; x_wconf 69' lang='grc' dir='ltr'>Μελχισε</span> 
     </span>
    </p>
   </div>
   <div class='ocr_carea' id='block_1_71' title="bbox 2151 1152 3700 1226">
    <p class='ocr_par' dir='ltr' id='par_1_71' title="bbox 2151 1152 3700 1226">
     <span class='ocr_line' id='line_1_71' title="bbox 2151 1152 3700 1226; baseline -0.008 -10"><span class='ocrx_word' id='word_1_514' title='bbox 2151 1162 2257 1216; x_wconf 79' lang='grc' dir='ltr'>δὲκ</span> <span class='ocrx_word' id='word_1_515' title='bbox 2274 1202 2289 1224; x_wconf 91' lang='grc'>,</span> <span class='ocrx_word' id='word_1_516' title='bbox 2316 1160 2615 1226; x_wconf 73' lang='grc' dir='ltr'>βασιλεὺς</span> <span class='ocrx_word' id='word_1_517' title='bbox 2643 1158 3031 1223; x_wconf 81' lang='grc' dir='ltr'>δικαιοσύνης</span> <span class='ocrx_word' id='word_1_518' title='bbox 3050 1170 3064 1185; x_wconf 83' lang='lat'><strong>&#39;</strong></span> <span class='ocrx_word' id='word_1_519' title='bbox 3099 1154 3303 1208; x_wconf 81' lang='grc' dir='ltr'>ἔπειτα</span> <span class='ocrx_word' id='word_1_520' title='bbox 3328 1152 3397 1205; x_wconf 85' lang='grc' dir='ltr'>δὲ</span> <span class='ocrx_word' id='word_1_521' title='bbox 3423 1152 3525 1205; x_wconf 83' lang='grc' dir='ltr'>καί</span> <span class='ocrx_word' id='word_1_522' title='bbox 3540 1152 3700 1214; x_wconf 74' lang='grc' dir='ltr'>,βασιι</span> 
     </span>
    </p>
   </div>
   <div class='ocr_carea' id='block_1_72' title="bbox 2152 1241 3700 1321">
    <p class='ocr_par' dir='ltr' id='par_1_72' title="bbox 2152 1241 3700 1321">
     <span class='ocr_line' id='line_1_72' title="bbox 2152 1241 3700 1321; baseline -0.01 -12"><span class='ocrx_word' id='word_1_523' title='bbox 2152 1254 2299 1321; x_wconf 77' lang='grc' dir='ltr'>λεὺς</span> <span class='ocrx_word' id='word_1_524' title='bbox 2326 1252 2534 1321; x_wconf 80' lang='grc' dir='ltr'>Σαλὴμ</span> <span class='ocrx_word' id='word_1_525' title='bbox 2558 1292 2572 1315; x_wconf 91' lang='grc'>,</span> <span class='ocrx_word' id='word_1_526' title='bbox 2605 1250 2638 1304; x_wconf 84' lang='grc' dir='ltr'><em>ὅ</em></span> <span class='ocrx_word' id='word_1_527' title='bbox 2667 1249 2798 1305; x_wconf 81' lang='grc' dir='ltr'>ἐστι</span> <span class='ocrx_word' id='word_1_528' title='bbox 2839 1247 3137 1314; x_wconf 72' lang='grc' dir='ltr'>βασιλεὺς</span> <span class='ocrx_word' id='word_1_529' title='bbox 3161 1244 3427 1314; x_wconf 76' lang='grc' dir='ltr'>εἰρήνης,</span> <span class='ocrx_word' id='word_1_530' title='bbox 3462 1241 3700 1310; x_wconf 52' lang='grc' dir='ltr'>ἀπάτωργ</span> 
     </span>
    </p>
   </div>
   <div class='ocr_carea' id='block_1_73' title="bbox 2154 1334 3700 1415">
    <p class='ocr_par' dir='ltr' id='par_1_73' title="bbox 2154 1334 3700 1415">
     <span class='ocr_line' id='line_1_73' title="bbox 2154 1334 3700 1415; baseline -0.008 -14"><span class='ocrx_word' id='word_1_531' title='bbox 2154 1345 2431 1415; x_wconf 81' lang='grc' dir='ltr'>ἀμήτωρ,</span> <span class='ocrx_word' id='word_1_532' title='bbox 2479 1342 2949 1412; x_wconf 66' lang='grc' dir='ltr'>ἀγενεαλόγητος</span> <span class='ocrx_word' id='word_1_533' title='bbox 2971 1380 2987 1405; x_wconf 92' lang='grc'>,</span> <span class='ocrx_word' id='word_1_534' title='bbox 3015 1338 3167 1409; x_wconf 79' lang='grc' dir='ltr'>μήτε</span> <span class='ocrx_word' id='word_1_535' title='bbox 3211 1337 3409 1407; x_wconf 81' lang='grc' dir='ltr'>ἀρχὴν</span> <span class='ocrx_word' id='word_1_536' title='bbox 3450 1334 3700 1404; x_wconf 75' lang='grc' dir='ltr'>ἡμερῶν.</span> 
     </span>
    </p>
   </div>
   <div class='ocr_carea' id='block_1_74' title="bbox 2149 1424 3700 1508">
    <p class='ocr_par' dir='ltr' id='par_1_74' title="bbox 2149 1424 3700 1508">
     <span class='ocr_line' id='line_1_74' title="bbox 2149 1424 3700 1508; baseline -0.008 -18"><span class='ocrx_word' id='word_1_537' title='bbox 2149 1438 2302 1508; x_wconf 79' lang='grc' dir='ltr'>μήτε</span> <span class='ocrx_word' id='word_1_538' title='bbox 2334 1434 2482 1503; x_wconf 78' lang='grc' dir='ltr'>ζωῆς</span> <span class='ocrx_word' id='word_1_539' title='bbox 2513 1434 2687 1499; x_wconf 77' lang='grc' dir='ltr'>τέλος</span> <span class='ocrx_word' id='word_1_540' title='bbox 2714 1431 2888 1502; x_wconf 76' lang='grc' dir='ltr'>ἔχων·</span> <span class='ocrx_word' id='word_1_541' title='bbox 2927 1428 3377 1499; x_wconf 66' lang='grc' dir='ltr'>ἀφωμοιωμένος</span> <span class='ocrx_word' id='word_1_542' title='bbox 3413 1427 3483 1481; x_wconf 82' lang='grc' dir='ltr'>δὲ</span> <span class='ocrx_word' id='word_1_543' title='bbox 3510 1426 3588 1492; x_wconf 84' lang='grc' dir='ltr'>τῷ</span> <span class='ocrx_word' id='word_1_544' title='bbox 3618 1424 3700 1490; x_wconf 63' lang='lat' dir='ltr'>Th;</span> 
     </span>
    </p>
   </div>
   <div class='ocr_carea' id='block_1_75' title="bbox 2155 1515 3700 1597">
    <p class='ocr_par' dir='ltr' id='par_1_75' title="bbox 2155 1515 3700 1597">
     <span class='ocr_line' id='line_1_75' title="bbox 2155 1515 3700 1597; baseline -0.007 -14"><span class='ocrx_word' id='word_1_545' title='bbox 2155 1529 2262 1583; x_wconf 84' lang='grc' dir='ltr'>τοῦ</span> <span class='ocrx_word' id='word_1_546' title='bbox 2294 1528 2439 1582; x_wconf 87' lang='grc' dir='ltr'>Θεοῦ</span> <span class='ocrx_word' id='word_1_547' title='bbox 2465 1528 2630 1597; x_wconf 81' lang='grc' dir='ltr'>μένει</span> <span class='ocrx_word' id='word_1_548' title='bbox 2659 1524 2849 1593; x_wconf 79' lang='grc' dir='ltr'>ἱερεὺς</span> <span class='ocrx_word' id='word_1_549' title='bbox 2887 1524 2974 1589; x_wconf 86' lang='grc' dir='ltr'>εἰς</span> <span class='ocrx_word' id='word_1_550' title='bbox 3013 1521 3082 1575; x_wconf 83' lang='grc' dir='ltr'>τὸ</span> <span class='ocrx_word' id='word_1_551' title='bbox 3124 1520 3415 1589; x_wconf 79' lang='grc' dir='ltr'>διηνεκές.</span> <span class='ocrx_word' id='word_1_552' title='bbox 3445 1515 3592 1591; x_wconf 68' lang='grc' dir='ltr'>’Δρα</span> <span class='ocrx_word' id='word_1_553' title='bbox 3628 1522 3700 1573; x_wconf 67' lang='grc' dir='ltr'>οὐ)</span> 
     </span>
    </p>
   </div>
   <div class='ocr_carea' id='block_1_76' title="bbox 2157 1611 3699 1692">
    <p class='ocr_par' dir='ltr' id='par_1_76' title="bbox 2157 1611 3699 1692">
     <span class='ocr_line' id='line_1_76' title="bbox 2157 1611 3699 1692; baseline -0.008 -17"><span class='ocrx_word' id='word_1_554' title='bbox 2157 1619 2417 1692; x_wconf 74' lang='grc' dir='ltr'>ἐτάραξεν</span> <span class='ocrx_word' id='word_1_555' title='bbox 2447 1617 2600 1689; x_wconf 83' lang='grc' dir='ltr'>ὑμῶν</span> <span class='ocrx_word' id='word_1_556' title='bbox 2622 1617 2720 1680; x_wconf 89' lang='grc' dir='ltr'>τάς</span> <span class='ocrx_word' id='word_1_557' title='bbox 2744 1614 2914 1678; x_wconf 83' lang='grc' dir='ltr'>ἀκοὰς</span> <span class='ocrx_word' id='word_1_558' title='bbox 2942 1615 3069 1686; x_wconf 76' lang='grc' dir='ltr'>περὶ</span> <span class='ocrx_word' id='word_1_559' title='bbox 3101 1612 3389 1684; x_wconf 83' lang='grc' dir='ltr'>ἀνθρώπου</span> <span class='ocrx_word' id='word_1_560' title='bbox 3416 1611 3699 1679; x_wconf 64' lang='grc' dir='ltr'>διαλεγόμει</span> 
     </span>
    </p>
   </div>
   <div class='ocr_carea' id='block_1_77' title="bbox 2158 1703 3699 1775">
    <p class='ocr_par' dir='ltr' id='par_1_77' title="bbox 2158 1703 3699 1775">
     <span class='ocr_line' id='line_1_77' title="bbox 2158 1703 3699 1775; baseline -0.009 -9"><span class='ocrx_word' id='word_1_561' title='bbox 2158 1729 2247 1775; x_wconf 89' lang='grc' dir='ltr'>νος</span> <span class='ocrx_word' id='word_1_562' title='bbox 2279 1713 2307 1765; x_wconf 90' lang='lat'>6</span> <span class='ocrx_word' id='word_1_563' title='bbox 2339 1709 2546 1773; x_wconf 86' lang='grc' dir='ltr'>Παῦλος</span> <span class='ocrx_word' id='word_1_564' title='bbox 2575 1708 2670 1761; x_wconf 73' lang='grc' dir='ltr'>καὶ</span> <span class='ocrx_word' id='word_1_565' title='bbox 2692 1708 2884 1775; x_wconf 84' lang='grc' dir='ltr'>λέγων,</span> <span class='ocrx_word' id='word_1_566' title='bbox 2922 1703 3195 1772; x_wconf 84' lang='grc' dir='ltr'>Ἀπὰτωρ,</span> <span class='ocrx_word' id='word_1_567' title='bbox 3226 1703 3507 1772; x_wconf 81' lang='grc' dir='ltr'>ἀμήτωρ;</span> <span class='ocrx_word' id='word_1_568' title='bbox 3543 1704 3649 1756; x_wconf 81' lang='grc' dir='ltr'>Καὶ</span> <span class='ocrx_word' id='word_1_569' title='bbox 3668 1721 3699 1754; x_wconf 78' lang='grc' dir='ltr'>τι</span> 
     </span>
    </p>
   </div>
   <div class='ocr_carea' id='block_1_78' title="bbox 2157 1792 3699 1874">
    <p class='ocr_par' dir='ltr' id='par_1_78' title="bbox 2157 1792 3699 1874">
     <span class='ocr_line' id='line_1_78' title="bbox 2157 1792 3699 1874; baseline -0.008 -17"><span class='ocrx_word' id='word_1_570' title='bbox 2157 1803 2321 1873; x_wconf 88' lang='grc' dir='ltr'>λέγω,</span> <span class='ocrx_word' id='word_1_571' title='bbox 2360 1801 2487 1874; x_wconf 82' lang='grc' dir='ltr'>περί</span> <span class='ocrx_word' id='word_1_572' title='bbox 2522 1798 2840 1870; x_wconf 76' lang='grc' dir='ltr'>ἀνθρώπους</span> <span class='ocrx_word' id='word_1_573' title='bbox 2876 1798 2938 1851; x_wconf 88' lang='grc' dir='ltr'>Εἰ</span> <span class='ocrx_word' id='word_1_574' title='bbox 2962 1797 3069 1869; x_wconf 87' lang='grc' dir='ltr'>γάρ</span> <span class='ocrx_word' id='word_1_575' title='bbox 3099 1797 3226 1866; x_wconf 84' lang='grc' dir='ltr'>περί</span> <span class='ocrx_word' id='word_1_576' title='bbox 3258 1795 3349 1849; x_wconf 85' lang='grc' dir='ltr'>τοῦ</span> <span class='ocrx_word' id='word_1_577' title='bbox 3393 1792 3625 1866; x_wconf 75' lang='grc' dir='ltr'>Χριστοῦ</span> <span class='ocrx_word' id='word_1_578' title='bbox 3646 1792 3699 1845; x_wconf 77' lang='grc' dir='ltr'>λέ</span> 
     </span>
    </p>
   </div>
   <div class='ocr_carea' id='block_1_79' title="bbox 2158 1886 3699 1965">
    <p class='ocr_par' dir='ltr' id='par_1_79' title="bbox 2158 1886 3699 1965">
     <span class='ocr_line' id='line_1_79' title="bbox 2158 1886 3699 1965; baseline -0.008 -15"><span class='ocrx_word' id='word_1_579' title='bbox 2158 1913 2309 1965; x_wconf 87' lang='grc' dir='ltr'>γοιτο</span> <span class='ocrx_word' id='word_1_580' title='bbox 2331 1894 2505 1957; x_wconf 86' lang='grc' dir='ltr'>τοῦτο,</span> <span class='ocrx_word' id='word_1_581' title='bbox 2530 1892 2629 1947; x_wconf 79' lang='grc' dir='ltr'>οὐκ</span> <span class='ocrx_word' id='word_1_582' title='bbox 2664 1892 2731 1947; x_wconf 84' lang='grc' dir='ltr'>ἂν</span> <span class='ocrx_word' id='word_1_583' title='bbox 2761 1891 2958 1961; x_wconf 84' lang='grc' dir='ltr'>πολλὴν</span> <span class='ocrx_word' id='word_1_584' title='bbox 2998 1890 3091 1945; x_wconf 76' lang='grc' dir='ltr'>καὶ</span> <span class='ocrx_word' id='word_1_585' title='bbox 3126 1889 3298 1952; x_wconf 87' lang='grc' dir='ltr'>οῦτως</span> <span class='ocrx_word' id='word_1_586' title='bbox 3346 1889 3478 1958; x_wconf 84' lang='grc' dir='ltr'>ἡμῖν</span> <span class='ocrx_word' id='word_1_587' title='bbox 3508 1886 3699 1958; x_wconf 68' lang='grc' dir='ltr'>παρέχοι</span> 
     </span>
    </p>
   </div>
   <div class='ocr_carea' id='block_1_80' title="bbox 2162 1981 3693 2062">
    <p class='ocr_par' dir='ltr' id='par_1_80' title="bbox 2162 1981 3693 2062">
     <span class='ocr_line' id='line_1_80' title="bbox 2162 1981 3693 2062; baseline -0.008 -18"><span class='ocrx_word' id='word_1_588' title='bbox 2162 1990 2425 2062; x_wconf 79' lang='grc' dir='ltr'>ζήτησινς</span> <span class='ocrx_word' id='word_1_589' title='bbox 2477 1988 2539 2041; x_wconf 86' lang='grc' dir='ltr'>Εἰ</span> <span class='ocrx_word' id='word_1_590' title='bbox 2578 1986 2686 2058; x_wconf 85' lang='grc' dir='ltr'>γάρ</span> <span class='ocrx_word' id='word_1_591' title='bbox 2729 1986 2977 2057; x_wconf 88' lang='grc' dir='ltr'>ἀπάτωρ,</span> <span class='ocrx_word' id='word_1_592' title='bbox 3019 1983 3136 2045; x_wconf 84' lang='grc' dir='ltr'>πῶς</span> <span class='ocrx_word' id='word_1_593' title='bbox 3185 1983 3342 2048; x_wconf 86' lang='grc' dir='ltr'>Υἰός;</span> <span class='ocrx_word' id='word_1_594' title='bbox 3379 1983 3430 2034; x_wconf 88' lang='grc' dir='ltr'>εί</span> <span class='ocrx_word' id='word_1_595' title='bbox 3478 1981 3693 2050; x_wconf 84' lang='grc' dir='ltr'>ἀπάτωρ</span> 
     </span>
    </p>
   </div>
   <div class='ocr_carea' id='block_1_81' title="bbox 2164 2074 3700 2151">
    <p class='ocr_par' dir='ltr' id='par_1_81' title="bbox 2164 2074 3700 2151">
     <span class='ocr_line' id='line_1_81' title="bbox 2164 2074 3700 2151; baseline -0.008 -14"><span class='ocrx_word' id='word_1_596' title='bbox 2164 2082 2281 2147; x_wconf 84' lang='grc' dir='ltr'>πῶς</span> <span class='ocrx_word' id='word_1_597' title='bbox 2308 2081 2652 2151; x_wconf 85' lang='grc' dir='ltr'>Μονογενής;</span> <span class='ocrx_word' id='word_1_598' title='bbox 2692 2080 2751 2132; x_wconf 84' lang='lat'><strong>&#39;0</strong></span> <span class='ocrx_word' id='word_1_599' title='bbox 2791 2077 2902 2150; x_wconf 90' lang='grc' dir='ltr'>γάρ</span> <span class='ocrx_word' id='word_1_600' title='bbox 2951 2078 3064 2141; x_wconf 77' lang='grc' dir='ltr'>υἱὸς</span> <span class='ocrx_word' id='word_1_601' title='bbox 3101 2076 3303 2146; x_wconf 83' lang='grc' dir='ltr'>ὀφείλει</span> <span class='ocrx_word' id='word_1_602' title='bbox 3334 2074 3545 2147; x_wconf 82' lang='grc' dir='ltr'>πατέρα</span> <span class='ocrx_word' id='word_1_603' title='bbox 3566 2075 3700 2144; x_wconf 78' lang='grc' dir='ltr'>ἔχειν,</span> 
     </span>
    </p>
   </div>
   <div class='ocr_carea' id='block_1_82' title="bbox 2165 2162 3700 2238">
    <p class='ocr_par' dir='ltr' id='par_1_82' title="bbox 2165 2162 3700 2238">
     <span class='ocr_line' id='line_1_82' title="bbox 2165 2162 3700 2238; baseline -0.007 -12"><span class='ocrx_word' id='word_1_604' title='bbox 2165 2173 2285 2226; x_wconf 74' lang='grc' dir='ltr'>ἐπεὶ</span> <span class='ocrx_word' id='word_1_605' title='bbox 2311 2172 2410 2224; x_wconf 77' lang='grc' dir='ltr'>οὐκ</span> <span class='ocrx_word' id='word_1_606' title='bbox 2432 2171 2498 2224; x_wconf 83' lang='grc' dir='ltr'>ἂν</span> <span class='ocrx_word' id='word_1_607' title='bbox 2530 2169 2616 2238; x_wconf 79' lang='grc' dir='ltr'>εἴη</span> <span class='ocrx_word' id='word_1_608' title='bbox 2650 2168 2785 2232; x_wconf 87' lang='grc' dir='ltr'>υἰός.</span> <span class='ocrx_word' id='word_1_609' title='bbox 2826 2165 2983 2219; x_wconf 76' lang='grc' dir='ltr'>Ἀ).λά</span> <span class='ocrx_word' id='word_1_610' title='bbox 3010 2165 3104 2218; x_wconf 74' lang='grc' dir='ltr'>καὶ</span> <span class='ocrx_word' id='word_1_611' title='bbox 3124 2165 3353 2234; x_wconf 82' lang='grc' dir='ltr'>ἀπάτωρ</span> <span class='ocrx_word' id='word_1_612' title='bbox 3376 2163 3524 2217; x_wconf 76' lang='grc' dir='ltr'>ἐστὶν</span> <span class='ocrx_word' id='word_1_613' title='bbox 3552 2165 3579 2218; x_wconf 89' lang='lat'>6</span> <span class='ocrx_word' id='word_1_614' title='bbox 3608 2162 3700 2225; x_wconf 54' lang='grc' dir='ltr'>Υἱὸς</span> 
     </span>
    </p>
   </div>
   <div class='ocr_carea' id='block_1_83' title="bbox 2164 2251 3700 2329">
    <p class='ocr_par' dir='ltr' id='par_1_83' title="bbox 2164 2251 3700 2329">
     <span class='ocr_line' id='line_1_83' title="bbox 2164 2251 3700 2329; baseline -0.007 -15"><span class='ocrx_word' id='word_1_615' title='bbox 2164 2260 2257 2314; x_wconf 89' lang='grc' dir='ltr'>τοῦ</span> <span class='ocrx_word' id='word_1_616' title='bbox 2285 2260 2439 2324; x_wconf 86' lang='grc' dir='ltr'>Θεοῦ,</span> <span class='ocrx_word' id='word_1_617' title='bbox 2491 2259 2585 2313; x_wconf 82' lang='grc' dir='ltr'>καί</span> <span class='ocrx_word' id='word_1_618' title='bbox 2631 2258 2887 2329; x_wconf 89' lang='grc' dir='ltr'>ἀμήτωρ.</span> <span class='ocrx_word' id='word_1_619' title='bbox 2949 2255 3101 2321; x_wconf 88' lang='grc' dir='ltr'>Πῶς;</span> <span class='ocrx_word' id='word_1_620' title='bbox 3149 2253 3406 2324; x_wconf 80' lang='grc' dir='ltr'>’Δπάτωρ</span> <span class='ocrx_word' id='word_1_621' title='bbox 3446 2252 3542 2323; x_wconf 81' lang='grc' dir='ltr'>τὴν</span> <span class='ocrx_word' id='word_1_622' title='bbox 3586 2251 3700 2305; x_wconf 77' lang='grc' dir='ltr'>κάτα</span> 
     </span>
    </p>
   </div>
   <div class='ocr_carea' id='block_1_84' title="bbox 2165 2339 3700 2419">
    <p class='ocr_par' dir='ltr' id='par_1_84' title="bbox 2165 2339 3700 2419">
     <span class='ocr_line' id='line_1_84' title="bbox 2165 2339 3700 2419; baseline -0.007 -18"><span class='ocrx_word' id='word_1_623' title='bbox 2165 2350 2439 2419; x_wconf 81' lang='grc' dir='ltr'>γέννησιν,</span> <span class='ocrx_word' id='word_1_624' title='bbox 2467 2347 2699 2418; x_wconf 79' lang='grc' dir='ltr'>ἀμήτωρ</span> <span class='ocrx_word' id='word_1_625' title='bbox 2735 2346 2829 2417; x_wconf 80' lang='grc' dir='ltr'>τὴν</span> <span class='ocrx_word' id='word_1_626' title='bbox 2855 2345 2966 2400; x_wconf 85' lang='grc' dir='ltr'>άνω</span> <span class='ocrx_word' id='word_1_627' title='bbox 2988 2362 3002 2375; x_wconf 91' lang='grc'><strong>·</strong></span> <span class='ocrx_word' id='word_1_628' title='bbox 3047 2342 3171 2395; x_wconf 76' lang='grc' dir='ltr'>οὔτε</span> <span class='ocrx_word' id='word_1_629' title='bbox 3203 2340 3311 2412; x_wconf 72' lang='grc' dir='ltr'>γὰρ</span> <span class='ocrx_word' id='word_1_630' title='bbox 3344 2341 3438 2394; x_wconf 60' lang='grc' dir='ltr'>ἐπὶ⁵</span> <span class='ocrx_word' id='word_1_631' title='bbox 3477 2340 3577 2409; x_wconf 82' lang='grc' dir='ltr'>γῆς</span> <span class='ocrx_word' id='word_1_632' title='bbox 3609 2339 3700 2407; x_wconf 75' lang='grc' dir='ltr'>ἔσχε</span> 
     </span>
    </p>
   </div>
   <div class='ocr_carea' id='block_1_85' title="bbox 2168 2433 3699 2511">
    <p class='ocr_par' dir='ltr' id='par_1_85' title="bbox 2168 2433 3699 2511">
     <span class='ocr_line' id='line_1_85' title="bbox 2168 2433 3699 2511; baseline -0.008 -17"><span class='ocrx_word' id='word_1_633' title='bbox 2168 2439 2403 2511; x_wconf 81' lang='grc' dir='ltr'>πατέρα,</span> <span class='ocrx_word' id='word_1_634' title='bbox 2444 2436 2568 2493; x_wconf 80' lang='grc' dir='ltr'>οὔτε</span> <span class='ocrx_word' id='word_1_635' title='bbox 2598 2439 2655 2491; x_wconf 91' lang='grc' dir='ltr'>ἐν</span> <span class='ocrx_word' id='word_1_636' title='bbox 2687 2435 2904 2508; x_wconf 82' lang='grc' dir='ltr'>οὐρανῷ</span> <span class='ocrx_word' id='word_1_637' title='bbox 2944 2433 3174 2507; x_wconf 84' lang='grc' dir='ltr'>μητέρα.</span> <span class='ocrx_word' id='word_1_638' title='bbox 3218 2433 3699 2503; x_wconf 53' lang='grc' dir='ltr'>Ἀγενεαλόγητοςι</span> 
     </span>
    </p>
   </div>
   <div class='ocr_carea' id='block_1_86' title="bbox 2182 2518 3700 2595">
    <p class='ocr_par' dir='ltr' id='par_1_86' title="bbox 2182 2518 3700 2595">
     <span class='ocr_line' id='line_1_86' title="bbox 2182 2518 3700 2595; baseline -0.009 -12"><span class='ocrx_word' id='word_1_639' title='bbox 2182 2530 2553 2583; x_wconf 84' lang='grc' dir='ltr'>Ἀκουέτωσαν</span> <span class='ocrx_word' id='word_1_640' title='bbox 2585 2528 2633 2580; x_wconf 89' lang='grc' dir='ltr'>οἰ</span> <span class='ocrx_word' id='word_1_641' title='bbox 2677 2526 2778 2595; x_wconf 86' lang='grc' dir='ltr'>τὴν</span> <span class='ocrx_word' id='word_1_642' title='bbox 2806 2525 2994 2579; x_wconf 87' lang='grc' dir='ltr'>οὐσίαν</span> <span class='ocrx_word' id='word_1_643' title='bbox 3032 2521 3194 2578; x_wconf 85' lang='grc' dir='ltr'>αὑτοῦ</span> <span class='ocrx_word' id='word_1_644' title='bbox 3229 2518 3700 2592; x_wconf 75' lang='grc' dir='ltr'>πολυπραγμονοῦν</span> 
     </span>
    </p>
   </div>
   <div class='ocr_carea' id='block_1_87' title="bbox 2166 2609 3700 2685">
    <p class='ocr_par' dir='ltr' id='par_1_87' title="bbox 2166 2609 3700 2685">
     <span class='ocr_line' id='line_1_87' title="bbox 2166 2609 3700 2685; baseline -0.008 -13"><span class='ocrx_word' id='word_1_645' title='bbox 2166 2635 2281 2682; x_wconf 86' lang='grc' dir='ltr'>τες·</span> <span class='ocrx_word' id='word_1_646' title='bbox 2308 2617 2484 2671; x_wconf 87' lang='grc' dir='ltr'>καίτοι</span> <span class='ocrx_word' id='word_1_647' title='bbox 2514 2616 2659 2678; x_wconf 86' lang='grc' dir='ltr'>τινὲς</span> <span class='ocrx_word' id='word_1_648' title='bbox 2684 2614 3016 2685; x_wconf 78' lang='grc' dir='ltr'>νομίζουσιν,</span> <span class='ocrx_word' id='word_1_649' title='bbox 3050 2612 3132 2666; x_wconf 80' lang='grc' dir='ltr'>ὅτι</span> <span class='ocrx_word' id='word_1_650' title='bbox 3161 2610 3223 2663; x_wconf 87' lang='grc' dir='ltr'>τδ</span> <span class='ocrx_word' id='word_1_651' title='bbox 3256 2609 3700 2679; x_wconf 70' lang='grc' dir='ltr'>Ἄτενεαλόγητος</span> 
     </span>
    </p>
   </div>
   <div class='ocr_carea' id='block_1_88' title="bbox 2168 2694 3700 2776">
    <p class='ocr_par' dir='ltr' id='par_1_88' title="bbox 2168 2694 3700 2776">
     <span class='ocr_line' id='line_1_88' title="bbox 2168 2694 3700 2776; baseline -0.01 -16"><span class='ocrx_word' id='word_1_652' title='bbox 2168 2704 2328 2760; x_wconf 90' lang='grc' dir='ltr'>τοῦτο</span> <span class='ocrx_word' id='word_1_653' title='bbox 2349 2705 2475 2776; x_wconf 85' lang='grc' dir='ltr'>περί</span> <span class='ocrx_word' id='word_1_654' title='bbox 2499 2704 2597 2774; x_wconf 82' lang='grc' dir='ltr'>τῆς</span> <span class='ocrx_word' id='word_1_655' title='bbox 2627 2704 2739 2758; x_wconf 82' lang='grc' dir='ltr'>ἀνω</span> <span class='ocrx_word' id='word_1_656' title='bbox 2781 2703 3085 2773; x_wconf 88' lang='grc' dir='ltr'>γεννήσεως</span> <span class='ocrx_word' id='word_1_657' title='bbox 3124 2700 3360 2771; x_wconf 75' lang='grc' dir='ltr'>εἴρηται.</span> <span class='ocrx_word' id='word_1_658' title='bbox 3404 2700 3468 2751; x_wconf 84' lang='grc' dir='ltr'>Οἰ</span> <span class='ocrx_word' id='word_1_659' title='bbox 3509 2697 3599 2767; x_wconf 83' lang='grc' dir='ltr'>μὲν</span> <span class='ocrx_word' id='word_1_660' title='bbox 3625 2694 3700 2763; x_wconf 63' lang='grc' dir='ltr'>γὰρ</span> 
     </span>
    </p>
   </div>
   <div class='ocr_carea' id='block_1_89' title="bbox 2171 2785 3700 2865">
    <p class='ocr_par' dir='ltr' id='par_1_89' title="bbox 2171 2785 3700 2865">
     <span class='ocr_line' id='line_1_89' title="bbox 2171 2785 3700 2865; baseline -0.011 -15"><span class='ocrx_word' id='word_1_661' title='bbox 2171 2794 2431 2865; x_wconf 73' lang='grc' dir='ltr'>αἰρετικοὶ</span> <span class='ocrx_word' id='word_1_662' title='bbox 2468 2794 2585 2847; x_wconf 76' lang='grc' dir='ltr'>οὐδὲ</span> <span class='ocrx_word' id='word_1_663' title='bbox 2615 2792 2769 2847; x_wconf 88' lang='grc' dir='ltr'>τοῦτο</span> <span class='ocrx_word' id='word_1_664' title='bbox 2793 2791 3086 2863; x_wconf 76' lang='grc' dir='ltr'>βούλονταιο</span> <span class='ocrx_word' id='word_1_665' title='bbox 3119 2790 3213 2844; x_wconf 83' lang='grc' dir='ltr'>καί</span> <span class='ocrx_word' id='word_1_666' title='bbox 3251 2789 3358 2860; x_wconf 81' lang='grc' dir='ltr'>γὰρ</span> <span class='ocrx_word' id='word_1_667' title='bbox 3402 2786 3495 2841; x_wconf 75' lang='grc' dir='ltr'>καὶ</span> <span class='ocrx_word' id='word_1_668' title='bbox 3533 2785 3700 2853; x_wconf 60' lang='grc' dir='ltr'>ἐκείνῃ</span> 
     </span>
    </p>
   </div>
   <div class='ocr_carea' id='block_1_90' title="bbox 2173 2877 3691 2957">
    <p class='ocr_par' dir='ltr' id='par_1_90' title="bbox 2173 2877 3691 2957">
     <span class='ocr_line' id='line_1_90' title="bbox 2173 2877 3691 2957; baseline -0.01 -16"><span class='ocrx_word' id='word_1_669' title='bbox 2173 2884 2689 2957; x_wconf 86' lang='grc' dir='ltr'>πολυπραγμονοῦσι</span> <span class='ocrx_word' id='word_1_670' title='bbox 2722 2884 2819 2938; x_wconf 71' lang='grc' dir='ltr'>καὶ</span> <span class='ocrx_word' id='word_1_671' title='bbox 2863 2879 3335 2954; x_wconf 69' lang='grc' dir='ltr'>περιεργάζονταιν</span> <span class='ocrx_word' id='word_1_672' title='bbox 3385 2879 3439 2932; x_wconf 84' lang='grc' dir='ltr'>οἰ</span> <span class='ocrx_word' id='word_1_673' title='bbox 3480 2877 3537 2930; x_wconf 80' lang='grc' dir='ltr'>δὲ</span> <span class='ocrx_word' id='word_1_674' title='bbox 3573 2877 3691 2928; x_wconf 85' lang='grc' dir='ltr'>ἐπιει</span> 
     </span>
    </p>
   </div>
   <div class='ocr_carea' id='block_1_91' title="bbox 2174 2967 3695 3050">
    <p class='ocr_par' dir='ltr' id='par_1_91' title="bbox 2174 2967 3695 3050">
     <span class='ocr_line' id='line_1_91' title="bbox 2174 2967 3695 3050; baseline -0.011 -17"><span class='ocrx_word' id='word_1_675' title='bbox 2174 2980 2426 3050; x_wconf 88' lang='grc' dir='ltr'>κέστεροι</span> <span class='ocrx_word' id='word_1_676' title='bbox 2453 2977 2659 3032; x_wconf 88' lang='grc' dir='ltr'>τούτων</span> <span class='ocrx_word' id='word_1_677' title='bbox 2700 2976 2884 3047; x_wconf 79' lang='grc' dir='ltr'>ἐκείνῃ</span> <span class='ocrx_word' id='word_1_678' title='bbox 2932 2974 3029 3045; x_wconf 90' lang='grc' dir='ltr'>μέν</span> <span class='ocrx_word' id='word_1_679' title='bbox 3070 2970 3511 3042; x_wconf 72' lang='grc' dir='ltr'>παραχωροῦσιν,</span> <span class='ocrx_word' id='word_1_680' title='bbox 3562 2967 3695 3019; x_wconf 78' lang='grc' dir='ltr'>οὐκέτ</span> 
     </span>
    </p>
   </div>
   <div class='ocr_carea' id='block_1_92' title="bbox 2174 3053 3699 3138">
    <p class='ocr_par' dir='ltr' id='par_1_92' title="bbox 2174 3053 3699 3138">
     <span class='ocr_line' id='line_1_92' title="bbox 2174 3053 3699 3138; baseline -0.013 -13"><span class='ocrx_word' id='word_1_681' title='bbox 2174 3071 2231 3125; x_wconf 82' lang='grc' dir='ltr'>δέ</span> <span class='ocrx_word' id='word_1_682' title='bbox 2282 3070 2379 3124; x_wconf 74' lang='grc' dir='ltr'>καὶ</span> <span class='ocrx_word' id='word_1_683' title='bbox 2434 3068 2561 3138; x_wconf 81' lang='grc' dir='ltr'>περὶ</span> <span class='ocrx_word' id='word_1_684' title='bbox 2590 3064 2793 3135; x_wconf 88' lang='grc' dir='ltr'>ταύτης</span> <span class='ocrx_word' id='word_1_685' title='bbox 2831 3064 2929 3135; x_wconf 77' lang='grc' dir='ltr'>τῆς</span> <span class='ocrx_word' id='word_1_686' title='bbox 2972 3063 3122 3116; x_wconf 88' lang='grc' dir='ltr'>κάτω</span> <span class='ocrx_word' id='word_1_687' title='bbox 3159 3060 3471 3132; x_wconf 79' lang='grc' dir='ltr'>νομίζουσιν</span> <span class='ocrx_word' id='word_1_688' title='bbox 3502 3053 3699 3130; x_wconf 57' lang='grc' dir='ltr'>εἰρῆσθαι</span> 
     </span>
    </p>
   </div>
   <div class='ocr_carea' id='block_1_93' title="bbox 2175 3146 3700 3227">
    <p class='ocr_par' dir='ltr' id='par_1_93' title="bbox 2175 3146 3700 3227">
     <span class='ocr_line' id='line_1_93' title="bbox 2175 3146 3700 3227; baseline -0.007 -14"><span class='ocrx_word' id='word_1_689' title='bbox 2175 3158 2257 3224; x_wconf 80' lang='grc' dir='ltr'>τὸ,</span> <span class='ocrx_word' id='word_1_690' title='bbox 2291 3158 2805 3227; x_wconf 71' lang='grc' dir='ltr'>Ἀγ-ενεαλόγητος.</span> <span class='ocrx_word' id='word_1_691' title='bbox 2829 3152 3100 3223; x_wconf 76' lang='grc' dir='ltr'>Δείξωμεν</span> <span class='ocrx_word' id='word_1_692' title='bbox 3118 3147 3212 3205; x_wconf 85' lang='grc' dir='ltr'>οῦν</span> <span class='ocrx_word' id='word_1_693' title='bbox 3226 3152 3309 3205; x_wconf 78' lang='grc' dir='ltr'>ὅτι</span> <span class='ocrx_word' id='word_1_694' title='bbox 3337 3150 3465 3221; x_wconf 88' lang='grc' dir='ltr'>περί</span> <span class='ocrx_word' id='word_1_695' title='bbox 3487 3146 3700 3215; x_wconf 61' lang='grc' dir='ltr'>ἑκατέρας</span> 
     </span>
    </p>
   </div>
   <div class='ocr_carea' id='block_1_94' title="bbox 2178 3230 3700 3316">
    <p class='ocr_par' dir='ltr' id='par_1_94' title="bbox 2178 3230 3700 3316">
     <span class='ocr_line' id='line_1_94' title="bbox 2178 3230 3700 3316; baseline -0.012 -16"><span class='ocrx_word' id='word_1_696' title='bbox 2178 3247 2489 3316; x_wconf 85' lang='grc' dir='ltr'>γεννήσεως</span> <span class='ocrx_word' id='word_1_697' title='bbox 2508 3244 2666 3297; x_wconf 89' lang='grc' dir='ltr'>τοῦτο</span> <span class='ocrx_word' id='word_1_698' title='bbox 2681 3244 2708 3296; x_wconf 92' lang='lat'>6</span> <span class='ocrx_word' id='word_1_699' title='bbox 2728 3240 2938 3303; x_wconf 89' lang='grc' dir='ltr'>Παῦλος</span> <span class='ocrx_word' id='word_1_700' title='bbox 2958 3234 3097 3312; x_wconf 73' lang='grc' dir='ltr'>εἷπε,</span> <span class='ocrx_word' id='word_1_701' title='bbox 3120 3240 3213 3294; x_wconf 71' lang='grc' dir='ltr'>καὶ</span> <span class='ocrx_word' id='word_1_702' title='bbox 3233 3237 3478 3309; x_wconf 73' lang='grc' dir='ltr'>περὶτῆς</span> <span class='ocrx_word' id='word_1_703' title='bbox 3501 3236 3622 3295; x_wconf 87' lang='grc' dir='ltr'>άνω,</span> <span class='ocrx_word' id='word_1_704' title='bbox 3644 3230 3700 3282; x_wconf 52' lang='grc' dir='ltr'>καί</span> 
     </span>
    </p>
   </div>
   <div class='ocr_carea' id='block_1_95' title="bbox 2178 3320 3700 3405">
    <p class='ocr_par' dir='ltr' id='par_1_95' title="bbox 2178 3320 3700 3405">
     <span class='ocr_line' id='line_1_95' title="bbox 2178 3320 3700 3405; baseline -0.012 -17"><span class='ocrx_word' id='word_1_705' title='bbox 2178 3334 2307 3405; x_wconf 82' lang='grc' dir='ltr'>περί</span> <span class='ocrx_word' id='word_1_706' title='bbox 2334 3334 2432 3402; x_wconf 86' lang='grc' dir='ltr'>τῆς</span> <span class='ocrx_word' id='word_1_707' title='bbox 2460 3332 2630 3385; x_wconf 76' lang='grc' dir='ltr'>κάτωο</span> <span class='ocrx_word' id='word_1_708' title='bbox 2659 3331 2752 3383; x_wconf 74' lang='grc' dir='ltr'>καὶ</span> <span class='ocrx_word' id='word_1_709' title='bbox 2776 3328 2883 3400; x_wconf 79' lang='grc' dir='ltr'>γάρ</span> <span class='ocrx_word' id='word_1_710' title='bbox 2912 3326 3006 3380; x_wconf 70' lang='grc' dir='ltr'>καὶ</span> <span class='ocrx_word' id='word_1_711' title='bbox 3037 3326 3216 3395; x_wconf 84' lang='grc' dir='ltr'>ἐκείνη</span> <span class='ocrx_word' id='word_1_712' title='bbox 3248 3325 3470 3397; x_wconf 84' lang='grc' dir='ltr'>φρικτὴ,</span> <span class='ocrx_word' id='word_1_713' title='bbox 3494 3323 3582 3376; x_wconf 76' lang='grc' dir='ltr'>καὶ</span> <span class='ocrx_word' id='word_1_714' title='bbox 3604 3320 3700 3374; x_wconf 72' lang='grc' dir='ltr'>αῦτι</span> 
     </span>
    </p>
   </div>
   <div class='ocr_carea' id='block_1_96' title="bbox 2185 3406 3700 3494">
    <p class='ocr_par' dir='ltr' id='par_1_96' title="bbox 2185 3406 3700 3494">
     <span class='ocr_line' id='line_1_96' title="bbox 2185 3406 3700 3494; baseline -0.011 -18"><span class='ocrx_word' id='word_1_715' title='bbox 2185 3419 2587 3494; x_wconf 88' lang='grc' dir='ltr'>μυστικωτάτη.</span> <span class='ocrx_word' id='word_1_716' title='bbox 2636 3416 2735 3470; x_wconf 88' lang='grc' dir='ltr'>Διά</span> <span class='ocrx_word' id='word_1_717' title='bbox 2781 3414 2936 3469; x_wconf 90' lang='grc' dir='ltr'>τοῦτο</span> <span class='ocrx_word' id='word_1_718' title='bbox 2986 3415 3080 3468; x_wconf 72' lang='grc' dir='ltr'>καὶ</span> <span class='ocrx_word' id='word_1_719' title='bbox 3133 3414 3361 3476; x_wconf 79' lang='grc' dir='ltr'>Ἡσαΐας</span> <span class='ocrx_word' id='word_1_720' title='bbox 3416 3412 3574 3482; x_wconf 78' lang='grc' dir='ltr'>φησί,</span> <span class='ocrx_word' id='word_1_721' title='bbox 3625 3406 3700 3473; x_wconf 81' lang='grc' dir='ltr'>Τὴι</span> 
     </span>
    </p>
   </div>
   <div class='ocr_carea' id='block_1_97' title="bbox 2181 3497 3699 3583">
    <p class='ocr_par' dir='ltr' id='par_1_97' title="bbox 2181 3497 3699 3583">
     <span class='ocr_line' id='line_1_97' title="bbox 2181 3497 3699 3583; baseline -0.012 -17"><span class='ocrx_word' id='word_1_722' title='bbox 2181 3510 2393 3583; x_wconf 70' lang='grc' dir='ltr'>γενεὰν</span> <span class='ocrx_word' id='word_1_723' title='bbox 2418 3506 2603 3562; x_wconf 81' lang='grc' dir='ltr'>αὑτοῦ</span> <span class='ocrx_word' id='word_1_724' title='bbox 2626 3506 2717 3571; x_wconf 84' lang='grc' dir='ltr'>τίς</span> <span class='ocrx_word' id='word_1_725' title='bbox 2744 3503 3087 3577; x_wconf 70' lang='grc' dir='ltr'>διηγήσεται</span> <span class='ocrx_word' id='word_1_726' title='bbox 3111 3520 3128 3567; x_wconf 89' lang='grc'><strong><em>;</em></strong></span> <span class='ocrx_word' id='word_1_727' title='bbox 3171 3502 3329 3555; x_wconf 84' lang='grc' dir='ltr'>Ἀλλά</span> <span class='ocrx_word' id='word_1_728' title='bbox 3357 3518 3423 3553; x_wconf 89' lang='grc' dir='ltr'>πε</span> <span class='ocrx_word' id='word_1_729' title='bbox 3434 3500 3483 3571; x_wconf 83' lang='grc' dir='ltr'>ρί</span> <span class='ocrx_word' id='word_1_730' title='bbox 3509 3497 3699 3565; x_wconf 58' lang='grc' dir='ltr'>ἐκείνης</span> 
     </span>
    </p>
   </div>
   <div class='ocr_carea' id='block_1_98' title="bbox 2184 3587 3700 3668">
    <p class='ocr_par' dir='ltr' id='par_1_98' title="bbox 2184 3587 3700 3668">
     <span class='ocr_line' id='line_1_98' title="bbox 2184 3587 3700 3668; baseline -0.013 -15"><span class='ocrx_word' id='word_1_731' title='bbox 2184 3600 2368 3668; x_wconf 63' lang='grc' dir='ltr'>φησιν,</span> <span class='ocrx_word' id='word_1_732' title='bbox 2413 3591 2531 3649; x_wconf 78' lang='grc' dir='ltr'>εἷπε</span> <span class='ocrx_word' id='word_1_733' title='bbox 2561 3595 2657 3665; x_wconf 80' lang='grc' dir='ltr'>τῆς</span> <span class='ocrx_word' id='word_1_734' title='bbox 2686 3594 2817 3648; x_wconf 83' lang='grc' dir='ltr'>ἀνω.</span> <span class='ocrx_word' id='word_1_735' title='bbox 2849 3592 2913 3646; x_wconf 88' lang='grc' dir='ltr'>Τί</span> <span class='ocrx_word' id='word_1_736' title='bbox 2932 3587 3025 3645; x_wconf 75' lang='grc' dir='ltr'>οὖν</span> <span class='ocrx_word' id='word_1_737' title='bbox 3053 3590 3284 3662; x_wconf 77' lang='grc' dir='ltr'>ἐροῦμεν</span> <span class='ocrx_word' id='word_1_738' title='bbox 3315 3589 3528 3660; x_wconf 86' lang='grc' dir='ltr'>Παύλῳ,</span> <span class='ocrx_word' id='word_1_739' title='bbox 3567 3588 3700 3657; x_wconf 75' lang='grc' dir='ltr'>ἀμφοι</span> 
     </span>
    </p>
   </div>
   <div class='ocr_carea' id='block_1_99' title="bbox 2182 3670 3699 3757">
    <p class='ocr_par' dir='ltr' id='par_1_99' title="bbox 2182 3670 3699 3757">
     <span class='ocr_line' id='line_1_99' title="bbox 2182 3670 3699 3757; baseline -0.011 -17"><span class='ocrx_word' id='word_1_740' title='bbox 2182 3687 2345 3757; x_wconf 86' lang='grc' dir='ltr'>τέρας</span> <span class='ocrx_word' id='word_1_741' title='bbox 2376 3684 2583 3739; x_wconf 85' lang='grc' dir='ltr'>εἰπόντι</span> <span class='ocrx_word' id='word_1_742' title='bbox 2604 3681 2703 3746; x_wconf 83' lang='grc' dir='ltr'>τὰς</span> <span class='ocrx_word' id='word_1_743' title='bbox 2731 3682 3035 3752; x_wconf 86' lang='grc' dir='ltr'>γεννήσεις,’</span> <span class='ocrx_word' id='word_1_744' title='bbox 3058 3681 3150 3734; x_wconf 74' lang='grc' dir='ltr'>καὶ</span> <span class='ocrx_word' id='word_1_745' title='bbox 3172 3678 3290 3732; x_wconf 91' lang='grc' dir='ltr'>τότε</span> <span class='ocrx_word' id='word_1_746' title='bbox 3320 3676 3635 3748; x_wconf 84' lang='grc' dir='ltr'>ἐπαγαγόντι</span> <span class='ocrx_word' id='word_1_747' title='bbox 3653 3670 3699 3724; x_wconf 54' lang='grc' dir='ltr'>τὸη</span> 
     </span>
    </p>
   </div>
   <div class='ocr_carea' id='block_1_100' title="bbox 2196 3766 3699 3847">
    <p class='ocr_par' dir='ltr' id='par_1_100' title="bbox 2196 3766 3699 3847">
     <span class='ocr_line' id='line_1_100' title="bbox 2196 3766 3699 3847; baseline -0.012 -15"><span class='ocrx_word' id='word_1_748' title='bbox 2196 3777 2720 3847; x_wconf 78' lang='grc' dir='ltr'>Ἄγενεαλόγητος;</span> <span class='ocrx_word' id='word_1_749' title='bbox 2758 3772 3025 3844; x_wconf 89' lang='grc' dir='ltr'>Πρότερον</span> <span class='ocrx_word' id='word_1_750' title='bbox 3072 3771 3179 3841; x_wconf 86' lang='grc' dir='ltr'>γὰρ</span> <span class='ocrx_word' id='word_1_751' title='bbox 3223 3768 3426 3833; x_wconf 87' lang='grc' dir='ltr'>εἰπὼν,</span> <span class='ocrx_word' id='word_1_752' title='bbox 3469 3766 3699 3847; x_wconf 64' lang='grc' dir='ltr'>Ἆπάτῳ.</span> 
     </span>
    </p>
   </div>
   <div class='ocr_carea' id='block_1_101' title="bbox 2185 3846 3700 3935">
    <p class='ocr_par' dir='ltr' id='par_1_101' title="bbox 2185 3846 3700 3935">
     <span class='ocr_line' id='line_1_101' title="bbox 2185 3846 3700 3935; baseline -0.011 -16"><span class='ocrx_word' id='word_1_753' title='bbox 2185 3864 2443 3935; x_wconf 81' lang='grc' dir='ltr'>ἀμήτωρ,</span> <span class='ocrx_word' id='word_1_754' title='bbox 2473 3864 2594 3917; x_wconf 89' lang='grc' dir='ltr'>τότε</span> <span class='ocrx_word' id='word_1_755' title='bbox 2623 3862 2869 3933; x_wconf 86' lang='grc' dir='ltr'>ἐπήγαγε</span> <span class='ocrx_word' id='word_1_756' title='bbox 2902 3860 2982 3925; x_wconf 79' lang='grc' dir='ltr'>τὸ,</span> <span class='ocrx_word' id='word_1_757' title='bbox 3019 3858 3529 3927; x_wconf 74' lang='grc' dir='ltr'>Ἀγεγεαλόγητος,</span> <span class='ocrx_word' id='word_1_758' title='bbox 3555 3852 3633 3905; x_wconf 76' lang='grc' dir='ltr'>ἵνα</span> <span class='ocrx_word' id='word_1_759' title='bbox 3661 3846 3700 3919; x_wconf 70' lang='grc' dir='ltr'>μὶ</span> 
     </span>
    </p>
   </div>
   <div class='ocr_carea' id='block_1_102' title="bbox 2190 3941 3700 4027">
    <p class='ocr_par' dir='ltr' id='par_1_102' title="bbox 2190 3941 3700 4027">
     <span class='ocr_line' id='line_1_102' title="bbox 2190 3941 3700 4027; baseline -0.007 -20"><span class='ocrx_word' id='word_1_760' title='bbox 2190 3953 2350 4027; x_wconf 90' lang='grc' dir='ltr'>μόνον</span> <span class='ocrx_word' id='word_1_761' title='bbox 2381 3953 2500 4007; x_wconf 85' lang='grc' dir='ltr'>κατ’</span> <span class='ocrx_word' id='word_1_762' title='bbox 2546 3950 2761 4019; x_wconf 79' lang='grc' dir='ltr'>ἐκείνην</span> <span class='ocrx_word' id='word_1_763' title='bbox 2801 3949 2899 4021; x_wconf 79' lang='grc' dir='ltr'>τὴν</span> <span class='ocrx_word' id='word_1_764' title='bbox 2935 3947 3219 4019; x_wconf 85' lang='grc' dir='ltr'>γέννησιν,</span> <span class='ocrx_word' id='word_1_765' title='bbox 3255 3946 3379 4001; x_wconf 79' lang='grc' dir='ltr'>καθ’</span> <span class='ocrx_word' id='word_1_766' title='bbox 3417 3945 3483 4016; x_wconf 74' lang='grc' dir='ltr'>ἢν</span> <span class='ocrx_word' id='word_1_767' title='bbox 3522 3941 3700 4027; x_wconf 52' lang='grc' dir='ltr'>ἀμήτξυε</span> 
     </span>
    </p>
   </div>
   <div class='ocr_carea' id='block_1_103' title="bbox 2185 4022 3699 4107">
    <p class='ocr_par' dir='ltr' id='par_1_103' title="bbox 2185 4022 3699 4107">
     <span class='ocr_line' id='line_1_103' title="bbox 2185 4022 3699 4107; baseline -0.009 -12"><span class='ocrx_word' id='word_1_768' title='bbox 2185 4022 2354 4104; x_wconf 73' lang='grc' dir='ltr'>ἐστὶν,</span> <span class='ocrx_word' id='word_1_769' title='bbox 2401 4039 2539 4094; x_wconf 88' lang='grc' dir='ltr'>ἀλλά</span> <span class='ocrx_word' id='word_1_770' title='bbox 2580 4039 2673 4094; x_wconf 81' lang='grc' dir='ltr'>καὶ</span> <span class='ocrx_word' id='word_1_771' title='bbox 2711 4038 2852 4093; x_wconf 88' lang='grc' dir='ltr'>κατά</span> <span class='ocrx_word' id='word_1_772' title='bbox 2895 4035 3121 4107; x_wconf 87' lang='grc' dir='ltr'>ταύτην,</span> <span class='ocrx_word' id='word_1_773' title='bbox 3151 4034 3272 4090; x_wconf 85' lang='grc' dir='ltr'>καθ’</span> <span class='ocrx_word' id='word_1_774' title='bbox 3305 4034 3373 4105; x_wconf 81' lang='grc' dir='ltr'>ἢν</span> <span class='ocrx_word' id='word_1_775' title='bbox 3404 4031 3617 4099; x_wconf 89' lang='grc' dir='ltr'>ἀπάτωρ</span> <span class='ocrx_word' id='word_1_776' title='bbox 3648 4022 3699 4094; x_wconf 68' lang='grc' dir='ltr'>ἧνι</span> 
     </span>
    </p>
   </div>
   <div class='ocr_carea' id='block_1_104' title="bbox 2188 4110 3700 4203">
    <p class='ocr_par' dir='ltr' id='par_1_104' title="bbox 2188 4110 3700 4203">
     <span class='ocr_line' id='line_1_104' title="bbox 2188 4110 3700 4203; baseline -0.013 -18"><span class='ocrx_word' id='word_1_777' title='bbox 2188 4132 2288 4203; x_wconf 82' lang='grc' dir='ltr'>τὴν</span> <span class='ocrx_word' id='word_1_778' title='bbox 2313 4130 2462 4184; x_wconf 88' lang='grc' dir='ltr'>κάτω</span> <span class='ocrx_word' id='word_1_779' title='bbox 2490 4127 2655 4198; x_wconf 89' lang='grc' dir='ltr'>λέγω,</span> <span class='ocrx_word' id='word_1_780' title='bbox 2689 4126 3117 4196; x_wconf 84' lang='grc' dir='ltr'>ἀγενεαλόγητον</span> <span class='ocrx_word' id='word_1_781' title='bbox 3142 4120 3283 4178; x_wconf 76' lang='grc' dir='ltr'>εἷναι</span> <span class='ocrx_word' id='word_1_782' title='bbox 3312 4120 3612 4192; x_wconf 77' lang='grc' dir='ltr'>πιστεύσῃς.</span> <span class='ocrx_word' id='word_1_783' title='bbox 3640 4110 3700 4167; x_wconf 66' lang='grc' dir='ltr'>Διί</span> 
     </span>
    </p>
   </div>
   <div class='ocr_carea' id='block_1_105' title="bbox 2188 4211 3697 4291">
    <p class='ocr_par' dir='ltr' id='par_1_105' title="bbox 2188 4211 3697 4291">
     <span class='ocr_line' id='line_1_105' title="bbox 2188 4211 3697 4291; baseline -0.004 -17"><span class='ocrx_word' id='word_1_784' title='bbox 2188 4218 2348 4274; x_wconf 90' lang='grc' dir='ltr'>τοῦτο</span> <span class='ocrx_word' id='word_1_785' title='bbox 2368 4219 2683 4291; x_wconf 84' lang='grc' dir='ltr'>ἀμφοτέρας</span> <span class='ocrx_word' id='word_1_786' title='bbox 2702 4218 2834 4282; x_wconf 75' lang='grc' dir='ltr'>θεὶς,</span> <span class='ocrx_word' id='word_1_787' title='bbox 2852 4217 2973 4271; x_wconf 85' lang='grc' dir='ltr'>τότε</span> <span class='ocrx_word' id='word_1_788' title='bbox 2992 4211 3117 4269; x_wconf 80' lang='grc' dir='ltr'>εἰπε</span> <span class='ocrx_word' id='word_1_789' title='bbox 3133 4214 3211 4274; x_wconf 82' lang='grc' dir='ltr'>τὸ.</span> <span class='ocrx_word' id='word_1_790' title='bbox 3241 4211 3697 4283; x_wconf 73' lang='grc' dir='ltr'>Ἀτενειιλόγητος</span> 
     </span>
    </p>
   </div>
   <div class='ocr_carea' id='block_1_106' title="bbox 2192 4291 3700 4380">
    <p class='ocr_par' dir='ltr' id='par_1_106' title="bbox 2192 4291 3700 4380">
     <span class='ocr_line' id='line_1_106' title="bbox 2192 4291 3700 4380; baseline -0.009 -18"><span class='ocrx_word' id='word_1_791' title='bbox 2192 4309 2287 4363; x_wconf 71' lang='grc' dir='ltr'>καὶ</span> <span class='ocrx_word' id='word_1_792' title='bbox 2314 4307 2423 4380; x_wconf 81' lang='grc' dir='ltr'>γὰρ</span> <span class='ocrx_word' id='word_1_793' title='bbox 2451 4308 2545 4361; x_wconf 74' lang='grc' dir='ltr'>καὶ</span> <span class='ocrx_word' id='word_1_794' title='bbox 2575 4305 2713 4378; x_wconf 85' lang='grc' dir='ltr'>αῦτη</span> <span class='ocrx_word' id='word_1_795' title='bbox 2745 4306 2778 4376; x_wconf 79' lang='grc' dir='ltr'><strong>ἡ</strong></span> <span class='ocrx_word' id='word_1_796' title='bbox 2825 4305 2975 4359; x_wconf 92' lang='grc' dir='ltr'>κάτω</span> <span class='ocrx_word' id='word_1_797' title='bbox 3017 4304 3431 4376; x_wconf 86' lang='grc' dir='ltr'>ἀκατάληπτος,</span> <span class='ocrx_word' id='word_1_798' title='bbox 3482 4299 3563 4351; x_wconf 80' lang='grc' dir='ltr'>ἵνα</span> <span class='ocrx_word' id='word_1_799' title='bbox 3611 4291 3700 4380; x_wconf 57' lang='grc' dir='ltr'>πρᾲ</span> 
     </span>
    </p>
   </div>
   <div class='ocr_carea' id='block_1_107' title="bbox 2193 4374 3700 4466">
    <p class='ocr_par' dir='ltr' id='par_1_107' title="bbox 2193 4374 3700 4466">
     <span class='ocr_line' id='line_1_107' title="bbox 2193 4374 3700 4466; baseline -0.011 -17"><span class='ocrx_word' id='word_1_800' title='bbox 2193 4374 2406 4466; x_wconf 73' lang='grc' dir='ltr'>ἐκείνην</span> <span class='ocrx_word' id='word_1_801' title='bbox 2458 4393 2591 4466; x_wconf 83' lang='grc' dir='ltr'>μηδὲ</span> <span class='ocrx_word' id='word_1_802' title='bbox 2650 4374 2970 4465; x_wconf 77' lang='grc' dir='ltr'>παρακύψαι</span> <span class='ocrx_word' id='word_1_803' title='bbox 3026 4374 3401 4464; x_wconf 83' lang='grc' dir='ltr'>τολμήσωμεν.</span> <span class='ocrx_word' id='word_1_804' title='bbox 3453 4388 3513 4440; x_wconf 84' lang='grc' dir='ltr'>Εἰ</span> <span class='ocrx_word' id='word_1_805' title='bbox 3546 4382 3641 4452; x_wconf 81' lang='grc' dir='ltr'>γὰρ</span> <span class='ocrx_word' id='word_1_806' title='bbox 3667 4374 3700 4428; x_wconf 67' lang='grc' dir='ltr'>τὶ</span> 
     </span>
    </p>
   </div>
   <div class='ocr_carea' id='block_1_108' title="bbox 2192 4466 3700 4557">
    <p class='ocr_par' dir='ltr' id='par_1_108' title="bbox 2192 4466 3700 4557">
     <span class='ocr_line' id='line_1_108' title="bbox 2192 4466 3700 4557; baseline -0.01 -20"><span class='ocrx_word' id='word_1_807' title='bbox 2192 4482 2502 4557; x_wconf 87' lang='grc' dir='ltr'>προπύλαια</span> <span class='ocrx_word' id='word_1_808' title='bbox 2527 4483 2621 4536; x_wconf 89' lang='grc' dir='ltr'>τοῦ</span> <span class='ocrx_word' id='word_1_809' title='bbox 2656 4481 2781 4536; x_wconf 86' lang='grc' dir='ltr'>ναοῦ</span> <span class='ocrx_word' id='word_1_810' title='bbox 2806 4482 2948 4536; x_wconf 76' lang='grc' dir='ltr'>οὕτω</span> <span class='ocrx_word' id='word_1_811' title='bbox 2981 4481 3184 4557; x_wconf 88' lang='grc' dir='ltr'>φοϐερά</span> <span class='ocrx_word' id='word_1_812' title='bbox 3211 4480 3302 4533; x_wconf 69' lang='grc' dir='ltr'>καὶ</span> <span class='ocrx_word' id='word_1_813' title='bbox 3326 4477 3603 4546; x_wconf 86' lang='grc' dir='ltr'>ἀπρόσιτα,</span> <span class='ocrx_word' id='word_1_814' title='bbox 3629 4466 3700 4557; x_wconf 68' lang='grc' dir='ltr'>πῷι</span> 
     </span>
    </p>
   </div>
   <div class='ocr_carea' id='block_1_109' title="bbox 2191 4553 3700 4639">
    <p class='ocr_par' dir='ltr' id='par_1_109' title="bbox 2191 4553 3700 4639">
     <span class='ocr_line' id='line_1_109' title="bbox 2191 4553 3700 4639; baseline -0.002 -14"><span class='ocrx_word' id='word_1_815' title='bbox 2191 4553 2272 4634; x_wconf 80' lang='grc' dir='ltr'>εἰς</span> <span class='ocrx_word' id='word_1_816' title='bbox 2296 4571 2366 4624; x_wconf 86' lang='grc' dir='ltr'>τά</span> <span class='ocrx_word' id='word_1_817' title='bbox 2402 4570 2573 4625; x_wconf 83' lang='grc' dir='ltr'>άδυτά</span> <span class='ocrx_word' id='word_1_818' title='bbox 2600 4586 2685 4634; x_wconf 89' lang='grc' dir='ltr'>τις</span> <span class='ocrx_word' id='word_1_819' title='bbox 2715 4570 2973 4623; x_wconf 84' lang='grc' dir='ltr'>εἰσελθεῖν</span> <span class='ocrx_word' id='word_1_820' title='bbox 2994 4554 3361 4639; x_wconf 78' lang='grc' dir='ltr'>ἐπιχειρήσει;</span> <span class='ocrx_word' id='word_1_821' title='bbox 3393 4566 3512 4619; x_wconf 79' lang='grc' dir='ltr'>Ὀτι</span> <span class='ocrx_word' id='word_1_822' title='bbox 3533 4562 3621 4632; x_wconf 85' lang='grc' dir='ltr'>μὲν</span> <span class='ocrx_word' id='word_1_823' title='bbox 3639 4553 3700 4622; x_wconf 67' lang='grc' dir='ltr'>γάι</span> 
     </span>
    </p>
   </div>
   <div class='ocr_carea' id='block_1_110' title="bbox 2190 4642 3699 4731">
    <p class='ocr_par' dir='ltr' id='par_1_110' title="bbox 2190 4642 3699 4731">
     <span class='ocr_line' id='line_1_110' title="bbox 2190 4642 3699 4731; baseline 0.007 -21"><span class='ocrx_word' id='word_1_824' title='bbox 2190 4659 2452 4731; x_wconf 86' lang='grc' dir='ltr'>ἐγεννήθη</span> <span class='ocrx_word' id='word_1_825' title='bbox 2490 4661 2554 4713; x_wconf 87' lang='grc' dir='ltr'>ἐκ</span> <span class='ocrx_word' id='word_1_826' title='bbox 2582 4660 2677 4713; x_wconf 88' lang='grc' dir='ltr'>τοῦ</span> <span class='ocrx_word' id='word_1_827' title='bbox 2712 4659 2943 4728; x_wconf 83' lang='grc' dir='ltr'>Πατρδς,</span> <span class='ocrx_word' id='word_1_828' title='bbox 2976 4653 3109 4711; x_wconf 74' lang='grc' dir='ltr'>οἷδαο</span> <span class='ocrx_word' id='word_1_829' title='bbox 3135 4656 3195 4710; x_wconf 80' lang='grc' dir='ltr'>τὸ</span> <span class='ocrx_word' id='word_1_830' title='bbox 3223 4656 3280 4710; x_wconf 79' lang='grc' dir='ltr'>δὲ</span> <span class='ocrx_word' id='word_1_831' title='bbox 3319 4655 3452 4719; x_wconf 76' lang='grc' dir='ltr'>πῶς.</span> <span class='ocrx_word' id='word_1_832' title='bbox 3477 4653 3571 4705; x_wconf 69' lang='grc' dir='ltr'>οὐκ</span> <span class='ocrx_word' id='word_1_833' title='bbox 3609 4642 3699 4731; x_wconf 55' lang='grc' dir='ltr'>οῗδῗ</span> 
     </span>
    </p>
   </div>
   <div class='ocr_carea' id='block_1_111' title="bbox 2194 4724 3700 4819">
    <p class='ocr_par' dir='ltr' id='par_1_111' title="bbox 2194 4724 3700 4819">
     <span class='ocr_line' id='line_1_111' title="bbox 2194 4724 3700 4819; baseline -0.011 -16"><span class='ocrx_word' id='word_1_834' title='bbox 2194 4724 2316 4802; x_wconf 68' lang='grc' dir='ltr'>’ὁτι</span> <span class='ocrx_word' id='word_1_835' title='bbox 2362 4724 2553 4819; x_wconf 78' lang='grc' dir='ltr'>ἐτέχθη</span> <span class='ocrx_word' id='word_1_836' title='bbox 2599 4749 2663 4801; x_wconf 82' lang='grc' dir='ltr'>ἐκ</span> <span class='ocrx_word' id='word_1_837' title='bbox 2708 4748 2805 4817; x_wconf 85' lang='grc' dir='ltr'>τῆς</span> <span class='ocrx_word' id='word_1_838' title='bbox 2833 4724 3157 4815; x_wconf 65' lang='grc' dir='ltr'>παρθένου,</span> <span class='ocrx_word' id='word_1_839' title='bbox 3210 4743 3538 4812; x_wconf 77' lang='grc' dir='ltr'>ἐπίσταμαιο</span> <span class='ocrx_word' id='word_1_840' title='bbox 3570 4724 3700 4819; x_wconf 52' lang='grc' dir='ltr'>τδνξ</span> 
     </span>
    </p>
   </div>
   <div class='ocr_carea' id='block_1_112' title="bbox 2189 4816 3700 4909">
    <p class='ocr_par' dir='ltr' id='par_1_112' title="bbox 2189 4816 3700 4909">
     <span class='ocr_line' id='line_1_112' title="bbox 2189 4816 3700 4909; baseline -0.008 -20"><span class='ocrx_word' id='word_1_841' title='bbox 2189 4836 2388 4909; x_wconf 78' lang='grc' dir='ltr'>τρόπον</span> <span class='ocrx_word' id='word_1_842' title='bbox 2435 4816 2555 4889; x_wconf 74' lang='grc' dir='ltr'>ούδέ</span> <span class='ocrx_word' id='word_1_843' title='bbox 2604 4834 2835 4888; x_wconf 84' lang='grc' dir='ltr'>ἐνταῦθα</span> <span class='ocrx_word' id='word_1_844' title='bbox 2869 4832 3285 4902; x_wconf 84' lang='grc' dir='ltr'>καταλαμϐάνω.</span> <span class='ocrx_word' id='word_1_845' title='bbox 3334 4825 3616 4897; x_wconf 79' lang='grc' dir='ltr'>Ἕκατέρας</span> <span class='ocrx_word' id='word_1_846' title='bbox 3638 4816 3700 4887; x_wconf 67' lang='grc' dir='ltr'>γάα</span> 
     </span>
    </p>
   </div>
   <div class='ocr_carea' id='block_1_113' title="bbox 2195 4911 3700 4998">
    <p class='ocr_par' dir='ltr' id='par_1_113' title="bbox 2195 4911 3700 4998">
     <span class='ocr_line' id='line_1_113' title="bbox 2195 4911 3700 4998; baseline -0.027 0"><span class='ocrx_word' id='word_1_847' title='bbox 2195 4924 2348 4998; x_wconf 62' lang='lat' dir='ltr'>[nl]</span> <span class='ocrx_word' id='word_1_848' title='bbox 2380 4922 2596 4993; x_wconf 66' lang='grc' dir='ltr'>φύσεως</span> <span class='ocrx_word' id='word_1_849' title='bbox 2619 4926 2652 4995; x_wconf 83' lang='grc' dir='ltr'>ἠ</span> <span class='ocrx_word' id='word_1_850' title='bbox 2680 4923 2931 4993; x_wconf 77' lang='grc' dir='ltr'>γέννησις</span> <span class='ocrx_word' id='word_1_851' title='bbox 2958 4920 3317 4991; x_wconf 82' lang='grc' dir='ltr'>ὁμολογεῖται,</span> <span class='ocrx_word' id='word_1_852' title='bbox 3361 4918 3453 4972; x_wconf 78' lang='grc' dir='ltr'>καί</span> <span class='ocrx_word' id='word_1_853' title='bbox 3496 4911 3700 4980; x_wconf 58' lang='grc' dir='ltr'>ἑκατέρω</span> 
     </span>
    </p>
   </div>
   <div class='ocr_carea' id='block_1_114' title="bbox 2192 5003 3700 5085">
    <p class='ocr_par' dir='ltr' id='par_1_114' title="bbox 2192 5003 3700 5085">
     <span class='ocr_line' id='line_1_114' title="bbox 2192 5003 3700 5085; baseline -0.008 -18"><span class='ocrx_word' id='word_1_854' title='bbox 2192 5015 2220 5066; x_wconf 90' lang='grc' dir='ltr'>ό</span> <span class='ocrx_word' id='word_1_855' title='bbox 2240 5015 2439 5085; x_wconf 88' lang='grc' dir='ltr'>τρόπος</span> <span class='ocrx_word' id='word_1_856' title='bbox 2463 5012 2764 5082; x_wconf 87' lang='grc' dir='ltr'>σεσίγηται.</span> <span class='ocrx_word' id='word_1_857' title='bbox 2793 5010 2903 5064; x_wconf 72' lang='grc' dir='ltr'>Καὶ</span> <span class='ocrx_word' id='word_1_858' title='bbox 2924 5011 3112 5082; x_wconf 79' lang='grc' dir='ltr'>ὥσπερ</span> <span class='ocrx_word' id='word_1_859' title='bbox 3132 5008 3364 5062; x_wconf 84' lang='grc' dir='ltr'>ἐνταῦθα</span> <span class='ocrx_word' id='word_1_860' title='bbox 3385 5005 3473 5060; x_wconf 83' lang='grc' dir='ltr'>ἐπὶ</span> <span class='ocrx_word' id='word_1_861' title='bbox 3499 5003 3588 5072; x_wconf 84' lang='grc' dir='ltr'>τῆς</span> <span class='ocrx_word' id='word_1_862' title='bbox 3608 5011 3700 5063; x_wconf 50' lang='grc' dir='ltr'>παρ’</span> 
     </span>
    </p>
   </div>
   <div class='ocr_carea' id='block_1_115' title="bbox 2193 5086 3688 5170">
    <p class='ocr_par' dir='ltr' id='par_1_115' title="bbox 2193 5086 3688 5170">
     <span class='ocr_line' id='line_1_115' title="bbox 2193 5086 3688 5170; baseline -0.005 -14"><span class='ocrx_word' id='word_1_863' title='bbox 2193 5104 2380 5165; x_wconf 88' lang='grc' dir='ltr'>θένου,</span> <span class='ocrx_word' id='word_1_864' title='bbox 2411 5103 2512 5155; x_wconf 83' lang='grc' dir='ltr'>οὐκ</span> <span class='ocrx_word' id='word_1_865' title='bbox 2558 5100 2713 5163; x_wconf 87' lang='grc' dir='ltr'>εἰδὼς</span> <span class='ocrx_word' id='word_1_866' title='bbox 2752 5098 2861 5168; x_wconf 87' lang='grc' dir='ltr'>ἐγὼ</span> <span class='ocrx_word' id='word_1_867' title='bbox 2908 5099 3027 5164; x_wconf 88' lang='grc' dir='ltr'>πῶς</span> <span class='ocrx_word' id='word_1_868' title='bbox 3059 5101 3124 5154; x_wconf 88' lang='grc' dir='ltr'>ἐκ</span> <span class='ocrx_word' id='word_1_869' title='bbox 3169 5098 3432 5170; x_wconf 88' lang='grc' dir='ltr'>παρθένου</span> <span class='ocrx_word' id='word_1_870' title='bbox 3465 5086 3688 5161; x_wconf 73' lang='grc' dir='ltr'>ἐγεννήθη</span> 
     </span>
    </p>
   </div>
   <div class='ocr_carea' id='block_1_116' title="bbox 2192 5178 3700 5261">
    <p class='ocr_par' dir='ltr' id='par_1_116' title="bbox 2192 5178 3700 5261">
     <span class='ocr_line' id='line_1_116' title="bbox 2192 5178 3700 5261; baseline -0.001 -18"><span class='ocrx_word' id='word_1_871' title='bbox 2192 5188 2438 5260; x_wconf 85' lang='grc' dir='ltr'>ὁμολογῶ</span> <span class='ocrx_word' id='word_1_872' title='bbox 2470 5191 2551 5245; x_wconf 82' lang='grc' dir='ltr'>ὅτι</span> <span class='ocrx_word' id='word_1_873' title='bbox 2586 5188 2848 5261; x_wconf 75' lang='grc' dir='ltr'>ἐγεννήθη</span> <span class='ocrx_word' id='word_1_874' title='bbox 2872 5228 2888 5253; x_wconf 92' lang='grc'>,</span> <span class='ocrx_word' id='word_1_875' title='bbox 2922 5187 3016 5243; x_wconf 76' lang='grc' dir='ltr'>καὶ</span> <span class='ocrx_word' id='word_1_876' title='bbox 3061 5188 3161 5242; x_wconf 80' lang='grc' dir='ltr'>οὐκ</span> <span class='ocrx_word' id='word_1_877' title='bbox 3200 5184 3406 5258; x_wconf 88' lang='grc' dir='ltr'>ἀναιρῶ</span> <span class='ocrx_word' id='word_1_878' title='bbox 3440 5182 3497 5234; x_wconf 88' lang='grc' dir='ltr'>τὸ</span> <span class='ocrx_word' id='word_1_879' title='bbox 3529 5178 3700 5248; x_wconf 62' lang='grc' dir='ltr'>πρᾶγμ(</span> 
     </span>
    </p>
   </div>
   <div class='ocr_carea' id='block_1_117' title="bbox 2190 5262 3700 5347">
    <p class='ocr_par' dir='ltr' id='par_1_117' title="bbox 2190 5262 3700 5347">
     <span class='ocr_line' id='line_1_117' title="bbox 2190 5262 3700 5347; baseline -0.009 -18"><span class='ocrx_word' id='word_1_880' title='bbox 2190 5277 2279 5330; x_wconf 90' lang='grc' dir='ltr'>διά</span> <span class='ocrx_word' id='word_1_881' title='bbox 2307 5278 2405 5347; x_wconf 77' lang='grc' dir='ltr'>τὴν</span> <span class='ocrx_word' id='word_1_882' title='bbox 2435 5276 2655 5346; x_wconf 81' lang='grc' dir='ltr'>ἄγνοιαν</span> <span class='ocrx_word' id='word_1_883' title='bbox 2684 5274 2777 5329; x_wconf 89' lang='grc' dir='ltr'>τοῦ</span> <span class='ocrx_word' id='word_1_884' title='bbox 2806 5275 3028 5346; x_wconf 75' lang='grc' dir='ltr'>τρόπον’</span> <span class='ocrx_word' id='word_1_885' title='bbox 3058 5274 3199 5329; x_wconf 75' lang='grc' dir='ltr'>οὓτω</span> <span class='ocrx_word' id='word_1_886' title='bbox 3224 5275 3316 5328; x_wconf 74' lang='grc' dir='ltr'>καὶ</span> <span class='ocrx_word' id='word_1_887' title='bbox 3347 5273 3407 5326; x_wconf 76' lang='grc' dir='ltr'>σὺ</span> <span class='ocrx_word' id='word_1_888' title='bbox 3430 5268 3633 5337; x_wconf 86' lang='grc' dir='ltr'>ποίησον</span> <span class='ocrx_word' id='word_1_889' title='bbox 3652 5262 3700 5309; x_wconf 78' lang='grc' dir='ltr'>ἐπ</span> 
     </span>
    </p>
   </div>
   <div class='ocr_carea' id='block_1_118' title="bbox 2187 5352 3699 5436">
    <p class='ocr_par' dir='ltr' id='par_1_118' title="bbox 2187 5352 3699 5436">
     <span class='ocr_line' id='line_1_118' title="bbox 2187 5352 3699 5436; baseline -0.007 -19"><span class='ocrx_word' id='word_1_890' title='bbox 2187 5363 2283 5418; x_wconf 87' lang='grc' dir='ltr'>τοῦ</span> <span class='ocrx_word' id='word_1_891' title='bbox 2306 5364 2538 5436; x_wconf 80' lang='grc' dir='ltr'>Πατρός⁹</span> <span class='ocrx_word' id='word_1_892' title='bbox 2556 5366 2603 5418; x_wconf 88' lang='grc' dir='ltr'>εί</span> <span class='ocrx_word' id='word_1_893' title='bbox 2624 5362 2716 5418; x_wconf 75' lang='grc' dir='ltr'>καί</span> <span class='ocrx_word' id='word_1_894' title='bbox 2734 5364 2834 5418; x_wconf 81' lang='grc' dir='ltr'>οὐκ</span> <span class='ocrx_word' id='word_1_895' title='bbox 2853 5359 2999 5428; x_wconf 84' lang='grc' dir='ltr'>οἶδας</span> <span class='ocrx_word' id='word_1_896' title='bbox 3027 5363 3141 5425; x_wconf 87' lang='grc' dir='ltr'>πῶς</span> <span class='ocrx_word' id='word_1_897' title='bbox 3161 5360 3443 5431; x_wconf 84' lang='grc' dir='ltr'>ἐγεννήθη,</span> <span class='ocrx_word' id='word_1_898' title='bbox 3470 5356 3545 5417; x_wconf 86' lang='grc' dir='ltr'>τὸ,</span> <span class='ocrx_word' id='word_1_899' title='bbox 3563 5352 3699 5436; x_wconf 54' lang='grc' dir='ltr'>Ἐγξζ</span> 
     </span>
    </p>
   </div>
   <div class='ocr_carea' id='block_1_119' title="bbox 2190 5432 3699 5526">
    <p class='ocr_par' dir='ltr' id='par_1_119' title="bbox 2190 5432 3699 5526">
     <span class='ocr_line' id='line_1_119' title="bbox 2190 5432 3699 5526; baseline -0.019 -3"><span class='ocrx_word' id='word_1_900' title='bbox 2190 5453 2369 5523; x_wconf 68' lang='grc' dir='ltr'>νήθη.</span> <span class='ocrx_word' id='word_1_901' title='bbox 2402 5432 2731 5526; x_wconf 48' lang='grc' dir='ltr'>ὁμολόγησον</span> <span class='ocrx_word' id='word_1_902' title='bbox 2762 5454 2812 5510; x_wconf 71' lang='lat' dir='ltr'>b.</span> <span class='ocrx_word' id='word_1_903' title='bbox 2846 5452 2963 5507; x_wconf 82' lang='grc' dir='ltr'>Κᾶν</span> <span class='ocrx_word' id='word_1_904' title='bbox 2992 5452 3126 5525; x_wconf 77' lang='grc' dir='ltr'>λέγῃ</span> <span class='ocrx_word' id='word_1_905' title='bbox 3154 5469 3235 5506; x_wconf 89' lang='grc' dir='ltr'>σοι</span> <span class='ocrx_word' id='word_1_906' title='bbox 3263 5453 3292 5504; x_wconf 89' lang='lat'>6</span> <span class='ocrx_word' id='word_1_907' title='bbox 3316 5443 3600 5520; x_wconf 71' lang='grc' dir='ltr'>αἰρετικδς.</span> <span class='ocrx_word' id='word_1_908' title='bbox 3626 5432 3699 5488; x_wconf 75' lang='grc' dir='ltr'>Πῶ</span> 
     </span>
    </p>
   </div>
   <div class='ocr_carea' id='block_1_120' title="bbox 2251 5590 3700 5686">
    <p class='ocr_par' dir='ltr' id='par_1_120' title="bbox 2251 5590 3700 5686">
     <span class='ocr_line' id='line_1_120' title="bbox 2251 5590 3700 5686; baseline -0.011 -8"><span class='ocrx_word' id='word_1_909' title='bbox 2251 5628 2280 5667; x_wconf 71' lang='lat' dir='ltr'><strong>b</strong></span> <span class='ocrx_word' id='word_1_910' title='bbox 2305 5625 2453 5677; x_wconf 70' lang='lat' dir='ltr'>Savil.</span> <span class='ocrx_word' id='word_1_911' title='bbox 2490 5631 2544 5675; x_wconf 80' lang='lat' dir='ltr'>et</span> <span class='ocrx_word' id='word_1_912' title='bbox 2585 5625 2787 5675; x_wconf 78' lang='lat' dir='ltr'>Halesio</span> <span class='ocrx_word' id='word_1_913' title='bbox 2827 5623 3092 5684; x_wconf 69' lang='lat' dir='ltr'>legendum</span> <span class='ocrx_word' id='word_1_914' title='bbox 3120 5622 3330 5686; x_wconf 73' lang='lat' dir='ltr'>videtur,</span> <span class='ocrx_word' id='word_1_915' title='bbox 3355 5623 3393 5671; x_wconf 83' lang='grc' dir='ltr'>εἰ</span> <span class='ocrx_word' id='word_1_916' title='bbox 3428 5590 3481 5669; x_wconf 27' lang='grc' dir='ltr'>’δέ</span> <span class='ocrx_word' id='word_1_917' title='bbox 3518 5613 3594 5664; x_wconf 72' lang='grc' dir='ltr'>οὐκ</span> <span class='ocrx_word' id='word_1_918' title='bbox 3620 5605 3700 5658; x_wconf 77' lang='grc' dir='ltr'>οἶδα</span> 
     </span>
    </p>
   </div>
   <div class='ocr_carea' id='block_1_121' title="bbox 2192 5686 3195 5751">
    <p class='ocr_par' dir='ltr' id='par_1_121' title="bbox 2192 5686 3195 5751">
     <span class='ocr_line' id='line_1_121' title="bbox 2192 5686 3195 5751; baseline -0.007 -10"><span class='ocrx_word' id='word_1_919' title='bbox 2192 5692 2295 5748; x_wconf 84' lang='grc' dir='ltr'>πῶς</span> <span class='ocrx_word' id='word_1_920' title='bbox 2319 5690 2551 5751; x_wconf 78' lang='grc' dir='ltr'>ἐγέννησε,</span> <span class='ocrx_word' id='word_1_921' title='bbox 2576 5687 2630 5734; x_wconf 87' lang='grc' dir='ltr'>τὸ</span> <span class='ocrx_word' id='word_1_922' title='bbox 2650 5687 2863 5747; x_wconf 80' lang='grc' dir='ltr'>ἐγέννησε</span> <span class='ocrx_word' id='word_1_923' title='bbox 2886 5686 3195 5749; x_wconf 83' lang='grc' dir='ltr'>ὁμολόγησον.</span> 
     </span>
    </p>
   </div>
  </div>
