3696 6278
70 309 141 361 his
1052 293 1142 346 DF.
1185 283 1718 346 PROPliETlARUM
1759 281 2260 342 OBSCURITATE.
2298 283 2340 342 Ι.

64 424 111 477 tis
146 419 324 473 etiam
368 416 490 488 ipso
517 430 582 471 ex
614 421 829 482 aspectu
858 406 1118 477 vertigine
1147 403 1543 473 corripiuntur:
1575 399 1650 452 il‘li

66 523 170 564 vero
199 523 310 563 nec
340 508 397 562 in
439 505 633 561 mediis
671 502 915 557 fluctibus
944 496 1343 568 perturbantur.
1378 493 1488 547 lloc
1516 500 1569 544 et
1599 495 1651 544 In

62 608 225 654 mente
258 607 452 653 nostra
478 596 661 652 evenit
689 612 701 647 :
733 591 994 663 siquidem
1024 599 1075 643 et
1106 588 1273 656 ipsam
1298 599 1440 653 stupe
1462 584 1653 636 fluctus

62 689 525 760 perturbationum
578 684 838 740 invadunt
886 682 1054 735 multo
1104 676 1327 732 marinis
1371 674 1650 737 saeviores,

61 782 212 837 veluti
243 780 490 851 procella
526 776 814 833 iracundia:
834 816 849 841 ,
878 790 996 845 qua:
1023 774 1274 828 deorsum
1315 785 1409 824 cor
1450 770 1649 839 dejicit,

63 886 100 930 et
127 890 319 943 prava:
351 872 661 943 cupiditatis
701 869 882 933 venti,
931 866 1020 937 qui
1063 867 1285 921 multam
1326 867 1558 921 excitant
1599 865 1651 917 in

63 980 232 1025 mente
266 967 761 1024 conturbationem.
783 963 959 1032 Atque
984 962 1028 1014 is
1056 960 1267 1031 quidem
1294 960 1380 1030 qui
1410 960 1649 1027 inexper-

61 1076 130 1117 tus
183 1071 271 1118 cst
324 1072 378 1118 et
420 1059 829 1120 inexercitatus,
874 1054 1160 1124 incipiente
1202 1053 1295 1106 ira:
1317 1058 1654 1121 tempestate,

62 1157 319 1211 tonitinuo
364 1155 607 1208 turbatur
627 1192 641 1214 ,
673 1155 1043 1205 commovetur
1066 1188 1080 1211 ,
1112 1144 1376 1214 agitatur,
1422 1142 1651 1195 animam

64 1250 168 1301 sinit
196 1248 271 1301 ab
298 1245 583 1301 affectibus
608 1240 897 1310 submergi,
925 1254 989 1293 ac
1018 1235 1349 1305 naufragium
1378 1233 1483 1303 pati
1515 1251 1527 1286 :
1560 1231 1649 1301 qui

65 1358 175 1394 tero
198 1349 463 1409 expertus
488 1347 541 1392 et
562 1335 886 1390 exercitatus
909 1341 989 1385 est
1013 1329 1078 1384 ad
1101 1328 1215 1383 inec
1240 1327 1416 1382 omnia
1450 1326 1651 1395 patien-

66 1445 129 1487 ter
176 1430 409 1486 ferenda
432 1471 447 1496 ,
494 1438 759 1497 tamquam
788 1423 1196 1494 gubernatorem
1224 1418 1291 1472 ad
1330 1417 1534 1471 clavum
1562 1430 1649 1470 sc-

65 1528 297 1590 dcntem,
337 1527 411 1580 ita
442 1525 701 1579 rationem
735 1536 893 1591 supra
926 1516 1350 1589 perturbationes
1381 1516 1507 1570 istas
1535 1516 1651 1570 col-

66 1620 232 1684 locat,
268 1633 451 1687 neque
492 1616 640 1687 prius
667 1614 881 1669 absistit
921 1611 1168 1667 omnibus
1214 1609 1424 1662 tentatis
1447 1650 1462 1672 ,
1493 1624 1650 1676 quam

67 1713 329 1782 navigium
357 1710 428 1765 ad
453 1710 787 1780 tranquillum
814 1704 1160 1776 philosophiae
1184 1712 1393 1774 portum
1418 1704 1651 1761 duxerit.

68 1803 204 1870 Quod
232 1802 402 1873 igitur
433 1801 488 1855 fit
517 1801 567 1855 in
595 1799 750 1864 mari,
779 1806 835 1852 et
856 1795 999 1868 quod
1028 1795 1079 1849 in
1107 1802 1285 1849 mente
1311 1794 1526 1856 accidit,
1551 1793 1653 1848 hoc

69 1908 111 1951 et
152 1899 202 1951 in
250 1895 593 1967 expositione
639 1892 1031 1963 Scripturarum
1072 1889 1255 1944 evenit
1285 1906 1299 1944 :
1327 1888 1651 1942 commoveri

71 2005 281 2045 necesse
311 2000 396 2045 est
440 2003 503 2044 ac
534 1988 769 2053 turbari,
812 1994 1092 2056 postquam
1120 1983 1171 2037 in
1211 1981 1427 2053 pelagus
1454 1983 1653 2051 egressi

73 2082 341 2147 fuerimus,
369 2095 479 2136 non
500 2079 640 2150 quod
670 2075 1003 2133 formidabile
1032 2075 1100 2129 sit
1127 2073 1363 2145 pelagus,
1390 2071 1486 2128 sed
1510 2070 1653 2141 quod

72 2172 327 2243 inexperti
356 2172 529 2226 simus
566 2184 665 2224 nos
692 2171 783 2239 qui
816 2168 1143 2237 navigamus.
1173 2163 1305 2219 Nam
1334 2162 1652 2228 orationem,

75 2280 179 2331 qua:
207 2278 308 2317 sua
336 2272 531 2316 natura
558 2260 629 2316 sit
664 2258 866 2324 facilis,
912 2257 982 2313 ob
1010 2255 1325 2326 imperitiam
1351 2253 1652 2309 auditorum

73 2354 335 2409 difficilem
362 2353 482 2409 ﬁeri
504 2395 520 2421 ,
555 2352 779 2407 Paulum
808 2349 957 2404 vobis
983 2354 1172 2401 testem
1203 2346 1488 2418 proferam.
1520 2347 1655 2401 Cum

74 2450 199 2504 cnim
226 2449 507 2504 Christum
536 2445 758 2502 dixisset
803 2441 1115 2499 Pontificetn
1159 2441 1325 2496 fuisse
1363 2439 1653 2495 secundum

75 2542 307 2598 ordinem
337 2539 713 2603 Melchisedec,
754 2535 1191 2608 qumsirissetque
1230 2535 1349 2604 quis
1376 2532 1656 2589 Melchise-

75 2636 162 2690 dec
185 2646 354 2701 esset,
378 2634 607 2704 adjecit:
633 2630 712 2685 De
740 2646 839 2700 quo
867 2629 1076 2701 grandis
1105 2628 1245 2683 nobis
1271 2644 1436 2683 sermo
1455 2669 1471 2693 ,
1500 2636 1545 2681 et
1572 2627 1655 2681 in-

79 2736 341 2796 ιετρτειαιιι
369 2724 587 2795 άᾰῃῑιὶιίε
614 2722 798 2792 (Hebr.
826 2721 879 2777 5.
911 2722 1024 2791 11).
1058 2720 1195 2789 Quid
1222 2720 1319 2785 ais,
1350 2719 1502 2775 beate
1521 2719 1657 2775 Pau-

79 2820 153 2873 le?
194 2819 394 2873 Tibine
437 2816 670 2872 difficilis
716 2824 798 2871 est
844 2816 1234 2884 interpretato,
1277 2814 1365 2883 qui
1395 2812 1656 2884 spirituali

78 2911 230 2979 pilles
259 2909 525 2979 sapientia
545 2949 561 2974 ,
592 2908 681 2978 qui
711 2921 902 2962 arcana
948 2905 1109 2960 verba
1154 2905 1439 2972 audivisti,
1471 2905 1562 2975 qui
1591 2905 1656 2959 ad

80 3006 277 3057 tertium
322 3013 507 3072 raptus
546 3017 607 3056 es
630 2999 863 3055 tat-lum?
905 2999 962 3052 Si
996 2998 1088 3052 tibi
1115 2996 1348 3053 difficilis
1379 3006 1462 3051 est
1492 2997 1657 3051 inter-

81 3106 312 3166 petam,
356 3111 386 3147 a
432 3109 537 3165 quo
582 3094 775 3164 poterit
823 3089 1246 3162 comprehendi?
1274 3089 1399 3145 Mihi
1427 3089 1660 3145 difficilis

80 3200 144 3242 est
170 3188 529 3257 interpretatu
550 3229 564 3252 ,
604 3185 807 3254 inquit,
839 3200 944 3239 non
976 3183 1045 3239 ob
1087 3197 1237 3237 suam
1267 3181 1658 3246 difficultatem,

86 3279 166 3333 sed
190 3278 261 3333 ob
282 3278 587 3332 auditorum
612 3277 992 3331 infirmitatem.
1024 3275 1313 3344 Postquam
1337 3275 1479 3330 enim
1506 3274 1657 3340 dixit,

87 3371 419 3442 Interpretatu
462 3371 710 3442 diﬁicifis,
757 3369 995 3431 adiunxit
1037 3385 1052 3421 :
1092 3367 1346 3433 Quoniam
1387 3367 1661 3422 imbecilles

90 3467 192 3533 [arti
212 3466 330 3519 estis
351 3464 423 3517 ad
443 3462 767 3517 audiendum.
799 3461 958 3516 Vides
981 3476 1086 3516 non
1111 3471 1351 3514 naturam
1376 3461 1659 3523 sermonis,

90 3558 167 3611 sed
208 3557 515 3611 auditorum
545 3556 860 3625 imperitiam
892 3552 1161 3609 difficilem
1193 3569 1314 3608 eum
1344 3551 1658 3616 reddidisse,

91 3650 165 3717 qui
191 3649 427 3703 difficilis
455 3648 675 3702 minime
705 3647 847 3701 fuit?
886 3646 1067 3717 Neque
1096 3661 1222 3700 vero
1253 3645 1521 3700 difficilem
1549 3656 1662 3699 tan-

95 3750 208 3805 tum,
233 3740 325 3795 sed
348 3748 407 3795 et
428 3738 684 3810 grandem
711 3738 872 3794 efficit
896 3754 1038 3801 enin,
1065 3739 1151 3808 qui
1182 3737 1356 3792 brevis
1381 3737 1450 3790 sit
1475 3737 1662 3792 eadem

96 3845 231 3885 musa
262 3849 277 3885 :
305 3841 636 3902 quapropter
665 3845 771 3883 non
818 3830 978 3883 modo
1014 3827 1283 3882 difficilem
1316 3828 1663 3898 iutcrpretatu

96 3937 198 3976 eum
224 3938 346 3977 esse
373 3923 527 3987 dixit,
556 3937 740 3976 verum
771 3922 929 3974 etiam
959 3919 1218 3987 grandem
1242 3961 1255 3984 ,
1284 3929 1337 3973 et
1378 3919 1665 3990 longitudi-

99 4014 198 4078 nis,
226 4024 281 4069 et
306 4013 635 4068 difficultatis
664 4027 878 4067 causam
919 4011 1229 4066 adscribens
1255 4010 1464 4064 aurium
1499 4010 1668 4064 imbe-

98 4106 303 4158 cillitafi.
333 4104 468 4159 Nam
501 4104 635 4159 sicut
669 4103 794 4157 dum
823 4118 997 4173 a‘gros
1023 4116 1272 4156 curamus
1314 4118 1418 4155 non
1458 4109 1669 4170 oportet

99 4200 416 4255 subitaneam
444 4208 499 4254 et
526 4206 710 4269 paratu
740 4197 948 4252 facilem
978 4211 1216 4251 mensam
1249 4195 1352 4249 illis
1375 4208 1667 4265 apponere,

101 4292 182 4345 sed
208 4292 346 4345 varia
377 4299 504 4345 sunt
534 4291 637 4345 illis
662 4288 841 4344 edulia
868 4287 1123 4359 paranda,
1154 4296 1210 4342 ut
1238 4287 1280 4340 si
1310 4294 1541 4357 :egrotus
1570 4284 1672 4339 hoc

100 4394 294 4453 gustare
321 4381 589 4447 noluerit,
621 4380 849 4437 alterum
875 4387 1052 4434 sumat
1084 4391 1097 4431 :
1127 4375 1267 4447 quod
1308 4377 1353 4431 si
1392 4374 1521 4430 illud
1564 4388 1671 4429 non

102 4474 360 4538 admittat,
391 4473 537 4528 aliud
564 4480 806 4541 acceptet
835 4488 851 4524 :
883 4479 976 4525 aut
1003 4469 1047 4522 si
1079 4467 1180 4523 hoc
1209 4466 1486 4538 repudiet,
1516 4464 1671 4520 alteri

104 4581 297 4619 manum
329 4565 569 4635 injiciat,
600 4572 654 4618 et
690 4563 928 4617 ciborum
961 4560 1214 4615 varietate
1254 4557 1521 4613 fastidium
1550 4557 1671 4610 viu-

110 4671 288 4720 caams,
317 4672 384 4711 ac
412 4654 722 4710 diversitate
750 4666 951 4708 mensae
977 4649 1141 4705 animi
1169 4650 1284 4719 cjus
1309 4646 1671 4703 morositatem

109 4750 390 4819 mitigemus
416 4766 430 4803 :
455 4748 530 4802 ita
552 4760 921 4816 saepenumero
951 4745 1003 4798 in
1031 4741 1394 4813 spiritualibus
1411 4740 1674 4795 conviviis

108 4852 174 4896 est
195 4840 478 4912 agendum.
508 4839 639 4894 Cum
669 4836 864 4892 infirmi
895 4835 1083 4899 simus,
1127 4833 1293 4888 multa
1332 4839 1388 4888 et
1414 4832 1561 4886 varia
1590 4830 1672 4884 in-

106 4934 349 4988 stituenda
364 4941 449 4987 est
467 4932 662 4996 oratio,
682 4945 799 5000 qua:
819 4928 1247 4997 comparationes
1266 4924 1479 4990 habeat,
1500 4937 1677 4979 exem-

102 5025 172 5094 pla
195 5068 208 5090 ,
247 5024 734 5080 demonstrationes
756 5060 772 5088 ,
801 5020 1086 5075 verborum
1128 5016 1383 5072 circuitus
1407 5055 1424 5081 ,
1467 5014 1676 5084 aliaque

100 5119 247 5174 multa
284 5115 589 5187 ejusmodi,
621 5123 680 5169 ut
707 5129 773 5168 ex
812 5110 1063 5167 omnibus
1092 5107 1264 5163 facilis
1300 5106 1370 5160 sit
1395 5104 1549 5160 nobis
1577 5120 1676 5159 eo-

99 5225 202 5264 rum
224 5252 239 5276 ,
272 5223 395 5279 quae
424 5206 533 5263 sint
576 5204 848 5276 profutura
872 5244 888 5270 ,
934 5201 1193 5257 delectus.
1241 5197 1527 5255 Enimvero
1556 5194 1680 5251 licet

98 5301 298 5369 grandis
327 5308 477 5355 esset
501 5307 659 5367 atque
701 5296 1049 5364 interpretatu
1078 5289 1309 5345 difficilis
1355 5287 1443 5343 ille
1476 5298 1677 5352 sermo,

100 5406 416 5463 nequaquam
446 5389 566 5443 illos
590 5386 831 5441 doctrina
858 5384 927 5440 de
949 5379 1301 5438 Melchisech
1330 5376 1557 5448 privavit
1577 5373 1676 5447 (a),

99 5498 201 5536 cum
234 5492 294 5561 et
330 5478 564 5535 dicendo
589 5475 845 5549 grandem
886 5474 1035 5530 illum
1065 5487 1185 5529 esse
1212 5480 1369 5541 atque
1409 5468 1679 5536 interpre-

102 5585 193 5629 tato
218 5559 505 5630 difﬁcilem
529 5572 741 5627 illorum
766 5567 1000 5626 studium
1024 5564 1286 5631 excitarit,
1312 5573 1369 5619 ut
1392 5559 1681 5621 alacriores

146 5730 221 5795 (ο)
254 5735 341 5784 κίε
365 5740 416 5783 et
440 5731 567 5781 infra
591 5728 899 5782 Colbertinus
928 5727 980 5778 in
1002 5724 1166 5777 multis
1186 5722 1368 5775 deﬁcit.

3245 290 3346 347 166

1766 395 1954 452 fierent
1976 398 2041 452 ad
2063 398 2383 454 audiendum
2410 415 2424 454 :
2448 408 2499 455 et
2528 400 2649 454 dum
2682 398 2786 457 illis
2808 418 3044 459 mensam
3073 404 3347 468 instruxit.

1762 503 1946 544 eorum
1976 492 2248 559 cupiditati
2283 492 2436 546 fuerit
2465 492 2810 563 obsequutus.

1830 604 1886 658 2.
1920 606 2188 673 Scriptura
2215 624 2361 661 sacra
2386 608 2635 676 quomodo
2666 612 2950 663 tractanda.
2978 612 3244 667 Αηοηιωοε
3265 630 3348 669 re-

1762 697 1986 767 darguit.
2015 698 2268 753 Adversus
2298 701 2556 754 haereticos
2586 702 2648 754 de
2693 714 2881 756 a'tcrna
2912 703 3095 759 Christi
3133 726 3347 778 genera-

1761 790 1914 844 tione.
1941 788 2207 845 Generatio
2227 792 2377 845 etiam
2399 804 2594 847 terrena
2618 793 2803 849 Christi
2827 815 2926 850 non
2951 801 3344 871 intelligitur.—

1761 885 1872 940 lloc
1901 902 1999 941 nos
2028 903 2239 958 quoque
2265 887 2519 944 faciamus
2544 908 2556 942 :
2593 892 2800 945 tametsi
2830 894 3208 961 prophetarum
3252 897 3351 950 im-

1762 992 2005 1031 mensmn
2043 988 2125 1033 est
2150 980 2386 1050 pelagus,
2410 982 2695 1051 ntulta'que
2719 984 2895 1036 insunt
2920 984 3027 1039 illic
3046 988 3349 1056 voragines,

1759 1068 2013 1124 audacter
2059 1086 2159 1139 pro
2193 1081 2375 1127 nostra
2402 1073 2538 1127 virili
2569 1084 2716 1142 parte
2758 1090 2903 1129 mare
2948 1075 3347 1147 ingrediantur;

1760 1161 1868 1215 imo
1890 1178 2038 1226 vero,
2065 1179 2169 1217 non
2200 1179 2297 1233 pro
2324 1177 2501 1220 nostra
2526 1167 2664 1220 virili
2698 1180 2866 1235 parte,
2898 1171 2991 1224 sed
3018 1181 3171 1237 prout
3197 1174 3351 1227 nobis

1759 1268 1989 1324 superna
2028 1258 2194 1324 gratia
2235 1272 2546 1313 concessum
2592 1259 2785 1326 fuerit,
2834 1277 2937 1316 non
2992 1264 3181 1320 fiducia
3230 1267 3347 1321 freti

1758 1354 1939 1397 nostra
1962 1387 1975 1407 ,
2008 1346 2101 1400 sed
2150 1349 2498 1416 procurandae
2526 1350 2767 1405 utilitatis
2794 1364 2983 1407 vestrm
3014 1369 3170 1409 causa
3204 1373 3351 1413 mare

1759 1434 2013 1491 audaCIer
2040 1438 2419 1507 ingrediamur,
2452 1450 2505 1495 et
2536 1441 2588 1494 in
2618 1441 2718 1496 hoc
2742 1457 2953 1513 quoque
2982 1445 3202 1500 Paulum
3230 1448 3350 1501 imi-

1761 1535 1952 1582 temur.
1984 1527 2136 1596 Quod
2167 1531 2309 1585 enim
2341 1533 2582 1587 oratione
2611 1534 2677 1588 de
2709 1533 3064 1610 Melchiscdec
3102 1536 3220 1592 illos
3246 1544 3347 1592 mi-

1757 1621 1902 1676 nime
1927 1623 2172 1692 privarit,
2201 1640 2263 1678 ex
2295 1624 2379 1687 iis,
2412 1640 2529 1693 quae
2558 1636 2868 1695 sequuntur,
2898 1628 3181 1699 intelliges.
3209 1630 3350 1686 Sane

1757 1726 1879 1767 cum
1907 1713 2163 1777 dixisset,
2215 1714 2288 1767 De
2324 1732 2421 1782 quo
2460 1718 2668 1786 grandis
2712 1734 2876 1771 sermo
2897 1760 2910 1780 ,
2944 1730 2989 1773 et
3019 1721 3350 1790 interpretum

1758 1803 1975 1873 difﬁcilis
1996 1845 2009 1867 ,
2052 1804 2247 1873 adjecit
2274 1823 2287 1858 :
2315 1804 2413 1859 llic
2441 1808 2573 1860 enim
2601 1806 2937 1862 Melchisrdcc
2955 1851 2969 1871 ,
3003 1827 3092 1864 rex
3109 1812 3345 1881 jttstitiw,

1757 1895 1940 1949 deinde
1966 1905 2133 1949 autem
2176 1907 2220 1950 et
2264 1914 2354 1952 rea:
2380 1896 2551 1952 Salem
2574 1941 2590 1965 ,
2632 1900 2768 1970 quod
2805 1911 2875 1955 est
2913 1918 3003 1955 rex
3037 1903 3215 1973 pacis,
3242 1905 3351 1957 sine

1758 1997 1935 2058 patre,
1983 1988 2091 2041 sine
2114 1998 2304 2054 matre,
2334 1992 2441 2043 sine
2468 1992 2759 2062 genealogia
2777 2032 2793 2057 ,
2834 2009 2990 2062 neque
3015 1994 3210 2047 initium
3234 1996 3347 2049 die-

1759 2096 1894 2146 rum,
1924 2097 2082 2150 neque
2108 2083 2222 2136 vitta
2247 2084 2398 2150 ﬁnem
2429 2083 2615 2137 habens
2638 2100 2656 2137 :
2680 2086 2986 2140 assimilatas
3020 2097 3188 2140 autent
3210 2086 3348 2142 Filio

1758 2163 1857 2219 Dei
1883 2177 2049 2220 manet
2077 2169 2313 2222 sacerdos
2342 2170 2391 2222 in
2423 2182 2714 2239 perpetuum
2743 2174 2759 2240 (
2784 2171 2939 2225 Hebr.
2972 2174 3022 2225 7.
3056 2172 3214 2241 1-5).
3242 2175 3350 2230 An-

1762 2274 1866 2315 non
1888 2269 2092 2314 vestras
2112 2275 2272 2316 aures
2294 2262 2622 2331 perturbavit
2643 2263 2707 2317 de
2733 2265 2946 2319 homine
2964 2265 3122 2318 verba
3149 2265 3350 2321 faciens

1760 2352 1979 2416 Paulus,
2007 2368 2072 2409 ac
2097 2353 2303 2420 dicens,
2335 2354 2462 2409 Sine
2487 2365 2648 2424 patre,
2677 2357 2784 2410 sine
2808 2357 3011 2410 matre?
3041 2356 3175 2424 Quid
3203 2358 3346 2417 dico.

1761 2443 1831 2500 de
1861 2444 2123 2525 homine?
2163 2445 2294 2501 Nam
2319 2445 2365 2500 si
2411 2446 2512 2501 hoc
2538 2446 2605 2501 de
2632 2447 2842 2501 Christo
2870 2448 3027 2502 etiam
3060 2448 3348 2511 diceretur.

1763 2552 1942 2594 nonne
1970 2538 2048 2593 sic
2076 2538 2237 2594 etiam
2276 2539 2497 2593 multam
2528 2541 2799 2610 quaerendi
2843 2543 3177 2597 occasionem
3210 2558 3350 2613 prae-

1763 2631 1956 2688 beret?
1999 2631 2053 2689 Si
2083 2633 2227 2689 enim
2256 2640 2340 2689 est
2382 2635 2497 2688 sine
2542 2644 2713 2704 patre,
2758 2638 3025 2703 quomodo
3056 2638 3257 2694 Filius?
3303 2640 3348 2695 si

1763 2725 1881 2781 sine
1908 2725 2087 2791 Patre,
2116 2725 2383 2796 quomodo
2406 2726 2754 2797 Unigenitus?
2785 2729 2950 2784 Filius
2976 2732 3116 2786 enim
3144 2741 3350 2803 patrem

1765 2817 1964 2875 habere
1988 2818 2170 2884 debet,
2199 2819 2392 2889 alioqui
2424 2819 2563 2875 filius
2594 2836 2699 2875 non
2728 2822 2850 2877 erit.
2881 2823 3127 2879 Attamen
3155 2836 3210 2880 et
3235 2828 3354 2882 sine

1762 2920 1916 2981 patre
1944 2910 2115 2967 Filius
2140 2912 2232 2969 Dei
2261 2922 2364 2978 est,
2394 2922 2451 2968 et
2476 2914 2594 2969 sine
2622 2923 2820 2972 matre.
2849 2916 2968 2984 Quo
2996 2917 3209 2974 tandem
3239 2936 3355 2974 mo-

1764 3003 1877 3057 do?
1923 3002 2053 3059 Sine
2096 3012 2247 3074 patre
2288 3003 2579 3059 secundum
2624 3014 2893 3062 terrenam
2929 3010 3349 3078 generationem,

1764 3094 1882 3157 sine
1910 3104 2081 3150 matre
2105 3093 2397 3151 secundum
2423 3096 2693 3152 caelestem
2725 3116 2740 3152 :
2766 3113 2889 3152 nam
2917 3115 3089 3169 neque
3117 3102 3168 3155 in
3201 3103 3357 3158 terris

1766 3188 1950 3244 habuit
1990 3200 2195 3260 patrem
2217 3229 2233 3254 ,
2266 3204 2438 3259 neque
2467 3198 2694 3247 matrem
2732 3192 2785 3246 in
2816 3192 2983 3247 czrlis.
3015 3193 3140 3249 Sine
3167 3212 3355 3265 genea-

1765 3280 1923 3352 togia.
1956 3280 2183 3335 Audiant
2204 3320 2220 3345 ,
2252 3283 2341 3350 qui
2386 3280 2505 3350 ejus
2545 3284 2830 3337 essentiam
2859 3285 3070 3339 curiose
3108 3297 3355 3341 scrutan-

1768 3382 1895 3427 tur:
1926 3373 2138 3427 tametsi
2184 3372 2512 3428 arbitrantur
2556 3373 2810 3443 quidam,
2856 3375 2998 3442 quod
3041 3376 3125 3431 hic
3164 3377 3360 3435 dicitur

1768 3465 1897 3521 Sine
1916 3465 2237 3537 genealogia,
2263 3466 2331 3521 ad
2357 3465 2625 3521 caalestem
2643 3467 3041 3537 generationem
3067 3470 3355 3540 pertinere.

1768 3558 1899 3613 Nam
1942 3558 2180 3614 haeretici
2222 3574 2290 3614 ne
2336 3558 2440 3614 hoc
2482 3559 2697 3630 quidem
2727 3561 2956 3615 volunt:
2987 3563 3182 3616 etenim
3211 3563 3359 3616 illam

1769 3667 1982 3722 quoque
2004 3652 2217 3707 curiose
2236 3661 2543 3707 scrutantur
2565 3662 2618 3707 et
2639 3653 2910 3723 inquirunt
2933 3671 2945 3706 :
2970 3656 3057 3724 qni
3081 3670 3207 3709 vero
3233 3664 3360 3710 sunt

1769 3745 1909 3799 inter
1951 3743 2072 3799 illos
2116 3742 2492 3810 modestiores,
2535 3744 2609 3799 iili
2647 3746 2977 3816 generationi
3026 3747 3126 3800 hoc
3162 3762 3358 3802 conce-
3416 3776 3419 3779 -

1770 3837 1907 3892 dttnt
1933 3854 1947 3892 :
1977 3835 2046 3893 de
2078 3844 2292 3893 terrena
2324 3852 2429 3893 non
2458 3838 2586 3893 item
2626 3838 2826 3894 dictutn
2867 3840 3175 3895 existimant
3210 3842 3359 3907 illud,

1772 3930 1900 3986 Sine
1926 3930 2244 4002 genealogia.
2294 3928 2655 3985 Ostendamus
2699 3931 2860 4001 igitur
2903 3931 3004 3986 hoc
3044 3931 3112 3985 de
3142 3912 3363 4002 utraque

1774 4022 1998 4077 Paulum
2036 4022 2389 4093 generatione
2425 4022 2659 4089 dixisse,
2690 4023 2758 4079 de
2797 4025 2996 4079 ca~testi
3025 4025 3183 4079 simul
3213 4037 3266 4080 et
3293 4026 3363 4082 de

1774 4126 1985 4172 terrena
2018 4133 2034 4171 :
2067 4131 2189 4171 nam
2220 4124 2273 4170 et
2300 4115 2385 4170 illa
2414 4115 2691 4171 tremenda
2721 4125 2833 4183 est,
2877 4126 2933 4172 et
2975 4115 3091 4172 tunc
3137 4118 3358 4188 mystica

1774 4210 2027 4265 maxime.
2051 4210 2339 4280 Propterea
2361 4208 2571 4263 dicebat
2590 4209 2750 4263 etiam
2775 4208 2955 4275 Isaias,
2979 4207 3362 4265 Generationem

1775 4304 1887 4373 ejus
1907 4303 2019 4374 quis
2043 4300 2295 4357 enarrabit
2324 4299 2475 4373 (lsat'.
2498 4300 2586 4356 55.
2610 4300 2721 4371 8)?
2745 4301 2904 4370 Atqui
2928 4300 2996 4357 de
3023 4302 3112 4357 illa
3137 4303 3359 4365 caeli-sti.

1777 4396 1983 4467 inquit,
2031 4393 2136 4450 hoc
2174 4392 2328 4451 dixit.
2376 4392 2521 4462 Quid
2564 4407 2694 4463 ergo
2740 4392 2906 4457 Paulo
2952 4392 3227 4455 dicemus,
3272 4395 3361 4464 qui

1779 4497 2058 4556 utramque
2100 4485 2498 4556 generationem
2545 4485 3020 4548 commemoravit,
3063 4501 3127 4541 ac
3170 4484 3367 4541 deinde

1777 4580 1930 4646 illud,
1956 4579 2082 4636 Sine
2105 4579 2420 4650 genealogia,
2447 4576 2763 4647 subiunxit?
2791 4576 2926 4632 Cum
2957 4578 3098 4633 enim
3130 4588 3252 4632 ante
3278 4577 3365 4632 di-

1778 4673 1979 4740 xisset,
2008 4672 2135 4727 Sine
2173 4681 2350 4742 patre,
2396 4669 2506 4724 sine
2543 4676 2738 4736 matre,
2779 4679 2899 4738 post
2934 4669 3176 4739 adjuuxit
3198 4713 3214 4734 ,
3246 4670 3371 4725 Sine

1780 4764 2111 4837 genealogia,
2142 4771 2203 4817 ut
2230 4777 2338 4817 non
2367 4759 2528 4817 modo
2554 4759 2847 4814 secundum
2881 4760 3024 4813 illam
3064 4763 3369 4827 generatio-

1780 4872 1928 4925 nem,
1968 4855 2261 4912 secundum
2289 4867 2450 4923 quam
2477 4860 2559 4907 est
2586 4852 2702 4906 sine
2730 4858 2906 4905 matre
2926 4892 2942 4916 ,
2971 4852 3064 4904 sed
3091 4851 3249 4905 etiam
3279 4867 3370 4907 se-

1780 4946 2016 5004 cundum
2039 4946 2197 5010 hanc,
2220 4942 2516 5001 secundum
2539 4956 2698 5011 quam
2727 4951 2845 4996 erat
2870 4940 2987 4996 sine
3013 4949 3183 5010 patre,
3208 4951 3371 4997 terre-

1782 5056 1907 5097 nam
1930 5038 2077 5106 dico,
2102 5038 2222 5094 sine
2246 5036 2557 5109 genealogia
2587 5035 2758 5106 ipsum
2785 5049 2904 5090 esse
2929 5034 3136 5090 credas.
3174 5034 3373 5090 Idcirco

1782 5143 2005 5205 utraque
2030 5131 2203 5204 posita
2249 5130 2415 5196 dixit,
2448 5130 2573 5185 Sine
2599 5127 2893 5200 genealogia
2916 5168 2933 5196 ,
2962 5143 3086 5183 nam
3116 5127 3234 5185 hac
3262 5135 3373 5183 ter-

1784 5242 1919 5285 rena
1946 5224 2330 5296 comprehendi
2358 5239 2464 5279 non
2497 5231 2710 5293 potest,
2744 5232 2803 5277 ut
2830 5223 2885 5276 in
2930 5221 3079 5277 illam
3105 5236 3174 5277 ne
3199 5221 3372 5289 respi-

1785 5338 1911 5379 cere
1935 5320 2153 5392 quidem
2178 5318 2493 5374 audeamus.
2524 5316 2654 5370 Nam
2685 5316 2729 5371 si
2760 5315 2939 5384 templi
2964 5313 3221 5370 vestibula
3251 5324 3376 5367 sunt

1786 5414 1921 5469 adeo
1951 5408 2211 5469 terribilia
2241 5418 2298 5466 et
2335 5409 2605 5465 inaccessa
2628 5449 2643 5473 ,
2673 5422 2777 5478 quo
2804 5413 2958 5477 pacto
2992 5406 3044 5460 in
3075 5405 3189 5475 ipsa
3218 5402 3375 5475 adyta

1787 5512 2069 5578 penetrare
2119 5503 2242 5575 quis
2298 5499 2567 5558 audebit?
2613 5499 2864 5557 Genitum
2911 5497 3055 5554 enim
3101 5512 3168 5551 ex
3219 5494 3378 5550 Patre

1786 5598 1954 5656 fuisse
1997 5599 2110 5655 scio
2153 5615 2169 5654 :
2209 5610 2316 5670 quo
2360 5602 2553 5668 pacto,
2604 5592 2809 5649 nescio.
2858 5589 2941 5646 Ex
2976 5587 3181 5660 virgine
3228 5585 3376 5642 illum

1792 5696 1962 5757 fuisse
1996 5705 2178 5753 natum
2208 5693 2365 5759 novi;
2411 5686 2631 5744 modum
2672 5692 2851 5740 autem
2920 5694 2990 5738 ne
3034 5678 3121 5736 hic
3161 5676 3377 5748 quidem
