3696 6278
397 248 491 301 16⁸)

390 379 665 434 assequor.
698 362 828 418 Nam
860 362 1134 435 utriusque
1160 372 1363 418 natura:
1406 364 1807 434 generationem
1838 378 1968 417 con-

391 456 636 517 ﬁtemur,
666 464 720 510 et
747 454 1019 525 utriusque
1047 455 1261 508 modum
1294 464 1549 510 tacemus.
1594 455 1658 508 Et
1685 455 1822 508 sicut
1850 469 1969 508 cum

387 548 455 603 de
487 548 689 618 virgine
718 548 911 617 agitur,
940 547 1038 602 etsi
1065 547 1245 601 nescio
1274 562 1379 617 quo
1406 557 1559 617 pacto
1584 546 1651 600 sit
1678 561 1741 600 ex
1768 547 1972 616 virgine

386 650 701 710 generatus,
750 646 925 692 tamen
967 652 1088 692 eum
1131 646 1439 708 generatum
1485 637 1646 691 fuisse
1690 635 1968 703 conﬁteor,

388 746 486 785 nec
529 745 638 785 rem
685 730 813 784 tollo
842 737 1059 799 prapter
1098 727 1448 798 ignorantiam
1482 726 1622 781 modi
1653 744 1667 781 :
1699 728 1768 781 ita
1801 724 1883 779 fac
1915 735 1969 780 tu

384 837 619 892 quoque,
648 837 769 875 cum
796 821 863 875 de
892 821 1047 875 Patre
1073 822 1244 889 agitur
1274 837 1286 873 :
1322 820 1443 875 licet
1470 820 1674 874 nescias
1702 819 1969 889 quomodo

387 914 555 969 Filius
600 914 667 967 sit
704 913 950 983 genitus,
998 926 1118 967 eum
1164 912 1324 965 fuisse
1362 912 1595 981 genitum
1643 910 1964 995 conﬁtere

384 1006 535 1071 Quod
563 1007 605 1059 si
634 1006 831 1058 dixerit
859 1005 949 1058 tibi
984 1004 1263 1058 haereticus
1285 1046 1299 1069 ,
1328 1002 1607 1068 Quomodo
1644 1002 1854 1073 genitus
1888 1010 1969 1056 est

383 1114 445 1151 ex
477 1099 630 1150 l’atre
671 1096 879 1150 Filius?
924 1104 1155 1148 mentem
1203 1094 1320 1162 ejus
1366 1094 1417 1147 in
1467 1102 1660 1148 terram
1707 1094 1963 1161 deprime,

381 1199 541 1259 atque
570 1188 640 1241 illi
666 1187 828 1242 dicito
857 1208 869 1242 :
904 1186 1176 1241 Descende
1205 1186 1271 1241 dc
1297 1185 1465 1250 CtL’llS,
1496 1201 1559 1240 ac
1589 1186 1715 1240 mihi
1744 1186 1966 1240 demon-

378 1290 488 1333 stra
510 1322 524 1345 ,
553 1278 820 1349 quomodo
851 1293 916 1331 ex
942 1278 1148 1347 virgine
1188 1278 1257 1332 sit
1295 1286 1476 1344 natus,
1508 1284 1725 1345 tumque
1762 1276 1849 1330 illa
1878 1291 1965 1330 me

378 1386 524 1441 roga.
550 1370 743 1443 Retine
773 1370 942 1433 illum,
975 1377 1033 1423 et
1058 1369 1335 1425 obsessum
1366 1384 1516 1439 urge,
1546 1382 1720 1439 neque
1756 1366 1964 1422 resilire

377 1464 539 1517 sinito
569 1470 659 1515 aut
700 1460 751 1515 in
784 1460 1146 1533 labyrinthum
1178 1459 1639 1515 ratiocinationum
1684 1474 1743 1514 se
1787 1457 1961 1527 pruri-

378 1567 508 1621 pere
536 1568 549 1605 :
573 1567 759 1607 verum
786 1552 978 1617 retine,
997 1564 1049 1610 et
1069 1555 1359 1624 strangula,
1384 1564 1487 1606 non
1512 1565 1693 1616 manu,
1721 1548 1813 1604 sed
1841 1563 1963 1603 ora-

377 1645 553 1711 tione;
588 1661 655 1699 ne
683 1643 1053 1697 distinctiones
1097 1643 1170 1697 illi
1199 1652 1252 1696 et
1290 1642 1481 1712 effugia
1518 1641 1814 1707 concedas,
1843 1655 1960 1711 quae

374 1736 543 1805 cupit.
573 1735 707 1790 Hinc
735 1736 793 1788 ﬁt
818 1744 873 1788 ut
898 1749 991 1789 eos
1014 1734 1325 1804 perturbent
1355 1745 1408 1789 et
1427 1740 1816 1797 commoveant,
1845 1732 1961 1802 qui-

376 1830 597 1883 buscum
629 1827 921 1897 disputant,
954 1826 1091 1896 quod
1124 1841 1220 1880 nos
1246 1826 1351 1882 illis
1379 1827 1755 1896 obsequamur,
1788 1838 1960 1894 neque

373 1936 468 1975 eos
491 1920 556 1975 ad
586 1935 857 1975 sacrarum
881 1919 1277 1989 Scripturarum
1306 1918 1448 1987 leges
1473 1917 1766 1987 adigamus.
1793 1914 1961 1970 Undi-

370 2027 475 2082 que
521 2012 681 2082 igitur
728 2011 803 2065 illi
848 2025 1062 2064 murum
1105 2024 1169 2063 ex
1211 2007 1528 2063 testimoniis
1560 2008 1954 2078 Scripturarum

370 2117 616 2172 oppone,
647 2116 709 2155 ac
746 2116 814 2155 ne
846 2100 1050 2156 hiscere
1078 2098 1293 2170 quidem
1327 2099 1541 2169 poterit.
1573 2098 1665 2152 Dic
1696 2097 1808 2164 illi,
1840 2096 1956 2163 Quo

372 2205 529 2264 pacto
571 2210 636 2249 ex
684 2195 886 2264 virgine
931 2202 1085 2247 natus
1124 2194 1248 2246 est?
1297 2208 1402 2247 non
1447 2193 1737 2257 absistam,
1784 2204 1956 2260 neque

371 2285 640 2341 recedam.
686 2286 844 2355 Atqui
893 2284 1108 2339 modum
1152 2283 1299 2338 effari
1340 2299 1443 2338 non
1488 2284 1704 2354 poterit,
1747 2281 1955 2336 tametsi

371 2379 517 2434 omni
555 2393 656 2448 ope
682 2387 983 2447 conatuque
1010 2377 1314 2431 contendat.
1342 2376 1475 2430 Ctun
1504 2376 1644 2430 enim
1677 2375 1815 2429 Deus
1857 2388 1956 2428 oc-

369 2468 610 2534 cluserit,
637 2469 757 2537 quis
774 2468 882 2537 jam
910 2466 1213 2522 reserabit?
1237 2466 1362 2521 Sola
1389 2466 1490 2521 title
1515 2465 1710 2535 percipi
1733 2473 1956 2536 possunt

369 2560 517 2614 talia.
548 2558 698 2626 Quod
725 2559 769 2613 si
801 2573 906 2612 non
935 2556 1265 2626 acquiescas,
1290 2555 1383 2612 sed
1411 2558 1644 2611 rationes
1668 2555 1951 2627 disquiras,

369 2651 557 2705 iisdem
600 2659 652 2705 te
678 2649 884 2714 verbis,
925 2649 1118 2718 quibus
1152 2647 1495 2703 Nicodemum
1522 2647 1786 2716 Christus,
1819 2646 1951 2701 affa-

368 2744 469 2798 bor
492 2761 504 2796 :
539 2743 600 2798 Si
628 2752 823 2797 terrena
851 2742 959 2796 dixi
986 2742 1124 2797 vobis
1141 2782 1157 2809 ,
1185 2752 1232 2795 et
1262 2759 1362 2795 non
1388 2742 1607 2807 creditis,
1635 2742 1885 2812 quomodo
1909 2740 1954 2795 si

368 2834 546 2888 dixero
574 2834 710 2887 vobis
738 2832 985 2897 cretestia,
1010 2833 1222 2887 credetis
1251 2833 1426 2902 (Joan.
1458 2834 1509 2889 5.
1542 2833 1683 2904 μιν
1710 2835 1785 2888 De
1809 2834 1949 2887 nati-

367 2925 532 2979 vitate
558 2924 666 2978 dixi
696 2939 761 2978 ex
786 2924 1013 2993 virgine,
1038 2939 1211 2995 neque
1239 2923 1402 2991 nosti,
1424 2940 1593 2994 neque
1619 2925 1826 2980 hiscere
1852 2940 1950 2979 au-

365 3018 497 3082 des,
541 3026 596 3071 et
634 3017 824 3071 crclum
853 3017 1064 3071 curiose
1110 3016 1409 3071 scrutaris?
1448 3017 1624 3086 Atque
1668 3017 1867 3071 utinam
1896 3017 1949 3071 in

366 3108 556 3161 caelum
579 3149 594 3172 ,
621 3117 676 3162 et
702 3122 809 3162 non
839 3109 891 3161 in
931 3108 1209 3162 Dominum
1236 3108 1353 3163 cadi
1394 3111 1603 3165 curiose
1632 3109 1947 3180 inquireres.

368 3200 431 3255 Si
457 3209 653 3253 terrena
680 3199 789 3253 dixi
830 3198 999 3266 vobis,
1037 3209 1084 3253 et
1119 3215 1223 3253 non
1252 3198 1476 3254 creditis.
1523 3199 1639 3255 Non
1670 3199 1842 3268 dixit,
1887 3201 1952 3256 Et

367 3305 472 3343 non
503 3287 899 3359 persuademini
921 3331 936 3355 ,
973 3290 1069 3345 sed
1088 3330 1103 3355 ,
1138 3288 1259 3345 Non
1283 3291 1485 3344 creditis
1505 3332 1518 3356 ,
1546 3307 1653 3362 quo
1680 3293 1845 3349 verbo
1874 3292 1949 3348 si-

363 3379 580 3449 gniﬁcat
609 3388 821 3435 terrena
847 3380 1010 3435 etiam
1046 3380 1151 3436 fide
1185 3380 1441 3453 indigere.
1484 3381 1635 3449 Quod
1666 3383 1709 3438 si
1738 3393 1951 3439 terrena

366 3471 471 3526 ﬁde
501 3471 738 3542 indigent
759 3512 775 3538 ,
807 3472 977 3526 multo
1002 3473 1170 3543 magis
1193 3473 1447 3528 cmlestia.
1473 3473 1803 3543 Quamquam
1835 3483 1949 3529 tum

364 3562 657 3619 Nicodemo
680 3564 750 3617 de
778 3571 931 3633 partu
960 3565 1128 3619 multo
1170 3565 1363 3621 minori
1394 3565 1707 3636 loquebatur
1737 3583 1753 3618 :
1780 3566 1947 3636 siqui-

366 3656 489 3712 dem
517 3657 584 3712 de
612 3655 878 3727 baptismo
903 3671 1083 3713 sermo
1108 3667 1245 3724 erat,
1271 3668 1326 3713 et
1349 3659 1419 3714 de
1443 3660 1703 3729 spirituali
1730 3675 1951 3731 regene-

365 3751 577 3805 ratioue
606 3767 619 3803 :
647 3750 744 3805 sed
772 3750 886 3805 lucc
908 3766 1122 3821 quoque
1152 3752 1254 3807 fide
1279 3752 1782 3824 comprehendenda
1807 3753 1951 3808 diee-

365 3841 475 3897 bat.
516 3841 783 3898 Caeterum
815 3853 1023 3899 terrena
1055 3844 1144 3899 illa
1171 3846 1397 3911 vocavit,
1426 3860 1532 3901 non
1561 3846 1704 3917 quod
1738 3856 1947 3902 terrena

365 3934 493 3998 sint,
525 3933 620 3989 sed
657 3936 797 4005 quod
828 3936 1171 4005 perficiantur
1208 3937 1261 3993 in
1288 3946 1447 4002 terra,
1476 3947 1530 3995 et
1552 3939 1693 4009 quod
1724 3939 1767 3994 si
1798 3954 1947 3994 com-

368 4035 625 4095 parentur
646 4042 768 4082 cum
794 4043 1022 4097 superna
1045 4028 1133 4083 illa
1158 4038 1213 4084 et
1238 4029 1487 4086 ineffabili
1510 4032 1800 4094 nativitate,
1830 4046 1948 4102 qua:

366 4130 598 4175 mentem
625 4133 837 4176 omnem
867 4130 1172 4191 exsuperat,
1204 4121 1319 4177 haec
1349 4132 1558 4178 terrena
1583 4124 1708 4180 sint.
1733 4124 1787 4180 Si
1818 4139 1948 4193 ergo

369 4212 483 4267 fieri
522 4226 627 4266 non
671 4220 888 4283 potest,
937 4223 995 4268 ut
1036 4213 1200 4269 sciam
1244 4230 1350 4286 quo
1396 4223 1551 4287 pacto
1590 4233 1839 4273 renascar
1880 4232 1948 4273 ex

362 4303 539 4372 aquis,
570 4300 664 4357 sed
692 4302 795 4357 ﬁde
820 4304 932 4359 sola
970 4319 1059 4382 res
1099 4306 1187 4359 illa
1213 4307 1469 4378 capienda
1494 4318 1595 4374 est,
1626 4325 1800 4380 neque
1828 4324 1947 4365 mo-

363 4393 465 4447 dus
498 4393 711 4449 curiose
749 4395 1065 4451 scrutandus
1092 4414 1107 4451 :
1134 4407 1346 4468 quanta:
1387 4400 1548 4455 fuerit
1586 4400 1686 4456 hoc
1727 4402 1947 4458 insaniae

368 4485 433 4537 ad
463 4485 883 4555 investigandum
910 4488 1178 4544 caelestem
1218 4491 1471 4561 unigeniti
1504 4492 1620 4548 Filii
1650 4495 1950 4564 generatio-

366 4592 488 4630 nem
513 4577 864 4646 cogitationes
889 4577 1150 4634 humanas
1185 4580 1500 4651 admittere,
1545 4599 1607 4639 ac
1634 4585 1812 4653 modi,
1840 4603 1947 4657 quo

361 4666 501 4723 facta
529 4668 627 4732 sit,
655 4669 917 4724 rationem
946 4671 1201 4742 exigere?

431 4760 487 4814 5.
540 4757 690 4814 Vetus
718 4758 1092 4817 Testamentum
1109 4763 1394 4819 obscurum.
1423 4764 1526 4820 Cur
1551 4766 1778 4825 obscura
1801 4780 1946 4826 erant

362 4851 888 4920 ρτοριιειῑιε.-8ιιιίε
917 4853 1074 4924 igitur
1098 4855 1520 4913 demonstratum
1544 4868 1629 4914 est
1652 4876 1759 4931 quo
1790 4870 1945 4932 pacto

359 4941 476 4993 sine
498 4950 650 5010 patre
669 4956 733 4997 ac
757 4944 875 5000 sine
899 4955 1071 5001 matre
1108 4947 1177 5002 sit
1219 4949 1524 5019 unigenitus
1552 4950 1645 5006 Dei
1674 4950 1861 5016 Filius,
1889 4962 1945 5009 et

358 5045 466 5098 quo
508 5044 661 5098 pacto
706 5033 824 5088 sine
866 5036 1176 5109 genealogis
1220 5038 1513 5095 secundum
1551 5052 1829 5113 utramque
1852 5057 1945 5114 ge-

361 5122 691 5179 nerationem
722 5140 739 5177 :
770 5126 1038 5197 reliquum
1075 5138 1160 5185 est
1187 5140 1244 5184 ut
1291 5129 1359 5185 ad
1400 5130 1453 5186 id
1486 5132 1630 5201 quod
1669 5132 1945 5189 instatre-

355 5211 600 5282 deamus,
649 5225 930 5288 postquam
978 5234 1283 5277 sermonem
1324 5221 1395 5277 de
1446 5223 1804 5281 Melchisedec
1886 5227 1940 5282 in

420 5369 437 5400 ¹
478 5368 731 5437 Melius,ni
757 5370 912 5437 fallor,
937 5372 1211 5437 legeretur,
1234 5377 1617 5429 assentientibus
1638 5381 1785 5430 etiam
1814 5383 1942 5432 Savi-

358 5427 424 5479 lio
447 5438 500 5501 et
522 5427 730 5503 Halesio,
766 5433 874 5485 licet
897 5427 1095 5487 nescias
1122 5427 1360 5548 ggomodo
1394 5427 1551 5503 ﬁlium
1571 5427 1941 5505 genueritfemn

358 5503 572 5548 9mm
587 5496 830 5548 coniuere.
856 5506 969 5547 Eam
1005 5499 1085 5548 hic
1211 5508 1349 5548 Patre
1381 5502 1560 5548 δαίων.
1582 5510 1637 5548 ut
1656 5503 1803 5548 mulo
1822 5514 1939 5548 ante

587 5492 830 5559 conﬁtere.
856 5499 1085 5566 uam‘hic
1122 5492 1187 5548 de
1211 5508 1349 5566 Patre
1381 5492 1637 5563 agitur,'ut
1656 5492 1806 5566 mulo
1822 5492 1939 5557 ante

356 5554 418 5628 de
439 5554 643 5628 Xirgine
667 5554 840 5628 matre.
866 5563 1025 5611 Lectio
1047 5569 1210 5628 tamen
1247 5560 1401 5613 altera
1411 5554 1708 5627 Terri'posse
1726 5554 1937 5628 videtur,

354 5620 406 5687 et
430 5613 640 5678 alioquin
658 5622 871 5687 omnium
896 5621 1250 5686 exemplarium
1287 5613 1578 5675 auctoritate
1597 5613 1935 5687 asseriturﬁl:

336 5685 545 5740 Jamque
570 5681 739 5741 probat
758 5691 968 5736 Joatmes
984 5681 1166 5736 Boisius
1188 5688 1237 5737 in
1260 5691 1387 5739 notis
1412 5690 1657 5740 sai-iliaois
1676 5704 1722 5751 p.
1748 5681 1856 5741 857.

1086 244 1142 302 s.
1181 244 1457 302 JOANNIS
1493 244 1967 303 CllRYSOSTOMl
2005 244 2319 305 Ancutnr.
2362 246 2894 308 coxsmmmor.
3557 270 3649 327 ,οδ

2085 362 2311 416 alterum
2341 362 2481 418 diem
2514 364 2818 435 rejecimus,
2845 382 2907 422 ac
2936 367 3243 441 prophetica
3280 371 3546 445 aenigmata
3566 397 3649 439 au-

2083 451 2242 506 dituri
2289 462 2526 507 nostram
2557 457 2902 512 attentionem
2935 460 3247 515 excitemus.
3288 460 3495 521 Similes
3518 474 3646 528 enim

2083 551 2208 598 sunt
2253 545 2623 615 mnigmatibus
2680 563 2956 604 sermones
3009 551 3332 622 prepltetici,
3383 558 3646 632 multisque

2079 632 2481 691 difﬁcultatibus
2503 635 2782 707 obseptum
2814 648 2894 694 est
2921 638 3085 695 Vetus
3108 640 3501 703 Testamentum
3516 690 3535 721 ν.
3563 669 3644 711 ne-

2078 741 2181 797 que
2216 727 2397 784 faciles
2450 729 2724 786 intellectu
2757 741 2877 786 sunt
2908 732 3027 788 libri
3054 751 3069 788 :
3098 733 3300 790 Novum
3329 747 3499 796 autem
3522 743 3642 801 dilu-

2077 818 2249 873 cidius
2295 829 2378 875 est
2422 831 2475 875 et
2515 820 2740 877 facilius.
2800 814 3031 892 quuam
3063 826 3277 882 tandem
3321 829 3390 885 ob
3420 846 3639 904 causam,

2075 910 2217 966 dicet
2240 913 2450 983 aliquis,
2490 913 2603 969 haec
2631 914 2700 969 ita
2732 927 2855 970 sunt
2897 921 3206 988 constituta,
3247 920 3372 978 licet
3412 922 3477 980 de
3499 928 3643 986 rebus

2076 1003 2292 1072 majoris
2321 1007 2575 1083 momenti
2605 1016 2790 1076 agatur
2820 1009 2870 1062 in
2897 1009 3066 1076 Novo,
3099 1012 3166 1066 de
3192 1028 3355 1084 regno
3384 1018 3639 1088 caelomm,

2074 1094 2141 1150 de
2164 1098 2554 1153 resurrectione
2580 1115 2886 1170 corporum,
2905 1114 2957 1157 et
2982 1104 3334 1163 incffahilibus
3358 1109 3459 1165 illis
3480 1112 3637 1180 bonis,

2073 1202 2190 1256 quin
2220 1197 2272 1242 et
2291 1186 2574 1243 humanam
2618 1201 2849 1247 mentem
2874 1195 3139 1249 excedunt
3168 1197 3190 1249 ?
3217 1196 3354 1265 Quid
3399 1200 3551 1269 igitur
3592 1205 3640 1259 in

2071 1292 2251 1343 causa,
2280 1289 2333 1333 ut
2358 1280 2597 1335 obscura:
2626 1283 2731 1336 sint
2759 1286 3049 1353 pr0pbe'tize
3072 1287 3092 1339 ?
3120 1287 3281 1343 Multa
3306 1288 3503 1345 Judazis
3530 1294 3639 1350 ista:

2070 1369 2206 1421 mala
2238 1370 2546 1439 praedicunt,
2574 1388 2637 1428 ac
2664 1371 2781 1428 fore
2809 1385 2865 1429 ut
2890 1376 3171 1445 ejiciantur
3196 1380 3287 1445 illi,
3315 1398 3412 1436 nos
3430 1386 3639 1453 recipia-

2070 1473 2209 1523 mur,
2250 1468 2308 1515 ut
2327 1459 2583 1528 templum
2600 1469 2892 1527 evertatur,
2912 1477 3010 1516 nec
3026 1462 3257 1532 amplius
3272 1466 3549 1531 excitetur,
3590 1484 3639 1528 ut

2067 1548 2353 1603 concidant
2395 1548 2762 1622 Jerosolyma,
2790 1562 2845 1607 et
2865 1553 3113 1610 omnibus
3149 1555 3258 1610 sint
3286 1558 3467 1628 pervia
3498 1579 3509 1613 :
3538 1570 3637 1618 tum

2068 1655 2196 1695 vero
2220 1640 2391 1695 Judaei
2422 1642 2709 1697 errabundi
2735 1686 2749 1709 ,
2799 1661 2895 1715 per
2920 1647 3222 1702 universum
3268 1650 3452 1705 orbem
3483 1661 3639 1707 terra-

2068 1749 2185 1787 rum
2215 1733 2612 1805 diSpergantur,
2663 1752 2726 1794 ac
2774 1739 2991 1796 civitate
3040 1741 3303 1808 destituti,
3350 1760 3420 1799 ne
3444 1755 3639 1801 vett-res

2066 1826 2280 1896 quidem
2306 1828 2443 1882 ritus
2468 1831 2755 1899 retineant,
2802 1832 2897 1887 sed
2929 1848 3116 1889 omnes
3163 1836 3266 1889 illis
3296 1852 3383 1892 res
3415 1835 3637 1908 ipsorum

2066 1918 2275 1987 priores
2318 1919 2648 1986 auferantur.
2704 1924 3022 1995 pr0phetiae,
3065 1928 3344 1995 sacriﬁcia,
3406 1931 3640 1986 sacerdo—

2065 2009 2216 2076 tium,
2246 2019 2300 2065 et
2326 2026 2571 2083 regnum.
2602 2012 2785 2084 Neque
2813 2031 2940 2071 vero
2958 2024 3159 2071 tantum
3193 2019 3312 2088 ista,
3344 2021 3438 2075 sed
3469 2030 3520 2076 et
3546 2025 3638 2077 alia

2063 2099 2229 2153 multa
2256 2100 2519 2169 ejusmodi
2548 2103 2905 2171 praedicebant
2924 2106 3220 2176 prophetrc,
3250 2109 3377 2167 dum
3402 2111 3637 2167 innume-

2062 2204 2149 2243 ras
2178 2192 2290 2246 suis
2334 2192 2483 2249 libris
2530 2194 2815 2265 tragoedias
2864 2196 3245 2256 immiscerent.
3298 2201 3376 2257 Ne
3405 2204 3561 2274 igitur
3579 2206 3640 2259 ab

2062 2281 2212 2336 initio
2241 2282 2411 2338 Judaei
2437 2284 2721 2341 manifeste
2752 2286 2868 2345 haec
2893 2288 3191 2357 audientes,
3239 2306 3332 2347 eos
3384 2294 3641 2350 interfice-

2061 2380 2181 2426 rent
2204 2375 2292 2444 qui
2340 2374 2455 2430 lucc
2499 2376 2771 2443 dicebant,
2825 2379 3281 2449 interpretationis
3331 2382 3638 2440 difﬁcultate

2063 2465 2437 2533 praedictiones
2468 2469 2824 2535 occultarum,
2852 2486 2915 2526 ac
2940 2475 3103 2528 multa
3133 2475 3463 2532 obscuritate
3485 2479 3637 2535 rebus

2060 2553 2250 2622 offusa,
2281 2570 2377 2625 per
2397 2572 2582 2611 eorum
2612 2576 2727 2628 qua:
2761 2560 3079 2618 dicebantur
3100 2564 3487 2623 obscuritatem
3517 2564 3627 2638 pro?

2061 2645 2342 2716 pbetarum
2392 2649 2746 2707 incolumitati
2800 2656 3202 2712 consuluerunt.
3235 2658 3391 2717 Unde
3422 2650 3548 2716 vcro
3591 2656 3637 2718 id

2059 2739 2313 2792 constat?
2340 2739 2597 2797 Rationes
2626 2744 2766 2798 enim
2794 2760 2825 2799 a
2852 2746 3005 2802 nobis
3032 2748 3315 2805 reddenda:
3339 2763 3486 2819 sunt,
3514 2763 3639 2808 tam-

2058 2829 2160 2883 etsi
2189 2829 2326 2884 inter
2352 2834 2554 2888 amicos
2581 2835 2744 2890 verba
2775 2836 2998 2895 facimus
3031 2858 3043 2893 :
3069 2841 3329 2910 siquidem
3360 2847 3511 2900 multi
3534 2848 3635 2901 for-

2060 2921 2214 2976 tassis
2251 2921 2444 2978 adsunt
2515 2941 2619 2981 non
2662 2928 2839 2983 amici.
2896 2930 3111 2986 Discant
3151 2934 3312 3003 igitur
3342 2935 3459 2992 [nec
3485 2938 3638 2993 etiam

2058 3009 2154 3077 illi,
2182 3022 2239 3065 ut
2266 3022 2320 3066 et
2348 3015 2505 3069 amici
2548 3016 2646 3086 ipsi
2698 3020 2848 3073 fiant.
2875 3019 3014 3087 Dixi,
3035 3024 3079 3076 si
3114 3019 3283 3080 Iudici
3310 3028 3640 3085 audivissent

2057 3101 2216 3167 mala,
2269 3120 2388 3174 qua:
2443 3108 2897 3176 comprehensum
2942 3112 3063 3168 illos
3094 3124 3275 3179 erant,
3308 3132 3371 3173 ac
3418 3117 3549 3184 fore,
3588 3132 3641 3175 ut

2058 3201 2275 3263 propter
2292 3192 2565 3252 Christum
2591 3201 2975 3258 exscindantur
2998 3203 3332 3279 Jcrosolyma
3368 3212 3420 3264 in
3455 3227 3639 3281 perpe-

2058 3292 2227 3351 tuum,
2281 3301 2380 3342 nec
2421 3298 2672 3359 uquam
2725 3294 2956 3363 amplius
3002 3296 3384 3369 instaurentur,
3443 3304 3557 3358 lucc
3599 3304 3639 3359 si

2055 3377 2338 3447 perspicue
2366 3393 2394 3432 a
2419 3380 2695 3451 prophetis
2725 3384 3072 3451 audivissent,
3092 3390 3373 3447 confestim
3406 3410 3522 3461 eos,
3554 3397 3641 3464 qui

2058 3467 2172 3522 hzcc
2192 3469 2565 3540 loquebantur,
2598 3474 2942 3531 occidissent.
2973 3477 3125 3534 Unde
3156 3482 3316 3552 igitur
3346 3484 3400 3539 id
3432 3485 3595 3557 liquet
3620 3486 3640 3538 ?

2056 3559 2291 3616 Primum
2320 3564 2534 3633 quidem
2579 3582 2643 3621 ex
2694 3569 2930 3638 ipsorum
2967 3574 3204 3629 moribus
3233 3593 3246 3629 :
3277 3576 3467 3633 furiosi
3503 3581 3642 3634 enim

2055 3663 2209 3709 erant
2233 3670 2295 3711 ac
2316 3656 2557 3713 belluini.
2592 3659 2827 3731 Populus
2861 3672 2945 3719 est
2970 3680 3182 3737 semper
3206 3670 3397 3726 sitiens
3429 3672 3643 3742 sangui-

2056 3758 2177 3799 nem
2203 3748 2605 3817 prophetarum,
2635 3768 2824 3809 manus
2861 3770 3047 3813 eorum
3080 3759 3132 3813 in
3163 3761 3403 3817 caedibus
3434 3779 3494 3818 se
3516 3781 3643 3818 san-

2054 3844 2260 3892 ctorum
2291 3853 2661 3899 exercuerant.
2692 3845 2817 3901 llaec
2837 3848 3092 3905 adversus
3114 3852 3234 3908 illos
3256 3871 3482 3926 magnus
3500 3857 3645 3911 Elias

2054 3928 2376 3987 vociferatur
2411 3933 2599 3991 dicens
2640 3954 2654 3990 :
2696 3936 2930 4005 Domine,
2977 3941 3249 4012 prophetas
3280 3955 3392 4001 tuos
3448 3950 3647 4002 occide-

2053 4031 2191 4089 runt,
2218 4024 2403 4077 altaria
2424 4034 2509 4079 tua
2535 4026 2797 4084 diruerant
2828 4032 2845 4103 (
2872 4032 2926 4087 5.
2951 4032 3075 4102 Reg.
3118 4034 3202 4091 l9.
3228 4037 3297 4092 10
3325 4040 3369 4110 ).
3399 4039 3647 4095 Christus

2057 4114 2268 4182 iterum,
2299 4114 2604 4188 Jerusalem,
2626 4120 2940 4191 Jerusalem,
2974 4143 3087 4197 qua
3114 4131 3297 4185 occidit
3343 4136 3645 4203 prophetas,

2053 4216 2099 4261 et
2128 4207 2323 4280 lapidat
2341 4226 2444 4276 eos,
2467 4213 2554 4285 qui
2573 4214 2642 4268 ad
2663 4215 2825 4286 ipsam
2861 4218 3001 4273 missi
3026 4229 3142 4275 sunt
3169 4222 3383 4293 (Matth.
3407 4226 3503 4282 25.
3532 4228 3645 4299 57).

2055 4299 2125 4355 Et
2146 4300 2309 4359 Isaias
2329 4304 2548 4361 eosdem
2587 4321 2850 4364 accusans
2874 4310 2957 4367 his
2986 4327 3276 4373 consonam
3306 4335 3500 4377 vocem
3527 4325 3650 4378 mit-

2055 4401 2173 4449 tcns
2208 4396 2315 4451 ait:
2340 4393 2530 4453 Manus
2551 4409 2725 4455 vestra:
2762 4402 2925 4472 plena:
2944 4415 3060 4460 sunt
3087 4410 3334 4478 sanguine
3372 4411 3553 4481 (lsai.
3594 4415 3647 4469 ί.

2054 4486 2167 4557 15).
2198 4487 2267 4542 Ει
2289 4503 2474 4545 rursus
2496 4489 2739 4547 Christus
2773 4511 2786 4546 :
2818 4493 3004 4551 Patres
3031 4499 3181 4553 vestri
3205 4501 3505 4558 occiderunt
3523 4523 3650 4575 pro-

2053 4578 2248 4649 phetas,
2273 4595 2360 4634 vos
2388 4590 2554 4636 autem
2589 4582 2815 4653 ipsorum
2853 4586 3119 4657 wdiﬁcatis
3149 4604 3483 4649 monumenta
3514 4612 3536 4650 :
3562 4597 3651 4649 int~

2053 4670 2184 4738 plete
2202 4686 2489 4725 mensuram
2516 4684 2717 4743 patrum
2737 4686 3010 4732 vestrorum
3029 4679 3244 4750 (Matth.
3274 4682 3365 4739 25.
3398 4685 3465 4741 5|
3482 4725 3498 4740 .
3532 4687 3649 4758 52).
3678 4668 3679 4675 γ

2051 4761 2213 4819 Vides
2262 4772 2320 4818 ut
2365 4775 2419 4820 et
2460 4765 2718 4824 Dominus
2746 4778 2799 4824 et
2827 4770 2967 4825 servi
3017 4771 3311 4830 homicidas
3352 4775 3482 4832 illos
3527 4793 3652 4834 esse

2053 4857 2351 4911 testentur?
2375 4857 2512 4923 Quid
2536 4867 2620 4914 est
2638 4869 2837 4929 autem,
2868 4861 3084 4933 lmplete
3115 4881 3401 4921 mensuram
3438 4879 3653 4940 patrum

2050 4948 2364 5002 vestrorum?
2388 4947 2469 5003 Me
2496 4964 2732 5020 quoque,
2761 4953 2952 5023 inquit,
2985 4956 3212 5013 occidite
3241 4976 3256 5012 :
3283 4958 3509 5029 adjicite
3534 4978 3654 5017 scr-

2048 5054 2237 5095 vorum
2264 5040 2499 5109 caedibus
2527 5057 2710 5098 necem
2744 5045 2974 5101 Domini.
3001 5046 3149 5104 Licet
3170 5050 3312 5106 enim
3334 5053 3491 5109 mille
3512 5055 3655 5110 occi-

2048 5128 2228 5184 derint
2273 5130 2541 5199 homines,
2593 5143 2649 5187 at
2690 5148 2980 5192 conservos
3024 5152 3212 5193 omnes
3262 5157 3276 5192 :
3331 5156 3461 5196 cum
3516 5161 3651 5202 vero

2047 5231 2234 5277 contra
2261 5221 2543 5278 Dominum
2586 5238 2778 5282 manus
2828 5227 3219 5298 extenderunt,
3249 5240 3373 5287 tunc
3421 5234 3649 5305 impleta

2046 5329 2293 5370 mensura
2320 5326 2443 5372 est:
2475 5326 2531 5371 et
2567 5319 2780 5374 merito.
2833 5320 3097 5389 Quamdiu
3154 5326 3297 5379 enim
3349 5324 3651 5382 Dominum

2046 5423 2152 5464 non
2175 5408 2509 5477 occiderunt,
2538 5424 2689 5483 spem
2727 5412 2913 5469 salutis
2939 5413 3259 5481 habuerunt,
3304 5427 3359 5472 et
3391 5428 3453 5473 ut
3482 5420 3651 5473 adve-

2047 5502 2200 5558 niens
2222 5517 2391 5573 agnus
2418 5502 2514 5559 Dei
2540 5514 2758 5574 peccata
2788 5506 2969 5559 mundi
2997 5506 3225 5575 tolleret,
3257 5520 3652 5578 cxspectarunt

2045 5592 2226 5665 (Joan.
2259 5595 2311 5650 ι.
2333 5592 2428 5668 29)
2461 5612 2475 5652 :
2503 5603 2785 5666 postquam
2812 5607 2990 5651 autem
3037 5600 3303 5655 medicum
3345 5601 3649 5656 interfece-

2045 5694 2188 5753 runt,
2214 5694 2268 5741 et
2292 5687 2343 5741 in
2358 5687 2779 5759 propitiatorium
2808 5688 2977 5759 ipsum
2993 5689 3363 5747 contumeliosi
3395 5690 3645 5761 fuerunt,
