3696 6278
123 249 217 308 169

120 378 340 436 eumque
382 363 476 437 qui
512 372 751 431 venerat,
779 374 835 419 ut
876 374 1094 435 peccata
1122 364 1433 430 dimitteret,
1460 364 1691 420 aversati

117 468 253 526 sunt,
280 460 429 515 omni
459 474 551 528 spe
580 458 832 529 deinceps
854 457 1184 515 exciderunt.
1210 458 1497 528 Propterea
1525 457 1687 512 dicit:

116 552 327 624 Implete
352 569 641 607 mensuram
666 561 869 622 patrum
901 561 1198 607 vestrorum.
1245 552 1424 619 Certe,
1479 551 1647 620 inquit
1675 567 1689 604 :

114 655 164 698 et
185 644 364 699 multis
394 644 606 715 quidem
629 653 899 699 ostensum
921 652 1004 699 est
1031 644 1371 710 testimoniis,
1398 643 1694 699 homicidas

114 736 228 790 illos
249 751 314 792 ac
340 735 575 790 nefarios
604 733 770 791 fuisse
800 754 812 788 :
847 735 987 791 unde
1017 750 1144 790 vero
1174 744 1386 790 constat
1414 736 1534 791 illos
1560 750 1689 806 pro-

112 827 283 897 phetis
312 830 535 884 minime
559 829 876 901 parcituros,
905 830 949 883 si
991 827 1322 901 Jerosolyma
1352 844 1599 884 eversum
1628 827 1692 881 iri

110 920 475 987 audivissent,
509 930 563 976 et
591 929 918 976 cessaturum
948 919 1144 991 legem,
1193 937 1257 977 ac
1302 919 1417 975 fore
1442 929 1501 973 ut
1527 919 1693 974 Vetus

108 1009 507 1066 Testamentum
532 998 875 1067 immutetur?
901 1011 957 1066 Id
985 1011 1200 1082 quidem
1226 1026 1288 1067 ex
1314 1012 1398 1077 iis,
1418 1026 1535 1081 qua:
1550 1008 1691 1064 dicta

104 1112 245 1171 sunt,
274 1103 518 1159 maxime
554 1112 773 1176 apparet
804 1123 817 1159 :
850 1112 1216 1158 verumtamen
1273 1118 1339 1158 ex
1378 1102 1507 1172 ipsis
1549 1100 1692 1157 Scri-

104 1195 277 1263 pturis
328 1196 752 1250 manil’estiorem
808 1194 1088 1265 subjiciam
1154 1194 1687 1250 demonstrationem.

102 1283 231 1340 Nam
257 1286 543 1357 siquando
568 1286 881 1357 prOphetam
926 1286 1192 1341 dicentem
1231 1285 1533 1352 audierunt,
1575 1284 1689 1340 fore

103 1385 155 1428 ut
170 1374 473 1431 Jerusalem
507 1377 831 1446 temporario
870 1377 1080 1432 excidio
1112 1376 1535 1443 exscinderetur,
1566 1390 1687 1430 cum

102 1466 215 1521 illos
235 1476 453 1522 mutare
469 1476 698 1523 mentem
717 1469 1038 1537 Oportuisset
1066 1476 1119 1523 et
1139 1469 1267 1523 iram
1291 1468 1379 1522 Dei
1398 1467 1687 1539 depellere,

102 1558 151 1611 in
178 1559 499 1629 prophetam
526 1558 765 1619 furorem
795 1560 1114 1615 effuderunt.
1152 1562 1325 1631 Atque
1368 1561 1470 1615 hoc
1504 1575 1686 1615 verum

100 1663 235 1714 esse,
282 1664 355 1703 ex
402 1649 641 1706 historiis
680 1650 810 1721 ipsis
863 1650 1188 1723 intelligetis.
1218 1652 1547 1708 Obsidebant
1591 1651 1687 1705 ali-

99 1741 313 1810 quando
339 1742 610 1799 civitatem
637 1744 871 1815 ipsorum
905 1744 1104 1819 Persae,
1131 1754 1291 1817 atque
1338 1744 1506 1816 ipsam
1557 1744 1686 1799 foris

99 1834 414 1890 barbaricus
444 1837 706 1891 exercitus
746 1837 1181 1893 circumvallabat
1214 1856 1227 1892 :
1262 1853 1360 1893 nec
1400 1838 1684 1894 obscurum

98 1929 539 1998 cratpericnlum
569 1929 707 1999 quod
737 1928 1066 1996 imminebat,
1114 1929 1207 1985 sed
1256 1929 1308 1983 in
1356 1929 1546 1985 mediis
1573 1938 1682 1983 tum

100 2020 301 2091 laqueis
322 2020 449 2075 urbs
469 2020 789 2089 Jerusalem,
814 2023 1031 2077 armatis
1053 2024 1298 2079 omnibus
1319 2032 1373 2079 et
1392 2023 1533 2077 illam
1555 2022 1685 2078 l‘oris

98 2096 624 2177 circumsidentibus,
678 2113 993 2169 versabatur
1043 2131 1060 2169 :
1113 2124 1345 2171 attamen
1406 2130 1526 2171 cum
1576 2124 1681 2169 tam

97 2215 234 2259 certa
265 2205 414 2259 mala
465 2220 559 2261 eos
606 2216 933 2276 premerent,
988 2208 1239 2277 quoniam
1288 2223 1602 2279 progressus
1630 2208 1681 2262 in

95 2296 329 2351 medium
378 2296 519 2350 dixit
548 2296 653 2352 illis
680 2296 960 2361 Jeremias,
988 2296 1105 2353 fore
1144 2307 1203 2353 ut
1231 2298 1284 2353 in
1311 2313 1499 2355 manus
1519 2298 1681 2354 Chal-

95 2388 333 2443 dmorum
354 2389 545 2445 civitas
577 2388 908 2456 traderetur;
937 2390 1145 2446 tametsi
1183 2405 1356 2462 neque
1404 2391 1681 2462 prophetia

94 2479 188 2534 fuit
214 2480 345 2548 hoc,
376 2496 498 2536 cum
522 2481 759 2550 ipsorum
784 2481 919 2537 oculi
954 2496 1073 2552 quae
1094 2492 1350 2537 eventura
1385 2478 1565 2539 esse’nt
1595 2484 1680 2538 in-

95 2584 408 2638 tuerentur;
453 2573 575 2643 quia
605 2582 782 2628 tamen
826 2587 890 2628 ea
930 2589 1050 2643 quae
1101 2574 1378 2630 manifesta
1423 2584 1593 2640 erant,
1626 2582 1681 2630 et
1740 2564 1745 2569 ’

92 2678 275 2718 eorum
307 2663 483 2719 oculis
530 2662 949 2719 observabantur
990 2663 1222 2730 dicebat,
1272 2665 1486 2720 scelesti
1513 2666 1590 2719 illi
1617 2680 1680 2721 ac

94 2756 315 2826 stupidi,
343 2765 406 2813 et
423 2771 552 2827 erga
580 2755 953 2812 benefactores
980 2756 1171 2828 ingrati
1198 2757 1276 2813 sic
1306 2759 1677 2825 insanierunt,

92 2857 142 2901 ut
172 2847 512 2917 proditorem
540 2847 686 2902 illum
727 2856 781 2903 et
822 2862 1125 2903 eversorem
1155 2843 1575 2916 arbitrarentur,
1616 2866 1681 2907 ac

91 2939 335 2994 dicerent
365 2957 381 2993 :
417 2938 520 2992 Hic
549 2938 775 2994 dissolvit
820 2955 998 2994 manus
1032 2941 1209 3010 populi
1229 2942 1379 3012 hujus
1408 2942 1558 3015 (Jer.
1586 2943 1677 2999 38.

90 3033 163 3101 4').
190 3035 457 3087 Attamen
486 3032 871 3099 confirmabat,
911 3041 1145 3089 attamen
1169 3034 1404 3104 ipsorum
1436 3036 1680 3090 alacrita-

93 3136 190 3180 tem
219 3124 522 3190 excitabat,
552 3133 606 3179 et
632 3124 699 3179 ad
726 3123 889 3179 Deum
915 3123 1161 3191 ducebat,
1178 3140 1379 3195 eosque
1405 3127 1601 3182 invicto
1623 3134 1680 3183 et

92 3216 495 3288 inexpugnabili
522 3231 676 3271 muro
700 3216 1134 3271 circumvallabat
1160 3234 1175 3272 :
1213 3216 1305 3271 sed
1336 3216 1408 3271 illi
1432 3218 1563 3273 nihil
1580 3217 1678 3273 ho-

92 3323 195 3363 nun
223 3307 619 3379 intelligentes,
644 3307 867 3362 interfici
884 3306 1292 3376 eumjubebant.
1322 3307 1466 3362 Talia
1486 3310 1678 3381 quippe

94 3399 217 3456 bene
259 3399 339 3455 de
377 3414 443 3454 se
487 3398 694 3454 meritis
723 3398 939 3469 praemia
972 3413 1184 3468 semper
1209 3398 1593 3469 rependebant,
1624 3408 1678 3456 et

96 3508 201 3548 cum
239 3508 348 3549 rex
398 3491 713 3563 ignovisset,
754 3506 821 3547 ne
869 3491 947 3546 sic
989 3489 1202 3560 quidem
1242 3500 1538 3558 cesserunt,
1583 3490 1677 3546 sed

96 3587 340 3656 quoniam
368 3599 570 3641 necare
598 3598 705 3640 non
731 3590 993 3655 poterant,
1022 3583 1075 3638 in
1112 3582 1207 3637 luti
1238 3582 1411 3638 lacum
1432 3583 1676 3654 projece~

98 3687 221 3733 ωε.

152 3772 201 3827 ι.
227 3768 391 3837 Quod
423 3768 471 3823 si
495 3769 829 3839 temporariae
848 3769 1170 3840 captivitatis
1205 3771 1532 3827 mentionem
1563 3770 1676 3827 fieri

99 3879 182 3919 non
209 3865 488 3930 tulerunt,
514 3876 622 3933 quo
652 3862 862 3918 tandem
909 3872 1063 3932 pacto
1092 3871 1363 3933 perpetuae
1399 3863 1676 3919 servitutis

98 3956 497 4025 mdictionem
526 3953 757 4009 audituri
784 3953 1041 4010 fuissent?
1065 3954 1119 4010 Si
1142 3969 1261 4010 cum
1286 3955 1507 4011 dixisset
1526 3954 1678 4013 Jere—

96 4050 232 4111 uuas,
267 4039 331 4101 in
353 4045 687 4119 Babylonem
708 4045 942 4113 abibitis,
969 4061 1142 4117 neque
1168 4047 1673 4116 potueruntaudire,

95 4141 171 4195 sed
190 4156 324 4196 eum
354 4139 452 4211 qui
481 4139 689 4193 dixerat
725 4138 1008 4208 punierunt
1035 4155 1051 4193 :
1092 4138 1136 4193 si
1167 4139 1453 4209 prophetas
1474 4139 1677 4195 audiis-

94 4244 197 4288 sent
222 4235 485 4288 dicentes
506 4273 523 4297 ,
569 4229 685 4285 fore
711 4240 769 4285 ut
806 4246 913 4285 non
959 4230 1011 4285 in
1046 4229 1395 4303 Babylonem,
1424 4230 1518 4286 sed
1539 4245 1673 4301 quos

94 4339 412 4395 (peremunt
446 4338 547 4393 per
587 4322 771 4378 orbem
820 4331 1080 4377 terrarum
1131 4320 1542 4392 dispergamini,
1578 4336 1676 4376 nec

94 4418 314 4487 amplius
350 4411 702 4470 revertamini
727 4453 742 4476 ,
786 4412 1114 4468 nonne‘talia
1144 4411 1432 4467 dicentium
1461 4411 1677 4485 sanguig

96 4526 205 4565 nun
226 4510 541 4566 ebihissent
555 4504 743 4572 ερρυοά
772 4506 817 4560 si
842 4505 993 4561 vobis
1010 4505 1151 4562 istud
1172 4504 1346 4560 adhuc
1366 4504 1674 4575 conjectura

106 4603 297 4656 videtin
324 4614 476 4659 esse.
496 4596 955 4652 demonstratione
979 4597 1124 4651 clara
1165 4596 1423 4666 probabo,
1454 4611 1559 4653 non
1589 4607 1677 4651 tu-

103 4702 201 4746 tam
220 4693 393 4746 fuisse
423 4689 601 4743 futura
632 4686 736 4742 illis
759 4687 1095 4753 denuntiare,
1124 4695 1388 4753 nostrum,
1422 4688 1635 4758 inquam
1658 4728 1676 4755 ,

100 4786 355 4840 honorem
386 4790 445 4836 et
465 4779 891 4849 reprobationem
919 4779 1148 4833 illorum.
1165 4779 1273 4832 Cur
1286 4780 1453 4845 enim,
1476 4791 1678 4848 quasso,

96 4873 429 4947 Stephanum
473 4871 736 4942 primitias
770 4883 1063 4946 martyrum
1089 4866 1447 4940 lapidarnnt?
1502 4880 1681 4921 nonne

94 4966 230 5035 {and
260 4966 371 5020 hoc
399 4964 481 5019 illi
514 4962 727 5021 crimini
748 4966 1027 5016 verterent
1055 4952 1423 5025 dicerentque.
1470 4957 1555 5010 Vir
1584 4958 1681 5011 iste

100 5053 328 5115 ιοριίιισ
352 5046 510 5101 κήαι
537 5044 897 5113 blasphemiae?
933 5041 1096 5107 Dixit,
1128 5041 1294 5103 aiunt,
1321 5040 1559 5108 quoniam
1595 5037 1688 5094 Je-

96 5157 186 5193 sas
211 5143 445 5194 destruet
475 5137 717 5201 tentplum
746 5135 911 5198 istud,
939 5143 985 5186 et
1015 5131 1225 5185 mutabit
1247 5132 1397 5197 ritus,
1429 5145 1556 5199 quos
1581 5139 1687 5184 tra-

96 5232 225 5281 ἑὲἄι
256 5230 473 5299 Moyses
499 5229 636 5295 (Art.
667 5227 719 5280 6.
756 5226 843 5278 ll.
874 5222 986 5288 l4),
1014 5232 1175 5291 atque
1200 5221 1398 5274 idcirco
1427 5220 1576 5273 illum
1609 5219 1685 5273 la-

94 5322 309 5389 pidibus
343 5323 657 5374 obruerunt.
679 5316 734 5371 Si
761 5324 870 5369 tum
896 5315 1010 5368 hmc
1034 5313 1220 5367 audire
1246 5328 1349 5365 non
1374 5319 1679 5379 potuerunt,

96 5412 258 5482 idene
293 5427 421 5466 cum
462 5424 551 5465 res
594 5410 725 5476 ipsae
764 5406 921 5460 fidem
964 5404 1096 5473 ipsis
1136 5403 1391 5469 deinceps
1423 5402 1676 5465 facerent,

92 5505 369 5571 quomodo
391 5503 681 5573 prOpbetas
702 5500 818 5552 luec
840 5497 1255 5565 prtennntiantes
1277 5493 1556 5548 tulissent?
1582 5494 1683 5567 Au-

92 5595 291 5659 divisti,
344 5592 713 5655 dilectissime,
760 5596 974 5659 propter
1021 5588 1276 5654 templum
1305 5626 1321 5649 ,
1364 5594 1416 5639 et
1463 5592 1681 5654 propter

94 5689 371 5758 religionis
399 5688 752 5747 mutationem
779 5684 846 5741 ab
877 5684 982 5740 illis
1010 5697 1131 5739 eum
1164 5681 1326 5737 fuisse
1356 5679 1676 5751 lapidatum:

1074 250 1162 307 DE
1201 249 1737 311 PROPHETIARUM
1774 250 2274 335 OBSCURITAT‘E.
2314 256 2354 312 Ι.

3284 263 3383 320 170

1800 364 2085 437 audi,quo
2132 377 2288 438 pacto
2312 366 2528 426 Christo
2572 371 2734 428 etiam
2787 371 2928 429 istud
2978 373 3147 446 ipsum
3178 378 3381 433 crimen

1799 455 2071 527 objiciunt.
2093 457 2238 513 Dixit
2284 461 2447 528 enim,
2477 461 2742 532 inquiunt,
2768 465 2861 520 iste
2882 481 2901 520 :
2929 465 3121 522 Solvite
3141 469 3383 539 templum

1797 549 1912 614 hoc,
1942 559 1988 602 et
2016 550 2067 633 in
2100 549 2254 604 tribus
2279 551 2453 606 diebus
2478 553 2703 608 excitabo
2736 555 2905 626 itlud(
2938 556 3119 611 Matth.
3151 557 3241 614 26.
3270 559 3333 615 61
3363 576 3379 625 ;

1796 639 1950 694 Joan.
1974 641 2027 694 2.
2056 642 2124 698 l9
2149 641 2190 714 ).
2221 643 2381 700 Vides
2408 646 2607 716 ubique
2638 648 2820 717 templi
2842 647 3283 718 destructionem,
3315 668 3379 708 ac

1796 732 2070 802 religionis
2098 735 2446 791 mutationem
2472 736 2637 792 bilem
2662 738 2768 793 illis
2796 740 3069 797 movisse?
3095 741 3218 798 ldeo
3238 744 3381 800 dice-

1798 822 1929 877 bant
1960 824 2060 879 hoc
2086 826 2300 895 quidem
2332 829 2627 899 pmphetm,
2656 830 2751 885 sed
2790 831 3067 888 evidenter
3096 848 3202 889 non
3230 834 3379 891 dicc-

1795 913 1941 969 bant.
1973 914 2097 971 Ideo
2125 917 2345 973 Paulum
2384 920 2547 974 etiam
2589 921 2890 978 interficere
2912 923 3211 992 voluerunt,
3235 924 3376 995 quod

1796 1005 1899 1061 illis
1932 1009 2277 1077 persuaderet
2318 1019 2374 1065 ut
2418 1012 2729 1083 religionem
2777 1025 3065 1072 mutarent.
3095 1016 3247 1074 Unde
3275 1018 3378 1075 hoc

1797 1094 2010 1166 liquet?
2044 1097 2197 1155 Vides
2216 1142 2230 1166 ,
2256 1104 2437 1173 frater,
2484 1101 2674 1175 inquit,
2708 1116 2825 1175 quot
2854 1108 3014 1161 millia
3042 1119 3160 1163 sunt
3197 1110 3250 1164 in
3278 1109 3377 1164 Ju-

1794 1188 1934 1254 dteis,
1959 1193 2046 1261 qui
2074 1194 2414 1263 crediderunt,
2462 1207 2509 1250 et
2551 1215 2721 1253 omnes
2760 1200 2846 1254 isti
2873 1202 3140 1257 audierunt
3185 1204 3248 1259 de
3286 1214 3372 1272 te,

1793 1282 1929 1348 quod
1950 1281 2301 1339 discessionem
2326 1286 2506 1342 doceas
2533 1305 2565 1341 α
2591 1288 2696 1360 lege
2717 1290 2849 1360 (Act.
2880 1291 2970 1346 21.
2993 1293 3063 1349 20
3163 1294 3376 1352 Fideles

1792 1370 1975 1428 doceri
2012 1390 2071 1429 se
2112 1376 2495 1433 discessionem
2545 1396 2575 1435 a
2619 1382 2736 1453 lege
2786 1400 2888 1439 non
2918 1387 3289 1456 patiebantur;
3321 1398 3375 1446 et

1792 1464 1882 1532 qui
1913 1465 2144 1520 nondum
2176 1469 2513 1525 crediderant
2540 1513 2554 1537 ,
2577 1474 2847 1543 quomodo
2872 1478 3056 1534 audire
3079 1481 3376 1549 potuissent

1793 1552 1926 1618 fore,
1956 1564 2014 1609 ut
2039 1557 2126 1611 lex
2166 1559 2453 1629 aliquando
2482 1564 2759 1619 cessaret?
2802 1566 2879 1621 Ac
2918 1567 3132 1623 Judazos
3157 1570 3371 1641 quidem

1792 1642 2166 1703 interfecturos
2196 1649 2358 1705 fuisse
2390 1654 2695 1723 prophetas,
2723 1656 2765 1710 si
2797 1658 2919 1727 quid
2955 1660 3057 1715 tale
3087 1662 3369 1721 manifeste

1792 1739 2182 1806 prmdixissent.
2209 1744 2526 1801 testimoniis
2560 1748 2734 1804 allatis
2761 1752 3111 1820 ostendimus,
3145 1771 3209 1810 ex
3254 1758 3373 1828 ipso

1790 1828 1947 1917 beato
1992 1830 2240 1899 Ieremia,
2287 1851 2351 1889 ac
2392 1846 2781 1911 protomartyre
2822 1842 3114 1913 Stephano,
3142 1861 3207 1900 ex
3255 1847 3370 1917 ipso

1788 1915 2022 1987 Christo,
2046 1930 2101 1977 et
2121 1926 2362 1994 apostolo
2390 1926 2572 1983 Paulo.
2597 1930 2855 1987 Omnibus
2881 1934 3023 1988 enim
3051 1935 3238 1991 eadem
3266 1915 3370 1991 cri-

1790 2011 1918 2065 mini
1949 2014 2157 2083 dantes,
2194 2033 2287 2072 eos
2316 2018 2382 2074 de
2410 2020 2589 2075 medio
2635 2023 2981 2079 sustulerunt.
3012 2026 3159 2095 lpsos
3185 2037 3365 2083 autem

1756 2116 1761 2120 ‘
1788 2103 2127 2173 prepheticns
2149 2110 2309 2165 etiam
2341 2111 2504 2167 libros
2530 2115 2909 2172 eombusturos
2946 2133 3040 2173 eos
3082 2119 3244 2176 fuisse
3268 2162 3283 2187 ,
3319 2122 3363 2176 si

1786 2208 1905 2264 quae
1929 2195 2067 2251 dicta
2089 2197 2299 2255 fuerant
2326 2204 2737 2273 cognovissent,
2773 2206 2874 2262 hoc
2903 2224 3117 2279 quoque
3160 2226 3255 2281 per
3285 2212 3369 2266 lti-

1788 2290 2006 2344 storiam
2038 2293 2324 2363 quamdam
2358 2296 2584 2364 probare
2629 2307 2862 2370 satagam
2891 2301 3041 2355 vobis
3070 2304 3364 2371 occultam,

1785 2381 1878 2436 sed
1909 2398 2025 2452 qua:
2070 2388 2349 2442 manifesta
2379 2390 2631 2446 continuo
2670 2393 2798 2447 fiet:
2832 2393 2903 2449 ita
2952 2395 3187 2451 conabor
3221 2398 3365 2452 illam

1786 2486 2077 2543 exponere.
2113 2478 2366 2544 Qum-nam
2396 2481 2553 2551 igitur
2582 2483 2669 2539 illa
2694 2483 2913 2550 historia
2950 2487 3038 2553 sit,
3063 2488 3261 2543 audite.

1856 2564 2086 2621 Historia
2114 2569 2177 2623 de
2200 2569 2441 2626 Ieremia.
2461 2603 2532 2613 —
2549 2573 2615 2628 Et
2638 2580 2828 2647 factum
2859 2588 2931 2633 est
2954 2579 3006 2633 in
3027 2597 3162 2634 anno
3186 2591 3365 2652 quarto

1782 2653 1983 2711 Joacim
2006 2659 2103 2728 ﬁlii
2125 2659 2285 2716 Josia:
2312 2665 2448 2735 regis
2489 2665 2649 2733 Iuda,
2684 2666 2812 2722 dixit
2852 2668 3104 2725 Dominus
3127 2673 3197 2726 ad
3219 2672 3365 2727 lere-

1782 2748 1970 2803 miam:
1994 2751 2170 2806 Scribe
2189 2755 2357 2808 omnia
2381 2756 2549 2823 verba,
2579 2775 2691 2828 quae
2720 2759 2953 2830 loquutus
2986 2779 3096 2816 sum
3120 2764 3189 2817 ad
3214 2774 3290 2827 te,
3334 2784 3366 2820 a

1783 2839 1958 2895 diebus
1983 2840 2142 2897 Josia:
2166 2860 2323 2915 usque
2355 2846 2429 2900 ad
2462 2848 2596 2902 diem
2624 2850 2755 2904 hanc
2800 2849 2820 2923 (
2853 2852 2962 2906 Jer.
2995 2851 3081 2909 56.
3132 2855 3183 2909 1.
3227 2854 3263 2909 2
3291 2855 3309 2929 )
3344 2871 3358 2906 :

1783 2930 1885 2986 hoc
1910 2941 2011 2998 est,
2044 2936 2221 2989 omnia
2276 2938 2415 2992 mala
2462 2955 2579 3008 qua:
2629 2941 2803 3012 cogito
2850 2943 3024 2999 facere
3067 2944 3164 2999 eis.
3195 2945 3351 3013 Vide,

1782 3023 1907 3093 quid
1936 3024 2195 3095 benignus
2222 3040 2286 3082 ac
2311 3029 2560 3099 providus
2589 3029 2730 3086 dicat
2755 3033 2911 3088 Deus.
2942 3033 3075 3090 Nam
3111 3037 3362 3106 quoniam

1782 3116 1987 3186 singula
2009 3118 2261 3173 nolebant
2291 3120 2496 3186 audire,
2531 3120 2755 3195 Collige,
2794 3125 2986 3195 inquit,
3021 3127 3106 3181 illa
3134 3129 3313 3183 omnia
3338 3170 3356 3196 ,

1780 3221 1844 3261 ac
1871 3217 2074 3262 metum
2100 3223 2255 3280 auge,
2287 3220 2351 3265 ut
2381 3212 2466 3266 vel
2493 3211 2593 3268 hac
2634 3215 2840 3270 ratione
2882 3218 3215 3286 resipiscant.
3254 3220 3363 3275 Rc-

1780 3299 2072 3354 eordamini
2093 3301 2337 3370 promissi
2364 3304 2530 3358 nostri
2556 3322 2569 3358 :
2601 3303 2653 3359 in
2676 3309 2971 3376 qumstionc
2994 3310 3220 3378 positum
3248 3322 3353 3375 est,

1783 3399 1838 3444 ut
1863 3392 2206 3448 ostendamus
2236 3409 2329 3451 eos
2357 3395 2522 3450 libros
2546 3398 2689 3466 ipsos
2717 3397 3044 3454 laeeraturos
3072 3400 3233 3457 fuisse
3267 3398 3298 3466 ,⁴
3316 3403 3361 3457 si

1780 3494 1971 3538 cuncta
2009 3500 2126 3555 quae
2152 3485 2310 3541 hodie
2335 3487 2693 3558 contigerunt,
2724 3489 2826 3544 illis
2858 3491 2910 3545 in
2935 3502 3165 3546 mentem
3187 3494 3364 3548 venis-

1780 3585 1919 3631 sent.
1949 3575 2105 3633 Forte
2132 3580 2335 3634 audient
2360 3580 2911 3651 mala(adha:rcndttm
2931 3584 3068 3649 enim
3093 3592 3176 3638 est
3196 3583 3363 3639 histo-

1780 3669 1874 3724 ria:
1901 3669 1940 3740 ),
1970 3686 2083 3742 qua:
2120 3672 2281 3743 coyito
2310 3676 2477 3745 facere
2511 3674 2580 3726 eis
2606 3714 2621 3739 ,
2663 3681 2710 3726 et
2760 3682 3044 3728 averteutur
3085 3691 3117 3727 a
3162 3677 3243 3729 via
3269 3693 3363 3730 sua

1782 3762 1979 3836 prava(
2007 3763 2145 3818 Ibid.
2174 3781 2221 3818 υ.
2254 3764 2286 3819 ’5
2312 3766 2352 3834 ).
2397 3763 2580 3831 Forte,
2614 3762 2742 3819 dicit
2780 3764 2962 3820 Deus?
3013 3780 3138 3819 num
3179 3766 3358 3836 igitur,

1783 3872 1986 3928 qmeso,
2020 3856 2195 3912 futura
2227 3857 2480 3928 ignorat?
2503 3870 2606 3910 non
2633 3856 2779 3910 novit
2807 3871 2874 3910 an
2905 3856 3132 3912 audituri
3162 3858 3287 3923 sint,
3314 3859 3358 3913 is

1781 3950 1870 4020 qui
1904 3949 2051 4004 novit
2080 3950 2258 4004 omnia
2282 3959 2565 4019 antequam
2599 3948 2751 4013 fiant,
2781 3950 2867 4019 qui
2899 3950 3060 4003 corda
3087 3960 3358 4007 scrutatur

1781 4048 1835 4096 et
1858 4055 2034 4105 renes,
2057 4041 2145 4110 qui
2173 4039 2439 4095 discretor
2462 4048 2545 4094 est
2573 4039 2952 4109 cogitationum
2975 4048 3030 4095 et
3055 4041 3311 4094 mentium
3336 4082 3354 4103 ,

1781 4133 1936 4204 cujus
1956 4133 2124 4188 oculis
2163 4131 2302 4187 nuda
2334 4140 2387 4187 et
2410 4141 2593 4200 aperta
2642 4140 2766 4185 sunt
2794 4131 3018 4185 omnia?
3043 4131 3153 4187 Cur
3177 4143 3356 4186 autem

1780 4224 1961 4290 dixit,
1994 4222 2148 4278 Forte
2192 4222 2445 4277 audient?
2470 4221 2599 4277 Nam
2627 4232 2681 4277 et
2732 4221 2847 4277 haec
2900 4236 3077 4291 operae
3127 4224 3358 4293 pretium

1781 4317 1941 4373 fuerit
1967 4331 2063 4373 vos
2083 4316 2350 4381 didicisse,
2382 4325 2599 4387 propter
2624 4331 2716 4371 eos
2737 4316 2827 4387 qui
2856 4316 3126 4386 unigenito
3152 4315 3242 4370 Dei
3270 4316 3359 4370 Fi-

1782 4409 1855 4466 lio
1882 4409 2230 4481 ignorantiam
2259 4408 2533 4479 objiciunt.
2567 4407 2708 4462 Ecce
2757 4407 2900 4461 enim
2940 4407 3098 4461 Pater
3144 4422 3357 4478 quoque

1782 4502 2074 4574 ignorantis
2120 4501 2296 4556 verbis
2343 4501 2555 4556 utitur:
2605 4499 2888 4571 siquidem,
2936 4496 3111 4565 Forte,
3144 4514 3243 4553 vox
3275 4509 3360 4554 est

1783 4595 2074 4667 ignorantis
2101 4616 2114 4650 :
2142 4602 2507 4650 verumtamen
2528 4608 2859 4664 nequaquam
2883 4593 3107 4664 ignorat.
3132 4592 3355 4660 Quando

1788 4688 1948 4760 igitur
1978 4697 2031 4743 et
2052 4688 2252 4742 Filium
2297 4688 2400 4743 tale
2441 4686 2567 4756 quid
2607 4685 2872 4741 dicentem
2902 4685 3188 4750 audiveris,
3212 4700 3361 4739 eam¢

1783 4783 1905 4836 dem
1946 4782 2259 4837 sententiam
2291 4779 2522 4849 suscipe.
2557 4779 2689 4832 Nam
2734 4793 2853 4833 cum
2901 4776 2942 4831 F
2948 4779 3066 4832 ilius
3108 4778 3212 4843 sit,
3245 4776 3351 4831 ubi-

1785 4886 1887 4941 que
1909 4871 2122 4925 Patrem
2154 4870 2408 4923 imitatur.

1859 4958 2185 5013 Prwscientia
2209 4975 2308 5014 non
2333 4964 2403 5011 est
2427 4974 2578 5012 causa
2603 4958 2810 5030 peccati.
2828 4985 2899 4997 ——
2918 4954 3022 5011 Sed
3048 4954 3360 5015 differamus

1787 5037 2047 5103 tantisper
2090 5035 2187 5088 has
2234 5034 2686 5090 concertationum
2718 5037 3049 5106 occasiones,
3078 5056 3148 5097 ne
3170 5055 3201 5097 ι
3235 5055 3355 5109 pro.

1787 5129 1961 5196 posito
1989 5138 2301 5197 argumento
2347 5128 2685 5184 discedamus
2708 5146 2723 5184 :
2746 5145 3045 5201 quaramus
3074 5148 3171 5187 cur
3194 5134 3357 5202 dicat,
3402 5142 3403 5145 ‘

1785 5219 1944 5275 Forte
1988 5223 2212 5276 audient.
2264 5221 2320 5277 Si
2371 5221 2611 5287 dixisset,
2648 5223 2893 5289 Audient,
2930 5226 3130 5296 absque
3175 5223 3357 5291 Forte,

1746 5310 1973 5365 ~falsnm
2004 5313 2357 5366 fui=set:nnn
2404 5311 2544 5366 enim
2591 5323 2743 5365 erant
2788 5314 3037 5369 audituri.
3081 5316 3137 5372 Si
3168 5332 3354 5370 verum

1780 5403 2024 5468 dixisset,
2044 5403 2161 5458 Non
2193 5405 2429 5469 audient,
2464 5406 2653 5460 frustra
2699 5422 2803 5460 non
2834 5406 3094 5460 andituris
3125 5407 3358 5474 prophe-

1780 5503 1889 5550 tam
1922 5496 2172 5550 misisset.
2205 5496 2387 5568 Neque
2428 5498 2627 5553 idcirco
2672 5507 2872 5553 tantum
2894 5542 2907 5562 ,
2940 5499 3032 5553 sed
3062 5513 3129 5552 ne
3157 5497 3262 5552 vim
3293 5514 3358 5554 ac

1780 5590 2151 5644 necessitatem
2175 5588 2405 5660 aliquam
2436 5590 2501 5645 ad
2523 5606 2625 5646 non
2651 5587 2944 5651 parendum
2973 5590 3166 5646 afferre
3186 5589 3356 5659 ipsius

1742 5681 2117 5755 pprmscientia
2167 5692 2478 5752 putaretur,
2527 5691 2809 5751 propterea
2860 5696 2983 5738 cum
3027 5683 3358 5743 dubitatione
