3696 6278
346 307 442 369 ﬁt

344 424 572 498 quadam
603 423 716 478 haec
752 418 914 477 verba
947 419 1181 491 protulit,
1215 434 1282 474 ne
1312 417 1449 474 forte
1476 415 1720 473 dicerent
1743 413 1927 486 aliqui,

346 515 598 573 Prmdis‘it
641 514 804 579 Deus,
843 521 899 568 et
926 512 1144 568 omnino
1171 511 1390 566 evenire
1418 507 1700 579 oportebat
1734 525 1748 562 :
1787 505 1930 576 quod

342 613 410 667 dc
439 611 572 666 Juda
603 609 780 665 solent
807 607 1007 663 dicere.
1041 605 1314 668 Prmdixit,
1345 603 1612 674 inquiunt,
1648 615 1770 655 eum
1803 614 1932 669 pro-

343 704 572 758 tlitorem
623 701 877 763 futurum,
907 706 963 753 et
1006 697 1206 752 idcirco
1250 694 1489 765 proditor
1538 691 1709 748 factus
1754 699 1856 746 cst.
1888 687 1933 746 Ο

342 793 702 850 dementiam!
735 807 768 846 o
790 788 1206 860 impudentiam!
1239 786 1423 856 Neque
1463 784 1605 840 enim
1640 781 1930 852 prmscien-

342 889 414 942 tia
444 885 660 941 malitiae
684 897 843 938 causa
867 881 984 946 fuit,
1017 879 1089 935 mi
1115 878 1277 933 homo
1305 894 1320 931 :
1348 876 1503 931 absit.
1533 875 1648 929 Non
1679 874 1820 929 enim
1845 888 1929 927 re-

342 985 444 1038 bus
477 980 667 1037 futuris
693 976 849 1033 affert
872 974 1266 1038 necessitatem,
1295 970 1389 1026 sed
1419 969 1673 1039 praevidet
1703 975 1929 1020 tantum.

340 1076 460 1130 Non
489 1075 608 1144 quia
639 1069 883 1143 praedixit
923 1067 1183 1131 Christus,
1213 1065 1382 1119 factus
1421 1069 1504 1116 est
1532 1057 1772 1130 proditor
1805 1056 1929 1121 ille;

341 1167 438 1222 sed
464 1167 586 1236 quia
608 1162 848 1235 proditor
876 1160 1082 1215 futurus
1102 1165 1236 1224 erat,
1257 1155 1499 1210 Christus
1523 1151 1720 1231 idcirco
1743 1148 1934 1219 prmdi-

341 1261 439 1314 xit.
465 1257 541 1314 Ne
562 1257 719 1328 igitur
740 1253 826 1310 hic
845 1252 1004 1309 etiam
1031 1250 1210 1305 dicant
1235 1262 1355 1302 eum
1377 1262 1481 1300 non
1511 1242 1785 1297 audituros
1812 1241 1932 1295 illos

343 1351 565 1415 dixisse,
596 1365 659 1404 ac
690 1345 1012 1419 poenitentia:
1059 1343 1196 1397 viam
1243 1339 1346 1394 illis
1391 1336 1746 1408 prmclusisse,
1789 1348 1931 1404 pra:-

343 1446 509 1513 veuit,
539 1454 697 1513 atque
740 1456 954 1497 onmem
983 1436 1318 1493 occasionem
1353 1432 1456 1488 illis
1486 1429 1776 1501 praeripuit,
1804 1425 1930 1482 dum

343 1535 620 1608 propheta:
640 1532 793 1598 dixit,
824 1529 980 1585 Forte
1008 1528 1234 1582 audient.

417 1628 470 1683 5.
500 1621 874 1682 Recordamini
904 1619 1151 1692 promissi
1182 1636 1196 1673 :
1229 1633 1349 1673 nam
1378 1616 1580 1672 idcirco
1603 1614 1814 1669 assidue
1839 1628 1933 1667 vo-

343 1718 428 1773 bis
471 1719 525 1772 in
566 1715 880 1772 memoriam
911 1711 1040 1767 illud
1085 1724 1298 1773 revoco,
1333 1723 1401 1763 ne
1442 1722 1563 1762 cum
1612 1707 1930 1762 solutionem

344 1812 607 1878 attulero,
655 1807 967 1880 quaestionis
1021 1805 1172 1859 initio
1228 1799 1601 1872 disputationis
1645 1800 1933 1870 proposita:

343 1905 463 1959 sitis
492 1904 853 1958 immemores.
901 1896 1181 1966 Quodnam
1213 1895 1373 1965 igitur
1403 1892 1531 1948 illud
1561 1891 1695 1946 fuit?
1724 1890 1779 1946 Si
1823 1889 1932 1946 sci-

342 1998 552 2052 vissent
577 1992 749 2049 Judaei
790 1999 1048 2048 eventura
1087 1988 1194 2042 illis
1224 1986 1390 2041 fuisse
1433 1985 1594 2050 mala,
1636 1999 1754 2054 qua:
1780 1997 1932 2037 com-

344 2087 748 2160 prehenderunt
775 2085 894 2140 illos
924 2082 1083 2155 (hmc,
1108 2080 1345 2150 inquam,
1369 2077 1507 2132 mala
1533 2092 1650 2146 qua
1669 2089 1814 2130 nunc
1839 2089 1933 2130 eos

345 2182 632 2250 detinent),
660 2179 804 2250 ipsos
833 2177 1000 2234 libros
1028 2174 1435 2232 dilacerassent,
1469 2185 1640 2240 neque
1671 2167 1839 2223 sacris
1866 2167 1933 2221 li-

345 2275 477 2332 teris
515 2272 901 2345 pepercissent.
938 2267 1044 2324 Sed
1073 2266 1140 2321 ad
1182 2265 1458 2319 historiam
1501 2261 1804 2318 redeamus.
1837 2257 1934 2313 His

346 2365 536 2420 auditis
569 2371 712 2417 uocat
751 2359 1001 2415 Jeremias
1030 2355 1334 2427 discipulum
1363 2370 1510 2407 suum
1537 2351 1742 2406 Barach
1771 2349 1935 2420 ﬁlium

349 2456 547 2523 Neria,
575 2464 625 2509 et
651 2453 722 2507 ait
750 2451 870 2506 illi:
893 2449 1070 2506 Scribe
1093 2449 1145 2503 in
1169 2447 1297 2501 libro
1315 2446 1452 2499 mala
1476 2444 1667 2509 omnia,
1695 2458 1806 2512 gnte
1832 2441 1937 2496 illis

348 2557 587 2604 eventura
605 2554 724 2600 sunt
749 2542 887 2613 (Jer.
911 2540 1004 2596 36.
1026 2541 1106 2609 4).
1131 2537 1269 2606 Quid
1295 2537 1395 2591 hoc
1416 2535 1494 2591 rei
1519 2534 1634 2590 est?
1661 2533 1803 2587 tibia
1829 2531 1938 2586 Deo

348 2639 656 2696 mandatum
678 2644 783 2704 est,
811 2643 865 2690 et
883 2631 1201 2702 discipulum
1227 2627 1434 2684 mittis?
1461 2641 1588 2681 num
1607 2623 1807 2695 refugis
1828 2637 1938 2693 prae

348 2730 582 2788 timore?
608 2743 735 2784 num
765 2725 1007 2782 vereris?
1036 2739 1163 2778 num
1207 2718 1566 2777 reformidas?
1607 2718 1652 2773 si
1683 2725 1740 2771 tu
1768 2714 1940 2772 refor-

348 2825 543 2890 midas,
570 2838 678 2894 quo
703 2829 856 2892 pacto
881 2816 1176 2887 discipulus
1211 2812 1465 2870 audebit?
1490 2813 1557 2866 At
1586 2809 1719 2865 nihil
1749 2808 1939 2862 horum

349 2923 473 2982 est;
502 2914 716 2970 additur
756 2911 899 2967 enim
927 2923 1127 2964 causa:
1168 2921 1291 2961 nam
1329 2919 1450 2958 cum
1491 2901 1734 2965 dixisset,
1765 2897 1940 2954 Scribe

349 3025 410 3064 ac
431 3010 556 3080 lege,
588 3004 865 3076 subjunxit
893 3020 907 3057 :
935 3001 1047 3073 Ego
1075 2999 1208 3054 enim
1234 2997 1459 3052 detineor
1478 2995 1531 3048 in
1554 3008 1752 3047 carcere
1775 2989 1936 3060 (Ibid.

349 3120 398 3158 υ.
433 3103 513 3172 5).
543 3101 587 3156 0
616 3095 1145 3169 magnanimitatem!
1177 3092 1234 3147 In
1264 3089 1489 3145 vinculis
1515 3094 1649 3152 erat,
1676 3094 1732 3141 et
1760 3099 1790 3138 a
1819 3097 1940 3154 pro-

350 3193 528 3266 phetia
551 3207 655 3247 non
682 3187 1002 3244 abstinebat.
1025 3183 1374 3240 Attendamus
1397 3180 1525 3250 justi
1549 3177 1938 3243 fortitudinem,

351 3287 576 3356 ejusque
620 3282 783 3338 animi
841 3273 1416 3352 philosophiam.‘Nou
1465 3271 1600 3327 dixit
1649 3269 1789 3340 apud
1837 3283 1939 3323 se:

350 3379 484 3438 Tam
525 3378 688 3433 multa
721 3374 850 3430 mihi
895 3380 1116 3445 pr0ptcr
1161 3369 1300 3423 hanc
1344 3363 1597 3436 loquendi
1641 3363 1942 3418 libertatem

356 3469 494 3526 mala
546 3468 888 3537 contigerunt
928 3482 942 3519 :
998 3462 1278 3516 innumera
1330 3456 1540 3529 profudi
1597 3454 1794 3519 verba,
1842 3466 1943 3507 nec

352 3562 642 3632 quidquam
672 3555 894 3628 profeci,
924 3570 1098 3626 neque
1128 3553 1263 3609 lucri
1293 3551 1419 3606 mihi
1462 3550 1560 3604 fuit
1586 3548 1751 3614 aliud,
1781 3562 1941 3618 quam

357 3663 414 3707 nt
443 3654 495 3707 in
525 3650 733 3705 vincula
760 3648 1057 3717 conjicercr
1083 3663 1097 3700 :
1125 3643 1349 3700 necdum
1389 3657 1473 3697 me
1503 3642 1642 3696 Deus
1667 3655 1695 3694 a
1720 3639 1943 3694 vinculis

355 3743 619 3806 liberavit,
647 3750 703 3796 et
729 3756 814 3794 me
855 3735 1134 3793 rursus'ad
1178 3736 1294 3791 illas
1341 3734 1544 3790 belluas
1573 3732 1773 3787 mittit?
1802 3730 1944 3786 Nihil

358 3837 549 3892 horum
579 3843 670 3888 aut
698 3832 850 3898 dixit,
879 3839 971 3885 aut
998 3829 1284 3899 cogitavit;
1317 3825 1413 3882 sed
1444 3826 1496 3882 id
1541 3841 1704 3882 unum
1730 3832 1944 3896 specta-

358 3930 469 3995 bat,
517 3936 574 3981 ut
621 3923 830 3980 Domini
873 3930 1198 3994 praeceptum
1226 3919 1510 3991 perliceret
1548 3933 1562 3970 :
1611 3926 1666 3972 et
1693 3917 1945 3987 quoniam

359 4035 455 4091 per
482 4018 720 4089 scipsum
747 4031 854 4072 non
881 4021 1112 4086 poterat,
1144 4027 1240 4084 per
1259 4012 1577 4082 discipulum
1605 4010 1733 4067 illud
1761 4010 1948 4078 imple-

357 4111 457 4167 vit.
484 4109 617 4181 Lege
641 4123 872 4178 namque
899 4107 1023 4173 illis,
1055 4105 1248 4176 inquit,
1275 4113 1321 4161 et
1345 4105 1427 4158 dic
1455 4104 1626 4158 omnia
1653 4103 1806 4157 niala.
1837 4102 1948 4173 Ego

360 4205 494 4259 enim
522 4203 746 4257 detineor
771 4201 822 4254 in
857 4215 1056 4254 carcere
1083 4197 1245 4269 (Ibid.
1273 4213 1322 4251 tt.
1351 4195 1428 4269 6).
1457 4196 1523 4251 Et
1548 4195 1756 4252 diccbat
1793 4194 1947 4250 Iere-

360 4299 518 4363 mias,
564 4304 619 4350 et
663 4294 870 4348 Baruch
916 4292 1183 4348 scribebat
1212 4293 1264 4346 in
1309 4291 1465 4345 libro.
1493 4290 1690 4361 Jejunii
1741 4300 1951 4360 tempus

363 4386 483 4453 fuit,
509 4401 629 4441 cum
662 4385 776 4440 haec
802 4385 990 4439 fierent
1019 4401 1031 4436 :
1065 4383 1256 4437 festum
1290 4382 1540 4448 instabat,
1566 4382 1706 4452 quod
1737 4381 1803 4436 ad
1833 4397 1950 4437 me-

362 4477 616 4548 tropolim
659 4491 845 4531 omnes
871 4475 1092 4529 vocabat
1121 4492 1135 4528 :
1163 4489 1474 4528 communes
1497 4473 1691 4543 quippe
1715 4487 1948 4528 conven-

364 4580 450 4624 tus
478 4570 562 4640 agi
602 4569 857 4640 oportuit,
887 4565 1316 4638 quandoquidem
1345 4565 1412 4620 tle
1454 4565 1769 4620 necessariis
1792 4564 1955 4620 rebus

365 4659 765 4716 deliberandum
796 4660 847 4714 in
876 4647 1117 4714 comitiis;
1139 4656 1258 4712 fuit.
1307 4655 1578 4727 Ingressus
1601 4664 1684 4709 est.
1709 4656 1776 4708 ad
1806 4657 1952 4725 prin-

365 4756 503 4827 cipes
535 4749 763 4820 Baruclt,
791 4762 836 4805 et
861 4751 978 4822 legit
998 4752 1053 4803 in
1077 4749 1283 4802 auribus
1309 4751 1595 4819 principum
1616 4748 1785 4800 omnia
1807 4745 1956 4800 verba

369 4853 477 4902 hac
501 4846 664 4918 (Ibid.
695 4862 744 4900 υ.
789 4843 989 4915 ΗΑΒ)
1023 4861 1036 4897 :
1067 4850 1122 4897 et
1150 4857 1365 4898 causam
1409 4843 1570 4896 etiam
1602 4839 1737 4894 dixit
1769 4857 1782 4894 :
1817 4837 1953 4892 For-

369 4953 503 4996 tasse
544 4955 793 5011 namque,
840 4938 1029 5008 inquit,
1068 4937 1214 4991 cadet
1255 4935 1602 4990 misericordia
1640 4944 1801 4988 vestra
1842 4940 1960 4988 ante

371 5038 552 5106 faciem
576 5033 783 5087 Domini
808 5030 966 5102 (Ibid.
995 5047 1042 5084 υ.
1073 5029 1128 5102 7)
1155 5046 1172 5082 :
1205 5044 1271 5084 ne
1289 5029 1657 5084 existimarent
1680 5041 1802 5081 eum
1825 5034 1959 5079 tam-

371 5140 532 5198 quam
562 5131 926 5179 accusatorem
963 5119 1081 5176 haec
1124 5121 1326 5187 dicere,
1373 5119 1468 5174 sed
1505 5126 1564 5172 ut
1595 5132 1718 5173 cum
1758 5117 1825 5171 ad
1867 5130 1962 5172 eos

371 5214 642 5273 sanandos
665 5213 877 5270 venisse
917 5212 1091 5283 ipsum
1133 5211 1555 5275 intellexissent,
1600 5209 1866 5279 mquiores
1898 5223 1962 5263 ac

373 5309 712 5380 benigniores
741 5303 1116 5361 redderentur.
1145 5303 1282 5371 Quid
1311 5318 1443 5371 ergo
1469 5302 1581 5357 illi?
1605 5301 1740 5356 Cum
1764 5301 1963 5371 gratias

376 5415 536 5474 agere
580 5397 928 5471 oportuisset,
975 5410 1097 5452 cum
1142 5410 1264 5450 eum
1308 5394 1546 5461 laudare,
1590 5408 1712 5448 cum
1752 5391 1963 5458 elferre,

377 5494 509 5550 nihil
531 5493 728 5550 horum
751 5498 932 5562 agunt,
963 5489 1060 5544 scd
1085 5488 1343 5545 abeuntes
1371 5486 1820 5542 annuntiaverunt
1853 5483 1964 5554 regi

377 5604 497 5659 quae
523 5587 722 5656 scripta
750 5592 905 5640 erant
931 5583 984 5638 in
1012 5581 1170 5649 libro,
1197 5591 1252 5637 et
1279 5580 1644 5650 deposuerunt
1687 5576 1880 5632 librum
1911 5577 1965 5631 in

379 5678 540 5735 domo
564 5677 795 5732 Elisama
825 5674 991 5747 (Ibid.
1020 5690 1068 5729 υ.
1099 5675 1217 5745 20).
1248 5670 1318 5725 Et
1350 5687 1466 5725 cum
1495 5669 1730 5736 misisset,
1762 5667 1967 5739 inquit,

1077 303 1134 360 S.
1174 299 1451 361 JOANNIS
1485 290 1961 360 CllRYSOS'I‘OMl
1999 289 2318 354 ARCIIIEP.
2355 284 2891 352 CONSTANTINOP.

3521 286 3614 351 I72

2037 408 2236 476 afferri.
2261 407 2330 461 Et
2352 408 2552 462 sedebat
2590 425 2682 463 rea:
2725 410 2779 463 in
2825 409 2976 463 domo
3023 407 3228 462 hiemali
3257 405 3390 479 (Jer.
3420 407 3609 464 36.2l.

2039 501 2137 571 22)
2161 517 2176 555 :
2199 499 2398 555 mensis
2417 501 2613 570 quippe
2636 515 2808 554 nouus
2826 508 2961 568 erat,
2985 498 3087 555 hoc
3104 507 3188 555 est
3201 499 3497 556 November
3514 502 3609 570 (a),

2038 602 2093 647 et
2120 606 2316 646 nonum
2346 592 2578 661 appellat
2605 606 2634 645 a
2663 591 2853 646 Martio
2878 592 3208 646 numerando
3239 610 3252 646 :
3283 607 3406 648 nam
3435 602 3489 648 et
3516 593 3615 649 hoc

2037 680 2319 751 diligenter
2345 680 2734 736 observandum
2761 691 2862 737 est.
2885 681 2942 737 Si
2972 682 3114 737 enim
3137 697 3168 738 a
3197 682 3494 754 Septembri
3522 700 3616 738 nu-

2037 781 2315 838 merasset,
2347 772 2519 829 hiems
2559 780 2670 829 tum
2717 775 2974 844 temporis
3013 789 3134 830 esse
3178 790 3282 830 non
3328 773 3614 832 debuisset.

2037 863 2145 920 Cur
2173 866 2331 936 igitur
2355 865 2457 921 hoc
2477 866 2635 921 etiam
2652 865 2992 937 adjungitur?
3017 867 3164 922 exiis
3185 882 3304 937 quae
3329 879 3620 938 sequuntur

2036 965 2223 1025 aperte
2246 971 2558 1025 cognosces.
2584 955 2651 1010 Et
2671 961 2812 1028 focus
2830 958 2962 1028 ignis
2985 968 3101 1011 ante
3127 958 3271 1012 illum
3297 974 3316 1012 :
3338 960 3618 1023 carbones,

2037 1049 2227 1119 inquit,
2268 1049 2520 1119 quoniam
2569 1049 2733 1119 frigus
2777 1059 2911 1104 erat.
2940 1048 3146 1104 Videtis
3175 1058 3231 1104 ut
3253 1050 3397 1105 nihil
3424 1066 3452 1105 a
3480 1050 3622 1106 Scri-

2037 1151 2192 1209 ptura
2218 1154 2368 1194 sacra
2393 1140 2705 1194 omittatur?
2734 1140 2796 1195 Et
2815 1140 3074 1196 carbones
3096 1141 3233 1210 ignis
3259 1151 3385 1196 ante
3410 1143 3621 1212 ipsum:

2036 1240 2088 1284 et
2110 1230 2570 1285 circumsistebant
2595 1245 2718 1285 eum
2747 1243 2974 1300 satrapa:
2999 1248 3012 1284 :
3045 1231 3238 1286 allatus
3264 1238 3348 1288 est
3371 1231 3512 1287 liber
3536 1233 3620 1288 in-

2035 1322 2272 1377 numeris
2298 1319 2604 1376 redundans
2626 1319 2784 1376 bonis
2809 1321 3092 1393 (malorum
3121 1323 3317 1394 quippe
3346 1324 3622 1394 prephetia

2035 1411 2298 1465 malorum
2348 1423 2465 1466 erat
2505 1410 2879 1484 propulsatio),
2926 1420 2981 1469 et
3025 1413 3319 1484 legebatur.
3363 1414 3629 1471 Memores

2033 1504 2184 1569 mihi,
2215 1520 2418 1574 qureso,
2445 1513 2615 1560 estote
2645 1505 2914 1575 promissi.
2943 1504 3008 1559 Et
3034 1523 3150 1559 cum
3177 1507 3373 1578 legisset
3398 1507 3488 1562 ille
3519 1518 3624 1563 tres

2037 1596 2284 1668 pagella,
2308 1605 2511 1666 sumpto
2537 1596 2758 1666 scapello
2786 1596 2956 1663 scidit,
2994 1606 3040 1650 et
3066 1597 3119 1650 in
3148 1599 3318 1667 focum
3343 1596 3476 1668 ignis
3506 1614 3631 1668 pro-

2029 1689 2176 1759 jecit,
2201 1687 2358 1742 donec
2384 1696 2542 1742 totum
2567 1687 2797 1742 volumen
2825 1687 3006 1756 defecit
3035 1685 3196 1760 (Ibid.
3222 1704 3271 1742 υ.
3296 1687 3410 1758 23).
3435 1689 3628 1755 Vides,

2036 1789 2096 1835 ut
2122 1794 2188 1835 ne
2234 1779 2386 1834 libris
2423 1778 2639 1848 quidem
2671 1779 2933 1848 parcant?
2956 1786 3015 1834 ut
3043 1793 3110 1834 ne
3153 1794 3182 1833 a
3214 1779 3383 1835 literis
3406 1781 3632 1851 quidem

2036 1872 2204 1926 sacris
2242 1870 2584 1926 abstineant?
2611 1870 2873 1936 Quoniam
2920 1870 3282 1942 captivitatem
3325 1871 3633 1932 Jerusalem

2035 1963 2363 2030 continebat,
2384 1977 2505 2018 eum
2523 1961 2784 2018 conscidit
2807 1977 2826 2016 :
2847 1971 2903 2018 et
2928 1978 3049 2018 cum
3076 1963 3386 2034 prophetam
3415 1980 3523 2019 non
3549 1965 3638 2018 in-

2036 2056 2296 2121 venisset,
2333 2056 2387 2110 in
2418 2055 2599 2110 literas
2629 2055 2763 2110 iram
2807 2054 3013 2110 eﬂ‘udit.
3043 2055 3144 2123 Qui
3171 2070 3300 2127 ergo
3331 2070 3417 2111 res
3445 2057 3637 2110 inani-

2037 2157 2208 2202 matas
2239 2149 2312 2202 ita
2340 2146 2695 2217 persequitur,
2726 2146 2773 2201 si
2796 2146 2972 2200 anima
3004 2145 3282 2216 praeditum
3313 2147 3639 2208 invenisset,

2037 2237 2163 2310 quid
2193 2252 2300 2293 non
2331 2236 2578 2293 fecisset?
2602 2236 2732 2292 Nam
2757 2236 3206 2307 quemadmodum
3227 2251 3386 2293 smva:
3411 2238 3639 2303 bellum,

2037 2345 2161 2385 cum
2187 2345 2281 2385 eos
2325 2329 2666 2399 arripuerint,
2707 2329 2794 2399 qui
2824 2343 2944 2384 cum
2973 2329 3100 2398 ipsis
3127 2328 3420 2396 decertant,
3469 2339 3527 2384 et
3560 2330 3645 2385 illi

2037 2422 2236 2479 deinde
2261 2423 2460 2478 relictis
2486 2422 2538 2477 in
2565 2436 2659 2478 ore
2681 2422 2974 2478 belluarum
3004 2422 3250 2492 pellibus,
3280 2422 3476 2493 quibus
3491 2416 3649 2476 ami-

2036 2518 2271 2585 ciuntur,
2301 2515 2622 2586 aufugerim,
2659 2515 2776 2570 illas
2800 2514 2994 2570 deinde
3021 2513 3329 2585 discerpunt
3353 2515 3649 2582 dentibus,

2039 2617 2098 2663 ut
2124 2609 2196 2663 ita
2226 2608 2456 2663 furorem
2499 2621 2653 2661 suum
2698 2607 2986 2677 expleant:
3035 2606 3107 2660 ita
3138 2605 3386 2661 nimirum
3431 2614 3491 2659 et
3539 2621 3650 2660 rex

2040 2699 2184 2756 fecit.
2206 2699 2319 2755 Non
2349 2698 2570 2755 offendit
2593 2712 2736 2766 eum,
2765 2696 2854 2767 qui
2876 2696 3068 2752 librum
3092 2696 3326 2762 tenebat,
3352 2706 3406 2752 et
3433 2696 3652 2752 librum

2039 2792 2343 2848 conscidit:
2374 2806 2549 2862 neque
2595 2790 2854 2846 conscidit
2895 2789 3092 2858 solum,
3122 2787 3218 2844 sed
3268 2789 3404 2844 etin
3453 2786 3656 2844 focum

2041 2885 2177 2957 ignis
2209 2884 2410 2956 injecit,
2436 2891 2495 2939 ut
2522 2898 2590 2939 ne
2618 2883 2858 2953 reliquiae
2878 2881 3092 2954 quidem
3120 2895 3187 2938 ex
3214 2879 3381 2936 literis
3407 2880 3519 2934 illis
3550 2892 3656 2934 re-

2041 2985 2268 3034 Starent.
2293 2976 2398 3032 Sed
2435 2974 2671 3031 nondum
2697 2990 2912 3029 omnem
2942 2973 3057 3044 ejus
3093 2971 3378 3028 amentiam
3410 2986 3662 3042 perspe-

2042 3080 2185 3126 ctam
2211 3067 2420 3125 habetis
2441 3085 2453 3121 :
2473 3067 2638 3138 probe
2661 3081 2789 3122 vero
2814 3065 3013 3130 scietis,
3032 3065 3077 3120 si
3102 3063 3388 3120 narrationi
3405 3063 3665 3133 diligen-

2043 3170 2126 3218 ter
2149 3159 2501 3216 attenderitis.
2532 3157 2649 3215 Non
2679 3158 2821 3215 enim
2849 3157 2983 3212 dixit
3010 3171 3131 3213 eum
3175 3165 3286 3210 toto
3325 3155 3469 3210 lecto
3501 3154 3669 3211 libro

2044 3252 2236 3310 deinde
2262 3253 2434 3325 ipsum
2461 3252 2733 3308 esussisse
2757 3267 2771 3305 :
2803 3250 3062 3321 quinimo,
3090 3249 3218 3305 Cum
3239 3257 3338 3302 tres
3357 3258 3669 3318 quatuorve

2047 3344 2272 3416 pagellas
2318 3344 2538 3414 legisset,
2587 3343 2755 3413 ipsum
2802 3341 3068 3396 conscidit.
3098 3339 3177 3396 Ne
3215 3341 3385 3411 ipsum
3414 3339 3669 3410 quidem

2045 3434 2289 3492 lectionis
2315 3434 2478 3489 linem
2500 3433 2848 3504 exspectavit,
2874 3432 2970 3489 sed
2995 3432 3067 3487 ab
3089 3433 3207 3502 ipso
3228 3430 3495 3502 proicmio
3519 3447 3669 3487 coni

2045 3528 2222 3585 festim
2247 3535 2589 3598 exasperatus
2609 3536 2710 3583 est.
2736 3526 3024 3596 Propterea
3052 3533 3219 3580 tutum
3242 3539 3347 3580 non
3369 3532 3495 3579 erat
3521 3540 3669 3595 pro‘

2047 3621 2222 3693 phetis
2249 3621 2423 3675 futura
2466 3617 2643 3674 omnia
2675 3618 2811 3672 mala
2837 3617 3038 3673 Iudaeis
3058 3626 3243 3687 aperte
3271 3615 3474 3672 dicere.
3506 3615 3669 3672 Nam

2046 3715 2090 3768 si
2121 3713 2479 3783 captivitatem
2507 3711 2574 3765 ad
2599 3719 2808 3780 tempus
2836 3710 3062 3764 futuram
3089 3707 3275 3764 audire
3298 3706 3525 3762 minime
3562 3723 3669 3778 po-

2047 3803 2169 3870 tuit,
2192 3802 2463 3874 quomodo
2487 3811 2793 3871 perpetuam
2819 3799 3027 3856 discere
3051 3799 3431 3855 sustinuisset?
3458 3799 3669 3871 Neque

2048 3904 2331 3951 contentus
2356 3894 2456 3948 hoc
2481 3893 2579 3948 fuit
2599 3908 2691 3948 rex
2717 3909 2730 3947 :
2763 3893 2859 3948 sed
2887 3893 3050 3958 misit,
3080 3891 3270 3962 inquit,
3298 3891 3364 3946 ad
3391 3907 3669 3962 qureret»

2048 3989 2175 4044 dum
2203 3987 2397 4059 ubique
2426 3985 2761 4057 prOphetam,
2789 3986 2883 4040 sed
2908 4001 3016 4040 non
3041 3986 3241 4040 invenit
3266 3999 3387 4039 eum
3419 4002 3436 4039 :
3468 3989 3669 4041 occul

2051 4081 2179 4136 lavit
2222 4079 2364 4135 enim
2411 4079 2557 4132 illum
2592 4071 2731 4133 Deus
2775 4075 2935 4146 (Ibid.
2982 4091 3030 4130 tt.
3073 4075 3191 4146 26).
3222 4074 3374 4130 Illum
3420 4076 3669 4146 quian

2051 4176 2163 4227 tum
2208 4170 2348 4236 loco,
2377 4180 2604 4224 caeteros
2637 4178 2814 4223 autem
2847 4168 3134 4238 pr0phetas
3171 4181 3356 4223 eorum
3389 4165 3669 4223 obscuri

2052 4271 2160 4318 tate
2185 4277 2304 4332 qua:
2329 4259 2644 4315 dicebantur
2668 4258 2973 4314 occultavit.

2122 4352 2180 4408 6.
2208 4351 2390 4422 Neque
2409 4365 2537 4406 vero
2567 4357 2770 4404 tantum
2799 4363 2864 4403 ex
2891 4349 2974 4404 his
3004 4347 3156 4403 nobis
3186 4345 3408 4418 liquebit
3433 4388 3452 4412 ,
3504 4363 3669 4419 aput

2052 4443 2266 4499 Iudaeos
2293 4441 2463 4497 audax
2486 4441 2613 4496 illud
2644 4438 2849 4495 facinus
2871 4439 3138 4495 exstitisse
3157 4481 3172 4506 ,
3203 4438 3476 4510 animique
3500 4444 3669 4509 peri

2055 4533 2187 4589 culis
2215 4543 2419 4588 temere
2449 4546 2568 4588 sese
2592 4531 2914 4600 objicientis,
2939 4538 3256 4587 eventurum
3277 4531 3543 4602 gentibus
3584 4535 3669 4590 hc

2119 4664 2192 4727 (a)
2225 4671 2308 4730 I_t:e
2330 4661 2736 4730 319.088.1067“
2773 4662 3043 4730 November,
3066 4663 3270 4730 desunt
3293 4665 3344 4714 in
3376 4671 3488 4730 διεδ.
3523 4667 3669 4730 _Ib‘u

2057 4722 2195 4787 Regi.
2221 4722 2966 4790 Ianalicusuarttusetprimus.
3004 4722 3132 4775 Ibid.
3175 4724 3332 4784 Colb.,
3366 4724 3416 4776 si
3439 4728 3615 4780 enim

2056 4787 2318 4838 Novanbrt
2341 4791 2653 4836 numerasset.
2689 4794 2745 4836 Ut
2778 4791 2947 4836 autem
2979 4785 3280 4838 intelligatur
3318 4786 3506 4837 clarius
3560 4807 3609 4838 τι

2056 4795 2318 4860 Novembri
2341 4795 2653 4858 numerasset.
2689 4795 2745 4836 Ut
2778 4795 2947 4836 autem
2979 4795 3280 4848 intelligatur
3318 4795 3506 4837 clarius
3560 4807 3669 4855 qu

2056 4851 2137 4901 hic
2157 4850 2250 4899 sibi
2274 4846 2395 4898 velit
2418 4847 2783 4913 Chrysostomus
2807 4861 2820 4898 :
2849 4855 2958 4898 Haec
2979 4855 3120 4913 gesta
3156 4857 3312 4913 sunt,_
3330 4850 3491 4913 inquit
3521 4860 3669 4904 Jerq

2061 4914 2199 4973 mias,
2222 4923 2397 4959 mense
2421 4910 2571 4973 nono,
2609 4918 2823 4973 tuncque
2868 4922 2958 4973 rei:
2985 4910 3194 4973 sedebat
3214 4911 3264 4958 in
3285 4910 3431 4961 domo
3454 4911 3669 4967 hiem:

2061 4982 2114 5024 et
2136 4969 2250 5022 ante
2276 4973 2449 5028 focum,
2473 4969 2880 5044 frigorisscilicet
2919 4969 3202 5044 depellendi
3239 4983 3401 5044 causa.
3427 4973 3582 5025 Cum
3620 4994 3669 5027 an

2061 5045 2169 5107 tem
2187 5046 2344 5084 nonus
2365 5035 2600 5107 mensis_a
2631 5035 2741 5107 pio,
2764 5035 3056 5107 quiprimus
3075 5041 3182 5082 erat
3202 5035 3477 5107 secundum
3505 5045 3669 5091 tuac.

2062 5097 2284 5146 donicum
2303 5095 2586 5144 numerandi
2603 5095 2751 5144 ritum
2774 5093 3044 5144 Antiochiae
3066 5104 3338 5156 receptum,
3365 5109 3669 5152 numerar

2063 5167 2161 5216 tur,
2187 5170 2215 5206 a
2237 5158 2338 5216 Dio,
2362 5157 2501 5220 cujus
2521 5169 2633 5220 pars
2653 5156 2944 5220 Septembri,
2985 5167 3097 5220 pars
3131 5155 3342 5220 Octobri,
3364 5165 3669 5220 responde

2063 5231 2221 5270 nonus
2242 5217 2610 5267 mensis—incidit
2625 5220 2675 5266 in
2698 5217 2867 5267 Maium
2899 5225 2951 5267 et
2971 5218 3191 5277 iunium;
3213 5219 3347 5328 sisui
3380 5217 3432 5267 lii
3459 5217 3669 5276 mens.

2066 5282 2222 5328 nonin
2235 5288 2430 5328 temnus
2443 5279 2703 5328 hibernum
2726 5279 2970 5328 incidunt:
2988 5292 3142 5328 auare
3165 5279 3258 5327 aliu
3311 5283 3596 5328 mensium
3627 5291 3669 5328 it

2066 5282 2222 5331 nonin
2235 5288 2430 5342 tempus
2443 5279 2703 5342 hibernum
2726 5279 2970 5340 incidunt;
2988 5292 3142 5342 quare
3165 5279 3293 5342 aliud
3311 5283 3596 5332 mensium
3623 5291 3669 5337 ii

2064 5343 2189 5393 tium
2211 5337 2435 5404 proponit
2455 5340 2851 5404 Chrysostomus;
2875 5337 3056 5404 nempe
3083 5337 3390 5399 Xanthicum,
3417 5344 3510 5404 qui
3545 5359 3669 5398 me

2628 5403 3282 5480 ῈΞἯῗιῖίονΡηίξπέίπιίον
3299 5405 3366 5451 il“
3383 5403 3669 5480 "ima!"

2068 5478 2181 5538 pars
2201 5464 2308 5538 ejus
2330 5467 2379 5513 in
2403 5465 2617 5514 martium
2655 5464 2853 5536 incidat,
2893 5464 3065 5574 sictgie
3098 5476 3254 5538 nonus
3273 5466 3467 5515 mensis
3489 5478 3520 5537 ᾳ
3563 5468 3669 5522 Xa

2070 5527 2201 5599 thteo
2223 5539 2272 5599 in
2294 5525 2856 5599 Novembremnmctdet,
2885 5530 2958 5599 ut
3025 5539 3067 5599 te
3101 5525 3297 5599 d_lCll.l1l'.
3329 5523 3669 5599 lanosum

2069 5597 2236 5638 autem
2259 5588 2337 5637 hic
2358 5601 2440 5638 Lion
2455 5588 2663 5636 Januarii
2686 5595 2905 5638 verterat
2925 5593 3100 5637 Fronto
3119 5595 3340 5637 Ducena.
3359 5589 3486 5638 Hinc
3506 5601 3669 5643 διιιι

2070 5649 2378 5712 confirmatur
2409 5649 2458 5698 id
2493 5649 2626 5712 quod
2665 5647 3471 5712 vulgu_statuitty_',_Antiochenos
3492 5664 3669 5706 neu.

2073 5711 2388 5760 Macedonicis
2409 5708 2659 5760 mensibus
2680 5708 2795 5764 usos
2816 5709 2986 5762 fuise.
3024 5708 3148 5761 Vide
3173 5713 3419 5761 usseriutn
3441 5711 3514 5762 de
3556 5718 3669 5770 As;

379 5785 470 5822 rei:
499 5768 690 5835 laden,
725 5783 888 5824 unum
913 5783 980 5823 ex
1019 5764 1410 5838 apparitoribus
1448 5763 1579 5831 suis,
1613 5763 1795 5818 libram
1815 5763 1971 5834 jussit
2074 5773 2375 5826 nacedonioo
2399 5779 2450 5825 et
2472 5771 2637 5825 solari.
