3696 6278
120 252 202 309 ιη

119 381 274 422 iorem
302 374 358 419 et
387 364 636 438 gloriam.
660 369 716 417 et
737 375 859 431 qua:
882 356 1004 412 illos
1021 366 1310 425 exceptura
1337 358 1484 407 esset
1517 351 1666 421 igno—
1728 411 1748 415 _

115 459 303 513 naniam
320 472 568 521 narrare,
586 443 1441 522 sedetiamexipsisPauliverhis.
1453 442 1549 498 llic
1565 441 1669 498 ita-

112 566 195 620 que
209 565 329 603 cum
346 548 673 617 prophetam
695 542 985 612 quemdam
1005 539 1215 594 videret
1238 537 1515 607 paululum
1538 535 1668 605 quid

110 639 453 711 predictionis
482 637 645 708 hujus
706 640 1061 695 reserantem,
1105 640 1162 685 et
1202 630 1461 700 apertius,
1502 644 1666 699 quam

108 736 197 799 alii,
227 746 339 790 tum
371 736 519 789 bona
558 741 763 794 nostra,
801 737 916 783 tum
946 728 1162 782 illorum
1198 725 1338 779 mala
1365 720 1662 789 dicentem,

108 829 383 899 olstupuit,
420 836 478 883 et
502 824 783 882 audaciam
814 822 957 877 illius
981 821 1210 875 miratus
1235 826 1339 885 est,
1368 816 1455 872 his
1488 814 1668 872 verbis

106 936 275 980 utens:
302 922 486 975 Isaias
521 928 698 972 autem
727 917 908 979 audet,
949 922 999 968 et
1036 912 1181 975 dicit,
1212 908 1461 965 Inventus
1486 924 1603 962 sum
1628 924 1668 963 ιι

105 1020 184 1056 eos
208 994 549 1072 amentibus
574 1013 655 1053 me
673 1012 694 1051 τ
718 993 891 1066 palam
909 991 1128 1063 apparui
1147 990 1231 1057 iis,
1261 989 1349 1059 qui
1377 1005 1455 1041 me
1474 1003 1573 1040 non
1592 987 1673 1039 in-

105 1093 424 1162 terrogabant.
461 1088 585 1143 Dixi
603 1129 618 1155 ,
650 1086 787 1141 Ecce
807 1101 898 1156 ego
915 1125 932 1151 ,
955 1082 1091 1154 genti
1105 1123 1120 1147 ,
1146 1080 1233 1149 qui
1256 1096 1356 1134 non
1382 1087 1677 1132 vocaverunt

103 1200 257 1237 nomen
283 1198 459 1236 meum
482 1178 668 1250 (Rom.
691 1176 781 1232 10.
806 1176 914 1242 20;
944 1173 1074 1228 lsai.
1101 1173 1192 1228 65.
1223 1172 1246 1226 i
1271 1169 1312 1242 ).
1343 1170 1676 1239 Quamquam

103 1280 137 1329 si
163 1277 367 1331 nullum
394 1290 465 1329 ex
491 1271 840 1344 praedictione
866 1267 1162 1340 periculum
1194 1262 1555 1336 impendebat,
1583 1277 1678 1317 cur

100 1369 213 1422 dixit
240 1365 462 1429 Paulus,
484 1362 654 1417 Isaias
676 1372 843 1416 autem
864 1359 1034 1423 audet,
1062 1367 1107 1411 et
1135 1357 1278 1423 dicit,
1308 1353 1547 1409 Inventus
1568 1369 1678 1407 sum

100 1480 121 1513 α
141 1477 233 1513 non
260 1456 604 1529 quwrentibus
628 1455 748 1509 me?
781 1453 1010 1511 Maxima
1037 1465 1221 1507 revera
1248 1447 1555 1505 Iudaeorum
1584 1461 1677 1501 ac-

98 1550 304 1608 cusatio.
342 1550 450 1617 Qui
480 1564 592 1603 non
618 1545 929 1617 quaerebant
954 1545 1271 1598 invenerunt
1292 1581 1307 1605 ,
1338 1549 1392 1617 et
1415 1539 1503 1610 qui
1528 1553 1676 1610 quae-

98 1648 286 1710 rebant,
320 1658 423 1714 Spe
452 1640 693 1697 frustrati
716 1647 841 1694 sunt
870 1655 886 1692 :
919 1636 1008 1708 qui
1033 1651 1139 1691 non
1169 1632 1477 1697 audierunt,
1505 1629 1682 1685 credi-

100 1739 311 1803 derunt,
362 1742 421 1788 et
464 1733 558 1804 qui
606 1729 924 1795 audierunt,
978 1728 1033 1782 in
1073 1739 1289 1783 crucem
1327 1722 1675 1779 sustulerunt.

102 1834 369 1901 Propterea
386 1827 653 1883 audacem
678 1821 966 1896 appellavit
991 1819 1202 1874 Isaiam.
1227 1816 1468 1871 Maxima:
1484 1814 1681 1884 quippe

100 1939 262 1979 revera
290 1922 394 1975 fuit
423 1919 664 1975 audaciae
686 1958 703 1985 ,
747 1917 798 1971 in
828 1913 1004 1970 medio
1028 1927 1213 1968 eorum
1240 1924 1374 1978 quos
1397 1907 1682 1963 accusabat

100 2023 333 2077 stantem,
362 2009 571 2066 nemini
596 2006 867 2080 parcendo
888 2004 1283 2060 accusationem
1310 2001 1573 2056 intentare
1592 2040 1606 2064 ,
1628 2006 1684 2053 et

102 2110 202 2167 illos
223 2106 445 2178 quidem
470 2120 569 2175 per
598 2101 934 2176 prophetiam
978 2106 1163 2169 aperte
1203 2095 1407 2149 honore
1435 2093 1644 2165 privare
1662 2132 1679 2158 ,

98 2200 215 2254 alios
242 2212 375 2252 vero
406 2194 474 2250 ad
497 2193 731 2253 debitam
756 2191 857 2246 illis
872 2189 1093 2260 gloriam
1124 2185 1483 2241 introducere.
1517 2185 1683 2237 Accu-

99 2299 291 2345 satores
333 2287 457 2358 ejus
486 2292 639 2341 erant
679 2297 868 2339 omnes
911 2280 1001 2351 qui
1046 2276 1329 2348 injudicio
1372 2274 1680 2330 audiebant.

100 2386 214 2451 Quis
231 2391 418 2437 autem
443 2380 571 2436 dum
590 2376 847 2447 judicium
870 2382 1124 2430 exercent
1142 2370 1361 2434 inimici,
1386 2367 1685 2439 periculum

101 2477 278 2547 poterit
298 2472 554 2530 evitare?
582 2471 894 2539 Propterea,
919 2466 1113 2536 inquit,
1143 2463 1306 2519 Audet
1326 2470 1371 2517 et
1398 2461 1542 2516 dicit.

164 2568 243 2624 Ne
276 2577 401 2621 ante
432 2576 629 2635 tempus
657 2560 994 2633 intelligerent.
1018 2563 1195 2630 futura
1219 2556 1393 2612 Judaei
1413 2596 1430 2622 ,
1466 2554 1688 2610 obscure

102 2663 287 2729 {mut
308 2657 615 2729 prophetitz.
643 2651 936 2709 ~—Verum
980 2652 1081 2706 hoc
1118 2651 1292 2721 ipsum
1327 2647 1451 2703 volo
1488 2646 1687 2703 clarius

100 2756 489 2811 demonstrare.
515 2748 722 2805 Idcirco
746 2746 816 2802 de
835 2744 1035 2801 Iudaeis
1060 2757 1123 2798 ac
1146 2741 1297 2797 nobis
1318 2739 1545 2795 obscure
1567 2753 1691 2806 pro-

100 2848 393 2905 nuntiatura
422 2854 506 2900 est
530 2844 582 2897 in
608 2839 919 2910 Scripturis,
961 2852 1031 2892 ne
1053 2845 1178 2890 ante
1199 2843 1408 2903 tempus
1433 2831 1691 2900 intellige-

100 2952 208 2998 rent
235 2956 363 3013 quze
393 2937 717 2995 dicebantur
744 2931 935 2990 Judzei.
966 2932 1141 3000 Atque
1166 2928 1326 2997 hujus
1352 2926 1428 2982 rei
1453 2923 1701 2995 produco.

101 3046 284 3091 testem
316 3046 515 3103 magna
544 3043 678 3085 voce
703 3029 1026 3084 clamantem
1049 3023 1296 3087 Paulum,
1320 3037 1386 3076 ex
1410 3018 1699 3074 altovocl-i

102 3132 383 3191 terantem,
415 3123 602 3180 tubam
617 3119 907 3183 caelestem,
930 3132 1023 3172 vas
1048 3114 1343 3176 electionis,
1372 3110 1569 3167 Christi
1596 3124 1691 3179 pa-

102 3216 480 3290 raaymphum.
504 3212 766 3283 Despondi
789 3210 923 3263 enim
949 3224 1057 3274 eos,
1097 3206 1287 3276 inquit,
1317 3205 1406 3259 uni
1435 3204 1564 3269 viro,
1589 3202 1694 3257 uir-

101 3312 263 3381 ginem
303 3317 502 3361 castam
530 3304 760 3359 exhibere
791 3300 989 3375 Christo
1024 3298 1118 3367 (2.
1150 3297 1267 3352 Cor.
1298 3295 1503 3364 1L2).
1544 3294 1696 3349 llunc

103 3404 247 3459 vobis
292 3410 491 3457 testem
539 3397 776 3467 produco
826 3394 1090 3448 dicentem
1140 3398 1328 3461 aperte
1350 3431 1365 3455 ,
1414 3396 1695 3458 propterea

105 3494 355 3551 nonnulla
385 3494 442 3547 in
476 3490 657 3546 Veteri
681 3488 1028 3544 Testamento
1062 3484 1230 3542 fuisse
1255 3481 1521 3539 occultata
1543 3521 1558 3545 ,
1586 3496 1696 3535 non

103 3588 297 3643 munia.
326 3584 384 3642 Si
408 3584 557 3638 enim
585 3581 762 3635 omnia
794 3578 1015 3633 fuissent
1034 3575 1261 3633 obscura
1283 3615 1298 3641 ,
1330 3572 1697 3629 frustraillius

106 3683 284 3739 seculi
316 3677 633 3733 hominibus
658 3674 884 3728 fuissent
908 3670 1048 3725 dicta
1077 3686 1091 3723 :
1121 3666 1381 3738 siquidem
1407 3664 1698 3737 prophetico

105 3774 233 3828 bella
265 3770 598 3833 continent,
648 3781 767 3834 qum
796 3763 862 3821 ad
892 3773 1101 3831 tempus
1132 3768 1241 3814 tum
1267 3766 1415 3829 gesta
1447 3765 1604 3824 sunt,
1645 3765 1702 3813 et

105 3868 265 3921 fames
292 3874 349 3920 et
378 3872 562 3933 pestes
588 3877 603 3913 :
633 3858 908 3914 continent
934 3863 987 3910 et
1013 3844 1131 3925 quae
1158 3851 1316 3908 hodie
1340 3851 1696 3921 contigerunt,

103 3958 443 4013 vomtionem
473 3950 748 4012 Ecclesiae,
780 3946 1204 4018 repudiationem
1229 3958 1535 4015 synagogze,
1570 3942 1702 4013 legis

102 4048 532 4119 abrogationem.
574 4042 703 4097 Haec
743 4049 920 4095 autem
956 4039 1101 4109 ipsos
1129 4051 1287 4091 nosse
1316 4034 1559 4101 nolebat,
1605 4033 1703 4089 sed

104 4144 189 4197 illa
214 4118 342 4211 qua
372 4141 621 4209 ipsorum
647 4133 979 4203 temporibus
1006 4128 1339 4185 accidebant.
1364 4118 1542 4198 Atque
1563 4126 1705 4182 istud

104 4236 288 4305 ipsum
308 4230 556 4289 conabor
585 4226 896 4291 ostendere,
930 4223 1047 4279 haec
1074 4222 1186 4277 sola
1214 4220 1329 4276 fieri
1352 4220 1587 4279 obscura
1606 4234 1710 4275 vo-.

103 4327 304 4391 luisse,
338 4324 413 4379 de
442 4320 604 4377 nobis
631 4326 686 4375 et
709 4317 778 4373 de
819 4329 1116 4389 synagoga,
1144 4328 1263 4383 quae
1290 4327 1433 4367 nunc
1460 4312 1704 4382 contige-

103 4430 249 4485 runt,
278 4431 500 4474 necnon
521 4412 657 4483 legis
676 4409 1077 4480 abrogationem
1106 4424 1121 4463 :
1144 4405 1248 4462 hoc
1270 4420 1398 4473 vero
1418 4420 1523 4460 non
1546 4420 1708 4475 opor-

105 4513 203 4568 tuit
225 4527 299 4567 ex
347 4509 445 4564 illo
485 4517 730 4576 tempore
767 4502 1035 4572 cognitum
1062 4500 1167 4555 illis
1201 4498 1384 4555 fuisse.
1430 4498 1564 4554 Nam
1605 4499 1651 4553 si
1675 4513 1713 4556 α

105 4605 377 4675 principio
404 4600 725 4656 didicissent
750 4596 926 4666 legem
944 4594 1009 4649 ad
1040 4604 1250 4663 tempus
1270 4592 1583 4648 duraturam
1602 4632 1618 4657 ,
1646 4590 1708 4645 il-

109 4699 209 4751 lam
242 4693 476 4751 omnino
500 4687 951 4759 contempsissent
978 4704 992 4741 :
1020 4694 1240 4757 propter
1278 4685 1380 4740 hoc
1409 4684 1582 4754 ipsum
1610 4698 1709 4737 oc-

106 4790 309 4843 cultam
339 4786 491 4841 illam
518 4797 641 4839 esse
669 4781 865 4842 voluit.
885 4778 1002 4833 Non
1034 4780 1177 4834 enim
1223 4791 1437 4833 omnem
1482 4774 1711 4846 prophe-

106 4880 235 4933 tiam
282 4875 563 4933 occultam
605 4872 791 4937 fuisse,
841 4884 1023 4925 verum
1074 4868 1214 4927 hanc
1255 4876 1457 4922 tantum
1503 4875 1712 4937 partem

107 4969 278 5025 fuisse
306 4966 586 5028 velatam,
632 4963 757 5017 audt
786 4975 892 5030 quo
917 4968 1074 5029 pacto
1105 4958 1258 5017 nobis
1289 4969 1569 5028 utrumque
1599 4973 1714 5012 ma-

104 5060 307 5114 nifeste
331 5057 538 5115 Paulus
558 5052 843 5119 ostendat,
882 5061 936 5106 et
964 5051 1279 5106 occultatam
1308 5049 1470 5105 fuisse
1498 5051 1669 5120 legem
1696 5089 1711 5113 ,

101 5163 156 5206 et
200 5153 311 5207 hac
339 5151 409 5212 in
429 5156 583 5219 parte
610 5154 837 5201 tantum.
865 5142 997 5199 Cum
1024 5143 1166 5207 enim
1196 5142 1456 5197 scriberet
1490 5141 1558 5196 ad
1605 5142 1713 5196 Coo

100 5244 369 5308 rinthios,
405 5240 490 5295 his
511 5239 689 5295 verbis
714 5246 797 5293 est
826 5251 953 5291 usus
981 5254 995 5292 :
1032 5254 1050 5287 ι
1083 5234 1345 5289 Habentes
1373 5234 1530 5302 igitur
1558 5234 1717 5288 talem

100 5355 299 5411 spem,
324 5336 499 5393 multa
525 5333 716 5389 fiducia
746 5331 942 5386 utimur
974 5348 988 5384 :
1015 5340 1070 5385 et
1099 5344 1203 5383 non
1230 5329 1367 5383 sicut
1390 5327 1599 5399 Moyses
1623 5342 1716 5397 po-

100 5431 279 5486 nebat
304 5428 556 5483 velamen
583 5439 743 5493 super
766 5421 952 5477 faciem
974 5435 1146 5485 suam,
1172 5429 1355 5475 utnon
1379 5418 1719 5474 intenderent

101 5526 202 5579 lilii
238 5518 415 5579 Israel
445 5521 499 5576 in
529 5519 689 5574 tinem
722 5519 837 5587 ejus
864 5515 1008 5587 quod
1050 5521 1339 5577 evacuatur
1361 5553 1379 5583 ,
1418 5512 1513 5569 sed
1542 5511 1719 5569 obtusi

101 5627 241 5671 sunt
268 5628 474 5669 sensus
497 5626 707 5667 eorum.
734 5607 916 5678 Usque
943 5609 995 5662 in
1027 5606 1343 5662 hodiernum
1389 5603 1534 5660 enim
1577 5605 1721 5662 diem

103 5707 361 5779 utipsam
392 5704 634 5762 velamen
670 5702 725 5757 in
752 5700 984 5785 lectione
1019 5698 1224 5757 Veteris
1242 5694 1569 5769 Testamenti
1597 5713 1717 5755 ma-

1037 238 1126 296 οε
1166 227 1701 297 PROPIIETIARUM
1740 224 2232 288 OBSCURITA'IE.
2276 232 2317 287 1.

1779 354 1870 402 net
1905 362 2012 403 non
2052 348 2369 417 revelatum,
2401 351 2651 421 quoniam
2673 350 2730 407 in
2755 349 2970 409 Christo
3007 362 3296 409 evacuatur
3332 370 3355 405 ι

1775 441 1866 515 (2.
1912 440 2030 498 Cor.
2068 443 2123 498 5.
2171 442 2262 497 l2.
2289 442 2419 513 14).
2461 441 2757 499 Obscurum
2791 454 2874 501 est
2915 444 3175 510 fortasse,
3213 446 3359 517 quod

1776 535 2037 606 legimus;
2084 536 2262 605 itaque
2304 534 2590 591 dilucidius
2637 535 2769 591 illud
2807 536 3095 594 reddamus
3135 553 3361 596 necesse

1777 638 1880 695 est,
1912 636 1967 684 et
1992 628 2162 697 ipsam
2191 628 2466 684 historiam
2494 629 2648 685 vobis
2688 630 2743 684 in
2789 632 3100 686 memoriam
3132 646 3360 688 revoce-

1776 734 1914 775 mus.
1944 720 2075 775 Nam
2105 734 2226 775 cum
2250 721 2482 790 acceptis
2500 720 2554 776 in
2577 730 2759 777 monte
2781 721 2974 777 tabulis
2997 722 3361 779 descensurus

1777 823 1920 869 esset
1938 814 2168 885 Moyses,
2198 814 2477 870 inetl‘abilis
2502 816 2519 847 ⁸
2541 814 2784 885 qumdam
2811 823 2867 871 et
2895 815 3155 872 mirabilis
3181 831 3247 871 ex
3270 817 3362 872 illa

1777 916 1960 962 sancta
1987 907 2122 963 facie
2145 908 2314 979 gloria
2345 908 2466 962 talis
2485 907 2783 975 emicabat,
2826 916 2888 963 ut
2922 907 3104 963 nullus
3131 924 3162 964 e
3200 908 3362 979 vulgo

1779 998 1846 1054 ad
1877 1000 2022 1055 illum
2048 1000 2305 1056 accedere
2347 1009 2402 1057 et
2438 1017 2559 1057 cum
2598 1001 2688 1055 illo
2721 1000 2954 1072 colloqui
2998 1000 3239 1057 auderet.
3287 1001 3369 1057 Ne

1781 1092 1939 1163 igitur
1964 1093 2159 1161 populo
2188 1108 2401 1161 semper
2423 1091 2726 1147 inaccessas
2746 1100 2910 1158 esset,
2939 1091 3189 1161 imposito
3210 1092 3365 1147 faciei

1779 1199 1891 1240 suae
1920 1186 2184 1240 velamine
2207 1227 2223 1252 ,
2257 1184 2600 1255 permittebat
2626 1193 2683 1238 ut
2707 1199 2831 1239 cum
2857 1199 2922 1240 eo
2948 1185 3132 1239 venire
3166 1185 3219 1239 in
3248 1185 3366 1239 col-

1781 1278 2015 1347 loquium
2060 1276 2229 1331 Judaei
2258 1285 2478 1347 possent
2522 1276 2540 1345 (
2564 1275 2731 1331 Exod.
2761 1276 2851 1331 54.
2873 1277 2963 1332 53.
2991 1277 3115 1346 54).
3141 1279 3211 1330 At
3244 1291 3372 1331 cum

1783 1368 1979 1438 populo
2007 1368 2133 1422 dum
2162 1375 2463 1422 versaretur
2487 1408 2503 1431 ,
2534 1367 2772 1423 velamen
2803 1366 3054 1438 gerebat;
3099 1366 3169 1422 ad
3200 1368 3373 1423 Deum

1781 1470 1958 1516 autem
1985 1476 2045 1517 se
2068 1475 2406 1527 convertens,
2434 1474 2622 1516 rursus
2646 1459 2774 1516 illud
2797 1460 3119 1530 deponebat.
3151 1460 3206 1516 ld
3239 1476 3379 1516 vero

1783 1553 1973 1621 fiebat,
2003 1563 2059 1608 ut
2098 1548 2266 1604 simul
2292 1552 2463 1623 major
2490 1551 2624 1608 ﬁdes
2663 1552 2953 1624 legislatori
2993 1552 3373 1608 conciliaretur

1781 1644 1922 1715 apud
1963 1659 2057 1701 eos
2100 1638 2192 1714 qui
2237 1659 2333 1714 per
2382 1646 2556 1714 ipsum
2606 1644 2822 1699 allatam
2873 1644 3146 1714 accepturi
3194 1644 3371 1714 legem

1783 1746 1957 1806 erant,
1989 1748 2044 1793 et
2071 1738 2227 1792 simul
2250 1738 2302 1791 in
2329 1737 2446 1805 ipso
2472 1737 2617 1808 prius
2647 1737 3069 1794 adumbraretur,
3088 1737 3254 1809 ﬁgura
3277 1752 3372 1793 ve-

1785 1832 1978 1896 ritatis,
2007 1840 2061 1886 et
2082 1830 2461 1886 incarnationis
2481 1829 2681 1891 Christi
2716 1844 2874 1885 causa
2907 1829 3076 1884 multo
3095 1838 3219 1885 ante
3242 1843 3373 1899 pra}.

1786 1924 2192 1995 significaretur.
2237 1922 2369 1978 Nam
2398 1923 2652 1993 quoniam
2683 1921 2874 1977 dicturi
2906 1931 3060 1977 erant
3086 1921 3324 1976 nonnulli
3350 1962 3366 1985 ,

1785 2018 1963 2086 Quare
1993 2032 2097 2071 non
2130 2016 2183 2070 in
2210 2015 2350 2070 nuda
2381 2014 2667 2075 divinitate
2694 2012 2936 2069 Christus
2974 2013 3223 2078 advenit,
3273 2013 3374 2069 sed

1785 2125 2001 2167 carnem
2034 2108 2245 2164 induit?
2273 2107 2441 2163 multo
2466 2115 2709 2177 anteper
2730 2104 2916 2161 faciem
2948 2106 3086 2160 servi
3110 2105 3375 2175 objectio-

1787 2203 1944 2260 nibus
1973 2203 2089 2258 istis
2116 2200 2370 2257 occurrit.
2416 2199 2471 2255 Si
2501 2200 2642 2255 enim
2675 2197 2815 2253 servi
2840 2197 3068 2268 gloriam
3090 2237 3106 2264 ,
3149 2212 3269 2267 qua:
3299 2198 3376 2252 illi

1788 2304 1975 2365 postea
1997 2293 2232 2359 obvenit,
2259 2304 2484 2348 cernere
2505 2306 2612 2345 non
2641 2288 3069 2361 potuereJudmi,
3090 2303 3196 2359 quo
3220 2298 3378 2361 pacto

1790 2388 1983 2444 nudam
2012 2395 2196 2458 postea
2223 2384 2555 2441 divinitatem
2581 2382 2764 2439 videre
2792 2381 3143 2451 potuissent?

1861 2481 1914 2535 7.
1944 2478 2127 2549 Neque
2152 2491 2283 2533 vero
2309 2484 2511 2532 tantum
2539 2476 2641 2530 hoc
2670 2474 2825 2531 nobis
2851 2474 3092 2530 velamen
3125 2472 3254 2528 illud
3278 2471 3380 2529 de-

1790 2573 1985 2644 signat,
2014 2570 2108 2625 sed
2129 2568 2315 2626 eadem
2346 2583 2487 2624 nunc
2514 2566 2716 2624 Judaeis
2738 2567 2876 2623 lecta
2904 2567 3021 2638 lege
3048 2566 3381 2639 contingere,

1791 2682 1910 2741 qute
1939 2676 2046 2719 tum
2095 2664 2207 2718 visa
2253 2661 2448 2733 Moysis
2494 2660 2628 2715 facie
2670 2659 3071 2730 contingebant.
3124 2658 3192 2714 Ut
3235 2659 3391 2717 enim

1792 2757 1943 2817 faciei
1975 2756 2291 2827 legislatoris
2316 2754 2539 2825 gloriam
2588 2769 2694 2809 non
2730 2754 3061 2818 cernebant,
3101 2751 3241 2823 quod
3270 2767 3382 2807 me-

1794 2852 1937 2912 dium
1965 2849 2091 2905 illud
2121 2850 2297 2904 velum
2341 2847 2678 2917 interjeetum
2712 2853 2857 2901 esset
2884 2861 2903 2902 :
2932 2846 3009 2900 sic
3037 2859 3212 2916 neque
3241 2859 3389 2899 nunc

1795 2946 1927 3017 legis
1952 2952 2175 3015 possunt
2202 2943 2425 3014 gloriam
2457 2940 2672 2996 intueri.
2718 2940 2832 2995 Hoc
2854 2954 2984 2995 vero
3003 2939 3171 2995 etiam
3188 2937 3388 2993 adver-.

1795 3054 1887 3094 sus
1915 3038 2192 3093 haereticos
2222 3036 2339 3091 usui
2370 3034 2524 3090 nobis
2544 3042 2655 3091 est.
2686 3033 2819 3088 Nam
2845 3032 2965 3103 quia
2997 3040 3184 3103 putant
3206 3030 3387 3085 erimiq

1796 3130 2067 3185 nationem
2104 3128 2236 3198 legis
2274 3142 2385 3196 prae
2430 3140 2491 3180 se
2528 3124 2667 3181 ferre
2711 3122 3010 3194 quaedicta
3044 3130 3201 3188 sunt,
3244 3120 3390 3174 hunc

1799 3222 1975 3277 locum
2016 3219 2256 3291 epistolae
2294 3226 2611 3287 receperunt
2650 3233 2666 3273 :
2707 3224 2763 3270 et
2804 3230 2925 3270 cum
2966 3215 3134 3284 legem
3188 3213 3391 3268 habere

1796 3314 2040 3369 velamen
2061 3312 2410 3374 audivissent,
2440 3319 2493 3365 et
2521 3307 2785 3371 evacuari,
2814 3305 2956 3377 quod
2987 3306 3129 3360 illam
3157 3304 3387 3358 arbitra-

1799 3418 1982 3463 rentur
2008 3406 2278 3470 accusari,
2324 3404 2503 3459 literas
2541 3402 2926 3463 deseruerunt,
2956 3408 3015 3453 ut
3036 3398 3148 3454 suis
3173 3396 3389 3452 ratioci-

1802 3499 2104 3555 nationibus
2150 3505 2487 3567 caperentur.
2537 3494 2681 3549 Istud
2729 3492 2872 3549 enim
2920 3493 3091 3564 ipsum
3138 3506 3385 3562 magnam

1801 3611 1922 3652 esse
1972 3595 2142 3665 legem
2193 3590 2443 3647 ostendit.
2492 3589 2625 3645 Nam
2673 3588 2810 3642 sicut
2849 3595 2959 3641 tum
3002 3585 3212 3640 crimini
3254 3584 3392 3639 verti

1801 3687 1969 3759 Moysi
2013 3703 2117 3742 non
2152 3693 2358 3755 poterat
2381 3723 2396 3749 ,
2425 3682 2567 3752 quod
2597 3694 2761 3750 super
2796 3678 2984 3734 faciem
3013 3677 3257 3731 velamen
3294 3674 3393 3730 ha—

1802 3784 1973 3846 beret,
2002 3780 2096 3836 sed
2127 3778 2264 3833 illud
2278 3785 2393 3832 erat
2437 3774 2686 3830 iudicium
2714 3770 3039 3826 infirmitatis
3062 3769 3389 3831 Iudaeorum,

1805 3876 1999 3947 Moysis
2025 3888 2153 3930 vero
2185 3872 2300 3926 laus
2338 3867 2606 3932 maxima,
2652 3864 2793 3936 quod
2835 3871 2980 3917 tanta
3016 3861 3183 3931 gloria
3228 3857 3396 3912 facies

1807 3969 1952 4023 illius
1985 3965 2275 4035 refulgeret
2313 3971 2371 4016 ut
2398 3959 2537 4031 apud
2578 3970 2867 4013 conservos
2894 3953 3159 4010 velamine
3184 3950 3394 4020 indige-

1806 4070 1926 4117 ret:
1955 4061 2025 4114 ita
2055 4073 2266 4130 quoque
2307 4055 2407 4125 legi
2445 4051 2659 4108 accidit.
2707 4049 2821 4105 Nisi
2865 4047 3008 4104 enim
3052 4045 3137 4100 lex~
3170 4043 3404 4114 gloriam

1810 4153 2083 4209 habuisset
2100 4151 2444 4212 inaccessam,
2460 4144 2722 4199 velamine
2736 4155 2842 4195 non
2864 4138 3196 4205 indiguisset.
3216 4135 3397 4202 Quans

1808 4246 1881 4301 do
1926 4242 2084 4315 igitur
2122 4255 2339 4296 manere
2367 4238 2611 4293 velamen
2640 4234 2770 4290 dicit
2812 4232 2863 4287 in
2914 4231 3154 4287 lectione.
3186 4229 3401 4285 Veteris

1810 4335 2157 4400 Testameuti,
2181 4331 2556 4387 obscuritatem
2578 4328 2693 4398 ejus
2715 4325 2844 4381 dicit
2871 4342 2886 4380 :
2907 4322 3122 4395 quando
3142 4336 3270 4377 vero
3284 4335 3400 4375 non

1812 4431 2106 4486 revelatum
2157 4427 2285 4484 dicit
2322 4423 2465 4495 quod
2496 4424 2547 4477 in
2590 4422 2803 4477 Christo
2829 4428 3143 4484 evacuatur,
3190 4422 3400 4486 partem

1814 4539 1932 4579 eam
1963 4521 2098 4592 legis
2127 4520 2279 4575 nobis
2327 4516 2556 4581 indicat,
2601 4514 2811 4569 ratione
2856 4510 3012 4580 cujus
3052 4509 3280 4565 obscura
3310 4508 3399 4563 lex

1814 4625 1915 4671 est.
1966 4614 2081 4668 Non
2122 4612 2262 4668 enim
2293 4610 2519 4665 obscura
2549 4621 2674 4678 pars
2703 4621 2765 4660 ea
2791 4605 2925 4675 legis
2954 4602 3054 4657 fuit
3090 4617 3209 4672 qua:
3249 4599 3404 4655 nobis

1816 4708 1883 4763 ad
1914 4709 2073 4763 vitam
2105 4715 2157 4760 et
2177 4702 2643 4760 conversationem
2673 4696 3048 4754 instituendam
3070 4694 3403 4759 conferebat,

1817 4803 2015 4874 alioqui
2056 4799 2324 4869 superflue
2351 4797 2472 4851 data
2512 4794 2701 4849 fuisset
2733 4808 2746 4845 :
2778 4789 2873 4846 sed
2912 4805 2990 4845 ea:
3018 4788 3193 4844 solum
3223 4794 3406 4859 partes

1818 4899 2117 4954 obscurata:
2161 4901 2325 4957 sunt,
2371 4905 2437 4945 ex
2477 4887 2670 4962 quibus
2707 4900 2866 4940 nosse
2910 4892 3216 4954 poteramus
3258 4879 3407 4936 illam

1820 4988 2061 5046 evacuari
2087 5001 2179 5056 per
2202 4983 2491 5039 Christum.
2511 4979 2642 5034 Nam
2670 4985 2724 5031 et
2751 4976 2853 5030 hoc
2872 4991 3005 5046 opus
3026 4983 3108 5029 est
3131 4973 3408 5049 sapientia:

1821 5082 2049 5145 diVilltB,
2081 5078 2250 5148 legem
2284 5075 2350 5128 ah
2398 5073 2512 5142 ipso
2556 5068 2850 5135 introduci,
2890 5065 2980 5138 qui
3008 5067 3074 5122 de
3104 5082 3165 5120 ea
3205 5066 3419 5127 diceret

1822 5176 1955 5241 fore,
1980 5182 2037 5227 ut
2061 5169 2324 5233 Christus,
2351 5182 2469 5220 cum
2496 5163 2722 5229 venerit,
2749 5161 2917 5231 legem
2948 5165 3193 5221 evacuet,
3213 5167 3267 5211 et
3293 5158 3415 5213 fore

1823 5269 1960 5323 utin
2000 5266 2115 5335 ipso
2154 5278 2273 5319 esse
2317 5260 2545 5316 desinat.
2588 5258 2712 5311 lltec
2753 5257 2912 5326 igitur
2948 5254 3059 5323 ipsa
3104 5267 3226 5322 pars
3255 5250 3409 5320 legis,

1824 5377 1945 5434 quze
1987 5360 2157 5431 legem
2208 5359 2259 5411 in
2288 5355 2504 5410 Christo
2533 5352 2661 5407 dicit
2687 5349 2967 5412 evacuari,
3019 5347 3128 5400 sola
3171 5344 3265 5398 fuit
3309 5343 3411 5397 oh-

1825 5470 1980 5511 scura
2012 5468 2026 5506 :
2056 5462 2213 5521 atque
2238 5448 2339 5503 hoc
2364 5446 2538 5517 ipsum
2568 5444 2807 5498 iudicans
2838 5454 3057 5510 magnus
3087 5435 3282 5492 Paulus
3310 5434 3412 5488 ad-

1822 5546 1999 5620 junxit
2020 5545 2221 5610 dicens,
2245 5541 2364 5596 Non
2380 5539 2669 5603 revelatum,
2693 5534 2828 5606 quod
2844 5533 2895 5587 in
2907 5531 3105 5586 Christo
3119 5538 3408 5594 evacuatur,

1896 5708 1913 5740 ⁸
1949 5703 2085 5757 Colb.
2108 5700 2278 5762 habet,
2301 5697 2563 5759 hoccona,
2590 5688 2993 5757 ρωιὶηθῖῑαὺιιυ.
