3696 6278
319 250 426 308 £75

319 367 529 426 Etenim
574 381 643 423 ne
691 364 828 422 forte
874 379 996 420 cum
1045 363 1288 420 audisses
1331 363 1384 418 in
1435 362 1664 418 lectlonc
1693 358 1900 416 Veteris

315 459 643 518 Testamenti
667 471 888 514 matters
913 457 1152 512 velamen
1172 496 1189 522 ,
1236 463 1398 511 totam
1426 454 1592 524 ipsam
1617 452 1901 508 obscuram

316 561 371 608 et
397 550 664 606 obtectam
688 563 810 604 esse
833 548 1168 604 existimares
1187 586 1204 612 ,
1249 545 1385 601 hanc
1425 543 1784 614 suspicionem
1806 540 1903 596 ad-

317 642 518 698 ditione
557 630 809 697 correxit.
843 640 976 695 Cum
1002 638 1142 694 enim
1165 637 1416 704 dixisset,
1455 636 1696 692 velamen
1734 634 1787 690 in
1819 635 1899 690 le—

319 734 501 788 ctione
544 731 752 787 Veteris
800 729 1131 786 Testamenti
1176 744 1430 795 manere,
1481 728 1714 798 adjecit,
1774 725 1900 781 Non

317 827 611 891 revelatum,
641 823 778 896 quod
809 822 861 876 in
882 821 1080 878 Christo
1100 830 1390 876 evacuatur.
1436 820 1548 874 lloc
1575 819 1746 890 ipsum
1764 859 1778 885 ,
1812 819 1897 873 in-

315 917 462 987 quit,
515 915 810 974 revelatum
841 928 948 968 non
997 921 1113 978 est,
1159 912 1301 983 quod
1331 911 1384 966 in
1409 910 1625 966 Christo
1653 919 1737 966 est
1772 925 1896 965 eva-

311 1005 579 1064 cuandum
611 1022 628 1061 :
659 1019 822 1076 porro
866 1004 933 1059 iis
982 1003 1274 1060 revelatum
1327 1017 1434 1057 non
1485 1012 1603 1070 est,
1652 1004 1743 1072 qui
1789 1016 1896 1056 non

312 1098 573 1154 accedunt
596 1096 665 1155 ad
703 1096 864 1154 fidem
893 1113 907 1150 :
938 1096 1117 1167 itaque
1159 1095 1205 1150 is
1233 1097 1322 1166 qui
1352 1096 1417 1150 ad
1457 1096 1616 1150 Iidem
1646 1096 1892 1163 accessit,

311 1200 366 1246 et
395 1193 564 1246 sancti
594 1189 828 1258 Spiritus
852 1187 1076 1257 gratiam
1101 1197 1464 1257 consequutus
1503 1195 1620 1252 est,
1652 1203 1758 1241 non
1781 1187 1894 1256 jam

311 1298 436 1340 cum
474 1282 738 1341 velamine
773 1282 941 1351 legem
979 1281 1252 1348 intuetur,
1299 1279 1392 1335 sed
1420 1280 1616 1335 nudam
1643 1279 1759 1350 ejus
1783 1279 1898 1349 glo.

310 1378 448 1435 riam
475 1385 701 1447 spectat.
757 1376 936 1433 Gloria
964 1375 1093 1446 legis
1119 1384 1236 1442 est,
1280 1383 1338 1430 ut
1363 1375 1560 1430 docere
1600 1375 1766 1446 possit
1791 1375 1895 1430 sei-

310 1487 460 1542 psam
506 1471 561 1530 in
604 1467 816 1526 Christo
861 1470 1146 1534 evacuari,
1192 1478 1252 1525 ut
1301 1469 1402 1524 hoc
1439 1484 1650 1540 quoque
1693 1468 1786 1523 tibi
1825 1469 1896 1524 sit

309 1566 600 1634 cognitum.
651 1560 812 1616 Vides
840 1575 960 1631 qua:
1003 1560 1074 1615 sit
1116 1560 1248 1631 legis
1290 1560 1492 1633 gloria?
1526 1560 1659 1615 Vera
1697 1561 1895 1632 quippe

308 1656 476 1726 gloria
519 1654 638 1724 ejus
669 1662 786 1718 est,
836 1651 1050 1723 quando
1091 1652 1355 1708 instruere
1383 1661 1434 1707 te
1478 1652 1709 1724 potuerit
1746 1662 1800 1708 et
1825 1652 1892 1708 ad

309 1748 582 1811 Christum
599 1746 866 1806 deducere
891 1764 905 1800 :
935 1754 1048 1801 tum
1072 1761 1200 1801 vero
1222 1747 1453 1812 instruit,
1485 1761 1610 1801 cum
1638 1747 1887 1802 evacuari

308 1856 369 1896 se
389 1839 642 1897 ostendit.
673 1839 853 1911 Itaque
884 1839 1007 1894 hinc
1028 1838 1189 1898 etiam
1220 1838 1487 1896 hzereticis
1515 1839 1672 1895 letale
1697 1837 1892 1894 vulnus

309 1933 582 2005 inﬂigitur.
609 1933 744 1997 Nam
771 1933 817 1988 si
845 1931 1113 1987 contraria
1150 1932 1235 1990 lex
1260 1943 1313 1987 et
1347 1931 1651 1987 adversaria
1677 1931 1892 1986 Christo

308 2035 487 2091 esset,
520 2041 621 2081 nec
648 2027 717 2080 ab
759 2025 854 2080 illo
888 2025 1114 2089 tradita,
1157 2040 1264 2081 non
1300 2027 1626 2094 oportuisset
1669 2023 1890 2079 Paulum

306 2118 423 2188 ejus
443 2117 663 2190 gloriam
693 2118 745 2175 id
771 2117 1060 2188 appellare,
1088 2116 1228 2188 quod
1249 2116 1563 2172 accedentes
1585 2114 1654 2171 ad
1682 2131 1740 2171 se
1765 2131 1890 2186 pos-

307 2218 394 2267 set
415 2207 679 2266 instruere
698 2251 712 2275 ,
742 2225 841 2282 per
873 2209 1144 2266 Christum
1175 2210 1343 2281 ipsam
1373 2209 1642 2268 evacuari.
1669 2209 1727 2266 Si
1753 2211 1889 2266 mala

306 2311 451 2364 esset
475 2303 557 2358 lex
580 2319 786 2371 rursus,
812 2317 919 2359 non
941 2303 1267 2373 oportuisset
1281 2303 1522 2359 velamen
1541 2302 1657 2374 ejus
1670 2303 1886 2370 auferri,

305 2393 403 2448 sed
450 2395 594 2450 Illam
639 2395 800 2450 etiam
842 2403 962 2465 post
1005 2394 1232 2465 gratiam
1269 2393 1607 2450 obscuratam
1647 2410 1886 2451 manere.

305 2487 458 2560 Quod
488 2487 538 2548 si
571 2488 674 2544 boc
707 2503 902 2544 munus
927 2497 1012 2544 est
1037 2489 1222 2559 gratia:
1241 2529 1258 2553 ,
1287 2498 1347 2543 ut
1379 2488 1698 2544 accedentes
1727 2488 1792 2544 ad
1829 2504 1890 2545 se

306 2563 728 2653 perspicaciores
753 2581 823 2637 ad
862 2580 1425 2651 comprehendendam
1468 2581 1639 2653 legem
1666 2582 1885 2650 efﬁciat,

305 2675 387 2730 sic
421 2682 479 2729 ut
516 2673 638 2729 inde
666 2672 871 2728 initium
911 2681 967 2729 et
1001 2673 1212 2729 occasio
1236 2673 1461 2729 ducatur
1485 2673 1660 2728 omnis
1683 2673 1804 2729 fidei
1833 2674 1888 2730 in

303 2766 575 2822 Christum
600 2763 916 2820 exhibenda:
945 2781 959 2817 :
987 2765 1254 2834 quodnam
1279 2765 1523 2835 proferre
1550 2766 1724 2837 majus
1760 2781 1886 2836 pos-

303 2865 391 2916 set
411 2856 554 2912 ullus
586 2864 958 2928 argumentum
986 2856 1322 2926 cognationis
1357 2858 1491 2928 legis
1530 2873 1654 2913 cum
1695 2859 1885 2931 gratia,

303 2964 464 3022 quam
483 2965 603 3006 cum
624 2950 810 3006 oculos
833 2948 1079 3005 Christus
1105 2950 1277 3020 aperit
1294 2965 1498 3013 eorum,
1522 2952 1611 3023 qui
1627 2953 1692 3008 ad
1717 2954 1887 3023 ipsum

302 3044 600 3110 accedunt,
639 3051 698 3098 ιιι
729 3042 1115 3098 institutionem
1143 3043 1422 3114 percipere
1460 3044 1594 3116 legis
1637 3047 1884 3116 possint:

302 3133 396 3190 illa
422 3149 551 3190 vero
572 3149 696 3190 cum
729 3134 1068 3204 apparuerit,
1108 3144 1164 3190 et
1200 3135 1339 3192 facta
1380 3136 1539 3194 fuerit
1582 3138 1884 3207 manifesta,

301 3227 499 3304 poterit
533 3227 700 3282 multa
727 3242 848 3282 cum
874 3225 1127 3283 facilitate
1153 3229 1512 3287 transmittere
1532 3230 1674 3297 illos,
1708 3234 1796 3303 qui
1824 3247 1886 3287 ea

302 3333 422 3389 qua
459 3317 655 3374 Christi
698 3325 826 3373 sunt
865 3319 1200 3390 intelligunt?
1245 3319 1370 3377 llaec
1412 3324 1553 3377 enim
1600 3324 1889 3380 ostendunt

302 3423 476 3480 neque
497 3409 765 3465 Christum
793 3423 915 3465 cum
944 3411 1062 3481 lege
1098 3427 1336 3484 pugnare
1353 3453 1371 3478 ,
1416 3429 1590 3484 neque
1615 3430 1736 3470 cum
1757 3415 1885 3472 Jesu

301 3499 473 3569 legem
499 3499 696 3566 bellum
720 3515 908 3570 gerere
925 3542 946 3572 ,
974 3502 1067 3556 sed
1098 3504 1370 3566 contrario
1394 3505 1550 3573 plane
1579 3506 1738 3562 modo
1768 3523 1882 3563 rem

298 3605 363 3652 se
386 3589 582 3646 habere
605 3629 622 3657 ,
651 3606 772 3646 cum
801 3591 890 3647 illa
917 3592 1132 3662 quidem
1169 3594 1235 3648 ad
1263 3611 1506 3666 magnam
1544 3597 1680 3654 hanc
1710 3599 1885 3669 philo-

301 3679 544 3750 sophiam
571 3680 710 3735 viam
749 3690 951 3742 sternat
967 3725 981 3747 ,
1025 3682 1113 3738 hic
1139 3694 1318 3742 autem
1345 3687 1467 3742 inde
1491 3701 1791 3761 assumptus
1817 3692 1885 3747 ad

300 3786 572 3844 summum
617 3772 827 3843 pietatis
870 3775 1078 3829 culmen
1130 3775 1376 3836 adducat.
1431 3778 1536 3834 Pro
1577 3780 1660 3836 his
1707 3792 1885 3839 autem

297 3862 550 3931 omnibus
579 3862 807 3944 benigno
835 3864 943 3920 Deo
969 3867 1166 3936 gratias
1206 3883 1424 3939 agamus
1446 3912 1462 3938 ,
1517 3874 1604 3942 qui
1636 3889 1730 3943 pro
1757 3890 1887 3930 con-

297 3955 538 4014 venienti
589 3965 830 4026 tempore
867 3957 1074 4029 singula
1101 3959 1334 4030 disponit
1356 4003 1372 4028 ,
1404 3964 1672 4036 variisque
1711 3967 1884 4024 modis

298 4050 528 4117 salutem
551 4060 790 4123 nostram
815 4061 1098 4121 procurat,
1125 4062 1182 4109 et
1203 4055 1414 4125 dignam
1447 4057 1610 4126 ipsius
1629 4059 1886 4130 dignitate

299 4158 364 4203 ac
388 4153 533 4201 tanta
561 4143 894 4214 providentia
926 4145 1050 4200 vita:
1094 4147 1353 4203 rationem
1384 4165 1479 4218 pro
1505 4151 1705 4208 viribus
1727 4153 1882 4208 exhi-

299 4235 521 4298 beamus
545 4278 563 4302 ,
607 4245 667 4307 ut
704 4235 880 4296 futura
921 4239 1086 4302 etiam,
1121 4239 1259 4296 bona
1301 4257 1732 4313 consequamur:
1763 4263 1882 4318 quae

299 4328 455 4384 nobis
482 4328 732 4384 omnibus
771 4329 971 4385 utinam
1014 4331 1540 4409 contingant,gratia
1565 4347 1618 4392 et
1643 4338 1882 4409 benigni.

300 4429 410 4473 tate
433 4417 640 4486 Domini
665 4419 831 4473 nostri
854 4418 980 4473 Jesu
1008 4419 1224 4484 Christi,
1259 4405 1357 4491 per
1379 4441 1534 4492 quem
1560 4438 1612 4482 et
1635 4405 1883 4501 cumquo

296 4509 463 4572 Patri,
493 4509 658 4568 simul.
679 4525 797 4564 curn
819 4511 1016 4580 Spiritu
1046 4521 1250 4577 sancto,
1278 4513 1466 4582 gloria,
1494 4516 1681 4586 honor,
1713 4521 1882 4593 impe-.

301 4602 461 4668 rium,
486 4599 547 4671 in,
565 4601 762 4676 saecula
785 4602 1136 4676 saeculorum.
1157 4607 1350 4660 Amen.

295 4797 478 4867 Adhuc
499 4799 553 4853 in
578 4799 927 4865 obscuritatem
967 4799 1151 4859 Veteris
1181 4803 1502 4874 Testammti,
1527 4819 1580 4862 ει
1590 4811 1644 4864 in
1661 4810 1754 4866 Dei
1772 4816 1878 4871 de-

367 4891 628 4956 mentium,
655 4901 701 4946 et
730 4892 867 4965 quod
888 4892 982 4966 alii
1008 4894 1137 4957 alios
1166 4911 1266 4953 non
1311 4898 1520 4971 deheant
1548 4919 1804 4961 accusare.

371 5052 422 5104 l.
462 5050 671 5107 Gaudet
697 5053 912 5123 quidem
957 5054 1233 5124 bubulcus,
1280 5058 1408 5121 dum
1452 5060 1588 5118 bene
1615 5066 1791 5122 valere
1816 5084 1883 5125 ac

296 5151 555 5211 vegetum
577 5157 696 5197 esse
734 5143 878 5198 videt
917 5156 1216 5204 armentum
1256 5165 1411 5212 suum
1440 5170 1454 5206 :
1482 5155 1678 5223 gaudet
1717 5159 1876 5215 etiam

296 5235 549 5302 agricola,
577 5234 705 5306 dum
727 5245 1034 5304 vernantem
1063 5251 1296 5308 segetem
1324 5247 1526 5307 cernit;
1555 5247 1648 5301 sed
1676 5264 1776 5304 nec
1809 5251 1878 5306 ob

297 5335 531 5395 segetem
559 5327 822 5396 agricola,
860 5344 959 5398 nec
1001 5330 1070 5384 ob
1111 5347 1243 5402 suas
1264 5332 1426 5398 boves
1456 5335 1716 5402 bubulcus
1741 5341 1888 5403 adeo,

297 5415 547 5484 gaudent,
580 5427 635 5470 ut
675 5433 772 5486 ego
801 5433 942 5474 nunc
981 5422 1185 5489 gaudeo
1227 5431 1282 5482 et
1321 5426 1549 5499 exsultp,
1593 5429 1718 5504 dum
1764 5434 1882 5501 pul-,

298 5507 482 5562 cbram
511 5505 647 5562 hanc
676 5523 857 5564 aream
899 5511 1260 5582 spiritualibus
1306 5516 1562 5586 repletam
1593 5521 1877 5591 manipulis

298 5613 480 5664 Cerno.
510 5599 642 5656 Cum
667 5603 808 5656 enim
841 5603 891 5657 in
923 5613 1000 5658 tot
1027 5620 1089 5659 ac
1121 5605 1249 5663 tales
1273 5623 1429 5664 aures
1449 5625 1692 5680 sparsum
1712 5615 1872 5672 fuerit

301 5696 525 5765 verbum
542 5697 1072 5787 pietatis,confgstiin
1103 5715 1322 5761 necesse
1350 5714 1460 5781 est,
1483 5717 1542 5779 ut
1563 5709 1796 5790 copiosa:
1813 5725 1872 5782 ac

1025 246 1084 304 S.
1121 243 1404 304 JOANNIS
1437 236 1908 303 CHRYSOSTOMI
1944 237 2261 298 ARCHIEP.
2297 243 2832 309 CONSTANTINOP.

3481 251 3584 312 I76

2005 367 2227 416 maturae
2255 360 2568 419 obedientia:
2595 365 2757 435 spicae
2782 375 3086 424 nascantur.
3112 367 3242 426 Nam
3268 370 3315 429 si
3338 371 3458 442 quis
3469 374 3582 430 sul-

2001 451 2079 506 cis
2099 451 2326 509 f0rtilem
2347 468 2410 509 ac
2429 454 2676 526 pinguem
2704 472 2888 528 agrum
2918 459 3223 530 prociderit,
3243 463 3486 532 quamvis
3500 480 3588 519 se-

2002 541 2144 597 mina
2174 543 2318 614 larga
2344 560 2500 600 manu
2528 562 2631 601 non
2657 547 2867 617 jecerit,
2896 550 3119 606 multum
3142 565 3454 621 proventum
3473 556 3587 611 col-

2000 632 2144 702 liget,
2177 633 2304 689 dum
2342 636 2443 691 loci
2481 647 2666 692 natura
2709 640 2971 695 seminum
3014 643 3261 712 exiguum
3301 659 3582 701 numerum

2001 724 2214 794 propria
2235 726 2428 783 virtute
2457 729 2824 799 multiplicabit
2844 749 2858 786 :
2879 732 2959 787 sic
2978 747 3098 788 cum
3125 735 3178 790 in
3205 735 3413 793 animas
3425 736 3587 794 obse-

2001 827 2224 889 quentes
2249 834 2313 874 ac
2341 819 2551 888 pietatis
2576 821 2762 890 plenas
2789 823 2980 894 aliquis
3003 827 3283 894 sparserit,
3307 827 3434 883 licet
3469 829 3576 885 exi-

1998 924 2100 978 gua
2127 909 2384 965 doctrina:
2403 911 2606 966 semina
2629 913 2838 982 jecerit,
2871 929 3101 971 messem
3129 917 3348 974 uberem
3372 928 3580 986 cernet,

1999 1001 2126 1056 dum
2157 1017 2254 1073 per
2275 1003 2575 1059 auditorum
2604 1007 2916 1076 sapientiam
2951 1011 3341 1069 concionatoris
3371 1024 3580 1085 egestas

1999 1095 2367 1151 occultabitur.
2397 1097 2508 1153 Hoc
2531 1108 2586 1154 et
2611 1099 2663 1154 in
2692 1100 2981 1169 piscatione
3007 1105 3284 1176 contingit.
3326 1107 3580 1176 Quamvis

1998 1189 2138 1242 enim
2169 1189 2462 1259 piscatores
2502 1191 2609 1246 sint
2637 1192 2890 1263 imperiti,
2922 1195 2969 1250 si
2999 1204 3175 1253 tamen
3203 1198 3257 1255 in
3299 1200 3472 1256 sinum
3499 1203 3575 1272 pi-

1997 1281 2177 1336 scibus
2218 1281 2578 1338 abundantem
2619 1285 2750 1340 retia
2791 1285 3054 1354 miserint,
3095 1289 3252 1346 facile
3280 1292 3456 1362 przeda
3483 1309 3578 1364 po-

1998 1372 2222 1440 tiuntur,
2256 1373 2379 1428 dum
2401 1373 2610 1430 illorum
2631 1375 2907 1433 abscondit
2923 1380 3239 1449 imperitiam
3256 1397 3578 1441 concurren-

1999 1464 2126 1518 tium
2155 1466 2375 1535 piscium
2407 1467 2711 1525 multitudo.
2743 1469 2894 1537 Quod
2919 1473 2965 1527 si
2998 1473 3051 1528 in
3082 1473 3167 1529 illa
3197 1486 3413 1546 captura
3441 1480 3579 1534 mul-

1997 1555 2168 1611 titudo
2194 1556 2401 1612 illorum
2422 1559 2511 1629 qui
2532 1560 2776 1630 capiendi
2799 1571 2940 1623 sunt,
2963 1578 3336 1635 saepenumero
3352 1569 3466 1638 ejus
3480 1572 3574 1641 qui

1995 1655 2111 1704 rete
2153 1648 2336 1717 mittit,
2366 1649 2646 1720 imperitia:
2675 1653 2941 1709 defectum
2979 1657 3162 1726 sarcit,
3209 1660 3378 1715 multo
3405 1663 3576 1732 magis

1995 1739 2134 1794 istud
2152 1739 2322 1810 ipsum
2345 1743 2395 1796 in
2419 1742 2517 1798 hac
2535 1744 2791 1814 spirituali
2818 1746 3111 1817 piscatione
3136 1751 3422 1824 continget.
3440 1753 3574 1810 Nam

1994 1831 2071 1886 illi
2095 1834 2307 1903 quidem
2336 1836 2511 1904 pisces
2538 1838 2625 1892 ubi
2655 1853 2839 1895 nassas
2865 1849 2921 1897 et
2945 1840 3134 1898 hamos
3179 1845 3389 1902 immitti
3429 1848 3578 1904 vide-

1994 1925 2118 1988 rint,
2152 1925 2430 1983 confestim
2474 1937 2528 1984 et
2572 1930 2868 2002 aufugiunt,
2900 1943 2955 1989 et
2981 1935 3235 1992 exsiliunt
3270 1957 3284 1993 :
3325 1955 3420 1995 vos
3445 1956 3575 1996 vero

1993 2019 2318 2074 contrarium
2359 2021 2547 2093 agitis:
2571 2038 2692 2080 cum
2729 2037 3034 2099 surgentem
3059 2040 3112 2086 et
3140 2030 3395 2088 doctrinae
3422 2051 3576 2106 sagc~

1994 2125 2116 2164 nam
2143 2112 2386 2168 videritis
2423 2116 2832 2185 expandentem,
2861 2135 2968 2175 non
2992 2122 3164 2177 solum
3192 2139 3296 2180 non
3325 2126 3573 2197 aufugitis

1993 2211 2043 2257 et
2074 2203 2318 2270 exsilitis,
2357 2205 2452 2260 sed
2493 2217 2547 2262 ct
2586 2208 2812 2265 interius
2840 2213 3059 2282 pergitis
3087 2215 3322 2286 undique
3351 2233 3577 2274 concur-

1993 2300 2193 2358 rentes,
2223 2304 2278 2349 et
2304 2296 2603 2364 proximum
2632 2302 2997 2372 unusquisque
3023 2306 3343 2375 protrudens
3367 2323 3428 2362 ac
3454 2325 3576 2379 pre.

1993 2399 2164 2453 mens,
2197 2386 2342 2456 prior
2385 2387 2496 2458 ipse
2534 2388 2738 2447 insilire
2775 2401 2831 2447 et
2875 2393 2928 2449 in
2959 2395 3091 2451 retia
3131 2395 3305 2453 delabi
3334 2399 3571 2456 festinat.

1990 2477 2109 2543 Quo
2137 2476 2331 2532 factum
2359 2489 2464 2546 est,
2491 2489 2549 2536 ut
2573 2497 2857 2555 numquam
2885 2501 3102 2543 vacuam
3127 2503 3374 2561 sagenatn
3397 2503 3577 2548 extra-

1991 2571 2244 2637 xeritnus,
2277 2587 2382 2627 non
2407 2574 2518 2642 jam
2559 2575 2630 2630 ob
2676 2586 2913 2634 nostram
2955 2581 3216 2650 peritiam,
3247 2583 3342 2639 scd
3377 2585 3447 2640 ob
3482 2601 3576 2640 ve-

1989 2670 2154 2716 stram
2201 2663 2565 2734 cupiditatem.
2614 2667 2754 2724 Satis
2805 2670 2983 2742 itaque
3024 2688 3123 2728 nos
3151 2691 3324 2746 nuper
3347 2677 3573 2748 dapibus

1990 2754 2240 2823 explevit,
2265 2772 2384 2827 quze
2415 2758 2637 2827 probato
2665 2775 2906 2832 puroque
2928 2772 3106 2820 manat
3125 2780 3255 2821 auro
3287 2767 3484 2840 lingua,
3516 2780 3573 2824 et

1991 2845 2163 2901 mellis
2202 2845 2375 2903 fontes
2421 2863 2515 2905 ore
2560 2851 2849 2921 profundit,
2901 2854 3098 2926 lingua,
3146 2857 3381 2929 inquam,
3427 2859 3571 2917 beati

1991 2935 2162 3004 Pauli,
2189 2939 2273 2994 vel
2295 2940 2492 3010 potius,
2515 2958 2634 3013 qute
2659 2943 2764 2999 favi
2793 2946 3028 3016 cujusvis
3054 2949 3302 3005 suavitati
3324 2950 3578 3022 spiritua-

1991 3028 2056 3084 lis
2083 3029 2340 3086 doctrinae
2364 3031 2642 3090 dulcedine
2661 3037 2953 3093 antecellit.

2061 3121 2406 3194 C/trysostomt'
2440 3128 2701 3182 modestia.
2736 3127 2916 3184 Prima
2942 3147 3100 3186 causa
3123 3133 3439 3190 obscuritatis
3474 3135 3576 3191 Ve-

1991 3216 2108 3271 teris
2141 3215 2464 3272 Testamentt'.
2484 3248 2556 3258 —
2575 3220 2708 3286 Quia
2737 3237 2865 3277 vero
2903 3238 3002 3293 pro
3043 3240 3106 3280 ea
3150 3241 3270 3296 quae
3294 3241 3392 3282 vos
3416 3228 3576 3283 decet

1992 3307 2348 3378 philosophia,
2386 3324 2455 3364 ne
2483 3311 2586 3365 mei
2614 3310 2831 3381 quidem
2861 3315 3107 3384 pauperis
3132 3325 3187 3370 et
3230 3318 3456 3374 mendici
3483 3334 3579 3374 res

1990 3399 2352 3467 contemnitis,
2374 3402 2469 3456 sed
2485 3417 2545 3458 ea
2562 3404 2776 3473 quidem
2801 3421 2920 3476 qua:
2939 3416 3062 3462 sunt
3081 3409 3274 3464 eximia
3293 3418 3347 3465 et
3364 3425 3574 3465 summa

1992 3493 2282 3560 miramini,
2314 3503 2511 3550 nostra:
2535 3511 2666 3551 vero
2695 3495 3007 3554 humilitatis
3042 3501 3202 3556 verba
3230 3516 3335 3557 non
3375 3503 3579 3573 impro-

1991 3584 2149 3651 batis,
2177 3585 2426 3641 alacriter
2449 3585 2517 3641 ad
2547 3587 2830 3644 dicendum
2857 3591 3083 3658 surrexi,
3129 3601 3187 3647 ut
3213 3593 3447 3649 debitum
3479 3611 3582 3650 vo-

1989 3676 2071 3732 bis
2100 3677 2376 3734 redderem
2401 3679 2542 3749 quod
2569 3696 2737 3750 nuper
2763 3697 2882 3738 sum
2927 3684 3211 3753 pollicitus,
3256 3702 3354 3742 nec
3395 3698 3574 3744 tamen

1991 3769 2242 3840 persolvi,
2271 3771 2396 3826 dum
2425 3771 2724 3842 prolixitate
2751 3775 3008 3831 doctrina:
3029 3779 3276 3847 prohibiti
3301 3795 3485 3837 sumus
3503 3783 3574 3836 ad

1990 3862 2149 3916 finem
2190 3877 2356 3932 usque
2386 3864 2706 3934 pertingere.
2734 3866 3012 3933 Quodnam
3055 3869 3214 3939 igitur
3241 3869 3478 3926 debitum
3505 3873 3577 3926 il-

1991 3952 2081 4007 lud
2103 3953 2232 4007 fuit?
2259 3953 2492 4010 Necesse
2517 3964 2600 4010 est
2623 3957 2788 4022 enirn,
2823 3966 2880 4012 ut
2905 3958 3110 4014 initium
3137 3962 3308 4017 mutui
3335 3963 3485 4019 vobis
3515 3964 3575 4020 in

1988 4048 2302 4103 memoriam
2333 4060 2629 4114 revocetur,
2661 4059 2719 4106 ut
2744 4062 3056 4122 argumento
3085 4053 3203 4125 ipso
3225 4058 3438 4126 cognito
3475 4073 3582 4112 vo-

1989 4141 2070 4195 bis
2093 4141 2362 4196 enarratio
2387 4141 2671 4198 dilncidior
2697 4144 2808 4198 fiat.
2835 4144 3186 4212 Quzesivimus
3212 4155 3322 4202 tum
3365 4158 3580 4220 tempo-

1987 4234 2082 4296 ris,
2113 4249 2215 4305 qua
2253 4235 2320 4290 de
2359 4249 2522 4291 causa
2549 4235 2716 4291 Vetus
2744 4237 3143 4294 Testamentum
3172 4241 3240 4295 sit
3267 4240 3574 4309 obscurius,

1986 4340 2144 4396 quam
2179 4326 2412 4392 Novum;
2443 4326 2666 4383 fortasse
2695 4344 2924 4400 namque
2950 4331 3296 4399 meministis;
3328 4343 3382 4388 et
3407 4350 3576 4391 unam

1987 4419 2244 4473 hactenus
2267 4433 2482 4474 causam
2513 4419 2766 4489 diximus,
2809 4422 3112 4477 auditorum
3159 4425 3574 4492 immanitatem,

1985 4518 2280 4580 testemque
2310 4511 2652 4578 produximus
2671 4513 2892 4568 Paulum
2919 4515 3202 4581 dicentem,
3227 4519 3379 4575 Istud
3399 4518 3575 4586 ipsum

1983 4602 2208 4660 Velamen
2228 4603 2279 4656 in
2308 4603 2519 4658 lectione
2554 4604 2744 4660 Veteris
2771 4605 3076 4661 Testamenti
3105 4620 3270 4662 manet
3294 4625 3394 4662 non
3421 4627 3578 4665 reve-

1985 4697 2160 4759 latum,
2209 4697 2446 4766 quoniam
2475 4698 2528 4750 in
2557 4697 2756 4753 Christo
2785 4710 3059 4753 evacuatur
3103 4701 3178 4773 (Ξ.
3220 4700 3338 4754 Cor.
3361 4703 3412 4756 3.
3448 4703 3575 4772 14).

1984 4787 2338 4858 Ostendimus,
2354 4787 2807 4860 quemadmodum
2826 4794 3065 4848 velamen
3089 4793 3274 4848 habuit
3299 4794 3581 4864 legislator

1983 4880 2212 4951 Moyses,
2245 4881 2316 4935 ita
2341 4897 2552 4952 quoque
2574 4883 2743 4952 legem
2769 4884 3012 4940 velamen
3031 4885 3296 4950 habuisse,
3325 4887 3578 4944 obscuri—

1984 4983 2179 5028 tatem:
2209 4974 2302 5029 sed
2332 4991 2506 5045 neque
2544 4975 2832 5046 legislatori
2863 4977 2991 5031 vitio
3031 4979 3362 5043 vertendum,
3393 4995 3580 5050 neque

1931 5088 1941 5092 ·
1983 5067 2085 5136 legi
2113 5067 2320 5120 crimini
2349 5067 2582 5122 dandum
2609 5067 2706 5122 fuit
2735 5069 2998 5134 velamen,
3028 5070 3122 5125 sed
3152 5071 3450 5126 auditurum
3488 5074 3580 5127 in-

1985 5158 2221 5213 firmitati
2249 5159 2610 5214 tribuendum.
2641 5160 2755 5215 Non
2785 5162 2925 5216 enim
2953 5173 3170 5232 propter
3206 5165 3438 5233 seipsum
3475 5181 3579 5221 γο-

1985 5249 2158 5303 lamen
2191 5248 2373 5304 habuit
2415 5250 2645 5321 Moyses,
2689 5251 2783 5306 scd
2815 5252 2936 5324 quia
2978 5254 3202 5323 gloriam
3241 5257 3421 5309 vultus
3446 5255 3580 5327 ejus

1983 5340 2124 5400 fet-re
2162 5357 2264 5398 non
2311 5351 2574 5412 poterant.
2613 5344 2836 5413 Quando
2861 5346 3002 5401 enim
3029 5362 3088 5402 se
3115 5349 3460 5404 convertebat
3500 5351 3580 5408 ad

1984 5437 2295 5513 Dominum,
2311 5438 2552 5492 velamen
2578 5437 2872 5494 auferebat.
2901 5440 2991 5494 Sic
3015 5442 3176 5496 etiam
3207 5441 3292 5497 lex
3313 5443 3578 5518 quoniam

1983 5528 2217 5588 nondum
2265 5529 2498 5598 perfecta
2539 5529 2857 5586 documenta
2885 5533 3172 5604 multaeque
3210 5534 3581 5605 philosophia

1983 5619 2136 5688 plena
2167 5620 2234 5675 de
2269 5620 2484 5676 Christo
2508 5621 2761 5692 Novoque
2793 5622 3138 5680 Testamento
3167 5627 3444 5695 percipere
3471 5642 3572 5697 pr»

1984 5721 2118 5784 terat
2139 5715 2432 5787 (siquidem
2448 5715 2543 5787 illa.
2556 5716 2758 5788 omnia,
2781 5725 3052 5791 tamquam
3080 5719 3131 5776 in
3154 5717 3407 5789 thesauro
3433 5734 3575 5794 qua
