3738 6274
374 250 478 310 177

370 364 575 434 παλαιᾷ
608 363 842 434 Γραφῇ),
875 362 1026 434 [182]
1055 364 1319 433 κάλυμμα
1366 358 1529 433 εἶχεν,
1573 364 1801 425 ἐκείνοις
1838 360 1937 429 μὲν

368 444 836 513 συγκαταϐαίνων,
863 447 993 515 ἡμῖν
1014 446 1277 515 δὲτηρῶν
1303 444 1393 498 τὸν
1439 445 1663 497 πλοῦτον
1694 443 1940 504 ἅπαντα,

364 524 417 578 ἰν
444 566 461 590 ,
490 528 618 580 ὅταν
654 528 1029 598 παραγένηται
1063 529 1091 579 6
1120 528 1371 601 Χριστὸς,
1403 529 1496 581 καὶ
1532 525 1945 596 ἐπιστρέψωμεν

370 610 507 679 πρὸς
546 610 727 672 αὑτὸν,
767 610 1088 681 περιαιρεθῇ
1121 612 1181 663 τὸ
1214 610 1498 680 κάλυμμα.
1542 611 1736 680 Ὁρᾶτε
1766 608 1945 660 τοίνυν

365 696 447 755 είς
481 694 614 763 ὅσην
645 695 787 762 ἡμᾶς
810 693 962 758 ἀξίαν
990 694 1194 763 ἤγαγεν
1218 696 1250 762 ἡ
1273 692 1365 745 τοῦ
1390 691 1625 763 Χριστοῦ
1646 691 1940 763 παρουσία,

366 778 449 839 εἰς
478 777 577 845 τὴν
606 776 761 842 τάξιν
798 778 1073 844 ἀνάγουσα
1123 776 1420 837 Μωῡσέως.
1470 775 1608 828 Ἀλλ’
1647 776 1775 837 ἴσως
1829 775 1944 844 ἐρεῖ

366 875 484 922 τις·
522 860 629 911 Καὶ
670 860 813 921 τίνος
842 860 1026 912 ἕνεκεν
1068 858 1282 926 ἐλέγετο
1311 858 1433 910 τότε
1457 898 1472 922 ,
1518 860 1566 910 εἰ
1611 858 1685 928 μὴ
1720 856 1942 927 ἔμελλεν

366 942 549 1005 αὐτοῖς
571 941 714 1011 σαφῆ
745 936 883 994 εἶναι
903 941 972 995 τὰ
1000 941 1297 1011 λεγόμενα;
1337 942 1451 994 ’Ἱνα
1473 942 1584 1002 τοῖς
1608 938 1745 1009 μετά
1771 938 1940 992 ταῦτα

365 1026 585 1095 γένηται
604 1027 867 1096 χρήσιμα.
892 1024 1227 1095 Προφητείας
1245 1022 1352 1095 γὰρ
1366 1022 1581 1093 ἀξίωμα
1602 1022 1755 1076 τοῦτό
1771 1024 1960 1086 ἐστιν.»

363 1106 460 1178 οὐχ
487 1110 613 1163 ὅταν
642 1109 710 1162 τὰ
744 1109 982 1177 παρόντα
1013 1106 1317 1177 ἀπαγγείλῃ
1340 1106 1655 1176 πράγματα,
1678 1105 1939 1158 ἀλλ”ὄταν

362 1192 433 1244 τά
468 1191 725 1262 μέλλοντα
746 1191 1207 1261 προαναφωνήσῃ.
1247 1188 1557 1261 Προφητεία
1582 1188 1638 1242 δὲ
1667 1190 1794 1242 ὅταν
1816 1206 1940 1241 συν-

361 1274 738 1344 εσκιασμένως
771 1272 1015 1343 λέγηται,
1050 1272 1189 1342 μετὰ
1219 1271 1318 1341 τὴν
1345 1270 1453 1324 τῶν
1484 1272 1821 1342 πραγμάτων
1843 1270 1937 1324 ἐκ·

362 1356 521 1411 ϐασιν
541 1356 750 1425 γίνεται
778 1356 1106 1426 σαφεστέρα,
1143 1354 1317 1425 πρὸδὲ
1344 1354 1445 1423 τῆς
1472 1355 1748 1419 ἐκϐάσεως
1779 1356 1937 1410 οὐδα-

362 1441 500 1511 μῶς.
530 1442 711 1505 Ὥστε,
730 1440 914 1513 ἐπειδὴ
947 1440 1066 1494 τότε
1095 1440 1191 1510 μὲν
1212 1440 1426 1509 ἐλέγετο
1441 1442 1933 1511 συνεσκιασμένως,

358 1524 545 1595 ἀσαφῆ
574 1521 642 1596 ἦν
660 1542 674 1555 ’
700 1525 787 1578 ὅτε
813 1524 869 1577 δὲ
905 1523 1174 1595 ἐκϐέϐηκε
1209 1522 1279 1576 τά
1316 1524 1634 1594 πράγματα,
1665 1523 1753 1577 διά
1778 1523 1937 1578 τοῦτο

362 1609 670 1679 σαφέστερα
696 1602 764 1679 ἦν
797 1608 867 1661 τὰ
916 1606 1201 1677 λεγόμενα.
1261 1606 1372 1658 Καὶ
1424 1607 1509 1660 ἵνα
1556 1608 1797 1679 μάθητε,
1851 1607 1936 1661 ὃτι

360 1690 664 1761 προφητεία
686 1732 699 1755 ,
760 1690 862 1744 κᾶν
911 1690 1016 1762 πρὸ
1065 1688 1259 1742 πολλοῦ
1309 1689 1529 1761 λέγηται
1585 1690 1677 1748 τοῦ
1721 1690 1935 1761 χρόνου,

365 1772 846 1842 συνεσκιασμένως
899 1772 956 1825 δὲ
1003 1771 1227 1843 λέγηται
1254 1813 1269 1837 ,
1328 1774 1675 1844 ἀσαφεστέρα
1725 1773 1934 1842 γίνεται

357 1857 459 1910 ἀνα
466 1857 700 1927 μένουσα
713 1856 812 1928 τὴν
829 1858 892 1910 ἐκ
907 1855 1012 1909 τῶν
1034 1855 1370 1927 πραγμάτων
1386 1854 1631 1918 ἔκϐασιν,
1644 1857 1736 1909 ἀπ’
1756 1854 1934 1909 αὐτῶν

354 1937 464 1992 τῶν
501 1937 755 2009 μαθητῶν
784 1940 913 2010 ὑμῖν
962 1938 1120 1992 τοῦτο
1163 1940 1372 2009 ποιήσω
1410 1939 1661 2011 φανερόν.
1696 1941 1934 1995 Λύσατε

355 2020 463 2075 τὸν
488 2022 639 2076 ναὸν
674 2022 907 2085 τοῦτον,
956 2025 1067 2085 τοῖς
1110 2022 1382 2086 Ἰουδαίοις
1410 2022 1594 2090 ἔλεγεν
1627 2024 1655 2074 6
1681 2024 1949 2093 Χριστός-

369 2105 584 2176 Ἐπειδὴ
622 2107 728 2175 γάρ
755 2105 942 2158 ἐδίωκε
968 2108 1095 2168 τοὺς
1139 2105 1226 2159 διὰ
1258 2106 1357 2177 τῆς
1398 2106 1700 2176 καπηλείας
1727 2108 1805 2170 εἰς
1843 2107 1933 2159 τὸν

355 2186 482 2241 ναὸν
515 2188 913 2258 ἐνυϐρίζοντας,
945 2189 1409 2257 λέγουσινέκείνοι
1432 2204 1446 2218 ⁸
1472 2190 1533 2242 Τί
1552 2188 1803 2257 σημεῖον
1823 2189 1934 2245 δει-

354 2272 557 2336 κνύεις
574 2270 737 2339 ἡμῖν,
757 2271 843 2324 ὅτι
860 2271 1045 2325 ταῦτα
1063 2271 1250 2337 ποιεῖς
1273 2288 1290 2337 ;
1314 2272 1420 2324 Καὶ
1436 2272 1573 2343 πρὸς
1598 2272 1755 2327 τοῦτο
1777 2290 1928 2344 φησι·

354 2353 595 2407 Λύσατε
632 2354 737 2406 τὸν
766 2354 917 2408 ναὸν
944 2354 1180 2422 τοῦτον,
1226 2355 1326 2408 καί
1367 2355 1437 2408 ὲν
1462 2355 1659 2422 τρισίν
1690 2355 1933 2424 ἡμέραις

352 2435 535 2505 ἐγερῶ
561 2437 766 2493 αὐτόν.
811 2437 1065 2503 Ἐκεῖνος
1084 2438 1152 2491 δὲ
1175 2438 1346 2508 ἔλεγε
1361 2439 1494 2506 περὶ
1519 2439 1625 2493 τοῦ
1658 2440 1807 2495 ναοῦ
1821 2441 1937 2496 τοῦ

351 2520 626 2590 σώματος
655 2521 860 2576 αὐτοῦ.
891 2522 933 2574 Τ
935 2521 1060 2575 οῦτο
1106 2523 1407 2592 προφητεία
1441 2523 1532 2587 τίς
1557 2528 1733 2579 ἐστιν’
1779 2525 1931 2580 οὔπω

352 2603 463 2675 γάρ
482 2601 549 2675 ἦν
569 2605 883 2676 ἐκϐεϐηκὼς
914 2606 943 2658 6
974 2606 1222 2677 σταυρὸς,
1250 2606 1368 2658 οὐδὲ
1406 2609 1440 2676 ὴ
1477 2605 1625 2670 λύσις
1654 2607 1747 2660 τοῦ
1777 2608 1927 2670 ναοῦ,

354 2688 476 2742 οὐδὲ
504 2690 538 2759 ἡ
562 2689 859 2760 τριήμερος
886 2690 1198 2752 ἀνάστασις,
1218 2691 1284 2760 ἥν
1310 2688 1470 2751 αὐτὸς
1498 2691 1790 2761 ἐποιήσατο
1826 2690 1932 2746 Καὶ

352 2770 456 2842 δρα
503 2772 619 2835 πῶς
649 2772 720 2825 τὰ
745 2773 1028 2842 ἀμφότερα
1080 2771 1218 2842 μετὰ
1249 2770 1533 2843 ἀκριϐείας
1566 2771 1800 2842 ᾐνίξατο,
1837 2774 1931 2827 καὶ

352 2853 451 2925 τὴν
471 2854 673 2924 τόλμαν
704 2854 802 2925 τὴν
833 2856 1077 2917 ἐκείνων,
1105 2856 1199 2908 καὶ
1224 2854 1322 2925 τὴν
1347 2853 1552 2907 οἰκείαν
1583 2854 1747 2908 αὐτοῦ
1775 2854 1931 2909 δύνα-

354 2953 469 3006 μιν.
511 2938 647 2990 Ἀλλ’
677 2938 825 3008 ὅμως
852 2939 950 2992 οὐκ
968 2938 1189 3010 ῇδεισαν
1208 2937 1278 2992 τά
1302 2938 1590 3007 λεγόμενα.
1615 2939 1722 2991 Καὶ
1736 2939 1799 2992 τὸ
1827 2939 1927 3008 μὲν

367 3021 649 3085 Ἰουδαίους
693 3022 938 3090 ἀγνοεῖν,
985 3022 1135 3076 οὐδὲν
1178 3022 1514 3093 θαυμαστόν·
1550 3021 1697 3089 λέγει
1739 3022 1816 3088 δέ,
1846 3024 1928 3077 ὅτι

351 3104 473 3158 οὐδὲ
505 3107 554 3158 οί
580 3106 817 3176 μαθηταί
844 3105 1007 3159 αὑτοῦ
1030 3105 1297 3175 συνῆκαν,
1328 3105 1430 3167 ἕως
1459 3104 1660 3169 ἀνέστη
1704 3106 1768 3157 ἐκ
1818 3105 1927 3158 τῶν

350 3188 561 3258 νεκρῶν
582 3206 596 3221 ο
637 3189 747 3243 Καὶ
773 3189 894 3242 τότε
931 3188 1306 3243 ἐπίστευσαν
1330 3187 1403 3257 τῇ
1432 3187 1665 3258 Γραφῇ,
1715 3188 1813 3243 καὶ
1848 3187 1928 3254 τῷ

349 3273 531 3341 λόγῳ,
569 3264 805 3338 ᾦεῖπεν
830 3274 863 3326 ὁ
896 3272 1154 3339 Ἰησοῦς.
1428 3262 1429 3267 “
1554 3262 1559 3267 ’

424 3396 488 3464 β’.
541 3395 700 3466 Ὁρᾷς
732 3396 814 3448 ὅτι
848 3396 1146 3466 ἐδεήθησαν
1183 3396 1282 3465 τῆς
1317 3394 1405 3448 διὰ
1435 3394 1544 3450 τῶν
1586 3396 1925 3467 πραγμάτων

351 3478 649 3542 ἐκϐάσεως,
685 3479 772 3533 ἵνα
814 3480 1119 3551 σαφεστέρα
1154 3479 1377 3550 γένηται
1411 3481 1444 3550 ἡ
1478 3480 1802 3549 προφητεία,
1831 3482 1924 3534 καὶ

350 3562 434 3615 ὅτι
471 3559 719 3631 ἔγκλημα
743 3562 842 3613 οὐκ
875 3558 1017 3632 εἶχον
1059 3563 1107 3614 οί
1151 3562 1389 3615 Ἰουδαῖοι
1424 3562 1499 3632 μὴ
1529 3564 1801 3627 συνιέντες
1826 3563 1924 3627 τὰς

351 3642 686 3713 προφητείας
728 3642 937 3706 ἐκείνας
981 3644 1077 3707 τὰς
1118 3645 1245 3714 περὶ
1279 3642 1512 3714 Χριστοῦ
1548 3644 1653 3716 πρὸ
1688 3645 1786 3714 τῆς
1828 3646 1922 3698 τοῦ

350 3723 587 3795 Χριστοῦ
615 3726 939 3795 παρουσίας;
974 3727 1051 3796 Τῇ
1083 3725 1189 3798 γάρ
1224 3726 1493 3796 παρουσίᾳ
1520 3724 1673 3795 δῆλαι
1703 3726 1923 3797 ἔμελλον

352 3805 599 3875 γίνεσθαι
632 3808 726 3860 καὶ
779 3809 990 3877 σαφεῖς.
1030 3809 1293 3860 ’Ἄκουσον
1328 3807 1491 3860 αὑτοῦ
1534 3807 1629 3861 τοῦ
1684 3808 1920 3879 Χριστοῦ

349 3887 595 3957 λέγοντος
611 3907 625 3920 ·
656 3891 722 3943 El
749 3889 834 3959 μὴ
859 3887 1066 3960 ἦλθον.
1091 3888 1189 3943 καί
1208 3887 1484 3957 ἐλάλησα
1504 3890 1724 3957 αὐτοῖς,
1742 3892 1923 3960 ἀμαρ-

348 3973 486 4027 τίαν
511 3975 621 4027 οὐκ
661 3969 846 4043 εἶχον.
891 3975 989 4028 Διά
1025 3975 1078 4027 τί
1126 3975 1223 4027 οὐκ
1256 3970 1397 4043 εῐχον
1438 3974 1741 4046 ἁμαρτίαν,
1788 3978 1836 4029 εί
1865 3978 1920 4029 αί

352 4060 676 4128 προφητεῖαι
708 4060 997 4130 προέλεγω
1018 4076 1031 4125 ;
1052 4061 1175 4114 Ὅτι
1202 4060 1492 4131 προέλεγον
1518 4060 1636 4130 μὲν,
1665 4062 1765 4114 οὐκ
1783 4057 1921 4131 ἦσαν

348 4139 407 4193 δὲ
440 4144 648 4210 σαφεῖς,
683 4142 801 4196 οὐδὲ
846 4143 1000 4215 δῆλαι
1044 4142 1151 4214 πρὸ
1181 4143 1279 4213 τῆς
1312 4144 1613 4214 παρουσίας
1651 4143 1742 4197 τοῦ
1795 4162 1923 4215 προ-

349 4224 661 4295 λεγομένου.
697 4228 757 4279 Εί
792 4227 899 4297 γάρ
943 4227 1038 4279 καί
1062 4228 1180 4279 τότε
1215 4229 1404 4295 σαφεῖς
1441 4223 1581 4297 ἦσαν
1614 4230 1795 4292 αὐτοῖς
1827 4229 1921 4283 καὶ

346 4307 525 4379 δῆλαι,
560 4309 717 4379 δῆλον
743 4311 825 4362 ὅτι
864 4310 957 4363 καὶ
979 4310 1083 4380 πρὸ
1101 4310 1198 4378 τῆς
1230 4310 1528 4381 παρουσίας
1552 4311 1715 4364 αὑτοῦ
1741 4314 1919 4383 ἀμαρ-

348 4390 470 4443 τίαν
490 4386 663 4460 εἶχον·
705 4394 753 4443 εί
782 4392 839 4443 δέ
862 4391 1135 4462 ἁμαρτίαν
1163 4393 1262 4444 οὐκ
1290 4388 1453 4460 εἶχον,
1482 4390 1702 4460 εὔδηλον
1722 4394 1803 4445 ὅτι
1830 4393 1918 4447 διὰ

346 4470 444 4543 τὴν
459 4474 723 4541 ἀσάφειαν
744 4474 919 4526 αὐτῶν
936 4475 1027 4527 καί
1040 4474 1108 4526 v:6
1135 4474 1510 4527 συνεσκιάσθαι
1536 4474 1604 4527 τὰ
1629 4475 1913 4545 λεγόμενα.

347 4554 485 4609 Οὐδὲ
514 4556 621 4627 γάρ
647 4555 952 4628 ἀπῃτοῦντο
978 4556 1075 4629 τὴν
1100 4560 1177 4621 είς
1203 4558 1290 4610 τὸν
1318 4558 1550 4629 Χριστὸν
1584 4558 1762 4611 πίστιν
1812 4560 1916 4629 πρὸ

346 4637 448 4710 τῆς
485 4638 577 4691 τοῦ
608 4641 841 4709 Χριστοῦ
890 4642 1205 4711 παρουσίας.
1244 4643 1396 4705 Τίνος
1428 4636 1519 4695 οῦν
1561 4641 1745 4694 ἕνεκεν
1786 4660 1918 4713 προ-

348 4722 565 4791 ελέγετο
592 4724 745 4788 τότε;
776 4726 889 4786 ”Ιν’,
921 4726 1048 4779 ὅταν
1084 4726 1479 4798 παραγένηται,
1517 4724 1727 4777 οἴκοθεν
1753 4724 1916 4795 ἔχωσι

347 4808 471 4869 τοὺς
497 4806 845 4871 διδασκάλους
864 4810 1154 4877 ἐνάγοντας
1170 4808 1319 4881 [185]
1338 4808 1554 4875 αὐτοὺς,
1584 4811 1680 4861 καὶ
1705 4808 1916 4861 εἰδῶσιν

347 4890 428 4942 ὅτι
472 4892 534 4943 οὐ
582 4893 899 4962 καινοτομία
947 4893 1013 4946 τά
1062 4895 1338 4964 γινόμενα,
1381 4893 1501 4946 οὐδὲ
1545 4892 1914 4965 πρόσφατοςη

346 4973 622 5042 οἰκονομία
642 5014 656 5037 ,
689 4975 799 5027 ἀλλ’
831 4975 1035 5028 ἄνωθεν
1066 4975 1234 5029 ταῦτα
1264 4976 1357 5028 καὶ
1385 4975 1489 5046 πρὸ
1522 4974 1728 5029 πολλῶν
1780 4993 1915 5046 προ-

347 5055 739 5124 ανεκηρύττετο
770 5057 1001 5127 χρόνων·
1033 5058 1091 5110 ού
1132 5059 1325 5128 μικρὸν
1352 5058 1408 5110 δὲ
1436 5056 1685 5120 τοῦτοείς
1705 5058 1765 5110 τὸ
1792 5059 1914 5111 ἐπι-

348 5136 653 5189 σπάσασθαι
680 5138 813 5208 πρὸς
836 5140 932 5207 τὴν
959 5140 1138 5193 πίστιν
1162 5140 1374 5202 αὐτούς.
1397 5140 1511 5193 Μία
1536 5140 1635 5209 μὲν
1666 5136 1756 5193 οὖν
1774 5140 1912 5213 αῦτη

345 5219 441 5288 τῆς
457 5219 719 5287 ἀσαφείας
740 5223 906 5285 αἰτία,
931 5222 997 5293 ἢν
1022 5225 1113 5276 καὶ
1151 5223 1239 5276 διά
1262 5222 1519 5275 πλειόνων
1549 5223 1911 5294 ἀπεδείξαμεν

348 5303 657 5374 μαρτυριῶν
696 5305 753 5357 ἐν
778 5308 839 5374 τῇ
872 5305 1110 5377 προτέρα
1139 5305 1388 5371 διαλέξει.
1405 5306 1496 5358 Ἴν’
1522 5300 1613 5358 οῦν
1646 5306 1718 5377 μὴ
1749 5308 1909 5361 πάλιν

344 5386 489 5457 ὑμᾶς
538 5389 838 5459 ἐνοχλῶμεν
881 5390 949 5442 τά
992 5390 1129 5443 αὐτὰ
1170 5389 1437 5458 λέγοντες,
1469 5391 1760 5456 ἀναγκαῖον
1809 5384 1917 5462 μὲν

341 5470 546 5540 ταύτης
586 5473 921 5542 ἀποστῆναι,
964 5473 1152 5543 ἑτέραν
1174 5474 1230 5525 δέ
1261 5476 1433 5526 εἰπεῖν
1468 5474 1564 5544 τὴν
1597 5475 1694 5527 οὐκ
1720 5477 1903 5549 ἀσαφῆ

342 5551 437 5602 καὶ
461 5550 753 5619 ἄγνωστον,
790 5552 928 5608 ἀλλά
949 5554 1351 5626 δυσκολωτέραν
1374 5558 1504 5626 ἡμῖν
1531 5555 1788 5610 ποιοῦσαν
1807 5558 1904 5627 τὴν

341 5631 581 5687 Παλαιὰν
632 5638 923 5710 Διαθήκην.
986 5640 1144 5693 ’Λλλο
1194 5643 1301 5712 γάρ
1365 5642 1477 5696 ἐστι
1541 5640 1704 5712 μηδὲν
1765 5642 1903 5705 ὅλως

342 5712 536 5772 είδένας
566 5717 672 5775 τῶν
702 5721 1065 5795 ἐγκειμένων,
1106 5724 1197 5781 καὶ
1227 5727 1359 5797 ὁρᾷν
1401 5725 1662 5799 κάλυμμα
1688 5724 1895 5779 ἐπικεί-

1082 247 1142 303 δ.
1181 246 1464 302 JOANXIS
1501 237 1996 300 CHRYSOSTOMI
2032 239 2352 303 ARCHIEP.
2393 246 2940 305 CONSTANTINOP.

3508 249 3631 305 i782

2052 375 2228 428 μενον,
2261 363 2389 417 ἀλλο
2419 365 2477 418 δὲ
2504 366 2684 437 εὑρεῖν
2714 365 2813 437 μὲν
2837 365 2908 418 τά
2929 363 3217 435 λεγόμενα,
3260 361 3400 434 μιτά
3446 363 3618 418 πόνου

2044 447 2101 501 δὲ
2132 450 2331 519 εὑρεῖν.

2114 537 2211 600 Τίς
2239 535 2331 593 οὖν
2352 542 2499 593 ἐστιν
2528 542 2561 611 ἡ
2583 541 2811 605 δευτέρα
2837 540 3007 607 αίτία,
3039 540 3107 594 δι’
3133 542 3202 611 ἢν
3234 540 3623 611 δυσκολωτέρα

2044 624 2076 693 ἠ
2105 624 2314 679 Παλαιὰ
2339 627 2582 698 Διαθήκη
2606 627 2705 697 τῆς
2725 627 2867 691 Νέας
2891 628 3038 681 ἐστίν
3061 644 3077 694 ;
3101 628 3237 698 Οὐχὶ
3265 631 3332 699 τῇ
3365 627 3629 699 ἐγχωρίῳ

2041 715 2190 783 φωνῇ
2222 713 2416 785 ἔχομεν
2463 716 2562 785 τὴν
2600 717 2841 771 Παλαιὰν
2884 715 3156 786 Διαθήκην
3185 718 3314 787 παρ’
3340 717 3471 786 ἡμῖν
3518 734 3621 782 1's-

2040 803 2365 873 γραμμένην
2384 820 2397 835 ο
2430 803 2544 857 ἀλλ’
2572 805 2739 876 ἐτέρᾳ
2769 805 2867 875 μὲν
2896 803 3152 876 συνετέθη
3179 804 3416 876 γλώττῃ,
3449 805 3623 875 ἑτέρᾳ

2038 891 2095 944 δὲ
2147 891 2341 962 ἔχομεν
2389 892 2556 963 αὐτὴν
2604 892 3119 963 ἀναγινωσκομένην
3160 895 3339 964 ἡμεῖς.
3388 894 3469 964 Τῇ
3502 891 3627 963 γάρ

2051 978 2316 1051 Ἐϐραίων
2349 983 2497 1051 φωνῇ
2530 983 2679 1052 παρὰ
2708 980 2808 1051 τὴν
2861 981 3034 1052 ἀρχὴν
3081 981 3416 1051 συνεγράφη,
3451 982 3625 1050 ἡμεῖς

2036 1067 2094 1121 δέ
2121 1069 2289 1141 αὐτὴν
2324 1073 2388 1141 τῇ
2427 1069 2690 1140 Ἑλλήνων
2724 1068 3099 1141 παρελάϐομεν
3128 1068 3368 1140 γλώττῃ*
3404 1070 3532 1121 ὅταν
3553 1068 3625 1121 δὲ

2037 1155 2249 1223 γλῶττα
2284 1158 2592 1230 ἐρμηνευθῇ
2623 1160 2701 1221 είς
2727 1158 2918 1229 ἐτέραν
2945 1155 3211 1225 γλῶτταν,
3248 1153 3445 1226 πολλὴν
3496 1154 3617 1224 ἔχει

2035 1245 2134 1317 τὴν
2164 1245 2476 1299 δυσκολίαν.
2507 1247 2617 1299 Καὶ
2674 1245 2853 1299 ίσασιν
2909 1243 3186 1315 ἀκριϐῶς,
3240 1244 3355 1297 ὅσοι
3400 1242 3639 1295 πολλῶν

2034 1333 2292 1403 γλωσσῶν
2317 1335 2452 1388 είσιν
2489 1332 2763 1405 ἔμπειροι,
2798 1332 2915 1396 πῶς
2942 1332 3003 1386 ού
3030 1331 3249 1385 δυνατὸν
3293 1331 3471 1384 πᾶσαν
3510 1329 3618 1401 τὴν

2035 1423 2332 1494 σαφήνειαν
2368 1425 2467 1494 τῆς
2502 1422 2683 1494 φωνῆς
2722 1423 2821 1493 τῆς
2852 1424 2911 1475 ἐν
2939 1423 3004 1493 τῇ
3035 1419 3210 1489 οἰκείᾳ
3238 1418 3395 1489 φύσει
3420 1420 3615 1490 κειμέ-

2032 1528 2129 1581 νης
2154 1514 2497 1582 μετενεγκεῖν
2517 1513 2596 1576 είς
2620 1510 2716 1583 τὴν
2745 1509 2936 1582 ἐτέραν
2975 1507 3401 1579 μεταϐάλλοντας
3441 1507 3614 1577 γλῶσ-

2034 1617 2153 1655 σαν.
2178 1600 2348 1654 Τοῦτο
2368 1597 2459 1654 οὖν
2477 1600 2647 1655 αἴτιον
2666 1601 2766 1670 τῆς
2790 1596 3072 1661 δυσκολίας
3099 1596 3193 1667 τῆς
3214 1598 3269 1649 ἐν
3302 1599 3366 1667 τῇ
3399 1595 3612 1665 Παλαιᾷ.

2030 1690 2272 1763 Διαθήκῃ
2290 1689 2618 1762 γέγονε.Πρὸ
2638 1688 2745 1760 γάρ
2759 1685 3081 1758 τριακοσίων
3096 1683 3231 1736 ἐτῶν
3251 1683 3348 1753 τῆς
3367 1684 3457 1736 τοῦ
3473 1685 3518 1736 Χ
3524 1702 3613 1755 ρι-

2032 1777 2157 1833 στοῦ
2187 1779 2509 1849 παρουσίας,
2545 1778 2638 1830 ἐπὶ
2678 1774 3012 1845 Πτολεμαίου
3065 1772 3159 1826 τοῦ
3201 1770 3460 1840 βασιλέως
3496 1772 3610 1826 τῶν

2027 1866 2365 1934 Αίγυπτίων,
2398 1865 2533 1937 πρὸς
2560 1866 2658 1936 τὴν
2698 1864 2921 1917 Ἐλλάδα
2955 1861 3254 1933 μετηνέχθη
3288 1862 3537 1931 γλῶσσαν
3570 1863 3613 1933 ἡ

2030 1954 2243 2009 Παλαιά
2286 1954 2552 2026 Διαθήκη,
2594 1954 2878 2026 χρησίμως
2918 1952 3119 2023 σφόδρα
3146 1950 3239 2004 καὶ
3273 1950 3600 2019 ἀναγκαίως.

2031 2045 2178 2109 Ἕως
2226 2045 2327 2115 μὲν
2366 2043 2475 2115 γὰρ
2527 2044 2608 2097 ἐν).
2656 2043 2798 2096 ἔθνει
2845 2042 2953 2095 τῶν
3001 2040 3270 2094 Ἰουδαίων
3308 2039 3605 2107 διελέγετο,

2028 2130 2218 2202 ἔμενεν
2246 2132 2306 2184 ἐν
2332 2134 2399 2203 τῇ
2431 2130 2669 2201 Ἐϐραΐδι
2702 2132 2875 2202 φωνῇ.
2896 2127 3083 2196 Οὐδεὶς
3101 2128 3208 2199 γάρ
3237 2128 3359 2182 τότε
3378 2127 3603 2198 ἔμελλεν

2028 2223 2165 2293 αὐτῇ
2220 2221 2509 2292 προσέχειν
2530 2260 2545 2283 ,
2589 2219 2683 2273 τοῦ
2727 2218 2916 2273 λοιποῦ
2943 2216 3052 2271 τῶν
3081 2216 3384 2289 ἀνθρώπων
3411 2217 3603 2286 γένους

2029 2312 2108 2372 εἰς
2128 2309 2417 2382 θηριωδίαν
2440 2308 2675 2380 ἐσχάτην
2701 2306 3041 2377 ἐληλακότος.
3075 2303 3290 2376 Ἐπειδὴ
3306 2304 3364 2357 δέ
3376 2303 3603 2373 ἔμελλεν

2026 2403 2055 2454 6
2082 2402 2315 2472 Χριστὸς
2346 2397 2765 2471 παραγίνεσθαι,
2813 2398 2907 2450 καὶ
2934 2397 3032 2467 τὴν
3066 2396 3388 2467 οἰκουμένην
3417 2397 3602 2448 πᾶσαν

2028 2493 2164 2563 πρὸς
2199 2490 2390 2544 ἐαυτὸν
2423 2490 2628 2553 καλεῖν,
2662 2487 2782 2558 οὐχί
2806 2488 2893 2541 διά
2930 2488 3038 2539 τῶν
3063 2486 3374 2540 ἀποστόλων
3414 2485 3595 2557 μόνον,

2028 2570 2163 2631 ἀλλά
2201 2579 2293 2632 καὶ
2325 2576 2411 2630 διὰ
2441 2576 2550 2629 τῶν
2573 2575 2866 2647 προφητῶν
2902 2574 3015 2646 (καὶ
3041 2573 3150 2645 γάρ
3182 2575 3422 2628 κάκεῖνοι
3462 2573 3598 2644 πρὸς

2026 2665 2123 2739 τὴν
2162 2666 2342 2718 πίστιν
2364 2665 2509 2735 ἡμᾶς
2536 2661 2930 2734 χειραγωγοῦσι
2959 2661 3057 2731 τῆς
3080 2660 3174 2714 τοῦ
3200 2659 3433 2731 Χριστοῦ
3452 2659 3599 2729 γνώ-

2030 2756 2209 2828 σεως),
2238 2754 2538 2828 τηνικαῦτα
2561 2753 2743 2807 λοιπὸν
2765 2752 3003 2825 ὡσπερεί
3024 2769 3172 2817 τινας
3190 2761 3216 2791 α
3247 2751 3481 2814 εἰσόδους
3502 2751 3599 2804 κα)⁸

2025 2844 2176 2908 ὁδοὺς
2200 2844 2297 2906 τάς
2324 2843 2680 2914 προφητείας,
2711 2841 2969 2913 πρότερον
2999 2840 3498 2909 ἀποκεκλεισμένας
3524 2842 3594 2910 τῇ

2025 2936 2126 3006 τῆς
2180 2933 2426 3005 γλώττης
2479 2933 2747 3005 ἀσαφείᾳ,
2797 2931 3059 3007 πάντοθεν
3116 2931 3396 3001 ἀνοιγῆναι
3456 2948 3597 3002 παρ-

2027 3024 2290 3079 εσκεύασε
2335 3024 2422 3076 διὰ
2456 3024 2555 3092 τῆς
2587 3022 2901 3094 ἑρμηνείας,
2930 3022 3015 3075 ἵνα
3067 3022 3264 3084 πάντες
3301 3023 3350 3075 οί
3380 3022 3444 3073 ἐκ
3486 3019 3598 3075 τῶν

2024 3114 2195 3167 ἐθνῶν
2226 3113 2559 3183 πανταχόθεν
2588 3111 2923 3184 συρρέοντες,
2972 3110 3067 3165 καὶ⁵
3096 3110 3235 3181 μετά
3265 3109 3462 3179 πολλῆς
3492 3109 3593 3180 τῆς

2024 3204 2272 3268 εὐκολίας
2299 3204 2503 3267 ταύτας
2529 3201 2802 3264 ὁδεύοντες
2840 3201 2939 3264 τὰς
2968 3201 3121 3263 ὁδοὺς
3147 3239 3162 3263 ,
3201 3200 3269 3255 δι’
3295 3200 3473 3267 αὐτῶν
3500 3199 3599 3253 δυσ-λ

1928 3346 1931 3349 λ
2023 3296 2228 3367 νηθῶσι
2253 3296 2389 3366 πρὸς
2421 3295 2512 3347 τὸν
2544 3292 2763 3364 βασιλέα
2790 3292 2899 3345 τῶν
2926 3292 3223 3361 προφητῶν
3256 3290 3451 3355 ἐλθεῖν,
3495 3290 3599 3345 καὶ

2024 3383 2399 3454 προσκυνῆσαι
2430 3379 2508 3451 τῷ
2538 3381 2817 3451 μονογενεῖ
2842 3377 2939 3432 τοῦ
2960 3379 3098 3433 Θεοῦ
3130 3378 3263 3449 Υίῷ.
3299 3378 3398 3432 Διά
3431 3377 3605 3433 τοῦτο.

2022 3472 2129 3542 πρό
2144 3488 2208 3540 γε
2235 3471 2330 3524 τοῦ
2354 3469 2549 3542 χρόνου
2574 3468 2676 3538 τῆς
2708 3467 3012 3539 παρουσίας
3035 3467 3129 3521 τοῦ
3154 3468 3387 3537 Χριστοῦ
3409 3468 3598 3538 ἡρμη-

2021 3558 2289 3629 νεύθησαν
2337 3557 2580 3611 ἅπασαι·
2615 3556 2737 3609 ἐπεὶ
2792 3558 2839 3609 εί
2887 3554 3078 3626 ἔμενον
3126 3556 3185 3607 ἐν
3226 3558 3294 3626 τῇ
3349 3554 3594 3626 Ἐϐραΐδι

2020 3648 2284 3719 διαλέκτῳ
2328 3647 2485 3717 μόνον
2515 3685 2529 3711 ,
2562 3644 2713 3714 ἔλεγε
2770 3644 2828 3697 δὲ
2854 3644 2883 3696 6
2928 3642 3090 3699 Δαυῖδ
3117 3683 3133 3707 ,
3159 3645 3409 3712 Αιτησαι
3450 3647 3592 3714 παρ’

2019 3731 2188 3805 ἐμοῦ,
2231 3734 2327 3789 καί
2361 3733 2530 3787 δώσω
2565 3746 2665 3785 σοι
2698 3732 2841 3800 ἔθνη
2875 3732 2990 3801 τὴν
3014 3731 3416 3800 κληρονομίαν
3445 3745 3591 3795 σου,

2021 3824 2119 3878 καὶ
2136 3823 2252 3892 τὴν
2269 3821 2601 3892 κατάσχεσί
2602 3838 2639 3876 ν
2654 3836 2769 3876 σου
2797 3820 2868 3874 τὰ
2884 3819 3109 3888 πέρατα
3128 3820 3237 3888 τῆς
3264 3817 3395 3889 τῆς,
3420 3818 3605 3874 πόθεν

1988 3912 2239 3985 κέμελλεν
2268 3912 2461 3967 εἰδέναι
2498 3910 2558 3964 τὸ
2591 3910 2877 3982 λεγόμενον
2908 3912 2936 3963 6
2964 3909 3153 3980 Σύρος,
3189 3910 3223 3980 ἢ
3252 3910 3281 3961 6
3306 3910 3552 3984 Γαλάτης
3570 3954 3589 3978 ,

2018 4001 2052 4072 ἢ
2080 4004 2109 4056 6
2134 3998 2417 4063 Μακεδὼν,
2438 3998 2471 4067 ἢ
2497 3998 2526 4050 6
2562 3997 2858 4068 Ἀθηναῖος,
2878 3997 2935 4050 ἐν
2952 3997 3185 4070 ἀσαφείᾳ
3211 3999 3473 4069 μενούσης
3489 4002 3603 4072 τῆς

2018 4090 2271 4162 Γραφῆς;
2316 4090 2487 4144 Πάλιν
2514 4090 2541 4142 6
2577 4086 2804 4148 Ἡσαΐας
2843 4086 2991 4139 ἐϐόα’
3036 4085 3131 4153 Ὠς
3168 4089 3461 4162 πρόϐατον
3485 4088 3591 4143 ἐπὶ

2018 4160 2266 4249 σφαγὴν
2294 4177 2471 4248 ἤχθη,
2528 4173 2677 4248 [184]
2720 4173 2818 4229 καί
2842 4174 2922 4240 ὡς
2950 4168 3138 4244 ἀμνὸς
3172 4160 3449 4230 ἐναντίον
3478 4177 3603 4231 τοῦ

2016 4269 2321 4334 κείροντος
2360 4264 2546 4321 αὐτὸν
2586 4262 2842 4333 ἄφωνος.
2896 4263 3007 4316 Καὶ
3060 4262 3251 4317 πάλινο
3300 4264 3509 4318 Ἔσται
3548 4268 3587 4335 ὴ

2008 4354 2144 4424 ῥίζα
2168 4356 2275 4410 τοῦ
2304 4352 2543 4415 Ἰεσσαί,
2564 4351 2660 4405 καί
2681 4355 2713 4406 d
2728 4352 3127 4422 ἀνιστάμενος
3147 4351 3353 4420 ἄρχειν
3370 4350 3583 4407 ἐθνῶν-ο

2016 4443 2109 4495 ἐπ’
2134 4441 2293 4506 αὐτῷ
2320 4441 2463 4508 ἔθνη
2484 4440 2782 4494 ἐλπιοῦσι.
2808 4438 2911 4493 Καὶ
2939 4439 3099 4494 πάλιν
3121 4456 3135 4472 ο
3165 4439 3603 4509 Πλησθήσεταιν

2015 4529 2055 4596 ἡ
2076 4527 2148 4597 τῆ
2176 4529 2283 4583 τοῦ
2312 4527 2530 4599 γνῶναι
2558 4528 2666 4581 τὸν
2690 4529 2926 4597 Κύριον,
2942 4528 3024 4594 ὠς
3050 4527 3204 4595 ὕδωρ
3222 4528 3379 4582 πολὺ
3406 4545 3588 4582 καττι-

2016 4619 2284 4685 καλύψαι
2323 4615 2658 4681 θαλάσσας.
2707 4617 2816 4668 Καὶ
2858 4617 2886 4668 6
2932 4614 3094 4669 Δαυτδ
3137 4615 3300 4668 πάλιν
3346 4615 3532 4685 ἔλεγεν
3564 4633 3581 4648 ο

2031 4706 2224 4773 Ἀνέϐη
2284 4709 2317 4759 δ
2368 4705 2511 4770 Θεὸς
2555 4706 2624 4758 ἐν
2659 4702 3005 4774 ἀλαλαγμῷ,
3044 4705 3258 4772 Κύριος
3293 4704 3363 4758 ἐν
3411 4704 3585 4773 φωνεῖ

2014 4793 2347 4864 σάλπιγγος
2364 4813 2377 4826 ο
2416 4794 2508 4847 καὶ
2532 4794 2693 4846 πάλιν
2716 4809 2729 4822 ·
2762 4788 2946 4846 Εἶπεν
2976 4794 3010 4845 ὀ
3050 4793 3262 4859 Κύριος
3285 4791 3364 4857 τῷ
3387 4795 3586 4861 Κυρίῳ

2008 4901 2127 4953 μου
2145 4902 2158 4915 ’
2177 4884 2374 4939 Κάθου
2402 4884 2470 4937 ἐκ
2496 4881 2708 4947 δεξιῶν
2721 4900 2859 4952 μου,
2876 4881 2985 4946 ἕως
2999 4884 3156 4938 ἂνθῶ
3171 4880 3314 4946 τοὺς
3330 4882 3585 4951 ἐχθρούς

2011 4989 2128 5027 σου
2167 4973 2497 5029 ὑποπόδιον
2521 4970 2638 5024 τῶν
2660 4969 2860 5024 ποδῶν
2892 4986 3028 5026 σου.

2080 5109 2149 5177 γ’,
2204 5106 2357 5161 Ἐπεὶ
2388 5099 2480 5158 οὖν
2513 5102 2758 5174 καὶπερὶ
2786 5102 2880 5155 τοῦ
2912 5101 3135 5165 πάθους,
3172 5101 3265 5155 καὶ
3311 5102 3440 5167 περὶ
3480 5102 3587 5171 τῆς
3696 5162 3697 5177 χ

2010 5199 2377 5260 ἀναστάσεως,
2417 5195 2511 5248 καὶ⁵
2547 5194 2674 5265 περὶ
2714 5193 2811 5262 τῆς
2836 5191 3172 5261 ἀναλήψεως,
3204 5191 3296 5244 καὶ
3329 5191 3457 5261 περὶ
3483 5193 3581 5261 τῆς

2008 5290 2073 5342 ἐκ
2116 5286 2305 5353 δεξιῶν
2347 5283 2633 5356 καθέδρας,
2674 5282 2768 5336 καὶ
2808 5282 2938 5351 περὶ
2984 5280 3086 5350 τῆς
3125 5279 3378 5350 δευτέρας
3414 5277 3597 5345 αὐτοῦ,
3694 5332 3695 5347 γ

2008 5378 2323 5450 παρουσίας.
2350 5374 2440 5427 καὶ
2469 5372 2594 5443 περὶ
2626 5370 2841 5423 πάντων
2860 5368 3061 5421 τούτων
3089 5366 3271 5431 ἁπλῶς
3290 5365 3396 5418 τῶν
3423 5368 3479 5418 ἐν
3511 5368 3580 5437 τῇ

2067 5542 2093 5570 ⁸
2121 5541 2218 5590 Alii
2244 5541 2403 5600 ὥσπερ
2449 5536 2515 5592 εἷς
2553 5552 2693 5600 τινας.
2722 5533 2872 5600 εονίί.
2920 5530 3123 5594 ὡσπερεί
3152 5531 3587 5600 τινας-ιρςρηιιὶιιῐη

2003 5609 2159 5665 putat.
2182 5611 2233 5651 el
2257 5592 2411 5665 ιοιυιὶι
2437 5600 2593 5665 locum
2628 5598 2700 5645 sic
2731 5598 3009 5665 reslilqgre.
3032 5592 3250 5665 σοιιοιιιτ,
3281 5592 3482 5652 ὡσπεςεί
3509 5608 3585 5665 τιῗ

1999 5653 2077 5719 δας
2100 5653 2238 5719 ὁδοὺς
2276 5660 2673 5722 ἐμπεφραγμένας,
2696 5664 2780 5709 aut
2817 5655 2936 5722 quid
2970 5653 3149 5708 simile.
3175 5653 3278 5718 Ego
3323 5667 3438 5703 vero
3462 5660 3597 5712 palm

1998 5726 2159 5777 locum
2189 5725 2319 5775 bene
2339 5723 2545 5773 habere.
