3724 6272
75 343 143 402 m
1004 332 1093 387 ne
1134 288 1662 384 eaepttertsnuit
1705 321 2195 381 OBSCURITATE.
2242 319 2303 375 tt.

1733 450 1892 490 mone
1918 434 2419 489 demonstravimus.
2463 433 2539 489 Ne
2566 449 2694 488 vero
2723 433 2984 490 fastidium
3010 435 3160 491 vobis
3188 453 3307 492 rur-

1733 541 1823 582 sus
1854 526 2137 594 pariamus,
2161 528 2208 578 si
2239 524 2423 579 eadem
2453 524 2713 590 dicamus,
2744 540 2919 594 operae
2949 536 3170 595 pretium
3196 526 3303 583 fue-

1732 618 1801 671 rit
1832 617 1901 671 ab
1929 633 1989 672 ea
2016 617 2308 682 discedere,
2341 626 2497 687 atque
2522 618 2740 671 alteram
2767 617 3022 686 proferre,
3052 636 3166 688 qua:
3197 635 3305 677 non

1730 707 1837 776 jam
1866 708 2148 763 obscurum
2174 718 2228 762 et
2257 708 2490 778 ignotum
2517 747 2532 772 ,
2558 706 2655 761 sed
2695 707 2962 761 difﬁcilius
2988 707 3302 763 Testamen-

71 460 181 519 iam,
213 456 269 512 in
302 454 487 511 Veteri
514 452 855 508 Testamento
884 445 1116 515 reposita
1150 443 1344 511 erant).
1383 439 1620 492 velamen

70 550 289 614 habebat,
319 548 448 603 dum
480 548 583 602 illis
608 546 821 616 quidem
847 558 905 596 se
931 537 1338 607 attemperabat,
1365 533 1515 587 nobis
1535 547 1629 585 au-

69 658 149 697 tem
173 642 386 696 divitias
416 656 603 695 omnes
634 635 957 700 reservabat,
982 641 1034 687 ut
1062 647 1182 687 cum
1210 629 1450 684 Christus
1471 625 1611 680 adve

67 737 193 797 ret-it,
222 742 279 786 et
300 732 368 786 ad
397 733 570 801 ipsum
593 744 691 784 nos
720 724 1161 785 converterimus,
1192 720 1432 776 velamen
1479 716 1629 769 tolla-

68 842 146 881 tur.
175 824 387 880 Videtis
437 840 565 894 ergo
612 823 667 876 in
709 828 959 891 quantam
1004 832 1102 869 nos
1144 813 1402 868 adventus
1431 806 1626 864 Christi

66 918 343 989 provexerit
370 914 724 987 'dignitatem,
777 912 863 982 qui
909 910 1104 981 Moysis
1147 909 1199 962 in
1247 905 1485 977 ordinem
1532 916 1627 955 nos

67 1009 300 1066 erexerit.
351 1010 423 1062 At
467 1007 693 1062 fortasse
737 1005 877 1059 dicet
922 1000 1112 1070 aliquis
1147 1019 1160 1053 :
1197 996 1302 1051 Cur
1330 995 1488 1065 igitur
1517 1004 1623 1046 tmn

68 1100 296 1167 temporis
321 1098 641 1152 dicebantur
667 1094 777 1160 illa,
822 1092 866 1147 si
911 1090 1193 1166 manifesta
1236 1102 1338 1141 non
1371 1093 1517 1138 erant
1550 1081 1629 1135 fu-

68 1207 152 1245 tura
178 1206 301 1259 qua:
342 1186 695 1244 dicebantur?
722 1186 787 1242 Ut
814 1184 1042 1255 posteris
1079 1182 1324 1236 nimirum
1357 1178 1500 1231 utilia
1536 1177 1629 1230 ﬁe-

67 1294 173 1337 rent.
205 1282 338 1337 lia-c
376 1283 523 1337 enim
554 1288 638 1338 est
681 1278 906 1348 dignitas
934 1274 1247 1345 prophetae,
1291 1287 1395 1324 non
1438 1277 1495 1322 ut
1541 1282 1627 1321 res

64 1384 332 1445 pmsentes
356 1373 661 1436 denuntiet,
693 1368 787 1424 sed
816 1377 872 1423 ut
899 1361 1467 1445 futuraslprienuntiet.
1501 1357 1630 1412 Pro-

65 1468 212 1539 phetia
244 1482 415 1536 porro
446 1479 565 1519 cum
596 1461 803 1516 occulte
830 1459 1031 1530 prolata
1074 1440 1259 1519 fuerit,
1292 1459 1411 1523 post
1448 1463 1627 1503 rerum

64 1571 287 1616 eventum
321 1558 382 1612 ﬁt
411 1555 763 1618 manifestior,
804 1560 927 1606 ante
956 1558 1205 1605 eventum
1233 1560 1359 1600 vero
1386 1542 1624 1597 minime.

64 1654 219 1722 itaque
261 1652 393 1721 quia
442 1659 555 1705 tum
593 1647 822 1704 obscure
861 1643 1191 1704 dicebantur,
1222 1638 1411 1707 ignota:
1436 1642 1626 1690 erant:

62 1763 160 1801 cum
175 1755 356 1799 autem
376 1758 466 1798 res
481 1742 833 1812 contigerant,
852 1743 1129 1807 propterea
1147 1730 1423 1786 manifesta
1452 1733 1626 1790 erant,

61 1854 159 1909 qua:
196 1838 341 1891 dicta
369 1834 609 1889 fuerant.
651 1834 823 1900 Atque
853 1836 910 1882 ut
936 1823 1271 1896 prophetiam
1300 1816 1627 1886 intelligatis,

63 1934 165 1988 licet
192 1930 363 1985 multo
393 1937 520 1982 ante
548 1937 786 1994 tempore
812 1921 949 1977 dicta
978 1919 1066 1984 sit,
1094 1915 1187 1972 sed
1220 1925 1392 1969 tamen
1423 1909 1631 1966 occulte

62 2025 199 2088 dicta,
229 2022 524 2075 obscuram
557 2030 697 2080 esse,
722 2029 784 2068 ac
809 2026 985 2068 rerum
1016 2016 1264 2064 eventum
1296 2011 1626 2072 exSpectare,

62 2115 428 2185 discipulorum
465 2111 705 2180 ipsorum
743 2105 793 2160 id
826 2100 1070 2172 exemplo
1096 2095 1475 2168 comprobabo.
1513 2092 1633 2148 Sol-

62 2212 140 2264 rite
158 2207 403 2278 templum
428 2205 525 2259 hoc
548 2200 724 2267 (Joan.
747 2198 800 2253 2.
823 2196 933 2268 l9),
958 2196 1132 2250 aiebat
1153 2191 1395 2248 Christus
1411 2186 1627 2257 ludatis.

66 2301 174 2357 Nam
203 2314 329 2355 cum
354 2311 455 2352 eos
484 2294 754 2366 eiecisset,
786 2290 875 2361 qui
915 2286 1274 2357 negotiatione
1314 2297 1407 2336 sua
1452 2277 1631 2348 templi

65 2394 380 2448 sanctitatem
435 2388 718 2453 violarant,
769 2383 1021 2437 dixerunt
1071 2378 1143 2431 illi
1184 2395 1197 2431 ε
1245 2374 1391 2441 Quod
1434 2372 1633 2442 signant

66 2486 261 2539 «laudis
303 2482 473 2544 nobis,
522 2479 642 2548 quia
683 2479 788 2530 hac
827 2473 952 2544 fucis
976 2469 1136 2541 (Ibid.
1167 2485 1216 2521 υ.
1250 2465 1377 2534 i8)?
1404 2464 1537 2518 Tum
1566 2460 1631 2515 ad

68 2580 146 2631 hoc
173 2573 504 2645 respondet:
534 2570 727 2626 Solvite
746 2566 986 2636 templum
1011 2562 1124 2628 hoc,
1149 2572 1193 2616 et
1218 2560 1269 2613 in
1289 2559 1441 2611 tribus
1462 2555 1633 2609 diebus

69 2672 266 2726 estitabo
296 2667 457 2721 illud.
486 2665 589 2719 Ille
613 2672 778 2716 autem
801 2659 991 2713 dicebat
1013 2655 1074 2709 de
1104 2653 1289 2723 templo
1312 2649 1537 2719 corporis
1556 2646 1633 2701 sui

70 2763 197 2833 (Ibid.
229 2777 281 2815 υ.
306 2759 433 2829 21).
466 2757 580 2812 Hoc
598 2762 774 2809 autem
798 2749 1071 2823 prophetia
1098 2744 1338 2817 quredam
1368 2750 1481 2796 est:
1505 2755 1637 2793 non-

69 2832 165 2909 dum
191 2852 399 2924 quippe
427 2864 559 2903 crux
589 2850 857 2907 evenerat,
890 2856 1061 2910 neque
1092 2836 1273 2906 templi
1302 2832 1519 2898 solutio,
1543 2845 1637 2884 ne-

70 2964 143 3017 que
167 2956 289 3017 post
316 2952 436 2999 trcs
458 2942 578 2997 dies
605 2937 941 3000 resurrectio,
972 2947 1131 3005 quam
1160 2932 1273 2999 ipse
1304 2928 1443 2982 fecit.
1468 2925 1545 2979 Ac
1562 2923 1638 2977 vi-

72 3042 117 3093 de
140 3054 297 3109 quam
326 3043 527 3091 exacte
549 3043 769 3101 utraque
797 3026 1105 3098 designarit,
1134 3031 1187 3077 et
1215 3021 1427 3075 illorum
1465 3016 1636 3071 audax

73 3134 268 3195 facinus,
299 3139 356 3184 et
384 3142 543 3183 suam
589 3112 764 3195 ipsius
780 3122 1045 3176 virtutem.
1078 3115 1193 3171 Non
1224 3123 1399 3168 tamen
1428 3126 1488 3167 ea
1515 3122 1636 3179 quae

71 3224 360 3278 dicebantur
387 3224 741 3289 agnoverunt.
767 3214 843 3268 Ac
866 3210 1080 3266 Iudaeos
1101 3206 1317 3277 quidem
1342 3205 1633 3273 ignorasse,

72 3316 260 3369 minime
292 3314 533 3366 mirum:
557 3317 610 3362 at
658 3322 725 3361 ne
765 3302 1055 3373 discipulos
1084 3298 1294 3369 quidem
1335 3295 1453 3364 ejus
1483 3292 1641 3346 intel-

72 3408 237 3462 lexisse
269 3402 432 3468 dicit,
463 3412 743 3471 quousque
770 3411 799 3450 a
829 3394 1052 3449 mortuis
1077 3388 1385 3452 resurrexit,
1422 3396 1639 3453 tumque

72 3500 382 3553 (aediderunt
430 3495 716 3564 Scriptum
754 3506 813 3543 ac
852 3487 1091 3553 sermoni,
1136 3499 1280 3555 quem
1324 3480 1450 3534 dixit
1488 3476 1640 3531 Iesus

73 3592 200 3657 tibid.
226 3610 275 3644 ι’.
304 3588 433 3657 22).
1016 3592 1019 3595 ‘

121 3684 166 3737 Ξ.
207 3682 377 3736 \‘ides
422 3686 618 3733 eventu
659 3675 779 3729 illos
818 3671 1104 3741 indiguisse
1136 3680 1335 3727 rerum,
1364 3671 1421 3717 ut
1450 3657 1637 3715 diluci-

74 3775 161 3829 dior
180 3775 337 3829 ﬁeret
375 3768 683 3841 prophetia,
708 3779 878 3834 neque
902 3761 1109 3818 crimini
1138 3756 1449 3812 vertendum
1480 3752 1642 3807 fuisse

75 3870 263 3929 Jadzeis,
307 3864 459 3935 quod
501 3860 807 3932 prophetias
834 3857 950 3912 illas
970 3854 1037 3909 de
1061 3852 1273 3906 Christo
1301 3858 1423 3902 ante
1446 3842 1640 3899 Christi

74 3962 336 4014 adventum
363 3970 473 4009 non
505 3944 1180 4020 intelligerent?Siquidem
1205 3958 1295 4011 per
1317 3939 1431 4008 ejus
1448 3936 1645 3990 adven-

76 4064 159 4105 tum
205 4053 372 4105 clara:
420 4043 712 4101 reddenda:
752 4040 958 4095 fuerant
982 4048 1036 4092 et
1071 4043 1288 4105 apertxe.
1322 4031 1455 4085 Audi
1491 4028 1647 4082 Chri-

73 4154 189 4195 stum
237 4143 346 4194 hoc
403 4138 719 4191 (licentem:
763 4132 824 4187 Si
871 4147 968 4184 non
1008 4127 1282 4188 venissent,
1325 4130 1370 4175 et
1411 4120 1648 4183 loquutus

75 4234 256 4299 {sissent
309 4229 409 4292 eis,
459 4233 723 4294 peccatum
772 4237 874 4274 non
921 4218 1157 4273 haberent
1187 4214 1365 4285 (Joau.
1408 4211 1499 4265 15.
1530 4206 1649 4278 2i).

76 4322 225 4388 Quare
269 4328 561 4389 peccatum
602 4329 710 4367 non
739 4311 1024 4374 habebant,
1055 4308 1100 4361 si
1127 4304 1420 4376 prOphetim
1454 4299 1648 4370 praedi-

78 4426 237 4469 xerant
256 4415 281 4467 τ
304 4413 448 4481 Quia
474 4408 829 4479 praedixerant
850 4401 1080 4473 quidem,
1107 4398 1200 4453 sed
1232 4394 1523 4449 manifesta:
1544 4406 1651 4445 non

78 4522 204 4564 erant
231 4521 418 4579 neque
445 4506 605 4559 clara:
631 4511 754 4555 ante
783 4499 919 4553 illius
944 4494 1229 4549 adventum
1254 4490 1341 4560 qui
1373 4484 1653 4557 praedictus

83 4604 245 4657 fuerat.
285 4576 429 4655 Nam
470 4597 514 4652 si
550 4606 660 4649 tum
704 4606 913 4662 quoque
953 4585 1247 4643 manifesta:
1287 4581 1387 4635 illis
1418 4587 1471 4632 et
1498 4576 1652 4631 clara:

84 4696 303 4759 fuissent,
334 4687 483 4745 haud
516 4686 734 4741 dubium
763 4683 889 4752 quin
924 4681 1082 4734 etiam
1109 4682 1234 4729 ante
1262 4673 1426 4742 ipsius
1453 4669 1654 4724 adven-

86 4800 169 4842 tum
214 4794 506 4857 peccatum
565 4779 919 4833 habuissent:
972 4770 1112 4842 quod
1152 4768 1195 4821 si
1234 4773 1507 4837 peccatum
1550 4776 1655 4815 non

87 4852 370 4937 hbuerunt
391 4920 407 4943 ,
437 4874 658 4929 dubium
687 4884 793 4925 non
819 4876 930 4931 est,
962 4866 1087 4934 quin
1114 4867 1331 4932 propter
1355 4869 1534 4911 earum
1564 4852 1659 4907 ob-

83 4941 402 5029 scuritatem,
434 4974 489 5020 et
522 4961 771 5033 quoniam
794 4957 1002 5011 obtecta
1033 4952 1239 5006 fuerant
1265 4961 1382 5017 qua:
1409 4941 1652 4999 diceban-

82 5077 165 5117 tur.
188 5062 383 5129 Neque
407 5057 554 5111 enim
579 5062 704 5108 ante
723 5048 919 5105 Christi
950 5045 1235 5100 adventum
1263 5038 1398 5093 ﬁdes
1425 5037 1477 5090 in
1507 5033 1662 5088 Chri-

81 5168 200 5210 stum
230 5125 306 5208 ab
332 5152 447 5207 illis
467 5145 802 5216 exigebatur.
832 5140 939 5195 Cur
977 5138 1158 5205 itaque
1190 5142 1302 5187 tum
1336 5125 1660 5199 praediceba-

83 5259 149 5302 πυτ
173 5250 198 5302 2
222 5246 300 5303 Ut
326 5259 457 5300 cum
486 5239 829 5300 advenisset,
858 5230 1180 5288 domesticos
1221 5224 1469 5279 doctores
1500 5218 1663 5273 habe-

18 5402 19 5417 η
84 5352 181 5396 rent
204 5356 235 5393 a
262 5338 470 5409 quibus
494 5330 862 5393 incitarentur,
881 5332 935 5381 et
956 5320 1312 5389 intelligerent
1336 5328 1447 5367 rem
1475 5322 1664 5364 novam

18 5403 19 5449 ἶ
85 5451 168 5488 non
365 5442 492 5499 quas
528 5422 869 5494 gerebantur,
897 5418 1070 5485 neque
1098 5416 1367 5467 recentem
1394 5403 1668 5473 dispensa-

18 5524 19 5597 ξ
85 5526 294 5584 tionem,
480 5492 595 5570 haec
634 5512 761 5568 olim
798 5516 852 5564 et
893 5516 1017 5561 ante
1058 5502 1251 5556 multos
1296 5509 1467 5551 annos
1506 5492 1667 5545 fuisse

18 5580 19 5635 Τ
86 5580 432 5683 renuntiata
463 5626 478 5661 :
512 5606 562 5660 id
591 5601 731 5674 quod
759 5615 863 5655 non
905 5593 1243 5653 mediocriter
1265 5586 1431 5643 valuit
1456 5583 1520 5637 ad
1549 5580 1668 5635 illos

18 5752 19 5767 η
85 5708 134 5761 ad
152 5707 314 5762 ﬁdem
349 5697 691 5762 alliciendos.
714 5693 841 5749 Hzec
857 5690 1014 5760 igitur
1044 5701 1146 5742 una
1174 5690 1258 5738 est
1283 5692 1444 5735 causa
1472 5674 1667 5729 obscu-

90 5802 241 5859 atatis
268 5844 289 5867 ,
314 5810 480 5869 quam
509 5790 753 5864 pluribus
776 5781 1095 5841 teStimoniis
1130 5779 1183 5834 in
1214 5770 1532 5848 praecedenti
1554 5780 1670 5825 ser-

3202 321 3305 380 178

1736 810 1842 854 tum
1871 798 2034 854 Vetus
2062 800 2242 853 efﬁcit.
2272 798 2426 853 Aliud
2450 799 2591 852 enim
2612 808 2693 852 est
2718 797 2847 851 nihil
2873 791 3090 852 omnino
3118 814 3302 854 eorum

1732 906 1890 946 nosse
1911 932 1926 956 ,
1967 907 2083 960 quae
2111 892 2319 955 insunt,
2348 898 2401 944 et
2425 891 2663 944 velamen
2706 890 3007 959 impositum
3038 904 3258 944 cernere
3287 908 3301 944 :

1732 981 1874 1036 aliud
1904 992 2080 1036 autent
2109 983 2348 1037 invenire
2384 997 2503 1051 quae
2532 981 2778 1037 dicuntur
2799 1017 2817 1048 ,
2854 980 2945 1036 sed
2974 996 3096 1035 ettm
3124 981 3308 1051 labore

1732 1088 1990 1128 invenire.

1804 1164 2038 1219 Secunda
2080 1180 2232 1218 causa
2278 1162 2591 1217 obscuritatis
2642 1159 2831 1215 Veteris
2868 1160 3194 1214 Testameuti.
3236 1138 3308 1199 -ἕ

1732 1259 1983 1326 Quaenam
2011 1258 2171 1327 igitur
2197 1266 2279 1311 est
2305 1256 2534 1311 secunda
2565 1270 2746 1320 causa,
2780 1265 2992 1324 pr0pter
3018 1269 3172 1323 quam
3203 1229 3308 1306 dif;

1733 1352 1921 1405 ﬁcilius
1968 1350 2127 1405 Vetus
2161 1360 2241 1404 est
2278 1349 2681 1404 Testamentum
2724 1362 2880 1416 quam
2920 1346 3157 1400 Novum?
3186 1343 3303 1399 Non

1732 1441 1990 1496 habemus
2024 1442 2202 1495 nativo
2247 1448 2429 1494 nostro
2469 1439 2717 1493 idiomate
2755 1438 3006 1507 scriptum
3038 1435 3177 1506 apud
3208 1451 3307 1490 nos

1732 1535 1897 1589 Vetus
1927 1534 2355 1588 Testamentum:
2386 1530 2479 1586 sed
2510 1531 2608 1585 alia
2635 1530 2847 1600 quidem
2876 1529 3053 1598 lingua
3090 1543 3305 1597 compo-

1732 1627 1891 1682 situm
1939 1636 2041 1693 est,
2086 1625 2189 1679 alia
2228 1639 2355 1678 vero
2388 1639 2482 1677 nos
2523 1622 2648 1677 illud
2692 1621 2967 1691 legendum
3010 1620 3304 1675 habemus:

1733 1734 1853 1773 nam
1892 1733 1921 1771 a
1956 1718 2212 1787 principio
2250 1717 2508 1771 Ilebraico
2534 1716 2892 1785 conscriptum
2917 1720 2996 1767 est
3032 1696 3311 1778 idiomate,

1733 1826 1832 1866 nos
1856 1820 2032 1865 autem
2062 1810 2243 1865 Graeca
2275 1810 2451 1879 lingua
2479 1822 2785 1877 expressum
2810 1807 3109 1874 accepimus
3141 1822 3153 1857 :
3183 1819 3304 1858 cum

1732 1916 1862 1956 vero
1892 1902 1945 1955 in
1984 1902 2201 1955 alteram
2252 1901 2479 1970 linguam
2518 1898 2950 1967 interpretatione
2989 1896 3302 1950 translatum

1735 1992 1912 2058 fuerit,
1945 1992 2414 2051 maximamltabet
2444 1989 2828 2044 difﬁcultatem.
2856 1990 3029 2056 Atque
3059 1988 3159 2040 hoc
3184 2000 3304 2056 pro-

1734 2087 1801 2142 be
1825 2087 2016 2150 sciunt,
2039 2087 2353 2156 quicumque
2371 2083 2561 2137 multas
2591 2082 2798 2151 linguas
2823 2082 3035 2146 callent,
3060 2079 3174 2134 ﬁeri
3199 2094 3306 2133 non

1735 2194 1892 2250 posse
1917 2190 1968 2234 ut
2000 2178 2111 2249 pari
2152 2178 2537 2249 perSpicuitate‘
2558 2175 2848 2229 sententias
2881 2189 3066 2227 omnes
3105 2189 3169 2227 ex
3212 2187 3308 2225 na-

1739 2273 1842 2325 tiva
1884 2283 1976 2324 sua
2024 2269 2199 2339 lingua
2241 2267 2293 2321 in
2342 2268 2560 2320 alteram
2597 2263 2993 2333 interpretando
3022 2261 3309 2317 transfera-

1737 2376 1875 2417 mus.
1910 2361 2031 2415 Παῖς
2060 2360 2221 2430 igitur
2259 2373 2421 2414 causa
2458 2355 2781 2411 difﬁcultatis
2817 2355 3019 2408 exstitit
3050 2355 3099 2407 in
3133 2352 3308 2407 Veteri

1736 2456 2097 2511 Testamento.
2147 2453 2279 2507 Nam
2323 2462 2444 2505 ante
2492 2450 2684 2504 Christi
2734 2448 3012 2501 adventum
3059 2446 3310 2500 trecentis

1736 2550 1923 2614 annis,
1948 2545 2315 2617 {Egyptiorum
2348 2556 2470 2611 rege
2515 2540 2821 2603 Ptolemaeo,
2858 2537 2908 2591 in
2940 2536 3174 2592 Grzecam
3209 2522 3327 2589 lin-I

1736 2656 1891 2712 gnam
1917 2638 2228 2693 translatum
2256 2644 2336 2689 est
2370 2633 2765 2687 Testamentum
2804 2628 2965 2683 Vetus
2993 2626 3142 2679 valde
3173 2624 3313 2678 utili-

1740 2742 1820 2786 ter
1849 2739 1902 2785 ct
1926 2723 2478 2793 fructuose.Quamdiu
2511 2722 2650 2776 enim
2673 2736 2791 2775 cum
2822 2733 2920 2771 una
2948 2726 3104 2787 gente
3131 2716 3312 2784 loque-

1738 2822 1911 2885 batur,
1963 2821 2013 2874 in
2057 2818 2311 2873 Hebraica
2355 2815 2528 2885 lingua
2572 2810 2836 2866 manebat.
2886 2807 3074 2863 Nullus
3118 2809 3312 2875 quippe

1740 2925 1866 2970 tunc
1894 2913 2127 2967 animum
2150 2910 2227 2964 illi
2255 2908 2584 2962 adhibiturus
2614 2914 2728 2959 erat
2750 2943 2765 2966 ,
2792 2917 2912 2956 cum
2933 2900 3191 2967 reliquum
3222 2913 3313 2968 ge-

1740 3023 1841 3064 nus
1872 3008 2156 3061 humanum
2179 3001 2245 3055 ad
2275 3014 2534 3055 summam
2559 2995 2938 3050 immanitatem
2962 2990 3310 3060 pervenisset.
3338 2984 3339 2987 “

1741 3099 1841 3156 Ubi
1884 3112 2012 3152 vero
2051 3093 2291 3149 Christus
2316 3072 2602 3144 eventurus
2650 3086 2772 3148 fuit,
2804 3093 2857 3137 et
2884 3081 3186 3134 universum
3219 3093 3312 3131 or-

1740 3193 1861 3247 bem
1914 3199 2177 3244 terrarum
2226 3183 2291 3237 ad
2334 3198 2393 3235 se
2435 3189 2743 3239 vacaturus,
2786 3189 2888 3228 non
2928 3188 3022 3242 per
3048 3164 3343 3240 apostolos.

1743 3292 1981 3343 tantum,
2013 3278 2106 3334 sed
2144 3291 2237 3347 per
2281 3272 2565 3344 prephetas
2604 3282 2812 3338 quoque
2842 3264 3003 3337 (nam
3035 3273 3089 3317 et
3118 3263 3188 3316 illi
3218 3258 3347 3314 nos’

1743 3375 1807 3430 ad
1838 3374 1991 3427 ﬁdem
2024 3366 2336 3436 cognitionis
2360 3360 2557 3419 Christi
2584 3356 2892 3428 deducunt),
2928 3363 3034 3408 tum
3061 3352 3317 3421 temporis

1744 3476 2012 3533 tamquam
2053 3459 2227 3514 aditus
2259 3464 2313 3510 et
2358 3454 2470 3508 vias
2503 3449 2757 3520 quasdam
2799 3445 3124 3517 pr0phetias,
3162 3451 3319 3497 antea

1745 3558 1937 3629 linguae
1980 3550 2302 3609 obscuritate
2341 3547 2549 3602 elausas
2599 3550 2653 3596 et
2697 3540 3021 3601 obstructas,
3063 3534 3209 3588 omni
3248 3548 3314 3587 ex

1746 3659 1897 3722 parte
1938 3645 2141 3703 curavit
2177 3640 2609 3708 interpretatione
2652 3630 2907 3695 reserari,
2950 3637 3006 3682 ut
3044 3640 3230 3681 omnes
3254 3633 3321 3679 e'x

1746 3718 1991 3813 gentibus
2012 3735 2242 3804 undique
2267 3730 2615 3793 conﬂuentes,
2647 3732 2700 3781 et
2731 3723 2893 3777 multa
2923 3735 3041 3775 eum
3072 3718 3325 3791 facilitate

1750 3811 1845 3904 per
1892 3831 1988 3884 has
2029 3827 2142 3881 vias
2184 3822 2510 3883 incedentes,
2558 3824 2773 3888 possent
2805 3814 2871 3867 ad
2911 3813 3109 3880 Regem
3148 3811 3321 3878 ipsum

1750 3900 2128 3997 prophetarum
2173 3918 2376 3978 venire,
2426 3900 2583 3981 atque
2624 3907 2947 3977 unigenitum
2992 3905 3081 3957 llei
3130 3901 3321 3955 Filium

1750 3994 1993 4072 adorare.
2022 4012 2104 4068 Ob
2130 4012 2267 4064 hanc
2294 4021 2509 4063 causam
2539 4003 2719 4070 utique
2744 4008 2867 4053 ante
2894 3996 3090 4051 Christi
3131 3994 3328 4047 adven-

1753 4120 1863 4164 tum
1894 4118 2078 4159 omnes
2110 4097 2542 4168 interpretatione
2587 4100 2712 4148 sunt
2737 4102 3002 4158 expressae
3031 4103 3045 4138 :
3074 4085 3322 4153 quoniam

1753 4203 1798 4255 si
1818 4200 1867 4253 in
1896 4193 2158 4251 Hebraieo
2188 4192 2438 4245 idiomate
2479 4185 2651 4239 solum
2689 4182 2886 4236 relictae
2912 4186 3091 4231 essent
3114 4217 3128 4240 ,
3158 4173 3324 4229 David

1754 4298 1929 4345 autem
1957 4285 2196 4350 dixisset,
2219 4279 2430 4334 Postula
2454 4293 2486 4329 a
2512 4291 2609 4338 me,
2643 4281 2690 4326 et
2718 4270 2847 4325 dabo
2874 4268 2959 4322 tibi
2988 4276 3158 4337 gentes
3188 4264 3330 4318 here-

1756 4382 1961 4435 ditatem
2003 4387 2160 4440 tuam,
2215 4381 2261 4427 et
2308 4368 2668 4443 possessionem
2718 4372 2855 4415 tuam
2902 4354 3137 4413 terminos
3186 4365 3334 4408 terra

1758 4473 1928 4546 (Psal.
1950 4472 2005 4526 2.
2029 4471 2107 4540 8),
2133 4466 2274 4523 unde
2301 4464 2561 4536 potuisset
2585 4472 2742 4513 nosse
2769 4453 2908 4524 quod
2935 4452 3131 4507 dictum
3159 4448 3333 4503 fuerat

1760 4544 1948 4639 Syrus,
1978 4564 2065 4619 vel
2091 4562 2294 4626 Galata,
2325 4557 2407 4611 vel
2433 4553 2670 4618 Macedo,
2701 4549 2785 4602 vel
2818 4544 3177 4607 Atheniensis,
3209 4558 3330 4595 cum

1759 4656 2088 4714 obscuritate
2122 4650 2377 4705 involuta
2427 4644 2696 4712 Scriptura
2747 4633 3076 4691 mansisset?
3128 4632 3365 4685 Rursus

1761 4747 2024 4806 clamabat
2046 4743 2212 4799 Isaias
2241 4757 2254 4793 :
2290 4739 2436 4793 Sicut
2465 4735 2567 4788 ovis
2595 4730 2661 4784 ad
2688 4729 2981 4783 occisionem
3021 4724 3198 4776 ductus
3242 4729 3333 4784 est,

1763 4852 1810 4896 et
1831 4843 1960 4895 sicut
1985 4852 2146 4907 agnus
2166 4848 2336 4886 coram
2361 4827 2592 4881 tondente
2627 4839 2680 4876 se
2707 4817 2919 4907 πηνίκ’(
2937 4815 3068 4870 Isai.
3096 4814 3184 4869 55.
3218 4813 3250 4866 7
3274 4813 3290 4879 )
3318 4826 3334 4874 ;

1764 4943 1817 4991 et
1844 4944 2030 4987 rursus
2057 4949 2071 4983 :
2118 4926 2229 4980 Erit
2255 4922 2406 4977 rudia:
2429 4916 2617 4981 Jesste,
2646 4922 2695 4968 et
2715 4887 3093 4984 quiwconsurgit
3120 4916 3173 4959 ut
3199 4903 3341 4975 prin—

1765 5045 1880 5099 ceps
1916 5027 1981 5079 sit
2020 5023 2241 5094 gentium
2271 5033 2290 5081 ;
2328 5018 2381 5069 in
2414 5013 2524 5081 ipso
2552 5018 2719 5080 gentes
2742 5005 3013 5075 sperabunt
3043 5001 3059 5066 (
3093 4997 3219 5051 Isai.
3248 4996 3339 5050 Η.
3368 5032 3373 5037 ~

1768 5089 1878 5192 id);
1901 5127 1955 5173 et
1975 5089 2158 5171 rdrsus
2187 5130 2200 5166 :
2235 5108 2525 5173 Replebitur
2562 5111 2693 5155 terra
2729 5095 3009 5167 cognitione
3030 5089 3257 5149 Domini,
3288 5094 3342 5138 ut

1768 5178 1911 5282 quasi
1931 5223 2060 5279 aqua
2086 5203 2247 5258 multa
2272 5197 2525 5269 coeperiat
2551 5192 2713 5247 maria
2738 5188 2755 5254 (
2781 5186 2917 5240 Ibid.
2945 5199 2995 5237 tt.
3016 5182 3109 5250 9).
3136 5180 3203 5233 Et
3234 5178 3339 5231 Da-

1769 5267 1857 5358 vid
1883 5267 2069 5355 rursus
2092 5295 2305 5350 dicebat
2330 5305 2346 5343 :
2368 5267 2612 5343 'Ascendit
2637 5282 2775 5335 Deus
2801 5280 2853 5332 in
2872 5274 3195 5347 jubilatioue,

1771 5357 1937 5449 minus
1965 5392 2019 5444 in
2048 5403 2165 5442 voce
2191 5382 2357 5450 tubaz(
2390 5378 2534 5433 Psal.
2565 5375 2653 5429 46.
2686 5371 2794 5443 6);
2826 5377 2880 5423 et
2922 5376 3108 5418 rursus
3142 5378 3155 5412 ε
3206 5357 3348 5411 Dixit

1773 5486 2025 5540 Dominus
2066 5477 2283 5532 Domino
2331 5488 2459 5534 meo,
2508 5468 2644 5524 Sede
2683 5480 2715 5517 a
2761 5458 2949 5514 dextris
2997 5453 3137 5516 meis,
3191 5462 3349 5503 donec

1776 5537 1961 5647 ponam
2006 5569 2235 5625 inimicos
2278 5576 2389 5619 tuos
2420 5557 2694 5616 scabellum
2731 5550 2915 5624 pedum
2948 5555 3149 5599 luamus
3175 5537 3349 5608 tI’sal.

1778 5664 2084 5815 1()ἓ›⁶.¹ἔέ.ιιιιι
2118 5752 2277 5824 igitur
2312 5705 2381 5805 de
2419 5742 2663 5817 passione
2681 5777 2700 5809 ,
2739 5734 2808 5809 de
2848 5721 3275 5792 resurrectioueg
3286 5721 3375 5780 de~
