3724 6272
393 196 500 251 179

390 309 728 374 ascensione,
750 306 820 364 de
843 307 1084 364 sessione
1103 307 1170 362 ad
1192 308 1490 374 dexteram,
1514 306 1584 363 de
1606 306 1842 362 secundo
1864 305 1980 376 ejus

391 402 642 468 adventu,
663 417 726 457 ac
765 401 833 458 de
871 403 1117 456 omnibus
1154 402 1271 457 istis
1316 402 1368 455 in
1417 399 1748 468 universum,
1778 416 1898 472 quae
1925 400 1979 456 in

389 491 540 548 Novo
579 503 722 560 sunt,
765 490 1165 548 Testamentum
1206 494 1370 548 Vetus
1414 493 1739 563 prmdixerit,
1769 507 1836 548 ne
1879 493 1979 548 ista

387 584 635 654 gentibus
661 599 786 639 mox
811 584 1000 640 futuris
1027 586 1202 655 ignota
1224 595 1595 652 remanerent,
1626 599 1689 641 ac
1715 585 1823 640 vim
1849 600 1976 655 pro-

390 675 589 746 phetia:
617 676 922 746 ignorarent
939 719 954 738 .
983 688 1106 732 ante
1131 676 1326 732 Christi
1356 677 1642 733 adventum
1669 686 1725 731 ut
1748 692 1976 733 conver-

387 775 629 823 terentur
649 768 958 838 Scripturze,
978 769 1150 839 gratia
1173 769 1350 823 divina
1377 769 1624 838 providit,
1650 783 1847 837 easque
1867 783 1973 824 non

387 863 550 918 modo
575 862 849 917 conversis
881 877 945 916 ex
972 861 1248 932 gentibus,
1280 861 1373 917 sed
1403 861 1563 917 etiam
1595 860 1796 916 Judaeis
1821 861 1976 915 utiles

384 951 651 1019 reddidit,
688 951 778 1022 qui
819 951 1014 1022 ubique
1050 960 1314 1006 terrarum
1353 951 1578 1021 dispersi
1617 950 1846 1016 fuerant,
1875 965 1976 1006 nec

384 1045 615 1115 amplius
659 1045 972 1100 Hebraicam
1019 1045 1253 1115 linguam
1303 1044 1574 1099 tenebant.
1625 1043 1765 1098 Ecce
1805 1043 1971 1108 enim,

381 1135 610 1193 credidit
629 1138 716 1208 qui
739 1152 1031 1193 conversus
1051 1147 1214 1192 estex
1234 1136 1502 1208 gentibus,
1519 1135 1644 1192 dum
1669 1135 1972 1192 Judaeorum

383 1230 534 1302 signa
566 1231 732 1286 videt.
764 1230 1044 1300 Quomodo
1081 1227 1380 1302 potuissent
1415 1243 1601 1284 rursus
1629 1228 1854 1299 apostoli
1879 1227 1975 1284 Ju-

382 1322 555 1378 daeum
581 1322 847 1380 adducere
871 1365 888 1392 ,
927 1324 1028 1379 nisi
1063 1323 1414 1378 domesticum
1442 1323 1517 1378 illi
1547 1323 1821 1378 doctorem
1847 1336 1972 1392 pro;-

381 1412 596 1484 pbetam
627 1414 938 1470 dedissent?
970 1414 1100 1469 Nam
1129 1414 1174 1470 si
1199 1415 1437 1470 Athenas
1473 1415 1743 1484 ingressus
1778 1414 1971 1470 Paulus

382 1504 731 1574 inscriptione
760 1505 981 1577 indiguit
1005 1507 1159 1562 altari
1190 1507 1447 1578 insculpta
1472 1507 1491 1577 (
1512 1506 1625 1560 Act.
1655 1509 1720 1562 l7
1739 1504 1759 1580 )
1779 1549 1793 1573 ,
1821 1515 1876 1564 et
1902 1507 1969 1562 ad

379 1613 564 1654 eorum
593 1599 998 1656 instructionem
1027 1601 1171 1654 illam
1213 1599 1470 1668 traduxit,
1504 1600 1644 1671 quod
1673 1616 1733 1656 se
1762 1599 1968 1656 facilius

380 1692 610 1760 propriis
635 1692 871 1762 ipsorum
911 1692 1076 1746 armis
1113 1707 1207 1748 eos
1245 1702 1665 1764 expugnaturum
1702 1702 1965 1763 speraret,

377 1781 519 1851 quod
559 1782 719 1836 etiam
759 1782 989 1848 accidit;
1037 1783 1205 1838 multo
1233 1784 1403 1856 magis
1425 1798 1549 1840 cum
1574 1784 1774 1840 Judazis
1801 1801 1967 1858 agens

375 1875 575 1931 auxilio
610 1875 992 1946 pr0pbctarum
1020 1877 1291 1947 indigebat
1316 1919 1330 1943 ,
1363 1893 1431 1933 ne
1459 1878 1528 1933 ab
1554 1877 1660 1933 illis
1688 1878 1848 1934 etiam
1875 1893 1967 1934 ac-

373 1976 684 2033 cusaretur,
716 1967 857 2036 quod
885 1982 1019 2023 nova
1043 1967 1287 2039 quredam
1334 1983 1396 2024 ac
1434 1969 1714 2041 peregrina
1743 1969 1962 2027 illorum

373 2057 592 2113 auribus
618 2057 859 2114 inferret.
890 2059 957 2115 Et
983 2075 1098 2126 cur,
1131 2060 1322 2130 inquit,
1346 2077 1448 2114 una
1479 2061 1656 2132 lingua
1690 2077 1796 2117 non
1826 2070 1962 2128 erat,

375 2158 436 2204 ut
462 2150 610 2204 omni
637 2149 951 2206 difﬁcultate
975 2150 1362 2207 liberaremur?
1391 2151 1508 2207 Una
1535 2152 1712 2224 lingua
1741 2161 1859 2210 erat
1876 2169 1966 2210 an-

374 2241 618 2312 tiquitus,
647 2242 719 2297 mi
747 2241 928 2309 homo,
956 2251 1011 2298 et
1037 2244 1174 2298 sicut
1203 2259 1304 2298 una
1335 2243 1611 2299 hominum
1641 2253 1726 2300 est
1750 2254 1960 2310 natura,

371 2334 449 2388 sic
469 2343 524 2389 et
549 2350 653 2389 una
680 2343 996 2390 cunctorum
1037 2336 1212 2406 lingua
1247 2345 1383 2391 erat.
1425 2336 1542 2390 Non
1571 2345 1688 2392 erat
1714 2337 1782 2392 ab
1810 2337 1964 2393 initio

370 2426 453 2482 vir
472 2427 612 2483 ullus
631 2428 818 2484 alienae
840 2428 1052 2500 linguae,
1076 2445 1181 2485 non
1203 2440 1319 2486 erat
1341 2431 1560 2485 alterius
1581 2431 1828 2501 loquelze,
1853 2446 1960 2487 non

369 2532 487 2577 erat
510 2522 668 2578 Indus
688 2564 705 2590 ,
733 2538 906 2594 neque
935 2523 1110 2580 Thrax
1129 2565 1144 2589 ,
1173 2539 1346 2595 neque
1374 2523 1572 2596 Scytha
1598 2565 1614 2591 ,
1645 2524 1740 2580 sed
1769 2540 1959 2581 omnes

371 2631 476 2670 una
515 2616 690 2686 lingua
731 2616 1103 2687 loquebantur.
1150 2616 1287 2686 Quid
1327 2616 1488 2687 igitur
1530 2617 1582 2672 itt
1627 2630 1787 2672 causa
1823 2615 1960 2672 fuit?

371 2707 577 2778 lndigni
609 2707 711 2762 hac
741 2724 841 2763 una
875 2709 1052 2778 lingua
1079 2709 1175 2763 visi
1205 2724 1391 2764 sumus
1425 2724 1522 2764 nos
1547 2749 1562 2774 ,
1595 2724 1810 2780 semper
1832 2725 1958 2780 erga

368 2799 760 2856 benefactorem
805 2801 1016 2872 ingrati.
1059 2799 1195 2871 Quid
1241 2802 1360 2858 ais?
1397 2801 1574 2873 lingua
1616 2817 1714 2857 nos
1757 2802 1957 2873 indigni

367 2893 466 2948 visi
495 2894 714 2949 sumus?
740 2909 804 2950 ac
830 2893 1000 2950 bruta;
1019 2895 1233 2966 quidem
1252 2899 1550 2952 animantes
1571 2898 1838 2968 propriam
1867 2912 1960 2952 vo-

365 2998 485 3040 cem
515 2984 715 3042 habent
735 3001 955 3054 omnes;
982 2987 1163 3044 balant
1187 3003 1317 3043 oves
1340 2997 1398 3044 et
1420 3003 1617 3058 caprzc,
1641 2989 1810 3059 mugit
1839 2997 1958 3043 tau-

363 3090 479 3142 rus,
494 3075 668 3131 hinnit
688 3092 874 3149 equus,
895 3080 1034 3150 rugit
1054 3080 1159 3148 leo,
1176 3080 1330 3151 lupus
1354 3081 1541 3145 ululat,
1563 3081 1741 3138 sibilat
1759 3080 1952 3136 draco:

363 3183 695 3240 unaquaque
722 3171 895 3226 bestia
921 3173 1194 3243 proprium
1232 3187 1424 3228 sonum
1452 3175 1828 3242 conservavit,
1854 3191 1955 3247 ego

361 3276 493 3318 vero
518 3261 666 3317 solus
695 3263 908 3332 propria
929 3279 1051 3319 sum
1081 3279 1212 3321 voce
1242 3264 1517 3335 privatus?
1559 3265 1630 3321 Et
1671 3267 1954 3338 sylvestria

362 3365 420 3410 et
461 3365 760 3422 mansueta,
791 3365 846 3412 et
883 3355 1118 3412 cicurata
1165 3366 1221 3412 et
1261 3372 1368 3412 non
1404 3357 1638 3412 cicurata
1673 3358 1950 3426 animalia,

363 3446 572 3516 singula
595 3447 846 3502 tribulam
877 3449 978 3503 sibi
1003 3465 1032 3504 a
1063 3450 1327 3520 principio
1352 3465 1538 3506 vocem
1567 3450 1904 3507 retinuerunt
1934 3469 1949 3507 :

361 3553 464 3610 ego
486 3555 612 3595 vero
632 3540 878 3612 princeps
898 3541 1112 3596 illorum
1135 3541 1420 3612 ignominia
1442 3558 1559 3597 sum
1581 3544 1825 3598 notatus?
1849 3543 1954 3599 illis

363 3630 598 3688 honores
627 3632 796 3702 erepti
816 3641 910 3687 aut
934 3633 1116 3688 mutati
1149 3648 1254 3688 non
1278 3645 1423 3700 sunt,
1450 3649 1551 3705 ego
1574 3650 1703 3691 vero
1726 3650 1844 3692 sum
1872 3636 1955 3692 di-

360 3722 502 3779 vinis
529 3725 839 3778 muneribus
863 3724 1158 3794 Spoliatus?
1186 3725 1336 3794 Quod
1379 3735 1583 3781 tantum
1628 3725 1725 3781 fuit
1767 3727 1820 3782 in
1865 3742 1953 3784 me

360 3807 574 3869 scelus?
614 3829 721 3870 non
755 3815 1092 3871 sufficiebant
1116 3817 1321 3886 priores
1348 3818 1453 3874 illa:
1479 3817 1690 3890 paena?
1727 3819 1952 3875 Paradi-

359 3919 480 3965 sum
501 3905 630 3961 mihi
651 3917 1010 3972 concesserat,
1032 3918 1086 3965 et
1105 3925 1172 3966 ex
1196 3911 1441 3980 paradiso
1461 3927 1548 3967 me
1571 3913 1758 3983 ejecit;
1788 3914 1951 3968 vitam

359 3997 564 4058 doloris
589 4010 865 4069 expertem
890 4001 1238 4073 laborumque
1261 4003 1624 4071 traducebam,
1649 4005 1846 4062 sudore
1864 4021 1952 4061 me

359 4105 428 4148 ac
450 4091 633 4148 labore
660 4092 964 4160 damnavit;
993 4095 1124 4150 citra
1149 4106 1443 4153 sementem
1476 4107 1532 4155 et
1559 4098 1762 4154 inarata
1792 4099 1950 4156 tellus

360 4185 539 4242 omnia
564 4186 852 4256 praibebat,
881 4189 1164 4260 imperavit
1199 4191 1274 4246 illi
1322 4201 1380 4248 ut
1417 4193 1598 4263 spinas
1634 4203 1689 4249 et
1729 4194 1951 4250 tribulos

361 4275 557 4344 ferret,
595 4286 653 4334 et
691 4278 745 4333 in
789 4279 956 4349 ipsam
991 4295 1175 4336 rursus
1208 4297 1295 4338 me
1329 4286 1594 4341 convertit
1619 4304 1633 4340 :
1663 4295 1835 4360 morte
1863 4303 1950 4343 me

359 4368 668 4434 mulctavit;
699 4370 984 4426 mulierum
1009 4387 1196 4427 sexum
1227 4374 1505 4430 mulctavit
1533 4386 1715 4445 partus
1742 4377 1946 4434 dolori-

358 4457 462 4514 bus
489 4457 864 4530 laboribusque
892 4461 1213 4528 subjectum.
1235 4463 1350 4518 Non
1375 4465 1707 4522 sufﬁciebant
1735 4467 1852 4523 haec
1879 4468 1946 4523 ad

360 4563 599 4623 pugnam,
625 4551 720 4608 sed
746 4566 930 4607 vocem
961 4568 1172 4624 quoque
1210 4555 1342 4609 mihi
1385 4555 1615 4627 eripuit,
1647 4566 1703 4614 et
1733 4559 1835 4614 hoc
1862 4573 1950 4614 me

363 4642 565 4701 honore
587 4642 830 4712 privavit,
853 4653 909 4699 ut
931 4644 1150 4700 tribules
1171 4661 1235 4702 ac
1252 4649 1478 4718 gentiles
1502 4664 1652 4706 meos
1677 4659 1947 4720 tamquam

359 4735 560 4796 ferinos
584 4751 819 4804 averser,
847 4752 969 4793 cum
996 4754 1083 4795 me
1106 4740 1301 4811 lingua:
1329 4741 1613 4797 diversitas
1636 4754 1852 4814 separet
1878 4744 1948 4801 ab
2010 4790 2015 4794 .

357 4829 572 4885 illorum
583 4845 892 4901 congressu.
918 4832 1208 4903 Propterea
1228 4834 1584 4905 objectionem
1605 4837 1945 4907 ampliﬁcavi,

359 4932 419 4977 ut
459 4939 581 4980 cum
621 4925 943 4982 solutionem
984 4927 1232 4998 adiecero
1255 4971 1271 4997 ,
1303 4930 1562 4986 illustrior
1585 4931 1678 4987 ﬁat
1704 4932 1944 4988 victoria.

358 5015 417 5071 Si
448 5017 532 5071 his
554 5018 823 5085 omnibus,
851 5021 1042 5091 inquit,
1073 5021 1336 5090 privatum
1364 5039 1452 5079 me
1479 5023 1712 5087 volebat,
1744 5041 1847 5093 qua
1877 5024 1947 5081 de

361 5122 522 5162 causa
555 5109 641 5165 illa
667 5109 797 5164 mihi
822 5111 930 5179 jam
957 5127 987 5167 a
1014 5113 1274 5184 principio
1299 5117 1658 5172 concedebat?
1688 5117 1855 5173 Vultis
1880 5135 1947 5173 ex

358 5198 464 5256 hoc
486 5215 594 5255 uno
614 5201 934 5258 solutionem
959 5204 1225 5274 adjiciam,
1245 5206 1313 5262 ab
1339 5206 1440 5262 hac
1470 5209 1580 5278 ipsa
1603 5208 1831 5277 simplici
1853 5210 1950 5264 ob-

351 5291 634 5362 jectione?
678 5292 848 5349 Tanta
896 5296 1092 5366 quippe
1134 5305 1258 5352 sunt
1300 5313 1476 5354 causa:
1518 5299 1713 5356 divina:
1760 5300 1947 5356 ﬁrma-

359 5393 561 5448 menta,
589 5392 647 5439 ut
664 5385 750 5441 vel
778 5386 890 5457 ipsa
911 5388 1328 5448 contradicentis
1348 5390 1577 5460 objectio
1597 5392 1740 5448 nullo
1763 5403 1947 5448 nostro

357 5479 699 5534 corroborata
725 5479 963 5538 subsidio
977 5483 1043 5538 ad
1056 5484 1278 5538 crimina
1309 5484 1536 5541 sufﬁciat
1556 5486 1864 5543 refellenda.
1888 5487 1947 5544 Si

356 5585 447 5626 me
474 5569 555 5625 bis
580 5573 830 5630 omnibus
855 5575 1064 5644 privare
1090 5577 1322 5645 volebat,
1341 5594 1438 5635 cur
1461 5595 1524 5635 ea
1551 5579 1678 5634 mihi
1695 5580 1804 5650 jam
1824 5580 1948 5638 inde

356 5676 387 5718 ³
405 5661 667 5735 Ρτίηείρὶο
677 5667 1004 5732 concedebat
1017 5669 1183 5730 mam
1202 5679 1258 5733 et
1275 5686 1377 5747 ego
1393 5671 1529 5734 istud
1547 5673 1721 5746 ipsum
1736 5672 1907 5735 dicam
1923 5691 1938 5736 :.

1174 194 1233 250 S.
1269 191 1549 250 JOANNIS
1583 186 2062 250 ειιιηδοδτολίι
2101 191 2420 258 ARCHIEP.
2459 191 2644 252 CONS'

2173 191 2420 258 lCHIEP.
2459 191 3000 252 CONSTANTINOP.
3605 199 3643 254 1

2088 305 2146 360 Si
2186 313 2236 361 tc
2281 305 2363 361 his
2385 307 2634 362 omnibus
2665 286 2875 379 privare
2895 308 3142 375 volebat,
3172 323 3331 380 quam
3361 311 3436 366 ob
3463 325 3659 366 causa

2084 399 2447 456 concedebat?
2475 400 2656 473 Itaque
2684 404 2934 473 quoniam
2962 413 3014 459 te
3041 404 3251 474 privare
3277 405 3523 472 nolebat,
3555 421 3659 476 pri

2085 499 2267 561 pterea
2305 491 2398 547 tibi
2435 492 2544 562 jam
2581 493 2705 551 inde
2728 510 2757 549 a
2789 496 3052 566 principio
3075 497 3176 553 ista
3205 499 3502 553 concessit.
3547 500 3659 565 Qu

2083 596 2211 651 ergo
2232 582 2456 638 accidit?
2483 583 2598 639 Non
2624 594 2677 641 te
2702 586 2841 641 Deus
2863 586 2945 642 his
2969 586 3124 642 bonis
3149 587 3324 658 ejecit,
3354 589 3452 644 sed
3477 598 3537 643 tu
3569 605 3659 659 qu

2081 676 2204 731 data
2235 677 2445 735 fuerant
2476 683 2724 737 amisisti.
2757 683 2834 738 Tu
2862 684 3013 739 illum
3045 697 3260 756 propter
3287 687 3654 760 benignitate

2082 768 2259 838 lauda,
2275 771 2414 841 quod
2438 772 2656 843 largitus
2676 774 2746 829 sit
2774 792 2788 827 :
2815 776 3039 846 teipsum
3061 789 3278 848 prepter
3298 779 3577 851 ignaviam
3609 795 3659 832 an

2080 875 2227 928 cusa,
2258 862 2349 933 qui
2370 862 2568 918 donum
2595 866 2814 922 minimc
2833 870 3256 926 conservaveris.
3286 872 3484 944 Liquet
3519 874 3659 943 igitr

2081 970 2186 1008 non
2209 970 2330 1010 eum
2360 957 2450 1027 qui
2471 957 2719 1028 deposuit
2742 975 2891 1016 reum
2918 977 3060 1030 esse,
3087 979 3273 1020 verum
3301 979 3426 1020 eum
3456 966 3555 1037 qui
3586 966 3659 1020 dt

2079 1047 2309 1116 positum
2338 1049 2566 1117 perdidit
2591 1051 2802 1108 crimini
2829 1052 3116 1110 obnoxium
3145 1070 3287 1112 esse.
3326 1056 3464 1112 Nam
3496 1073 3563 1113 se
3602 1056 3659 1111 di

2079 1136 2241 1208 ligere
2259 1153 2323 1193 ac
2347 1140 2632 1212 benignum
2653 1157 2795 1210 esse,
2813 1154 2870 1200 et
2890 1145 3070 1215 largiri
3095 1147 3328 1204 voluisse
3347 1148 3650 1204 declaravi

2075 1245 2199 1286 cum
2229 1248 2390 1288 nemo
2417 1247 2632 1305 cogeret
2659 1245 2752 1292 aut
2777 1238 2882 1293 vim
2911 1238 3162 1306 afferret,
3202 1256 3323 1297 cum
3361 1243 3509 1298 nulla
3541 1244 3607 1297 in
3649 1252 3659 1296 t

2076 1333 2222 1379 recte
2249 1323 2385 1380 facta
2416 1328 2638 1384 miratus
2661 1339 2804 1386 esset
2825 1372 2841 1396 ,
2873 1348 3048 1404 neque
3084 1334 3324 1390 laborum
3365 1338 3659 1392 retribucr

2076 1414 2377 1470 mercedem
2404 1416 2656 1487 deberet;
2686 1421 2780 1478 sed
2806 1423 3086 1479 confestim
3113 1425 3201 1479 ubi
3233 1425 3511 1494 formavit,
3539 1444 3659 1483 con

2074 1502 2248 1558 festini
2269 1506 2333 1561 ad
2356 1506 2498 1564 hunc
2524 1511 2874 1582 principatum
2900 1516 3092 1582 evexit,
3114 1525 3174 1571 ut
3197 1516 3298 1572 hoc
3321 1518 3527 1574 donum
3564 1537 3656 1573 no

2074 1596 2480 1656 retributionem
2523 1605 2805 1674 mercedis,
2847 1607 2942 1663 sed
2984 1625 3189 1665 meram
3234 1613 3458 1682 gratiam
3503 1613 3659 1668 fuiss

2071 1689 2400 1748 ostenderet.
2422 1694 2573 1762 Quod
2593 1697 2638 1751 si
2660 1714 2780 1768 qua:
2799 1697 2922 1755 data
2943 1700 3150 1758 fuerant
3171 1717 3279 1759 non
3299 1706 3659 1761 conservas“

2073 1782 2303 1851 teipsum
2323 1800 2534 1855 accusa,
2564 1805 2669 1845 non
2691 1806 2818 1848 eum
2845 1794 2935 1864 qui
2964 1793 3165 1851 donum
3189 1798 3433 1853 contulit.

2141 1865 2330 1923 Christi
2367 1877 2610 1929 adventus
2647 1877 2834 1932 amissa
2877 1879 3019 1933 nobis
3057 1881 3282 1936 auctiora
3325 1883 3571 1937 restituit.
3607 1914 3659 1924 -—

2070 1958 2208 2016 Num
2234 1959 2394 2033 igitur
2417 1964 2518 2021 hoc
2542 1982 2705 2022 unum
2744 1984 2840 2038 pro
2875 1970 3101 2027 Domino
3128 1973 3307 2029 dicere
3335 1989 3646 2045 possumus

2067 2051 2280 2108 Sufﬁcit
2302 2054 2520 2125 quidem
2561 2056 2677 2113 lucc
2713 2058 2956 2117 defensio
2988 2079 3002 2116 :
3032 2062 3126 2118 sed
3157 2065 3418 2121 immensa
3446 2065 3653 2121 bonita

2067 2142 2184 2214 ejus
2235 2153 2290 2201 et
2331 2146 2629 2219 benignitas
2659 2150 2942 2208 ineffabilis
2970 2153 3073 2209 alia
3103 2155 3258 2210 nobis
3286 2155 3351 2211 ad
3381 2157 3502 2228 ejus
3527 2174 3648 2214 can

2067 2249 2180 2289 sam
2209 2236 2461 2292 tuendam
2492 2239 2823 2297 firmamenta
2851 2243 3068 2315 copiose
3106 2246 3427 2316 suppeditat.
3470 2249 3659 2320 Neqtu

2065 2328 2210 2384 enim
2242 2329 2346 2386 hoc
2373 2333 2546 2386 solum
2573 2333 2755 2391 dicere
2782 2336 2927 2404 licet,
2955 2337 3129 2406 ipsum
3154 2340 3368 2410 quidem
3397 2341 3633 2398 dedisse

2068 2431 2119 2474 te
2143 2436 2271 2476 vero
2297 2422 2626 2493 perdidisse;
2672 2442 2795 2482 nam
2823 2437 2877 2483 et
2905 2427 3008 2486 hoc
3037 2440 3190 2500 pacto
3216 2432 3305 2503 qui
3335 2432 3517 2499 dedit,
3548 2436 3659 2488 crit

2065 2513 2208 2568 mine
2237 2513 2510 2579 liberatur.
2543 2517 2626 2573 vel
2659 2520 2836 2589 potius
2865 2521 3094 2578 maxima
3124 2523 3281 2579 laude
3309 2524 3501 2595 dignus
3532 2541 3659 2580 cent

2063 2615 2244 2676 setur,
2287 2609 2428 2680 quod
2465 2611 2626 2666 etiam
2669 2614 2969 2683 praevidens
2997 2625 3050 2672 te
3080 2616 3406 2684 perditurum
3434 2620 3659 2677 minime

2064 2707 2116 2754 te
2135 2699 2276 2755 dono
2297 2701 2518 2773 privarit
2539 2720 2555 2758 ε
2579 2703 2674 2760 sed
2693 2704 2838 2760 aliud
2860 2706 3112 2779 quiddam
3131 2708 3303 2777 majus
3331 2709 3444 2766 istis
3471 2711 3659 2770 dicere

2064 2809 2365 2863 possumus.
2395 2796 2672 2864 Quodnam
2695 2810 2870 2855 autem
2893 2800 3020 2856 illud
3041 2801 3161 2858 est?
3188 2801 3338 2871 Quod
3369 2813 3659 2875 postquatr

2061 2900 2127 2940 ex
2156 2887 2370 2956 propria
2398 2889 2716 2960 negligentia
2745 2892 3038 2962 perdidisti,
3068 2909 3254 2950 rursus
3293 2911 3355 2951 ea
3396 2897 3492 2952 tibi
3532 2914 3659 2970 quam

2061 2978 2370 3047 perdideras
2409 2983 2706 3039 restituerit
2731 3003 2745 3039 :
2775 2985 2882 3040 imo
2910 3002 3017 3042 non
3048 3003 3111 3042 ea
3139 2997 3342 3043 tantum
3372 3005 3494 3060 qua:
3527 3008 3659 3061 pcr<

2060 3071 2291 3136 dideras,
2315 3072 2410 3128 sed
2439 3073 2520 3130 his
2541 3076 2708 3130 multo
2727 3076 2950 3146 majora.
2983 3078 3114 3134 Nam
3139 3081 3442 3150 paradisum
3474 3083 3659 3151 perdi-

2058 3163 2235 3232 deras,
2257 3175 2310 3220 at
2327 3166 2414 3221 ille
2433 3167 2621 3222 ca-lum
2642 3169 2734 3223 tibi
2759 3169 2927 3225 dedit.
2954 3171 3117 3227 Vides
3137 3187 3243 3244 quo
3265 3182 3418 3242 pacto
3443 3173 3659 3230 lucrum

2060 3256 2232 3325 majus
2250 3267 2333 3313 est
2356 3273 2516 3330 quam
2539 3258 2786 3330 jactura?
2810 3277 2916 3332 quo
2936 3272 3090 3332 pacto
3117 3264 3294 3333 plures
3321 3275 3444 3318 sunt
3472 3267 3659 3336 opes?

2058 3348 2257 3403 (Italum
2291 3350 2384 3405 tibi
2407 3351 2626 3420 largitus
2651 3360 2754 3420 est,
2783 3364 2839 3408 ut
2865 3353 3246 3425 benignitatem
3271 3370 3421 3412 suam
3453 3372 3569 3425 pra:
3597 3373 3659 3414 se

2058 3439 2242 3508 ferret,
2261 3440 2473 3498 diabolo
2490 3443 2728 3500 dolorem
2751 3446 3002 3511 inureret,
3016 3456 3069 3500 et
3086 3445 3409 3512 ostenderet,
3424 3448 3550 3504 licet
3567 3449 3659 3506 ειν

2057 3549 2305 3589 numeras
2320 3535 2502 3606 generi
2520 3548 2702 3593 nostro
2719 3539 2902 3594 tendat
2919 3539 3158 3607 insidias,
3172 3540 3299 3596 nihil
3323 3541 3506 3598 hocilli
3525 3560 3659 3612 pro-

2057 3624 2315 3693 futurum,
2341 3641 2462 3681 cum
2484 3627 2550 3682 ad
2574 3629 2828 3697 majorem
2855 3629 2993 3686 Deus
3025 3630 3282 3686 honorem
3306 3647 3404 3688 nos
3427 3633 3659 3694 evehat.

2056 3719 2295 3774 Amisisti
2325 3736 2452 3792 ergo
2477 3722 2799 3790 paradisum,
2830 3732 2885 3778 et
2910 3725 3002 3779 tibi
3032 3725 3172 3780 Deus
3191 3728 3396 3797 aperuit
3415 3728 3616 3785 cadunt
3643 3748 3659 3796 ;

2055 3811 2123 3865 ad
2155 3813 2530 3881 temporarium
2558 3813 2840 3870 damnatus
2863 3829 2922 3871 es
2947 3815 3206 3882 laborem,
3229 3827 3286 3873 et
3309 3819 3412 3873 vita
3441 3828 3659 3879 :cterua

2055 3902 2250 3968 dilatus
2275 3919 2367 3970 es;
2409 3905 2687 3976 imperavit
2715 3915 2890 3971 terrae,
2924 3916 2982 3961 ut
3006 3908 3187 3978 spinas
3215 3924 3278 3964 ac
3303 3910 3524 3966 tribulos
3547 3911 3659 3969 tibi

2057 3994 2390 4065 produceret,
2414 4005 2470 4051 et
2490 3997 2718 4051 fructum
2738 3997 2828 4052 tibi
2854 3997 3082 4068 Spiritus
3101 4000 3275 4056 anima
3303 4003 3657 4072 germinavit.

2125 4089 2179 4144 4.
2211 4089 2289 4143 Ac
2319 4088 2437 4142 vide
2466 4098 2662 4158 quanta
2692 4090 2763 4144 sit
2790 4090 2885 4144 Dei
2916 4091 3245 4161 benignitas,
3277 4107 3552 4163 quousque
3587 4109 3659 4150 se

2055 4177 2350 4234 demiserit.
2379 4176 2436 4236 Si
2464 4179 2680 4249 quando
2709 4180 2948 4236 nonnulli
2980 4180 3187 4251 aliquas
3213 4181 3486 4237 facultates
3505 4186 3659 4239 ami-

2055 4273 2223 4328 serint
2242 4314 2257 4337 ,
2303 4273 2429 4327 licet
2472 4273 2701 4343 majores
2725 4287 2790 4328 ac
2815 4273 3159 4342 pretiosiores
3183 4275 3485 4343 acceperint
3503 4315 3520 4340 ,
3551 4275 3659 4331 illa.

2054 4363 2170 4434 ipsa
2210 4379 2328 4434 qum
2375 4363 2669 4418 amiserant
2704 4379 2945 4434 quazrere
2989 4365 3246 4435 cupiunt,
3289 4381 3459 4437 neque
3493 4367 3658 4437 prius

2053 4456 2424 4525 acquiescere,
2455 4470 2613 4525 quam
2641 4456 2752 4525 ipsa
2777 4457 3228 4528 recuperaverint.
3256 4457 3514 4525 Quoniam
3540 4459 3656 4530 igi-

2054 4556 2143 4606 tur
2185 4549 2485 4619 paradisum
2526 4549 2874 4619 perdideras,
2925 4565 3030 4605 non
3070 4551 3259 4607 cadum
3305 4551 3396 4605 tibi
3436 4561 3655 4610 tantum

2053 4641 2276 4711 largitus
2313 4650 2428 4706 cst,
2467 4641 2561 4696 sed
2595 4651 2649 4696 et
2689 4640 2991 4711 paradisum
3020 4650 3075 4697 et
3098 4641 3319 4698 caelum.
3345 4641 3510 4697 Hodie
3536 4661 3656 4698 me-

2053 4753 2170 4790 cum
2214 4736 2312 4790 eris
2358 4737 2411 4790 in
2454 4736 2692 4806 paradiso
2733 4734 2882 4805 (Luc.
2913 4735 3002 4790 ΞΖ).
3037 4735 3130 4806 45)
3151 4776 3168 4803 ,
3200 4736 3371 4806 inquit
3399 4755 3412 4790 :
3443 4745 3500 4790 ut
3531 4754 3653 4797 non

2054 4828 2214 4884 modo
2251 4828 2521 4885 additione
2562 4829 2856 4896 majorum,
2897 4829 2991 4885 sed
3028 4829 3187 4885 etiam
3215 4846 3392 4886 rerum
3421 4830 3653 4886 amissa-

2054 4937 2171 4976 rqu
2201 4923 2605 4992 recuperatione
2634 4922 2902 4978 dolentem
2928 4923 3158 4978 animam
3185 4923 3502 4979 consoletur.
3530 4923 3651 4983 Sed

2053 5015 2118 5070 ad
2163 5015 2266 5071 hoc
2306 5016 2478 5086 ipsum
2521 5017 2883 5086 propositum,
2916 5017 2962 5071 si
3003 5016 3214 5086 placet,
3240 5016 3509 5072 veniamus
3531 5056 3545 5081 ,
3578 5034 3651 5074 ac

2053 5109 2346 5173 videamus,
2376 5124 2480 5179 quo
2501 5119 2656 5180 pacto
2677 5110 2907 5180 linguam
2931 5108 3338 5178 perdiderimus.
3361 5107 3472 5162 Non
3494 5110 3650 5166 enim

2053 5201 2396 5257 mediocriter
2416 5204 2654 5257 conferet
2675 5203 2740 5257 ad
2768 5201 3108 5258 securitatem
3135 5201 3376 5257 historia.
3399 5201 3524 5260 Nam
3547 5205 3648 5272 qui

2056 5296 2293 5364 pristinae
2321 5295 2622 5350 securitatis
2651 5295 2867 5350 modum
2893 5295 3170 5365 cognovit,
3199 5295 3253 5349 in
3276 5293 3490 5364 reliquis
3515 5308 3645 5348 cau-

2057 5388 2160 5442 tior
2184 5390 2288 5442 erit
2312 5397 2365 5442 et
2389 5387 2646 5443 securior.
2678 5387 2866 5458 Operae
2893 5387 3118 5457 pretium
3150 5395 3231 5440 cst
3251 5394 3425 5439 autem
3447 5394 3500 5438 ut
3520 5401 3646 5440 orn-

2056 5482 2142 5536 nia
2172 5481 2324 5536 vobis
2349 5481 2593 5537 dicantur
2622 5499 2636 5536 :
2667 5481 2827 5552 quale
2855 5491 2970 5548 est,
3000 5495 3158 5535 unam
3185 5478 3349 5534 fuisse
3375 5477 3643 5547 quondam

2055 5575 2293 5631 omnium
2322 5575 2595 5630 hominum
2622 5574 2854 5644 linguam
2880 5583 3041 5643 atque
3068 5574 3120 5628 in
3146 5571 3341 5626 multas
3362 5579 3537 5640 postea
3561 5571 3640 5623 di-

2057 5670 2228 5735 visam
2264 5685 2387 5729 esse
2436 5687 2451 5726 :
2501 5669 2569 5732 ad
2611 5667 2755 5742 quod
2795 5680 3009 5742 tempus
3037 5680 3205 5742 usque
3235 5680 3339 5725 una
3367 5663 3520 5722 fuerit
3545 5707 3558 5733 ,
3580 5675 3638 5726 et
