1869 3137
208 118 255 147 181

208 183 257 201 σαν
269 174 298 200 αἱ
313 172 404 198 λοιπαί
417 180 423 187 ·
436 171 480 197 διὰ
493 171 519 198 τί
533 171 676 207 συνεχύθη,
690 171 737 198 καὶ
751 171 784 198 ἐκ
795 169 874 200 ποίας
887 167 973 198 αἰτίας
982 172 989 180 °

207 215 266 244 εἷτα
286 216 350 251 ποίᾳ
364 215 464 241 τούτων
480 215 532 241 τῶν
548 215 652 241 πολλῶν
668 214 763 249 φωνῶν
781 215 797 248 ἡ
814 211 920 240 Παλαιά
934 220 993 238 συν-

206 261 294 287 έκειτο
307 259 427 294 Διαθήκη
440 268 445 273 ·
459 259 501 285 διὰ
512 258 565 294 γὰρ
578 259 684 292 ἐκείνην
701 258 789 284 πάντα
804 257 890 283 ταῦτα
904 256 994 290 ἐκινή-

207 313 293 339 σαμεν
309 312 316 318 ·
335 303 447 338 πότερον
467 305 499 338 τῇ
521 303 622 339 ἀρχαίᾳ
642 303 687 329 καὶ
707 301 888 337 πρεσϐυτέρᾳ,
904 300 920 336 ἢ
935 301 994 330 ταῖς

207 347 317 382 ὕστερον
332 346 584 381 ὲπεισενεχθείσαις.
599 346 677 372 Ἀλλά
690 346 726 381 μὴ
735 345 840 380 δείσητε
855 353 862 359 ·
877 343 928 370 κᾶν
940 342 994 378 γὰρ
1022 347 1041 359 ⁶

207 393 245 429 μὴ
258 394 375 429 τήμερον
394 392 500 419 ἅπαντα
516 391 674 427 δυνηθῶμεν
684 390 837 423 ἀποδοῦναι,
850 389 916 416 ἁλλά
928 389 995 415 πάν-

205 446 260 469 τως
277 437 340 472 ὑμῖν
356 436 530 471 ἀποδώσομεν
546 435 669 470 ὕστερον.
691 434 768 465 Τίνος
779 431 830 471 ¹οὖν
847 434 938 460 ἕνεκεν
957 432 994 468 μὴ

206 479 349 516 μέλλοντες
362 480 468 507 ᾶπαντα
484 480 602 514 τήμερον
617 478 784 510 ἀποδιδόναι,
802 477 927 504 ἀπάντων
941 476 995 503 τῶν

206 524 369 559 ὀφλημάτων
376 523 424 559 τὴν
434 523 561 550 ὑπόθεσιν
573 523 636 558 ὑμῖν
652 522 824 557 ἀνέγνωμεν;
840 522 898 548 Ἵνα
912 529 995 556 προσ-

205 568 337 600 δοκῶντες
357 568 405 603 τὴν
430 562 570 599 ἀπόδοσιν,
588 567 734 598 διαπαντὸς
754 566 822 593 κατὰ
842 566 903 593 νοῦν
922 566 995 600 ἡμᾶς

206 612 296 647 ἔχητε.
311 612 366 638 Καὶ
380 611 433 647 γὰρ
445 612 462 640 ,ὁ
477 612 588 647 χρυσίον
601 611 654 638 τινὶ
668 610 802 642 δανείσας,
816 610 862 638 καὶ
876 609 995 636 ὑπεύθυ-

206 666 250 683 νον
260 656 327 692 ἔχων
337 656 384 682 τοῦ
396 656 560 692 ὀφλήματος,
572 657 619 683 καὶ
629 657 657 683 ἐν
668 655 801 692 τραπέζῃ,
811 664 857 682 και
868 656 897 681 ἐν
909 655 993 690 οἰκίᾳ,

207 701 254 728 καὶ
267 702 296 727 ἐν
311 702 408 736 ἀγορᾷ,
426 701 472 728 καὶ
487 702 515 727 ὲν
529 700 621 737 κλίνῃ,
642 701 689 728 καὶ
706 699 843 735 πανταχοῦ
858 700 904 726 τὸν
923 699 996 734 ὀφεί-

205 744 286 772 λοντα
304 744 378 779 αὺτῷ
397 743 559 779 φαντάζεται
580 745 627 771 καὶ
644 743 829 779 ὀνειροπολεῖ·
844 743 891 770 καὶ
909 744 923 770 6
940 743 995 769 τῶν

205 789 354 825 χρημάτων
365 789 433 824 ἐρως
446 788 514 824 μετά
527 788 580 815 τῶν
590 788 737 826 χρημάτων
750 788 876 814 κάκεῖνον
888 787 933 813 ἐπὶ
946 787 995 822 τῆς

205 832 254 859 τοῦ
268 832 446 864 δεδανεικότος
459 833 530 858 ποιεῖ
539 831 682 863 διαπαντὸς
692 830 885 866 περιφέρεσθαι
896 830 993 865 ψυχῆς.

207 877 267 903 Ἵνα
282 874 328 903 οὖν
344 876 390 903 καὶ
404 877 483 911 ἡμεῖς
494 877 526 911 τῇ
538 875 625 902 ἐλπίδι
639 875 689 910 τῆς
704 875 855 906 ἀποδόσεως
870 873 995 909 ἐσώμεθα

206 920 350 952 διαπαντὸς
365 921 394 946 ἐν
410 920 470 951 ταῖς
487 920 633 954 ὑμετέραις
651 919 790 950 διανοίαις,
807 919 853 944 καὶ
869 919 898 944 ἐν
911 918 995 953 οἰκίᾳ,

206 964 254 990 καὶ
268 965 297 989 ἐν
314 964 415 999 ἀγορᾷ,
433 963 480 990 καὶ
493 963 559 989 ὅπου
573 963 595 989 δ’
613 962 646 989 ἂν
661 960 721 998 ἦτε,
738 962 781 989 διὰ
798 961 876 989 τοῦτο
892 961 927 988 τά
947 962 996 997 μὲν

206 1008 351 1043 ὀφλήματα
362 1008 587 1043 ὡμολογήσαμεν,
599 1007 647 1042 τὴν
662 1007 690 1033 δέ
704 1007 831 1034 ἀπόδοσιν
845 1006 952 1033 ἃπασαν
964 1006 995 1033 ού

209 1051 358 1087 ποιούμεθα
370 1052 497 1087 σήμερον,
510 1051 553 1078 ἴνα
564 1052 596 1086 τῇ
610 1050 756 1086 προσδοκίᾳ
767 1050 819 1077 τῶν
831 1050 997 1085 λειπομένων

207 1095 333 1121 ὑπόθεσιν
341 1095 390 1129 τῆς
403 1095 465 1130 περὶ
473 1095 490 1130 ή
495 1094 551 1130 μῶν
562 1095 670 1130 μνήμης
681 1095 746 1130 παρ’
755 1094 819 1130 ὑμῖν
827 1094 996 1129 καταλείψω-

209 1147 267 1174 μεν.
275 1138 386 1173 Μεγάλη
395 1138 448 1174 γὰρ
456 1138 533 1173 ἡμῶν
541 1138 685 1172 ἀσφάλεια,
691 1138 739 1174 τῆς
746 1139 880 1174 ὑμετέρας
888 1139 997 1174 ἀγάπης

207 1182 351 1208 ἀπολαύειν
357 1182 428 1218 διηνε
432 1182 496 1213 κῶς,
501 1181 526 1218 [1
531 1181 575 1218 87]
583 1182 614 1217 δή
618 1191 668 1217 μου
676 1182 796 1209 τοιούτου
803 1183 849 1209 καὶ
858 1182 995 1210 τοσούτου.

213 1225 243 1252 ‘0
254 1226 307 1261 γάρ
314 1226 422 1261 ἀγάπης
430 1225 582 1263 ἀπολαύων,
591 1225 637 1253 καὶ
645 1227 726 1261 εὐχῆς
735 1227 918 1255 ἀπολαύσεται
931 1226 998 1253 πάν-

207 1269 388 1302 τως.Τοῦτοδὲ
395 1270 485 1305 ἡλίκον
491 1270 563 1296 ἐστὶν
570 1270 680 1304 ἀγαθὸν,
687 1270 765 1305 δῆλον
772 1270 886 1306 ἐκεῖθενᾲ
893 1270 996 1303 Παῦλος

207 1314 320 1347 ἐκεῖνος,
328 1315 389 1346 ὸείς
398 1315 488 1350 τρίτον
496 1315 631 1351 ἀρπαγεὶς
641 1315 764 1350 οὐρανὸν,
772 1317 785 1342 6
795 1316 904 1351 ῥήματα
914 1316 980 1343 ἀκού
987 1330 996 1336 -

209 1367 258 1391 σας
273 1359 388 1395 ἀῤῥητα,
402 1360 417 1386 6
430 1358 519 1390 πάσας
535 1360 734 1395 καπαπατήσας
750 1360 799 1390 τάς
814 1359 936 1394 ἀνάγκας
949 1360 997 1395 τῆς

208 1404 340 1437 φύσεωςρ
347 1405 375 1430 ὲν
383 1402 612 1439 ἀσφαλείατελείᾳ
619 1403 711 1430 λοιπὸν
720 1402 854 1436 ὣν,ἐδεῖτο
862 1405 910 1431 καὶ
915 1404 997 1440 εὐχῆς

207 1447 261 1474 τῶν
275 1447 413 1483 μαθητῶν,
422 1448 469 1475 καὶ
490 1448 566 1482 ἔλεγε
583 1456 589 1463 ·
599 1448 807 1482 Προσεύχεσθε
823 1448 899 1483 ὑπὲρ
911 1449 995 1484 ἐμοῦ,

208 1490 258 1518 ινα
264 1492 367 1525 ῥυσθῶ
374 1492 432 1519 ἀπὸ
440 1491 499 1518 τῶν
512 1492 714 1519 ἀπειθούντων
724 1501 731 1508 ·
746 1492 792 1519 καὶ
802 1493 891 1524 πάλιν,
901 1494 997 1527 Προσ-

207 1537 344 1570 εύχεσθε,
355 1537 404 1564 ἵνα
416 1545 466 1571 μοι
478 1536 552 1571 δοθῇ
563 1537 650 1571 λόγος
660 1537 694 1563 ἐν
701 1536 814 1569 ἀνοίξει
825 1537 877 1564 τοῦ
887 1538 997 1572 στόμα-

207 1580 260 1613 τός
276 1589 346 1615 μου.
364 1580 418 1607 Καὶ
441 1579 578 1616 πανταχοῦ
601 1581 682 1615 ὁρᾶτε
703 1581 782 1608 αὐτὸν
805 1580 851 1607 καὶ
872 1581 997 1608 αἰτοῦντα

206 1625 257 1656 τὰς
278 1623 360 1659 εὐχὰς
379 1623 433 1651 τῶν
451 1624 588 1660 μαθητῶν,
609 1625 656 1651 καὶ
675 1624 886 1660 εὐχαριστοῦντα
905 1625 997 1656 αὐτοῖς

205 1666 285 1703 μετά
295 1668 325 1695 τὸ
339 1668 440 1696 λαϐεῖν.
455 1669 514 1695 Ἵνα
526 1668 580 1704 γὰρ
596 1668 633 1704 μὴ
645 1668 710 1704 λέγῃ
729 1677 778 1701 τις,
793 1668 833 1695 ὅτι
847 1668 890 1695 διὰ
903 1676 997 1695 ταπει-

207 1713 373 1749 νοφροσύνην
390 1713 556 1747 καταφεύγει
570 1714 615 1740 ἐπὶ
628 1713 677 1745 τὰς
690 1712 771 1748 εὐχὰς
787 1713 841 1739 τῶν
857 1712 996 1748 μαθητῶν,

208 1757 343 1783 δείκνυσιν
363 1757 450 1783 αὐτῶν
466 1757 512 1784 καὶ
530 1757 579 1792 τὴν
593 1756 717 1792 δύναμιν,
735 1757 805 1784 οὕτω
819 1757 905 1791 λέγων
915 1765 923 1773 ·
945 1758 997 1790 '0;-

209 1800 243 1828 ἐκ
259 1801 440 1834 τηλικούτων
454 1800 588 1827 θανάτων
602 1800 748 1835 ἐρῤὐσατο
762 1799 840 1835 ἡμᾶς
851 1809 858 1816 ·
871 1794 998 1834 ἠλπίκα-

207 1852 264 1880 μεν
285 1844 319 1870 δὲ
341 1843 385 1871 ὅτι
407 1843 457 1870 καὶ
474 1844 613 1878 ῥύσεται,
636 1844 926 1878 συνυπουργούντων
947 1844 996 1872 καί

208 1887 293 1923 ὑμῶν
303 1887 341 1922 τῇ
352 1888 454 1922 δεήσει
469 1887 543 1922 ὑπὲρ
558 1886 651 1922 ἡμῶν,
664 1888 714 1914 ἵνα
725 1888 757 1914 τὸ
771 1889 814 1921 εις
826 1887 904 1923 ἡμᾶς
916 1888 998 1923 χάρι-

209 1938 272 1966 σμα
286 1931 334 1958 διὰ
346 1930 469 1958 πολλῶν
483 1930 686 1965 εὐχαριστηθῇ
704 1932 781 1966 ὑπὲρ
794 1931 888 1966 ἡμῶν.

244 1975 276 2001 Εἰ
299 1974 327 2001 δὲ
348 1974 451 2001 Παῦλον
471 1974 600 2001 κινδύνων
619 1973 770 2010 ἀπήλλαξεν
788 1976 805 2009 ἡ
817 1975 864 2001 τοῦ
880 1974 997 2011 πλήθους

210 2018 289 2055 εὐχὴ,
306 2018 364 2050 πῶς
382 2018 412 2045 οὐ
436 2017 540 2053 μεγάλα
558 2017 599 2044 δεῖ
618 2017 769 2053 προσδοκᾷν
787 2018 834 2045 καὶ
853 2019 927 2055 ἡμᾶς
943 2018 997 2046 ἀπὺ

208 2063 310 2099 ταύτης
331 2061 524 2098 καρπώσεσθαι
544 2062 592 2095 τῆς
610 2062 791 2098 προστασίας;
816 2062 924 2098 Ἐπειδὴ
942 2063 996 2099 γὰρ

206 2107 272 2141 ,καθ’
285 2107 552 2143 ἐαυτοῦςεὺχόμενοι
567 2106 690 2139 ἀσθενεῖς
704 2107 797 2142 ἐσμεν,
811 2107 875 2134 ὅταν
889 2107 918 2134 δὲ
934 2107 996 2134 συλ-

210 2151 342 2188 λεγῶμεν,
361 2151 464 2187 ἰσχυροὶ
479 2150 609 2185 γινόμεθα
628 2150 738 2186 μᾶλλον.
756 2150 932 2186 δυσωποῦμεν
950 2151 996 2178 τὸν

210 2195 275 2221 θεὸν
288 2194 326 2229 τῷ
340 2194 437 2230 πλήθει
451 2194 498 2228 καὶ
506 2195 538 2229 τῇ
550 2193 703 2229 συμμαχίᾳ.
715 2193 793 2221 Οὕτω
810 2194 857 2220 καὶ
871 2194 997 2229 βασιλεὺς

210 2238 340 2270 πολλάκις
358 2238 419 2265 τινὰ
440 2237 625 2273 παραπέμψας
637 2237 752 2271 θανάτῳ,
769 2237 808 2264 ἐνὶ
823 2237 872 2272 μὲν
884 2238 934 2265 οὐκ
947 2238 997 2265 ἐπ-

210 2281 301 2308 ένευσε
314 2281 433 2317 δεομένῳ
445 2281 507 2317 περὶ
525 2281 572 2307 τοῦ
593 2280 845 2312 καταδικασθέντος,
868 2281 945 2307 πόλιν
967 2281 996 2308 δὲ

209 2325 352 2361 ὀλόκληρον
371 2324 582 2361 παρακαλοῦσαν
599 2324 770 2360 ἐδυσωπήθη.
787 2324 889 2351 καὶτὸν
902 2320 947 2351 ἐπὶ
965 2325 996 2352 τὸ

210 2370 344 2407 βάραθρον
355 2369 527 2405 ἀπαγόμενον
539 2370 583 2396 διὰ
593 2369 624 2396 τὸ
638 2368 738 2405 πλῆθος
746 2368 799 2395 τῶν
808 2368 995 2404 παρακαλούν-

208 2424 263 2442 των
281 2414 420 2450 ἐξήρπασε
436 2414 486 2450 τῆς
505 2413 662 2449 καταδίκης,
677 2414 723 2440 καὶ
740 2412 808 2450 πρὸς
820 2412 892 2449 ζωὴν
911 2414 995 2440 ἐπαν-

209 2460 306 2494 ήγαγε.
315 2459 438 2493 Τοσαύτη
453 2459 470 2493 ἡ
484 2458 597 2494 δύναμις
612 2458 661 2493 τῆς
670 2457 717 2485 τοῦ
728 2457 844 2493 πλήθους
856 2458 995 2494 ἱκετηρίας

210 2502 277 2530 ἐστι.
289 2502 337 2528 Διά
352 2502 430 2528 τοῦτο
443 2502 489 2528 καὶ
501 2502 617 2529 ἐνταῦθα
628 2501 811 2535 συλλεγόμεοα
827 2501 937 2533 πάντες,
951 2502 994 2528 ῖνα

211 2546 339 2582 μειζόνως
351 2548 390 2577 εἰς
402 2544 491 2573 οἶκτον
505 2546 719 2581 ἐπισπασώμεθα
734 2547 778 2573 τὸν
793 2546 868 2573 Θεόν.
885 2546 994 2581 Ἐπειδὴ

209 2589 263 2625 γὰρ
271 2589 330 2616 καθ’
339 2590 451 2621 ἑαυτοὺς
459 2590 608 2625 εὐχόμενοι,
622 2590 711 2621 καθὼς
719 2587 803 2625 ἔφθην
811 2589 906 2622 εἰπὼν,
915 2590 995 2616 ἀσθε-

209 2635 264 2666 νεῖς
272 2635 363 2669 ἐσμεν,
371 2634 425 2661 ἀπὸ
432 2634 478 2660 τοῦ
489 2634 635 2668 συνδέσμου
644 2634 692 2668 τῆς
702 2634 811 2669 ἀγάπης
817 2633 993 2669 δυσωποῦμεν

211 2678 254 2705 τὸν
273 2678 339 2704 Θεὸν
361 2677 451 2704 δοῦναι
470 2679 534 2713 ἡμῖν
555 2678 590 2704 τὰ
610 2677 766 2713 αἰτούμενα.
786 2677 877 2704 Ταῦτα
899 2677 926 2704 δὲ
944 2678 993 2713 οὐχ

206 2717 302 2753 λάπλῶς
318 2720 403 2755 λέγω,
424 2721 483 2747 οὐδὲ
503 2721 536 2748 δι’
556 2721 672 2757 ἐμαυτὸν
696 2722 789 2757 μόνον,
809 2722 866 2748 ἀλλ’
885 2721 927 2748 ἵνα
949 2722 993 2749 ἀεὶ

211 2763 343 2799 σπεύόητε
361 2765 402 2796 εἰς
413 2764 461 2796 τὰς
478 2763 611 2798 συνάξεις,
631 2765 674 2791 ἵνα
694 2766 731 2800 μὴ
750 2765 858 2800 λέγητε·
879 2766 910 2792 Τί
926 2766 991 2800 γὰρ,

210 2809 239 2835 ὲν
253 2809 286 2844 τῇ
301 2808 373 2843 οἰκίᾳ
384 2809 413 2835 οὐ
424 2809 540 2844 δύναμαι
562 2809 703 2842 εὖξασθαι;
717 2809 833 2836 Λύνασαι
851 2810 900 2845 μὲν
914 2810 992 2843 εὖξα-

211 2851 283 2884 σθαι,
297 2852 328 2879 οὒ
345 2852 476 2888 τοσαύτην
492 2852 520 2879 δὲ
534 2852 646 2890 δύναμιν
665 2853 721 2889 ἔχει
740 2854 756 2889 ἡ
771 2854 853 2890 εὐχὴ,
874 2854 911 2886 ὡς
925 2855 987 2881 ὅταν

566 115 596 142 S.
615 112 758 142 JOANNIS
774 107 1015 140 CHRYSOSTOMI
1031 107 1190 138 ARCHIEP.
1209 107 1479 137 CONSTANTINOP.

1777 107 1839 136 182

1047 165 1116 200 μετά
1131 166 1185 193 τῶν
1206 165 1294 202 μελῶν
1307 166 1361 193 τῶν
1377 166 1483 193 οἰκείων
1501 165 1619 201 γίνηται,
1639 164 1676 196 ὡς
1693 164 1757 192 ὅταν
1770 165 1839 191 6M-
1860 195 1861 199 η

1042 207 1141 243 κληρον
1162 208 1192 235 τὺ
1214 208 1293 244 σῶμα
1313 209 1363 243 τῆς
1389 207 1550 243 Ἐκκλησίας
1576 206 1745 242 ὁμοθυμαδὸν
1766 207 1838 235 ἀνα-

1043 249 1139 284 πέμπῃ
1154 249 1202 285 τὴν
1219 249 1310 284 δέησιν
1329 250 1378 285 μιᾷ
1394 250 1485 285 φωνῇ,
1503 249 1597 284 ἱερέων
1612 248 1762 283 παρόντων,
1783 247 1837 275 καὶ
1860 248 1861 261 ‘

1042 290 1091 322 τὰς
1104 290 1185 325 εὐχὰς
1197 290 1243 317 τοῦ
1255 290 1344 318 κοινοῦ
1360 290 1484 326 πλήθους,
1490 290 1687 326 ἀναφερόντων.

1079 362 1110 385 ε’.
1124 358 1218 385 Βούλει
1228 359 1321 394 μαθεῖν
1335 359 1404 395 πόση
1417 359 1513 395 ἐστὶνὴ
1522 358 1636 394 δύναμις
1644 358 1694 394 τῆς
1707 358 1791 394 εὐχῆς
1804 359 1836 385 ἐν

1045 401 1077 435 τῇ
1095 399 1228 436 ἐκκλησίᾳ
1244 400 1407 436 γινομένης;
1428 400 1547 428 Ὲδέδετο
1563 402 1577 427 6
1593 400 1696 436 Πέτρος
1714 400 1780 427 ποτὲ
1803 400 1835 426 ἐν

1044 442 1083 476 τῷ
1107 442 1309 478 δεσμωτηρίῳη
1323 443 1370 469 καὶ
1396 442 1504 474 ἁλύσεις
1534 443 1687 478 περιέκειτο
1718 442 1834 474 mna;-

1045 476 1202 511 Προσεύχὴ
1227 476 1276 504 δὲ’
1289 476 1329 513 ἦν
1353 477 1477 511 ὲκτενὴς
1504 476 1835 512 ὑπάτῆςἙκκλησίας

1045 518 1110 552 περὶ
1133 518 1226 545 αὐτοῦ
1249 518 1400 554 γινομένη,
1418 519 1468 546 καὶ
1486 519 1594 552 εὐθέως
1616 520 1709 547 αὑτὸν
1732 518 1836 552 ἀπήλ-

1044 559 1119 591 λαξε
1131 559 1184 586 τοῦ
1199 559 1410 594 δεσμωτηρίου.
1425 560 1458 586 Τί
1468 560 1556 588 τοίνυν
1569 560 1751 596 δυνατώτερον
1765 559 1836 587 ταύ-

1044 609 1096 635 της
1128 601 1224 635 γένοιτ’
1252 602 1285 629 ἃν
1310 602 1361 637 τῆς
1389 603 1480 638 εὐχῆς.
1507 603 1524 638 ἢ
1554 603 1617 634 τοὺς
1645 602 1757 634 στύλους
1784 602 1835 629 καὶ

1039 642 1167 676 πύργους
1184 642 1233 677 τῆς
1252 643 1414 679 Ἐκκλησίας
1428 644 1568 679 ὡφέλησε;
1588 643 1694 676 Παῦλος
1713 644 1768 679 γὰρ
1786 643 1835 670 καὶ

1045 684 1147 719 Πέτρος
1169 684 1268 720 πύργοι
1287 685 1334 711 καὶ
1353 684 1443 712 στῦλοι
1458 685 1507 720 τῆς
1529 684 1698 720 Ἐκκλησίας·
1720 685 1769 712 καὶ
1785 685 1834 712 τοῦ

1047 725 1096 761 μὲν
1112 725 1145 752 τὰ
1160 725 1247 761 δεσμὰ
1262 726 1350 758 ἔλυσε,
1361 727 1409 753 τοῦ
1423 726 1452 753 δὲ
1462 727 1492 754 τὸ
1503 727 1590 763 στόμα
1604 727 1720 762 ἀνέῳξεν
1732 733 1757 755 ι.
1774 727 1835 754 Ἵνα

1044 767 1073 793 δὲ
1089 767 1126 802 μὴ
1143 767 1223 802 μόνον
1240 767 1294 797 ἀπὸ
1307 768 1360 795 τῶν
1371 768 1431 795 τότε
1447 769 1616 804 συμϐάντων.
1636 769 1704 796 ἀλλὰ
1716 769 1764 795 καὶ
1778 769 1834 795 ἀπὸ

1045 809 1098 835 τῶν
1128 809 1188 836 καθ’
1211 809 1328 844 ἑκάστην
1352 810 1518 845 τελουμένων
1535 811 1583 847 τὴν
1604 811 1719 847 ἡμέραν.
1734 811 1835 845 διπλῆν

1045 850 1094 885 τὴν
1110 851 1224 886 δύναμιν
1245 851 1422 887 ἐπιδείξωμεν
1444 851 1530 889 [188],
1552 854 1634 889 αύτῆς
1649 854 1698 889 τῆς
1713 853 1767 880 ὑπὸ
1785 852 1835 880 τοῦ

1045 893 1130 928 δήμου
1150 893 1294 929 γινομένης
1309 894 1391 930 εὐχῆς
1416 895 1487 930 ὑμᾶς
1509 896 1719 931 ἀναμνήσωμεν.
1734 895 1835 923 Καίτοι

1045 943 1077 969 γε
1099 934 1127 961 εἴ
1149 943 1192 966 τις
1212 936 1265 962 τῶν
1288 935 1391 962 πολλῶν
1411 936 1488 971 ὑμῶν
1506 937 1520 957 1³
1539 937 1689 969 ἐπιτάξιιεν
1706 936 1836 972 εὔχεσθαι

1046 975 1107 1003 καθ’
1123 976 1218 1003 ἑαυτὸν
1233 977 1303 1012 ὑπὲρ
1318 977 1367 1012 τῆς
1379 977 1426 1004 τοῦ
1440 978 1589 1005 ἐπισκόπου
1606 979 1753 1014 σωτηρίας.
1766 978 1837 1005 ἑκα-

1048 1027 1110 1051 στος
1128 1019 1161 1046 ἃν
1174 1020 1382 1056 παραιτήσαιτο,
1395 1020 1434 1052 ὡς
1447 1021 1538 1056 μεῖζον
1551 1021 1581 1047 τὸ
1596 1022 1707 1057 φορτίον
1717 1021 1768 1056 τῆς
1784 1021 1836 1047 a6-

1045 1060 1093 1088 τοῦ
1109 1061 1249 1096 δυνάμεως
1262 1061 1302 1088 ὂψ
1315 1064 1390 1097 κοινῇ
1406 1062 1436 1089 δὲ
1450 1063 1548 1094 πάντες
1557 1063 1700 1094 ἀκούοντες
1714 1061 1762 1090 τοῦ
1777 1063 1837 1090 δια-

1046 1102 1125 1129 κόνου
1154 1102 1233 1129 τοῦτο
1263 1102 1419 1136 κελεύοντος
1448 1104 1496 1131 καὶ
1522 1104 1659 1139 λέγοντος.
1681 1103 1837 1138 Δεηθῶμεν

1045 1144 1122 1178 ὑπὲρ
1146 1143 1200 1171 τοῦ
1225 1144 1403 1178 ἐπισκόπου,
1427 1146 1476 1173 καὶ
1497 1146 1551 1173 τοῦ
1576 1146 1682 1181 γήρως,
1705 1145 1755 1172 καὶ
1778 1145 1836 1178 τῆς

1047 1186 1234 1220 ἀντιλήψεως
1248 1191 1271 1218 ε,
1298 1186 1347 1214 καὶ
1366 1188 1416 1214 ἶνα
1436 1187 1581 1222 ὀρθοτομῇ
1599 1187 1653 1214 τὸν
1667 1188 1761 1221 λόγον
1780 1187 1836 1220 τῆς

1046 1228 1198 1261 ἀληθείας,
1222 1228 1271 1254 καί
1293 1228 1368 1263 ὑπὲρ
1388 1228 1448 1255 τῶν
1465 1229 1604 1260 ἐνταῦθα,
1618 1229 1666 1256 καί
1683 1228 1760 1263 ὑπὲρ
1776 1228 1836 1256 τῶν

1047 1269 1231 1304 ἁπανταχοῦ,
1254 1270 1285 1296 οὐ
1315 1270 1491 1304 παραιτεῖσθε
1520 1272 1605 1297 ποιεῖν
1624 1271 1655 1297 τὸ
1680 1271 1835 1306 ἐπίταγμα,

1048 1311 1115 1338 ἀλλά
1133 1313 1191 1347 μετ’
1204 1312 1339 1344 ἐκτενείας
1351 1312 1501 1348 ἀναφέρετε
1513 1312 1562 1347 τὴν
1573 1313 1665 1348 εὐχὴν,
1676 1312 1777 1344 εἰδότες
1786 1314 1836 1348 τῆς

1048 1353 1182 1390 ὑμετέρας
1196 1354 1304 1380 συνόδου
1323 1354 1372 1389 τὴν
1390 1354 1513 1390 δύναμιν.
1527 1355 1630 1381 Ἴσασιν
1644 1355 1669 1381 οι
1688 1355 1835 1390 μεμυημέ-

1046 1404 1086 1422 νοι
1107 1395 1142 1422 τὰ
1166 1395 1308 1431 λεγόμενα·
1329 1397 1362 1431 τῇ
1386 1396 1441 1431 γὰρ
1461 1396 1527 1432 εὐχῇ
1549 1397 1604 1423 τῶν
1623 1396 1836 1431 κατηχουμένων

1047 1437 1152 1463 οὐδέπω
1165 1437 1462 1473 τοῦτοτέπιτέτραπται,
1474 1437 1568 1473 ἐπειδὴ
1580 1438 1688 1471 οὐδέπω,
1700 1437 1770 1472 πρὸς
1785 1437 1835 1473 τὴν

1046 1479 1202 1514 παρρησίαν
1229 1479 1349 1513 ἔφθασαν
1371 1479 1482 1513 ταύτην·
1503 1479 1567 1514 ὑμῖν
1588 1479 1615 1505 δὲ
1637 1479 1683 1506 καὶ
1699 1479 1771 1515 ὑπὲρ
1785 1480 1837 1514 τῆς

1046 1521 1218 1555 οἰκουμένης,
1234 1521 1281 1548 καὶ
1295 1521 1365 1556 ὑπὲρ
1378 1521 1428 1556 τῆς
1444 1521 1605 1556 Ἐκκλησίας
1618 1522 1667 1557 τῆς
1684 1521 1766 1557 μέχρι
1784 1530 1835 1548 πε-

1048 1562 1135 1598 ράτων
1147 1562 1196 1597 τῆς
1212 1562 1264 1597 γῆς
1280 1563 1473 1599 ὲκτεταμένης,
1485 1563 1533 1590 καὶ
1547 1563 1618 1598 ὑπὲρ
1629 1563 1683 1590 τῶν
1701 1564 1836 1598 διοικούν-

1046 1613 1100 1630 των
1114 1603 1198 1639 αὐτὴν
1210 1604 1367 1631 ἐπισκόπων
1382 1604 1508 1632 ἀπάντων
1522 1605 1734 1640 παρακελεύεται
1746 1608 1835 1633 ποιεῖ-

1048 1646 1110 1673 σθαι
1126 1646 1175 1678 τὰς
1190 1646 1294 1682 δεήσεις
1309 1647 1323 1673 ὁ
1338 1646 1450 1679 ταύταις
1463 1647 1603 1680 διακονῶν,
1618 1648 1666 1674 καὶ
1681 1648 1836 1685 ύπακούετε

1049 1688 1117 1724 μετά
1127 1689 1290 1725 προθυμίας,
1302 1689 1374 1725 ἔργῳ
1392 1690 1601 1726 μαρτυροῦντες,
1616 1690 1656 1717 ὅτι
1669 1690 1774 1726 μεγάλη
1786 1691 1836 1727 τῆς

1047 1730 1130 1765 εὐχῆς
1154 1730 1171 1764 ή
1194 1729 1308 1765 δύναμις
1327 1732 1376 1766 τῆς
1400 1732 1428 1757 ἐν
1453 1731 1585 1767 ἐκκλησίᾳ
1603 1732 1657 1759 ἀπὸ
1675 1732 1723 1759 τοῦ
1745 1732 1836 1768 δήμου

1048 1770 1198 1807 συμφώνως
1223 1772 1429 1808 ἀναφερομένης
1454 1773 1536 1801 ἐστίν.
1555 1773 1636 1800 Ἀλλά
1657 1773 1712 1809 γὰρ
1734 1774 1784 1800 ἐπὶ
1805 1774 1837 1801 τὸ

1047 1812 1225 1848 προκείμενον
1239 1814 1403 1849 ἐπανίωμεν,
1418 1815 1458 1841 ὅτι
1474 1814 1521 1850 μία
1535 1816 1609 1850 φωνή
1624 1813 1657 1851 ἦν
1667 1816 1697 1842 τὸ
1707 1816 1834 1843 παλαιόν.

1048 1854 1132 1881 Πόθεν
1146 1853 1192 1881 οὖν
1206 1854 1294 1889 δῆλον,
1308 1856 1349 1882 ὅτι
1370 1855 1419 1890 μία
1435 1856 1510 1891 φωνὴ
1523 1855 1571 1892 ἦνς
1590 1857 1645 1883 Καὶ
1659 1854 1700 1892 ἦν
1712 1857 1800 1885 πᾶσα
1814 1859 1835 1892 ἠ

1047 1896 1095 1931 γῆ,
1110 1897 1186 1931 φησὶ,
1207 1896 1308 1931 χεῖλος
1322 1897 1365 1924 ἓν.
1390 1897 1505 1933 ’Δσαφὲς
1521 1898 1551 1925 τὸ
1565 1899 1718 1935 εἰρημένον.
1741 1899 1774 1926 Ἡ
1798 1900 1835 1935 γῆ

1046 1938 1134 1974 χεῖλος
1149 1938 1222 1974 ἐχει;
1243 1938 1385 1973 οὐδαμῶς.
1400 1939 1433 1965 Τί
1450 1937 1496 1967 οὖν
1512 1948 1588 1975 φησι,
1603 1940 1651 1967 καὶ
1664 1941 1729 1975 περὶ
1742 1941 1835 1974 τίνος;

1047 1979 1084 2006 οὐ
1106 1980 1171 2015 περὶ
1190 1979 1291 2015 ταύτης
1305 1980 1378 2014 λέγει
1399 1981 1448 2016 τῆς
1467 1981 1519 2016 γῆς
1531 1982 1580 2016 τῆς
1594 1982 1766 2018 ἀναισθήτου.
1785 1983 1837 2018 τῆς

1047 2020 1185 2056 ἀκινήτου·
1199 2021 1267 2048 ἀλλά
1278 2022 1309 2048 τὸ
1322 2022 1411 2048 κοινὸν
1421 2022 1475 2049 τῶν
1489 2022 1640 2058 ἀνθρώπιον
1654 2023 1730 2057 γένος
1745 2023 1837 2056 οὕτως

1047 2061 1169 2095 ἐκάλεσε,
1187 2063 1236 2098 τῆς
1251 2063 1353 2095 οἰκείας
1371 2063 1468 2095 αὐτοὺς
1485 2064 1698 2100 ἀναμιμνήσκων
1713 2065 1835 2099 φύσεως,

1046 2103 1095 2139 τῆς
1118 2104 1220 2139 μητρὸς
1243 2105 1283 2136 είς
1298 2104 1450 2140 ὑπόμνησιν
1469 2106 1553 2140 ἀγων,
1565 2106 1625 2132 ὅθεν
1640 2106 1773 2140 ἐγένοντο.
1788 2109 1836 2135 Δι-

1047 2145 1130 2172 πλοῦν
1144 2145 1198 2181 γὰρ
1210 2146 1290 2172 τοῦτο
1302 2146 1332 2172 τὸ
1349 2145 1428 2179 ζῶον,
1442 2147 1456 2173 6
1470 2147 1620 2181 ἄνθρωπος,
1640 2147 1721 2181 λέγω,
1738 2148 1771 2175 ἐκ
1788 2148 1836 2175 δύο

1047 2187 1225 2223 συγκείμενος
1246 2188 1355 2221 οὐσιῶν,
1374 2187 1424 2223 τῆς
1438 2188 1486 2223 μὲν
1505 2189 1645 2224 αἰσθητῆς,
1663 2191 1711 2225 τῆς
1726 2190 1756 2217 δὲ
1767 2199 1835 2226 νοη-

1045 2228 1106 2263 τῆς,
1129 2229 1227 2264 ψυχῆς,
1248 2228 1329 2263 λέγω,
1347 2229 1395 2256 καὶ
1414 2229 1548 2264 σώματος,
1562 2231 1608 2257 καὶ
1623 2232 1651 2257 ἐν
1664 2231 1771 2267 οὗρανῷ
1786 2233 1835 2259 καὶ

1046 2271 1075 2296 ἐν
1093 2272 1127 2305 γῇ
1146 2270 1304 2304 συγγένειαν
1317 2271 1395 2306 ἔχων.
1413 2271 1462 2297 Διά
1476 2272 1525 2307 μὲν
1536 2272 1591 2308 γάρ
1606 2273 1656 2308 τῆς
1671 2274 1769 2309 νοητῆς
1784 2275 1835 2301 οὺ-

1046 2311 1106 2342 σίας
1120 2313 1242 2339 κοινωνεῖ
1253 2314 1312 2344 ταῖς
1324 2313 1381 2339 ἄνω
1390 2312 1532 2348 δυνάμεσι,
1541 2313 1626 2340 διὰδὲ
1639 2314 1689 2349 τῆς
1698 2315 1833 2350 αἰσθητῆς

1045 2354 1101 2385 τοῖς
1120 2353 1170 2388 τῆς
1190 2354 1240 2388 γῆς
1260 2354 1393 2389 συνῆπται
1408 2354 1562 2389 πράγμασι,
1575 2355 1720 2390 σύνδεσμός
1735 2365 1780 2388 τις
1795 2357 1834 2383 ὢν

1045 2394 1160 2431 ἀκριϐὴς
1172 2395 1303 2430 ἑκατέρας
1315 2395 1365 2430 τῆς
1375 2396 1586 2428 κτίσεως.¹’οταν
1606 2398 1653 2432 μὲν
1665 2395 1712 2424 οὖν
1723 2398 1834 2434 πράττῃ

1044 2445 1072 2463 τι
1087 2437 1141 2463 τῶν
1157 2437 1196 2472 τῷ
1211 2437 1270 2472 Θεῷ
1285 2437 1444 2467 δοκούντων,
1459 2439 1641 2473 πνευματικὸς
1653 2438 1770 2472 λέγεται,
1785 2441 1835 2466 καὶ

1044 2479 1104 2504 οὺδέ
1120 2478 1173 2505 ἀπὸ
1186 2479 1235 2514 τῆς
1246 2479 1334 2514 ψυχῆς
1344 2479 1515 2514 ὀνομάζεται,
1528 2479 1585 2506 ἀλλ’
1600 2480 1645 2514 ἀφ’
1658 2480 1756 2515 ἑτέρας
1773 2482 1834 2515 μεί-

1045 2519 1120 2553 ζονος
1134 2520 1226 2555 τιμῆς,
1241 2521 1294 2547 ἀπὸ
1308 2522 1357 2556 τῆς
1370 2521 1417 2548 τοῦ
1430 2522 1586 2557 Πνεύματος
1601 2522 1748 2557 ἐνεργείας.
1763 2523 1834 2550 υύδὶ

1044 2561 1099 2597 γὰρ
1119 2562 1199 2596 ἀρκεῖ
1219 2562 1236 2597 ἡ
1257 2562 1328 2597 ψυχὴ
1350 2563 1415 2597 ἡμῖν
1438 2564 1478 2594 εἰς
1495 2563 1703 2598 κατορθώματα,
1721 2563 1770 2589 ἐὰν
1794 2566 1831 2600 μὴ

1044 2603 1241 2638 ἀπολαύσωμεν
1255 2604 1304 2638 τῆς
1316 2601 1441 2639 βοηθείας
1455 2604 1571 2639 ἐκείνης.
1586 2605 1641 2631 Καὶ
1655 2605 1698 2631 ἵνα
1713 2605 1830 2640 μάθητε.

1043 2644 1095 2677 ὅτι,
1111 2645 1169 2671 οὐδὲ
1185 2648 1201 2680 ή
1223 2645 1296 2680 ψυχὴ
1312 2646 1394 2681 ἀρκεῖ
1412 2646 1477 2681 ἡμῖν
1496 2647 1536 2677 εἰς
1555 2645 1763 2681 κατορθώματα·
1784 2647 1831 2673 καὶ

1072 2735 1084 2750 ⁸
1098 2734 1164 2759 Colb.
1173 2735 1280 2766 ἧνέῳξεν.

1072 2764 1242 2803 ξηᾼόιξειιᾱυὲιι
1263 2773 1307 2789 τινι
1327 2767 1397 2796 pulal
1419 2765 1493 2790 Savil.
1514 2765 1567 2796 Ego
1586 2765 1672 2796 legere
1690 2764 1772 2789 malim
1783 2765 1830 2788 ττῖν

1041 2798 1206 2859 ποέλῑῖἔίέίίίξ
1216 2827 1349 2855 legendum
1367 2827 1463 2859 conjicil
1472 2826 1512 2850 καὶ
1524 2826 1566 2851 τοῦ
1582 2827 1669 2858 κλήρου
1680 2826 1720 2850 καὶ
1730 2828 1772 2854 τῆς
1786 2826 1829 2849 τοῦ

1044 2858 1179 2889 Πνεύμιτος
1188 2858 1340 2888 ἀντιλήψεως.
