3724 6272
86 296 155 356 (ες
941 320 946 325 .
1034 268 1124 326 DE
1163 256 2227 325 PROI‘HETIARUMOBSCURITATE.
2269 254 2333 311 ll.

85 407 267 482 quando
304 406 365 460 in
410 400 621 459 multas
648 394 816 453 divisa
858 387 1019 445 fuerit
1064 404 1080 440 :
1117 393 1173 440 et
1201 396 1328 438 num
1357 378 1446 433 illa
1473 374 1649 437 deleta

85 466 247 563 inerit,
294 503 463 566 atque
500 492 619 546 alia:
655 483 1002 546 introductze,
1034 493 1101 533 an
1125 489 1256 530 vero
1284 477 1533 526 manente
1562 466 1653 523 illa

82 792 147 836 tus
189 779 599 832 Testamentum
654 764 1016 833 conscriptum
1076 755 1235 812 fuerit
1286 770 1301 807 :

80 873 219 945 gratia
260 871 331 925 de
361 869 449 922 his
477 864 724 921 omnibus
748 868 1050 914 sermonem
1083 847 1446 906 instituimus;
1475 850 1653 895 utrum

80 942 150 1024 illa
178 963 469 1035 antiquiori
494 975 556 1016 ac
580 956 779 1030 priori,
811 969 877 1006 an
903 962 1035 1005 vero
1056 946 1160 1001 illis
1184 956 1303 1013 quae
1326 949 1508 1008 postea
1532 942 1655 989 sunt

81 1032 439 1115 inrecL'e.VSed
462 1054 626 1109 nolite
651 1052 839 1105 timere
869 1063 882 1099 :
916 1040 1158 1111 quamvis
1179 1035 1321 1092 enim
1344 1032 1506 1087 hodie
1526 1044 1659 1084 cnn-

79 1166 142 1209 rta
166 1151 397 1207 reddere
423 1161 529 1202 non
557 1143 841 1215 possimus,
870 1135 1092 1193 omnino
1120 1139 1298 1185 tamen
1326 1124 1477 1179 vobis
1507 1129 1656 1190 post-

80 1263 125 1317 ea
146 1243 457 1300 reddemus.
482 1211 593 1293 Cur
620 1235 778 1305 igitur
817 1244 939 1285 curn
984 1223 1145 1280 hodie
1184 1228 1374 1275 cuncta
1399 1211 1656 1271 reddituri

82 1356 165 1395 non
202 1349 454 1393 essemus
473 1374 491 1399 ,
518 1330 755 1386 omnium
781 1323 934 1379 vobis
957 1319 1257 1376 debitorum
1287 1317 1657 1380 argumentum

82 1426 448 1487 recitarimus?
476 1423 545 1478 Ut
573 1416 978 1475 retributionem
1010 1413 1378 1476 exspectantes
1399 1413 1496 1453 nos
1518 1412 1660 1450 sem-

84 1541 159 1596 per
180 1529 361 1577 mente
395 1514 637 1572 versetis.
670 1509 801 1564 Nam
840 1505 930 1576 qui
977 1498 1227 1572 pecunias
1264 1492 1419 1549 alicui
1447 1499 1657 1543 mutua-

83 1585 150 1671 ius
182 1624 265 1670 est
289 1654 305 1678 ,
351 1619 412 1667 et
448 1605 739 1662 obnoxium
785 1599 948 1652 habet
997 1592 1297 1648 debitorem
1318 1627 1332 1652 ,
1362 1585 1413 1637 in
1442 1594 1622 1636 mensa
1642 1617 1659 1645 ,

84 1670 406 1767 lnadibus,
453 1701 509 1754 in
557 1694 777 1759 l'oro,in
830 1690 1003 1750 lecto,
1031 1693 1085 1738 et
1111 1681 1306 1751 ubique
1335 1679 1570 1731 locorum
1596 1670 1664 1725 de

84 1816 164 1853 suo
206 1795 455 1852 debitore
494 1774 722 1858 hvigilans
761 1781 959 1851 cogitat
986 1776 1119 1832 etin
1145 1769 1348 1827 somnis
1377 1785 1393 1822 :
1424 1775 1475 1820 et
1506 1778 1667 1835 pecu-

85 1893 273 1946 niarum
315 1899 473 1940 amor
515 1878 712 1942 eflicit,
756 1883 815 1928 ut
857 1871 946 1926 ille
971 1882 1091 1923 cum
1122 1859 1356 1934 pecuniis
1384 1854 1665 1912 creditoris

87 1985 130 2039 in
162 1981 334 2034 anima
375 1970 805 2031 circumferatur.
836 1964 905 2020 Ut
932 1962 1088 2032 igitur
1118 1970 1216 2011 nos
1244 1965 1454 2024 quoque
1483 1946 1665 2002 reddi-

86 2075 227 2131 tionis
265 2086 364 2141 spe
405 2081 619 2136 semper
662 2063 715 2117 in
754 2057 947 2113 vestris
977 2051 1243 2109 mentibus
1271 2057 1578 2107 versemur,
1612 2040 1664 2094 in

86 2168 270 2223 edibus
289 2204 304 2228 ,
356 2163 412 2216 in
453 2134 571 2213 foro
591 2199 607 2223 ,
639 2164 694 2211 et
728 2152 1049 2219 ubicumque
1076 2142 1279 2199 fueritis
1300 2182 1315 2207 ,
1346 2137 1545 2193 idcirco
1571 2134 1667 2188 de-

85 2260 179 2315 bita
203 2254 422 2327 quidem
449 2250 605 2305 vobis
630 2243 1017 2318 spopondimus
1034 2277 1055 2307 ,
1085 2235 1242 2292 hodie
1268 2248 1396 2287 vero
1422 2246 1527 2284 non
1553 2242 1670 2283 om-

88 2352 160 2408 nia
197 2348 573 2420 persol’vemus
595 2384 611 2409 ,
663 2349 720 2394 ut
764 2350 950 2393 eorum
976 2372 991 2399 ,
1038 2345 1156 2401 qua:
1184 2326 1397 2383 residua
1431 2322 1625 2377 fuerint
1649 2361 1665 2387 ,

86 2415 524 2512 exspectationem
550 2432 701 2488 vobis
733 2440 1003 2498 tamquam
1031 2419 1302 2478 memorite
1322 2415 1488 2472 nostri
1511 2428 1670 2469 ocea-

86 2537 271 2592 sionem
310 2532 703 2599 relinquamus.
735 2525 858 2579 lltec
884 2521 1024 2576 enim
1053 2529 1240 2586 magna
1270 2521 1352 2567 cst
1382 2518 1560 2566 nostra
1588 2521 1669 2562 se-

88 2632 266 2686 caritas
284 2656 307 2693 ,-
331 2636 393 2679 ut
413 2624 638 2679 caritate
659 2628 833 2674 vestra
862 2619 1119 2685 perpetuo
1145 2610 1384 2664 fruamur
1407 2648 1421 2672 ,
1454 2603 1544 2659 tali
1577 2616 1673 2672 po-

88 2723 195 2793 pulo
235 2736 300 2775 ac
349 2725 529 2771 tanto.
578 2711 710 2769 Nam
755 2709 846 2781 qui
890 2707 1086 2763 fruitur
1127 2702 1377 2766 caritate,
1424 2696 1672 2767 precibus

90 2818 233 2871 etiam
260 2812 491 2865 omnino
518 2807 740 2861 fruetur.
768 2803 879 2857 Hoc
904 2813 1034 2855 vero
1058 2804 1310 2868 quantum
1338 2791 1408 2846 sit
1436 2790 1633 2844 bonum
1653 2828 1668 2853 ,

86 2906 340 2961 indelicet
364 2902 644 2971 colligere.
669 2895 864 2952 Paulus
889 2892 1006 2956 ille,
1038 2888 1128 2958 qui
1156 2884 1371 2942 tertium
1403 2883 1455 2937 in
1482 2880 1672 2937 ca:lum

88 3010 250 3069 raptus
280 2997 493 3059 fuerat,
516 2993 606 3063 qui
628 2988 904 3045 audiverat
926 2997 1120 3039 arcana
1147 2980 1307 3034 verba
1325 3018 1342 3043 ,
1369 2974 1457 3046 qui
1486 2986 1675 3029 onmcs

87 3066 271 3147 natura:
310 3087 673 3143 necessitates
703 3081 1013 3148 subegerat,
1046 3075 1135 3143 qui
1164 3070 1394 3143 perlecta
1423 3066 1675 3134 deinceps

86 3186 125 3239 in
165 3183 465 3239 securitate
513 3172 890 3247 permanebat,
919 3166 1171 3241 precibus
1197 3164 1357 3219 etiam
1384 3158 1676 3228 discipulo-

87 3296 185 3333 rum
232 3274 554 3343 indigebat,
596 3285 659 3325 ac
682 3266 893 3323 diccbat
923 3282 938 3318 :
971 3261 1126 3317 Orate
1151 3274 1244 3330 pro
1273 3272 1352 3310 me
1372 3296 1389 3322 ,
1417 3262 1469 3306 ut
1497 3253 1676 3306 liberer

86 3370 451 3441 abin/iactibus
479 3366 655 3439 (Rom.
688 3360 775 3416 15.
817 3359 904 3415 50.
933 3356 1028 3426 51)
1053 3372 1068 3420 ;
1098 3363 1151 3409 et
1182 3364 1364 3407 rursus
1393 3365 1407 3401 :
1444 3346 1597 3401 Orate
1622 3354 1675 3397 ut

87 3469 212 3520 detur
243 3464 380 3518 mihi
416 3477 581 3516 sermo
614 3459 668 3511 in
692 3460 946 3526 apertione
974 3451 1076 3505 oris
1103 3449 1198 3501 mei
1224 3446 1442 3517 (Ephes.
1474 3444 1527 3500 ϐ.
1560 3441 1673 3511 19).

88 3561 141 3615 Et
164 3559 370 3629 ubique
392 3553 585 3609 videtis
615 3554 784 3621 ipsum
811 3557 867 3602 et
890 3542 1271 3613 discipulorum
1296 3537 1562 3592 orationes
1586 3532 1677 3603 po-

87 3625 303 3714 διοικηθῇ,
356 3655 415 3703 et
456 3660 578 3709 cum
618 3639 936 3706 obtinuerit,
978 3634 1177 3706 gratias
1204 3630 1308 3685 illis
1336 3643 1514 3699 agere.
1544 3625 1674 3680 Nam

89 3762 144 3799 ne
179 3744 325 3799 forte
372 3739 520 3795 dicat
556 3736 748 3806 aliquis
791 3747 913 3788 eum
956 3743 1067 3800 pra:
1098 3724 1258 3779 nimia
1293 3720 1589 3776 humilitate
1610 3716 1676 3772 ad

90 3834 471 3905 discipulorum
534 3841 721 3898 preces
776 3822 1062 3891 confugere
1090 3860 1104 3884 ,
1158 3817 1409 3871 virtutem
1468 3811 1674 3866 illarum

90 3927 314 3984 ostendit
339 3968 357 3993 ,
385 3938 512 3980 cum
543 3920 613 3975 ita
640 3918 879 3989 loquitur
902 3932 914 3967 :
942 3913 1041 3980 Qui
1067 3912 1131 3965 de
1156 3909 1307 3963 tantis
1328 3905 1567 3959 mortibus
1589 3919 1681 3957 nos

91 4022 299 4091 eripuit;
326 4029 599 4088 speramus
627 4021 825 4072 autem,
856 4007 1094 4077 quoniam
1117 4010 1164 4055 et
1192 3992 1360 4053 adhuc
1385 3996 1558 4066 eripiet
1582 3994 1681 4047 ad-

89 4086 374 4181 iacentibus
400 4116 448 4160 et
489 4102 626 4158 vobis
659 4102 714 4155 in
738 4099 963 4154 oratione
981 4110 1074 4166 pro
1102 4093 1266 4155 nobis,
1292 4099 1347 4143 ut
1368 4088 1427 4143 ob
1452 4086 1684 4140 donatio-

90 4177 190 4259 nem
215 4247 231 4269 ,
273 4217 394 4274 qua:
437 4201 493 4253 iu
532 4196 674 4250 nobis
717 4201 827 4258 est,
873 4205 962 4260 per
1000 4187 1186 4241 multos
1216 4182 1396 4256 gratia:
1423 4197 1515 4251 pro
1542 4177 1683 4232 nobis

92 4307 301 4368 agantur
328 4291 408 4366 (Ξ.
442 4289 565 4344 Cor.
598 4288 649 4341 1.
678 4280 910 4352 10.11).

158 4363 348 4443 Oratio
374 4378 715 4438 multitudinis
734 4384 977 4448 quantum
1004 4371 1187 4426 valeat.
1206 4397 1279 4410 —
1297 4364 1451 4435 Quod
1478 4364 1521 4420 si
1544 4363 1686 4419 Pau-

96 4483 196 4537 lum
236 4496 265 4536 a
314 4476 576 4552 periculis
623 4472 794 4530 oratio
819 4465 1176 4524 multitudinis
1198 4460 1479 4524 liberavit,
1508 4470 1684 4512 annon

100 4575 247 4629 etiam
288 4548 334 4627 a—
366 4569 526 4625 nobis
554 4561 850 4635 exspectari
877 4575 975 4631 par
1002 4565 1117 4623 est,
1147 4564 1204 4610 ut
1234 4569 1299 4609 ex
1326 4551 1427 4607 hoc
1452 4548 1688 4605 subsidio
1756 4602 1757 4605 η

102 4683 278 4739 magna
302 4661 592 4722 commoda
617 4652 1048 4726 consequamur?
1070 4649 1200 4703 Cum
1229 4647 1369 4703 enim
1400 4642 1594 4699 inﬁrmi
1618 4640 1690 4696 si-

105 4779 209 4818 mus
228 4805 245 4831 ,
292 4761 427 4817 dum
456 4758 559 4813 soli
596 4742 896 4826 precamur,
926 4748 1017 4805 ubi
1037 4761 1166 4803 vero
1191 4741 1497 4815 congregati
1527 4738 1692 4795 fueri-

105 4830 259 4921 mus,
321 4850 704 4914 robustiores,
757 4841 1095 4900 multitudine
1147 4852 1211 4892 ac
1254 4835 1511 4891 “societate
1562 4830 1690 4887 inita

100 4951 258 5005 Deum
291 4957 606 5003 exoramus.
632 4940 721 4996 Sic
740 4940 899 4995 etiam
930 4951 1026 4991 rex
1052 4948 1195 5004 ssepc
1224 4946 1346 4987 cum
1372 4929 1598 4999 aliquem
1625 4924 1692 4979 ad

101 5054 326 5099 mortem
371 5036 676 5104 damnarit,
722 5033 812 5087 uni
850 5030 1062 5103 quidem
1109 5026 1279 5082 oranti
1319 5037 1417 5094 pro
1444 5021 1694 5075 damnato

99 5152 196 5190 non
248 5131 446 5188 annuit
465 5171 483 5197 ,
532 5128 600 5183 ab
646 5129 846 5196 integra
873 5138 1001 5178 vero
1027 5120 1239 5176 civitate
1268 5116 1589 5185 deprecante
1618 5109 1696 5164 fa-

99 5230 197 5283 cile
242 5234 507 5282 exoratur
534 5262 549 5287 ,
589 5233 817 5288 eumque
854 5215 943 5287 qui
971 5213 1035 5268 ad
1065 5211 1370 5266 barathrum
1398 5204 1699 5261 abduceba-

100 5332 198 5385 tur,
227 5320 302 5376 ob
324 5318 738 5389 deprecatorum
766 5308 1155 5365 multitudinem
1178 5302 1441 5376 supplicio
1471 5297 1654 5355 eximit
1678 5337 1695 5363 ,

102 5428 256 5487 atque
287 5413 363 5468 ad
394 5412 558 5465 vitam
589 5406 814 5463 reducit.
846 5404 1013 5459 Tanta
1038 5402 1117 5455 vis
1137 5408 1219 5455 est
1241 5393 1501 5451 orationis
1521 5389 1701 5446 multi-

103 5486 326 5566 tudinis.
377 5506 586 5562 ldcirco
623 5502 782 5559 etiam
822 5497 1119 5569 eolligimur
1147 5503 1201 5549 et
1226 5489 1574 5548 convenimus
1599 5486 1703 5540 huc

102 5616 291 5657 omnes
316 5642 332 5664 ,
392 5606 451 5653 ut
479 5593 844 5650 vehementius
878 5589 1043 5644 Deum
1070 5586 1137 5641 ad
1166 5578 1584 5638 misericordiam
1609 5576 1704 5631 ﬂe-

101 5702 334 5746 ctamus.
372 5688 507 5745 Nam
535 5701 656 5743 cum
676 5691 891 5740 orantes
909 5678 1041 5745 soli,
1065 5685 1125 5732 ut
1143 5684 1267 5730 ante
1292 5673 1400 5729 dixi
1425 5712 1438 5734 ,
1459 5669 1700 5726 imbecil-

106 5785 179 5839 les
219 5785 404 5839 simus
427 5821 445 5848 ,
488 5794 582 5850 per
605 5773 1030 5847 coniunctionem
1057 5768 1293 5827 caritatis
1317 5767 1482 5823 Deum
1513 5764 1701 5821 exom-

3246 244 3353 302 182

1754 386 1910 438 mus,
1952 379 2012 425 ut
2049 369 2201 425 nobis
2229 354 2495 440 postulata
2518 365 2800 423 concedat.
2832 364 2960 421 Ha:c
2978 377 3110 419 vero
3136 376 3244 417 non
3270 371 3351 417 te-

1754 477 1905 519 mere
1930 479 1959 517 a
1986 478 2074 517 me
2102 462 2447 532 proferuntur
2468 501 2483 525 ,
2508 474 2681 528 neque
2712 466 2928 528 promer
2952 456 3211 525 mcipsum
3234 462 3353 508 tan.

1756 566 1869 611 tum
1896 596 1911 622 ,
1953 555 2046 610 sed
2093 566 2151 609 ut
2177 570 2392 624 semper
2411 553 2477 608 ad
2509 553 2758 607 collectas
2781 551 3075 620 properatis
3101 591 3115 612 ,
3143 563 3240 604 nec
3265 547 3352 601 di-

1756 648 1891 703 catis
1938 662 1952 703 :
2001 649 2190 701 Annon
2237 646 2382 702 enim
2430 659 2588 700 orare
2627 644 2770 699 domi
2810 642 3077 712 possum?
3107 642 3264 697 Potes
3297 650 3351 694 tn

1757 742 1973 813 quidem
1996 757 2152 796 orare
2174 781 2190 808 ,
2219 739 2313 794 sed
2345 746 2543 793 tantam
2572 737 2820 790 virtutem
2850 749 2953 788 non
2978 734 3137 788 habet
3156 733 3351 798 oratio,

1757 849 1917 904 quam
1943 832 2030 887 ubi
2053 847 2174 887 cum
2206 831 2434 901 propriis
2458 828 2714 884 membris
2737 827 2795 880 lit
2813 868 2829 894 ,
2851 840 3009 895 quam
3035 839 3155 880 cum
3182 832 3352 877 totum

1758 941 1953 994 corpus
1996 923 2249 979 Ecclesiae
2291 920 2615 976 unanimiter
2652 927 2707 973 et
2733 934 2835 972 una
2861 932 2990 971 voce
3016 930 3202 986 preces
3228 914 3353 968 fun-

1759 1017 1878 1081 dit,
1929 1015 2293 1071 sacerdotibus
2336 1012 2720 1084 pricsentibus,
2761 1025 2825 1065 ac
2865 1008 3029 1065 verba
3054 1005 3369 1061 communis

1760 1119 1931 1164 coetus
1953 1106 2324 1163 oll‘erentibus.

1830 1202 1883 1256 5.
1919 1200 2079 1263 Visne
2103 1199 2310 1253 discere
2336 1205 2530 1267 quanta
2558 1195 2629 1250 sit
2652 1194 2820 1248 virtus
2847 1190 3124 1256 orationis,
3147 1205 3265 1259 qua:
3294 1189 3346 1244 in

1759 1292 1983 1347 ecclesia
2030 1291 2124 1345 lit?
2150 1290 2371 1343 Vinctus
2414 1296 2529 1342 erat
2580 1284 2867 1355 aliquando
2893 1284 3080 1338 Petrus
3127 1283 3180 1335 in
3230 1296 3352 1334 car-

1761 1398 1883 1437 cere
1906 1425 1921 1448 ,
1974 1397 2037 1437 ac
2076 1382 2255 1435 multis
2285 1378 2489 1433 catenis
2530 1375 2927 1432 circumdatus:
2955 1372 3131 1427 Oratio
3186 1383 3353 1425 autent

1764 1473 1913 1543 ﬁebat
1940 1474 2050 1526 sine
2069 1471 2436 1527 intermissione
2455 1468 2516 1523 ab
2541 1467 2768 1521 Ecclesia
2793 1482 2883 1536 pro
2910 1482 2965 1520 eo
2996 1465 3133 1536 (Act.
3164 1462 3251 1518 12.
3278 1461 3363 1531 5),

1765 1577 1821 1623 et
1860 1568 2142 1622 confestim
2177 1565 2323 1619 illum
2352 1562 2535 1618 eduxit
2563 1577 2592 1617 e
2622 1575 2859 1616 carcere.
2903 1558 3040 1626 Quid
3073 1557 3229 1628 igitur
3260 1554 3360 1608 hac

1767 1662 2034 1730 potentius
2070 1658 2182 1713 ﬁeri
2223 1665 2381 1725 queat
2412 1655 2690 1715 oratione,
2739 1668 2857 1721 qua:
2901 1651 2969 1705 de
3011 1649 3272 1704 columnis
3297 1661 3361 1702 ac

1767 1753 2000 1808 turribus
2034 1750 2291 1806 Ecclesia:
2337 1748 2472 1804 bene
2509 1747 2700 1801 merita
2746 1744 2865 1799 est?
2893 1742 3085 1797 Paulus
3123 1741 3265 1794 enim
3306 1747 3361 1792 et

1770 1848 1959 1903 Petrus
1984 1856 2161 1900 turres
2185 1852 2336 1899 crant
2362 1852 2417 1897 ct
2438 1842 2702 1896 columna:
2718 1837 2994 1901 Ecclesiae,
3020 1844 3178 1904 atque
3203 1833 3360 1904 hujus

1767 1938 1981 2009 quidem
2010 1936 2215 1991 vincula
2243 1936 2419 1997 solvit,
2448 1935 2586 1988 illius
2614 1943 2791 1987 autem
2819 1946 2882 1985 os
2910 1930 3138 1997 aperuit.
3168 1928 3273 1983 Sed
3301 1937 3359 1981 ut

1770 2047 1876 2085 non
1908 2030 2078 2084 solum
2109 2044 2173 2083 ex
2207 2028 2301 2087 iis.
2334 2042 2452 2096 qua:
2483 2038 2591 2079 tum
2621 2024 2949 2084 acciderunt,
2982 2021 3074 2075 sed
3105 2020 3265 2074 etiam
3292 2034 3359 2074 ex

1769 2124 1855 2190 iis,
1887 2139 2006 2192 qua:
2045 2121 2272 2191 singulis
2315 2120 2506 2174 diebus
2549 2118 2927 2187 perliciuntur,
2954 2113 3217 2182 duplicem
3244 2112 3362 2179 ejus

1775 2216 2024 2271 virtutem
2043 2215 2490 2277 demonSIrcmus,
2510 2209 2768 2265 orationis
2794 2207 2959 2277 ipsius
2975 2222 3093 2275 quae
3114 2220 3141 2257 a
3169 2206 3362 2273 populo

1773 2310 1828 2363 iit
1861 2309 2011 2364 vobis
2037 2307 2349 2362 memoriam
2381 2304 2713 2359 relricemus.
2747 2302 3077 2368 Quamquam
3110 2298 3155 2351 si
3184 2297 3303 2367 quis
3332 2310 3363 2349 e

1772 2400 1928 2469 vulgo
1953 2398 2107 2454 vobis
2134 2399 2442 2467 imperaret,
2474 2403 2534 2448 ut
2562 2392 2752 2463 singuli
2783 2406 2844 2447 ac
2874 2391 2972 2445 soli
3002 2404 3099 2459 pro
3127 2386 3360 2459 episcopi

1772 2491 1945 2547 salute
1988 2490 2233 2554 oraretis,
2278 2487 2641 2557 unusquisque
2689 2499 2810 2540 sese
2853 2490 3154 2548 excusaret,
3204 2491 3364 2551 atque

1775 2584 1878 2640 hoc
1914 2594 2186 2653 tamquam
2226 2596 2362 2636 onus
2390 2579 2595 2635 viribus
2624 2578 2737 2633 suis
2766 2576 2941 2646 majus
2968 2589 3001 2629 a
3028 2588 3087 2629 se
3111 2571 3365 2627 amolire-

1777 2688 1901 2734 tur:
1925 2677 2052 2732 dum
2080 2691 2209 2732 vero
2231 2674 2591 2730 connnunitcr
2614 2684 2801 2726 omnes
2826 2668 3034 2724 diaconi
3061 2681 3247 2721 vocem
3271 2679 3365 2717 an-

1771 2770 1896 2826 ditis
1921 2769 1972 2824 id
2000 2767 2308 2838 imperantis
2347 2780 2409 2820 ac
2446 2763 2673 2820 dicentis
2692 2804 2705 2825 ,
2739 2762 2951 2815 Oremus
2977 2775 3069 2829 pro
3095 2758 3349 2827 episcopo,

1772 2872 1821 2916 et
1867 2869 2134 2923 senectute,
2183 2875 2243 2912 ac
2295 2856 2577 2928 patrocinio
2617 2853 2717 2925 (α),
2762 2863 2912 2923 atque
2940 2860 2993 2904 ut
3020 2859 3149 2904 recte
3189 2854 3366 2901 tractet
3424 2888 3433 2895 .

1774 2955 1977 3009 verbum
2003 2953 2226 3008 veritatis
2248 2994 2260 3016 ,
2296 2962 2339 3006 et
2372 2966 2462 3021 pro
2492 2949 2553 3003 iis
2590 2948 2677 3018 qui
2703 2946 2784 3000 hic
2810 2953 2945 3011 sunt,
2977 2952 3022 2996 et
3050 2942 3233 3011 ubique
3262 2951 3365 2995 ter-

1774 3063 1978 3112 rarum,
2009 3044 2148 3116 quod
2180 3045 2498 3113 imperatum
2529 3050 2611 3096 est
2638 3054 2797 3110 agere
2826 3052 2931 3092 non
2962 3035 3241 3099 recusatis,
3271 3032 3366 3087 sed

1775 3152 1965 3208 magna
1994 3135 2155 3190 animi
2179 3132 2524 3189 contentione
2547 3144 2733 3200 preces
2755 3126 2976 3192 oﬂ‘crtis,
3005 3124 3146 3196 quod
3172 3131 3407 3193 quantav

1774 3231 1843 3285 sit
1865 3230 1943 3285 vis
1964 3243 2257 3284 concursus
2276 3225 2439 3303 ycstri
2470 3224 2634 3294 probe
2661 3220 2989 3291 intelligatis.
3013 3217 3218 3283 Sciunt,
3241 3215 3366 3287 quid

1776 3323 1973 3388 dicam,
2018 3321 2053 3375 ii
2093 3320 2182 3391 qui
2230 3317 2502 3390 mysteriis
2543 3323 2671 3370 sunt
2713 3311 3092 3368 initiati:nam
3140 3308 3367 3367 orationi

1776 3400 2279 3470 catccbumcnorum
2299 3407 2533 3464 nondum
2561 3414 2646 3462 est
2664 3402 2795 3459 illud
2821 3401 3161 3474 permissum,
3189 3414 3365 3468 quan.

1776 3503 2066 3576 doquidcm
2095 3500 2330 3556 nondum
2376 3498 2443 3553 ad
2481 3497 2618 3551 hanc
2650 3492 2900 3565 loquendi
2946 3490 3215 3546 licentiam
3246 3502 3371 3557 per-

1778 3605 2075 3654 venerunt:
2096 3610 2193 3650 νος
2228 3602 2406 3648 autem
2436 3600 2497 3646 lli.
2526 3605 2620 3660 ι)το
2652 3595 2765 3643 ιοιο
2796 3596 3062 3640 terrarum
3095 3581 3246 3646 urbe,
3275 3594 3373 3649 pro

1781 3691 2017 3747 Ecclesia
2044 3704 2161 3760 qua:
2188 3688 2252 3743 ad
2283 3695 2441 3742 terra:
2472 3683 2604 3739 ﬁnes
2628 3696 2795 3752 usque
2820 3676 3177 3750 protenditur,
3197 3682 3253 3730 et
3277 3687 3373 3743 pro

1780 3782 2048 3853 episcopis
2076 3779 2328 3836 omnibus
2366 3778 2453 3849 qui
2482 3791 2599 3832 eam
2638 3782 2864 3845 regunt,
2895 3784 3082 3843 preces
3102 3767 3336 3824 oﬂ'cratis
3355 3807 3372 3831 ,

1780 3876 2096 3932 cohortatur
2147 3874 2233 3940 is,
2284 3872 2373 3942 qui
2419 3869 2688 3925 ministrat
2739 3866 2866 3929 illis,
2918 3871 2973 3917 et
3019 3856 3373 3929 obsequimini

1786 3982 2000 4023 summo
2026 3964 2223 4029 studio,
2254 3978 2319 4018 ac
2349 3962 2522 4031 reipsa
2551 3955 2818 4013 tcstamini
2843 3968 3088 4023 magnam
3117 3949 3375 4004 orationis

1783 4073 1902 4113 csse
1930 4058 2219 4121 virtutem,
2266 4068 2386 4122 qure
2425 4067 2456 4105 a
2510 4050 2705 4120 populo
2751 4050 2805 4100 in
2851 4043 3073 4100 ecclesia
3102 4040 3374 4095 communi

1783 4164 2049 4206 consensu
2076 4147 2349 4201 oll‘eratur.
2386 4144 2578 4197 Verum
2609 4139 2675 4193 ad
2708 4138 3037 4209 promsitum
3066 4134 3372 4197 redeamus,

1784 4241 1928 4312 quod
1960 4239 2256 4308 antiquitus
2297 4250 2399 4289 una
2431 4233 2593 4289 fuerit
2626 4231 2822 4301 lingua.
2852 4227 3005 4284 Unde
3031 4226 3189 4296 igitur
3217 4238 3375 4278 uitam

1786 4333 2023 4404 linguam
2068 4329 2234 4385 fuisse
2273 4325 2519 4382 constat?
2567 4323 2629 4377 Et
2676 4330 2781 4377 erat
2822 4319 2983 4375 omnis
3025 4327 3155 4371 terra
3190 4315 3378 4369 labium

1786 4442 1947 4482 unum
1986 4423 2141 4495 (Gen.
2171 4423 2257 4476 11.
2293 4420 2369 4491 1).
2414 4418 2714 4473 Obscurum
2757 4423 2842 4470 est
2888 4413 2991 4467 hoc
3031 4410 3254 4471 dictum.
3297 4409 3378 4463 An

1788 4519 1987 4574 labium
2015 4516 2176 4571 habet
2204 4513 2389 4569 terra?
2424 4511 2791 4582 Nequaquam.
2822 4505 2959 4575 Quid
2996 4519 3125 4572 ergo
3161 4501 3295 4557 dicit
3321 4510 3379 4555 et

1789 4614 1859 4669 de
1879 4611 2023 4683 quo?
2053 4609 2168 4665 Non
2198 4607 2266 4662 de
2293 4605 2394 4661 hac
2424 4614 2567 4659 terra
2609 4600 2845 4670 loquitur
2872 4613 2992 4667 qua:
3042 4610 3200 4651 sensu
3231 4603 3382 4649 caret

1789 4714 1846 4761 et
1867 4702 2156 4760 immobilis
2181 4708 2294 4765 est;
2324 4697 2417 4754 sed
2443 4696 2753 4751 universum
2785 4706 2952 4762 genus
2980 4690 3270 4743 humanum
3300 4687 3379 4740 sic

1793 4797 2104 4869 appellavit,
2134 4808 2227 4848 eos
2265 4791 2561 4847 admonens
2590 4786 2819 4857 propriae
2848 4792 3071 4848 naturzc,
3113 4789 3341 4834 matrem
3367 4818 3381 4840 ,

1794 4906 1860 4946 ex
1887 4904 1989 4959 qua
2017 4885 2117 4940 orti
2145 4891 2289 4949 sunt,
2313 4881 2420 4935 iliis
2448 4881 2502 4933 in
2530 4878 2845 4932 memoriam
2875 4885 3150 4929 revocans.
3177 4868 3386 4939 Duplex

1789 4980 1935 5035 enim
1958 4986 2041 5033 est
2069 4975 2171 5029 hoc
2195 4971 2414 5031 animal,
2443 4969 2624 5030 homo,
2654 4968 2885 5036 inquam,
2913 4981 2977 5019 ex
3019 4962 3227 5017 duabus
3256 4959 3388 5013 sub-

1796 5070 2006 5127 stantiis
2042 5067 2324 5129 conflatus,
2352 5078 2455 5118 una
2499 5060 2757 5125 sensibili,
2789 5057 3048 5128 spirituali
3074 5056 3264 5119 altera,
3288 5053 3391 5107 hoc

1799 5170 1901 5227 est,
1933 5177 1998 5217 ex
2026 5158 2203 5214 anima
2232 5166 2287 5212 et
2311 5168 2559 5225 corpore,
2591 5152 2677 5206 cui
2708 5166 2829 5206 cum
2858 5147 3162 5204 ctelestibus
3187 5154 3236 5200 et
3268 5160 3389 5200 cum

1801 5240 2144 5311 terrestt‘ibus
2188 5247 2438 5320 cognatio
2480 5244 2721 5317 quadam
2772 5240 3076 5297 intercedit.
3120 5237 3252 5291 Nam
3297 5248 3393 5303 per
3436 5300 3437 5303 η

1802 5344 2136 5416 spiritualem
2168 5339 2384 5409 quidem
2413 5336 2765 5392 substantiam
2805 5348 2927 5386 cum
2977 5328 3261 5399 virtutibus
3298 5338 3390 5377 su—

1804 5415 1989 5510 peruis
2018 5433 2331 5505 participat:
2354 5445 2449 5500 per
2485 5427 2795 5483 seusibilem
2829 5438 2951 5478 cum
2975 5420 3138 5475 rebus
3165 5415 3396 5469 terrenis

1805 5530 2121 5601 copulatur,
2163 5534 2219 5579 et
2260 5531 2343 5578 est
2378 5521 2594 5591 quidam
2643 5516 2807 5572 veluti
2849 5525 3019 5597 nexus
3061 5504 3397 5563 ﬁrmissimus

1873 5642 1947 5706 (η)
1980 5642 2065 5711 Hic
2104 5635 2285 5711 aliquid
2326 5635 2429 5711 vitii
2474 5632 2557 5684 vel
2583 5631 2820 5711 ldel‘ect'us
2860 5620 3399 5711 essenr'Ldgill‘c-in’t“

1813 5680 2531 5761 rogabas-beginsﬁgendum,
2542 5680 2884 5758 vetipvro'dero,
2910 5694 2956 5740 et
2976 5682 3164 5737 auxilio
3193 5680 3398 5747 Spiritus

1812 5765 1980 5819 sancti.
2006 5769 2097 5815 Sed
2123 5762 2236 5812 illud
2260 5760 2478 5809 divinare
2502 5765 2595 5807 est.
