3724 6272
367 261 474 318 183

363 377 643 446 utriusque
684 380 963 429 creaturae.
993 370 1125 427 Cum
1162 369 1324 441 igitur
1368 365 1569 438 aliquid
1607 366 1718 438 agit
1758 375 1948 420 eorum

367 483 488 538 qum
516 467 625 522 Deo
652 474 776 520 sunt
813 464 1037 535 placita,
1072 461 1367 527 spiritualis
1404 459 1631 526 dicitur,
1656 467 1712 514 et
1743 473 1844 514 nec
1883 457 1953 513 ab

365 559 479 632 ipsa
520 556 733 630 quidem
763 557 938 611 anima
967 570 1164 609 nomen
1204 552 1398 622 accipit
1421 594 1438 620 ,
1469 551 1562 607 sed
1587 551 1657 606 ab
1681 551 1788 605 alio
1812 565 1952 622 quo-

367 650 490 704 dam
531 649 737 703 honore
786 645 999 714 majori,
1042 660 1075 701 a
1121 644 1352 716 Spiritus
1393 644 1727 714 operatione.
1767 642 1952 710 Neque

366 739 510 794 enim
541 737 608 791 ad
637 746 785 792 recte
813 736 951 791 facta
981 735 1180 790 sufﬁcit
1205 735 1406 802 anima,
1438 734 1539 788 nisi
1566 733 1657 788 illo
1686 733 1951 803 potiamur

365 830 585 885 auxilio.
614 833 788 898 Atque
816 839 876 882 ut
911 827 1221 898 intelligatis
1259 829 1492 882 animam
1528 827 1683 881 nobis
1710 825 1777 880 ad
1805 835 1951 882 reete

367 922 503 976 facta
530 936 635 974 non
662 921 936 984 sufﬁcere;
974 927 1028 974 et
1073 918 1199 990 quid
1231 917 1381 980 dico.
1407 916 1476 972 ad
1503 925 1652 972 recte
1689 914 1857 971 facta?
1882 929 1950 971 ne

366 1011 435 1065 ad
466 1010 567 1065 hoc
592 1009 808 1080 quidem
838 1020 893 1062 ut
919 1025 983 1064 ea
1011 1025 1131 1079 qua:
1158 1009 1441 1074 dicuntur,
1471 1008 1748 1078 percipere
1776 1008 1949 1076 passi.

371 1118 493 1157 mus
522 1120 537 1158 :
564 1102 835 1165 Animalia,
866 1102 1057 1172 inquit,
1084 1103 1232 1156 homo
1251 1118 1352 1156 non
1374 1102 1584 1171 percipit
1608 1117 1668 1156 ea
1691 1116 1809 1170 qua
1833 1107 1950 1155 sunt

367 1194 596 1263 Spiritus
611 1193 704 1265 ,(i.
735 1192 856 1248 Cor.
885 1191 944 1248 2.
977 1191 1086 1264 14).
1129 1191 1263 1248 Nam
1304 1203 1362 1247 ut
1398 1193 1669 1248 carnalem
1717 1191 1951 1262 appellat

368 1301 517 1352 eum,
545 1285 635 1354 qui
675 1282 826 1338 carni
866 1284 1065 1349 servit,
1111 1283 1191 1339 sic
1218 1283 1506 1338 animalem
1535 1283 1768 1354 appellat
1791 1299 1947 1349 eum,

367 1378 458 1448 qui
486 1375 980 1435 ratiocinationibus
1001 1374 1450 1432 bumaniscuucta
1473 1376 1750 1446 permittit,
1777 1388 1951 1445 neque

369 1469 599 1539 Spiritus
626 1467 862 1522 amatum
891 1466 1101 1537 recipit.
1125 1465 1253 1529 Sed,
1277 1473 1335 1522 ut
1371 1466 1612 1522 dicebam
1633 1507 1650 1531 ,
1690 1481 1789 1521 nos
1822 1467 1950 1521 dum

367 1569 515 1614 recte
557 1558 799 1630 agimus,
835 1553 1146 1628 'splrituales
1180 1557 1581 1613 dicimur:cum
1609 1572 1736 1612 vero
1765 1572 1952 1627 pecca-

369 1668 510 1719 mus,
542 1653 964 1723 supplantamur,
991 1662 1048 1708 et
1071 1652 1340 1723 quidpiam
1373 1653 1642 1723 indignum
1675 1653 1952 1708 nobilitate

367 1754 550 1801 nostra
594 1746 929 1815 peragimus,
960 1745 1115 1800 nobis
1139 1761 1172 1800 a
1201 1745 1290 1801 vili
1316 1754 1370 1800 et
1395 1744 1600 1815 abjecta
1633 1755 1818 1799 natura
1851 1759 1950 1798 no-

369 1851 494 1891 men
522 1836 768 1906 imponit,
796 1847 851 1891 et
877 1850 975 1892 nos
1001 1846 1196 1891 terram
1223 1836 1474 1906 appellat.
1502 1835 1761 1902 Quoniam
1793 1835 1952 1904 igitur

371 1928 460 1983 hic
503 1943 716 1998 quoque
757 1928 1042 1983 nonnullos
1079 1937 1422 1983 accusaturus
1463 1936 1582 1994 est,
1624 1927 1714 1998 qui
1761 1925 1949 1982 turrim

370 2010 788 2086 aediﬁcaverant,
827 2018 917 2090 qui
946 2019 1001 2074 in
1030 2020 1331 2084 superbiam
1357 2017 1485 2074 elati
1511 2029 1686 2085 erant,
1709 2017 1802 2089 qui
1831 2034 1951 2072 ma-

363 2110 513 2180 jores
553 2109 811 2181 dignitate
852 2122 947 2164 sua
993 2107 1212 2178 Spiritus
1250 2109 1352 2164 sibi
1392 2117 1772 2178 sumpserant,
1827 2107 1953 2165 ilius

366 2209 545 2255 autem
591 2209 935 2256 accusaturus
965 2209 1051 2254 est
1085 2199 1370 2269 superbiai,
1411 2198 1612 2254 idcirco
1642 2215 1674 2254 a
1704 2199 1794 2254 vili
1821 2197 1954 2254 sub-

367 2293 565 2348 stantia
593 2293 745 2349 duxit
770 2292 1182 2364 appellationem
1218 2308 1342 2347 cum
1371 2291 1505 2348 dixit
1529 2309 1544 2346 :
1571 2292 1633 2346 Et
1661 2301 1766 2347 erat
1787 2293 1951 2348 omnis

370 2399 504 2444 terra
528 2389 715 2443 labium
741 2403 918 2441 unum.
946 2386 1122 2457 Atque
1160 2395 1216 2441 ut
1244 2385 1460 2441 discatis
1484 2386 1562 2442 sic
1585 2400 1708 2441 eum
1735 2401 1834 2440 nos
1855 2400 1950 2457 ap-

369 2479 575 2550 pellare
589 2494 710 2534 cum
733 2476 1149 2548 peccaverimus,
1167 2476 1429 2532 Adamum
1453 2477 1522 2532 ita
1541 2485 1660 2548 post
1675 2485 1948 2547 peccatum

366 2571 654 2641 appellavit
680 2570 900 2636 dicens,
951 2566 1109 2624 Terra
1149 2584 1238 2636 es,
1284 2577 1333 2623 et
1373 2569 1427 2623 in
1463 2583 1654 2624 .srram
1690 2568 1950 2623 reverteris

365 2661 520 2731 (Gen.
552 2663 607 2719 3.
641 2659 733 2732 19)
756 2678 770 2715 :
794 2661 1004 2715 tametsi
1036 2675 1144 2715 non
1180 2669 1323 2716 terra
1363 2667 1566 2714 tantum
1595 2668 1744 2725 erat,
1775 2659 1869 2714 sed
1894 2668 1950 2715 et

364 2755 597 2808 animam
619 2751 846 2807 habebat
861 2752 1238 2807 immortalem.
1253 2750 1360 2806 Cur
1375 2751 1534 2822 igitur
1555 2759 1751 2806 terram
1775 2752 1948 2821 ipsum

279 2873 288 2882 -
362 2843 690 2914 appellavit?
709 2842 843 2913 Quia
871 2843 1133 2914 peccavit.
1159 2841 1302 2898 Sane
1323 2857 1444 2897 cum
1467 2840 1641 2912 ipsum
1670 2841 1947 2910 formaret,

361 2950 468 2989 non
497 2935 568 2990 ita
591 2933 737 2991 illum
771 2933 1092 3005 appellavit:
1111 2933 1237 3005 quid
1265 2933 1437 3005 ergo?
1473 2931 1747 2988 Faciamus
1779 2935 1948 2988 Inomi-

363 3043 477 3081 nem
499 3025 566 3079 ad
590 3025 860 3097 imaginem
880 3034 929 3079 et
946 3025 1328 3080 similitudinem
1349 3033 1604 3078 nostram:
1617 3033 1665 3077 et
1687 3023 1948 3079 dominen-

357 3129 445 3174 tur
495 3119 710 3188 piscibus
753 3117 948 3185 maris,
995 3126 1044 3172 et
1096 3116 1263 3172 bestiis
1313 3125 1482 3172 terra.
1537 3113 1605 3170 Et
1649 3117 1742 3171 erit
1797 3118 1948 3170 timor

359 3227 534 3265 eorum
582 3219 630 3264 et
658 3217 845 3264 tremor
871 3224 1026 3278 super
1049 3224 1247 3262 omnem
1274 3215 1459 3261 terram
1489 3205 1644 3280 (Gen.
1678 3207 1730 3263 1.
1757 3206 1858 3272 26;
1887 3206 1943 3263 9.

357 3301 438 3372 2).
485 3300 647 3356 Vides
681 3298 854 3370 qualis
898 3305 1046 3354 esset
1089 3307 1292 3352 natura
1330 3297 1716 3368 praerogativa?
1759 3298 1946 3368 quales

360 3392 636 3449 honores!
661 3393 837 3462 qualia
870 3391 1175 3462 prmconia?
1203 3391 1580 3446 Verumtamen
1607 3401 1732 3446 ante
1758 3406 1946 3461 pecca-

359 3496 472 3540 tum
497 3501 512 3543 :
536 3492 656 3554 post
684 3493 961 3553 peccatum
990 3493 1168 3539 autem
1202 3482 1494 3552 deinceps:
1516 3481 1679 3537 Terra
1711 3499 1784 3547 es,
1815 3492 1863 3535 et
1890 3483 1942 3535 in

359 3586 549 3630 terram
587 3575 868 3630 reverteris.
907 3574 1045 3629 Audi
1090 3589 1217 3628 vero
1258 3573 1573 3630 )ialachiam
1622 3590 1835 3645 quoque
1863 3573 1945 3628 id-

359 3667 534 3736 ipsum
563 3666 870 3722 innuentem
890 3708 907 3731 ,
933 3665 1014 3720 vel
1063 3666 1241 3734 potius
1273 3665 1435 3719 Deum
1467 3680 1562 3735 per
1586 3665 1898 3736 prophetam
1923 3681 1939 3720 :

361 3755 493 3810 Ecce
514 3756 656 3812 enim
684 3757 826 3810 mitto
878 3756 1034 3819 vobis.
1065 3756 1256 3826 inquit,
1287 3754 1459 3810 Eliam
1482 3753 1751 3810 Thesbiten
1777 3755 1939 3825 (Mal.

357 3848 412 3902 4.
460 3847 538 3918 5).
575 3847 684 3901 Cur
725 3847 885 3918 igitur
925 3847 1125 3902 mittit?
1153 3846 1220 3903 Ut
1256 3857 1514 3902 convertat
1547 3863 1637 3902 eor
1676 3849 1837 3918 patris
1872 3848 1942 3902 ad

355 3938 521 4006 ﬁlium
547 3936 711 4008 (Ibid.
735 3955 783 3993 υ.
808 3939 888 4008 6).
920 3938 1052 3995 Nam
1081 3939 1202 4009 quia
1229 3937 1462 3994 futurum
1486 3948 1591 4005 est,
1617 3949 1675 3994 ut
1704 3936 1940 3996 tremen-

357 4028 482 4083 dum
506 4029 631 4084 illud
649 4038 703 4084 et
724 4029 1048 4084 horrendum
1070 4029 1318 4086 adveniat
1332 4030 1612 4100 judicium,
1636 4046 1704 4086 ne
1724 4031 1942 4088 inexcu-

353 4119 548 4175 sabiles
567 4134 631 4174 ac
653 4120 825 4190 pinnis
843 4120 1104 4176 obnoxios
1121 4120 1485 4192 deprehensos
1502 4123 1709 4194 aliquos
1722 4122 1941 4179 damnet

353 4211 524 4267 Iudex
546 4229 560 4266 :
579 4222 636 4266 ut
665 4227 787 4266 cum
818 4214 1026 4268 venerit
1055 4213 1176 4280 ille,
1215 4228 1280 4269 ac
1314 4213 1619 4283 prmdixerit
1645 4217 1937 4287 appropin-

354 4319 523 4373 quare
571 4318 637 4359 ac
664 4319 762 4375 pro
788 4305 988 4359 foribus
1023 4320 1144 4360 esse
1171 4305 1456 4360 adventum
1483 4305 1620 4374 ejus,
1651 4307 1718 4361 ad
1749 4308 1940 4363 melio-

354 4412 470 4453 rem
499 4397 700 4468 irugem
731 4409 943 4453 revocet
967 4397 1240 4464 homines;
1265 4400 1442 4455 solent
1465 4401 1658 4470 quippe
1676 4416 1796 4472 quas
1814 4410 1942 4460 ante

356 4485 557 4541 multos
593 4502 761 4540 annos
785 4487 928 4540 dicta
955 4498 1078 4542 sunt
1123 4489 1174 4542 in
1202 4498 1564 4559 contemptum
1593 4492 1813 4546 venire:
1837 4508 1938 4546 no-

354 4587 520 4633 stram
547 4578 708 4648 igitur
731 4579 1042 4634 memoriam
1067 4594 1331 4634 renovans
1359 4581 1424 4634 ad
1451 4596 1550 4635 nos
1571 4581 1660 4636 ille
1682 4583 1938 4654 propheta

355 4670 519 4735 venit.
546 4669 653 4725 Sed
683 4670 938 4740 appellari
980 4679 1175 4726 terram
1204 4687 1298 4727 eos
1326 4673 1416 4743 qui
1445 4683 1693 4743 peccant,
1725 4673 1776 4728 id
1811 4691 1939 4731 vero

354 4777 495 4818 nunc
525 4763 678 4819 nobis
701 4771 785 4818 est
810 4763 1305 4820 demonstrandum.

423 4855 478 4909 6.
509 4852 806 4909 Peccatores
838 4855 960 4910 dicti
985 4865 1139 4911 terra.
1158 4885 1232 4898 —
1254 4857 1388 4912 Cum
1418 4873 1547 4928 ergo
1585 4858 1836 4926 dixisset,
1869 4859 1939 4917 Ut

349 4955 604 5000 convertat
638 4962 727 5000 cor
746 4947 905 5016 patris
929 4947 999 5000 ad
1016 4947 1203 5016 ﬁlium,
1224 4949 1420 5019 adjecit
1446 4949 1562 5006 :Ne
1583 4952 1714 5020 forte
1739 4954 1939 5010 ueniens

350 5035 630 5105 percutiam
677 5046 862 5090 terram
915 5039 1155 5107 penitus;
1195 5041 1425 5109 percutit
1457 5051 1635 5098 autem
1688 5043 1809 5099 illos
1846 5046 1934 5114 qui

352 5135 595 5196 peccant.
646 5126 806 5182 Vides
855 5143 951 5183 eos
991 5131 1080 5199 qui
1125 5140 1352 5200 peccant
1395 5141 1591 5187 terram
1640 5135 1938 5205 appellari?

349 5220 488 5275 Alibi
516 5236 700 5275 rursus
725 5221 792 5276 de
814 5221 1033 5277 Christo
1073 5238 1297 5278 narrans
1323 5225 1578 5294 propheta
1605 5227 1682 5284 sic
1721 5229 1934 5285 aiebat:

349 5309 464 5364 Erit
479 5312 683 5382 justitia
703 5313 896 5367 cinctus
922 5313 1148 5367 iuuabunt
1166 5331 1313 5368 suum
1328 5355 1345 5380 ,
1373 5325 1422 5369 et
1447 5318 1654 5371 veritate
1678 5319 1937 5374 inuolutus

346 5415 512 5457 costas
537 5420 658 5458 suas
696 5403 847 5476 (Isai.
876 5407 964 5460 11.
996 5407 1052 5474 5)
1085 5424 1100 5461 :
1133 5422 1241 5462 non
1279 5408 1420 5478 quod
1466 5410 1517 5464 in
1553 5411 1664 5464 Deo
1692 5413 1762 5466 sit
1789 5425 1936 5469 costa

348 5494 431 5549 vel
459 5495 704 5561 lumbus;
729 5497 926 5568 quippe
947 5512 1071 5552 cum
1093 5498 1463 5570 incorporeum
1495 5502 1564 5556 sit
1587 5500 1818 5571 Numen;
1841 5506 1936 5562 sed

354 5599 452 5654 per
481 5584 597 5640 hzec
637 5587 1002 5658 incorruptum
1031 5603 1149 5645 esse
1192 5589 1393 5647 Judicis
1422 5592 1573 5646 istius
1593 5633 1608 5658 ,
1641 5609 1814 5664 neque
1842 5596 1939 5652 de-

348 5675 450 5744 cipi
475 5691 634 5746 posse
653 5678 909 5748 judicium
940 5680 1176 5738 declarat
1207 5697 1416 5757 :neque
1443 5683 1553 5755 jam
1588 5686 1814 5756 amplius
1839 5703 1932 5744 ca-

1100 254 1159 312 S.
1196 252 1476 311 JOANNIS
1510 246 1990 309 CHRYSOSTOMI
2026 245 2344 308 ARCHTEP.
2382 249 2917 311 CONSTANTINOP.

3540 256 3655 316 181

2061 361 2468 420 iumniatoribus
2486 403 2503 428 ,
2532 380 2705 436 neque
2731 366 3008 424 maledicis
3025 408 3045 437 ,
3071 381 3172 424 nec
3194 371 3522 441 corruptioni
3551 387 3656 442 per

2059 452 2313 522 pecunias
2337 495 2355 520 ,
2379 469 2479 510 nec
2499 454 2638 526 juris
2674 455 2902 514 inscitia:
2945 459 3120 515 locum
3151 459 3288 516 fore.
3316 461 3447 517 Nam
3477 463 3530 518 in
3562 463 3655 520 his

2055 544 2271 614 quidem
2305 543 2522 615 judiciis
2548 557 2602 602 et
2633 548 2889 604 innocens
2926 549 3198 619 plectitur,
3227 561 3282 607 et
3307 568 3432 608 reus
3459 554 3649 610 absol-

2056 636 2216 700 vitur,
2249 638 2375 708 quia
2401 652 2642 709 perszepe
2677 638 2768 709 jus
2805 640 3198 698 labefactatur:
3227 658 3350 698 eum
3388 659 3519 700 vero
3544 645 3644 716 ju-

2057 735 2179 782 stus
2215 726 2379 795 judex
2405 739 2460 783 et
2506 730 2595 800 qui
2639 731 2815 801 decipi
2863 732 3083 788 minime
3133 743 3308 804 potest
3332 735 3647 802 advenerit,

2054 817 2145 888 qui
2178 818 2384 886 justitia
2421 821 2627 875 cinctus
2651 832 2733 876 est
2760 823 3000 878 lumbum
3026 840 3206 890 suum,
3233 836 3288 880 et
3316 829 3541 884 veritate
3561 830 3649 883 in-

2054 910 2265 964 volutus
2283 921 2462 966 costas
2488 927 2634 975 suas.
2659 929 2847 969 omnes
2871 916 3208 972 exactissime
3231 916 3320 986 jus
3340 932 3496 974 suum
3536 921 3644 975 ob-

2057 1003 2317 1058 tinebunt.
2342 1003 2411 1058 Et
2435 1006 2676 1076 percutiet
2703 1015 2886 1060 terram
2904 1007 3050 1062 verbo
3074 1009 3177 1063 oris
3205 1011 3285 1064 sui
3308 1008 3468 1081 (Ibid.
3495 1026 3541 1067 υ.
3559 1013 3644 1086 4).

2054 1095 2228 1165 Atque
2258 1105 2313 1149 ut
2332 1111 2622 1166 cognoscas
2645 1112 2751 1151 non
2777 1098 2843 1154 de
2865 1109 3026 1165 terra,
3054 1100 3148 1155 sed
3175 1101 3243 1157 de
3270 1106 3649 1172 peccatoribus

2055 1200 2177 1241 eum
2230 1187 2396 1257 loqui.
2416 1188 2676 1257 adiunxit,
2699 1188 2767 1244 Et
2793 1192 2846 1245 in
2887 1193 3071 1262 spiritu
3101 1211 3190 1264 per
3213 1196 3350 1250 labia
3375 1197 3650 1268 inter/idet

2053 1277 2257 1347 impios.
2289 1279 2452 1337 Vides
2495 1280 2583 1336 hic
2626 1283 2786 1338 etiam
2819 1294 3124 1353 peccatores
3167 1303 3288 1345 esse
3318 1299 3517 1347 terram
3543 1308 3650 1361 ap-

2058 1370 2319 1440 pellatos?
2363 1371 2456 1427 ilis
2505 1388 2634 1443 ergo
2651 1376 2917 1444 cognitis,
2965 1393 3086 1432 cum
3139 1381 3374 1437 audieris
3425 1399 3650 1439 onmem

2055 1468 2253 1516 terram
2300 1462 2496 1517 labium
2544 1479 2705 1518 unum
2749 1464 2947 1534 fuisse,
2991 1468 3275 1526 humanam
3315 1489 3498 1529 rursus
3541 1490 3651 1530 na-

2055 1558 2228 1605 turam
2275 1552 2507 1624 intelligo
2538 1572 2552 1607 :
2586 1557 2852 1626 prapriam
2903 1561 3048 1615 enim
3097 1562 3350 1618 vilitatem
3382 1565 3536 1621 nobis
3591 1567 3649 1622 in

2055 1644 2369 1700 memoriam
2395 1657 2612 1702 revocat
2643 1664 2657 1700 :
2686 1663 2932 1719 magnum
2975 1653 3173 1723 quippe
3199 1655 3396 1711 bonum
3429 1668 3513 1712 est
3540 1674 3646 1713 co—

2052 1736 2358 1804 gnationem
2385 1751 2536 1793 suam
2575 1754 2918 1810 cognoscere,
2947 1757 3010 1797 ac
3036 1745 3176 1800 scire
3193 1746 3216 1812 ,'
3241 1748 3433 1816 quibus
3456 1765 3524 1804 ex
3553 1767 3652 1804 rc-

2055 1823 2156 1878 bus
2199 1827 2459 1896 compacti
2513 1829 2700 1883 simus.
2731 1830 2857 1885 llaec
2888 1832 3159 1889 sufﬁciens
3199 1847 3282 1891 est
3327 1837 3654 1894 humilitatis

2053 1915 2296 1973 doctrina
2324 1919 2684 1977 consideratio
2723 1934 2925 1979 naturze
2959 1943 2973 1979 :
3005 1941 3193 1983 omnes
3233 1940 3410 1997 potest
3435 1943 3655 2002 periuro

2056 2006 2298 2064 bationes
2343 2011 2535 2068 sedare
2578 2021 2634 2068 et
2696 2017 3133 2086 tranquillitatem
3201 2022 3378 2077 animo
3431 2039 3652 2092 parere.

2054 2100 2344 2172 Propterea
2386 2105 2636 2161 monebat
2678 2107 2893 2176 quidam
2915 2148 2930 2172 ,
2956 2111 3172 2166 Attende
3209 2113 3296 2166 tibi
3323 2115 3420 2184 ἰρεὶ
3449 2115 3652 2187 (Eccli.

2051 2192 2142 2248 29.
2169 2193 2264 2262 27)
2289 2233 2303 2259 ,
2336 2199 2569 2266 recogita
2616 2208 2858 2254 naturam
2901 2209 2957 2256 et
2998 2203 3325 2259 creationem
3375 2214 3550 2270 tuam,
3593 2218 3655 2262 ct

2053 2284 2279 2341 sufficiet
2307 2285 2409 2342 hoc
2439 2286 2533 2342 tibi
2555 2296 2612 2342 ut
2639 2289 2914 2348 modesms
2935 2302 3192 2364 perpetuo
3217 2297 3292 2349 sis
3316 2304 3370 2350 et
3401 2296 3649 2352 humilis.

2055 2375 2339 2447 Propterea
2361 2377 2537 2447 justus
2566 2378 2656 2434 ille
2685 2380 2953 2436 Abraham
2979 2383 3231 2438 continuo
3260 2385 3653 2455 cogitationem

2051 2467 2191 2524 hanc
2209 2479 2386 2526 mente
2403 2473 2664 2537 versabat,
2680 2489 2778 2529 nec
2794 2490 3044 2545 umquam
3061 2475 3127 2531 de
3147 2491 3207 2532 se
3227 2477 3502 2547 magniﬁce
3519 2494 3655 2534 scn-

2054 2562 2235 2618 tiebat.
2264 2562 2421 2620 Certe
2460 2580 2581 2619 cum
2610 2566 2775 2621 Deum
2818 2567 3206 2638 alloqueretur,
3239 2584 3301 2624 ac
3329 2580 3471 2625 tanta
3494 2572 3653 2641 apud

2051 2670 2174 2711 eum
2210 2657 2380 2728 gratia
2405 2659 2648 2728 valeret,
2679 2670 2840 2730 atque
2863 2661 2931 2715 ab
2957 2661 3072 2732 ipso
3120 2662 3480 2717 testimonium
3529 2679 3654 2718 sua:

2052 2747 2265 2802 virtutis
2308 2749 2638 2818 accepisset,
2669 2750 2879 2806 dicebat
2909 2768 2923 2804 :
2957 2750 3070 2823 Ego
3097 2763 3264 2806 autem
3291 2770 3401 2807 sum
3431 2763 3569 2807 terra
3603 2767 3655 2808 ct

2048 2839 2178 2893 cinis
2207 2838 2358 2909 (Gen.
2385 2841 2473 2896 18.
2503 2839 2618 2912 27).
2647 2842 2796 2897 Alius
2821 2857 3007 2897 rursus
3036 2842 3306 2899 hominem
3333 2847 3653 2916 arrogantia

2053 2930 2290 2986 inflatum
2336 2947 2458 2986 cum
2489 2932 2651 2988 vellet
2696 2934 3023 3003 reprimere,
3048 2949 3152 2990 non
3181 2934 3394 3007 longum
3424 2951 3652 2991 sermo—

2051 3037 2174 3077 nem
2219 3022 2484 3088 instituit,
2512 3023 2605 3078 sed
2638 3025 2873 3079 animum
2923 3025 3040 3096 ejus
3066 3035 3268 3081 tantum
3315 3027 3383 3082 ad
3433 3037 3654 3084 natum:

2048 3128 2160 3169 sua:
2190 3115 2500 3170 memoriam
2533 3126 2779 3182 revocat,
2804 3133 3033 3188 eumque
3063 3119 3258 3174 acriter
3301 3119 3525 3189 castigat
3557 3119 3654 3174 his

2049 3205 2226 3259 verbis
2258 3222 2272 3260 :
2307 3205 2442 3272 Quid
2465 3207 2688 3276 superbit
2725 3215 2860 3262 terra
2878 3217 2925 3262 et
2959 3209 3086 3264 ciuis
3115 3207 3302 3279 (Eccli.
3335 3210 3422 3265 10.
3445 3211 3532 3283 9)?
3562 3211 3655 3267 Tu

2049 3295 2181 3350 mihi
2206 3311 2324 3366 qua:
2356 3305 2475 3365 post
2521 3306 2747 3352 mortem
2773 3307 3034 3369 apparent
3079 3301 3512 3356 commemoras?
3535 3300 3658 3356 Re-

2050 3386 2220 3455 prime
2251 3388 2420 3457 ipsum
2452 3389 2739 3444 viventem.
2788 3389 2939 3445 Nunc
2967 3406 3027 3446 se
3068 3401 3263 3446 terram
3295 3408 3358 3448 ac
3397 3394 3652 3449 cinerem

2047 3492 2168 3533 esse
2193 3495 2296 3533 non
2321 3479 2580 3550 agnoscit.
2618 3480 2771 3536 Videt
2795 3483 3037 3552 corporis
3057 3483 3279 3538 formam
3301 3501 3315 3548 ;
3339 3484 3483 3539 videt
3529 3502 3650 3557 po-

2049 3570 2291 3636 tentiam,
2314 3581 2706 3626 assentatorum
2729 3572 2982 3644 obsequia
3001 3616 3018 3638 ,
3053 3577 3315 3644 parasitos
3341 3585 3652 3635 sectantes.

2050 3664 2297 3720 Vestibus
2350 3666 2599 3734 pretiosis
2631 3667 2882 3732 indutus,
2929 3684 3120 3738 magno
3165 3671 3506 3740 magistratus
3536 3685 3654 3741 ap-

2046 3767 2233 3827 paratu
2257 3755 2564 3824 decoratur,
2595 3759 2740 3812 illum
2763 3757 2878 3813 hch
2907 3774 3096 3830 pompa
3126 3758 3346 3828 decipit,
3376 3771 3429 3816 et
3455 3770 3512 3815 ut
3535 3777 3655 3815 na-

2047 3859 2179 3904 turze
2207 3849 2549 3906 obliviscatur
2574 3851 2758 3907 cflicit.
2792 3853 3002 3908 Scimus
3050 3865 3245 3908 terram
3277 3869 3397 3909 esse
3442 3871 3542 3910 nos
3577 3869 3655 3912 ac

2043 3942 2434 3998 cinerem:scd
2465 3961 2562 4000 nos
2607 3946 2699 4016 qui
2757 3955 3112 4016 temperantes
3155 3962 3217 4002 ac
3265 3948 3489 4003 modesti
3546 3964 3657 4004 su-

2046 4046 2166 4086 mus
2187 4041 2270 4086 :at
2295 4033 2383 4089 ille
2408 4035 2919 4091 demonstrationem
2945 4037 3081 4091 hanc
3102 4053 3130 4091 a
3153 4039 3257 4092 ﬁne
3280 4037 3492 4093 ductam
3525 4055 3653 4097 non

2045 4133 2357 4195 exspectat,
2401 4143 2575 4196 neque
2617 4128 2684 4182 ad
2731 4129 2935 4183 loculos
2982 4131 3318 4202 tumulosque
3369 4133 3653 4201 majorum

2044 4217 2237 4284 pergit,
2270 4217 2361 4271 sed
2385 4220 2666 4288 prteseutia
2698 4221 2936 4288 respicit,
2965 4237 3137 4290 neque
3161 4221 3446 4292 quidquam
3475 4227 3655 4296 cogi-

2044 4313 2123 4360 tat
2144 4307 2212 4362 de
2254 4306 2464 4363 futuris.
2494 4309 2608 4364 lam
2638 4325 2703 4364 ex
2745 4311 2848 4365 hoc
2876 4312 3021 4365 illum
3065 4312 3198 4366 doce
3226 4323 3421 4367 terram
3453 4329 3516 4368 ac
3557 4319 3654 4370 ci-

2045 4416 2227 4457 nerem
2255 4402 2423 4472 ipsum
2454 4418 2592 4457 esse.
2625 4404 2775 4459 Mane
2799 4407 3076 4476 tantisper.
3108 4407 3298 4474 inquit,
3325 4423 3498 4478 neque
3526 4407 3650 4466 hoc

2043 4492 2277 4559 docebo,
2311 4495 2405 4549 sed
2434 4494 2578 4549 aliud
2610 4497 2774 4550 multo
2824 4497 3121 4566 alleClil152
3157 4507 3213 4552 ut
3236 4514 3357 4553 cum
3389 4497 3524 4553 fastu
3561 4502 3660 4555 in-

2046 4587 2330 4649 tumuerit,
2360 4603 2509 4642 suam
2545 4589 2710 4658 ipsius
2737 4589 2992 4644 vilitatem
3033 4601 3280 4661 agnoscat
3307 4607 3324 4649 ;
3356 4600 3412 4644 ut
3442 4593 3658 4650 vivens

2047 4677 2275 4746 accipiat
2297 4677 2634 4732 medicinam.
2664 4681 2795 4734 Cum
2824 4683 2966 4734 enim
2996 4681 3252 4748 dixisset,
3289 4682 3426 4748 Quid
3455 4700 3658 4754 super-

2046 4768 2114 4822 bit
2144 4779 2276 4822 terra
2301 4779 2345 4823 et
2369 4770 2526 4828 cinis?
2555 4771 2750 4840 adjecit
2776 4790 2787 4824 :
2824 4772 3076 4836 Quoniam
3120 4774 3172 4826 in
3194 4776 3295 4826 vita
3323 4773 3391 4826 ad
3417 4774 3658 4830 nihilum

2043 4859 2251 4912 redacta
2293 4871 2406 4912 sunt
2434 4859 2608 4912 intima
2632 4863 2740 4931 ejus
2771 4859 2930 4930 (Ibid.
2976 4877 3024 4916 υ.
3058 4863 3165 4933 10).
3198 4864 3333 4932 Quid
3369 4866 3471 4923 hoc
3515 4879 3612 4924 est
3635 4915 3655 4937 ,

2048 4953 2297 5020 Quoniam
2323 4955 2376 5008 in
2404 4956 2504 5008 vita
2529 4956 2596 5008 ad
2625 4957 2839 5010 nihilum
2880 4960 3084 5012 redacta
3111 4971 3226 5014 sunt
3263 4963 3437 5018 intima
3480 4966 3608 5032 eius
3627 4971 3660 5023 Ρ

2043 5043 2338 5100 Obscurum
2385 5056 2466 5100 est
2523 5045 2752 5103 fortasse
2794 5049 2994 5105 dictum
3057 5052 3203 5106 illud.
3270 5053 3461 5109 Intima
3504 5057 3660 5115 dicit

2046 5136 2315 5203 intestina,
2347 5138 2482 5205 dicit.
2505 5140 2728 5207 viscera,
2757 5153 2996 5198 ventrem
3022 5149 3347 5202 stercoribus
3371 5149 3598 5218 plenum
3626 5197 3644 5219 ,

2044 5243 2105 5281 ac
2151 5229 2331 5283 multis
2376 5231 2624 5287 sordibus
2663 5244 2718 5288 et
2771 5234 2958 5289 faetore
2992 5254 3006 5290 :
3035 5241 3329 5309 non"‘qnod
3382 5252 3654 5300 naturam

2043 5318 2291 5386 damnet,
2322 5321 2414 5375 sed
2447 5332 2502 5376 ut
2523 5323 2585 5377 ad
2616 5324 2968 5381 humilitatem
3000 5327 3248 5384 adducat.
3279 5332 3534 5399 Quoniam
3593 5340 3656 5391 in

2043 5414 2144 5466 vita
2194 5405 2262 5465 ad
2291 5414 2505 5469 nihilum
2551 5418 2757 5471 redacta
2801 5423 2980 5473 sunt‘.
3007 5420 3168 5477 Vides
3225 5440 3382 5494 quam
3416 5427 3539 5481 vilis
3591 5443 3656 5486 et

2043 5505 2186 5558 ﬂuxa.
2217 5506 2286 5559 sit
2331 5516 2508 5562 nostra
2552 5509 2888 5564 substantia?
2915 5511 3030 5566 Noli
3053 5513 3193 5568 diem
3223 5515 3396 5571 obitus
3436 5533 3653 5589 expe-

2043 5639 2317 5754 erEJolb.,
2341 5642 2568 5703 Quoniam
2589 5655 2638 5694 tn
2661 5644 2756 5694 vita
2771 5644 2878 5706 ejus
2905 5644 3060 5698 vilitas
3099 5654 3288 5700 natura
3317 5649 3423 5711 eius
3445 5655 3652 5716 perspi-
