3734 6278
424 315 528 373 135

419 437 513 491 τὸν
548 429 747 501 αὐχένα
780 428 1145 494 ἀνατείνοντα,
1171 428 1270 491 τάς
1308 425 1478 497 ὀφρῦς
1517 424 1866 491 ἀνασπῶντα,
1902 424 1994 476 ἐπὶ

418 523 515 577 τοῦ
558 522 831 592 ὀχήματος
871 518 1189 592 φερόμενον,
1229 515 1571 578 ἀπειλοῦντα,
1604 515 1684 577 εἰς
1712 513 1996 585 δεσμωτὴο

426 628 538 682 ριον
568 609 921 680 ἐμϐάλλοντα,
958 605 1172 676 Θανάτῳ
1198 604 1576 676 παραδιδόντα,
1601 601 2005 677 ἐπηρεάζοντα,

420 698 541 751 εἰπὲ
579 697 715 769 πρὸς
737 695 914 750 αὐτόν·
952 695 1012 749 Τί
1050 692 1556 762 ὺπερηφανεύεται
1598 690 1674 761 γῆ
1714 689 1814 743 καί
1845 704 2000 744 σπο-

421 788 560 851 δός-ς
592 785 713 837 Ὅτι
755 782 852 837 καί
893 781 962 836 ἐν
1006 773 1082 849 τῇ
1129 778 1241 850 ζωῇ
1277 779 1461 833 αὑτοῦ
1500 776 1891 842 ὲξουδένωται
1928 777 2000 830 τὰ

422 874 704 927 ἐνδόσθια
750 871 955 927 αὐτοῦ.
1006 870 1190 923 Ταῦτα
1243 868 1303 921 οὐ
1351 868 1480 939 περὶ
1513 865 1803 938 ἀνθρώπου
1841 866 1999 936 μόνον

426 960 657 1026 ἰδιώτου,
708 959 842 1012 ἀλλά
897 959 989 1011 καὶ
1040 957 1170 1028 περὶ
1218 955 1382 1010 αὐτοῦ
1432 954 1527 1008 τοῦ
1560 953 1866 1024 καθημένου
1907 954 1998 1006 ἐπὶ

420 1048 514 1101 τοῦ
555 1050 743 1120 θρόνου
772 1044 865 1099 τοῦ
897 1045 1174 1117 βασιλικοῦ
1209 1044 1355 1098 ἐστιν
1392 1045 1583 1097 εἰπεῖν.
1630 1042 1720 1113 Mi;
1758 1042 1866 1114 γὰρ
1896 1041 1997 1111 τὴν

422 1137 709 1209 ἁλουργίδα
738 1137 873 1207 ἴδῃς,
899 1136 1032 1207 μηδέ
1064 1133 1125 1187 τὸ
1156 1131 1411 1202 διάδημα,
1440 1130 1573 1200 μηδέ
1606 1130 1673 1183 τὰ
1708 1130 1896 1199 ἰμάτια
1928 1128 1996 1182 τὰ

420 1225 613 1293 χρυσᾶ,
642 1222 755 1276 ἀλλ’
785 1222 952 1293 αὐτὴν
995 1222 1095 1292 τὴν
1140 1219 1301 1293 φύσιν
1342 1217 1653 1288 ἐρεύνησον,
1703 1219 1799 1270 καὶ
1843 1216 1994 1270 οὐδὲν

417 1285 538 1380 ϐοξιει
567 1285 725 1363 πλέον
759 1285 983 1380 ἔχουσαν
1014 1285 1121 1361 τῶν
1146 1285 1384 1361 πολλῶν(
1401 1285 1599 1376 μᾶλλον
1622 1305 1699 1368 65,
1718 1306 1765 1357 εἰ
1794 1303 1992 1374 βούλει,

417 1399 511 1452 καὶ
531 1398 627 1469 τὴν
648 1395 1070 1469 ἁλουργίδα,χώ
1096 1395 1155 1447 τὸ
1176 1394 1435 1463 διάδημα,
1456 1394 1551 1445 καὶ
1574 1392 1640 1445 τά
1670 1392 1684 1443 ί
1693 1391 1880 1461 μάτια,
1901 1393 1995 1445 καὶ

416 1483 597 1536 πᾶσαν
642 1482 890 1554 περίελθε
922 1482 1018 1552 τὴν
1050 1482 1346 1551 φαντασίαν
1393 1480 1628 1548 ἐκείνην,
1661 1479 1753 1531 καὶ
1791 1478 1993 1532 τούτων

414 1572 593 1624 αὐτῶν
621 1570 741 1639 ὸψει
765 1570 921 1625 πάλιν
946 1569 1043 1641 τὴν
1065 1569 1166 1638 γῆν
1185 1564 1349 1621 οὖσαν
1384 1567 1655 1621 ὑπόθεσιν.
1681 1566 1854 1621 Πᾶσα
1885 1565 1994 1635 γὰρ

412 1657 563 1722 δόξα
589 1658 900 1725 ἀνθρώπου
934 1658 1014 1721 ὡς
1040 1656 1221 1722 ἄνθος
1246 1656 1489 1726 χόρτου.
1508 1655 1636 1707 Ἰδοὺ
1661 1656 1754 1707 καὶ
1772 1655 1875 1725 γῆς
1904 1656 1993 1707 εὐ-

410 1747 725 1818 τελέστερος
743 1745 914 1813 ἐφάνη
939 1746 967 1797 ὁ
997 1743 1380 1812 καλλωπισμὸς
1413 1745 1616 1805 ἐκεῖνος
1646 1741 1812 1802 ἄπας.
1830 1743 1990 1813 Ὁρᾷς

412 1834 533 1897 πῶς
581 1832 928 1887 καταστέλλει
976 1831 1037 1883 τὸ
1073 1830 1335 1901 φύσημα;
1386 1829 1502 1893 πῶς
1534 1829 1785 1901 καθαιρεῖ
1811 1832 1990 1884 πᾶσαν

412 1922 666 1975 ἀπόνοιαν
686 1923 719 1992 ἡ
737 1920 915 1973 ἔννοια
939 1918 1038 1988 τῆς
1060 1917 1273 1988 φύσεως
1289 1917 1486 1987 αὐτῆς;
1518 1919 1702 1989 ’Λρκεί
1725 1919 1881 1989 μόνον
1905 1918 1989 1971 λο-

411 2010 663 2079 γίσασθαι
699 2009 841 2071 τίνες
875 2008 1059 2077 ἐσμὲν,
1097 2005 1192 2060 καὶ
1235 2005 1397 2058 πόθεν
1437 2007 1866 2077 συνεστήκαμεν,
1897 2006 1990 2060 καὶ⁵

410 2101 561 2153 πᾶσα
588 2099 865 2167 οἰχήσεται
892 2094 1166 2166 λογισμῶν
1189 2094 1434 2148 ἀπόνοια.
1467 2094 1565 2147 Διά
1603 2095 1712 2166 γὰρ
1738 2096 1894 2149 τοῦτο
1927 2098 1989 2150 ἐκ

410 2186 502 2239 δύο
545 2184 739 2239 οὐσιῶν
773 2184 1168 2238 κατεσκεύασεν
1199 2184 1347 2252 ἡμᾶς
1388 2184 1415 2235 ὁ
1447 2182 1599 2248 Θεὸς,
1638 2183 1702 2235 ἵν’
1732 2184 1856 2236 ὅταν
1893 2186 1989 2253 μὲν

410 2277 490 2338 εἰς
525 2274 781 2327 ἀπόνοιαν
818 2270 1081 2342 ἐπαρθῇς,
1108 2269 1433 2340 καταστείλῃ
1464 2288 1523 2323 σε
1552 2270 1611 2322 τὸ
1647 2271 1858 2333 εὐτελὲς
1892 2272 1989 2343 τῆς

412 2360 634 2432 σαρκός·
668 2360 795 2413 ὅταν
818 2359 874 2413 δὲ
895 2358 1108 2425 ἀνάξιόν
1133 2376 1184 2411 τι
1209 2359 1302 2411 καὶ
1326 2356 1547 2425 ἀγεννὲς
1568 2367 1588 2387 ⁸
1617 2357 1715 2427 τῆς
1746 2357 1989 2428 δοθείσης

411 2466 494 2502 σοι
512 2466 585 2502 πα
592 2447 660 2519 ρά
676 2447 769 2500 τοῦ
786 2445 920 2500 Θεοῦ
936 2448 1100 2516 τιμῆς
1116 2445 1392 2517 ἐννοήσῃς,
1411 2445 1659 2516 ἀναγάγῃ
1675 2461 1734 2496 σε
1752 2445 1885 2515 πρὸς
1900 2445 1989 2497 τὸν

408 2536 516 2589 τῶν
548 2535 811 2607 οὐρανίων
830 2534 1108 2603 δυνάμεων
1129 2531 1288 2600 ζῆλον
1322 2534 1354 2601 ἡ
1387 2532 1484 2601 τῆς
1505 2530 1681 2602 ψυχῆς
1719 2532 1985 2599 εὐγένεια.

480 2622 547 2687 ζ’.
587 2624 699 2676 Οὐκ
730 2625 807 2685 εἰς
843 2620 1119 2691 ἀναίρεσιν
1144 2619 1201 2672 δέ
1234 2619 1488 2682 ἀπονοίας
1522 2620 1679 2688 μόνον
1712 2619 1989 2689 ἐπιτηδεία

410 2711 443 2780 ἡ
464 2708 750 2778 ἐπίσκεψις
771 2708 870 2778 τῆς
896 2706 1127 2775 φύσεωςζ
1153 2704 1287 2758 ἀλλὰ
1306 2706 1409 2758 κᾶν
1433 2706 1593 2777 έτέρα
1616 2723 1699 2769 τις
1725 2706 1988 2777 ἐπιθυμία

407 2797 673 2867 διενοχλῇ,
702 2795 804 2849 κᾶν
832 2796 866 2865 ἡ
919 2794 1025 2846 τῶν
1077 2794 1395 2865 χρημάτων,
1442 2792 1543 2846 κᾶν
1579 2794 1747 2864 ἡτῶν
1800 2794 1987 2865 σωμά-

406 2903 535 2950 των,
566 2889 598 2957 ἡ
628 2887 824 2948 ἄτοπος
847 2883 984 2953 αὐτη
1020 2885 1112 2936 καὶ
1144 2884 1224 2947 εἰς
1248 2882 1537 2951 ἀσέλγειαν
1590 2884 1983 2954 ἐκκαλουμένη,

406 2977 619 3047 ἀπόχρη
654 2970 808 3028 τοῦτο
832 2975 912 3038 εἰς
939 2972 1290 3045 παραμυθίαν
1312 2972 1403 3026 τοῦ
1431 2972 1653 3036 πάθους.
1690 2974 1858 3027 Ὅταν
1894 2970 1986 3027 οὖν

408 3068 522 3139 ἴδῃς
542 3068 775 3134 γυναῖκα
792 3062 1084 3134 εὐμορφον,
1115 3060 1401 3132 λάμποντα
1430 3060 1659 3131 ἔχουσαν
1683 3062 1980 3133 ὀφθαλμὸν,

408 3153 647 3224 φαιδρὸν,
668 3151 987 3205 στίλϐουσαν
1018 3150 1124 3203 ἀπὸ
1143 3150 1242 3219 τῆς
1274 3150 1524 3220 παρειᾶς,
1555 3150 1833 3221 ἀμήχανόν
1861 3169 1984 3205 τινα

403 3243 551 3315 ὤραν
576 3243 668 3296 ἐπὶ
688 3242 785 3312 τῆς
808 3241 985 3312 ὅψεως
1011 3240 1298 3311 φέρουσαν,
1328 3238 1629 3308 φλέγουσαν
1653 3256 1746 3293 σου
1768 3239 1859 3293 τὸν
1894 3240 1984 3293 λο-

403 3333 621 3404 γισμὸν,
656 3332 749 3387 καὶ
787 3333 885 3401 τὴν
913 3330 1206 3401 ἐπιθυμίαν
1231 3329 1520 3395 αὐξουσαν,
1543 3330 1793 3401 ἐννόησον
1812 3332 1893 3384 ὃτι
1910 3332 1982 3402 γῆ

400 3423 464 3475 τὸ
492 3418 923 3491 θαυμαζόμενον,
956 3417 1245 3479 ὃτισποδὸς
1274 3417 1334 3469 τὸ
1365 3418 1603 3481 ἐκκαῖον,
1637 3420 1731 3470 καὶ
1776 3418 1982 3471 παύσε-

401 3527 489 3563 ται
536 3507 845 3577 λυττῶσαὴ
896 3506 1062 3576 ψυχή·
1096 3504 1435 3572 ἀνακάλνψον
1474 3505 1640 3575 αὐτῆς
1696 3506 1755 3559 τὸ
1808 3506 1984 3577 δέρμα

402 3598 498 3667 τῆς
530 3596 724 3665 ὅψεως,
757 3595 850 3647 καὶ
867 3593 987 3646 τότε
1015 3595 1193 3646 πᾶσαν
1220 3592 1386 3663 αὐτὴν
1411 3592 1531 3661 ὄψει
1563 3593 1664 3664 τῆς
1683 3595 1982 3665 εὐμορφίας

401 3686 499 3756 τὴν
530 3684 822 3738 εὐτέλειαν
860 3682 933 3752 μὴ
969 3685 1100 3752 στῇς
1133 3681 1292 3751 μέχρι
1343 3682 1443 3751 τῆς
1475 3682 1816 3750 ἐπιφανείας,
1867 3683 1980 3736 ἀλλ’

402 3773 661 3844 ἐνδοτέρω
688 3772 902 3841 διάϐηθι
955 3770 1032 3835 τῷ
1056 3769 1317 3840 λογισμῷ,
1369 3770 1463 3823 καὶ
1500 3770 1650 3825 οὐδὲν
1673 3772 1856 3841 ἓτερον
1894 3773 1983 3825 εὐ-

406 3864 610 3934 ρὴσεις,
641 3859 754 3913 ἀλλ’
781 3859 813 3929 ἣ
838 3859 971 3911 ὀστᾶ
995 3859 1088 3912 καὶ
1124 3857 1290 3928 νεῦρα
1321 3859 1415 3911 καὶ
1444 3857 1665 3926 φλέϐας.
1724 3859 1862 3912 Ἀλλ’
1882 3860 1982 3912 οὐκ

400 3950 563 4021 ἀρκεῖ
583 3936 783 4015 ταῦτα;
808 3943 1034 4015 Λόγισαί
1060 3961 1161 4015 μου
1201 3944 1403 4017 ταύτην
1429 3946 1836 4019 ἀλλοιουμένην,
1881 3964 1982 4021 γη-

398 4037 728 4109 ράσκουσαν,
769 4033 1191 4106 ἀρρωστοῦσαν,
1247 4033 1601 4103 ὐφιζάνοντας
1646 4035 1977 4107 ὀφθαλμοὺς,

399 4125 493 4179 καί
518 4124 926 4193 κοιλαινομένας
947 4122 1198 4193 παρειὰς,
1235 4121 1380 4175 ἀπαν
1408 4124 1707 4196 καταρρέον
1736 4124 1795 4177 τὸ
1820 4124 1980 4187 ἀνθος

399 4216 595 4269 ἐκεῖνο*
624 4212 873 4284 ἐννόησον
918 4212 969 4265 τί
1024 4210 1344 4282 θαυμάζεις,
1387 4212 1479 4265 καὶ
1519 4211 1835 4283 αἰσχύνθητί
1884 4229 1977 4267 οου

397 4302 497 4373 τὴν
518 4302 715 4373 κρίσιν.
742 4299 918 4371 Πηλὸν
954 4299 1249 4370 θαυμάζεις
1265 4302 1357 4353 καὶ
1388 4301 1599 4367 σποδὸν,
1622 4302 1716 4355 καὶ
1746 4303 1892 4365 κόνις
1918 4318 1977 4355 0;

399 4392 611 4444 ἐκκαίει
641 4393 733 4443 καὶ
760 4390 950 4459 τέφρα.
970 4390 1044 4442 Οὐ
1099 4389 1419 4461 κατηγορῶν
1445 4394 1546 4460 τῆς
1570 4390 1784 4460 φύσεως
1805 4391 1977 4447 ταῦτα

398 4479 562 4545 λέγωο
597 4476 670 4548 μὴ
686 4477 910 4543 γένοιτο·
945 4476 1006 4528 ού
1033 4475 1292 4539 κακίζων,
1320 4476 1440 4529 οὐδέ
1465 4478 1546 4539 εἰς
1576 4478 1852 4532 εὐτέλειαν
1878 4481 1979 4550 ἐμ-

399 4565 636 4625 ϐάλλων,
672 4563 805 4618 ἀλλά
836 4564 1099 4635 φάρμακα
1120 4567 1230 4627 τοῖς
1280 4564 1493 4618 νοσοῦσι
1528 4567 1974 4631 κατασκευάζων.

396 4651 549 4729 [19%]
575 4652 669 4705 Διά
691 4650 848 4706 τοῦτο
877 4654 906 4705 ὁ
929 4651 1061 4715 Θεὸς
1090 4651 1343 4723 τοιαύτην
1384 4652 1555 4724 αὐτὴν
1584 4654 1857 4727 ἐποίησεν,
1889 4656 1980 4709 οὐ·

394 4758 504 4806 τως
537 4740 747 4811 εὐτελῆ,
775 4741 858 4793 ἵνα
880 4742 973 4794 κα)⁸
998 4740 1097 4812 τὴν
1124 4741 1328 4794 οἰκείαν
1365 4740 1591 4813 δύναμιν
1620 4742 1973 4815 ἐπιδείξηται,

397 4831 491 4884 καὶ
518 4829 614 4901 τὴν
648 4830 975 4900 κηδεμονίαν
1006 4830 1103 4901 τὴν
1161 4830 1289 4902 περὶ
1315 4831 1482 4902 ἡμᾶς,
1511 4834 1576 4903 τῇ
1608 4832 1708 4901 τῆς
1761 4833 1977 4901 φύσεως

399 4920 500 4989 μὲν
520 4918 765 4988 εὐτελείᾳ
782 4918 916 4989 πρὸς
928 4918 1423 4989 ταπεινοφροσύνην
1437 4920 1664 4988 ἐνάγων,
1684 4921 1775 4974 καὶ
1796 4923 1974 4975 πᾶσαν

395 5007 495 5077 τὴν
522 5006 813 5076 ἐπιθυμίαν
841 5006 999 5076 ἡμῶν
1023 5006 1417 5066 καταστέλλων.
1447 5008 1545 5078 τὴν
1566 5007 1621 5060 δὲ
1652 5008 1841 5077 σοφίαν
1871 5010 1976 5061 δει-

395 5093 527 5156 κνὺς
556 5092 654 5163 τὴν
704 5092 922 5154 ἐαυτοῦ,
952 5092 1026 5157 ὡς
1059 5094 1153 5146 καὶ
1180 5095 1237 5146 ἐν
1268 5093 1423 5164 πηλῷ
1472 5094 1723 5148 τοσοῦτον
1778 5096 1974 5166 ἰσχύων

394 5178 926 5247 ἐξασκῆσαικάλλος.
966 5181 1127 5234 Ὥστε
1160 5183 1288 5235 ὅταν
1317 5182 1632 5246 ἐξευτελίσω
1652 5183 1746 5255 τὴν
1765 5185 1972 5249 οὐσίαν,

388 5270 513 5324 τότε
551 5267 876 5322 ἐκκαλύπτω
899 5268 999 5340 τὴν
1028 5269 1222 5341 τέχνην
1249 5272 1341 5326 τοῦ
1362 5272 1725 5343 Δημιουργοῦ.
1762 5273 1974 5345 Ὥσπερ

390 5356 499 5428 γάρ
521 5354 962 5426 ἀνδριαντοποιὸν
1004 5356 1125 5411 τότε
1189 5359 1387 5429 μᾶλλον
1443 5360 1809 5432 θαυμάζομεν,
1876 5364 1973 5434 οὐχ

387 5449 517 5501 ὅταν
557 5449 621 5501 ἐκ
666 5447 893 5519 χρυσίου
949 5447 1112 5501 καλὸν
1140 5452 1273 5519 ἡμῖν
1317 5449 1465 5523 δείξῃ
1520 5451 1610 5504 τὸν
1659 5452 1972 5523 ἀνδριάντα,

387 5535 502 5587 ἀλλ’
523 5535 652 5587 ὅταν
675 5537 737 5587 ἐκ
764 5533 937 5605 πηλοῦ
968 5535 1067 5605 τῆς
1095 5535 1226 5608 ὐλης
1247 5538 1608 5611 ὑποκειμένης
1633 5540 1973 5612 ἀπηρτισμέ-

389 5635 483 5689 νην
519 5624 612 5676 καὶ
643 5623 849 5695 ἀκριϐῆ
881 5623 983 5696 τὴν
1010 5625 1193 5681 εἰκόνα
1251 5627 1549 5699 ἐργάζηται
1602 5628 1742 5682 οὐτω
1766 5631 1971 5684 καὶτὸν

444 5797 471 5826 ⁸
494 5796 578 5845 SM
593 5799 622 5846 il
645 5799 819 5860 ἁγενές.

1128 310 1185 364 8.
1226 306 1509 366 JOANNIS
1546 302 2028 364 CHRYSOSTOMI
2067 301 2386 365 ARCIIIEP.
2426 307 2971 368 CONSTANTINOP.

3579 308 3685 367 186

2099 424 2483 502 ἀριστοτέχνην
2504 432 2635 484 Θεὸν
2678 428 3084 501 ὲκπληττὸμεθα
3109 427 3202 482 καὶ
3227 425 3539 500 δοξάζομεν,
3597 429 3688 485 δτι

2100 518 2158 570 ἐν
2195 518 2372 588 σποδῷ
2402 520 2493 572 καὶ
2527 520 2682 590 πηλῷ
2705 519 2897 583 κάλλος
2928 519 3210 589 ἀμήχανον
3234 515 3329 570 καὶ
3361 517 3558 586 σοφίας
3583 517 3688 591 ἀρ-

2101 604 2263 674 ρἡου
2289 605 2434 668 τινὸς
2467 606 2724 673 ἐπίδειξιν
2752 610 2863 669 τοῖς
2901 604 3147 676 σώμασιν
3178 604 3338 676 ἡμῶν
3364 606 3686 660 ἐναπέθετο.

2100 691 2209 743 Καὶ
2238 692 2394 745 τοῦτο
2428 695 2528 746 οὐκ
2586 695 2642 748 ἐν
2683 693 2760 765 τῷ
2812 693 3023 765 σώματι
3084 693 3242 765 μόνον
3299 691 3373 764 τῷ
3402 692 3682 764 ἡμετέρῳ,

2099 778 2233 832 ἀλλὰ
2264 781 2356 833 καὶ
2387 782 2443 833 ἐν
2471 781 2618 852 πάσῃ
2652 784 2716 851 τῇ
2750 781 2923 835 κτίσει
2964 781 3237 851 ἐποίησεν.
3270 779 3519 843 Εὐτελείς
3572 780 3684 851 γὰρ

2100 865 2364 936 πολλαχοῦ
2414 868 2751 939 παραγαγὼν
2806 869 2903 932 τὰς
2961 867 3168 931 οὐσίας,
3201 867 3424 938 καὶτῆς
3472 868 3683 931 οἰκείας

2097 954 2292 1024 τέχνης
2311 956 2507 1027 δεῖγμα
2528 958 2693 1025 σαφὲς
2719 955 3078 1025 ἐγκατέθηκε,
3102 955 3316 1024 καὶτῆς
3342 954 3451 1008 τῶν
3478 954 3683 1007 οὐσιῶν

2099 1041 2380 1103 ἀσθενείας
2413 1042 2630 1112 ἐλεγχόν
2681 1058 2800 1095 τινα
2824 1041 3203 1114 ἐγκατέμιξεψ
3228 1042 3315 1095 ἵνα
3338 1041 3424 1095 διὰ
3453 1042 3550 1112 μὲν
3578 1044 3681 1111 τὴν

2098 1129 2301 1199 τέχνην
2328 1130 2421 1183 καὶ
2448 1130 2509 1182 τὸ
2542 1129 2735 1193 κάλλος
2756 1128 3042 1203 θαυμάζῃς
3085 1130 3177 1184 τὸν
3198 1130 3559 1201 Δημιουργὸν,
3588 1130 3682 1182 διὰ

2096 1214 2151 1268 65
2170 1216 2266 1286 τὴν
2297 1216 2578 1271 ἀσθένειαν
2603 1218 2695 1271 καὶ
2718 1217 2815 1288 τὴν
2867 1218 3138 1271 εὐτέλειαν
3178 1218 3277 1287 τῆς
3331 1216 3544 1286 φύσεως
3586 1220 3684 1270 καὶ

2095 1304 2195 1374 τῆς
2214 1304 2403 1367 οὐσίας
2433 1306 2507 1376 μὴ
2557 1307 2938 1377 προσκυνήσῃς
2958 1305 3026 1359 τὰ
3064 1306 3344 1377 γενόμενα.
3374 1305 3600 1376 Φαιδρὸς
3653 1308 3683 1359 ὁ

2093 1391 2243 1461 ἥλιος
2264 1392 2615 1462 λάμπων,καὶ
2645 1396 2823 1448 πᾶσαν
2846 1392 3178 1463 καταυγάζει
3209 1395 3307 1465 τὴν
3330 1396 3679 1464 οἰκουμένην·

2094 1478 2209 1533 ἀλλ’
2238 1480 2500 1553 ἐλθούσης
2531 1483 2631 1551 τῆς
2688 1484 2880 1547 νυκτὸς
2934 1483 3197 1537 ἐκλείπει.
3246 1483 3307 1536 Τι’
3358 1483 3485 1552 γὰρ,
3518 1482 3680 1551 φησὶ,

2093 1571 2516 1637 φωτεινότερον
2545 1571 2763 1639 ﬁlim);
2817 1570 3004 1624 Ἀλλὰ
3034 1570 3131 1623 καὶ
3177 1570 3352 1624 τοῦτο
3386 1570 3677 1624 ﬁndetur

2092 1656 2193 1708 οὐκ
2226 1660 2282 1710 ἐν
2305 1660 2457 1710 νυκτὶ
2477 1658 2534 1711 65
2570 1659 2749 1728 μόνον,
2794 1658 2928 1712 ἀλλά
2962 1659 3055 1711 καί⁵
3089 1661 3146 1711 ἐν
3175 1657 3375 1727 ἡμέρᾳ.
3423 1659 3531 1710 Καὶ
3587 1659 3682 1711 διὰ

2092 1744 2250 1797 τοῦτο
2278 1743 2533 1809 πολλάκις
2565 1746 2658 1799 καὶ
2678 1747 2735 1797 ἐν
2765 1746 2947 1817 ἡμέρᾳ
2962 1744 3113 1814 ἥλιος
3140 1743 3506 1810 ἐξέλιπεν,ῖνα
3541 1743 3679 1796 θαυ-

2095 1832 2272 1904 μάζῃς
2312 1834 2408 1903 μὲν
2430 1833 2517 1886 διὰ
2539 1834 2638 1904 τὴν
2669 1826 2861 1904 Ωχνην
2898 1834 2988 1886 τὸν
3002 1831 3358 1904 Δημιουργὸν,
3395 1831 3468 1901 μὴ
3505 1849 3680 1902 προσ-

2092 1922 2331 1992 κυνήσῃς
2368 1920 2526 1973 δὲδιά
2547 1922 2644 1991 τὴν
2671 1921 2953 1973 ἀσθένειαν
2983 1920 3044 1972 τὸ
3067 1919 3368 1988 γενόμενον.
3403 1918 3564 1989 Ὁρᾷς
3584 1919 3678 1971 τὸν

2089 2008 2316 2079 οὐρανὸν
2344 2003 2547 2074 τοῦτον,
2582 2009 2764 2076 ἡλίκον
2789 2010 2904 2062 ἐστὶ
2937 2009 3126 2078 σῶμα;
3154 2007 3271 2071 πῶς
3312 2006 3507 2071 καλόν;
3555 2007 3679 2069 πῶς

2089 2095 2430 2160 ἀποττίλϐον,
2480 2097 2573 2149 καὶ
2596 2096 2700 2149 τῶν
2715 2097 2994 2168 ἡμετέρων
3021 2095 3226 2166 βέλτιον
3245 2096 3508 2165 σωμάτιον
3528 2096 3678 2149 κατά

2089 2184 2185 2252 τὴν
2212 2184 2564 2253 ἐπιφάνειαν;
2609 2183 2748 2237 Ἀλλ’
2777 2185 2979 2254 ἄψυχόν
3011 2186 3177 2237 ἐστιν.
3243 2180 3394 2247 Εἶδες
3427 2184 3518 2235 καὶ
3572 2184 3678 2253 τῆς

2090 2271 2285 2341 τέχνης
2310 2271 2408 2343 τὴν
2428 2272 2702 2337 ἐπίδειξιν,
2734 2272 2826 2324 καὶ
2850 2272 2951 2340 τῆς
2976 2272 3259 2335 ἀσθενείας
3286 2272 3376 2326 τὸν
3405 2272 3632 2341 ἔλεγχον
3653 2288 3673 2338 ;

2089 2362 2219 2432 ὁρᾷς
2245 2360 2584 2431 ἑκατέρωθέν
2603 2378 2686 2413 σοι
2710 2360 2777 2413 τὰ
2798 2359 3126 2432 ὀχυρώματα
3151 2361 3375 2432 κείμενα
3395 2378 3409 2426 ;
3432 2361 3548 2413 Ἰνα
3562 2361 3676 2431 γὰρ

2093 2448 2167 2520 μὴ
2197 2447 2613 2520 καταγινώσκῃς
2634 2449 2725 2501 τοῦ
2747 2449 3083 2521 Δημιουργοῦ
3116 2449 3191 2512 ὡς
3223 2448 3500 2511 ἀσθενοῦς,
3528 2449 3675 2501 καλᾶ

2066 2592 2069 2593 ,
2092 2536 2465 2605 ἐποίησενοῖνα
2488 2535 2543 2588 65
2580 2536 2653 2608 μὴ
2682 2542 2989 2609 προσκυνῇς
3016 2536 3081 2590 τὰ
3111 2538 3377 2607 γενόμενα
3392 2537 3465 2600 ὡς
3486 2536 3671 2598 θεοὺς.

2091 2622 2293 2692 ἀσθενῆ
2314 2622 2487 2677 ταῦτα
2517 2624 2581 2677 ἐκ
2610 2624 2806 2696 μέρους
2840 2626 3149 2697 εἰργάσατο.
3170 2625 3354 2678 Ταῦτα
3387 2624 3672 2695 μέμνησθε

2087 2710 2365 2782 διηνεκῶς.

2157 2799 2255 2853 Διά
2286 2799 2442 2852 τοῦτο
2483 2799 2703 2870 Γραφὰς
2732 2799 3131 2871 ἐρμηνεύομεν,
3167 2799 3264 2868 οὐχ
3319 2799 3405 2852 ἵνα
3441 2797 3671 2869 Γραφάς

2092 2885 2300 2957 μάθητε
2330 2885 2509 2956 μόνον,
2541 2886 2654 2939 ἀλλ’
2678 2887 2763 2940 ἵνα
2792 2887 2887 2939 καὶ
2923 2887 2990 2940 τὰ
3028 2886 3130 2957 ἤθη
3184 2886 3530 2957 διορθώσητε.
3572 2889 3671 2939 Ἂν

2086 2975 2195 3045 γάρ
2247 2974 2402 3027 τοῦτο
2458 2974 2530 3047 μὴ
2564 2975 2826 3044 γένηται,
2874 2973 3139 3044 περιττῶς
3195 2971 3668 3043 ἀναγινώσκομεν,

2087 3063 2355 3133 περιττῶς
2386 3061 2745 3134 ἐξηγούμεθα.
2780 3062 2992 3131 Ὥσπερ
3025 3060 3132 3131 γάρ
3178 3060 3412 3131 ἀθλητὴς
3446 3062 3526 3124 εἰς
3559 3080 3668 3114 πα-

2085 3147 2344 3219 λαίστραν
2374 3149 2556 3202 εἰσιὼν
2581 3150 2932 3220 ἀλειφόμενος
2958 3149 3050 3201 καὶ
3093 3148 3379 3202 ἀπολαύων
3406 3150 3513 3201 τῶν
3548 3167 3667 3220 χει-

2088 3241 2199 3312 ρῶν
2224 3240 2317 3294 τοῦ
2363 3241 2727 3313 παιδοτρίϐου,
2764 3242 2829 3295 ἂν
2853 3242 2948 3294 τοῦ
2978 3240 3186 3309 ἀγῶνος
3219 3242 3666 3312 παραγενομένου

2084 3330 2278 3403 ἐλέγξῃ
2301 3332 2514 3403 ἐκείνην
2541 3334 2639 3403 τὴν
2673 3332 2885 3403 τέχνην,
2920 3332 3188 3403 περιττῶς
3213 3330 3435 3402 εἰσήχθη
3458 3333 3538 3395 εἰς
3567 3334 3667 3402 τὴν

2086 3421 2442 3493 παλαίστραν⁸
2478 3421 2647 3485 οὕτως
2676 3421 2740 3476 ἂν
2776 3422 3010 3475 ἐνταῦθα
3058 3421 3517 3492 παραγινόμενοι,
3574 3422 3667 3473 καὶ

2087 3509 2446 3579 μανθάνοντες
2486 3510 2555 3562 τὰ
2600 3510 2952 3581 παλαίσματα
2997 3511 3171 3563 πάντα
3227 3512 3319 3564 καὶ
3364 3509 3460 3572 τὰς
3491 3509 3668 3574 λαϐὰς

2083 3597 2176 3651 τοῦ
2205 3598 2471 3663 διαϐόλου,
2504 3599 2597 3652 τοῦ
2628 3599 2819 3669 καιροῦ
2860 3598 2966 3652 τῶν
2999 3599 3226 3667 ἀγώνων
3252 3598 3495 3660 ἐλθόντος
3529 3599 3668 3653 ὐπο-

2086 3685 2421 3758 σκελισθῆτε,
2455 3687 2488 3758 ἢ
2554 3686 2826 3756 εὐμορφον
2876 3686 2997 3755 δψιν
3030 3687 3246 3749 ἰδόντες,
3287 3686 3319 3755 ἢ
3356 3684 3493 3755 πρὸς
3526 3686 3667 3739 ἀπό-

2084 3791 2229 3827 νοιαν
2262 3774 2610 3846 ἐπαρθέντες,
2652 3773 2685 3844 ἢ
2717 3773 2885 3843 ἑτέρῳ
2912 3773 3018 3827 τινὶ
3063 3771 3282 3842 πονηρῷ
3307 3772 3666 3843 χειρωθέντες

2082 3862 2346 3933 λογισμῷ,
2386 3862 2559 3933 μάτην
2579 3862 2811 3917 ἐνταῦθα
2836 3861 3130 3933 εἰσήλθετε.
3172 3860 3464 3930 Μέμνησθε
3486 3861 3666 3913 τοίνυν

2080 3951 2189 4003 τῶν
2212 3951 2403 4019 λόγων,
2448 3950 2505 4003 οὐ
2527 3949 2635 4002 τῶν
2675 3948 2815 4003 κατά
2845 3950 2941 4020 τῆς
2982 3949 3194 4018 φύσεως
3221 3948 3319 4016 τῆς
3364 3947 3664 4017 ἡμετέρας,

2082 4038 2215 4093 ἀλλά
2229 4038 2338 4091 τῶν
2354 4037 2494 4091 κατά
2508 4037 2605 4107 τῆς
2622 4035 2908 4107 ἐπιθυμίας
2925 4037 3017 4106 τῆς
3035 4035 3427 4090 ἀκολάστου.οὐ
3446 4035 3665 4104 φύσεως

2083 4124 2229 4199 [I95]
2252 4126 2498 4198 ἔγκλημα
2511 4126 2577 4178 τὰ
2598 4123 2879 4195 εἰρημένα,
2901 4123 3036 4176 ἀλλὰ
3064 4122 3355 4194 ἐπιθυμίας
3377 4122 3405 4161 δ
3422 4122 3491 4175 τά
3513 4122 3665 4190 λεγό⁴

2084 4235 2238 4289 μενα.
2279 4216 2460 4288 Ταύτῃ
2486 4213 2870 4270 καταστέλλετε
2925 4212 3094 4283 θυμὸν
3117 4254 3132 4279 ,
3186 4211 3329 4266 οὕτω
3380 4213 3683 4283 πραΰνατε

2081 4304 2388 4375 ἐπιθυμίαν,
2417 4303 2559 4357 οὐτω
2591 4303 2907 4356 κατασπᾶτε
2937 4301 3210 4355 ἀπόνοιαν.
3238 4301 3348 4355 Καὶ
3379 4297 3458 4371 ἦν
3493 4301 3695 4356 πᾶσαν

2079 4394 2118 4461 ἡ
2141 4392 2216 4463 γῆ
2238 4392 2439 4461 χεῖλος
2455 4390 2545 4457 ἐν,
2571 4391 2667 4444 καὶ
2697 4388 2863 4460 φωνὴ
2883 4390 2989 4458 μία
3006 4386 3212 4443 πᾶσιν.
3230 4388 3359 4439 Ἰδοὺ
3385 4387 3444 4439 τὸ
3461 4389 3693 4455 ζητού-ν

2082 4497 2240 4552 μενον
2274 4481 2374 4534 ἐτι.
2409 4480 2484 4531 υύ
2515 4478 2640 4550 περὶ
2670 4478 2870 4547 ταύτης
2897 4476 2926 4528 ὁ
2963 4476 3139 4544 λόγος,
3180 4475 3293 4528 ἀλλ’
3325 4476 3406 4528 ὃτι
3455 4475 3691 4538 πάντεςυ

2078 4569 2127 4621 οἱ
2160 4566 2436 4638 ἄνθρωποι
2463 4566 2644 4636 φωνὴν
2677 4560 2820 4634 εἶχον
2860 4564 3006 4636 μίαν,
3040 4562 3138 4615 Διά
3165 4562 3216 4614 τί
3271 4562 3326 4615 65
3379 4562 3559 4632 χεῖλος
3606 4562 3689 4615 ἕνα

2078 4655 2301 4709 ἐκάλεσε
2338 4655 2437 4725 τὴν
2460 4656 2681 4725 φωνὴν;
2712 4652 2870 4716 Ἕθος
2906 4655 2971 4723 τῇ
2995 4651 3183 4723 Γραφῇ
3215 4649 3355 4703 οὕτω
3375 4650 3564 4704 καλεῖν
3595 4646 3687 4704 τινι

2079 4747 2318 4817 ῥήματα,
2350 4744 2621 4814 γλῶσσαν.
2667 4744 2987 4811 Ἀναγκαῖον
3020 4741 3075 4793 65
3111 4741 3203 4793 καὶ
3243 4739 3400 4793 τοῦτο
3456 4740 3685 4797 εἰδέναιιί

2076 4834 2163 4887 διά
2197 4835 2319 4896 τοὺς
2352 4832 2661 4903 αἰρετικούς
2688 4870 2701 4893 ,
2753 4831 2878 4893 τούς
2925 4828 3363 4899 κατηγοροῦντας
3412 4827 3514 4897 τῆς
3562 4827 3683 4899 δηει

2079 4922 2364 4993 μιουργίας
2385 4919 2475 4973 τοῦ
2501 4918 2655 4982 Θεοῦ,
2681 4920 2804 4981 τοὺς
2839 4916 3094 4986 λέγοντας
3114 4955 3129 4979 ,
3177 4918 3257 4969 ὃτι
3304 4916 3542 4984 πονηρὸν
3601 4915 3681 4989 τὸ]

2079 5010 2254 5080 σῶμα.
2298 5008 2511 5077 Ἐπειδὴ
2533 5007 2641 5077 γὰρ
2665 5006 2733 5059 τά
2763 5005 2974 5076 πονηρά
2999 5004 3273 5073 κινήματα
3298 5002 3396 5071 τῆς
3416 5003 3679 5085 διανοίας]

2074 5101 2186 5161 τοῖς
2218 5097 2404 5169 μέλεσι
2444 5096 2537 5149 τοῦ
2583 5096 2829 5165 σώματος
2885 5095 2919 5164 ἡ
2968 5093 3159 5162 Γραφὴ
3210 5091 3381 5143 καλεῖ·
3442 5084 3558 5143 οἶόν
3607 5109 3655 5143 τι

2075 5186 2235 5254 λέγον
2255 5186 2597 5251 Ἢκόνησαν
2619 5179 2911 5251 γλῶσσαν
2936 5179 3133 5233 αὐτῶν
3167 5178 3312 5231 ὡσεὶ
3348 5177 3559 5246 ὅςρεως⁹
3598 5180 3661 5237 Ἡ,

2073 5274 2324 5344 γλῶσσα
2343 5271 2539 5326 αὐτῶν
2555 5270 2816 5340 μάχαιρα
2838 5268 3020 5333 ὀξεῖα·
3043 5266 3350 5336 νομίζουσιν
3369 5261 3461 5318 οὖν
3488 5283 3667 5341 τινες,Δ

2072 5364 2154 5417 ὅτι
2183 5363 2310 5436 περὶ
2346 5361 2443 5431 τῆς
2476 5358 2719 5430 γλώττης
2755 5356 2986 5427 εἴρηται.
3038 5356 3149 5409 Οὐκ
3179 5354 3389 5427 εἴρηται
3420 5352 3477 5405 δὲ
3524 5353 3671 5436 περιέ

2073 5454 2172 5523 τῆς
2195 5452 2458 5521 γλώττης
2500 5450 2573 5520 μὴ
2593 5449 2816 5517 γένοιτο·
2853 5447 3012 5517 ἔργον
3045 5446 3152 5517 γάρ
3204 5448 3318 5498 ἐστι
3351 5444 3442 5497 τοῦ
3492 5443 3671 5529 Θεοῦογ

2072 5541 2207 5595 ἀλλά
2241 5540 2367 5608 περὶ
2416 5537 2525 5590 τῶν
2558 5536 2816 5607 ῥημάτων
2848 5534 2953 5587 τῶν
2989 5532 3243 5602 φονικῶν,
3265 5530 3371 5584 τῶν
3399 5533 3667 5625 ἀποκτινοᾴ

2073 5629 2273 5683 νύντων
2307 5624 2645 5695 ἀνθρώπους,
2693 5621 2800 5676 τῶν
2830 5621 3209 5692 ἐμπιπτόντων
3264 5619 3449 5686 ξίφους
3496 5617 3665 5735 χαλε-ὲ

2134 5741 2162 5779 ι’
2183 5741 2273 5806 Hic
2294 5736 2481 5806 aliqgliq
2502 5739 2608 5806 vigii
2630 5737 2904 5799 suspicatur
2923 5735 3062 5786 Joan.
3084 5732 3294 5789 Boisius,
3315 5738 3368 5780 et
3389 5731 3522 5780 addit
3543 5744 3601 5777 κα
3612 5731 3663 5806 :1

2076 5803 2240 5867 magis:
2261 5808 2368 5867 post
2378 5798 2642 5860 ἐπιθυμίας.
2724 5798 2727 5799 ⁷
3652 5798 3663 5857 γ

3664 5279 3673 5443 ί

3664 5678 3665 5761 ι
