3724 6272
84 322 153 382 us
1017 321 1105 378 DE
1145 322 1678 381 PROPHETIARUM
1715 322 2208 382 OBSCURITATE.
2250 324 2316 383 ll.

79 450 223 501 ctare,
251 444 315 491 ut
361 436 729 491 inﬁrmitatem
758 444 902 491 tuam
926 435 1104 491 discas
1130 454 1146 494 :
1179 438 1355 492 adhuc
1386 446 1647 493 vwentem

80 530 323 584 hominem
357 540 604 585 scrutare
628 569 644 594 ,
676 537 835 599 atque
862 530 913 583 in
946 529 1062 599 ejus
1100 531 1302 585 viscera
1329 532 1653 601 cogitatione

76 620 315 675 descende
338 662 357 687 ,
397 629 510 675 tum
542 619 748 675 videbis
770 661 784 684 ,
812 636 971 690 quam
1002 621 1150 676 nihili
1198 623 1267 676 sit
1296 630 1351 676 et
1387 624 1648 692 abjectus.

77 718 299 768 Attamen
331 714 446 767 noli
473 714 709 767 animum
737 712 1070 784 despondere
1101 730 1114 765 :
1148 729 1320 782 neque
1341 715 1480 769 enim
1509 714 1651 783 quod

74 820 145 859 nos
188 804 323 858 odio
354 813 792 875 prosequeretur,
821 804 917 859 sed
962 804 1104 873 quod
1146 805 1330 859 mitius
1369 806 1647 861 nobiscum

75 905 223 963 ageret
246 935 265 959 ,
302 896 359 949 id
396 896 523 951 fecit
552 897 691 951 Deus
715 939 731 964 ,
762 910 1113 967 magnamque
1143 896 1296 951 nobis
1339 897 1649 953 humilitatis

74 988 391 1042 occasionem
426 988 709 1057 prmberet.
743 987 877 1042 Nam
906 987 949 1041 si
974 988 1297 1050 bomo,cum
1329 996 1468 1043 terra
1497 992 1562 1043 sit
1595 999 1647 1044 et

76 1081 197 1144 ciuis,
226 1078 427 1135 dicere
451 1095 618 1135 ausus
646 1088 745 1144 est,
780 1076 845 1132 In
870 1078 1051 1132 cwluut
1075 1078 1344 1131 ascendant
1373 1076 1526 1150 (lsai.
1558 1081 1641 1135 14.

77 1173 132 1239 £5}
166 1188 181 1223 :
214 1171 325 1223 nisi
382 1170 595 1225 frenum
629 1170 881 1242 injectum
932 1178 1076 1225 esset
1122 1181 1357 1237 natum,
1409 1185 1647 1238 quonon

75 1264 154 1331 eius
168 1262 401 1317 animus
425 1273 710 1332 provectus
728 1263 893 1318 esset?
916 1261 1140 1328 Quando
1166 1261 1323 1331 igitur
1343 1262 1644 1331 quempiam

77 1354 241 1407 videris
271 1355 707 1425 superbientem,
740 1363 917 1409 erecta
944 1352 1173 1417 cervice,
1205 1352 1427 1406 sublatis
1457 1367 1647 1422 super-

72 1448 193 1511 ciliis,
227 1462 403 1501 curru
433 1456 642 1502 vectum
668 1487 681 1509 ,
716 1446 1030 1505 minantem.
1060 1446 1356 1500 mittentem
1384 1444 1438 1499 in
1463 1460 1649 1500 carce-

72 1552 171 1599 rem,
190 1536 361 1590 morti
395 1535 723 1601 tradentem,
750 1535 994 1604 injuriam
1022 1535 1339 1590 inferentem
1366 1576 1380 1599 ,
1411 1535 1496 1590 dic.
1526 1535 1595 1589 illi
1628 1554 1641 1588 :

74 1628 177 1693 Quid
195 1626 435 1696 superbit
464 1637 599 1681 terra
624 1637 670 1680 et
698 1628 824 1680 cinis
841 1627 868 1680 ?
886 1626 1138 1693 Quoniam
1164 1636 1212 1680 et
1240 1626 1294 1680 in
1321 1628 1420 1680 vita
1447 1627 1560 1696 ejus
1579 1629 1646 1680 ad

72 1720 259 1771 nubilum
281 1719 501 1773 redacta
523 1731 642 1774 sunt
670 1720 848 1773 intima
880 1720 1008 1788 ejus.
1040 1719 1168 1775 llznc
1193 1735 1300 1774 non
1330 1720 1399 1776 de
1427 1720 1644 1775 homine

70 1820 244 1862 tantum
276 1810 533 1878 privato,
566 1810 659 1865 sed
680 1810 839 1866 etiam
868 1809 937 1865 de
962 1810 1054 1864 illo
1082 1809 1199 1879 ipso
1221 1851 1235 1873 ,
1268 1810 1358 1881 qui
1406 1811 1461 1865 in
1510 1813 1645 1867 solio

68 1902 191 1957 sedet
215 1903 398 1972 regio,
427 1902 537 1967 dici
568 1913 816 1971 possunt.
850 1902 967 1958 Noli
1008 1904 1151 1958 enim
1200 1919 1515 1974 purpuram,
1546 1921 1639 1959 ne-

65 2009 146 2061 que
168 1992 450 2059 diadema,
482 2008 655 2064 neque
678 2009 837 2048 aurea
866 1995 1183 2050 vestimenta
1212 1996 1482 2065 respicere
1502 2038 1515 2060 ,
1544 1996 1640 2051 sed

64 2084 105 2137 iu
144 2084 313 2153 ipsam
347 2085 566 2154 inquire
612 2094 889 2149 naturam,
936 2102 1110 2156 neque
1154 2088 1441 2157 quidquam
1494 2088 1639 2143 illam

62 2175 242 2229 habere
289 2177 533 2245 amplius
588 2191 744 2245 quam
790 2192 947 2230 unam
997 2193 1027 2231 e
1055 2178 1210 2247 vulgo
1248 2178 1451 2233 videbis
1488 2195 1503 2233 :
1536 2181 1641 2234 imo

67 2285 191 2333 vero,
214 2270 262 2323 si
290 2270 497 2338 placet,
526 2280 582 2323 et
612 2286 896 2340 purpuram
917 2312 931 2337 ,
960 2280 1015 2325 ct
1043 2271 1307 2337 diadema,
1337 2283 1388 2328 et
1420 2284 1598 2328 vestes
1623 2314 1638 2336 ,

57 2374 100 2414 et
142 2378 361 2416 omnem
427 2362 574 2416 illam
629 2379 883 2432 percurre
929 2380 1215 2434 pompam,
1245 2375 1405 2436 atque
1446 2365 1637 2420 horum

60 2456 268 2519 ipsomm
316 2471 516 2509 rursus
569 2464 762 2509 terram
815 2459 1087 2510 materiam
1146 2472 1265 2511 esse
1321 2473 1634 2528 cognosces.

61 2547 209 2600 Omnis
252 2547 401 2600 enim
456 2547 624 2617 gloria
652 2548 866 2600 hominis
891 2558 942 2600 ut
963 2549 1060 2617 ﬂos
1098 2549 1219 2617 fonti
1252 2548 1404 2620 (lsai.
1432 2550 1520 2605 40.
1556 2553 1636 2621 6).

60 2638 278 2692 Eccevcl
338 2640 462 2709 ipsa
516 2640 673 2692 etiam
722 2648 859 2694 terra
911 2640 1067 2695 vilior
1091 2649 1233 2695 tutus
1280 2642 1371 2697 ille
1396 2645 1640 2713 apparuit

56 2740 267 2783 mutus.
307 2729 481 2784 Vides
522 2740 578 2784 ut
609 2730 803 2784 fastum
850 2732 1149 2799 reprimat?
1176 2742 1234 2786 ut
1278 2737 1636 2803 arrogantiam

58 2837 239 2876 omnem
292 2823 477 2893 ipsius
527 2832 729 2876 natura:
781 2822 1078 2879 recordatio
1119 2824 1579 2882 retundat?Suftii
1599 2828 1639 2881 it

14 2906 21 2909 ’
58 2923 226 2967 uatum
256 2923 318 2967 ut
351 2915 660 2983 cogitemus
689 2913 903 2984 quinam
934 2916 1123 2983 simus,
1156 2927 1209 2972 et
1240 2919 1430 2988 quibus
1457 2935 1519 2974 ex
1546 2937 1634 2975 re-

58 3007 131 3058 bus
152 3007 453 3073 compacti,
491 3016 603 3060 tum
630 3007 804 3062 omnis
830 3008 1076 3076 superbia
1106 2998 1485 3079 cogitationum
1508 3028 1637 3066 CVa-

57 3109 225 3152 rescet.
258 3099 570 3168 Propterea
612 3114 837 3169 namque
862 3100 1067 3155 duabus
1107 3118 1204 3156 nos
1233 3118 1296 3158 ex
1326 3104 1635 3160 substantiis

52 3192 289 3262 coinpegit
313 3192 469 3246 Deus
496 3232 511 3255 ,
541 3201 599 3246 ut
626 3194 667 3247 si
696 3194 909 3263 quando
938 3196 986 3249 in
1014 3195 1319 3265 superbiam
1353 3198 1593 3254 efferaris
1615 3242 1629 3263 ,

52 3282 200 3335 vitim
217 3283 414 3337 carnis
432 3291 486 3337 te
506 3283 771 3352 deprimat
798 3302 811 3338 :
835 3286 878 3339 si
909 3286 1122 3356 quando
1152 3298 1327 3342 autem
1366 3289 1458 3344 tibi
1481 3292 1634 3360 quid-

46 3375 147 3427 dam
176 3377 364 3430 veniat
399 3378 452 3430 in
484 3385 716 3431 mentem
750 3377 1046 3448 indignum,
1079 3380 1299 3450 etquod
1331 3381 1398 3435 ab
1427 3380 1631 3439 honore

44 3480 69 3514 a
111 3467 208 3519 Deo
257 3468 472 3521 eoliato
518 3466 849 3538 degeneret,
878 3471 1072 3525 anima:
1100 3471 1346 3527 nobilitas
1373 3472 1439 3527 ad
1468 3474 1629 3529 cade-

40 3560 181 3610 sanm
200 3558 464 3612 virtutum
490 3559 882 3615 aemulationem
916 3569 967 3616 te
994 3562 1271 3631 provehat.

106 3653 151 3703 Ἰ.
181 3653 373 3722 Neque
402 3668 535 3707 vero
566 3663 767 3707 tantum
791 3654 857 3708 ad
887 3656 1171 3711 tollendam
1218 3657 1516 3727 superbiam
1549 3669 1632 3714 est

42 3744 211 3799 idunea
238 3745 613 3800 consideratio
636 3755 838 3801 natura:
862 3790 878 3815 ,
907 3748 1000 3803 sed
1028 3756 1083 3803 et
1109 3750 1155 3804 si
1184 3750 1285 3803 alia
1308 3752 1509 3820 quaevis
1537 3767 1629 3806 cu-

44 3834 215 3899 p‘ditas
240 3836 527 3901 obturbet,
549 3838 665 3891 sive
688 3838 1053 3906 pecuniarum,
1077 3841 1194 3894 sive
1213 3855 1497 3910 corporum
1530 3842 1626 3898 ista

40 3927 188 3991 illqu
214 3938 270 3980 et
302 3944 432 3997 quae
457 3927 526 3980 ad
559 3928 827 3982 lasciviam
856 3939 1108 3999 provocat
1134 3971 1147 3994 ,
1172 3931 1239 3986 ad
1267 3935 1625 4001 perturbatio-

40 4034 140 4068 netu
170 4019 475 4073 sedandam
510 4020 609 4073 hoc
635 4019 849 4075 sufficit.
879 4022 1009 4075 Cum
1038 4038 1164 4093 ergo
1196 4023 1482 4079 formosam
1509 4044 1626 4080 mu-

34 4112 199 4162 lierem
231 4112 441 4166 videris
465 4154 482 4179 ,
512 4116 596 4167 cui
637 4113 893 4169 micantes
924 4116 1064 4170 oculi
1110 4126 1236 4172 sunt
1288 4127 1343 4173 et
1385 4117 1583 4175 hilares
1606 4162 1621 4187 ,

29 4202 101 4252 cui
126 4204 367 4258 nitentes
394 4219 571 4274 genua,
610 4205 762 4274 cujus
788 4206 844 4261 in
872 4207 1018 4262 vultu
1045 4210 1238 4263 eximia
1265 4212 1507 4279 qumdam
1529 4230 1625 4283 ap-

24 4304 200 4359 pareat
252 4295 636 4362 pulchritudo,
662 4313 784 4367 qua:
828 4310 1062 4354 mentem
1105 4310 1247 4355 luant
1289 4302 1618 4369 inflammet,

24 4396 71 4437 et
96 4388 378 4443 libidinem
425 4401 660 4459 augeat,
691 4391 863 4460 cogita
910 4401 1106 4447 terram
1135 4393 1267 4449 illud
1311 4411 1433 4451 esse
1476 4398 1619 4466 quod

23 4476 227 4531 miraris
248 4519 264 4541 ,
306 4479 557 4533 cinerem
588 4494 708 4535 esse
732 4480 872 4550 quod
905 4490 956 4537 te
986 4485 1259 4552 accendit,
1286 4494 1342 4539 et
1386 4486 1620 4544 insanire

20 4569 185 4621 anima
212 4570 437 4624 desinet
464 4585 482 4624 :
516 4569 710 4640 detege
734 4580 910 4626 cutem
943 4574 1117 4628 vultus
1142 4574 1278 4644 ejus,
1314 4584 1423 4631 tum
1448 4578 1616 4646 ipsam

17 4672 221 4712 «marem
255 4660 679 4729 pulchritudinis
704 4661 958 4717 vilitatem
984 4664 1184 4719 videbis
1213 4682 1228 4719 :
1256 4681 1323 4721 ne
1350 4666 1402 4721 in
1430 4683 1619 4737 super-

18 4753 125 4804 ﬁcit:
148 4755 465 4815 consistas,
500 4754 596 4831 sed
629 4755 854 4810 interius
896 4758 1219 4827 cogitatione
1249 4760 1573 4830 progredere
1597 4803 1613 4828 ,

16 4859 106 4897 nec
148 4847 305 4899 aliud
336 4846 636 4915 quidquam
663 4857 859 4915 praeter
880 4862 999 4902 ossa
1023 4889 1038 4913 ,
1090 4865 1282 4905 nervos
1308 4892 1322 4917 ,
1364 4866 1427 4906 ac
1455 4867 1616 4906 venas

12 4940 266 5002 reperies.
302 4942 373 4992 At
404 4954 515 4991 non
546 4938 818 4993 sufﬁciunt
840 4939 964 4993 ista?
989 4939 1171 5010 Cogita
1204 4941 1332 4996 mihi
1356 4952 1613 4999 mutatam

12 5028 169 5097 illam,
204 5040 603 5087 senescentem
629 5072 644 5096 ,
685 5041 937 5101 argrotam
959 5074 974 5097 ,
1006 5033 1344 5091 subsidentes
1390 5036 1573 5091 oculos
1595 5078 1609 5102 ,

12 5135 293 5178 amatas
351 5138 530 5193 genas
555 5163 570 5187 ,
612 5130 780 5176 totum
826 5125 971 5176 illutn
1016 5124 1202 5180 florem
1244 5126 1610 5184 defluentem:

14 5217 157 5282 rogita
188 5215 335 5285 quid
363 5213 683 5277 admireris,
716 5223 770 5268 et
797 5215 870 5268 tui
908 5214 1095 5284 judicii
1130 5227 1181 5270 te
1230 5217 1468 5286 pudebit.
1502 5218 1612 5273 Lu-

14 5316 51 5353 ιέ-
72 5330 93 5355 ει
122 5307 361 5360 miraris
391 5314 447 5359 ct
472 5306 732 5368 cinerem,
765 5306 936 5374 pulvis
968 5316 1019 5361 te
1060 5307 1300 5363 incendit
1328 5319 1383 5363 et
1410 5309 1608 5365 favilla.

12 5398 95 5448 λλ
145 5400 279 5453 lure
333 5413 409 5452 eo
445 5398 591 5462 dico,
617 5408 672 5451 ut
703 5409 946 5453 naturam
979 5416 1267 5467 accusem;
1299 5402 1437 5457 absit
1470 5421 1484 5458 :
1513 5418 1613 5459 nec

12 5504 49 5539 et
74 5493 396 5560 vituperem
416 5531 431 5554 ,
459 5498 554 5543 aut
581 5500 847 5560 tamquam
877 5491 1033 5546 vilem
1066 5492 1361 5563 deprimam
1387 5536 1402 5561 ,
1436 5494 1530 5550 sed
1554 5503 1612 5550 ut

14 5585 393 5651 motantibus
441 5582 832 5637 medicamenta
880 5599 1223 5653 componam.
1275 5586 1401 5641 ldeo
1450 5588 1607 5643 talem

16 5676 145 5735 tam
175 5680 346 5734 Deus
377 5675 666 5742 condidit,
693 5676 829 5731 adeo
858 5677 1017 5733 vilem
1043 5720 1058 5745 ,
1093 5691 1151 5734 ut
1176 5688 1231 5735 et
1258 5696 1409 5735 suam
1433 5682 1607 5738 virtue

26 5776 87 5823 Im
109 5784 165 5828 ex
221 5785 436 5829 curam
464 5768 536 5824 de
562 5768 719 5824 nobis
760 5769 1047 5839 ostendat,
1082 5771 1205 5826 dum
1241 5785 1442 5831 naturae
1484 5777 1602 5831 vili-

3246 334 3348 391 186

1764 446 1871 493 tate
1900 453 1996 492 nos
2020 439 2085 496 ad
2117 439 2469 495 humilitatem
2499 440 2698 495 inducit
2719 484 2733 505 ,
2762 458 3079 516 omnemque
3108 460 3345 505 nostram

1757 530 2098 599 cupiditatem
2153 540 2399 597 coercet,
2462 547 2526 587 ac
2584 533 2856 602 sapientiae
2911 550 3022 590 sua:
3075 540 3346 608 specimen

1756 622 1888 685 edit,
1919 632 1975 677 ut
2003 624 2092 693 qui
2123 624 2285 678 etiam
2325 625 2377 678 in
2411 625 2522 679 luto
2560 627 2727 695 possit
2759 636 2954 681 tantam
2994 630 3340 698 pulchritudi-

1756 729 1877 768 nem
1904 715 2175 770 exhibere.
2210 716 2343 770 Dum
2378 716 2536 785 igitur
2577 716 2933 771 substantiam
2967 721 3115 789 parvi
3164 721 3303 777 facio
3325 763 3343 789 ,

1756 813 1865 859 tmn
1912 805 2129 875 Opiﬁcis
2156 817 2328 862 artem
2376 807 2588 876 detego.
2616 807 2745 861 Nam
2775 816 2835 862 ut
2884 810 3201 865 statuarium
3232 820 3342 866 tum

1754 899 1920 969 magis
1945 899 2293 965 admiramur,
2324 916 2431 954 non
2466 916 2586 954 cum
2619 901 2928 969 praeclaram
2962 917 3028 957 ex
3073 917 3205 957 auro
3235 915 3344 959 sta-

1754 998 1899 1043 tuam
1939 989 2278 1054 exhibuerit,
2306 990 2399 1044 sed
2428 1006 2547 1045 cum
2577 1006 2642 1045 ex
2684 991 2920 1060 subjecta
2971 992 3070 1047 lutl
3116 995 3342 1048 materia

1752 1081 2039 1150 perfectam
2090 1091 2144 1137 et
2192 1082 2441 1136 eximiam
2488 1082 2768 1151 imaginem
2801 1082 2961 1137 fuerit
3000 1083 3288 1139 fabricatus
3328 1104 3341 1139 :

1752 1173 1822 1226 ita
1847 1187 2057 1242 quoque
2097 1188 2362 1227 summmn
2398 1174 2653 1228 artificem
2707 1173 2873 1228 Deum
2913 1175 3341 1245 obstupescimus

1750 1271 1804 1318 et
1840 1263 2230 1333 gloriﬁcamus,
2260 1263 2402 1333 quod
2432 1263 2485 1317 in
2538 1264 2756 1332 pulvere
2780 1278 2843 1318 ac
2888 1264 2999 1319 luto
3028 1266 3335 1334 pulchritu-

1749 1354 1929 1410 dinem
1974 1355 2258 1425 quamdam
2289 1355 2604 1411 immensam
2649 1366 2703 1411 et
2752 1356 3034 1412 ineﬂ‘abilis
3059 1356 3337 1427 cujusdam

1750 1447 2024 1515 sapientia:
2051 1447 2321 1516 specimen
2367 1446 2420 1501 in
2465 1447 2663 1501 nostris
2691 1447 3008 1517 corporibus
3037 1448 3337 1503 collocarit.

1748 1538 1922 1608 Atque
1965 1536 2067 1592 boc
2110 1553 2218 1592 non
2256 1537 2308 1591 in
2333 1552 2557 1607 corpore
2603 1537 2775 1592 solum
2824 1547 3009 1593 nostro
3032 1580 3047 1604 ,
3080 1538 3172 1594 sed
3202 1548 3256 1593 et
3285 1540 3336 1593 in

1749 1631 1893 1685 omni
1924 1630 2167 1700 prmstitit
2204 1638 2466 1685 creatura.
2507 1629 2638 1684 Nam
2666 1646 2786 1684 cum
2816 1621 2949 1686 viles
2982 1631 3179 1700 passim
3212 1646 3336 1699 prn-

1748 1723 1990 1778 duxisset
2032 1722 2393 1788 substantias,
2422 1730 2477 1777 et
2518 1722 2650 1776 artis
2678 1735 2789 1776 suae
2816 1726 3087 1790 specimen
3137 1722 3189 1776 in
3234 1723 3338 1776 illis

1749 1815 1954 1887 insigne
1977 1816 2174 1887 posuit,
2205 1825 2260 1870 et
2287 1814 2701 1869 substantiarum
2730 1814 3049 1868 infirmitatis
3080 1814 3330 1869 indicium

1747 1909 2013 1981 quoddam
2058 1908 2346 1963 immiscuit
2376 1924 2390 1962 :
2421 1915 2481 1962 ut
2510 1922 2630 1962 cum
2677 1916 2895 1977 propter
2928 1915 3099 1961 artem
3126 1922 3189 1961 ac
3217 1907 3335 1976 pul-

1747 1999 2105 2056 cbritudinem
2150 1998 2336 2054 laudes
2364 1996 2637 2053 Artiﬁcem
2657 2039 2671 2063 ,
2704 2006 2812 2051 tum
2862 2007 3082 2068 propter
3108 1997 3334 2051 inﬁrmi-

1749 2099 1912 2146 tatem
1943 2090 2309 2158 vilitatemquc
2332 2096 2537 2142 natura:
2563 2103 2625 2142 ac
2649 2088 2980 2154 substantiae,
3004 2103 3122 2157 qua:
3150 2098 3330 2142 creata

1746 2193 1871 2239 sunt
1896 2197 2001 2237 non
2030 2182 2242 2236 adores.
2295 2179 2617 2249 Splendidus
2660 2189 2742 2233 cst
2770 2180 2845 2233 sol
2871 2220 2887 2246 ,
2916 2179 3041 2232 dum
3078 2179 3293 2249 aﬁ‘ulget
3316 2218 3333 2243 ,

1747 2287 2022 2345 totumque
2068 2285 2330 2331 terrarum
2375 2273 2563 2327 urbem
2593 2272 2893 2327 illuminat:
2925 2273 3016 2327 sed
3048 2287 3171 2326 cum
3220 2286 3328 2325 nox

1746 2368 2057 2432 advenerit,
2088 2367 2285 2422 deﬁcit.
2322 2365 2459 2433 Quid
2503 2366 2633 2419 enim
2658 2406 2673 2430 ,
2697 2364 2867 2434 inquit
2892 2406 2907 2429 ,
2940 2364 3157 2418 lucidius
3187 2364 3333 2416 sole?

1746 2460 1852 2515 Sed
1882 2468 1927 2513 et
1966 2460 2060 2513 hoc
2105 2458 2274 2527 deﬁcit
2312 2456 2495 2527 (Ercli.
2522 2457 2607 2511 l7.
2640 2457 2764 2525 50);
2793 2471 2966 2526 neque
3004 2470 3132 2509 vero
3169 2463 3327 2509 noctu

1744 2551 1938 2617 solum,
1970 2549 2064 2605 sed
2103 2558 2159 2604 ct
2199 2549 2447 2604 interdiu.
2480 2549 2653 2619 Atque
2691 2547 2887 2602 idcirco
2912 2562 3054 2617 saepe
3098 2546 3325 2601 interdiu

1743 2644 1872 2698 solis
1897 2642 2137 2698 defectus
2168 2641 2473 2707 intervenit,
2499 2650 2556 2694 ut
2584 2639 2839 2711 Opificem
2864 2640 3077 2709 quidem
3110 2646 3330 2709 propter

1741 2736 2022 2792 artiﬁcium
2062 2734 2284 2800 laudes,
2330 2734 2422 2788 sed
2470 2743 2685 2803 prepter
2730 2732 3144 2787 imbecillitatem
3191 2730 3331 2799 quod

1742 2839 1978 2884 creatum
2010 2835 2092 2882 est
2120 2842 2227 2881 non
2258 2824 2471 2879 adores.
2506 2824 2663 2879 Vides
2692 2823 2794 2879 hoc
2823 2822 3049 2885 ccclum,
3076 2821 3232 2891 quale
3261 2820 3331 2873 sit

1741 2919 1971 2990 corpus?
2000 2934 2158 2989 quam
2190 2916 2505 2987 pulchrum?
2550 2931 2707 2987 quam
2744 2915 3052 2985 refulgens?
3079 2912 3253 2983 quod,
3285 2914 3329 2966 si

1741 3013 1976 3083 speciem
2004 3022 2279 3067 externam
2329 3018 2536 3079 spectes
2565 3049 2581 3072 ,
2611 3008 2691 3062 vel
2727 3008 2855 3077 ipsis
2893 3006 3208 3075 corporibus
3235 3022 3333 3059 ηυ-

1741 3107 1865 3161 stris
1892 3114 1973 3162 est
2002 3104 2360 3175 prmstantius.
2392 3103 2461 3157 At
2498 3118 2690 3172 expers
2733 3110 2817 3156 est
2844 3102 3054 3154 auium.
3087 3099 3248 3153 Vides
3276 3111 3330 3152 et

1737 3200 1867 3256 artis
1897 3198 2165 3267 specimen
2187 3237 2200 3261 ,
2232 3208 2283 3250 et
2311 3195 2561 3249 indicium
2589 3193 2950 3248 infirmitatis?
2982 3194 3128 3248 vides
3159 3193 3327 3247 utrin-

1738 3306 1843 3361 que
1868 3289 1961 3344 tibi
1982 3297 2175 3358 ‘parata
2205 3286 2492 3358 prarsidia?
2523 3285 2653 3339 Nam
2688 3295 2744 3339 ut
2773 3284 3029 3355 Opificcm
3056 3294 3324 3354 tamquam

1737 3382 2063 3439 imbecillum
2110 3397 2215 3436 non
2245 3380 2505 3446 damnes,
2534 3378 2782 3449 pulchras
2831 3377 3072 3432 condidit
3115 3386 3325 3431 creatu-

1737 3491 1861 3530 ras:
1891 3483 1950 3528 ut
1973 3483 2150 3529 autem
2187 3488 2306 3543 quae
2346 3470 2557 3525 condita
2588 3480 2711 3524 sunt
2738 3477 3005 3538 tamquam
3054 3467 3185 3521 deus
3218 3484 3323 3521 non

1735 3566 1946 3631 adores,
1977 3581 2045 3620 ex
2079 3573 2228 3636 parte
2255 3564 2462 3617 inﬁrma
2490 3561 2580 3616 illa
2613 3560 2899 3616 fabricatus
2925 3569 3026 3615 cst.
3058 3559 3181 3614 llmc
3212 3574 3326 3630 per-

1734 3668 1894 3728 petuo
1916 3656 2173 3712 memoria
2205 3665 2401 3710 tenete.

1808 3750 2011 3804 Marum
2037 3749 2278 3802 correctio
2308 3748 2425 3816 linis
2468 3747 2769 3818 Scriptura.
2801 3744 3114 3798 Manichwos
3139 3744 3317 3797 redar-

1732 3843 1861 3912 guit.
1888 3870 1961 3881 —
1990 3841 2113 3895 lden
2162 3841 2464 3910 Scripturas
2500 3840 2936 3909 interpretamur,
2964 3853 3068 3891 non
3095 3845 3154 3891 ut
3179 3837 3325 3892 Scri-

1733 3944 1918 4001 pturas
1949 3944 2151 3988 tantum
2191 3933 2523 4003 intelligatis,
2555 3932 2649 3987 sed
2691 3943 2747 3985 ut
2778 3946 2956 3986 mores
2997 3929 3318 3986 emendetis.

1729 4023 1842 4079 Nisi
1862 4024 2004 4079 enim
2036 4024 2138 4079 hoc
2184 4026 2302 4089 fiat,
2332 4024 2524 4077 frustra
2561 4022 2786 4093 legimus
2808 4063 2826 4089 ,
2858 4022 3050 4076 frustra
3091 4023 3320 4093 exponi.

1731 4136 1868 4175 mus.
1898 4118 2033 4173 Nam
2081 4117 2219 4172 sicut
2260 4131 2381 4170 cum
2432 4116 2484 4169 in
2516 4115 2815 4184 palaestram
2864 4114 3134 4184 ingressus
3162 4112 3320 4169 fuerit

1728 4210 1929 4266 athleta
1958 4216 2179 4273 unctus,
2209 4215 2264 4261 ct
2313 4206 2622 4275 pa‘dntribac
2653 4221 2815 4259 nianu
2858 4219 3091 4275 curaque
3121 4204 3320 4259 instru-

1726 4313 1876 4367 ctus,
1921 4302 1966 4355 si
2016 4316 2138 4356 cum
2182 4298 2490 4353 certaminis
2535 4306 2744 4367 tempus
2781 4297 3095 4359 advenerit,
3144 4304 3316 4351 artem

1726 4396 1870 4449 illam
1902 4393 2139 4448 inutilem
2171 4406 2293 4447 esse
2330 4389 2663 4455 ostenderit,
2696 4390 2889 4443 frustra
2923 4389 2974 4443 in
3011 4389 3315 4460 pzliilBSll'alll

1725 4486 2065 4541 introductus
2092 4492 2175 4539 est
2203 4500 2217 4536 :
2245 4483 2317 4537 ita
2348 4497 2467 4536 cum
2510 4480 2613 4536 huc
2642 4481 3034 4545 conveneritis,
3064 4488 3119 4534 ct
3146 4480 3316 4534 luctas

1723 4593 1910 4633 onmes
1934 4618 1950 4643 ,
1980 4585 2035 4632 et
2055 4577 2106 4631 in
2134 4575 2274 4630 lucta
2314 4590 2482 4629 nexus
2508 4573 2704 4628 diaboli
2734 4572 3026 4628 didiceritis
3049 4615 3064 4638 ,
3098 4573 3143 4627 si
3186 4588 3309 4628 cum

1725 4670 2078 4726 certaminum
2130 4678 2341 4739 tempus
2400 4667 2668 4734 inciderit,
2700 4667 3157 4737 supplantemini,
3184 4667 3309 4721 dum

1724 4767 1805 4818 vel
1833 4763 2124 4817 formosum
2150 4760 2354 4814 vultum
2376 4757 2632 4823 videritis,
2656 4758 2739 4812 vel
2773 4758 2823 4811 in
2853 4757 3155 4827 superbiam
3183 4758 3309 4812 elati

1722 4853 1928 4909 fueritis
1948 4894 1963 4918 ,
1992 4851 2077 4906 vel
2102 4851 2203 4904 alia
2238 4864 2396 4919 prava
2423 4850 2670 4919 quapiam
2706 4848 3029 4917 cogitatione
3059 4848 3268 4903 subacti
3291 4890 3307 4911 ,

1720 4946 1914 5000 frustra
1946 4945 1998 5000 in
2030 4942 2171 4996 hunc
2204 4941 2384 4995 locum
2430 4939 2652 5011 ingressi
2688 4941 2837 4994 estis.
2862 4939 3185 4995 Mementote
3213 4941 3307 5011 igi-

1724 5049 1809 5092 tur
1833 5049 2160 5100 sermonum,
2187 5046 2321 5103 quos
2343 5046 2448 5086 non
2476 5030 2733 5086 adversus
2758 5040 2999 5085 naturam
3030 5042 3264 5085 nostram
3288 5074 3306 5099 ,

1718 5130 1812 5186 sed
1842 5128 2095 5184 adversus
2121 5126 2370 5181 lascivam
2392 5123 2734 5195 cupiditatem
2762 5123 3076 5180 direximus.
3103 5124 3221 5180 Non
3249 5137 3305 5180 ut

1721 5233 1962 5275 na'uram
1992 5218 2358 5281 criminemur,
2387 5215 2504 5270 haec
2530 5214 2755 5269 dicimus
2775 5256 2790 5279 ,
2830 5214 2924 5268 sed
2951 5224 3007 5268 ut
3035 5214 3306 5285 cupidine.

1720 5322 1826 5367 tem
1858 5311 2201 5364 inseCtemnr.
2235 5307 2349 5362 Hoc
2370 5314 2524 5377 pacto
2551 5307 2681 5360 iram
2711 5306 2982 5375 reprimite
3002 5348 3016 5371 ,
3050 5307 3126 5361 sic
3152 5307 3305 5375 cupi-

1716 5405 1935 5460 ditatem
1965 5403 2234 5472 mitigate,
2262 5402 2339 5455 sic
2381 5400 2735 5470 arrogantiam
2781 5399 3067 5454 retundite.
3102 5398 3168 5452 Et
3194 5407 3304 5452 erat

1716 5500 1877 5550 omnis
1902 5506 2035 5549 terra
2061 5495 2250 5549 fabium
2276 5509 2446 5560 unum,
2462 5502 2503 5545 et
2530 5508 2628 5545 vox
2661 5507 2763 5544 una
2789 5490 3015 5544 omnibus
3037 5487 3184 5557 (Gen.
3211 5488 3300 5544 ll.

1717 5592 1794 5661 1).
1833 5590 1972 5644 Ecce
2000 5588 2175 5642 adhuc
2204 5586 2530 5658 propositam
2558 5585 2930 5655 quaestionem.
2960 5582 3075 5635 Non
3105 5582 3172 5636 de
3204 5582 3301 5637 hac

1715 5694 1798 5739 est
1840 5696 2017 5738 sermo
2040 5721 2055 5746 ,
2085 5678 2179 5734 sed
2226 5677 2365 5748 quod
2400 5692 2590 5731 omnes
2637 5675 2880 5729 homines
2925 5672 3163 5727 eamdem
3197 5673 3296 5727 lin-

1715 5789 1872 5846 gnam
1922 5771 2198 5827 haberent.
2241 5770 2415 5837 Quare
2459 5784 2584 5822 vero
2615 5766 2809 5821 labium
2855 5781 3014 5820 unum
3067 5765 3295 5837 linguam
