3734 6278
361 312 463 369 187

357 422 606 479 vocavit?
627 421 912 491 Scriptura:
943 434 1060 475 mos
1083 430 1163 475 est
1195 421 1262 474 ita
1291 433 1566 474 sermones
1594 418 1824 488 linguam
1857 433 1950 472 vo-

358 533 500 574 care.
525 515 579 570 ld
612 531 739 570 vero
770 513 924 570 fuerit
951 528 1129 584 Operm
1160 513 1385 583 pretium
1415 526 1572 566 nosse
1602 522 1819 580 propter
1851 511 1952 565 ha:-

359 611 574 678 rcticos,
597 611 686 680 qui
721 610 810 664 Dei
837 608 1105 679 Opificium
1129 616 1402 673 accusant,
1427 607 1515 676 qui
1537 619 1732 675 corpus
1753 604 1950 660 malum

355 720 474 761 esse
501 704 704 760 dicunt.
741 702 873 757 Nam
916 702 1037 771 quia
1067 715 1265 770 pravos
1287 700 1452 754 animi
1499 708 1676 753 motus
1704 713 1799 766 per
1823 712 1948 752 cor-

357 798 500 865 poris
549 793 792 850 membra
832 792 1106 862 Scriptura
1155 792 1398 860 designat
1430 807 1443 843 :
1471 791 1705 858 exempli
1749 804 1946 857 causa,

355 889 614 944 Acncrunt
642 887 865 958 linguam
907 901 1053 940 suam
1079 884 1205 938 sicut
1235 883 1513 952 serpentis;
1545 882 1746 952 Lingua
1775 899 1950 936 eorum

355 982 558 1052 gladius
602 989 780 1034 acutus
811 979 984 1050 (Iâ€™sal.
1037 976 1160 1032 l'59.
1205 978 1259 1030 4.
1307 986 1353 1030 et
1383 976 1470 1031 56.
1513 975 1568 1043 5)
1599 993 1614 1030 :
1645 975 1952 1031 existimant

353 1073 570 1142 quidam
616 1072 686 1128 de
731 1071 908 1142 lingua
955 1070 1154 1124 dictum
1203 1083 1344 1124 esse.
1378 1067 1492 1122 Non
1536 1076 1619 1122 est
1655 1077 1832 1122 autem
1881 1067 1950 1123 de

358 1167 530 1236 lingua
575 1165 775 1219 dictum
801 1182 814 1218 :
845 1162 1011 1225 absit;
1037 1169 1117 1218 est
1162 1162 1304 1216 cnim
1333 1161 1506 1230 lingua
1534 1159 1629 1214 Dei
1657 1174 1827 1230 opus;
1853 1157 1948 1215 sed

356 1259 424 1314 de
452 1257 628 1313 verbis
659 1256 1068 1319 homicidarum,
1103 1269 1221 1324 quae
1247 1253 1494 1309 homines
1518 1253 1765 1324 jugulant
1789 1294 1803 1318 ,
1827 1267 1948 1322 qua:

358 1351 616 1404 funestius
642 1364 800 1420 quam
827 1347 972 1402 ensis
1003 1347 1280 1401 invadunt.
1310 1345 1510 1417 Lingua
1545 1360 1716 1399 eorum
1743 1342 1947 1414 gladius

355 1453 554 1508 acutus;
581 1452 637 1495 et
663 1455 849 1495 rursus
879 1457 893 1492 :
925 1439 1085 1493 Labia
1109 1439 1287 1493 dolosa
1328 1437 1379 1492 in
1407 1437 1593 1503 corde,
1623 1446 1669 1490 et
1690 1434 1842 1490 corde
1871 1436 1948 1490 lo-

354 1545 509 1605 qunta
535 1546 649 1589 sunt
677 1534 812 1587 mala
840 1533 1014 1606 (Psal.
1046 1533 1128 1587 11.
1163 1531 1218 1601 5)
1254 1549 1267 1586 :
1299 1545 1404 1586 non
1448 1531 1516 1585 de
1545 1528 1788 1583 membro
1815 1542 1941 1582 cor-

358 1627 504 1697 poris
551 1627 804 1696 loqncns,
838 1625 931 1680 sed
971 1624 1039 1680 de
1069 1623 1308 1680 subdolis
1333 1621 1524 1678 verbis.
1557 1620 1630 1674 Ita
1675 1635 1795 1675 cum
1844 1619 1944 1673 hoc

358 1720 476 1774 loco
524 1717 785 1783 dixisset,
817 1716 882 1770 Et
908 1725 1017 1770 erat
1047 1718 1208 1770 omnis
1246 1726 1381 1769 terra
1405 1714 1594 1769 (obium
1623 1731 1811 1780 unum,
1836 1729 1943 1767 non

356 1810 458 1865 hoc
474 1809 673 1873 docuit,
693 1823 880 1863 omnes
901 1807 1145 1863 homines
1166 1823 1328 1862 unum
1348 1807 1543 1862 labittm
1563 1807 1833 1874 habuisse,
1851 1806 1943 1862 sed

356 1903 550 1956 labimn
582 1917 764 1957 vocem
806 1901 1114 1971 appellavit.
1161 1900 1297 1954 Cum
1340 1901 1481 1955 enim
1531 1901 1788 1967 dixisset,
1819 1900 1946 1954 Erat

354 1996 516 2049 omnis
541 2004 675 2049 terra
696 1995 886 2050 (obium
919 2010 1072 2048 unum
1094 2034 1108 2056 ,
1131 1993 1428 2062 sultjunxit,
1463 1993 1529 2046 Et
1555 2009 1654 2047 vos:
1682 2009 1787 2046 una
1831 2010 1941 2046 om-

355 2089 519 2143 nibus.
553 2089 625 2143 Ita
653 2103 772 2143 cum
803 2087 937 2142 dixit
961 2127 976 2154 ,
1002 2087 1313 2156 Sepulcrum
1341 2094 1519 2156 patens
1557 2095 1628 2140 est
1653 2095 1828 2156 guttur
1855 2101 1943 2138 eo-

353 2198 463 2234 rum
483 2180 719 2252 (Psat.5.
751 2180 981 2248 ll),non
1006 2187 1186 2248 guttur
1205 2186 1440 2242 accusat,
1471 2177 1565 2232 sed
1597 2177 1732 2231 mala
1762 2177 1941 2241 verba,

354 2288 471 2343 qua:
498 2272 620 2327 inde
645 2271 980 2337 ascendunt,
1008 2277 1214 2324 mortua
1245 2269 1513 2340 dogmata.
1547 2269 1658 2322 lloc
1685 2269 1827 2323 enim
1859 2283 1945 2322 se-

355 2365 595 2434 pulcrum
627 2373 728 2430 est,
763 2372 1095 2418 mortuorum
1140 2361 1339 2417 ossium
1377 2376 1766 2432 corporumque
1793 2377 1946 2417 ['0th-

356 2460 643 2530 ptaculum.
694 2459 840 2514 Talia
868 2466 993 2512 sunt
1021 2467 1076 2512 et
1105 2457 1314 2511 illorum
1357 2472 1451 2512 ora
1470 2497 1484 2519 ,
1512 2457 1600 2527 qui
1627 2455 1941 2511 Creatorem

353 2563 640 2617 accusant,
669 2551 792 2606 talia
819 2558 946 2605 sunt
979 2565 1164 2604 eorum
1192 2549 1469 2603 hominum
1494 2563 1586 2604 ora
1606 2590 1620 2613 ,
1648 2549 1736 2618 qui
1767 2549 1940 2618 turpia

355 2646 511 2701 verba
543 2644 838 2713 proferunt,
869 2644 955 2712 qui
984 2642 1372 2708 conviciantur,
1393 2642 1480 2712 qui
1511 2658 1578 2695 ex
1610 2655 1710 2696 suo
1730 2651 1943 2713 gutture

353 2738 535 2793 fmtida
561 2751 827 2805 pravoque
855 2734 1013 2790 verba
1057 2733 1402 2804 profundunt.

424 2829 476 2883 8.
519 2827 668 2881 Bono
693 2825 818 2879 illud
839 2825 1003 2880 odore
1025 2823 1256 2894 complc,
1275 2823 1347 2877 mi
1371 2822 1552 2890 homo,
1581 2839 1688 2878 non
1716 2823 1938 2879 foetore:

355 2920 662 2976 thesaurum
706 2919 833 2973 illud
874 2918 1098 2988 regium,
1147 2932 1252 2971 non
1294 2916 1592 2972 satanicum
1636 2917 1940 2987 sepulcrum

351 3011 523 3066 eftice.
557 3009 706 3078 Quod
738 3010 780 3063 si
808 3009 1115 3079 sepulcrum
1143 3008 1234 3072 sit.
1262 3009 1451 3064 saltem
1472 3009 1714 3071 occlude.
1745 3025 1812 3065 ne
1838 3009 1938 3066 fm-

353 3117 434 3160 tor
457 3115 630 3162 exeat.
675 3106 856 3161 Prava:
888 3106 979 3160 tibi
1007 3112 1133 3160 sunt
1157 3105 1544 3177 cogitationes?
1570 3107 1648 3162 Ne
1677 3108 1854 3163 verbis
1879 3109 1943 3163 il-

353 3201 430 3256 las
459 3199 698 3270 proferas
729 3217 742 3252 :
776 3199 890 3254 sine
916 3197 1167 3254 deorsum
1193 3198 1397 3267 jacere,
1439 3207 1552 3254 tum
1577 3201 1684 3255 cito
1709 3199 1941 3256 suffoca-

348 3293 565 3347 buutur.
616 3291 870 3348 llomines
917 3307 1123 3358 sumus,
1167 3305 1312 3362 saepe
1356 3292 1517 3347 multa
1549 3307 1732 3362 prava,
1777 3291 1939 3362 fmda,

349 3385 626 3456 turpiaque
651 3385 870 3440 consilia
893 3394 1075 3440 mente
1100 3399 1409 3450 versamus;
1441 3385 1534 3441 sed
1566 3401 1633 3441 ne
1659 3388 1942 3458 cogitatio-

351 3492 446 3532 nes
485 3477 540 3531 in
584 3477 744 3531 verba
793 3476 1040 3546 progredi
1082 3476 1342 3543 sinamus,
1386 3485 1442 3530 ut
1490 3477 1741 3532 deorsum
1795 3493 1944 3533 com-

353 3586 550 3640 pressae
579 3569 958 3626 imbecilliores
985 3570 1275 3625 rcddantnr
1295 3580 1348 3625 ct
1373 3580 1616 3640 pereant.
1645 3571 1777 3626 Nam
1806 3573 1944 3628 sicut

350 3665 437 3718 ubi
464 3665 582 3730 quis
617 3663 816 3719 diversi
847 3665 1058 3734 generis
1085 3679 1149 3719 ac
1179 3664 1385 3721 feroces
1425 3665 1624 3721 bestias
1664 3667 1716 3721 iu
1767 3667 1943 3722 lacum

352 3758 650 3820 immiserit,
697 3759 740 3813 si
783 3757 922 3812 forte
948 3774 1179 3828 superne
1208 3761 1382 3816 lacum
1411 3761 1762 3828 obturaverit,
1790 3761 1944 3818 facile

350 3851 466 3906 illas
495 3851 720 3907 suffocat
753 3869 766 3906 :
799 3852 880 3907 sin
914 3861 1092 3908 autem
1135 3852 1236 3907 illis
1268 3852 1498 3908 exeundi
1531 3855 1613 3910 vel
1645 3854 1942 3924 reSpirandi

353 3945 656 4001 facultatem
681 3945 909 4015 aliquam
941 3944 1292 4010 concesserit,
1324 3945 1551 4000 multum
1591 3946 1693 4000 illis
1741 3947 1945 4018 pr:cbct

351 4042 549 4108 solatii,
596 4055 772 4112 neque
812 4040 936 4096 sinit
979 4040 1220 4106 interire,
1264 4040 1358 4094 sed
1401 4039 1730 4096 eil'eratiores
1774 4042 1943 4096 multo

349 4136 566 4190 reddit:
599 4135 670 4189 ita
717 4135 774 4188 fit
817 4133 866 4188 in
899 4133 1053 4188 malis
1097 4133 1529 4203 cogitationibus,
1574 4149 1696 4188 cum
1735 4145 1944 4190 exorta:

351 4233 494 4286 intus
521 4231 718 4286 fuerint
764 4248 776 4283 :
819 4228 865 4283 si
906 4243 1120 4284 omnem
1167 4227 1274 4284 illis
1306 4228 1467 4293 viam,
1516 4243 1583 4283 ne
1629 4227 1772 4283 foras
1814 4243 1941 4298 pro-

351 4329 533 4390 deant,
576 4323 1056 4386 interclnserimns,
1087 4321 1335 4377 celeriter
1367 4321 1487 4376 illas
1516 4323 1880 4392 opprimemus
1925 4337 1938 4374 :

349 4421 430 4473 sin
460 4427 636 4472 autem
659 4417 774 4471 illas
800 4415 979 4469 verbis
1003 4414 1054 4468 iu
1082 4413 1256 4468 lucem
1279 4412 1676 4482 protulerimus,
1705 4428 1826 4468 cum
1852 4427 1944 4467 va-

352 4509 567 4563 lidiores
607 4508 720 4560 illas
752 4505 1057 4570 reddemus,
1104 4514 1158 4559 et
1197 4504 1344 4574 quasi
1376 4519 1473 4573 per
1503 4505 1736 4573 linguam
1770 4505 1941 4574 respi-

349 4604 499 4658 randi
524 4602 826 4656 facultatem
855 4592 959 4654 illis
983 4598 1360 4662 concedemus,
1386 4610 1494 4653 tum
1517 4599 1584 4653 ab
1603 4600 1687 4652 illa
1712 4601 1940 4670 turpium

347 4695 632 4750 verborum
677 4692 1063 4750 exercitatione
1091 4692 1142 4746 in
1173 4691 1434 4747 ftndarum
1473 4692 1740 4746 actionum
1785 4693 1941 4748 bara-

351 4788 526 4842 thrum
569 4801 726 4855 quam
757 4782 1037 4839 celerrime
1064 4782 1431 4839 devolvcmur.
1459 4781 1662 4837 Idcirco
1685 4798 1790 4838 non
1813 4783 1942 4839 simâ€”

351 4878 559 4948 pliciter
584 4876 898 4946 Sepulcrum
924 4875 1133 4932 vocavit
1177 4874 1455 4946 propheta,
1486 4875 1600 4939 sed.
1635 4875 1942 4946 Sepulcrum

351 4979 544 5041 patens,
581 4970 720 5024 istud
752 4969 925 5040 ipsum
947 4969 1087 5040 quod
1109 4969 1217 5024 dixi
1244 4970 1376 5025 vitio
1405 4979 1640 5024 vertens.
1665 4969 1779 5024 Non
1800 4972 1942 5025 enim

348 5064 583 5133 seipsum
634 5071 837 5117 tantum
883 5063 1047 5118 afficit
1092 5063 1401 5134 ignominia,
1434 5066 1523 5134 qui
1564 5065 1736 5134 turpia
1783 5066 1942 5121 verba

350 5157 571 5227 profert,
604 5157 695 5210 sed
729 5166 784 5211 et
810 5158 1082 5226 proximos
1112 5171 1258 5225 suos,
1302 5167 1356 5214 et
1399 5172 1493 5212 eos
1529 5158 1617 5228 qui
1658 5173 1782 5211 cum
1826 5158 1944 5228 ipso

350 5260 653 5315 versantur,
683 5249 866 5304 multis
894 5249 1144 5304 sordibus
1172 5250 1373 5320 opplet.
1406 5249 1470 5304 Et
1491 5249 1939 5319 quemadmodum

347 5346 390 5399 si
419 5344 664 5415 sepulcra
693 5359 1018 5408 reserctnus,
1049 5343 1291 5399 civitates
1319 5355 1468 5414 peste
1503 5344 1892 5416 complebimus
1926 5365 1938 5400 :

349 5438 416 5492 ita
447 5438 495 5494 si
519 5439 688 5509 turpia
717 5438 940 5493 licenter
963 5437 1274 5507 aperiantur
1294 5455 1410 5508 ora,
1433 5447 1674 5504 cunctos,
1703 5439 1790 5508 qui
1822 5454 1940 5492 cum

351 5532 455 5588 illis
521 5531 952 5602 congrediemur,
1022 5533 1352 5602 gravissimis
1417 5531 1617 5587 morbis
1682 5531 1940 5584 inficient.

355 5621 553 5679 idcirco
577 5624 795 5694 januatn
825 5633 1056 5694 oportet,
1090 5633 1320 5690 vectem,
1363 5639 1426 5679 ac
1470 5623 1678 5679 frenum
1722 5621 1801 5675 ori
1847 5621 1945 5674 im-

357 5733 574 5788 ponere.
607 5717 776 5775 Unam
807 5719 987 5790 itaque
1020 5730 1130 5774 tum
1159 5720 1318 5774 fuisse
1348 5718 1605 5787 linguam,
1637 5715 1768 5771 satis
1790 5729 1818 5768 a
1849 5731 1943 5768 no-

355 5811 433 5864 bis
475 5825 569 5882 per
621 5813 732 5867 h.1:c
777 5813 1200 5868 demonstratum
1248 5821 1361 5877 est;
1411 5811 1671 5879 reliquum
1718 5821 1828 5868 cst.
1881 5821 1938 5862 nt

1147 307 1202 362 S.
1246 304 1526 362 JOANNIS
1565 301 2035 361 CHRYSOSTOMl
2076 303 2389 360 ARCHIEP.
2431 305 2962 365 CONSTANTINOP.

3543 318 3649 374 185

2061 433 2220 487 quam
2246 419 2316 474 ob
2335 435 2548 475 causam
2571 423 2752 477 multa:
2773 423 2973 478 fuerint
3003 423 3228 482 invectae
3253 427 3515 486 dicamus.
3539 433 3646 487 Sed

2059 513 2268 567 interim
2293 529 2598 570 sermonem
2626 516 2692 569 ad
2719 533 2896 571 mores
2925 518 3266 575 instruendus
3289 524 3646 592 pertinentem

2059 604 2350 660 inferamus
2394 624 2407 660 :
2449 607 2737 663 doceanms
2767 609 3000 677 linguam
3035 621 3275 668 nostram
3312 612 3520 670 frenum
3552 632 3650 687 ge-

2057 712 2200 763 rere,
2231 713 2328 753 nec
2354 699 2532 754 omnia
2562 711 2763 756 temere
2786 703 3043 771 proferre,
3073 719 3194 773 qua:
3219 705 3272 758 in
3301 717 3540 762 mentem
3558 724 3648 765 vc-

2056 790 2259 856 nerint,
2283 806 2386 846 non
2414 792 2607 848 fratres
2627 809 2879 850 accusare
2909 814 2922 850 :
2944 811 3052 850 non
3075 806 3259 854 mutuo
3279 815 3380 856 nos
3401 803 3647 858 mordere

2055 899 2120 938 ac
2147 883 2426 940 devorare.
2461 886 2680 956 Pejores
2707 898 2831 942 sunt
2860 889 2965 944 illis
3003 889 3092 960 qui
3119 905 3344 960 corpora
3377 895 3644 958 mordent,

2057 975 2128 1030 illi
2159 978 2246 1048 qui
2277 979 2454 1033 verbis
2483 979 2534 1034 id
2565 990 2749 1050 agunt.
2777 980 2852 1036 Illi
2875 997 3072 1053 corpus
3093 983 3357 1050 dentibus,
3372 989 3642 1053 mordent,

2057 1066 2144 1122 hic
2171 1069 2402 1122 animam
2433 1070 2613 1125 verbis
2641 1072 2870 1139 mordet,
2901 1074 3348 1130 existimationem
3381 1069 3650 1141 vulnerat,

2056 1152 2449 1217 immedicabile
2478 1164 2670 1219 vulnus
2708 1165 2899 1237 infligit
2928 1184 2942 1220 :
2986 1181 3312 1240 quapropter
3356 1180 3501 1226 tanto
3528 1189 3646 1243 gra-

2054 1252 2186 1306 viori
2219 1254 2480 1324 supplicio
2502 1257 2784 1325 plectetur,
2809 1269 3008 1328 quanto
3031 1262 3260 1330 graviori
3290 1279 3472 1318 morsu
3501 1265 3648 1319 inva-

2053 1343 2148 1398 dit.
2177 1344 2361 1416 Neque
2393 1363 2525 1402 vero
2555 1357 2756 1403 tantum
2787 1349 2986 1406 idcirco
3021 1353 3227 1407 veniam
3251 1371 3359 1409 non
3387 1357 3647 1427 impetraâ€”

2053 1434 2132 1490 bit
2155 1437 2198 1492 is
2228 1439 2316 1508 qni
2347 1450 2582 1505 accusat,
2609 1442 2702 1496 sed
2735 1443 2895 1497 etiam
2931 1445 3069 1514 quod
3103 1462 3276 1516 neque
3304 1449 3504 1516 justum
3549 1467 3648 1506 nec

2056 1530 2307 1601 injustum
2335 1535 2503 1603 possit
2521 1535 2844 1605 improbitati
2867 1552 2977 1593 suae
2991 1549 3309 1608 praetextum
3329 1542 3644 1599 obtendere.

2052 1623 2182 1677 Nam
2211 1625 2314 1679 alia
2340 1626 2555 1696 quidem
2582 1638 2799 1698 peccata
2844 1629 2968 1685 licet
2993 1645 3184 1686 causas
3213 1633 3443 1689 habeant
3485 1650 3516 1689 a
3557 1653 3646 1690 ra-

2052 1718 2196 1774 tione
2232 1729 2409 1776 tamen
2450 1721 2672 1789 alienas,
2716 1721 2916 1778 habent
2956 1734 3132 1779 tamen
3179 1743 3193 1779 :
3237 1737 3440 1796 utpote.
3490 1743 3645 1784 scur-

2052 1819 2192 1864 tator
2221 1811 2498 1868 libidinem
2537 1815 2737 1880 explet,
2768 1815 2853 1869 fur
2881 1826 3244 1886 paupertatem
3272 1820 3448 1887 solvit,
3475 1821 3647 1876 honii-

2050 1903 2167 1957 citla
2197 1904 2525 1959 iracundiam
2553 1905 2733 1973 sedat;
2759 1906 3049 1962 maledicus
3071 1909 3270 1964 nullam
3299 1919 3468 1980 potest
3489 1927 3649 1968 occa-

2049 1995 2254 2051 sionem
2286 1995 2496 2053 afferre.
2529 2000 2696 2064 Quam
2727 2000 2890 2065 enim,
2921 2015 3121 2068 quaeso,
3165 2004 3510 2072 pemniarum
3551 2021 3649 2060 co-

2050 2089 2190 2158 piam
2215 2090 2480 2159 acquirit?
2500 2106 2656 2160 quam
2677 2091 2951 2148 libidinem
2974 2093 3190 2163 explet?
3210 2095 3346 2150 Nihil
3369 2098 3511 2153 aliud
3536 2109 3646 2165 est,

2049 2180 2447 2250 quam'inviditc
2497 2181 2741 2249 materia,
2773 2185 2858 2240 cui
2887 2186 3029 2240 nulla
3057 2189 3289 2256 suppetit
3309 2188 3449 2259 justa
3479 2205 3646 2246 causa

2052 2289 2150 2329 nec
2175 2274 2388 2343 injusta.
2411 2272 2703 2346 Propterea
2726 2276 2870 2330 nulla
2891 2277 3044 2330 venia
3065 2275 3224 2346 digna
3251 2293 3521 2336 censetur.
3551 2284 3649 2339 Vis

2049 2365 2340 2420 accusare?
2369 2365 2562 2422 Utilem
2593 2368 2684 2422 tibi
2731 2369 3006 2424 materiam
3033 2370 3267 2439 prmbeo.
3301 2371 3390 2425 Vis
3415 2374 3636 2429 maledi-

2050 2459 2216 2514 cere?
2244 2458 2463 2513 Malcdic
2493 2461 2597 2514 tuis
2624 2461 2876 2528 peccatis.
2902 2460 2995 2514 Dic
3020 2463 3184 2526 enim,
3217 2464 3401 2533 inquit,
3431 2473 3485 2516 tu
3529 2482 3648 2535 pec-

2049 2561 2164 2606 cata
2193 2561 2282 2605 tua
2326 2552 2484 2622 prior,
2536 2561 2591 2605 ut
2623 2552 2921 2623 jnstiï¬ceris
2968 2552 3120 2623 (Istti.
3171 2555 3260 2608 45.
3310 2555 3427 2624 26).
3479 2557 3648 2612 Vides

2051 2644 2502 2709 maledicentiam,
2550 2660 2670 2714 qua}
2709 2660 2986 2710 coronam,
3028 2653 3084 2700 et
3120 2646 3355 2712 laudem,
3405 2656 3457 2702 et
3501 2650 3648 2703 testi-

2051 2737 2288 2791 monium
2325 2736 2545 2807 iustitiae
2587 2739 2786 2791 refert?
2827 2737 3051 2802 Rursus,
3087 2738 3266 2792 Justus
3295 2741 3348 2793 in
3390 2741 3648 2812 principio

2049 2830 2295 2884 sermonis
2323 2838 2588 2883 accusator
2611 2839 2683 2884 est
2705 2831 2785 2884 sui
2813 2828 2991 2900 (Prov.
3021 2829 3108 2885 18.
3139 2831 3248 2900 17),
3272 2845 3378 2885 non
3397 2832 3644 2889 alterius.

2047 2921 2102 2976 Si
2130 2921 2348 2976 alterius
2393 2921 2557 2991 fueris
2599 2931 2900 2985 accusator,
2949 2923 3183 2992 punieris
3227 2941 3239 2976 :
3282 2924 3326 2978 si
3369 2925 3645 2994 tuiipsius,

2047 3015 2408 3071 eoronaberis.
2444 3019 2618 3084 Atque
2653 3025 2710 3070 ut
2749 3015 3030 3086 intelligas,
3061 3026 3314 3086 quantum
3339 3017 3410 3071 sit
3441 3019 3645 3074 bonum

2047 3107 2297 3162 delictum
2329 3121 2482 3161 suum
2514 3121 2792 3173 accusare,
2827 3105 3079 3162 Justusiu
3103 3109 3351 3178 principio
3372 3113 3648 3178 sermonis,

2049 3200 2242 3270 inquit,
2285 3208 2552 3253 accusator
2591 3208 2662 3254 est
2689 3200 2790 3254 sui.
2822 3199 3023 3254 Verum
3067 3202 3112 3254 si
3150 3201 3326 3271 justus
3366 3213 3468 3268 cst,
3514 3220 3650 3274 quu-

2049 3291 2209 3346 modo
2237 3293 2554 3347 accusator?
2577 3292 2618 3346 si
2647 3299 2948 3360 accusator,
2989 3293 3260 3362 quomodo
3282 3295 3499 3363 justus?
3535 3295 3651 3351 Jus-

2048 3396 2131 3442 tus
2166 3386 2489 3441 accusationi
2531 3401 2636 3440 nou
2677 3394 2761 3440 est
2802 3385 3085 3439 obnoxius.
3111 3385 3216 3442 Sed
3247 3396 3304 3442 ut
3328 3388 3486 3455 scias,
3521 3389 3651 3445 licct

2049 3493 2295 3550 peccator
2323 3480 2392 3534 sit
2435 3479 2644 3549 aliquis,
2688 3477 2732 3531 si
2775 3486 2990 3533 accuset
3035 3488 3252 3548 peccata
3291 3493 3406 3543 sua,
3435 3479 3649 3547 justum

2047 3590 2167 3629 erant
2195 3573 2532 3628 accusatione
2559 3587 2653 3626 sua
2683 3571 2816 3636 ï¬eri,
2866 3580 3144 3642 propterea
3185 3571 3334 3637 dixit,
3364 3571 3551 3627 Justus
3599 3576 3651 3628 in

2049 3665 2300 3737 principio
2329 3667 2573 3719 sermonis
2602 3675 2867 3718 accusator
2897 3675 2969 3719 est
3012 3665 3111 3718 sui.
3149 3664 3287 3731 Quid
3329 3680 3487 3734 porro
3538 3677 3648 3733 est,

2051 3759 2116 3814 In
2143 3760 2392 3830 principio
2419 3759 2702 3812 sermonis?
2735 3757 3025 3828 Diligenter
3053 3757 3289 3813 attende.
3330 3759 3384 3812 In
3423 3757 3650 3827 judictis

2049 3853 2167 3908 dua:
2191 3859 2315 3907 sunt
2341 3858 2536 3921 partes,
2572 3865 2674 3904 una
2701 3864 2886 3904 eorum
2918 3849 3004 3918 qui
3032 3849 3306 3913 deferunt,
3348 3850 3516 3905 altera
3551 3868 3651 3908 eo-

2049 3961 2166 4000 rum
2197 3946 2284 4016 qui
2313 3943 2656 4008 defcruntur;
2690 3957 2790 3995 una
2821 3956 3005 3996 eorum
3032 3942 3120 4012 qui
3157 3953 3429 4008 accusant,
3471 3945 3649 4000 altera

2050 4055 2238 4096 eorum
2261 4038 2349 4108 qui
2379 4045 2729 4098 accusantur;
2759 4035 2912 4090 hirci
2937 4044 3091 4102 sunt,
3123 4035 3197 4089 illi
3228 4050 3330 4089 non
3362 4047 3484 4089 sunt
3515 4039 3601 4094 rei
3633 4057 3649 4092 :

2051 4131 2367 4202 principium
2399 4127 2664 4183 sermonis
2693 4127 2986 4181 accusatori
3019 4127 3348 4192 conceditur,
3387 4127 3476 4197 qui
3511 4145 3651 4184 rcus

2050 4242 2156 4281 non
2182 4233 2283 4280 est.
2317 4223 2414 4277 Hic
2439 4235 2566 4275 vero
2603 4218 2928 4274 contrarium
2967 4228 3049 4274 est
3081 4219 3366 4289 agendum.
3413 4219 3519 4288 Tu,
3553 4223 3649 4291 qui

2049 4334 2174 4375 reus
2203 4333 2282 4384 es,
2312 4314 2575 4373 sermonis
2598 4313 2803 4368 initium
2831 4312 3077 4382 prmripe,
3106 4321 3162 4366 ut
3191 4327 3313 4367 rcus
3340 4325 3460 4366 esse
3489 4312 3651 4368 desi-

2050 4428 2146 4468 nas
2198 4430 2212 4466 :
2258 4427 2324 4467 ne
2358 4418 2719 4466 accusatorem
2766 4415 3064 4477 exspectes.
3111 4407 3343 4461 Tametsi
3394 4421 3453 4461 es
3500 4407 3652 4464 inter

2051 4521 2192 4569 reos,
2226 4505 2369 4575 prius
2398 4511 2598 4568 tamen,
2645 4516 2802 4572 quam
2843 4498 2911 4552 ab
2952 4500 3043 4554 illo
3084 4500 3188 4554 tale
3231 4499 3500 4570 quidpiam
3543 4518 3652 4557 au-

2049 4600 2198 4665 dias,
2241 4599 2355 4669 ipse
2399 4612 2517 4667 quae
2560 4611 2588 4650 a
2639 4605 2690 4651 te
2740 4603 2954 4664 peccata
3000 4601 3124 4648 sunt
3161 4592 3328 4649 defer.
3374 4593 3650 4650 Machmra

2049 4691 2292 4764 qu:rdam
2319 4701 2470 4747 acuta
2501 4697 2582 4745 est
2609 4687 2782 4759 lingua
2817 4705 2830 4742 :
2860 4699 3224 4742 verumtamen
3269 4687 3479 4742 caeteris
3521 4689 3652 4742 vul-

2051 4799 2176 4842 nera
2210 4801 2314 4839 non
2355 4784 2690 4853 inlligamns,
2734 4781 2826 4837 sed
2869 4783 3044 4835 ulcera
3085 4787 3266 4833 nostra
3311 4792 3648 4834 resecemns.

2053 4880 2144 4935 Vis
2173 4880 2310 4934 scire
2330 4891 2533 4932 morem
2567 4874 2730 4929 fuisse
2753 4873 3040 4942 iustorum,
3073 4880 3131 4926 ut
3169 4870 3289 4924 aliis
3326 4884 3433 4924 non
3474 4872 3656 4927 maleo

2050 4973 2310 5033 dicerent,
2355 4969 2448 5025 sed
2491 4967 2761 5036 sibiipsis?
2805 4964 2941 5019 Audi
2998 4963 3218 5018 Paulum
3256 4961 3588 5017 clamantem
3640 4981 3653 5016 :

2055 5066 2256 5122 Gratias
2285 5081 2374 5135 ego
2401 5063 2465 5127 ei,
2494 5062 2581 5133 qui
2607 5077 2684 5113 me
2716 5058 3039 5127 confortauit,
3079 5055 3294 5120 Christo,
3323 5053 3410 5126 qui
3438 5053 3658 5122 ï¬delem

2049 5175 2130 5212 me
2152 5155 2472 5218 existimavit,
2505 5169 2693 5224 ponens
2713 5151 2765 5204 in
2791 5149 3066 5204 ministerio
3088 5163 3106 5202 :
3127 5148 3213 5216 qui
3240 5147 3378 5214 prius
3406 5145 3662 5215 blasphe-

2049 5267 2161 5304 mus
2188 5251 2284 5320 fui,
2315 5257 2360 5301 et
2400 5255 2747 5316 persequutor,
2789 5250 2834 5296 et
2877 5239 3265 5296 contumeliosus
3295 5237 3373 5309 (1.
3403 5235 3546 5290 Tim.
3607 5241 3662 5293 1.

2055 5344 2139 5400 12.
2171 5343 2282 5412 15).
2313 5339 2474 5394 Vides
2500 5353 2608 5408 quo
2637 5345 2792 5406 pacto
2819 5335 2870 5388 in
2901 5334 3136 5402 seipsum
3163 5331 3443 5385 maledicta
3476 5332 3664 5400 conji-

2054 5434 2194 5492 ciat?
2219 5442 2273 5489 et
2299 5445 2482 5486 rursus
2517 5447 2531 5484 :
2562 5426 2792 5482 Christus
2819 5425 2948 5479 venit
2990 5424 3044 5477 in
3089 5421 3334 5498 mundum
3361 5429 3663 5492 peccatores
3704 5467 3705 5472 Î·

2050 5529 2216 5582 salvos
2246 5529 2430 5596 facere,
2457 5536 2670 5592 quonon
2703 5517 2897 5587 primus
2935 5533 3028 5587 ego
3073 5532 3186 5569 sum
3230 5513 3390 5588 (Ibid.
3440 5529 3490 5567 Ï….
3529 5513 3656 5582 15).

2053 5618 2115 5672 Et
2139 5616 2264 5672 alibi
2289 5629 2468 5670 rursus
2493 5630 2506 5666 :
2539 5609 2658 5665 Non
2680 5627 2791 5664 sum
2817 5609 3000 5680 dignus
3027 5608 3191 5660 uocari
3212 5606 3490 5676 apostolus,
3517 5621 3657 5676 quo-
3703 5631 3705 5660 :

2056 5712 2192 5764 niam
2219 5715 2543 5780 persequutus
2573 5721 2685 5760 sum
2720 5701 2999 5756 Ecclesium
3031 5699 3126 5754 Dei
3157 5701 3173 5769 (
3197 5700 3218 5754 1
3281 5697 3397 5752 Cor.
3441 5699 3528 5752 15.
3568 5701 3658 5766 9).

2134 5803 2186 5857 9.
2235 5799 2389 5854 Vides
2429 5813 2535 5868 quo
2579 5807 2731 5867 pacto
2768 5793 2962 5864 ubique
2990 5791 3089 5847 sibi
3137 5789 3455 5846 matedicat?
3489 5789 3662 5847 Novit
