3734 6278
367 244 465 300 189

359 367 472 438 δέῃ,
521 365 755 436 ἀφειδῶς
801 366 1062 439 κέχρηται
1105 374 1173 442 τῇ
1218 374 1539 446 κατηγορίᾳ·
1567 376 1695 430 ὃταν
1747 378 1802 431 δὲ
1846 380 1941 433 καὶ

358 455 575 525 ἑτέρους
623 454 707 525 ίδῃ
754 458 867 517 τοῖς
911 456 1213 528 ἀλλοτρίοις
1254 459 1575 525 δικάζοντας
1603 467 1813 528 κακοῖς,
1847 467 1951 537 ὅρα

362 545 483 615 μεθ’
507 546 640 617 ὅσης
664 546 859 609 αὐτοὺς
891 549 1233 619 ἐπιστομίζει
1271 555 1370 623 τῆς
1397 554 1825 627 αὐστηρότητος,
1859 558 1950 609 ού-

359 634 493 686 τωσὶ
522 634 717 703 λέγων·
751 637 932 691 Ὥστε
973 638 1059 708 μὴ
1087 639 1200 708 πρὸ
1236 643 1445 709 καιροῦ
1471 661 1525 698 τι
1558 645 1808 712 κρίνετε,
1836 646 1949 712 ἕως

360 721 437 773 ἂι·
475 721 623 791 ἔλθῃ
654 726 687 777 d
727 725 961 793 Κύριος,
999 726 1066 791 ὃς
1090 728 1186 781 καί
1212 730 1457 797 φωτίσει
1483 732 1555 785 τὰ
1587 732 1818 800 κρυπτά
1840 734 1947 788 τοῦ

361 810 642 878 σκότους,
673 811 769 865 καί
793 812 1124 882 φανερώσει
1146 819 1252 882 τὰς
1264 818 1502 883 ,βουλὰς
1527 817 1645 872 τῶν
1665 820 1944 889 καρδιῶν.

376 897 597 971 Ἐκείνῳ
636 903 871 972 τήρησον
912 902 974 955 τδ
1015 902 1386 976 δικαστήριον,
1424 904 1500 976 τῷ
1546 906 1615 959 τά
1658 908 1947 979 ἀπόρρητα

362 985 523 1040 είδότι
547 986 647 1057 τῆς
682 987 939 1052 διανοίας.
976 990 1093 1044 Κάν
1126 991 1369 1063 ἀκριϐῶς
1396 990 1625 1065 νομίζῃς
1652 995 1849 1049 εἰδέναι
1877 997 1947 1049 τά

361 1077 455 1130 τοῦ
497 1078 740 1150 πλησίον,
774 1079 1035 1149 ἔσφαλταί
1075 1100 1168 1136 σου
1207 1085 1241 1154 ἡ
1272 1084 1473 1155 κρίσις.
1514 1084 1615 1151 Τίς
1660 1085 1768 1153 γὰρ
1797 1081 1947 1149 οἶδε,

361 1167 516 1237 φησὶ,
570 1168 642 1220 τὰ
682 1168 788 1221 τοῦ
836 1167 1172 1237 ἀνθρώπου,
1214 1173 1266 1224 εί
1296 1170 1383 1240 μὴ
1436 1172 1504 1225 τὸ
1562 1173 1796 1241 πνεῦμα
1838 1172 1945 1227 τοῦ

361 1251 673 1322 ἀνθρώπου
724 1255 787 1308 τὸ
828 1255 897 1308 ἐν
939 1256 1134 1322 abab;
1166 1258 1328 1311 Πόσοι
1368 1257 1476 1311 τῶν
1517 1260 1945 1331 ἀπερριμμένων

361 1341 455 1394 καὶ
497 1340 731 1394 εὐτελῶν
782 1342 935 1414 ήλίου
980 1344 1329 1417 φαιδρότερον
1384 1346 1687 1418 ἐκλάμπειν
1726 1347 1941 1417 ἐχουσιί

361 1428 517 1482 πόσοι
543 1430 650 1483 τῶν
679 1432 930 1500 μεγάλων
977 1434 1069 1485 καὶ
1107 1434 1425 1505 περιφανῶν
1452 1435 1644 1499 σποδὸς
1673 1434 1824 1499 ὄντες
1848 1434 1944 1488 καὶ

358 1518 527 1587 τάφος
566 1520 951 1590 κεκονιαμένος
992 1520 1409 1593 εύρεθήσονταιί
1446 1522 1722 1585 Ἤκουσας
1766 1522 1883 1584 πῶς
1914 1524 1943 1575 6

359 1607 571 1672 Παῦλος
605 1610 793 1662 ἑαυτὸν
834 1610 1019 1673 κακῶς
1061 1611 1229 1679 λέγει,
1277 1610 1416 1679 μετὰ
1451 1611 1811 1682 σφοδρότητος
1849 1610 1942 1663 καὶ

359 1695 665 1766 ὑπερϐολῆς
708 1698 1144 1768 ἁμαρτημάτων,
1192 1691 1267 1751 ὧν
1299 1699 1398 1751 ούκ
1444 1698 1666 1769 ἔμελλεν
1714 1698 1941 1761 εὐθύνας

359 1783 600 1853 ὑπέχειν,
633 1785 871 1853 συνεχῶς
915 1787 1293 1857 μεμνημένον;
1335 1786 1661 1856 Βλάσφημος
1696 1785 1805 1857 γὰρ
1846 1785 1941 1839 καὶ

300 1870 307 1875 ”
358 1871 590 1944 διώκτης
616 1874 707 1926 καὶ
726 1874 984 1944 ὑϐριστὴς
1005 1875 1110 1945 πρὸ
1132 1874 1224 1927 τοῦ
1250 1874 1622 1944 βαπτίσματος
1644 1869 1731 1943 ῆν,
1755 1875 1941 1927 ἐκεῖνα

356 1960 414 2012 δὲ
439 1960 507 2013 τά
528 1961 899 2032 ἁμαρτήματα
922 1962 1077 2015 ἔλυσε
1107 1963 1168 2015 τὸ
1193 1962 1494 2033 βάπτισμα·
1526 1961 1640 2015 ἀλλ’
1670 1962 1820 2031 ὅμως
1844 1962 1941 2014 αύ-

357 2048 464 2101 τῶν
494 2048 787 2120 μέμνηται,
816 2052 915 2103 ούκ
943 2051 1129 2119 ἐπειδὴ
1157 2050 1313 2119 λόγον
1342 2051 1567 2121 ἔμελλεν
1598 2051 1738 2122 ὑπὲρ
1762 2051 1941 2104 αὐτῶν

358 2138 601 2209 ὑπέχειν,
629 2139 743 2192 ἀλλ’
775 2140 861 2194 ἵνα
903 2140 1053 2213 δείξῃ
1084 2140 1177 2194 τοῦ
1206 2140 1340 2193 Θεοῦ
1380 2141 1477 2211 τὴν
1508 2140 1937 2211 φιλανθρωπίαν,

357 2227 453 2280 καὶ
502 2228 624 2280 τίνα
681 2227 827 2285 ὄντα,
863 2223 975 2281 οἷον
1022 2229 1422 2281 κατεσκεύασεν
1453 2234 1503 2290 ⁸,
1560 2230 1669 2281 ἀπὸ
1711 2228 1936 2281 διώκτου

362 2318 592 2387 ποιήσας
621 2316 935 2370 ἀπόστολον.
968 2318 1034 2369 EI.
1065 2316 1121 2369 δὲ
1163 2318 1369 2379 ἐκεῖνος
1396 2315 1504 2369 τῶν
1534 2315 1938 2384 ἀφανισθέντων

357 2405 771 2478 ἁμαρτημάτων
830 2405 1123 2476 μέμνηται,
1168 2405 1346 2476 πολλῴ
1392 2405 1593 2476 μᾶλλον
1637 2407 1786 2475 ἡμᾶς
1830 2403 1938 2457 τῶν

360 2493 499 2563 μετά
549 2492 610 2547 τὸ
652 2493 936 2564 βάπτισμα
988 2494 1292 2564 μεμνῆσθαι
1338 2495 1461 2564 χρή.
1519 2493 1615 2555 Τίς
1656 2491 1765 2561 γὰρ
1806 2494 1938 2561 ἡμῖν

357 2581 619 2649 ἀπολογία
647 2582 819 2646 ἔσται,
857 2582 889 2652 ἢ
929 2581 1057 2635 ποία
1090 2582 1407 2652 συγγνώμη,
1435 2582 1562 2634 ὅταν
1593 2582 1800 2643 ἐκεῖνος
1840 2579 1938 2650 μὲν

356 2669 463 2723 τῶν
488 2669 792 2723 ἀνευθύνων
824 2668 1137 2741 μνημονεύῃ
1165 2669 1420 2738 συνεχῶς.
1448 2670 1606 2739 ἡμεῖς
1626 2668 1681 2720 δὲ
1709 2666 1841 2737 μηδὲ
1863 2660 1938 2720 ῶν

362 2758 625 2829 μέλλομεν
658 2758 814 2826 λόγον
857 2759 1098 2828 ὑπέχειν,
1136 2758 1271 2828 μηδὲ
1299 2756 1501 2810 τούτων
1535 2757 1761 2818 ἑαυτοὺς
1808 2757 1940 2809 ὑπο-

362 2848 779 2918 μιμνήσκωμεν,
824 2846 936 2900 ἀλλ’
959 2847 1188 2915 ἀφέντες
1231 2846 1301 2899 τὰ
1342 2848 1536 2909 οἰκεῖα,
1566 2844 1635 2898 τά
1684 2845 1939 2915 ἀλλότρια

360 2934 851 3005 περιεργαζὼμεθα
875 2934 1051 2996 κακά;
1076 2932 1369 3005 [Ἄκουσον
1398 2932 1488 2985 τὸν
1514 2932 1718 3000 Πέτρον
1748 2932 1937 3000 λέγον-

356 3041 425 3075 τα
442 3039 457 3055 ·
492 3023 743 3087 Ἔξελθε
780 3023 878 3077 ἀπ’
905 3021 1073 3092 ἐμοῦ,
1097 3022 1186 3076 ὅτι
1212 3020 1367 3089 ἀνὴρ
1408 3022 1756 3091 ἁμαρτωλός
1776 3018 1944 3091 sum]

361 3112 626 3166 ’Ἄκουσον
661 3111 777 3173 πῶς
806 3110 956 3181 [196]
980 3109 1074 3164 καὶ
1092 3108 1366 3172 Μαθταῖος
1392 3109 1489 3179 τῆς
1519 3108 1789 3178 προτέρας
1812 3109 1939 3161 ἑαυ-

357 3198 450 3252 τοῦ
482 3200 776 3270 κατηγορεῖ
805 3199 972 3270 ζωῆς,
1007 3198 1101 3251 καὶ
1130 3198 1368 3267 τελώνην
1408 3196 1599 3250 ἑαυτὸν
1637 3196 1810 3260 καλεῖ,
1845 3197 1941 3249 καὶ

356 3287 476 3341 οὓδὲ
532 3286 845 3357 αἰσχύνεται
900 3286 990 3339 τὸν
1048 3285 1310 3357 πρότερον
1372 3283 1738 3355 ὲκπομπεύων
1802 3284 1936 3355 βίον.

370 3375 589 3446 Ἐπειδὴ
620 3374 726 3446 γάρ
755 3374 905 3428 οὐδὲν
934 3369 1076 3445 εἶχον
1108 3376 1432 3446 κατηγορεῖν
1473 3374 1682 3427 ἑαυτῶν
1715 3371 1853 3444 μετά
1882 3372 1942 3425 τὸ

365 3465 671 3535 βάπτισμα.
724 3462 832 3517 τῶν
888 3463 1169 3534 προτέρων
1212 3464 1539 3534 ἐμέμνηντο,
1596 3461 1941 3524 παιδεύοντες

360 3557 393 3623 ἡ
402 3555 505 3625 μᾶς
518 3553 625 3606 τῶν
645 3552 740 3622 μὲν
754 3550 1049 3621 ἀλλοτρίων
1062 3551 1243 3605 κακῶν
1260 3551 1463 3622 μηδένα
1478 3550 1749 3603 ποιεῖσθαι
1760 3549 1938 3618 λόγον,

359 3643 426 3695 τὰ
448 3641 505 3694 δὲ
529 3641 700 3693 οἰκεῖα
729 3641 999 3711 μεριμνᾷν
1027 3641 1119 3693 καὶ
1150 3638 1387 3710 συνεχῶς
1414 3639 1792 3709 ἀναστρέφειν.

430 3729 506 3783 Ού
550 3728 660 3800 γὰρ
710 3728 878 3791 ἔστιν,
924 3729 1023 3782 οὐκ
1068 3728 1212 3781 ἔστιν
1261 3728 1410 3782 οὐδὲν
1443 3727 1627 3799 ἓτερον
1650 3726 1942 3797 φάρμακον

359 3818 597 3871 τοιοῦτον
644 3816 779 3889 πρὸς
816 3815 912 3887 την
960 3816 1066 3870 τῶν
1098 3814 1510 3889 ἁμαρτημάτων
1538 3814 1838 3884 ἀναίρεσιν,
1869 3812 1943 3875 ὡς

360 3908 394 3977 ἡ
441 3907 668 3976 συνεχὴς
717 3905 895 3958 αὐτῶν
942 3906 1265 3975 ἀνάμνησις,
1295 3904 1386 3957 καὶ
1419 3907 1452 3973 ἠ
1486 3901 1738 3973 διηνεκὴς
1764 3899 1943 3954 αὐτῶν

363 3994 682 4065 κατηγορία.
714 3992 899 4057 Οὓτως
928 3994 956 4045 ὁ
977 3991 1211 4062 τελώνης
1242 3992 1308 4045 τά
1341 3989 1504 4063 μυρία
1532 3988 1767 4060 ἠδυνήθη
1799 3987 1946 4041 κακά

363 4082 682 4143 ἀποθέσθαι,
734 4082 822 4135 ἴνα
859 4082 1011 4155 εἴπῃ·
1071 4082 1133 4134 '0
1180 4081 1341 4145 Θεὸς,
1398 4078 1678 4145 ἱλάσθητί
1719 4096 1821 4147 μοι
1866 4075 1945 4142 τῷ

361 4168 706 4241 ἁμαρτωλῷ·
734 4170 908 4232 οὕτως
940 4172 969 4222 6
999 4171 1288 4239 Φαρισαῖος
1312 4170 1412 4240 τῆς
1442 4166 1785 4235 δικαιοσύνης
1808 4166 1948 4219 ἁπά-

364 4277 463 4331 σης
489 4258 766 4326 ἐξέπεσεν,
792 4258 871 4310 ὅτι
896 4260 1055 4327 ἀφεὶς
1077 4258 1385 4326 λογίζεσθαι
1413 4256 1482 4309 τὰ
1512 4255 1662 4326 αύτῷ
1691 4256 1946 4326 πεπλημ-

366 4348 667 4419 μελημένα,
701 4347 801 4417 τὴν
839 4346 1162 4417 οἰκουμένην
1202 4346 1546 4409 κατεδίκαζε,
1592 4346 1788 4413 λέγων·
1825 4346 1946 4398 Οὐκ

363 4437 479 4505 εἰμὶ
518 4436 597 4500 ὠς
647 4436 700 4487 οί
750 4435 948 4487 λοιποὶ
1001 4433 1117 4486 τῶν
1154 4434 1495 4502 ἀνθρώπων,
1542 4434 1804 4502 ἅρπαγες
1849 4433 1946 4486 καὶ

366 4522 744 4581 πλεονέκται,
785 4519 927 4573 οὐδὲ
952 4520 1031 4585 ὡς
1057 4515 1236 4585 οὗτος
1266 4524 1299 4573 ό
1330 4520 1615 4587 τελώνης.
1657 4520 1756 4572 Διά
1790 4520 1948 4573 τοῦτο

367 4611 461 4664 καὶ
495 4611 523 4663 ὁ
551 4607 762 4670 Παῦλος
790 4606 1023 4677 παρῄνει
1050 4605 1247 4675 λέγων·
1278 4607 1575 4671 Ἕκαστος
1610 4605 1678 4659 δὲ
1706 4606 1948 4675 δοκιμα-

366 4700 503 4759 ζὲτω
530 4698 598 4751 τὸ
634 4695 851 4750 ἑαυτοῦ
876 4697 1073 4766 ἔργον,
1107 4696 1204 4749 καί
1236 4697 1370 4749 τότε
1399 4696 1483 4760 είς
1523 4694 1739 4748 ἑαυτὸν
1754 4696 1948 4763 μόνον

364 4789 430 4839 τὸ
460 4789 740 4855 καύχημα
768 4784 912 4848 ἕξει,
953 4785 1051 4837 καί
1088 4785 1199 4837 οὐκ
1242 4785 1329 4847 είς
1370 4781 1477 4835 τὸν
1503 4782 1727 4851 ἕτερον.
1762 4782 1948 4837 Βούλει

375 4872 565 4943 μαθεῖν
591 4870 683 4925 καὶ¹
705 4873 763 4926 ἐν
786 4874 854 4942 τῇ
883 4871 1093 4942 Παλαιᾷ
1121 4872 1236 4933 πῶς
1258 4873 1306 4924 οἱ
1337 4871 1533 4925 δίκαιοι
1565 4870 1945 4943 κατηγόρησαν

375 4960 610 5025 έαυτῶν;
654 4962 849 5014 ’Δκουε
884 4962 976 5013 καὶ,
1017 4961 1221 5013 τούτων
1263 4960 1490 5024 ἐκείνοις
1539 4962 1747 5033 συνῳδὰ
1781 4962 1948 5032 φθεγ-

373 5048 638 5118 γομένων.
693 5049 750 5101 ’0
796 5049 893 5119 μὲν
946 5048 1054 5118 γάρ
1118 5048 1278 5102 Δαυῖδ
1328 5048 1544 5118 ἔλεγεν·
1590 5053 1661 5104 Al
1707 5051 1945 5119 ἀνομίαι

362 5154 480 5205 μου
523 5134 830 5203 ὑπερῆραν
868 5135 980 5195 τὴν
1017 5135 1291 5204 κεφαλήν
1328 5154 1469 5205 μου·
1512 5136 1654 5189 ὡσεί
1703 5139 1947 5206 φορτίον

361 5223 522 5294 ,βαρὺ
578 5224 994 5291 ἑϐαρύνθησαν
1043 5224 1136 5276 ἐπ’
1175 5221 1298 5291 ἐμέ.
1344 5226 1401 5277 Ὀ
1441 5223 1497 5277 δὲ
1532 5222 1759 5287 Ἡσαΐας
1795 5224 1941 5277 ἐϐόα·

363 5316 526 5384 οἶμοι
550 5317 583 5369 ό
603 5312 787 5380 τάλας
809 5311 943 5381 ἐγὼ,
969 5312 1055 5365 ὅτι
1088 5311 1395 5381 ἅνθρωπος
1412 5312 1497 5366 ὢν
1525 5314 1621 5367 καὶ
1647 5313 1947 5383 ἀκάθαρτα

368 5404 541 5473 χείλη
566 5402 742 5471 ἔχων.
774 5401 882 5454 Kal
902 5402 949 5452 oi
967 5402 1113 5469 τρεῖς
1140 5401 1322 5464 παῖδες
1345 5403 1401 5454 ἐν
1422 5402 1632 5471 καμίνῳ
1646 5402 1946 5473 διατρίϐον-

366 5509 473 5554 τες,
506 5490 598 5543 καὶ
625 5489 693 5541 τά
723 5488 949 5558 σώματα
974 5487 1190 5559 θανάτῳ
1217 5488 1304 5541 διά
1333 5490 1421 5543 τὸν
1440 5489 1571 5545 Θεὸν
1593 5490 1942 5560 παραδόντες,

368 5581 423 5628 ἐν
460 5580 572 5641 τοῖς
606 5577 853 5648 ἐσχάτοις
884 5576 993 5629 τῶν
1021 5576 1359 5647 ἁμαρτωλῶν
1402 5579 1626 5639 ἑαυτοὺς
1657 5579 1941 5649 ὴρίθμουν,

380 5662 764 5734 ἸΙιιὰρτοιιε-ν,
795 5664 1206 5733 ἠνομήσαμεν,
1238 5663 1502 5733 λέγοντες·
1529 5667 1702 5721 καίτοι
1726 5668 1777 5721 τί
1810 5668 1944 5740 λαμ-

434 5797 458 5825 ⁸
476 5791 611 5844 Colb.
634 5791 736 5840 τίνα
760 5794 870 5840 οντα
888 5793 989 5841 τίνα
1011 5793 1376 5843 κατεσκεύασεν.

1080 250 1137 304 S.
1174 248 1453 308 JOANNIS
1487 252 1979 313 CIIRYSOSTOMI
2016 258 2337 321 ARCHIEP.
2377 262 2919 329 CON'STANTINOP.

3523 276 3642 333 190

2052 383 2316 457 πρότερον
2362 388 2604 454 ἐκείνων,
2642 392 2696 445 τί
2731 391 3113 464 καθαρώτερον
3152 388 3258 465 ἧν;
3292 391 3403 447 Kal
3443 391 3554 462 γὰρ
3584 394 3634 445 εἴ

2051 473 2145 525 καί
2193 492 2347 540 τινας
2379 473 2519 548 ἦσαν
2559 480 2835 551 ἁμαρτίας
2885 484 3265 552 πεποιηκότες,
3311 480 3493 542 πάσας
3529 481 3640 533 ἀπ-

2049 560 2254 633 έσμηξε
2274 565 2373 635 τῆς
2396 566 2591 635 φλογὸς
2629 568 2845 639 ἐκείνης
2877 570 2915 639 ἡ
2944 568 3123 637 φύσις.
3162 567 3301 621 Ἀλλ’
3322 569 3381 622 ού
3410 568 3545 638 πρὸς
3567 569 3638 619 ti

2050 652 2445 724 κατορθώματα
2473 656 2659 728 ἐώρων
2686 658 2756 711 τὰ
2779 661 2973 722 οἰκεῖα,
2999 658 3137 713 ἀλλά
3159 659 3227 713 τά
3259 661 3638 729 ἁμαρτήματα

2046 739 2436 809 ἀνελογίζοντο.
2468 744 2624 800 Οὕτω
2654 746 2749 800 xal
2775 746 2974 814 Δανιὴλ
3005 746 3144 817 μετὰ
3172 747 3263 800 τὸν
3290 747 3491 799 λάκκον
3523 746 3636 798 τῶν

2046 830 2294 898 λεόντων,
2339 834 2478 904 μετά
2515 835 2613 899 τὰς
2665 838 2866 909 μυρίας
2906 835 3194 908 τιμωρίας,
3236 835 3302 900 ἀς
3348 835 3633 905 ὑπέμεινε.

2045 921 2143 975 καὶ
2169 922 2329 986 αὐτὸς
2359 924 2555 977 ἑαυτοῦ
2592 924 2909 997 κατηγόρει,
2951 925 3046 978 τοῦ
3086 924 3141 977 δὲ
3180 923 3406 995 πλησίον
3432 921 3630 984 ούδείς.

2045 1010 2113 1063 Τί
2139 1012 2202 1081 δή
2242 1028 2406 1079 ποτε;
2438 1012 2560 1066 Ὀτι
2592 1015 2621 1066 6
2653 1014 2751 1083 μὲν
2782 1014 3000 1085 ἐτέρους
3028 1013 3202 1081 λέγων
3246 1011 3453 1075 κακῶς,
3491 1028 3636 1081 παρ-

2042 1096 2220 1163 οξύνει
2272 1099 2363 1152 τὸν
2424 1101 2718 1171 Δεσπότην.
2774 1101 2831 1154 Ὀ
2875 1102 2932 1155 δὲ
2977 1100 3165 1154 ἑαυτὸν
3203 1099 3376 1169 λέγων
3421 1097 3631 1161 κακῶς,

2044 1185 2239 1251 ἐξιλεοῖ
2270 1188 2365 1241 καῖ
2396 1188 2773 1243 καταλλάττει·
2802 1191 2897 1243 καὶ
2932 1188 3022 1243 τὸν
3053 1188 3258 1242 δίκαιον
3296 1187 3635 1256 δικαιότερον

2043 1274 2435 1343 ἀπεργάζεται,
2497 1276 2591 1330 xal
2643 1277 2733 1330 τὸν
2788 1277 3111 1350 ἁμαρτωλὸν
3163 1274 3461 1347 ἐξαρπάζει
3520 1273 3636 1326 τῶν

2042 1360 2406 1431 ἐγκλημάτων
2446 1363 2541 1416 καὶ
2576 1362 2905 1435 συγγνώμης
2938 1363 3085 1429 ἄξιον
3126 1366 3289 1417 ποιεῖ.
3330 1362 3495 1417 Ταῦτ’
3534 1356 3635 1416 οὖν

2042 1449 2264 1517 εἰδότες,
2314 1451 2387 1523 μὴ
2430 1452 2498 1505 τὰ
2528 1452 2806 1523 ἀλλότρια,
2850 1452 2987 1505 ἀλλά
3021 1455 3196 1506 οἰκεῖα
3238 1452 3636 1521 πολυπραγμο-

2040 1537 2224 1608 νῶμεν
2262 1539 2428 1593 κακά·
2461 1539 2855 1611 άναπτύξωμεν
2889 1541 3046 1612 ἡμῶν
3091 1540 3150 1593 τὸ
3198 1540 3452 1603 συνειδὸς,
3496 1541 3635 1593 ἀνα·

2046 1624 2374 1696 μνησθῶμεν
2413 1627 2570 1697 ἡμῶν
2602 1628 2701 1699 τῆν
2734 1628 2877 1698 ζωήν
2910 1629 3129 1683 ἅπασαν
3161 1629 3211 1687 δ,
3243 1627 3471 1680 ἕκαστον
3518 1625 3637 1679 τῶν

2042 1714 2444 1784 ἡμαρτημένων
2482 1717 2614 1785 ἡμῖν
2655 1714 3167 1787 περιεργασώμεθα,
3201 1716 3294 1768 καὶ
3346 1714 3419 1785 μὴ
3469 1715 3639 1783 μόνον

2046 1799 2120 1868 μὴ
2169 1801 2419 1872 λέγωμεν
2470 1803 2658 1867 κακῶς
2697 1803 2935 1875 ἐτέρους,
2993 1803 3128 1856 ἀλλά
3173 1802 3303 1873 μηδὲ
3341 1803 3637 1872 ἀκούωμεν

2044 1889 2249 1961 ἑτέρων
2274 1889 2541 1957 λεγόντων
2566 1891 2769 1953 κακῶς.
2804 1891 2912 1944 Kal
2944 1891 3053 1961 γάρ
3085 1890 3177 1943 καὶ
3211 1889 3397 1943 τούτου
3427 1889 3636 1957 ἔγκλη-

2044 1996 2118 2047 μα
2145 1981 2321 2032 κεῖται
2367 1979 2460 2032 καὶ
2493 1979 2732 2051 τιμωρία
2766 1980 3017 2049 μεγίστη·
3063 1978 3268 2043 Ἀκοὴγ
3302 1976 3428 2048 γὰρ,
3468 1977 3636 2046 φησὶ,

2033 2067 2294 2135 ματαίαν
2311 2066 2398 2135 μὴ
2438 2067 2763 2134 παραδέξῃ.
2815 2068 2930 2120 Οὐκ
2980 2064 3151 2130 εἶπεν,
3205 2068 3365 2135 Ἀκοῇ
3420 2066 3633 2134 ματαία

2043 2153 2117 2223 μὴ
2149 2153 2466 2227 πιστεύσῃς.
2486 2154 2643 2211 ἀλλά,
2672 2155 2822 2225 Μηδὲ
2851 2152 2975 2225 δέξῃ
3007 2155 3196 2223 αὐτήν·
3225 2153 3536 2224 ἀπόφραξον
3560 2154 3636 2205 τὰ

2038 2234 2176 2300 ὦτα,
2217 2241 2567 2311 ἀποτείχισον
2607 2244 2671 2311 τῇ
2719 2242 3024 2312 κατηγορίᾳ
3065 2242 3167 2311 τὴν
3207 2240 3427 2303 εἴσοδον,
3455 2240 3637 2305 δεῖξον

2037 2330 2119 2382 ὅτι
2155 2328 2250 2382 τοῦ
2280 2330 2754 2402 κατηγορουμένου
2785 2331 2886 2383 οὐκ
2912 2330 3131 2384 ἔλαττον
3169 2329 3333 2391 αὐτὸς
3355 2329 3383 2379 ὁ
3411 2328 3637 2382 ἀκούων

2040 2417 2231 2488 ἐχθρὸς
2280 2413 2331 2470 εἴ
2362 2420 2458 2471 καὶ
2488 2418 2745 2489 πολέμιος
2779 2419 2856 2489 τῷ
2888 2418 3070 2483 κακῶς
3103 2418 3336 2486 λέγοντι.
3372 2417 3637 2485 Μίμησαι

2038 2503 2128 2558 τὸν
2159 2504 2309 2576 [197]
2335 2508 2622 2577 προφήτην
2640 2506 2784 2560 οὕτω
2804 2507 3050 2575 λέγοντα·
3080 2505 3189 2561 Τὸν
3212 2503 3637 2559 καταλαλοῦν-

2040 2610 2111 2645 τα
2138 2592 2331 2661 λάθρα
2364 2595 2470 2647 τὸν
2504 2597 2775 2661 πλησίον
2802 2594 3011 2657 αὑτοῦ,
3044 2594 3259 2647 τοῦτον
3281 2592 3631 2656 ἐξεδίωκον.

2039 2681 2154 2734 Ούκ
2188 2676 2359 2746 εἶπεν,
2388 2682 2469 2734 ὅτι
2491 2682 2604 2734 υύκ
2632 2682 2938 2743 ἐπίστευον,
2966 2680 3085 2734 οὐδὲ
3116 2681 3196 2733 ὅτι
3230 2678 3305 2732 Οὐ
3330 2679 3633 2748 παρεδεχό-

2043 2786 2150 2839 μην
2175 2768 2245 2822 τά
2269 2768 2555 2841 λεγόμενα,
2586 2769 2722 2823 ἀλλὰ
2745 2770 2838 2823 καὶ
2861 2770 3194 2841 ἀπήλαυνον,
3219 2766 3294 2832 ὡς
3317 2767 3506 2839 ἐχθρὸν
3534 2769 3638 2821 καὶ

2041 2857 2321 2927 πολέμιον.

2114 2952 2164 2999 ι’.
2209 2945 2347 2998 Ἀλλ’
2382 2946 2487 2998 είσί
2526 2963 2689 3010 τινες,
2723 2944 2773 2999 οἳ
2816 2945 3002 3017 ψυχρᾷ
3037 2944 3358 3017 παραμυθίᾳ
3400 2944 3634 3005 ἑαυτοὺς

2042 3034 2512 3106 παραμυθοῦνται,
2548 3036 2748 3089 οὑτωσὶ
2778 3035 3051 3105 λέγοντες·
3081 3035 3273 3106 Κύριε,
3313 3034 3387 3104 μὴ
3419 3034 3634 3103 στήσῃς

2045 3140 2135 3191 μοι
2181 3122 2279 3193 τὴν
2324 3123 2597 3193 ἁμαρτίαν
2633 3123 2856 3193 ταύτην,
2894 3124 2975 3176 ὅτι
3014 3124 3181 3194 ἀκοῆς
3223 3122 3378 3189 λόγον
3405 3120 3632 3189 ὀφείλω.

2042 3210 2137 3273 Τίς
2167 3210 2323 3281 χρεία
2359 3210 2456 3280 τῆς
2486 3209 2814 3277 ἀπολογίας;
2846 3210 2929 3271 τίς
2972 3209 3127 3280 χρεία
3167 3210 3267 3278 τῆς
3298 3208 3638 3277 συγγνώμης

2040 3297 2273 3368 ταύτης;
2309 3299 2560 3369 Σίγησον,
2608 3299 2701 3351 καὶ
2754 3297 3061 3367 ἀπήλλαξαι
3102 3296 3209 3351 τῶν
3243 3295 3635 3366 ἐγκλημάτων·

2044 3385 2210 3456 μηδὲν
2245 3384 2431 3459 εἴπῃς,
2457 3386 2549 3438 καὶ
2579 3384 2819 3456 καθαρὸς
2846 3380 2899 3437 εἴ
2928 3384 3027 3453 τῆς
3057 3383 3315 3453 ἀγωνίας.
3351 3384 3415 3435 Τί
3446 3381 3638 3452 σαυτῷ

2042 3472 2345 3543 πράγματα
2368 3472 2607 3537 πλέκεις,
2635 3473 2729 3524 καὶ
2767 3471 2917 3543 παρά
2955 3471 3093 3541 Θεῷ,
3123 3473 3216 3525 καὶ
3246 3472 3395 3541 παρά
3419 3469 3516 3523 ἀνθ
3526 3470 3640 3541 ρώ-

2040 3577 2188 3624 ποις;
2221 3561 2286 3612 Τί
2312 3563 2484 3623 ποιεῖς
2516 3560 2812 3613 ὑπεύθυνον
2842 3560 3029 3614 ἑαυτὸν
3056 3560 3416 3630 ἐγκλημάτων
3443 3575 3457 3622 ;
3486 3558 3545 3610 τί
3574 3559 3638 3610 τὸ

2042 3648 2259 3719 φορτίον
2292 3647 2587 3720 βαρύτερον
2619 3648 2870 3718 δεσμεῖςς
2908 3648 3021 3701 Ούκ
3052 3649 3213 3717 ἀρκεῖ
3247 3663 3328 3699 σοι
3359 3646 3484 3716 περὶ
3520 3644 3639 3697 τῶν

2041 3736 2256 3790 οἰκείων
2298 3736 2480 3791 κακῶν
2520 3736 2747 3800 εὐθύνας
2800 3737 3078 3807 ὑποσχεῖν,
3120 3734 3256 3789 ἀλλά
3300 3735 3394 3788 καὶ
3437 3732 3641 3804 ἑτέρας

2045 3824 2316 3896 ἁμαρτίας
2351 3824 2705 3895 έπισωρεύεις
2733 3822 2944 3891 σαυτῷς
2974 3822 3209 3892 Περιττὴ
3253 3820 3392 3891 αὕτη
3423 3822 3454 3891 ἡ
3491 3822 3637 3874 ἀποο

2043 3912 2217 3981 λογία·
2260 3913 2361 3965 οὐκ
2401 3911 2585 3980 ἀκοῆς
2621 3911 2777 3979 λόγον
2812 3910 3066 3980 ὀφείλεις,
3109 3909 3244 3962 ἀλλά
3296 3909 3641 3977 κατηγορίας

2043 4001 2200 4068 λόγον
2232 4001 2544 4070 χρεωστεῖς.
2570 3998 2739 4051 Ὅταν
2769 3997 2878 4068 γάρ
2908 3996 3165 4060 ἀκούσας,
3195 3998 3254 4050 ού
3288 3999 3545 4069 σιγήσῃς,
3572 3998 3638 4050 οὐ

2043 4088 2144 4157 τῆς
2167 4087 2336 4157 ἀκοῆς
2351 4085 2509 4154 λόγον
2534 4085 2689 4156 μόνον
2712 4084 2967 4154 ὀφείλεις,
2996 4084 3130 4138 ἀλλά
3156 4084 3637 4153 καὶλκατηγορίας.

2057 4178 2151 4229 Ἐκ
2178 4174 2288 4245 γὰρ
2314 4172 2434 4228 τῶν
2454 4173 2650 4242 λόγων
2682 4189 2799 4227 σου
2832 4172 3220 4240 δικαιωθήσῃ,
3256 4173 3410 4241 φησὶ,
3434 4172 3535 4225 καί
3567 4173 3641 4225 ἐκ

2045 4264 2163 4319 τῶν
2193 4266 2390 4335 λόγων
2415 4281 2533 4318 σου
2555 4263 2985 4332 κατακριθήσῃ.
3019 4263 3202 4317 Ταῦτα
3232 4263 3328 4331 οὐχ
3355 4261 3496 4330 ὑπὲρ
3521 4262 3641 4314 τῶν

2046 4352 2231 4416 κακῶς
2278 4351 2603 4412 ἀκουόντων,
2636 4350 2751 4403 ἀλλ’
2798 4350 2940 4420 ὑπὲρ
2981 4349 3091 4403 τῶν
3136 4350 3321 4412 κακῶς
3365 4348 3644 4416 λεγόντων

2045 4438 2297 4502 δεδοικὼς
2342 4439 2484 4506 λέγω
2517 4439 2611 4491 καὶ
2648 4437 3109 4508 διαμαρτύρομαι.
3148 4438 3206 4490 ’0
3256 4435 3354 4505 μὲν
3386 4435 3495 4505 γάρ
3537 4454 3644 4488 κα-

2046 4527 2158 4589 κῶς
2191 4526 2450 4589 ἀκούσας,
2484 4525 2636 4578 οὐδὲν
2668 4524 3030 4595 ὲπηρέασται,
3076 4523 3195 4576 οὐδὲ
3241 4522 3467 4592 έὸλάόη·
3516 4523 3641 4574 ἀλλ’

2044 4614 2110 4668 ἂν
2143 4615 2239 4685 μὲν
2275 4613 2442 4683 ψευδῆ
2541 4613 2610 4666 τὰ
2637 4613 2765 4684 περὶ
2796 4612 2961 4666 αὑτοῦ
2992 4612 3280 4681 λεγόμενα,
3310 4611 3404 4664 xal
3440 4611 3645 4679 μισθὸν

2044 4702 2177 4771 ἔχει·
2242 4701 2309 4754 ἀν
2356 4701 2412 4753 δὲ
2466 4700 2663 4771 ἀληθῆ,
2713 4699 2867 4753 οὐδὲν
2913 4699 3035 4753 οὐδὲ
3083 4698 3256 4762 οὕτως
3298 4698 3641 4768 ὲπηρέασται

2046 4788 2196 4859 παρὰ
2253 4788 2350 4859 τὴν
2408 4787 2504 4859 σὴν
2549 4786 2900 4858 κατηγορίαν.
2944 4786 3077 4840 Ούδὲ
3117 4786 3224 4856 γὰρ
3261 4784 3368 4838 ἀπὸ
3402 4787 3503 4853 τῆς
3537 4789 3647 4856 σῆξ

2044 4875 2310 4946 λοιδορίας
2346 4875 2484 4929 οἴσει
2519 4876 2639 4929 τότε
2684 4874 2781 4944 τὴν
2815 4873 2993 4944 ψῆφον
3033 4874 3180 4945 αύτῷ
3214 4874 3241 4926 ὁ
3274 4872 3528 4936 δικάζων.
3577 4874 3645 4925 Et

2044 4965 2102 5017 δὲ
2155 4964 2260 5035 χρή
2318 4980 2370 5016 τι
2419 4962 2514 5016 καὶ
2552 4961 2866 5031 θαυμαστὸν
2916 4962 3108 5027 είπεῖν,
3168 4962 3261 5014 καὶ
3302 4960 3371 5014 τά
3400 4960 3647 5030 μέγιστα

2045 5052 2291 5124 κερδανεῖ
2311 5052 2570 5119 γενναίως
2592 5051 2773 5120 φέρων
2800 5051 2899 5120 τὴν
2927 5051 3297 5121 βλασφημίαν,
3328 5049 3516 5120 ὥσπερ
3542 5047 3645 5104 οὖν

2045 5141 2137 5193 καὶ
2163 5140 2191 5191 ὁ
2219 5138 2475 5210 τελώνης·
2506 5138 2534 5189 ὁ
2562 5138 2618 5192 δὲ
2640 5137 2824 5201 κακῶς
2848 5137 3043 5207 λέγων,
3069 5139 3133 5192 ἀν
3160 5155 3217 5190 τε
3245 5138 3415 5208 ἀληθῆ
3444 5139 3643 5203 κακῶς

2044 5229 2171 5301 εἴπῃ
2199 5228 2287 5281 τὸν
2318 5226 2561 5295 πλησίον,
2599 5226 2664 5279 τὰ
2695 5226 2925 5296 μέγιστα
2964 5225 3239 5295 ἠδίκηται.
3271 5226 3381 5279 Καὶ
3410 5226 3493 5278 ὅτι
3531 5227 3641 5296 μὲν

2042 5316 2069 5367 ό
2103 5314 2453 5383 συκοφαντῶν
2484 5312 2792 5375 ἀπόλωλεν,
2821 5311 2941 5366 οὐδὲ
2979 5313 3303 5376 ἀποδείξεως
3337 5313 3513 5384 χρεία·
3551 5315 3639 5367 ὅτι

2043 5403 2119 5464 δὲ,
2157 5403 2261 5456 κᾶν
2293 5401 2466 5471 ἀληθῆ
2510 5400 2665 5472 λέγῃ,
2708 5400 3109 5473 φορτικώτερον
3151 5399 3328 5471 έαυτῷ
3375 5404 3524 5455 ποιεῖ
3574 5401 3641 5455 τὸ

2043 5491 2412 5560 δικαστήριον,
2438 5487 2801 5558 ὲκπομπεύων
2826 5487 2923 5551 τὰς
2948 5487 3040 5541 τοῦ
3067 5488 3293 5559 πλησίον
3322 5489 3635 5558 συμφορὰς,

2044 5579 2135 5631 καὶ
2183 5577 2492 5629 σκανδάλων
2549 5574 2722 5637 αἴτιος
2770 5575 3076 5645 γινόμενος,
3106 5574 3142 5629 ἀ
3189 5575 3449 5647 κρύπτειν
3488 5576 3634 5641 δέον,

2043 5667 2399 5723 ἐκκαλύπτων
2445 5667 2638 5729 ἅπασι,
2688 5666 2784 5717 καὶ
2821 5666 3108 5737 κηρύττων
3150 5666 3219 5720 τά
3260 5663 3633 5737 ἁμαρτήματα

2108 5796 2134 5835 ι»
2155 5794 2288 5844 Colb.
2314 5801 2394 5852 τῆς
2418 5797 2538 5851 ζωῆς
2557 5793 2758 5850 ἁπάσης.
