3724 6272
373 221 470 278 191
1088 217 1145 275 S.
1183 216 1462 277 JOANNIS
1509 216 1986 279 CllRYSOSTOMl
2038 216 2354 273 ARCilIEP.
2394 216 2928 274 CONSTANTINOP.

364 333 523 388 etiam
542 340 802 403 quaestum
821 330 979 387 faciet
1003 332 1047 386 si
1076 332 1313 388 convicia
1334 334 1595 403 patienter
1616 333 1774 401 forat,
1797 343 1854 391 ut
1881 334 1950 391 fe-

365 424 437 491 cit
470 424 776 493 publicanus
802 442 813 478 :
838 432 892 477 at
912 423 956 478 is
975 424 1062 493 qui
1096 424 1383 492 maledicit,
1413 439 1506 481 seu
1534 441 1658 480 vera
1681 425 1805 489 sint,
1853 441 1948 480 seu

368 516 524 582 falsa,
557 532 674 588 qua:
700 517 753 570 in
777 516 1078 586 proximum
1104 515 1323 586 coniicit
1367 516 1667 580 maledicta,
1718 518 1950 570 maximo

366 607 566 676 damno
628 607 875 661 afficitur.
931 605 997 660 Et
1051 606 1486 661 Caluumialorcm
1556 607 1767 678 quidem
1824 622 1948 677 per-

361 699 532 765 iisse,
600 698 742 752 nulla
814 707 898 752 est
954 713 1089 768 opus
1136 696 1633 757 demonstratione:
1684 696 1784 751 sibi
1825 712 1949 753 vero

365 791 513 857 illum
555 791 769 863 gravius
812 789 1070 859 judicium
1114 804 1413 852 accerserel
1456 788 1579 846 licet
1616 805 1742 843 vera
1772 788 1944 854 dicat,

362 881 488 943 dum
516 881 758 936 miserias
785 880 1010 951 proximi
1034 880 1290 950 divulgat,
1314 889 1369 935 et
1393 880 1761 935 scandalorum
1813 894 1945 932 cau-

362 989 473 1030 sam
523 973 740 1044 przebet,
773 972 1019 1027 omnibus
1041 987 1105 1027 ea
1147 970 1420 1042 detegens,
1468 986 1585 1040 quae
1632 968 1944 1024 occultanda

358 1066 588 1129 fuerant,
632 1074 686 1120 et
708 1062 932 1135 proximi
963 1071 1174 1137 peccata
1215 1062 1486 1132 pra-dicat,
1537 1061 1785 1115 omnibus
1836 1061 1939 1113 uti—

358 1168 461 1223 que
512 1153 849 1217 manifestum
915 1163 1017 1217 est.
1071 1152 1200 1207 Nam
1238 1153 1281 1207 si
1336 1154 1425 1221 qui
1470 1167 1631 1206 unum
1678 1151 1943 1206 scandali-

358 1246 936 1314 zaverit,inevitabilcs
984 1260 1169 1315 poenas
1215 1243 1380 1309 dabit,
1434 1244 1478 1298 is
1501 1242 1589 1314 qui
1640 1243 1946 1299 innumeros

358 1352 576 1394 rumore
641 1337 782 1392 malo
849 1351 1036 1411 sparso
1078 1335 1437 1401 scandalizat,
1491 1351 1596 1405 quo
1649 1351 1753 1389 nnn
1815 1351 1944 1404 sup-

357 1430 516 1501 plicio
536 1431 830 1500 plectetur?
854 1429 1149 1485 Pharistcus
1170 1430 1312 1485 enim
1330 1444 1433 1485 non
1453 1428 1823 1492 mentiebatur,
1850 1429 1945 1484 sed

358 1537 484 1578 vera
534 1520 764 1583 diccbat,
814 1520 941 1575 dum
1016 1521 1352 1589 publicanum
1403 1521 1626 1574 vocabat
1702 1521 1939 1589 publica-

358 1627 507 1677 num,
539 1621 772 1669 attamen
803 1625 987 1680 poenas
1008 1610 1174 1675 dedit.
1204 1610 1330 1666 lltcc
1360 1611 1518 1681 igitur
1561 1613 1814 1675 scientes,
1865 1611 1944 1666 di-

355 1702 649 1765 lectissimi,
682 1702 1104 1758 maledicentiam
1135 1704 1394 1773 fugiamus
1424 1721 1436 1755 :
1469 1717 1639 1772 neque
1662 1704 1801 1757 enim
1820 1718 1943 1773 gra-

355 1792 472 1847 vius
502 1800 588 1857 est,
613 1792 714 1847 isto
755 1809 853 1848 nec
896 1790 1099 1847 facilius
1144 1804 1435 1861 peccatum.
1465 1792 1602 1857 Quid
1631 1793 1749 1847 ita?
1788 1792 1940 1860 Quod

356 1885 604 1950 celerius,
634 1900 792 1954 quam
820 1884 984 1939 ullum
1014 1884 1155 1938 aliud
1183 1894 1451 1953 peetsatmu
1478 1884 1698 1949 feratur,
1729 1896 1781 1938 et
1809 1900 1935 1939 con-

354 1975 531 2033 festim
553 1991 674 2033 eum
699 1976 786 2047 qui
845 1993 948 2031 non
978 1978 1203 2031 attendit
1230 1977 1474 2046 abripiat.
1506 1977 1636 2032 Nam
1664 1978 1767 2032 alia
1820 1979 1938 2046 qui-

352 2069 473 2124 dem
503 2080 715 2139 peccata
743 2081 981 2137 tempore
1009 2068 1263 2139 indigent,
1293 2078 1345 2123 ct
1395 2068 1656 2138 impensa,
1708 2078 1760 2123 et
1808 2069 1941 2122 dila-

356 2158 520 2224 tione,
544 2167 599 2212 et
624 2157 973 2226 adjuturibus,
1004 2173 1067 2212 ac
1092 2173 1237 2226 saepe
1279 2158 1451 2227 aliqua
1482 2159 1736 2227 temporis
1790 2173 1935 2211 mora

353 2249 829 2319 interrumpuntur.
867 2244 1107 2319 Eretupli
1156 2265 1314 2305 causa
1345 2251 1566 2304 :statuit
1614 2250 1803 2320 aliquis
1853 2252 1933 2304 in-

356 2342 619 2408 terficere,
676 2343 863 2396 statuit
906 2342 1097 2413 aliquis
1142 2342 1326 2409 furari,
1384 2354 1437 2397 et
1476 2342 1648 2397 aliena
1701 2359 1933 2411 rapere:

352 2432 518 2486 multa
548 2446 769 2487 necesse
796 2442 880 2487 est
914 2434 1182 2499 moliatur,
1239 2443 1291 2487 et
1340 2449 1503 2504 smpe,
1564 2434 1688 2488 dum
1736 2434 1932 2499 differt,

350 2521 484 2576 iram
514 2521 685 2589 sedat,
717 2537 744 2575 a
768 2537 930 2592 pravo
976 2532 1167 2578 conatu
1200 2524 1388 2588 resilit,
1421 2525 1736 2579 sceleratam
1791 2526 1933 2580 illam

353 2613 673 2668 sententiam
703 2613 1092 2685 abjicit,neque
1107 2615 1384 2671 consilium
1409 2616 1474 2669 ad
1502 2631 1635 2687 opus
1660 2617 1929 2687 perducit:

350 2712 407 2757 at
432 2703 487 2757 in
514 2703 879 2759 malediccudn
910 2720 1019 2759 non
1044 2707 1115 2761 ita
1144 2706 1220 2772 fit,
1247 2706 1343 2762 sed
1388 2707 1487 2763 nisi
1544 2710 1730 2763 attenti
1781 2709 1935 2764 valde

348 2794 516 2850 simus
543 2810 606 2851 ac
636 2796 839 2866 vigiles,
860 2796 1352 2868 Pacileabripimur:
1394 2810 1447 2855 et
1472 2816 1643 2871 nequc
1673 2810 1933 2871 tempore,

350 2902 523 2958 neque
543 2887 816 2955 dilatione,
841 2905 1013 2959 neque
1042 2889 1302 2959 impensa,
1332 2907 1505 2961 neque
1533 2892 1806 2947 molitione
1839 2908 1933 2945 no-

348 2977 433 3034 bis
469 2979 575 3033 ulla
604 2988 687 3035 est
706 2994 860 3050 epos,
884 2989 942 3036 ut
968 2981 1381 3038 maledicamus:
1410 2982 1503 3038 sed
1527 2984 1721 3038 sufficit
1740 2995 1794 3037 ut
1818 2994 1931 3037 tan-

348 3078 458 3125 tum
490 3070 734 3137 velimus,
765 3081 821 3127 et
861 3072 1040 3126 statim
1064 3073 1311 3128 voluntas
1356 3074 1407 3128 in
1436 3090 1572 3144 Opus
1622 3076 1750 3129 exit.
1807 3077 1931 3131 Sola

345 3160 541 3231 quippe
586 3161 761 3231 lingua
812 3170 894 3217 est
917 3178 1034 3234 quae
1058 3163 1296 3220 inservit.
1323 3164 1549 3234 Quando
1578 3168 1734 3235 igitur
1776 3168 1933 3223 velox

348 3260 433 3308 est
484 3252 726 3321 malum,
783 3260 838 3309 et
884 3253 1042 3310 facile
1101 3270 1202 3310 nos
1245 3257 1594 3311 circumstans
1635 3270 1929 3328 peccatum,

345 3354 402 3400 et
445 3360 605 3416 pana
647 3346 823 3416 gravis
864 3361 928 3402 ac
957 3348 1301 3418 supplicium,
1347 3366 1447 3404 nec
1484 3349 1687 3404 lucrum
1742 3352 1927 3417 ullutn,

346 3453 451 3492 non
522 3454 763 3506 parvum,
816 3455 922 3494 non
962 3456 1233 3511 magnum,
1265 3442 1547 3512 diligenter
1605 3444 1744 3499 hunc
1792 3460 1934 3499 rnor-

342 3530 469 3586 bum
524 3529 787 3601 fugiamus
817 3571 832 3597 ,
884 3539 938 3586 et
975 3532 1153 3588 aliena
1220 3533 1357 3589 mala
1409 3544 1650 3605 legamus
1681 3576 1701 3601 ,
1750 3551 1923 3606 neque

1412 3876 2079 3899 ᾐ-νΨἮΞΞ--μ
2093 3878 2509 3893 ________
2524 3882 2617 3889 .._._

3538 220 3648 277 192

2064 335 2401 403 propalemns
2449 349 2464 385 :
2510 334 2888 388 admoneamus
2913 344 3209 401 peccantes.
3262 343 3315 388 ut
3368 335 3497 389 dicit
3544 338 3649 389 Dn.

2058 427 2233 480 minus
2291 443 2305 480 :
2355 426 2418 479 Si
2459 428 2732 495 peccaverit
2789 427 2840 478 in
2902 436 2949 479 te
3000 431 3157 495 frater
3199 437 3356 491 tuus,
3403 431 3546 493 rude,
3602 443 3653 481 rt

2056 517 2255 586 corripe
2295 534 2405 570 eum
2463 517 2594 569 inter
2637 526 2684 570 te
2740 527 2786 570 et
2844 517 3010 587 ipsum
3063 519 3267 587 solum(
3302 518 3487 570 Matth.
3562 525 3647 574 l8.

2038 606 2188 689 ΑΒ).
2238 607 2416 677 Itaque
2487 619 2685 683 quanto
2734 609 2909 661 minus
2978 607 3136 663 fuerit
3203 609 3409 678 publica
3466 626 3650 680 reprc-

2055 694 2261 763 hensio,
2339 706 2485 752 tanto
2563 697 2772 753 facilius
2836 698 3153 754 medicinam
3192 699 3491 755 adhibebis.
3570 702 3654 756 Ne

2054 786 2392 841 mordeamus
2425 830 2440 852 ,
2500 803 2670 857 neque
2747 789 3059 842 arrodamus
3142 790 3314 843 aliena
3383 792 3649 851 vulnera;

2055 892 2122 933 ne
2165 892 2375 933 muscas
2421 878 2707 944 imitemur,
2755 880 2849 933 sed
2895 894 3024 947 apes
3058 881 3392 934 atmnlemur.
3448 881 3651 935 Musca.-

2054 969 2361 1023 vulneribus
2379 970 2629 1035 insident,
2650 985 2816 1039 eaque
2834 972 3081 1025 mordent
3100 990 3111 1024 :
3130 987 3258 1039 apes
3304 974 3354 1026 itt
3385 974 3545 1028 flores
3566 976 3653 1027 itt—

2053 1061 2251 1115 volaut.
2275 1060 2476 1115 Idcirco
2510 1062 2624 1116 ista:
2653 1061 3150 1124 fnvosconcinnant.
3174 1065 3275 1117 illa:
3293 1066 3507 1121 morbos
3522 1082 3653 1119 cor-

2052 1137 2270 1222 poribus
2295 1153 2568 1218 invehunt,
2589 1154 2779 1223 quibus
2792 1154 3079 1211 insederint
3100 1171 3114 1219 ;
3134 1169 3293 1227 atque
3316 1158 3399 1213 ha:
3423 1157 3647 1225 quidem

2050 1243 2376 1299 detestanda:
2398 1254 2539 1309 sunt,
2565 1246 2670 1299 illm
2691 1261 2817 1300 vero
2830 1246 3085 1301 amabiles
3106 1258 3229 1301 sunt
3245 1258 3299 1301 et
3316 1249 3540 1302 nobiles.
3578 1250 3651 1301 Et

2053 1350 2153 1389 nos
2178 1334 2339 1405 igitur
2372 1335 2627 1389 faciamus
2666 1345 2721 1389 ut
2752 1336 2803 1389 in
2834 1348 3038 1404 pratum
3082 1337 3293 1391 virtutis
3330 1347 3648 1393 sanctorum

2049 1426 2227 1479 anima
2256 1435 2437 1479 nostra
2470 1426 2690 1492 involet,
2713 1437 2766 1481 et
2793 1441 3012 1481 suavem
3049 1438 3192 1482 recte
3222 1426 3481 1483 facturum
3504 1430 3650 1482 odo-

2052 1532 2163 1571 rem
2211 1516 2281 1571 ab
2319 1517 2420 1571 illis
2468 1515 2693 1572 effusum
2732 1518 3026 1573 excitemus
3049 1560 3065 1585 ,
3101 1520 3458 1588 proximat-tun
3508 1537 3651 1575 vero

2048 1609 2266 1661 vulnera
2310 1621 2379 1661 ne
2407 1608 2725 1663 vellicemus
2755 1627 2767 1661 :
2797 1609 3036 1677 quinimo
3075 1610 3119 1663 si
3149 1625 3284 1678 quos
3326 1610 3376 1663 id
3416 1623 3649 1679 agentes

2047 1698 2340 1753 viderimus
2360 1739 2374 1763 ,
2398 1714 2459 1752 os
2490 1698 2594 1753 illis
2619 1700 2958 1753 occludamus
2985 1741 3000 1763 ,
3028 1701 3269 1770 supplicii
3296 1712 3497 1757 metum
3530 1703 3647 1755 ill.s

2046 1791 2377 1861 objiciamus,
2407 1799 2461 1846 et
2485 1792 2817 1860 cognationis
2840 1794 2941 1847 illis
2958 1799 3266 1847 memoriam
3295 1792 3643 1857 refr-iccmus,

2047 1899 2167 1954 quae
2194 1885 2294 1937 illis
2337 1900 2457 1938 cum
2488 1884 2737 1939 fratribus
2767 1885 3063 1943 intercedit.
3092 1886 3244 1952 Quod
3272 1887 3316 1940 si
3361 1886 3491 1939 nihil
3527 1886 3642 1940 ho-

2045 1991 2161 2029 rum
2191 1976 2309 2030 illos
2338 1984 2583 2041 moveat,
2615 1992 2840 2035 muscas,
2866 1978 2991 2031 illns-
3013 1978 3365 2048 appellamus,
3393 1988 3443 2032 ttt
3478 1978 3648 2047 huius

2046 2067 2237 2122 saltem
2264 2067 2634 2136 appellationis
2664 2068 2861 2136 probro
2887 2082 2916 2120 a
2948 2083 3115 2135 pravo
3142 2071 3243 2123 hoc
3283 2069 3521 2122 instituto
3551 2086 3647 2123 rc-

2043 2172 2335 2224 vocentur;
2359 2169 2417 2213 ut
2443 2160 2509 2214 ab
2531 2161 2631 2214 hoc
2656 2160 2826 2214 inutili
2849 2160 2961 2213 otio
2982 2159 3193 2213 abducti
3223 2160 3481 2215 malorum
3508 2178 3647 2213 sun-

2043 2268 2158 2305 rum
2208 2250 2533 2321 inquisitioni
2582 2253 2748 2305 otium
2792 2267 2951 2305 omne
2988 2251 3315 2322 impendant.
3344 2252 3432 2306 Sic
3486 2252 3643 2306 enim

2043 2342 2170 2405 fiet,
2204 2350 2260 2395 ut
2288 2350 2341 2395 et
2385 2342 2471 2411 qui
2512 2341 2644 2410 lapsi
2674 2349 2799 2395 sunt
2827 2350 3103 2410 resurgant
3129 2342 3341 2399 excitati
3371 2347 3645 2396 memoria

2040 2446 2257 2487 suorum
2285 2432 2590 2496 criminum,
2616 2448 2735 2501 qua:
2764 2447 3097 2502 nequaquam
3120 2431 3314 2489 fuerint
3341 2434 3643 2504 divulgata,

2039 2532 2093 2578 et
2119 2523 2210 2593 qui
2246 2523 2459 2592 pr0pria
2499 2523 2637 2577 mala
2665 2538 2875 2592 seraper
2900 2523 3078 2579 animo
3121 2525 3301 2578 secum
3347 2535 3641 2592 reputavco

2038 2616 2171 2683 rint,
2200 2615 2355 2671 facile
2384 2615 2470 2670 illa
2503 2616 2807 2685 deponant,
2839 2631 2901 2670 ac
2928 2625 3265 2685 peccatorum
3295 2631 3512 2670 suorum
3546 2634 3643 2671 re-

2038 2709 2350 2764 cordatione
2388 2708 2456 2762 ad
2487 2709 2588 2762 alia
2634 2710 2885 2777 patranda
2919 2708 3176 2765 tardiores
3222 2710 3550 2775 reddantur,
3581 2721 3643 2767 et

2038 2800 2126 2870 qui
2151 2809 2457 2855 sanctorum
2480 2800 2728 2854 virtutem
2758 2811 3012 2869 perpetuo
3032 2801 3231 2856 fuerint
3257 2804 3637 2872 contemplati,

2038 2890 2227 2959 majori
2268 2890 2383 2944 zelo
2408 2890 2476 2944 ad
2524 2904 2709 2945 eorum
2745 2890 3093 2949 imitationem
3124 2892 3512 2948 incendentur:
3542 2904 3639 2947 at-

2037 2996 2141 3052 que
2165 2981 2249 3037 his
2274 2981 2527 3038 omnibus
2559 2982 2838 3047 efficietur,
2866 2993 2923 3037 ut
2950 2993 3060 3040 toto
3101 2984 3356 3040 Ecclesiae
3398 3000 3642 3053 corpore

2037 3091 2068 3131 a
2097 3077 2247 3132 nobis
2272 3075 2499 3132 feliciter
2528 3078 2838 3143 instaurata,
2862 3091 2982 3131 cum
3023 3078 3123 3132 hoc
3151 3088 3293 3132 coetu
3320 3077 3370 3131 in
3402 3094 3639 3147 regnum

2037 3169 2288 3223 caelorum
2319 3169 2516 3223 intrare
2545 3169 2829 3237 possimus,
2857 3168 2999 3237 quod
3040 3169 3238 3223 utinam
3269 3169 3422 3223 nobis
3452 3170 3637 3223 omni-

2035 3262 2135 3317 bus
2166 3262 2377 3331 aSSequi
2407 3262 2709 3331 contingat,
2740 3263 2910 3331 gratia
2955 3270 3007 3316 et
3049 3262 3371 3332 benignitate
3415 3263 3636 3317 Domini

2036 3354 2204 3409 nostri
2231 3354 2355 3410 Jesu
2384 3354 2603 3419 Christi,
2636 3372 2730 3425 per
2753 3372 2908 3426 quem
2940 3365 3133 3411 etcum
3164 3372 3267 3425 quo
3293 3356 3484 3426 gloria,
3522 3373 3637 3410 una

2034 3461 2157 3501 cum
2184 3446 2385 3516 Spiritu
2412 3456 2621 3515 sancto,
2650 3463 2790 3503 nunc
2818 3459 2873 3504 et
2898 3464 3111 3517 semper
3138 3459 3192 3503 et
3220 3450 3273 3503 in
3305 3448 3499 3503 εςνοιιιοι
3526 3463 3640 3504 sa:-

2036 3538 2301 3594 culorum.
2329 3540 2520 3597 Amen.

1793 4181 1967 4242 MON
1977 4182 2051 4241 IT
2060 4183 2177 4245 ΠΜ

416 4404 566 4477 [19,9]
610 4406 770 4464 Circa
807 4406 1315 4478 interpretationem
1346 4411 1404 4471 in
1430 4410 1728 4481 Danielem,
1754 4430 1876 4485 qum
1902 4413 2277 4482 Chrysostomi
2310 4428 2512 4469 nomen
2539 4411 2874 4481 circumfert,
2909 4424 2965 4470 et
2992 4430 3057 4469 cx
3082 4414 3419 4469 Bibliotheca
3446 4411 3628 4482 Regia

347 4518 675 4575 Scorialensi
718 4520 968 4581 deaumta
1007 4532 1112 4588 est,
1142 4523 1259 4581 lucc
1286 4525 1544 4594 praefatur
1589 4528 1913 4594 Cotclerius,
1961 4530 2053 4600 qui
2102 4530 2246 4584 illam
2280 4530 2429 4599 prior
2459 4530 2630 4591 edidit
2672 4549 2685 4583 :
2741 4549 2759 4581 ι
2794 4530 3180 4599 lnterpretatio
3226 4528 3282 4582 in
3330 4527 3623 4583 Danielum

341 4636 519 4709 prima
544 4636 733 4693 fronte
762 4637 1039 4708 plerisque
1072 4638 1287 4693 videtur
1315 4641 1679 4711 supposititia,
1716 4645 1810 4713 qui
1854 4644 2043 4700 forsan
2070 4661 2136 4699 ac
2164 4646 2360 4699 merito
2404 4644 2658 4699 solennes
2703 4646 2823 4700 illas
2885 4646 3198 4717 doxologias
3218 4687 3233 4710 ,
3286 4654 3621 4700 consuetam

340 4756 787 4827 perspicuitatem
816 4758 1057 4832 aliasque
1085 4760 1346 4818 librorum
1374 4764 1564 4819 melliti
1597 4763 1771 4820 Patris
1803 4765 1957 4822 dotes
1992 4767 2378 4823 desiderabant
2416 4784 2481 4824 ac
2520 4768 2819 4840 requirent.
2854 4767 3181 4823 Incredibile
3216 4774 3366 4821 certe
3400 4781 3627 4819 memo-

341 4879 467 4925 ratu
504 4888 679 4942 quam.
697 4872 958 4946 pleraque
980 4878 1165 4933 omnia
1192 4878 1283 4936 hic
1303 4889 1397 4935 aut
1419 4880 1765 4952 imperfecta,
1795 4892 1891 4939 aut
1920 4884 2271 4953 perturbata,
2291 4885 2577 4955 magisque
2599 4894 2805 4941 tentata
2832 4900 2996 4954 quam
3032 4890 3302 4954 perorata,
3334 4880 3627 4951 epitomcs

340 4988 675 5060 deniqueao
710 4993 1019 5065 eclogarum
1052 4997 1399 5066 praeferentia
1451 5003 1715 5072 speciem.
1747 5002 1951 5058 Verum
1993 5013 2195 5069 tamen,
2233 5014 2292 5059 ut
2330 5004 2382 5059 id
2414 5006 2559 5075 quod
2589 5022 2677 5060 res
2722 5005 2887 5059 habet
2916 5004 3115 5067 dicam,
3157 5002 3299 5056 inter
3346 5008 3625 5054 centones

340 5102 544 5159 ardens
564 5120 806 5176 purpura
835 5110 1043 5176 elucet;
1074 5112 1131 5166 in
1157 5115 1389 5171 turbidis
1423 5118 1613 5173 rivulis
1659 5120 2027 5191 limpidissimi
2072 5122 2238 5177 fontis
2282 5139 2437 5178 vena:
2478 5122 2804 5181 scaturiunt.
2850 5119 3028 5187 Quare
3073 5120 3145 5173 ita
3183 5133 3403 5181 censeo,
3434 5118 3622 5189 Chry-

339 5223 669 5285 sostomum,
689 5234 852 5288 quem
872 5220 926 5275 in
959 5222 1266 5280 universam
1298 5226 1633 5299 Scripturam
1665 5234 2086 5289 commentarios
2113 5236 2396 5307 scripsisse
2433 5237 2670 5307 prodidit
2696 5237 3015 5307 antiquitas,
3048 5236 3277 5305 hujusue
3310 5235 3481 5304 prolis
3513 5250 3621 5304 pa—

338 5340 476 5388 trem
502 5347 625 5389 esse
661 5333 801 5390 :sed
833 5335 979 5401 illam
1022 5338 1123 5408 pie
1153 5342 1459 5411 expositam
1484 5346 1541 5400 in
1569 5362 1664 5403 eas
1691 5348 1947 5413 incidisse
2002 5368 2215 5420 manus,
2249 5369 2369 5424 quae
2419 5354 2475 5409 in
2530 5354 2769 5410 tollenda
2818 5370 3010 5424 parum
3060 5368 3241 5423 operae
3290 5353 3615 5422 posuerint;

338 5459 515 5515 eoque
542 5444 746 5502 factum
774 5449 1233 5519 quodinﬁcianda
1262 5459 1474 5527 parenti
1503 5460 1717 5517 soboles
1741 5474 2023 5533 appareat.
2063 5487 2081 5519 ι

407 5560 613 5619 Verum
637 5574 787 5622 certe
812 5577 915 5636 est,
949 5570 1006 5626 in
1040 5579 1153 5629 tam
1184 5576 1386 5645 hiulca,
1424 5592 1533 5635 tam
1568 5583 1817 5655 strigosa,
1867 5597 1975 5643 tam
2014 5592 2400 5661 compendiosa
2446 5592 2776 5659 narratione,
2833 5592 3049 5661 qualem
3104 5590 3197 5645 hic
3241 5606 3433 5645 omnes
3462 5588 3611 5643 haud

338 5676 501 5735 dubie
526 5679 960 5743 animadversuri
1007 5698 1154 5760 sunt,
1184 5693 1391 5765 aliquot
1416 5695 1672 5756 dictionis
1702 5699 2073 5772 Cbrysostomi
2114 5706 2344 5778 vestigia
2388 5722 2729 5778 comparere,
2778 5706 2942 5761 verba
2978 5705 3080 5775 ipsi
3116 5704 3403 5758 familiaria
3443 5718 3615 5756 usur-
