3734 6278
347 286 449 344 197

342 402 452 455 τὸν
496 392 838 461 ὀνειδισμὸν
870 392 978 447 τοῦ
1015 392 1296 461 Χριστοῦ.
1340 391 1449 446 Kal
1495 391 1665 445 ἔθετο
1694 388 1922 455 Δανιὴλ

341 502 411 555 ἑν
440 499 517 568 τῇ
547 497 759 567 καρδίᾳ
787 495 971 549 αὑτοῦ
996 494 1083 564 μὴ
1113 494 1513 564 άλισγηθῆναι
1544 506 1570 533 ι
1596 493 1665 545 έν
1687 490 1761 559 τῇ
1786 506 1922 558 τρα-

344 604 489 673 πέζῃ
526 602 634 657 τοῦ
677 598 1007 666 βασιλέως,
1046 598 1146 652 καὶ
1180 599 1250 652 ἐν
1281 596 1361 663 τῷ
1391 598 1534 663 οϊνῳ
1578 596 1685 650 τοῦ
1736 595 1921 647 πότου

342 704 554 771 αὐτοῦ,
586 706 682 761 καὶ
720 705 945 773 ἠξίωσε
978 704 1085 757 τὸν
1126 702 1586 771 ἀρχιευνοῦχον,
1636 700 1798 762 ὅπως
1833 697 1920 767 μὴ

343 810 667 882 ἁλισγηθῇ.
721 810 831 864 Kal
878 809 1098 862 ἔδωκεν
1144 811 1177 862 ό
1230 808 1370 874 Θεὸς
1415 806 1523 861 τὸν
1566 804 1788 872 Δανιὴλ
1836 806 1923 868 είς

344 920 523 972 ἔλεον
551 915 649 969 καὶ
677 916 765 978 είς
811 912 1117 981 οίκτιρμόν
1147 910 1404 965 ἐνώπιον
1434 912 1541 965 τοῦ
1570 908 1920 979 ἀρχιευνού-

343 1040 475 1093 χου.
514 1021 653 1091 Ὅρα
680 1018 866 1071 τοῦτον
906 1016 1140 1087 ἄρχοντα
1174 1016 1282 1069 τῶν
1330 1014 1568 1084 ἀγαθῶν.
1609 1012 1797 1078 Οὐτως
1825 1014 1923 1066 αὐ-

339 1125 495 1180 τόθεν
549 1123 851 1192 ἐνέφαινεν,
878 1122 959 1175 ὅτι
1006 1121 1179 1192 μέγας
1214 1138 1296 1183 τις
1339 1116 1407 1191 ἦν
1455 1120 1549 1172 καὶ
1587 1119 1917 1190 Θαυμαστὸς.

343 1230 542 1283 Τοῦτον
587 1229 695 1299 γάρ
729 1226 804 1298 τῶ
853 1226 1083 1298 βελτίονι
1139 1225 1295 1278 καλεί
1324 1224 1567 1295 ὀνόματι.
1598 1225 1686 1277 Ἐν
1729 1219 1809 1287 οἷς
1863 1223 1919 1275 δέ

342 1333 562 1387 δυνατδν
624 1328 712 1402 ἦν,
762 1331 853 1384 τὸν
903 1329 1066 1400 νόμον
1111 1328 1427 1395 ἐφύλαττεν.
1460 1327 1556 1391 Τίς
1608 1328 1673 1381 ἂν
1706 1327 1915 1398 ἕτερος,

342 1438 461 1491 εἰπέ
497 1456 606 1507 μοι,
661 1437 874 1506 μίασμα
918 1431 1055 1487 εἶναι
1090 1433 1309 1503 ἐνόμισε
1352 1433 1451 1503 τὴν
1499 1432 1778 1504 τράπεζαν
1818 1431 1917 1502 τὴν

346 1542 666 1612 βασιλικήν;
706 1540 849 1611 Ὀρα
880 1540 1042 1592 αὐτόν
1072 1539 1135 1592 ἐκ
1167 1537 1469 1609 προοιμίων
1516 1536 1718 1599 εὐθέως
1766 1532 1916 1607 [204]

343 1648 749 1718 ἐνδεικνύμενον
788 1646 886 1716 τὴν
927 1643 1264 1713 φιλοσοφίαν.
1310 1642 1419 1696 Kal
1459 1641 1705 1709 ἠξίωσε,
1762 1646 1917 1714 φησὶ,

340 1754 449 1806 τὸν
471 1750 927 1820 ἀρχιευνοῦχον,
965 1747 1123 1814 ὅπως
1158 1746 1245 1817 μὴ
1281 1743 1603 1815 άλισγῃθῇ.
1629 1746 1770 1817 Ὅρα
1802 1746 1920 1810 πῶς

342 1859 490 1910 ἐστιν
543 1854 882 1923 ἀφιλότιμος.
951 1852 1063 1904 Οὐκ
1100 1848 1272 1913 εἶπεν,
1308 1851 1389 1903 ὅτι
1431 1850 1544 1922 Τὴν
1587 1850 1766 1922 ψυχήν
1819 1868 1918 1921 μου

338 1960 515 2025 δώσω,
547 1957 662 2010 ἁλλ’
690 1956 940 2025 ἠξίωσεν,
974 1957 1021 2008 εί
1051 1953 1297 2020 δυνατὸν,
1328 1953 1529 2008 λαθεῖν.
1550 1954 1707 2017 Τίνος
1736 1954 1920 2007 ἕνεκεν

337 2062 754 2134 φιλοτιμοῦμαις
800 2060 950 2131 φησί.
986 2059 1121 2114 Ἀλλ’
1151 2060 1247 2128 οὐχ
1280 2061 1308 2111 6
1341 2059 1539 2129 Ἰωσὴφ
1572 2057 1768 2122 οὕτως,
1801 2057 1919 2110 οὐδὲ

339 2166 598 2234 Μωῡσῆς.
630 2166 695 2217 Τί
738 2160 863 2227 οῦνς
905 2163 1127 2216 ἐκείνων
1156 2160 1659 2231 καταγνωσόμεθα;
1700 2161 1791 2231 Μὴ
1823 2160 1919 2228 γέ-

341 2285 516 2323 νοιτο·
550 2270 609 2321 οὐ
643 2269 748 2339 γὰρ
801 2268 995 2338 ᾔδεσαν
1026 2266 1053 2319 ὃ
1085 2266 1137 2318 τί
1182 2282 1311 2318 ποτε
1354 2260 1442 2335 ἦν.
1486 2263 1652 2319 Οὔπω
1698 2263 1807 2334 γὰρ
1850 2259 1919 2334 ἦν

340 2374 482 2428 κατὰ
527 2374 619 2426 τὸν
666 2373 827 2443 νόμον
878 2371 1209 2441 παραίτησις
1251 2369 1361 2423 τῶν
1408 2367 1733 2439 βρωμάτων.
1777 2369 1919 2436 Ὅρα

340 2480 500 2534 αὐτὸν
540 2480 632 2532 καὶ
659 2478 947 2548 ἐλέγχοντα
990 2477 1084 2530 καὶ
1130 2474 1543 2545 φιλοσοφοῦντα,
1581 2472 1675 2527 καὶ
1718 2474 1775 2525 ἐν
1807 2473 1918 2533 τοῖς

343 2586 593 2654 σμικροῖς
639 2581 1045 2651 ἐνδεικνύμενον
1090 2579 1187 2650 τὴν
1230 2577 1570 2647 φιλοσοφίαν.
1629 2574 1737 2629 Kal
1782 2574 1918 2644 ὅπερ

340 2687 522 2754 ἐλεγον
567 2688 615 2739 οἱ
664 2685 967 2746 ἀπόστολοι,
1023 2682 1215 2736 Ταῦτα
1252 2682 1373 2735 ἔδει
1405 2681 1610 2749 πρόσω
1638 2678 1914 2747 ποιῆσαι,

341 2791 586 2844 κάκεῖνα
612 2788 697 2858 μὴ
718 2789 972 2857 ἀφεῖναι.
993 2785 1177 2839 Ταῦτα
1209 2785 1265 2837 δέ
1291 2786 1577 2857 ἔπραττεν,
1603 2785 1703 2837 οὐκ
1730 2783 1917 2854 ἐπειδὴ

341 2896 664 2949 εἰδωλόθυτα
700 2891 790 2966 ἦν,
822 2892 935 2946 ἀλλ’
967 2892 1151 2960 ἐπειδὴ
1182 2890 1537 2962 κεκωλυμένα
1565 2890 1670 2943 ὐπὸ
1707 2889 1800 2944 τοῦ
1831 2889 1917 2943 νό-

344 3019 443 3072 μου
467 2997 554 3073 ἦν.
584 3000 706 3062 Πῶς
755 2995 846 3052 οὖν
897 2997 1145 3059 ἕπεισεν;
1190 2997 1328 3066 Ὅρα
1363 2996 1480 3059 πῶς
1522 2996 1725 3059 εὐθέως
1760 2994 1915 3048 ἔλυσέ

342 3125 424 3161 σοι
456 3107 553 3178 τὴν
579 3106 831 3178 ἀπορίαν.
859 3103 1102 3165 ΙἜδωκε,
1132 3104 1286 3172 φησί,
1317 3106 1349 3156 ὀ
1384 3101 1527 3169 Θεὸς
1557 3104 1663 3156 τὸν
1692 3102 1916 3169 Δανιὴλ

342 3214 427 3277 εἰς
462 3212 637 3265 ἔλεον
672 3209 769 3263 καὶ
797 3210 884 3274 είς
922 3207 1223 3276 οίκτιρμδν
1250 3206 1505 3260 ἐνώπιον
1538 3206 1643 3261 τοῦ
1677 3206 1916 3276 ἀρχισυ-

340 3317 587 3385 νούχου.
626 3313 796 3367 Τοῦτο
829 3313 922 3366 καὶ
958 3312 1049 3365 ἐπὶ
1087 3309 1178 3364 τοῦ
1214 3312 1411 3381 Ἰωσὴφ
1447 3310 1667 3379 γέγονεν
1689 3326 1703 3341 ’
1756 3311 1918 3363 κάκεῖ

340 3422 547 3493 ἠλεήθη
582 3420 779 3490 Ἰωσὴφ
821 3420 913 3472 καὶ
940 3418 1100 3490 χάριν
1140 3409 1296 3488 εὗρεν
1331 3417 1423 3469 ἐπὶ
1458 3415 1553 3469 τοῦ
1588 3415 1915 3487 άρχιμαγεί-

344 3544 469 3598 ρου·
507 3524 645 3595 πλὴν
686 3524 985 3594 ἀμφότεροι
1034 3521 1228 3586 δοῦλοι,
1260 3522 1351 3573 καὶ
1389 3521 1445 3572 ἐν
1471 3520 1698 3583 οἰκείαις
1835 3520 1913 3571 οἰ-

342 3627 508 3698 κίαις]
545 3626 927 3697 βαρϐαρικαῖς,
962 3624 1074 3678 Kal
1106 3623 1215 3694 γάρ
1253 3617 1317 3693 ἦν
1349 3622 1516 3684 ὅντως
1557 3621 1716 3674 ἱκανὰ
1756 3619 1914 3674 ἐκλῦ-

344 3751 431 3785 σαι
462 3731 486 3769 ¹¹
518 3733 607 3784 τὸν
635 3731 806 3801 θυμὸν
836 3729 930 3783 τοῦ
964 3729 1227 3799 βασιλέως
1264 3727 1332 3781 τὰ
1364 3726 1644 3797 εἰρημένα.
1703 3726 1767 3778 Τί
1827 3726 1906 3778 λέ·

341 3852 491 3903 γεις;
542 3836 709 3906 ἐναγῆ
750 3834 848 3905 τὴν
880 3831 1160 3903 τράπεζαν
1194 3829 1481 3900 ὀνομάζεις
1523 3823 1661 3881 εἶναι
1695 3829 1792 3900 τὴν
1824 3828 1911 3881 δε-

342 3944 639 4012 σποτικήν;
681 3938 1065 4011 καθαρώτερος
1103 3938 1234 4007 ἡμῖν
1275 3935 1438 3998 αὐτὸς
1470 3935 1777 4005 άνεφάνης;
1811 3934 1911 3989 οὐκ

338 4043 504 4110 οἶδας,
536 4047 617 4099 ὅτι
650 4044 737 4097 διὰ
763 4043 918 4097 τοῦτο
946 4043 1040 4096 καὶ
1072 4040 1318 4110 γλῶτταν
1344 4038 1436 4092 καὶ
1464 4038 1765 4109 γράμματα
1816 4054 1912 4110 με-

340 4151 619 4223 μαθήκατε
662 4145 967 4211 Χαλδαῖκὰ,
1005 4146 1091 4198 ἴνα
1134 4145 1270 4214 πρὸς
1297 4142 1400 4215 τὴν
1428 4142 1701 4215 ἡμετέραν
1741 4160 1911 4213 μετα-

338 4258 498 4327 στῆτε
513 4254 666 4319 τάξιν
690 4272 705 4319 ;
736 4252 908 4306 Πόθεν
930 4251 974 4304 δ’
1006 4249 1141 4313 ὅλως
1170 4249 1330 4302 αὐτὸν
1346 4247 1542 4320 ᾐδέσθη
1570 4250 1599 4301 6
1627 4247 1907 4316 εὐνοῦχος;

336 4363 410 4415 Τὸ
437 4360 647 4413 παιδίον
692 4355 1164 4423 εὐκαταφρόνητον
1191 4348 1282 4423 ἧν,
1313 4350 1675 4421 αἰχμάλωτον.
1707 4349 1769 4402 Εἰ
1802 4349 1910 4421 γὰρ

336 4469 427 4521 καὶ
452 4465 726 4534 αἰδέσιμος
756 4460 843 4534 ἢν,
885 4459 999 4514 ἀλλ’
1033 4460 1062 4511 6
1095 4456 1336 4518 κίνδυνος
1375 4455 1475 4508 οὐκ
1514 4454 1600 4508 εἴα
1634 4454 1909 4525 αἰδέσιμον

336 4569 497 4623 αὐτὸν
527 4566 779 4635 φανῆναι.
811 4563 909 4616 Διὰ
934 4560 1042 4632 γάρ
1079 4558 1234 4613 τοῦτο
1288 4556 1479 4617 εἰπὼν,
1530 4557 1612 4610 ὅτι
1645 4558 1910 4611 Ἔδωκεν

335 4671 521 4727 αὐτὸν
558 4672 644 4735 είς
691 4670 888 4731 ἔλεον,
940 4666 1087 4733 λέγει
1133 4662 1203 4716 τὰ
1248 4665 1467 4734 ῥήματα
1509 4658 1602 4714 τοῦ
1654 4660 1906 4731 εὐνούχου

335 4779 427 4832 καί
459 4778 549 4830 τὸν
580 4775 740 4829 πάλιν
774 4784 795 4811 ο
843 4771 1024 4842 φόϐον.
1056 4768 1215 4834 Πῶς;
1249 4766 1363 4820 Οὐκ
1394 4761 1463 4838 ἦν
1491 4764 1733 4830 δυνατὸν,
1773 4764 1909 4818 ἀλλὰ

335 4879 732 4950 κεκωλυμένον,
776 4878 824 4929 εἰ
877 4874 952 4946 μὴ
988 4873 1191 4927 ἄνωθεν
1222 4872 1379 4942 χάρις
1407 4870 1584 4924 πάντα
1614 4866 1903 4940 ᾠκονόμει.

334 4986 440 5040 Καὶ
478 4981 606 5037 εἷπε
640 4980 860 5048 Δανιὴλ
890 4977 1039 5046 πρὸς
1067 4976 1411 5045 Ἀμελασίιρ,
1435 4974 1507 5028 δν
1533 4973 1908 5040 κατέστησεν

334 5092 366 5141 ό
406 5085 840 5155 ἀρχιευνοῦχος
870 5082 966 5135 ἐπὶ
1000 5078 1244 5145 Δανιὴλ,
1288 5078 1580 5139 Ἀνανίαν,
1617 5075 1901 5143 Ἀζαρίαν,

333 5191 427 5243 καί
460 5188 738 5255 Μισαήλ·
804 5183 1103 5251 Πείρασον
1148 5180 1224 5248 δὴ
1281 5179 1421 5244 τοὺς
1474 5177 1733 5244 δούλους
1789 5193 1904 5231 σου

393 5361 416 5388 ⁸
444 5357 543 5406 Hoc
562 5354 765 5404 verbum
811 5353 1053 5403 interdum
1096 5350 1293 5399 videtur
1313 5349 1578 5399 deductum
1601 5348 1661 5397 ab
1702 5350 1819 5405 ἃλις,
1856 5351 1904 5399 id

330 5417 640 5480 eslaITulim.
684 5430 794 5483 quae
835 5417 967 5483 eni_m
1010 5418 1296 5483 su_pp_elunl.
1338 5412 1696 5483 desPiniuntur,
1744 5424 1904 5473 eoque

331 5472 556 5545 palluére
601 5472 954 5545 q'updammodo
995 5472 1344 5545 ειιῐεὶίιηειιιιις
1372 5472 1677 5545 ςέίιεεεςᾱιεεη
1710 5485 1737 5520 a
1773 5485 1904 5545 face

332 5533 455 5599 ἃλις,
479 5555 588 5601 quae
609 5533 759 5590 ialem
804 5546 857 5587 et
878 5534 1142 5601 convictum
1183 5536 1425 5601 signiﬁqu
1463 5533 1905 5601 VAideAHesychjum

330 5618 388 5655 ac
410 5594 621 5651 Siliilam.
652 5603 759 5649 Pari
779 5603 966 5649 ratione
989 5594 1559 5650 ἴοι-πηιιιιιὶτυναλίζεσθαι
1582 5599 1686 5643 Act.
1714 5594 1759 5649 1,
1796 5598 1838 5642 4.

390 5663 421 5704 ι
454 5663 693 5712 Ἐκλῦσαι.
726 5664 868 5712 l'orle
895 5660 1014 5709 nihil
1037 5666 1113 5707 est
1148 5658 1444 5705 mutandum.
1476 5656 1619 5704 Forte
1642 5656 1903 5718 legendum

329 5725 542 5779 ϋκύσαι,
568 5728 661 5773 Iovi
686 5739 738 5771 ac
759 5738 854 5771 mm
880 5725 987 5771 inso
1009 5724 1074 5769 ita
1099 5721 1369 5771 litterarum
1396 5717 1717 5767 traductione;

389 5788 418 5818 ι’
440 5785 572 5847 Lt-gc
593 5786 753 5834 πολύν.
790 5788 910 5836 Dan.
947 5799 977 5844 ί,
1002 5783 1075 5831 10.

1024 277 1084 333 S.
1123 273 1410 333 JOANNIS
1446 269 1936 330 CHRYSOSTOMI
1973 268 2296 328 ARCHIEP.
2334 270 2880 330 CONSTANTINOP.

3497 274 3609 332 {98

2027 388 2253 456 ’ἡμέρας
2298 387 2466 457 δέκα,
2506 391 2604 445 καὶ
2642 391 2916 446 δότωσαν
2949 391 3094 461 ἡμῖν
3120 389 3236 447 ἀπὸ
3268 389 3388 445 τῶν
3416 405 3604 463 σπερσ

2020 491 2227 559 μάτων
2249 492 2360 563 τῆς
2398 495 2533 564 γῆς,
2563 495 2661 549 καί
2706 497 3010 566 φαγόμεθα
3037 496 3089 563 ά,
3135 496 3235 550 καὶ
3266 496 3423 565 ὕδωρ
3469 499 3605 553 πιό-

2018 598 2171 665 μεθα
2190 612 2204 626 ·
2268 597 2366 650 καὶ
2435 598 2794 665 ὀφθήτωσαν
2861 599 3119 653 ἐνώπιόν
3165 616 3283 654 σου
3338 603 3399 654 αι
3454 601 3606 655 ἰδέαι

2023 699 2211 768 ἡμῶν,
2246 700 2344 753 καὶ
2376 704 2435 754 al
2476 702 2621 756 ἰδέαι
2651 701 2770 756 τῶν
2790 703 3116 771 παιδαρίων
3135 702 3253 755 τῶν
3274 703 3607 757 ἐσθιόντων

2021 804 2137 871 τὴν
2189 804 2479 872 τράπεζαν
2519 807 2625 860 τοῦ
2674 808 3009 874 βασιλέως·
3056 808 3156 860 καὶ
3191 808 3273 875 ὡς
3300 808 3408 862 ἐὰν
3443 809 3601 877 ἴδῃς,

2022 912 2286 980 ποίησον
2321 912 2470 981 μετὰ
2499 914 2618 967 τῶν
2654 914 2882 968 παίδων
2909 931 3047 969 σου.
3087 915 3196 968 Kal
3236 914 3610 981 εἰσήκουσεν

2020 1017 2224 1081 αὐτὸν,
2270 1018 2368 1070 καὶ
2415 1019 2735 1087 ἐπειρασεν
2760 1019 2978 1085 αὐτοὺς
3030 1019 3253 1087 ἡμέρας
3285 1018 3449 1073 δέκα.
3492 1022 3606 1075 Kal

2017 1126 2167 1191 μετὰ
2212 1122 2276 1177 τὸ
2326 1124 2501 1192 τέλος
2551 1126 2669 1178 τῶν
2706 1125 2852 1179 δέκα
2899 1123 3132 1194 ἡμερῶν
3180 1124 3501 1194 ὠράθησαν
3546 1131 3609 1181 al

2031 1228 2180 1281 ἰδέαι
2248 1229 2448 1282 αὐτῶν
2501 1231 2734 1299 ἀγαθαὶ,
2795 1232 2893 1285 καί
2948 1233 3119 1286 αὐτοὶ
3182 1232 3420 1302 ἰσχυροί
3475 1232 3610 1297 ταῖς

2021 1332 2242 1398 σαρξὶν
2265 1332 2417 1402 ὑπὲρ
2442 1334 2514 1386 τὰ
2540 1333 2817 1402 παιδάρια
2841 1334 2913 1388 τὰ
2943 1336 3226 1390 ἐσθίοντα
3253 1335 3368 1404 τὴν
3393 1337 3612 1404 τράπε-

2020 1435 2126 1496 ζαν
2149 1436 2255 1491 τοῦ
2280 1438 2609 1504 βασιλέως.
2652 1438 2827 1508 Πολλὴ
2853 1439 3007 1511 [205]
3040 1441 3074 1512 ἡ
3102 1440 3405 1513 παρρησία,
3447 1441 3613 1510 μεγί-

2022 1557 2120 1612 στη
2152 1543 2184 1612 ἠ
2224 1542 2525 1612 προθυμία,
2554 1543 2722 1613 πολλὴ
2762 1546 2793 1614 ἡ
2831 1544 3067 1607 σύνεσις,
3097 1545 3364 1616 μεγάληὴ
3394 1546 3605 1609 πίστις.
3650 1608 3655 1611 _

2020 1648 2318 1714 Πείρασον
2363 1649 2504 1713 τοὺς
2546 1648 2764 1714 παῖδας
2815 1664 2932 1702 σου
2978 1649 3202 1719 ἡμέρας
3257 1650 3423 1704 δέκα.
3468 1648 3607 1705 Εἶτα

2021 1751 2109 1803 ἴνα
2141 1752 2215 1821 μὴ
2257 1753 2483 1822 νομίσῃς
2508 1754 2605 1823 τῆς
2634 1753 2846 1822 φύσεως
2876 1755 2983 1808 τῶν
3018 1758 3346 1826 σπερμάτων
3372 1754 3511 1810 εἶναι
3540 1758 3608 1811 τὸ

2020 1856 2247 1928 φαιδρὸν
2279 1857 2374 1910 τοῦ
2427 1858 2742 1930 προσώπου,
2774 1861 2875 1932 ὅρα
2904 1861 2968 1934 δὴ
2998 1861 3143 1932 ὓδωρ
3175 1863 3235 1916 τὸ
3266 1864 3341 1934 μὴ
3377 1864 3605 1935 τρέφον.

2020 1960 2130 2015 Καὶ
2167 1962 2265 2032 οὐχ
2301 1963 2487 2027 ἁπλῶς
2537 1964 2793 2030 εὐπαθεῖς
2832 1966 3130 2039 ἐφάνησαν,
3173 1966 3311 2021 ἀλλὰ
3359 1968 3452 2022 καὶ
3490 1969 3607 2022 τῶν

2019 2065 2395 2121 ἀπολαυόντων
2416 2068 2515 2139 τῆς
2539 2069 2817 2141 τραπέζης
2844 2074 2943 2141 τῆς
2972 2071 3259 2142 βασιλικῆς
3280 2073 3610 2125 εὐπαθέστε-

2024 2189 2123 2242 ροι.
2151 2173 2273 2225 ’Ότι
2307 2172 2361 2226 δὲ
2403 2176 2542 2245 κρέα
2570 2177 2664 2229 καὶ
2703 2173 2842 2241 οἶνος
2876 2179 3091 2232 πάντων
3145 2179 3342 2249 μᾶλλον
3374 2181 3607 2250 τρέφειν

2019 2278 2196 2340 εἴωθε,
2241 2282 2401 2334 παντὶ
2430 2281 2585 2352 δῆλόν
2620 2285 2754 2338 ἐστι.
2790 2283 2933 2357 Ὅρα
2962 2287 3025 2338 ἐκ
3063 2274 3362 2357 προοιμίων
3396 2286 3606 2350 εὐθέως

2017 2382 2115 2453 τὴν
2139 2383 2479 2439 ἐπανθοῦσαν
2508 2387 2669 2458 χάριν
2702 2388 2768 2441 ἐκ
2792 2389 2888 2458 τῆς
2912 2391 3283 2461 προαιρέσεως
3321 2391 3426 2444 τῶν
3463 2391 3604 2444 παίω

2017 2487 2143 2555 δων,
2178 2486 2319 2561 [καὶ]
2368 2492 2435 2544 ἐκ
2490 2491 2590 2562 τῆς
2635 2492 2857 2563 χάριτος
2903 2493 2997 2546 τοῦ
3046 2494 3201 2547 Θεοῦ.
3242 2495 3305 2547 Ἥ
3360 2495 3459 2564 μὲν
3486 2497 3606 2566 γὰρ

2020 2593 2339 2665 προαίρεσις
2382 2596 2447 2649 ἐκ
2485 2596 2578 2650 τοῦ
2618 2598 2693 2668 μὴ
2752 2598 2996 2669 θελῆσαι,
3044 2602 3076 2671 ἡ
3124 2600 3182 2653 δὲ
3213 2601 3371 2671 χάρις
3401 2603 3463 2654 ἐκ
3500 2601 3604 2655 τοῦ

2017 2700 2331 2771 δυνηθῆναι.
2373 2701 2485 2755 Kal
2519 2703 2895 2770 όφθήτωσαν,
2945 2706 3098 2775 φησὶ,
3153 2705 3407 2759 ἐνώπιόν
3452 2722 3603 2761 σου.

2018 2807 2108 2860 Σοὶ
2137 2808 2236 2879 τὴν
2277 2807 2458 2879 κρίσιν
2485 2809 2868 2879 ἐπιτρέπομεν.
2910 2810 3104 2881 Κούφη
3133 2811 3190 2865 δέ
3227 2813 3320 2865 καὶ
3350 2812 3606 2884 εὐμαρὴς

2015 2913 2048 2982 ἠ
2086 2911 2264 2982 χάρις·
2292 2910 2381 2964 διὰ
2408 2911 2517 2965 τῶν
2563 2913 2903 2983 πραγμάτων
2948 2914 3269 2986 πιστὼθητι.
3308 2915 3448 2985 Ἐγὼ
3491 2920 3603 2990 μὲν

2016 3017 2125 3090 γάρ
2154 3014 2269 3071 οῖδα
2301 3018 2519 3087 σαφῶς·
2561 3018 2655 3071 καὶ
2684 3019 2790 3088 πρὸ
2818 3018 2909 3072 τοῦ
2935 3020 3120 3085 τέλους
3159 3022 3258 3075 οὐκ
3300 3023 3606 3090 ἀποφαίνο-

2019 3142 2140 3196 μαι,
2172 3122 2260 3177 an:
2295 3125 2375 3177 σέ.
2412 3126 2552 3195 Ὅρα
2587 3124 2702 3188 πῶς
2737 3124 2832 3179 καὶ
2870 3126 2994 3189 τοὺς
3019 3127 3237 3191 οἰκέτας
3277 3128 3604 3185 ἐπαίδευσεν

2017 3227 2243 3292 εὐθέως,
2273 3228 2369 3281 καὶ
2402 3228 2659 3294 ἐδίδαξεν,
2686 3230 2767 3283 ὅτι
2796 3229 3038 3299 φιλόθεός
3070 3231 3154 3295 τίς
3178 3232 3344 3285 ἐστιν.
3368 3232 3476 3285 Kal
3495 3234 3605 3304 οὐχ

2017 3330 2222 3396 ἁπλῶς,
2246 3331 2381 3385 Μεθ’
2417 3332 2594 3403 ἡμῶν,
2644 3333 2798 3403 φησὶ,
2832 3333 3075 3403 ποίησον,
3104 3333 3258 3397 ἀλλὰ,
3287 3335 3445 3388 Μετὰ
3476 3332 3606 3387 τῶν

2014 3435 2244 3489 παίδων
2272 3450 2410 3489 σουο
2446 3436 2542 3489 καὶ⁵
2565 3436 2866 3507 ἀρχόμενος
2892 3436 3064 3501 οὕτως
3085 3437 3237 3507 ἔλεγε
3257 3455 3271 3468 ·
3298 3440 3606 3506 Πείρασον

2014 3540 2159 3606 τοὺς
2194 3540 2414 3607 παῖδας
2449 3556 2585 3595 σου.
2620 3542 2694 3593 Οὐ
2736 3539 3079 3612 παρῃτοῦντο
3118 3542 3219 3607 τὰς
3251 3543 3604 3612 ἀνθρωπίνας

2013 3641 2202 3712 τιμὰς,
2246 3641 2375 3696 ἔνθα
2406 3644 2505 3713 τὴν
2540 3641 2821 3695 εὐσέϐειαν
2868 3642 3019 3696 οὐδὲν
3066 3643 3347 3704 ἔϐλαπτεν,
3391 3645 3602 3698 ἐπιδεί-

2016 3746 2226 3813 ξασθαι⁹
2254 3747 2375 3800 ἐπεὶ
2401 3747 2493 3799 καὶ
2511 3746 2719 3810 Παῦλος
2742 3746 2871 3800 αὐτὸ
2899 3750 3059 3802 ποιεῖ.
3094 3748 3407 3816 Ἀπολογίας
3430 3749 3602 3820 ἀρχόο

2017 3872 2196 3926 μενος,
2253 3854 2310 3918 ἐξ
2349 3853 2638 3923 ἐγκωμίων
2682 3852 2775 3906 τοῦ
2818 3852 3129 3916 δικάζοντος
3168 3854 3393 3925 ἄρχεται
3445 3853 3601 3908 οὕτω

2011 3959 2218 4027 λέγων*
2265 3957 2509 4025 Πολλῆς
2557 3956 2801 4025 είρήνης
2849 3957 3255 4027 τυγχάνοντες
3305 3956 3401 4011 διὰ
3438 3959 3599 4012 σοῦ·

2012 4064 2107 4117 καὶ
2130 4063 2419 4126 πολιτικοῖς
2453 4063 2721 4135 κέχρηται
2747 4064 3055 4134 πράγμασι.
3089 4066 3200 4119 Kal
3228 4066 3602 4137 προφητεύων

2012 4166 2067 4220 δὲ
2098 4167 2126 4219 6
2161 4165 2349 4219 Νάθαν
2392 4168 2691 4236 προσκυνεῖ
2717 4165 2809 4219 τὸν
2845 4166 3028 4234 Δαυῒδ,
3056 4167 3152 4220 καὶ
3192 4170 3220 4221 δ
3259 4167 3451 4221 Ἰακὼό
3500 4170 3601 4221 τὸν

2010 4264 2230 4337 Φαραὼ,
2278 4267 2370 4319 καὶ
2409 4269 2438 4319 ὁ
2471 4266 2721 4337 Ἀϐραὰμ
2761 4267 2889 4330 τοὺς
2930 4269 3229 4332 συνοίκους.
3273 4269 3383 4322 Kal
3433 4264 3600 4333 οὗτος

2013 4373 2193 4437 αὐτὸς,
2226 4374 2330 4437 Εἰς
2358 4370 2464 4424 τὸν
2490 4370 2697 4434 αἰῶνα,
2721 4370 2877 4442 φησὶ,
2910 4370 3055 4440 ζῆθι.
3083 4369 3227 4442 Ὀρα
3256 4374 3404 4443 ῥῆμα
3430 4373 3601 4428 κολα-

2014 4478 2165 4540 κείας
2203 4476 2393 4546 γέμον.
2445 4475 2584 4529 Ἀλλ’
2614 4475 2714 4530 οὐκ
2741 4475 2807 4529 ἂν
2841 4477 3051 4547 εἴποιμι
3088 4476 3247 4529 τοῦτο
3274 4476 3596 4543 κολακείαν,

2012 4579 2148 4633 ἀλλὰ
2188 4579 2399 4631 σύνεσιν
2442 4579 2536 4631 καὶ
2578 4578 2789 4649 σοφίαν.
2832 4577 2989 4632 Οὕτω
3039 4580 3133 4632 xal
3171 4579 3378 4645 Παῦλός
3419 4599 3595 4653 φηςι·

2026 4683 2121 4734 Ἐν
2146 4681 2332 4750 σοφίᾳ
2358 4681 2730 4749 περιπατεῖτε
2756 4682 2905 4751 πρὸς
2928 4682 3068 4749 τοὺς
3094 4683 3229 4748 ἔξω,
3256 4684 3360 4739 τὸν
3378 4688 3598 4754 καιρέν

2007 4784 2511 4856 ἐξαγοραζόμενοι.
2564 4786 2720 4840 Οὕτω
2766 4788 2861 4841 καὶ
2899 4789 2928 4842 6
2983 4790 3217 4860 Χριστὸς
3269 4789 3590 4844 ἐδίδασκενο

2021 4890 2302 4946 ’Δπόδοτε
2328 4890 2399 4943 τὰ
2425 4892 2727 4959 Καίσαρος
2768 4891 3040 4962 Καίσαρι,
3075 4892 3173 4945 καί
3202 4894 3273 4947 τὰ
3298 4894 3402 4948 τοῦ
3432 4897 3592 4951 Θεοῦ

2006 4993 2088 5059 τῷ
2116 4991 2258 5059 Θεῷ.
2290 4993 2355 5047 Τί
2387 4992 2507 5060 οὗνς
2543 4993 2612 5048 τά
2647 4994 2935 5067 σπέρματα
2971 4996 3142 5067 μιαρά
3189 4997 3287 5050 οὐκ
3336 4993 3432 5068 ἦνς
3479 5001 3594 5053 υύ⁸

2006 5099 2213 5170 δαμῶς,
2244 5098 2363 5151 οὐδέ
2388 5098 2449 5151 τὸ
2479 5098 2643 5169 ὕδωρ.
2673 5099 2783 5152 Kal
2812 5098 2972 5152 τοῦτο
3004 5099 3308 5154 διετέλεσαν
3333 5101 3424 5171 ἔτη
3455 5105 3592 5175 τρία

2009 5202 2303 5266 ποιοῦντες.
2341 5202 2448 5257 Kal
2473 5202 2625 5271 μετὰ
2656 5202 2723 5256 τὸ
2750 5202 2946 5269 τέλος,
2982 5203 3137 5275 φησί,
3181 5203 3298 5258 τῶν
3324 5205 3589 5274 ἡμερῶν,

2005 5303 2093 5364 ὧν
2130 5303 2299 5361 εἶπεν
2327 5309 2361 5362 ὁ
2401 5307 2727 5373 βασιλεὺς,
2774 5308 3114 5378 εἰσαγαγεῖν
3163 5310 3404 5377 αὐτοὺς,
3454 5315 3591 5366 εισ-

2006 5416 2231 5484 ήγαγεν
2258 5415 2481 5481 αὐτοὺς
2514 5416 2548 5467 ὀ
2575 5412 3005 5483 ἀρχιευνοῦχος
3032 5414 3182 5483 πρὸς
3203 5415 3591 5483 Ναϐουχοδοο

2006 5521 2211 5587 νόσορ.
2265 5519 2374 5572 Kal
2425 5521 2538 5588 οὐχ
2588 5519 2925 5586 εἰιρέθησαν
2973 5518 3043 5572 ἐκ
3098 5518 3340 5572 πάντων
3383 5518 3588 5571 αὐτῶν

2006 5623 2195 5692 ὅμοιοι
2246 5621 2492 5691 Δανιὴλ,
2542 5624 2639 5677 καὶ
2694 5624 2958 5690 Ἀνανίᾳ,
3007 5623 3106 5676 καί
3158 5622 3425 5689 Mum-lu.
3483 5621 3588 5675 καὶ

2068 5773 2094 5813 ά
2118 5774 2271 5825 Scrib.
2305 5778 2571 5840 φαγώμεθα,
2598 5785 2649 5826 et
2672 5780 2901 5839 πιώμεθα.
2930 5778 2986 5827 ιίι
3017 5776 3292 5835 είσὴκουσεν
3312 5776 3484 5825 αὐτῶν.
