3724 6272
68 321 134 378 l9?

65 444 208 519 percuti
245 444 509 514 uoluptate
533 440 656 510 frui,
701 439 915 510 majores
946 435 1165 506 Egypti
1199 434 1444 488 thesauris
1484 431 1613 484 (liri-

65 545 129 594 tias
164 553 271 592 esse
320 546 466 590 ratus
507 533 694 590 Christi
734 532 971 603 probrum
1011 528 1197 602 (Hebr.
1239 528 1327 582 11.
1365 525 1457 580 25.
1499 522 1614 595 26).

63 634 96 684 8.
130 628 182 682 Et
221 627 399 695 posuit
447 623 629 678 Daniel
668 624 722 677 in
766 621 916 675 corde
957 637 1070 680 suo.
1110 635 1173 673 ne
1217 615 1526 688 pollueretur
1563 614 1616 667 in

63 736 188 774 incuso
212 719 374 788 regis,
404 727 448 770 et
472 717 525 770 in
549 715 662 768 vino
684 714 744 766 de
775 723 893 783 potu
915 712 1044 781 ejus,
1075 719 1122 762 et
1153 708 1344 778 rogauit
1369 705 1615 777 pra'posi-

62 828 134 864 illul
166 810 516 864 eunucborum
555 823 619 860 ne
643 804 1089 859 contaminaretur.
1122 800 1179 855 9.
1225 797 1292 852 Et
1317 798 1454 851 dedit
1481 795 1616 848 Deus

63 903 290 957 Danielem
320 901 374 954 in
401 897 797 952 misericordiam
836 905 882 948 et
911 896 964 947 in
1007 891 1375 946 miserationem
1401 888 1452 941 in
1488 903 1610 939 con-

60 1005 188 1063 specta
220 991 471 1061 principis
492 988 855 1041 cunuchorum.
886 984 1078 1050 Aspice
1103 981 1370 1035 Danielem
1398 993 1426 1032 a
1457 976 1610 1031 bonis

61 1084 275 1154 operibus
317 1082 576 1151 incipere.
611 1078 687 1132 lta
733 1093 794 1131 ex
837 1091 902 1129 eo
949 1085 1188 1142 tempore
1231 1068 1464 1124 ostendit
1506 1083 1617 1120 ma-

59 1193 181 1246 gnum
230 1190 292 1229 se
324 1189 467 1237 esse,
499 1182 656 1243 atque
695 1169 1080 1224 admirabilem.
1125 1165 1301 1233 Quare
1343 1161 1614 1229 Scriptura

63 1267 387 1338 prestantiori
428 1280 549 1321 eum
590 1263 804 1317 nomine
842 1258 1120 1332 (Danielis)
1166 1253 1416 1323 appellat.
1447 1251 1615 1306 Porro

60 1363 95 1414 ia
116 1360 301 1428 quibus
333 1363 560 1426 poterat,
588 1355 762 1424 legem
783 1351 1048 1405 servabat.
1075 1348 1203 1415 Quis
1224 1347 1380 1410 alius,
1406 1357 1608 1414 quaeso,

60 1465 265 1505 mensam
315 1449 516 1518 regiam
568 1447 864 1500 censuisset
911 1457 1030 1497 esse
1075 1437 1378 1510 piaculum?
1424 1435 1616 1505 Aspice

58 1543 297 1611 φιυιιιοιιο
347 1541 524 1596 statim
569 1539 636 1592 ab
677 1537 897 1592 exordio
941 1549 1094 1587 suum
1141 1547 1262 1602 erga
1301 1528 1612 1599 sapientiam

60 1652 263 1691 amorem
305 1634 659 1689 demonstret.
706 1629 774 1682 Et
813 1627 1022 1698 rogavit,
1062 1625 1248 1694 inquit,
1295 1621 1617 1693 prwpositum

57 1729 398 1787 enitucborum,
443 1741 505 1777 ne
550 1721 990 1777 contaminaretur.
1041 1713 1414 1769 Animadverte
1459 1727 1614 1780 quam

60 1835 141 1872 non
178 1818 246 1870 sit
282 1815 621 1868 ambitiosus.
665 1810 778 1865 Non
818 1808 970 1872 dixit,
1005 1805 1247 1860 Animam
1289 1803 1416 1856 mihi
1446 1802 1617 1870 potius

62 1909 194 1960 λιιιιηί
228 1907 397 1973 patiar
431 1922 444 1957 :
474 1902 566 1957 sed
597 1901 820 1970 rogavit,
846 1907 922 1962 ιιι,
964 1898 1006 1950 si
1041 1897 1150 1949 ﬁeri
1182 1902 1378 1964 posset,
1407 1891 1612 1946 lateret.

59 2003 200 2067 Quam
233 1998 299 2051 ob
323 2011 564 2060 causam,
595 1993 781 2062 inquit,
812 1991 1040 2044 honores
1078 1985 1382 2042 ambirent?
1417 1986 1485 2038 At
1511 1998 1615 2038 non

60 2094 119 2144 sic
139 2089 419 2156 leseplttts,
464 2102 563 2140 nec
606 2085 832 2154 Moyses.
861 2081 994 2148 Quid
1027 2079 1218 2148 igitur?
1258 2076 1452 2130 lllosne
1480 2085 1616 2126 con-

60 2181 446 2234 demnabimus?
479 2176 650 2230 Absit.
685 2173 992 2228 Nescierunl
1022 2169 1163 2224 enim
1191 2167 1444 2237 quidnam
1487 2162 1617 2218 illud

61 2283 196 2326 cs-et.
227 2271 472 2324 Nondum
513 2265 772 2336 siquidem
807 2263 1082 2316 existebat
1112 2261 1196 2314 illa
1229 2275 1345 2329 quae
1375 2268 1557 2330 postea
1587 2273 1616 2312 a

61 2366 151 2433 lege
187 2375 266 2418 est
295 2362 539 2416 instituta
569 2359 808 2412 ciborum
839 2355 1154 2425 repudiatio.
1191 2353 1322 2408 Vide
1352 2353 1522 2422 ipsum
1567 2361 1620 2406 et

62 2464 349 2524 arguentem
408 2463 466 2506 et
518 2449 1000 2519 philosophantem,
1048 2455 1101 2499 et
1145 2446 1196 2499 in
1238 2443 1416 2514 parvis
1459 2443 1619 2497 rebus

62 2549 304 2612 Specimen
346 2543 623 2614 sapientia:
659 2555 770 2594 sua:
813 2537 1174 2594 exhibentem.
1216 2537 1392 2605 Atque
1441 2535 1490 2588 itl
1537 2541 1622 2588 est

62 2639 176 2704 quod
217 2635 468 2689 dicebant
509 2631 733 2702 apostoli
762 2631 880 2701 (a):
916 2627 1040 2683 ilmc
1074 2625 1333 2697 oportebat
1363 2625 1505 2695 prius
1534 2623 1618 2692 fa-

62 2745 166 2790 cere,
211 2737 256 2780 et
297 2725 392 2778 illa
433 2740 536 2777 non
581 2723 807 2776 omittere
837 2719 982 2792 (Luc.
1021 2719 1109 2773 11.
1145 2715 1257 2788 42).
1292 2716 1416 2770 ΙΙωο
1444 2723 1619 2768 autem

68 2820 221 2875 tntiiel
264 2818 511 2881 iaciebat,
564 2830 668 2870 non
716 2814 856 2884 quod
897 2812 1052 2867 idolis
1099 2808 1395 2864 saeritieata
1441 2815 1623 2862 essent

63 2929 158 2980 qua:
203 2909 627 2980 apponebantur,
672 2905 765 2960 sed
809 2903 949 2974 quod
987 2920 1015 2956 a
1062 2901 1176 2970 lege
1223 2907 1404 2954 essent
1443 2897 1624 2968 probi-

66 3006 151 3056 lata
191 3005 286 3070 (b).
315 2999 600 3067 Quomodo
628 2998 787 3067 igitur
815 2994 1176 3050 cunuchorum
1219 2992 1473 3061 magistro
1503 3005 1622 3060 per-

64 3095 247 3148 suasit?
290 3093 526 3147 Advorte
574 3099 632 3144 ut
679 3089 855 3143 statim
884 3087 975 3141 tibi
1015 3086 1182 3140 solvat
1215 3083 1619 3139 dubitationem.

65 3187 211 3250 Πεάὶΐ,
258 3185 448 3254 inquit,
501 3181 638 3236 Deus
684 3180 940 3233 Danielem
969 3179 1020 3231 in
1060 3175 1453 3232 misericordiam
1482 3183 1528 3228 et
1569 3175 1621 3228 in

63 3280 406 3332 miserationem
443 3277 499 3329 in
537 3282 800 3345 conspectu
828 3271 1068 3342 principis
1093 3270 1459 3324 cunuchorum.
1491 3267 1622 3321 Illud

63 3375 207 3424 etiam
233 3368 468 3437 losepho
507 3365 697 3420 accidit
729 3381 741 3416 :
772 3364 822 3416 in
851 3362 1081 3432 Egypto
1110 3376 1324 3431 quoque
1359 3358 1624 3428 losephus

64 3461 464 3517 misericordiam
518 3466 877 3527 consequutus
917 3465 1018 3518 est.
1071 3464 1122 3510 et
1165 3454 1388 3525 gratiam
1423 3451 1626 3507 invenit

63 3555 187 3621 apud
223 3566 512 3621 coquorum
538 3547 844 3620 praelectum
873 3563 885 3599 :
913 3562 1071 3616 porro
1109 3547 1320 3615 utrique
1360 3545 1526 3610 servi,
1571 3551 1624 3598 et

69 3649 115 3698 in
140 3645 400 3698 barbarico
436 3642 555 3696 solo
580 3640 863 3710 degebant.
892 3638 1055 3692 Erant
1086 3652 1215 3692 sane
1245 3635 1402 3692 verba
1431 3636 1624 3690 Danie-

70 3739 130 3791 lis
161 3737 339 3791 idonea
390 3734 460 3790 ad
512 3731 888 3789 exsolvendam
931 3731 1028 3800 (vel
1057 3725 1450 3799 attrahendum)
1493 3727 1625 3781 iram

73 3831 211 3898 regis.
236 3827 369 3896 Quid
397 3827 516 3880 ais?
545 3824 742 3880 domini
774 3837 1008 3877 mensam
1037 3819 1413 3876 exsecrabilem
1443 3821 1622 3888 appet.

70 3921 324 3974 tasianne
374 3919 556 3989 purior
587 3916 740 3971 nobis
795 3923 848 3967 ιιι
895 3911 1222 3983 apparuisti?
1269 3925 1444 3965 nonne
1488 3909 1625 3964 nosti

74 4015 176 4067 illeo
202 4029 292 4068 vos
317 4013 550 4081 linguam
595 4023 657 4062 ac
693 4008 874 4062 literas
898 4004 1269 4060 Chaldzeorum
1300 4002 1526 4067 discere,
1572 4012 1628 4056 ut

71 4108 132 4158 ad
154 4118 382 4160 nosmtm
423 4103 666 4157 ordinem
711 4099 1032 4156 transeatis?
1059 4097 1211 4154 Unde
1251 4111 1379 4152 vero
1411 4097 1630 4151 omnino

69 4199 326 4259 eunuchus
347 4196 495 4250 illum
523 4195 785 4250 reveritus
811 4193 926 4248 est?
955 4191 1094 4247 Puer
1121 4199 1235 4244 erat
1259 4189 1631 4260 contemptibi-

71 4289 134 4342 lis
153 4303 210 4343 ac
243 4287 509 4358 captivus.
537 4285 667 4341 Nam
695 4285 794 4339 etsi
821 4280 1143 4338 reverendus
1166 4279 1371 4347 fuisset,
1414 4289 1468 4333 at
1493 4278 1635 4349 peri-

72 4383 228 4434 culum
249 4395 353 4434 non
381 4378 591 4432 sinebat
610 4376 778 4445 ipsum
806 4373 1160 4428 venerabilem
1192 4371 1380 4426 videri.
1413 4371 1477 4425 Et
1507 4386 1634 4439 pro-

77 4483 177 4540 pter
203 4473 297 4525 hoc
327 4479 609 4539 postquam
639 4466 772 4520 dixit
793 4482 804 4518 :
824 4463 975 4517 Dedit
995 4480 1106 4518 eum
1138 4464 1189 4517 in
1217 4461 1632 4524 misericordiam,

77 4563 238 4614 subdit
279 4560 442 4613 verba
490 4556 742 4618 eunuchi,
795 4565 850 4610 et
895 4555 1118 4609 multum
1166 4555 1410 4628 timorem
1469 4551 1632 4606 illius.

73 4651 377 4718 (Eumeda?
415 4649 472 4704 ld
517 4647 844 4718 impossibile
871 4646 1056 4701 fuisset
1097 4630 1256 4715 atque
1287 4645 1633 4716 prohibitum,

75 4746 164 4798 nisi
198 4744 430 4800 celestis
459 4743 628 4810 gratia
658 4741 834 4794 omnia
875 4740 1260 4809 diSpensasset.
1299 4741 1384 4794 ll.
1415 4738 1480 4792 Et
1508 4740 1636 4793 dixit

81 4835 239 4890 Daniel
261 4836 332 4888 ad
358 4833 725 4901 Amelasarein,
760 4849 902 4903 quem
930 4834 1250 4886 constituerat
1289 4834 1523 4902 magister
1559 4849 1640 4886 eu.

129 4966 190 5025 (c)
222 4965 326 5014 Iino
350 4965 540 5026 Domini
565 4970 642 5012 est
659 4963 785 5013 istud
808 4961 1070 5012 oraculum.
1097 4963 1186 5012 Sed
1211 4961 1464 5026 aliquando
1481 4962 1642 5026 Eccle-

71 5031 142 5074 Sia:
163 5024 571 5088 magistros-dum
593 5026 672 5073 vel
692 5025 852 5073 minus
869 5038 978 5088 cum
992 5036 1106 5088 cura
1121 5024 1357 5088 scribunt,
1380 5024 1463 5088 vel
1479 5025 1642 5076 calore

69 5085 261 5137 diruti
281 5089 615 5149 abripiuntur,
655 5089 891 5149 memoria
923 5086 1198 5149 destituitu
1219 5088 1291 5136 sic
1323 5085 1443 5135 infra
1468 5088 1643 5137 eodem

79 5150 147 5196 εκ
169 5158 333 5211 capite
361 5146 515 5198 verba
538 5147 758 5203 Tertulli.
775 5147 889 5211 Act.
914 5147 995 5205 24,
1019 5147 1077 5211 5,
1091 5146 1234 5211 Paulo
1257 5149 1598 5211 attribuuntur.

127 5213 191 5270 ib)
227 5208 329 5260 non
355 5216 524 5259 tamen
550 5208 880 5273 improbabilis
917 5217 994 5273 est
1031 5208 1322 5273 Theodoreti
1346 5210 1669 5273 aliorumque

83 5276 322 5321 tutentia.
349 5279 486 5334 lege
509 5270 713 5334 luditbaa
738 5271 814 5326 t2,
838 5271 888 5334 2,
913 5270 1011 5334 19,
1037 5271 1248 5334 Esthera:
1273 5271 1349 5334 lt,
1374 5272 1451 5320 17.
1478 5270 1647 5334 Credi-

87 5335 208 5382 ierim
225 5332 566 5383 sanaiséimos
581 5333 791 5395 juvenes
807 5333 964 5395 tribus
985 5332 1049 5380 de
1071 5333 1228 5395 causis
1249 5333 1358 5381 cibo
1379 5333 1518 5395 regio
1541 5333 1652 5381 abs-

326 5405 434 5444 tum
451 5397 516 5442 ob
537 5393 807 5442 solemnem
849 5393 1149 5443 etlmicorum
1189 5394 1237 5440 in
1272 5393 1458 5442 mensis
1474 5407 1651 5444 super-

87 5462 339 5516 lationem;
389 5463 492 5505 tum
534 5456 661 5517 quod
710 5454 932 5518 plerique
983 5455 1345 5518 Babyloniorum
1396 5456 1490 5504 cibi
1536 5454 1652 5518 lege

87 5520 254 5568 mica
280 5515 429 5568 vetiti
473 5515 672 5577 essent;
695 5515 796 5566 tum
820 5515 1055 5578 denique.
1076 5515 1185 5577 Quia
1205 5515 1409 5578 jejunio,
1435 5523 1486 5565 et
1507 5517 1656 5578 absti-

89 5583 218 5628 ξιυὼ
237 5582 304 5630 ab
328 5580 577 5634 aninmtis,
595 5576 749 5628 Deum
767 5576 1029 5640 promereri
1050 5576 1350 5640 satagebant.
1371 5585 1421 5626 Et
1441 5578 1530 5624 hoc.
1544 5576 1658 5640 ulti-

89 5655 183 5688 :rua
205 5636 952 5702 matﬁrtnantjosephus'Antiq.
977 5640 1082 5702 Jud.
1110 5636 1192 5702 lib.
1217 5640 1290 5694 10,
1319 5653 1424 5702 cap.
1453 5640 1527 5696 11,
1550 5639 1655 5687 0ῐὶ-

86 5715 213 5759 gsaes
234 5705 265 5751 7
289 5711 470 5753 cutura
495 5700 706 5765 Qelsuin,
734 5707 788 5749 et
808 5701 989 5765 nonut.
1011 5701 1041 5749 l
1062 5701 1110 5749 in
1149 5700 1389 5752 diversos
1409 5709 1431 5730 δ’
1475 5709 1658 5765 νηλεο-

32 5789 44 5827 i
89 5774 158 5811 ³4⁵
175 5775 299 5827 Papa
325 5760 540 5826 Epistula
563 5765 623 5812 ad
645 5771 678 5811 Τ
682 5764 960 5813 beotistatn.

1418 317 1482 372 ΙΝ
1524 315 1888 375 DANIELEM.

3204 328 3307 388 I98

1730 435 2006 489 nuc/torum
2035 453 2186 505 super
2209 434 2487 499 Danielem,
2520 436 2787 498 Ananiant.
2819 437 3078 508 Azariam,
3121 452 3168 496 et
3201 443 3311 498 Mi-

1724 527 1908 581 saelem
1930 544 1948 581 :
1981 528 2066 582 l2.
2090 527 2269 592 Tento,
2295 528 2516 594 obsecro,
2545 545 2710 582 servos
2732 540 2840 583 tuos
2861 548 2949 600 per
2975 533 3080 587 dies
3099 535 3267 589 decem
3289 551 3308 599 ,°

1726 628 1774 672 et
1810 619 1929 673 deut
1975 621 2115 674 nobis
2160 620 2223 675 de
2268 620 2538 673 seminibus
2578 630 2744 686 terra,
2790 631 2837 674 et
2883 625 3221 690 comedamus,
3263 635 3310 680 et

1724 725 1907 778 aquam
1941 711 2164 765 bibamus
2189 711 2316 765 :13.
2345 720 2391 764 et
2417 720 2694 781 appareant
2723 727 2891 764 coram
2917 721 2964 766 te
3006 716 3168 769 vultus
3212 733 3306 770 no-

1723 803 1836 868 stri,
1869 813 1915 856 et
1943 804 2108 856 cultus
2136 819 2404 872 puerorum
2429 802 2515 872 qui
2543 802 2811 856 comedunt
2849 819 2877 856 e
2921 820 3094 858 mensa
3135 808 3267 876 regis
3289 824 3308 860 :

1725 904 1771 948 et
1808 896 1937 951 sicut
1981 895 2184 961 videris,
2207 895 2364 963 facito
2407 911 2522 949 cum
2562 896 2731 964 pueris
2770 898 2888 950 tuis.
2923 897 3011 952 14.
3044 896 3113 950 Et
3148 914 3310 953 exau-

1724 987 1845 1039 divit
1899 1003 2042 1048 eum,
2095 996 2142 1040 et
2184 988 2390 1040 tentavit
2441 1004 2524 1042 eos
2575 1004 2664 1056 per
2709 988 2816 1041 dies
2856 989 3046 1043 decem.
3099 991 3186 1045 15.
3243 991 3310 1045 Et

1725 1087 1836 1146 post
1865 1078 2015 1144 ﬁnem
2046 1078 2212 1132 decem
2253 1079 2446 1131 dierum
2477 1079 2570 1132 visi
2610 1089 2727 1132 sunt
2766 1079 2929 1134 vultus
2962 1096 3132 1135 eorum
3167 1081 3305 1147 boui,

1724 1177 1771 1221 et
1810 1169 1910 1237 ipsi
1933 1184 2143 1237 corpore
2182 1170 2490 1238 pinguiores,
2519 1185 2668 1238 quam
2697 1171 2839 1240 pueri
2867 1171 2949 1241 qui
2985 1172 3309 1226 comedebant

1725 1261 1788 1312 de
1812 1275 1982 1312 mensa
2006 1261 2155 1329 regis.
2189 1260 2372 1329 Magna
2400 1260 2637 1325 libertas,
2672 1262 2899 1316 maxima
2931 1263 3093 1317 animi
3117 1265 3307 1319 alacri-

1726 1359 1826 1414 tas,
1855 1350 2018 1403 multa
2051 1349 2351 1420 prudentia,
2388 1351 2572 1420 ingens
2609 1349 2761 1406 ﬁdes.
2794 1350 2950 1406 Tento
2990 1370 3171 1423 pueros
3198 1364 3308 1408 tuos

1724 1457 1813 1512 per
1839 1441 1944 1494 dies
1973 1441 2162 1495 decem.
2202 1441 2405 1496 Deinde
2447 1451 2504 1495 ιιι
2545 1457 2614 1496 ne
2655 1444 2928 1498 existimes
2979 1459 3010 1498 a
3044 1447 3305 1501 seminum

1724 1541 1911 1585 natura
1954 1531 2085 1585 oriri
2127 1530 2279 1585 l'aciei
2326 1531 2670 1597 hilaritatem,
2719 1535 2926 1604 respice
2973 1551 3186 1606 quoque
3238 1537 3305 1592 ad

1723 1637 1936 1692 aquam,
1960 1637 2081 1692 qua:
2110 1622 2331 1677 minime
2356 1624 2540 1678 nutrit.
2573 1625 2639 1678 Et
2665 1640 2769 1679 non
2814 1627 2973 1679 modo
3005 1627 3140 1681 bona
3181 1644 3307 1683 cor-

1725 1714 1870 1783 poris
1912 1713 2222 1768 habitudine
2262 1715 2466 1783 prmditi
2500 1726 2893 1784 apparuerunt,
2941 1718 3035 1772 sed
3065 1728 3118 1772 et
3145 1734 3302 1790 rege.

1724 1805 1887 1859 tiores
1927 1805 1990 1859 iis
2015 1805 2105 1874 qui
2150 1806 2294 1874 regia
2336 1821 2519 1860 mensa
2545 1805 2880 1861 fruebantur.
2925 1807 3076 1873 Quod
3125 1819 3303 1865 autem

1723 1909 1910 1950 carnes
1927 1903 1982 1950 et
1999 1896 2178 1949 vinum
2199 1895 2365 1964 magis
2388 1897 2622 1951 nutriant
2639 1913 2794 1966 quam
2818 1908 3006 1953 caetera
3029 1899 3304 1966 alimenta,

1725 1987 2008 2056 unicuique
2043 1995 2125 2042 est
2151 1985 2510 2041 manifestum.
2539 1987 2711 2043 Cerne
2741 1999 2795 2043 ut
2839 1993 3019 2043 statim
3061 1991 3128 2044 ah
3159 1992 3309 2045 initio

1723 2077 1890 2147 gratia
1921 2091 1986 2132 ex
2017 2077 2302 2137 voluntate.
2316 2092 2603 2146 puerorum
2623 2088 2676 2133 et
2702 2095 2764 2134 ex
2797 2079 2940 2134 dono
2969 2082 3059 2136 llei
3090 2081 3307 2136 el‘tlore-

1724 2179 1858 2225 scat.
1894 2169 2151 2225 Voluntas
2167 2170 2425 2240 siquidem
2457 2179 2557 2236 est,
2589 2171 2728 2240 quod
2762 2172 3027 2240 noluerint
3061 2191 3074 2226 :
3107 2173 3306 2228 denum

1727 2280 1874 2328 vero,
1907 2263 2051 2335 quod
2079 2265 2368 2333 potuerint.
2398 2262 2465 2317 Et
2489 2275 2789 2333 appareant,
2823 2265 3012 2334 inquit,
3041 2281 3208 2318 coram
3241 2276 3308 2320 te.

1728 2355 1993 2410 .lndicium
2017 2355 2108 2410 tibi
2149 2355 2525 2424 permittimus.
2566 2354 2727 2409 Levis
2751 2363 2929 2409 autem
2959 2365 3011 2409 et
3044 2355 3208 2410 i'acilis
3229 2365 3312 2410 est

1725 2448 1892 2519 gratia
1931 2463 2090 2517 quam
2142 2447 2526 2516 petimuszres
2575 2445 2668 2499 tibi
2719 2446 2875 2500 tidem
2923 2446 3140 2500 faciant.
3198 2448 3311 2518 Ego

1727 2540 1926 2609 quippe
1961 2547 2212 2594 eventum
2255 2538 2530 2606 perspicue
2562 2538 2682 2591 novi
2713 2556 2726 2591 :
2759 2547 2813 2591 at
2843 2551 3059 2607 propter
3099 2549 3150 2594 te
3179 2540 3310 2594 nihil

1727 2640 1851 2686 ante
1897 2631 2055 2685 tinem
2098 2629 2328 2683 al‘lirmo.
2375 2628 2549 2684 Cerne
2583 2630 2851 2699 quomodo
2879 2631 3040 2686 etiam
3078 2633 3306 2688 famulos

1727 2725 1906 2778 statim
1935 2721 2211 2788 erudierit,
2244 2736 2305 2776 ac
2345 2721 2586 2775 docuerit
2623 2736 2682 2775 se
2728 2737 2848 2777 esse
2880 2723 2970 2778 Dei
3018 2735 3307 2779 amantem.

1727 2814 1798 2870 Et
1833 2830 1939 2868 non
1987 2813 2303 2882 simpliciter
2325 2811 2474 2879 dicit,
2507 2811 2687 2867 Facito
2718 2812 3013 2877 nobiscum,
3059 2814 3174 2879 sed,
3210 2814 3315 2868 1ίά-

1727 2907 1826 2960 cito
1863 2922 1976 2959 cum
2026 2905 2192 2976 pueris
2233 2905 2376 2959 tuis:
2404 2905 2585 2975 sicque
2625 2919 2853 2959 exorsus
2896 2907 3070 2960 aiebat
3105 2925 3116 2958 :
3153 2907 3312 2962 Tcnta

1727 3015 1906 3069 pueros
1932 3007 2064 3051 tuos.
2096 2996 2210 3050 Non
2257 2996 2575 3051 recusabant
2603 2995 2866 3051 humanos
2895 2997 3127 3054 honores
3156 3001 3312 3054 exhi-

1731 3092 1879 3157 bere,
1907 3091 1997 3145 ubi
2025 3090 2156 3145 nihil
2182 3100 2323 3144 esset
2347 3089 2488 3160 quod
2513 3091 2761 3159 pietatem
2785 3091 3003 3146 laederet
3030 3111 3042 3146 :
3067 3094 3311 3163 quando-

1728 3183 1942 3254 quidem
1973 3191 2026 3237 et
2052 3181 2248 3237 Paulus
2275 3181 2412 3235 idem
2441 3181 2586 3235 facit.
2611 3182 2740 3236 Nam
2764 3181 3018 3238 inchoatis
3044 3184 3312 3239 defensio-

1732 3290 1855 3330 nem
1902 3289 2075 3338 suam,
2113 3289 2141 3326 a
2182 3273 2428 3328 laudibus
2449 3273 2643 3342 judicis
2682 3274 2884 3344 incipit,
2935 3276 3002 3329 ita
3050 3276 3310 3346 loquens:

1730 3366 1796 3421 In
1823 3366 1981 3420 ntulta
2011 3382 2133 3436 pace
2151 3375 2352 3436 agentes
2378 3374 2527 3434 perte
2555 3365 2688 3432 (Act.
2711 3365 2801 3418 25.
2828 3364 2907 3437 2).
2935 3365 3075 3420 Idem
3098 3378 3313 3436 aposto-

1729 3461 1812 3516 lus
1850 3459 2009 3515 rebus
2051 3458 2292 3514 civilibus
2321 3473 2448 3512 usus
2477 3467 2578 3511 est.
2608 3456 2815 3512 Natban
2841 3474 3054 3528 quoque
3081 3461 3314 3529 prophe-

1731 3561 1848 3608 tans
1887 3552 2074 3607 adorat
2115 3549 2401 3616 Davidem;
2440 3549 2669 3605 Jacobus
2702 3551 2944 3606 similiter
2984 3551 3313 3606 Pharaonem

1731 3642 1939 3709 adorat,
1961 3651 2015 3696 et
2041 3639 2374 3696 Abrahamus
2399 3639 2824 3694 contubernales.
2857 3641 3037 3694 Daniel
3062 3641 3311 3712 denique.

1731 3734 1799 3789 de
1819 3749 1922 3804 quo
1943 3747 2084 3790 nunc
2110 3748 2286 3788 sermo
2313 3741 2414 3795 est,
2444 3732 2551 3802 regi
2573 3731 2728 3785 dicit:
2747 3729 2812 3784 In
2841 3739 3083 3785 wternum
3106 3733 3214 3786 vive
3234 3732 3310 3803 (α)

1733 3825 1896 3896 (Dan.
1931 3825 1983 3880 6.
2013 3822 2127 3894 2i).
2177 3822 2553 3878 Animadverte
2592 3822 2812 3877 verbum
2857 3821 3177 3877 adulationis
3201 3825 3313 3892 ple~

1735 3935 1883 3972 num.
1916 3919 1985 3972 At
2021 3933 2121 3988 ego
2152 3933 2257 3970 non
2300 3915 2350 3970 id
2394 3915 2618 3970 dixerim
2651 3913 3028 3976 adulationem.
3061 3915 3153 3969 sed
3187 3931 3315 3984 pru-

1735 4010 1967 4065 dentiam
1997 4021 2048 4063 et
2075 4009 2406 4080 sapientiam.
2440 4008 2512 4062 Ita
2541 4016 2595 4061 et
2615 4007 2808 4060 Paulus
2835 4007 2907 4060 ait
2931 4025 2943 4060 :
2974 4005 3038 4060 In
3067 4008 3316 4077 sapientia

1736 4103 1988 4156 ambulate
2012 4101 2079 4154 ad
2103 4118 2186 4155 eos
2213 4101 2298 4173 qui
2328 4101 2452 4172 foris
2485 4107 2621 4164 sunt,
2651 4109 2846 4168 tempus
2870 4099 3167 4153 redimentes
3192 4099 3315 4170 (Co-

1738 4193 1859 4247 loss.
1892 4193 1946 4246 4.
1976 4190 2052 4264 5).
2098 4191 2170 4244 lta
2212 4191 2371 4246 etiam
2418 4190 2663 4244 Christus
2702 4189 2880 4243 docuit
2913 4206 2926 4242 :
2961 4189 3177 4243 Reddite
3207 4205 3322 4260 quia

1737 4295 1853 4338 sunt
1887 4281 2102 4338 Cwsaris
2129 4279 2338 4348 Ccesari,
2379 4291 2425 4334 et
2467 4296 2578 4352 qua:
2613 4289 2730 4334 sunt
2763 4278 2856 4333 Dei
2909 4279 3016 4334 Deo
3045 4279 3193 4350 (Luc.
3226 4281 3313 4336 10.

1737 4375 1851 4448 25).
1883 4374 2020 4444 Quid
2052 4374 2242 4444 igitur?
2288 4373 2490 4428 semina
2535 4371 2802 4427 immunda
2849 4388 2952 4427 non
2985 4374 3171 4427 erant?
3217 4373 3317 4428 Mi-

1739 4473 1882 4526 nime
1911 4487 1924 4523 :
1952 4468 2046 4524 sed
2078 4484 2177 4523 nec
2205 4483 2360 4538 aqua.
2389 4466 2454 4521 Et
2483 4466 2584 4521 huc
2607 4482 2702 4536 per
2723 4477 2828 4521 tres
2855 4481 3024 4522 annos
3055 4468 3317 4522 iecerunt.

1741 4566 1828 4621 18.
1866 4563 1929 4618 Et
1954 4563 2232 4632 completis,
2261 4561 2446 4630 inquit.
2474 4560 2666 4622 diebus,
2701 4570 2810 4629 post
2836 4560 2960 4624 quos
2982 4560 3179 4613 dixerat
3206 4577 3316 4622 rex,

1741 4667 1795 4711 ut
1833 4654 2166 4710 introduceret
2194 4654 2352 4722 ipsos,
2390 4651 2790 4705 arclricunucbus
2817 4651 3098 4704 introduxit
3139 4667 3222 4704 eos
3253 4653 3320 4704 ml

1745 4747 2312 4802 Nabucltodonosorent.
2345 4744 2430 4799 l9.
2466 4743 2530 4797 Et
2574 4761 2672 4797 non
2700 4744 2884 4798 inventi
2919 4752 3032 4797 sunt
3059 4761 3122 4798 ea:
3155 4747 3320 4798 omni-

1811 4905 1900 4966 (α),
1916 4902 1971 4951 In
1991 4908 2171 4966 Graeco,
2198 4913 2259 4957 εις
2280 4911 2342 4949 τὸν
2372 4912 2484 4948 atria
2507 4909 2606 4966 ζῆθι.
2629 4899 2818 4948 Grotius
2843 4901 3190 4966 interpretatur
3215 4915 3227 4950 :
3254 4901 3322 4952 υἰ-

1744 4961 1829 5017 vas
1851 4961 1952 5015 ditt.
1978 4962 2130 5010 Malim
2148 4968 2311 5010 tamen
2327 4973 2437 5008 cum
2453 4969 2497 5022 s,
2517 4961 2804 5022 Hieronymo
2823 4973 3074 5022 exponere
3091 4962 3156 5010 de
3179 4971 3324 5012 :t‘tet'o

1747 5030 1918 5078 nitate.
1947 5025 2000 5074 Id
2026 5026 2155 5072 enim
2181 5023 2415 5091 exigebat
2456 5021 2570 5091 olim
2594 5021 2798 5091 quidse
2828 5021 2920 5070 diis
2943 5035 3129 5091 aequam
3152 5025 3324 5091 existi.

1747 5091 1908 5139 mabat
1930 5093 2144 5152 potestas
2167 5098 2179 5132 :
2203 5083 2466 5152 eathjppe
2503 5083 2683 5152 e_st,ﬂ’ait
2709 5089 3006 5152 secret-us,
3028 5083 3229 5152 stultitia
3253 5099 3329 5134 re-

1748 5163 1862 5216 gum
1879 5144 2107 5216 on'utiunt,
2131 5152 2180 5216 ut
2197 5144 2287 5216 sibi
2310 5144 2471 5195 ditina
2488 5144 2741 5216 rindicent:
2764 5145 2958 5216 Barucbi
2984 5145 3030 5204 1,
3058 5147 3109 5216 11
3141 5160 3153 5194 :
3183 5153 3326 5216 orat:

1749 5205 1840 5277 'pro
1861 5211 1954 5277 tnta
1978 5207 2402 5277 Nabuchodonospr
2426 5205 2554 5269 regis
2587 5206 2855 5277 Babylonis,
2885 5215 2930 5256 et
2949 5221 3036 5277 pro
3051 5208 3146 5258 vita
3168 5207 3321 5258 Balta-

1751 5267 1833 5325 sar
1855 5271 1946 5338 ﬁlii
1968 5270 2095 5338 ejus,
2116 5275 2165 5319 ut
2192 5267 2412 5338 sintdies
2443 5267 2608 5319 eorum
2628 5267 2750 5338 sicut
2783 5268 2887 5319 dies
2919 5267 3028 5320 ctuti
3062 5283 3206 5332 super
3230 5277 3326 5319 ter-

1753 5329 1876 5385 rum'.
1901 5329 2000 5392 Quo
2032 5335 2180 5381 etiam
2217 5329 2311 5379 loci
2348 5338 2561 5380 mentem
2604 5332 2854 5392 Scriptura:
2891 5345 2984 5379 non
3015 5329 3328 5392 assequutum

1755 5397 1903 5446 fuisse
1920 5391 2130 5442 Crotium
2163 5400 2294 5454 puto.
2329 5394 2567 5454 Superbas
2609 5391 2766 5454 voces
2795 5393 3043 5454 humilitas
3061 5391 3327 5454 Christiana

1789 5457 1982 5516 aulatim
2006 5452 2309 5516 conum—essu,
2332 5452 2696 5516 modestiuspte
2736 5452 2992 5502 Catholicis
3027 5452 3328 5516 Imperatori-

1789 5471 1982 5506 autaum
2006 5471 2306 5516 COIHl,-I'CSSII,
2332 5471 2696 5514 ιῐιυυεδιιιιδψιυ
2736 5471 2992 5502 ιλιιιοιιωδ
3027 5471 3327 5514 ιιιιιιιξηιιυτι-

1757 5471 1850 5569 Ευε
1872 5515 2181 5566 acclamatum
2207 5516 2252 5562 iu
2278 5513 2500 5564 Conciliis
2524 5528 2536 5562 :
2566 5513 2731 5564 Multos
2769 5528 2931 5564 nantis.
2975 5527 3124 5562 annos
3149 5512 3327 5563 Darid.

1759 5579 1930 5631 Multos
1946 5590 2092 5627 annos
2115 5584 2386 5638 aeternaque
2426 5574 2674 5638 meritoria,
2709 5583 2803 5624 etc.
2838 5577 2921 5638 uis
2955 5576 3019 5624 de
3036 5577 3193 5638 rebus
3213 5573 3329 5632 lege

1761 5638 1968 5712 concilia
1988 5639 2274 5712 generalia‘t
2293 5635 2455 5708 tissim,
2472 5635 2734 5712 ‘ttpistola‘m
2755 5637 3064 5712 s..Athanasii
3086 5637 3149 5684 de
3164 5697 3176 5712 ‘
3186 5651 3327 5712 syno-

1761 5701 1839 5752 dis
1859 5697 2060 5750 Arimini
2093 5705 2146 5748 et
2179 5697 2430 5758 seleucite,
2470 5697 2622 5757 initio,
2667 5697 2972 5746 Atmnianum
3012 5697 3333 5749 Marcellinum

1764 5764 1901 5813 initio
1927 5760 2034 5811 libri
2061 5762 2134 5821 t5,
2158 5761 2484 5824 Symmachum
2508 5759 2749 5810 notatione
2767 5758 3000 5810 adversus
3021 5758 3334 5825 Christianos,
