3734 6278
386 289 492 365 ias

387 422 476 472 bus
497 413 598 470 illis
620 411 814 467 similes
847 413 1068 475 Danieli,
1099 421 1144 464 et
1180 410 1410 473 Ananim,
1439 418 1486 462 et
1518 406 1738 471 Misarli,
1770 415 1815 459 et
1835 406 1970 458 Aza-

389 515 496 564 rite.
539 511 628 564 90.
679 508 742 560 Et
774 516 1015 560 steterunt
1059 508 1110 557 in
1148 512 1416 571 conspectu
1458 501 1624 570 regis;
1665 509 1711 552 ct
1745 499 1797 551 in
1834 498 1971 550 onmi

387 603 533 658 verba
571 599 833 667 sapientia:
856 614 916 650 ac
951 597 1192 661 scientiae,
1219 593 1356 664 quod
1381 593 1662 646 sciscitatus
1705 600 1778 643 est
1813 591 1876 644 ab
1901 591 1971 643 eis

388 711 498 758 rex,
541 692 828 746 iuvenilem
849 689 1061 757 derupto
1093 687 1464 755 prwstuntiorcs
1485 684 1715 738 omnibus
1738 683 1968 736 incanta-

389 786 581 837 toribus
604 793 654 836 et
683 782 868 851 "iugis,
895 780 980 850 qui
1016 789 1157 831 erant
1195 779 1248 830 in
1275 777 1504 830 uniuerso
1548 790 1702 845 regno
1741 775 1871 843 ejus.
1907 772 1970 826 Et

393 885 506 942 post
535 876 685 940 ﬁnem
711 871 927 934 dierum,
959 869 1147 937 inquit,
1179 867 1270 919 visi
1295 875 1408 919 sunt
1431 863 1595 918 vultus
1621 880 1794 918 eorum
1819 863 1932 916 boui
1952 877 1971 916 :

388 977 443 1022 et
467 965 858 1036 pulchritudine
878 978 941 1016 ac
967 963 1102 1016 bona
1124 960 1365 1028 corporis
1390 957 1700 1012 habitudine
1727 955 1967 1025 profece—

385 1067 526 1110 rant.
558 1056 752 1124 Aspice
793 1069 880 1108 res
907 1067 1028 1120 quae
1065 1059 1260 1120 przetcr
1303 1058 1544 1103 naturam
1595 1057 1721 1100 sunt
1749 1065 1762 1102 :
1789 1056 1968 1114 aspice

386 1146 568 1202 mundi
594 1145 847 1216 Opificem
871 1144 957 1212 qui
984 1141 1272 1196 eflicaciam
1305 1155 1454 1194 suam
1484 1139 1742 1208 adaperit.
1769 1137 1971 1204 Quem.-

383 1239 668 1296 admodum
707 1237 855 1293 enim
880 1238 1034 1290 lictor
1067 1233 1296 1288 maxime
1322 1232 1586 1286 videbitur
1626 1232 1690 1294 is,
1733 1231 1822 1299 qui
1862 1246 1966 1283 non

386 1331 544 1388 modo
583 1346 659 1386 ais
699 1329 936 1385 conflare
974 1341 1036 1380 ac
1063 1325 1402 1381 conformare
1428 1323 1643 1388 valebit,
1673 1321 1766 1377 sed
1796 1329 1849 1376 et
1879 1321 1968 1374 illo

387 1439 494 1480 non
537 1423 718 1478 minus
761 1423 806 1475 is
832 1419 921 1489 qui
944 1419 1054 1489 jam
1083 1417 1274 1472 factam
1308 1426 1534 1471 statuam
1575 1413 1771 1485 poterit
1797 1413 1967 1468 curri-

385 1529 514 1584 gere
537 1531 552 1568 :
575 1514 716 1568 idem
747 1525 959 1580 quoque
989 1510 1041 1564 in
1087 1511 1196 1562 Deo
1243 1516 1297 1561 et
1331 1507 1510 1576 pueris
1549 1506 1652 1561 illis
1695 1507 1970 1575 agnoverit

390 1608 674 1678 quispiam.
702 1605 834 1660 Nam
855 1617 1079 1673 corpora
1103 1609 1216 1672 post
1244 1601 1401 1655 talem
1425 1599 1732 1653 alimoniam
1759 1599 1968 1668 pinguia

389 1700 724 1770 praestitisse,
759 1712 863 1752 non
907 1695 1084 1750 minus
1111 1693 1376 1750 facultatis
1419 1691 1691 1748 creatricis
1719 1691 1969 1747 indicium

386 1801 521 1858 erat,
552 1805 710 1861 quam
739 1788 1009 1843 hominem
1035 1803 1066 1842 e
1105 1794 1244 1840 terra
1271 1783 1548 1839 formasse.
1587 1783 1736 1839 Unde
1775 1783 1970 1838 nitidus

385 1882 577 1939 color?
605 1880 746 1936 unde
774 1879 874 1934 ﬂos
916 1893 979 1933 ac
1003 1877 1166 1932 decor
1195 1876 1454 1945 fulgorem
1500 1875 1788 1930 eminens?
1830 1875 1971 1930 unde

386 1972 581 2028 robur?
605 1971 784 2027 Nostis
819 1969 960 2023 enim
991 1981 1142 2037 aqua:
1182 1974 1311 2035 potu
1352 1974 1406 2019 et
1434 1965 1696 2020 seminum
1739 1980 1832 2020 esu
1876 1964 1972 2020 de-

384 2065 516 2118 strui
553 2062 794 2130 corporis
838 2060 998 2114 vires.
1044 2057 1176 2112 Nam
1223 2071 1291 2111 ne
1337 2071 1528 2127 papam
1567 2055 1780 2125 quidem
1823 2071 1970 2109 com-

385 2155 546 2208 edere
574 2149 888 2206 suistinebat.
925 2149 1039 2204 Non
1065 2159 1147 2203 est
1172 2156 1348 2202 autem
1382 2162 1538 2215 parva
1561 2146 1808 2200 distantia
1832 2147 1970 2201 inter

387 2244 708 2298 frumentum
755 2241 1034 2295 subactum
1081 2254 1144 2293 ac
1183 2237 1504 2303 confectum,
1555 2246 1610 2291 et
1645 2236 1967 2291 frumentum

387 2334 636 2388 infectum
676 2347 737 2387 ac
762 2347 867 2386 non
899 2339 1271 2400 pricparatum.
1300 2328 1416 2383 Non
1459 2329 1600 2384 enim
1627 2345 1690 2382 ex
1728 2330 1844 2382 solo
1873 2345 1965 2384 esu

385 2426 546 2480 rubur
589 2427 776 2489 oritur,
825 2424 919 2479 sed
968 2425 1127 2477 etiam
1180 2439 1248 2477 ex
1298 2423 1541 2478 coctione
1585 2423 1827 2476 ciborum
1875 2427 1965 2492 qui

387 2516 895 2580 manducantur;at
937 2514 1141 2568 semina
1189 2515 1448 2584 concoqui
1487 2525 1682 2583 przeter
1722 2523 1962 2570 naturam

385 2617 486 2663 est.
513 2607 742 2662 Adverte
781 2606 896 2661 hzec
924 2606 1074 2676 signa
1113 2620 1218 2660 non
1250 2621 1315 2661 ex
1345 2605 1634 2660 ambitione
1674 2608 1963 2676 petentium

386 2699 588 2753 initium
627 2712 861 2764 sumere,
890 2697 985 2753 sed
1029 2712 1060 2751 a
1105 2697 1408 2752 necessario
1434 2712 1532 2752 usu
1563 2713 1777 2752 causam
1802 2708 1964 2769 atque

383 2791 716 2844 occasionem
750 2789 963 2844 habere.
1008 2787 1124 2843 Non
1154 2788 1296 2842 enim
1340 2787 1584 2843 absolute
1612 2804 1674 2843 ac
1716 2790 1857 2843 nulla
1902 2805 1962 2846 re

383 2884 587 2952 objecta
627 2883 830 2936 insiluit
854 2882 907 2936 in
935 2881 1380 2950 experimentum,
1413 2881 1504 2936 sed
1547 2882 1862 2936 necessitate
1900 2882 1962 2936 il—

384 2978 489 3030 lum
523 2975 588 3030 ad
620 2976 724 3030 hoc
756 2983 1002 3029 vocante.
1034 2972 1216 3043 Itaque
1234 2973 1415 3042 procul
1444 2973 1511 3027 ab
1535 2973 1823 3028 ambitione
1846 2982 1961 3028 erat

379 3068 588 3122 animus
634 3081 938 3136 puerorum.
989 3065 1320 3134 Quamquam
1369 3065 1487 3134 quis
1526 3073 1668 3118 tanta
1709 3065 1960 3134 praeditus

382 3162 506 3226 title,
537 3169 588 3215 ct
617 3160 756 3215 inter
784 3159 1038 3215 barbaros
1062 3158 1283 3228 degens,
1314 3172 1421 3212 non
1453 3158 1706 3228 cupiisset
1729 3157 1959 3215 dominis

379 3260 647 3306 ostentare
692 3249 784 3304 Dei
825 3264 948 3319 erga
991 3265 1052 3303 se
1093 3249 1559 3304 benevolentiam?
1603 3252 1672 3303 At
1701 3265 1806 3304 non
1850 3250 1959 3305 isti.

382 3342 605 3411 [ἰοειιίρο
631 3350 685 3395 et
725 3340 790 3394 ad
821 3340 1290 3409 reprehensionem
1334 3356 1542 3405 senum,
1574 3352 1630 3395 ut
1657 3342 1818 3396 etiam
1847 3342 1958 3413 ipsa

379 3449 444 3489 ex
476 3434 789 3489 necessitate
817 3434 1137 3504 provenerit.

1016 3564 1239 3620 CAPUT
1271 3563 1331 3620 ll.

451 3696 502 3748 1.
532 3693 597 3747 lu
621 3710 756 3747 anno
782 3695 999 3747 secundo
1027 3696 1167 3765 regni
1213 3695 1731 3752 Nabuchodmmsoris
1753 3741 1769 3766 ,
1820 3717 1958 3754 som-

387 3789 540 3838 niavit
569 3785 1034 3840 Nabuchodonosor
1058 3789 1330 3853 somnium,
1380 3798 1422 3840 et
1463 3791 1716 3859 obstupuit
1745 3793 1957 3860 spiritus

385 3879 513 3946 ejus,
544 3887 588 3930 et
615 3893 823 3930 sunmus
857 3878 967 3946 ejus
991 3876 1113 3930 abiit
1147 3880 1210 3931 ab
1240 3895 1316 3931 ro.
1341 3877 1410 3932 At
1448 3880 1544 3932 iste
1568 3897 1738 3935 anuus
1759 3881 1960 3937 duode-

380 3971 550 4022 cinins
571 3979 654 4023 est
681 3966 778 4038 (u).
805 3967 936 4022 Nam
967 3969 1011 4024 si
1037 3978 1142 4024 tres
1167 3969 1292 4024 anui
1332 3986 1360 4022 a
1393 3979 1543 4040 capta
1577 3973 1706 4027 urbe
1734 3983 1955 4044 pra-ter-

380 4100 716 4163 Hieronymum
748 4098 808 4146 ad
832 4098 996 4147 erch.
1020 4099 1111 4163 28,
1136 4098 1182 4163 2,
1207 4101 1562 4150 Theodoretnm
1584 4103 1641 4150 ad
1666 4110 1777 4155 Ιιω,
1803 4104 1851 4152 5.
1883 4105 1954 4163 10,

380 4169 432 4223 et
453 4161 508 4214 6,
532 4161 623 4219 21,
660 4168 944 4223 Symeonem
981 4161 1458 4212 Thessalonicensem
1487 4165 1550 4212 de
1587 4166 1739 4212 Sacris
1765 4161 1954 4215 ordina?

380 4222 591 4330 tionépms
611 4222 716 4284 cap.
743 4223 821 4281 10,
849 4223 1064 4285 denique
1105 4232 1320 4272 nostrum
1343 4225 1467 4274 hunc
1490 4224 1611 4273 infra
1633 4228 1688 4274 ad
1714 4234 1858 4290 caput
1879 4241 1958 4276 se-

380 4295 472 4330 cuu
508 4297 605 4330 um.

379 4295 438 4331 (Συ
445 4295 502 4330 ιιι]
508 4297 586 4331 nm
596 4321 605 4330 .

444 4346 515 4408 (ᾳ)
548 4343 804 4408 rlurin'uim
825 4357 851 4392 a
877 4345 1085 4408 veritate
1107 4345 1335 4394 aberrant
1356 4360 1477 4408 quos
1501 4349 1579 4396 hic
1603 4354 1768 4398 noster
1792 4358 1956 4400 aucto-

381 4417 464 4452 res
487 4406 648 4467 habet.
675 4409 877 4453 l‘runum
895 4406 1022 4467 enim
1036 4406 1420 4467 deportationein
1444 4409 1650 4458 Itanielis
1667 4425 1758 4459 non
1786 4425 1956 4460 nume-

380 4473 488 4514 rant
505 4466 568 4531 ab
587 4478 714 4531 anno
735 4467 883 4531 tertio
903 4466 1183 4531 desinente,
1211 4476 1262 4516 et
1296 4477 1467 4529 quarto
1512 4471 1714 4520 ineunte
1743 4475 1954 4531 .Iuaciini,

379 4540 470 4576 seu
495 4527 966 4592 nabuchodunosoris
987 4529 1158 4590 primo,
1183 4537 1236 4577 ut.
1257 4527 1560 4592 minputatur
1596 4539 1710 4580 han.
1732 4534 1776 4592 l,
1801 4535 1848 4592 1,
1872 4527 1954 4584 ιρὲ

381 4600 502 4637 rem.
529 4589 610 4646 25,
636 4588 659 4636 1
703 4603 726 4654 :_
749 4588 836 4638 sed
860 4591 907 4654 in
933 4588 998 4638 ea
1017 4599 1233 4652 tempora
1256 4588 1526 4654 conferunt,
1559 4593 1735 4654 quibus
1764 4588 1954 4645 'itertmi

382 4657 518 4714 capta
541 4658 656 4700 sunt,
677 4649 1017 4713 Hierosolyma,
1044 4649 1220 4714 nempe
1243 4653 1335 4700 sub
1361 4649 1608 4702 Jeclioiiia.
1636 4656 1818 4704 Deinde
1841 4657 1955 4706 dum

381 4714 551 4779 urbem
575 4726 700 4762 anno
716 4726 842 4779 nopo
864 4721 1048 4775 captam
1067 4724 1187 4779 esse
1205 4714 1386 4779 dicunt,
1401 4728 1426 4762 a
1447 4728 1581 4765 sacra
1604 4718 1841 4779 Scriptura
1857 4720 1956 4768 dis-

380 4775 580 4863 cedunt,
604 4787 713 4863 qpa:
747 4774 794 4823 id
833 4774 959 4863 anno
1002 4775 1470 4863 Naluicliodonosoris
1513 4774 1953 4863 ἐριέξηιρᾶ

381 4837 553 4904 partim
575 4845 744 4904 octavo
766 4838 1194 4904 contigisserelert
1212 4844 1392 4904 Jcrem.
1411 4839 1490 4904 ὅτι
1513 4837 1589 4898 ‘28,
1616 4841 1647 4888 4
1671 4837 1879 4904 Regii,
1898 4837 1957 4892 '12

377 4897 734 4961 (nequeenim
774 4899 880 4946 haec
899 4897 996 4946 duo
1021 4897 1143 4956 loca,
1197 4901 1324 4961 quod
1349 4902 1595 4951 existimat
1617 4897 1849 4958 Usscrius.
1867 4897 1957 4954 'se-

377 4958 623 5026 iungenda
648 4971 757 5026 esse
773 4961 1017 5026 arbitror).
1043 4958 1455 5026 Iterum—errorum
1478 4963 1705 5026 exempla
1729 4967 1776 5016 in
1799 4966 1955 5015 'l‘heoé

376 5017 550 5088 doreto
574 5019 863 5088 l'rmfatione
879 5021 924 5068 in
950 5017 1350 5088 erehieletn,_in
1377 5032 1538 5074 (:rwea
1564 5017 1832 5088 temporum
1855 5030 1958 5088 Epi-

377 5085 534 5146 tome,
547 5091 689 5146 quam
705 5082 944 5146 .losephns
965 5083 1175 5146 scaliger
1193 5085 1249 5130 ad
1267 5084 1499 5133 Chronica
1522 5082 1709 5135 Eusebii
1727 5082 1950 5146 attexuit,

377 5147 426 5202 et
453 5141 501 5186 in
542 5140 759 5201 ejusdem
791 5140 1018 5202 scaligevi
1047 5140 1558 5195 aﬁimadversionilms.
1595 5155 1831 5198 Praeterea
1863 5140 1956 5198 Ite;

380 5201 539 5270 brteos
564 5204 736 5251 eadem
771 5210 882 5270 nota
903 5201 1165 5270 designare
1203 5205 1370 5255 solitos
1399 5221 1651 5256 numerum
1670 5210 1954 5270 secundum,

383 5269 433 5332 et
472 5275 731 5332 numerum
765 5241 850 5320 12,.
877 5271 960 5313 aut
981 5241 1137 5321 falilor,
1161 5241 1255 5332 alii,

381 5325 481 5372 ειμι-ί
509 5327 720 5384 potuerit
743 5334 796 5374 ut
828 5331 889 5378 ειη
923 5334 1190 5376 mutaretur
1215 5331 1260 5375 in
1296 5335 1352 5388 τι,
1371 5329 1532 5378 deleta
1556 5339 1638 5379 aut
1654 5325 1829 5380 detrita
1847 5331 1960 5383 lite-

377 5393 479 5442 rula
505 5397 543 5444 τ.
571 5396 789 5465 Denique
804 5395 868 5465 de
889 5397 1238 5465 exscriptoruui
1263 5405 1423 5447 errato
1440 5399 1723 5465 incredibile
1747 5402 1862 5451 mihi
1884 5403 1953 5465 fit,

378 5469 486 5504 cum
513 5465 564 5507 et
594 5464 762 5507 textus
781 5459 1042 5508 Hebraicus
1065 5465 1116 5507 et
1153 5471 1322 5507 ninnes
1362 5461 1610 5510 versiones
1632 5459 1952 5515 consentiant;

376 5521 556 5568 alumni
592 5533 714 5582 ergo
748 5520 964 5582 dubium,
988 5531 1100 5568 esse
1140 5527 1299 5582 potest
1337 5523 1956 5577 Nabuchodonosoremhoc

373 5583 610 5650 seriinium
633 5581 760 5650 anno
786 5581 1000 5650 secundo
1022 5581 1258 5650 regnisui
1300 5584 1475 5650 vidisse
1498 5599 1509 5632 :
1539 5598 1632 5632 non
1657 5587 1854 5648 quidem
1880 5590 1955 5650 (ut

377 5641 680 5711 Tlieotloreto
704 5642 882 5711 placet)
907 5641 1269 5711 secundoillins
1289 5647 1435 5711 regni
1454 5660 1550 5711 quo
1572 5641 1688 5695 cuni
1704 5657 1841 5711 patre
1865 5641 1952 5698 iiu-

376 5704 579 5772 peravit,
606 5703 795 5772 nec’(ut
819 5703 960 5772 vetus
982 5705 1198 5754 Scholion
1221 5703 1404 5772 habet)
1426 5703 1554 5757 illius
1579 5703 1718 5772 quod'
1732 5719 1838 5772 post
1863 5726 1952 5760 cx-

373 5767 720 5825 yuanationem
753 5767 959 5818 civitatis
993 5780 1050 5818 ac
1086 5767 1250 5831 templi
1296 5767 1707 5833 obtinneritfscd
1732 5767 1952 5824 secundo

1118 296 1174 351 S.
1216 294 1492 350 JO.\NNIS
1516 291 1957 348 CHRYSOSTOM

2123 292 2345 348 CIIIEP.
2387 288 2916 346 CONSTANTI‘NOP.

3552 291 3649 348 illi)

2080 404 2275 470 lerant,
2302 412 2357 458 et
2387 403 2470 457 illa
2501 417 2640 456 anno
2670 417 2812 456 nono
2837 409 3134 473 expugnata
3175 398 3273 456 fuit
3303 419 3314 452 :
3347 402 3446 458 iste
3485 417 3648 460 anuus

2075 495 2428 549 duodecimus
2475 504 2575 548 est.
2617 494 2844 560 Quidam
2882 493 3065 548 dicunt
3115 493 3302 548 eadem
3353 505 3475 548 nota
3518 498 3647 565 apud

2078 587 2329 639 llebra-os
2359 586 2498 638 hunc
2527 594 2582 640 et
2619 585 2765 638 illum
2797 600 3075 638 numerum
3119 586 3354 639 exarari.
3395 584 3647 642 Fortassis

2074 678 2233 730 etiam
2266 686 2499 731 erratum
2526 684 2606 730 est
2633 676 3015 744 cxscriptorum
3048 696 3060 730 :
3094 675 3178 730 vel
3203 675 3439 730 secundo
3471 692 3644 732 revera

2075 783 2214 822 anno
2244 767 2392 836 pueri
2423 766 2644 821 exhibiti
2683 776 2826 820 sunt.
2881 765 2988 820 Sed
3038 766 3137 821 hoc
3175 767 3418 822 ultimum
3449 771 3646 826 ratione

2074 868 2239 912 caret.
2283 856 2548 912 Czrtcrnm
2588 872 2675 912 res
2703 858 2894 912 accidit
2922 859 3208 913 difficilior.
3250 861 3502 927 Quatnam
3531 879 3646 914 veru

2077 949 2161 1001 illa
2208 949 2330 1002 est?
2365 949 2609 1003 Nescisse
2649 964 2828 1018 regem
2872 951 3137 1018 quodnam
3196 951 3350 1005 fuerit
3387 955 3644 1006 somnium

2072 1055 2248 1094 Slllllll.
2281 1042 2349 1094 Et
2371 1041 2472 1095 hoc
2494 1041 2838 1109 providenter
2863 1044 3105 1111 contigit.
3137 1042 3244 1096 Nisi
3277 1044 3417 1098 enim
3450 1044 3505 1097 id
3536 1061 3647 1099 eve-

2075 1134 2264 1196 nisset,
2290 1148 2397 1186 non
2427 1134 2764 1201 apparuisset
2806 1134 3036 1188 Danielis
3083 1136 3362 1204 sapientia.
3402 1136 3648 1192 Videmus

2071 1226 2212 1279 enim
2240 1225 2380 1296 quod
2411 1226 2524 1295 ipse
2568 1233 2787 1278 vocatus
2827 1225 3030 1288 fuisset,
3063 1237 3114 1279 et
3147 1227 3197 1281 id
3237 1228 3374 1297 quod
3416 1228 3644 1284 futurum

2073 1326 2188 1372 crat
2213 1304 2470 1382 dixisset;
2503 1317 2767 1371 dixissent
2804 1317 2964 1372 etiam
2995 1317 3250 1372 Chaldaei.
3299 1319 3499 1376 Verum
3531 1339 3646 1377 cum

2075 1419 2298 1464 eventus
2327 1422 2563 1478 praesens
2605 1423 2709 1461 non
2743 1417 2920 1472 esset,
2952 1408 3072 1476 quis
3121 1424 3312 1476 verax,
3344 1412 3462 1481 quis
3505 1428 3648 1467 men-

2073 1500 2177 1556 dax
2231 1501 2466 1556 creditus
2504 1499 2735 1555 fuisset?
2787 1501 2854 1555 Et
2905 1500 3007 1555 huc
3061 1517 3160 1570 per
3213 1503 3312 1557 alia
3349 1507 3650 1562 examinare

2072 1602 2304 1662 Oportet.
2336 1592 2510 1662 Ipsum
2551 1601 2728 1647 autem
2756 1593 3018 1646 somnium
3049 1593 3100 1647 in
3133 1596 3362 1649 medium
3394 1598 3650 1666 produca-

2075 1692 2197 1736 tur:
2232 1683 2373 1737 dicat
2425 1683 2609 1737 Daniel
2659 1699 2777 1753 qua:
2809 1684 3119 1752 respondit;
3166 1688 3429 1741 contraria
3473 1689 3652 1746 dicant

2069 1774 2328 1830 Chaldaei.
2353 1775 2506 1830 Unde
2534 1775 2871 1829 manifestum
2905 1776 2993 1830 fiet
3027 1777 3294 1832 Danielem
3327 1781 3407 1834 vel
3437 1784 3649 1838 mentiri

2070 1866 2152 1920 vel
2182 1881 2305 1920 vera
2333 1865 2516 1920 dicere
2541 1865 2566 1919 7
2605 1864 2722 1920 Jam
2754 1866 2916 1936 igitur
2944 1867 3309 1936 probationem
3335 1871 3442 1925 dat.
3484 1875 3560 1928 At
3601 1875 3650 1928 in

2071 1955 2306 2026 Josepbo
2329 1973 2414 2012 res
2438 1972 2505 2012 eo
2539 1957 2700 2011 modo
2731 1968 2948 2027 peracta
2975 1973 3082 2013 non
3113 1968 3213 2025 est,
3245 1961 3341 2015 sed
3383 1966 3650 2020 somnium

2075 2050 2311 2104 narravit
2341 2050 2548 2105 Pharao
2575 2068 2588 2104 :
2636 2067 2802 2120 prope
2831 2053 2973 2106 cnim
3022 2061 3137 2107 erat
3165 2063 3372 2125 tempus
3398 2066 3647 2110 eventus.

2070 2142 2437 2196 Admiratione
2459 2152 2636 2196 antem
2667 2143 2885 2213 dignum
2915 2153 3018 2208 est,
3038 2145 3308 2212 quomodo
3333 2146 3383 2200 in
3414 2147 3652 2219 Egyptu

2073 2234 2270 2302 lingere
2296 2233 2496 2302 aliquid
2537 2235 2806 2288 noluerint
2839 2235 3105 2302 sapientes
3124 2235 3650 2306 Egyptiorunhcum

2070 2325 2273 2379 milium
2316 2327 2438 2381 inde
2485 2327 2778 2395 perieulum
2808 2328 2934 2382 oriri
2964 2330 3238 2397 potuisset,
3267 2330 3359 2384 sed
3385 2330 3516 2386 fassi
3546 2333 3653 2387 sint

2068 2430 2127 2471 se
2157 2415 2381 2472 haerere.
2416 2417 2566 2484 Quod
2609 2419 2654 2472 si
2696 2420 2902 2473 somnia
2947 2419 3242 2488 dijurlicare
3283 2423 3570 2488 nesciant,
3601 2425 3649 2477 iu

2065 2524 2169 2578 qua
2201 2524 2259 2564 rc
2280 2509 2382 2563 aiia
2413 2511 2514 2566 illis
2540 2512 2868 2566 credendum
2899 2513 3021 2568 est?
3045 2515 3296 2581 Alioquin
3326 2525 3506 2572 autem
3543 2518 3652 2572 illic

2068 2619 2171 2657 non
2196 2603 2479 2672 oportebat
2519 2603 2570 2658 id
2599 2605 2712 2659 ﬁeri
2747 2619 2760 2656 :
2793 2615 2848 2659 at
2889 2606 2940 2660 in
2979 2608 3256 2676 prephetia
3288 2609 3507 2680 Iosephi
3541 2629 3653 2666 ma-

2065 2695 2259 2750 nifesto
2295 2696 2487 2749 factum
2518 2703 2623 2762 est,
2652 2704 2708 2750 et
2737 2697 2968 2751 maxime
3005 2698 3059 2751 in
3087 2701 3366 2756 eunuchis.
3406 2701 3650 2758 Observa

2064 2795 2244 2841 autem
2279 2785 2422 2855 quod
2451 2785 2686 2840 Chaldaei
2720 2801 2824 2840 non
2877 2799 3137 2844 Vucarunt
3189 2789 3505 2857 Danielcm;
3557 2796 3650 2848 sed

2064 2880 2370 2934 maluerunt
2398 2879 2532 2933 mori
2558 2920 2572 2944 ,
2601 2893 2761 2950 quam
2795 2881 2941 2934 illum
2970 2897 3221 2936 sermone
3251 2886 3531 2938 nominum
3565 2903 3654 2940 ce-

2063 2970 2324 3025 lcbratum
2375 2971 2594 3025 intueri.
2643 2970 2906 3040 Numquid
2958 2971 3078 3026 ideo
3123 2981 3326 3028 tantum
3377 2978 3651 3032 somnium

2064 3064 2232 3118 visum
2276 3063 2481 3130 fuerat,
2523 3073 2582 3118 ut
2628 3063 2812 3118 Daniel
2853 3065 3253 3133 suspiceretur?
3299 3067 3350 3121 ld
3393 3071 3651 3138 equidem

2064 3169 2168 3210 non
2214 3156 2463 3210 dixerim.
2520 3155 2847 3225 Quamquam
2894 3157 3018 3210 licet
3065 3172 3126 3211 ea
3168 3157 3441 3214 dumtaxat
3481 3178 3650 3217 causa

2063 3246 2287 3312 fuisset,
2320 3261 2568 3316 magnum
2614 3258 2760 3300 certe
2803 3255 2855 3300 et
2899 3246 3211 3302 admirabile
3245 3259 3387 3304 esset
3413 3249 3652 3317 facinus,

2063 3347 2258 3393 tantam
2294 3339 2388 3394 Dei
2427 3339 2748 3408 agnitionem
2792 3340 3099 3409 contigisse.
3137 3341 3206 3394 At
3234 3357 3339 3395 non
3373 3342 3488 3398 lucc
3533 3347 3653 3398 sola

2062 3430 2196 3485 ratio
2225 3430 2338 3484 fuit.
2365 3429 2618 3496 Quianam
2646 3429 2803 3499 igitur
2823 3431 2920 3484 alia
2945 3431 2967 3483 ‘l
2991 3429 3061 3484 L't
3084 3439 3138 3484 et
3155 3429 3656 3489 Nabuchodonosor

2062 3520 2355 3576 modestius
2395 3521 2462 3574 de
2492 3536 2550 3574 se
2581 3523 2800 3575 sentiret
2821 3564 2834 3586 ,
2867 3522 3084 3576 eductus
3115 3538 3219 3576 non
3247 3539 3456 3590 semper
3485 3540 3656 3580 suum

2059 3630 2222 3684 genus
2242 3614 2636 3668 dominaturum
2669 3614 2743 3686 (si
2775 3616 2915 3670 enim
2945 3615 3104 3668 etiam
3139 3626 3254 3684 post
3284 3616 3368 3669 illa
3392 3632 3515 3685 qua:
3549 3619 3656 3688 ipsi

2059 3707 2197 3759 dicta
2227 3716 2371 3767 sunt,
2398 3705 2524 3757 nihil
2549 3704 2712 3759 fastus
2739 3705 2962 3768 remisit,
2991 3706 3155 3764 multo
3181 3706 3344 3775 magis
3373 3707 3416 3759 si
3442 3721 3506 3761 ea
3552 3709 3656 3778 ipsi

2059 3799 2198 3853 dicta
2224 3813 2326 3852 non
2357 3796 2636 3867 fuissent);
2671 3808 2927 3867 pneterea
2961 3807 3015 3850 ut
3058 3799 3219 3851 Dcmn
3250 3799 3487 3852 omnium
3524 3817 3659 3856 esse

2063 3889 2341 3944 Domiumn
2388 3898 2717 3957 agnosceret.
2768 3889 3204 3957 Quandoquidem
3234 3890 3374 3942 enim
3418 3894 3660 3944 somniis

2057 3984 2324 4055 pnccipue
2351 3981 2654 4045 studebant,
2679 3981 2876 4034 idcirco
2903 3982 2997 4034 ista
3023 3991 3332 4036 evenerunt.
3361 3981 3493 4038 llinc
3528 3984 3660 4038 illus

2059 4075 2128 4130 de
2157 4074 2346 4130 futuris
2373 4074 2656 4144 persuadet
2687 4092 2698 4127 :
2725 4083 2779 4128 et
2808 4075 3002 4144 quonia
3027 4093 3056 4126 u
3089 4078 3317 4130 maxime
3339 4075 3408 4129 ob
3433 4075 3662 4132 futuro-

2057 4182 2172 4220 rmn
2203 4167 2586 4234 praiseicntiam
2610 4165 2740 4220 deos
2763 4164 3170 4220 venerabantur.
3204 4165 3413 4220 Etenim
3443 4182 3654 4225 omnes

2057 4258 2269 4314 iilorum
2295 4257 2574 4327 przestigize
2603 4258 2652 4310 in
2681 4271 2746 4311 eo
2775 4257 2986 4327 negotio
3012 4257 3375 4312 versabantur.
3404 4259 3491 4313 15.
3521 4279 3545 4310 ι
3591 4263 3658 4316 lit

2056 4351 2318 4406 sententia
2342 4365 2552 4419 egressa
2571 4358 2674 4414 est,
2703 4358 2757 4403 et
2785 4349 3051 4418 sapientes
3074 4349 3528 4404 interficiebantur
3547 4354 3660 4423 (ri);

2058 4455 2112 4501 ct
2143 4443 2323 4498 Daniel
2350 4443 2616 4512 amicique
2655 4441 2773 4510 ejus
2811 4442 3184 4512 qnzercbantur
3203 4442 3269 4495 ad
3305 4457 3518 4498 necem.
3561 4446 3662 4501 14.

2057 4539 2206 4594 Tunc
2224 4537 2404 4592 Daniel
2428 4537 2701 4607 restioudit
2725 4535 3010 4591 consilium
3039 4545 3093 4590 et
3120 4537 3438 4589 sententiam
3471 4539 3661 4592 Ario-

2059 4631 2159 4686 cho
2190 4631 2412 4700 principi
2447 4643 2738 4699 coquorum
2777 4629 2936 4698 regis,
2965 4628 3056 4697 qui
3088 4641 3334 4696 egressura
3372 4626 3558 4685 fuerat
3589 4631 3664 4684 ad

2059 4721 2453 4776 interficiendos
2477 4719 2750 4789 sapientes
2776 4718 3083 4790 Babylonis.
3115 4719 3202 4775 i5.
3247 4718 3316 4772 Et
3345 4719 3665 4792 interroga-

2058 4815 2148 4871 bat
2186 4830 2306 4870 eum
2331 4814 2514 4868 dicens
2538 4829 2552 4867 :
2577 4812 2835 4881 Princeps
2863 4812 3025 4882 regis,
3047 4813 3395 4882 quamobrem
3413 4825 3665 4883 egressa

2057 4969 2346 5018 monarehiie
2367 4969 2412 5034 in
2437 4966 2665 5029 plurimas
2687 4973 2863 5034 gentes
2881 4967 3122 5016 exstincto
3141 4965 3514 5030 Nabopolassaro
3541 4985 3665 5034 par-

2057 5037 2151 5088 te;
2176 5043 2284 5092 qua:
2307 5029 2564 5078 multorum
2587 5031 2828 5077 sententia
2854 5036 2945 5076 est.

2122 5095 2192 5154 tu)
2225 5092 2558 5140 't‘heodoretus
2591 5105 2603 5139 :
2650 5103 2872 5153 worn-Abs,
2917 5102 2998 5139 ἀλλ’
3023 5103 3063 5140 οὗ
3105 5104 3286 5151 pannus.
3339 5103 3381 5142 τὸ
3429 5105 3667 5157 ινχιίᾳιςμα,

2057 5163 2182 5205 inium:
2205 5172 2385 5216 πξοφανῶς
2412 5167 2471 5202 καὶ
2495 5161 2718 5211 Summave:
2741 5163 2882 5214 ἷρημωΐ
2916 5162 3106 5217 siluis-nit:
3130 5167 3194 5215 γὰρ
3217 5171 3276 5217 ut
3297 5167 3401 5217 sileo;
3424 5169 3669 5217 πηλιειξ..

2059 5215 2246 5272 ιεωσωνζ
2281 5215 2422 5277 ato?”
2454 5231 2651 5278 μηχανοξται
2686 5231 2769 5278 sui;
2815 5225 2978 5278 ὑπηκόοις
3019 5215 3210 5270 hastato-4.
3253 5216 3326 5262 Ᾱη
3350 5215 3673 5278 degentium

2058 5287 2264 5334 σπωδαξοις
2300 5276 2602 5339 wgitemus?
2638 5276 2847 5324 Edictum
2881 5277 3060 5383 quippe
3086 5291 3178 5324 non
3204 5279 3252 5324 in
3275 5276 3464 5325 Jtldsos
3487 5282 3674 5340 prola-

2059 5347 2160 5383 tum
2185 5347 2304 5383 erat.
2325 5339 2410 5383 sed
2437 5339 2485 5383 in
2506 5339 2755 5383 sapientes
2785 5341 2905 5383 Babv
2925 5338 3076 5383 onios_
3113 5339 3240 5383 inter
3261 5351 3383 5383 auos
3399 5341 3544 5383 nauci
3575 5349 3674 5383 ,ιιι-

2059 5347 2160 5407 tum
2185 5347 2304 5407 erat,
2325 5338 2410 5386 sed
2437 5339 2485 5386 in
2506 5339 2755 5398 sapientes
2781 5338 3240 5407 liabyloiiios,_iiiter
3261 5351 3383 5400 quos
3399 5338 3545 5400 pauci
3575 5349 3674 5390 ,ιιι-

2057 5401 2166 5450 dmi.
2192 5403 2442 5462 Sapientes
2463 5397 2625 5448 autem
2649 5397 2810 5462 surculi
2847 5397 3008 5462 dictos,
3035 5397 3184 5462 fuisse
3209 5397 3422 5462 ποῦδαίουξ
3454 5411 3673 5462 constat

2059 5466 2205 5532 etiam
2229 5459 2292 5510 ex
2317 5462 2528 5532 Qrigene
2552 5459 2746 5532 notuit-ia
2767 5468 2908 5532 scuta
2927 5465 2974 5508 et
2993 5460 3053 5532 μ
3078 5462 3122 5532 in
3139 5461 3382 5532 Genesim.
3402 5460 3670 5530 Quidquid

2057 5526 2137 5580 sit,
2165 5524 2298 5584 locus
2339 5522 2630 5584 Theodoreti
2667 5523 2738 5570 sic
2771 5522 3164 5584 interpretandus
3203 5530 3311 5571 est:
3339 5522 3670 5584 Propositum

2059 5583 2340 5646 tyrannum,
2361 5595 2462 5646 non
2485 5583 2634 5646 regia:
2658 5582 2873 5646 potestati
2890 5582 3277 5646 adscribendum,
3296 5582 3520 5646 (equinae
3543 5586 3672 5636 cri-

2094 5643 2226 5695 enter
2249 5643 2524 5707 destitutum
2539 5643 2563 5694 ⁷ὲ
2581 5643 2914 5707 vanitaseur'm
2935 5643 3228 5707 etsuperbia
3249 5643 3534 5707 potestatem
3565 5648 3660 5697 Im-

2059 5709 2219 5757 lrcutcs
2249 5706 2555 5772 adjunctmu,
2595 5705 2855 5772 perniciem
2893 5705 3155 5772 moliuntur
3194 5705 3397 5759 subditis
3434 5705 3670 5772 Juda'is,

2063 5777 2146 5820 aut
2167 5765 2360 5830 melius,
2383 5765 2680 5820 subditorum
2699 5765 3008 5832 expirantibus.
