3724 6272
305 188 401 262 ροί
748 230 757 239 κ
1016 191 1074 247 s.
1114 142 1399 248 πόλεως
1436 174 1924 245 cuano‘sTom
1963 176 2279 240 ARCHIEP.
2316 183 2863 243 coxsnmmop.

308 310 547 376 ἀναιδεῖς
600 308 710 381 γὰρ
758 304 981 372 τούτους
1041 306 1343 378 καλοῦμεν,
1390 305 1716 376 Ἐγνώρισε
1748 302 1817 356 δὲ
1858 301 1893 355 ὃ

320 409 531 478 Ἀριὼχ
555 405 634 472 τῷ
663 404 891 472 Δανιὴλ
924 402 990 457 τὸ
1013 400 1198 473 ῥῆμα.
1238 399 1350 457 Kal
1393 398 1618 469 Δανιὴλ
1648 397 1890 467 ἐξῆλθε,

307 505 410 559 καὶ
430 504 657 572 ἠξίωσε
683 500 792 555 τὸν
814 498 1079 565 βασιλέα
1116 498 1272 564 ὅπως
1326 499 1548 567 χρόνον
1591 494 1752 560 αὐτῷ
1786 492 1890 559 δῷ,

308 601 408 655 καὶ
446 600 559 671 τὴν
595 598 919 667 σύγκρισιν
965 594 1070 649 τοῦ
1112 593 1404 647 ἐνυπνίου
1448 592 1782 663 ἀπαγγείλῃ
1815 587 1894 654 τῷ

303 695 571 762 ⁶βασιλεῖ.
607 692 900 764 Θαύμασον
939 688 1057 753 πῶς
1101 688 1401 761 ἐπέτρεψεν
1462 689 1685 751 ἐκεῖνος.
1738 684 1889 759 [Ξο8]

309 792 455 869 Ὅρα
480 791 755 863 πανταχοῦ
791 789 1000 851 πάντας
1023 786 1379 858 πειθομένους
1409 785 1746 858 αὐτῷ.”υθεν
1778 786 1894 851 πῶς

311 890 667 946 ὑπώπτευσεν
715 885 890 957 ἀληθῆ
919 884 1099 953 λέγειν
1151 881 1351 949 αὐτόν;
1412 881 1527 945 πῶς
1573 882 1672 936 οὐκ
1719 878 1892 945 εἶπεν,

313 990 515 1051 πάντες
563 982 926 1056 ἠλέγχθησαν,
965 981 1323 1053 ὡμολόγησαν
1382 978 1456 1051 μὴ
1503 975 1644 1033 εἶναι
1684 978 1897 1049 ἀνθρωο

314 1085 476 1159 πίνης
509 1082 724 1155 φύσεως
745 1075 902 1134 τοῦτο
937 1095 950 1110 ·
971 1079 1066 1133 καὶ
1086 1079 1150 1131 σὺ
1169 1076 1440 1148 βάρϐαρος
1470 1075 1565 1137 ὢν,
1604 1073 1767 1129 πόθεν
1792 1075 1894 1128 οῖει

314 1177 729 1253 περιγενέσθαις
814 1174 955 1229 Ἀλλ’
1025 1175 1155 1229 ὅταν
1209 1175 1238 1227 6
1295 1173 1428 1237 Θεὸς
1482 1172 1738 1243 οἰκονομῇ
1803 1171 1897 1223 καὶ

315 1271 809 1349 προκατασκευάζῃ
883 1270 954 1326 τὰ
1026 1271 1351 1344 πράγματα,
1430 1267 1595 1339 μηδὲν
1674 1265 1892 1337 ἀπόρει.

319 1372 529 1435 Ἀλλως
552 1370 609 1424 δὲ
636 1368 731 1424 καὶ
755 1366 1038 1422 ἀκίνδυνον
1058 1360 1126 1437 ἦν
1149 1365 1235 1418 ἐπ’
1257 1363 1420 1418 αὐτὸν
1447 1362 1573 1417 ὐστε
1582 1379 1672 1434 ρον
1696 1360 1893 1415 ἐλθεῖν.

316 1469 474 1533 Τίνος
502 1467 690 1522 ἕνεκεν
720 1462 821 1519 οὐκ
864 1459 1066 1526 εὐθέως
1105 1460 1255 1533 αὐτῷ
1295 1462 1324 1514 6
1354 1458 1489 1524 Θεὸς
1534 1456 1849 1528 ἀπεκάλυψε
1880 1473 1896 1522 ;

316 1563 541 1637 Πρῶτον
583 1562 680 1634 μὲν
710 1559 853 1613 ὥστε
893 1556 1196 1629 κατάδηλον
1246 1555 1497 1625 γενέσθαι
1539 1554 1602 1607 τὸ
1641 1554 1894 1625 πρᾶγμα,

315 1664 458 1720 ὥστε
478 1661 673 1730 αὐτοὺς
705 1660 763 1712 ἐν
798 1655 958 1729 χρείᾳ
985 1657 1327 1727 καταστῆναι
1348 1652 1538 1723 πολλῇ.
1579 1650 1642 1704 EE
1671 1650 1784 1721 γὰρ
1803 1649 1899 1703 καὶ

316 1759 608 1835 προφήτης
648 1750 740 1828 ἦν,
779 1754 932 1824 ὅμως
959 1751 1221 1823 ἠγνόησε.
1252 1749 1424 1805 Πάλιν
1456 1766 1540 1804 σοι
1561 1747 1651 1802 διὰ
1672 1746 1899 1803 δικαίων

316 1856 687 1924 ἀπολογεῖται,
738 1851 954 1914 δεικνὺς
994 1849 1077 1903 ὅτι
1134 1847 1362 1911 ἐκείνοις
1410 1846 1513 1900 οὐκ
1564 1844 1732 1898 ἔδωκε
1768 1841 1901 1914 μέλ-

316 1955 469 2009 λουσι
502 1949 834 2006 κινδυνεύειν
884 1945 1057 2019 χωρὶς
1112 1945 1276 2017 εὐχῆς
1309 1946 1665 2017 καρτερικῆς,
1719 1939 1900 2011 πολλῷ

327 2034 527 2123 μᾶλλον
559 2046 642 2125 col
668 2046 727 2099 οὐ
763 2041 947 2098 δώσει.
983 2041 1082 2095 Διά
1110 2041 1271 2099 τοῦτο
1295 2038 1572 2110 πανταχοῦ
1600 2038 1701 2102 τὰς
1736 2037 1901 2107 εὐχὰς

316 2141 759 2206 αίτεῖὸηαῦλος,
797 2137 879 2209 Τῇ
923 2130 1240 2207 προσευχῇ
1282 2134 1898 2204 προσκαρτεροῦντες,

316 2242 561 2315 γράφων.
581 2240 655 2294 Οὐ
672 2237 783 2309 γὰρ
795 2237 955 2309 ἀρκεῖ
979 2234 1093 2305 βίος
1115 2232 1373 2305 καθαρὸς,
1393 2230 1489 2284 ἐὰν
1503 2229 1629 2302 [μὴ]
1650 2230 1742 2282 καὶ
1768 2228 1900 2300 εὐχὴ

318 2340 520 2412 προσῇ.
545 2337 689 2407 Ὅρα
740 2332 903 2387 πάλιν
945 2328 1044 2401 τὴν
1095 2329 1280 2383 πίστιν
1321 2326 1488 2381 αὐτοῦ
1527 2325 1620 2397 τὴν
1675 2323 1899 2396 πολλήν.

319 2434 583 2506 Δεύτερος
626 2423 782 2495 οὗτος
822 2427 1017 2491 ἆθλος·
1059 2426 1155 2480 καὶ
1199 2425 1409 2479 πάλινὸ
1437 2423 1639 2497 Δανιὴλ
1686 2424 1901 2495 ἡγεῖται

317 2532 414 2589 τοῦ
438 2531 781 2604 πράγματος,
829 2525 920 2581 καὶ
962 2525 1153 2598 χρόνον
1189 2525 1331 2578 αἰτεῖ
1381 2522 1902 2594 παρεσκευασμένον

320 2606 459 2702 πρὸς
484 2626 685 2698 πολλὴν
734 2624 1030 2697 καρτερίαν
1065 2621 1158 2675 καὶ⁵
1183 2620 1369 2690 εὐχήν.
1406 2618 1571 2672 Ὥστε
1612 2618 1711 2672 οὐκ
1746 2617 1901 2689 ἠξίου

320 2712 520 2789 εὐθέως
546 2720 839 2779 ἀκούεσθαι
863 2737 876 2750 ·
910 2717 1109 2772 ἔδωκεν
1130 2718 1336 2780 ἐκεῖνος
1355 2714 1453 2786 τὴν
1478 2716 1659 2788 χάριν,
1687 2715 1903 2770 ἀνεκοι-

320 2823 529 2879 νώσατο
573 2823 684 2884 τοῖς
736 2818 931 2888 φίλοις.
990 2815 1127 2871 Τότε
1172 2812 1252 2879 τῷ
1308 2813 1533 2882 Δανιὴλ
1564 2812 1905 2884 μυστήριον

320 2919 715 2988 ἀπεκαλύφθη
750 2916 820 2970 ἐν
848 2914 1096 2984 ὁράματι
1146 2913 1387 2978 νυκτός.
1436 2911 1548 2966 Καὶ
1595 2913 1903 2982 εὐλόγησε

320 3017 427 3073 τὸν
456 3016 603 3072 Θεὸν
623 3013 730 3069 τοῦ
750 3010 1013 3080 οὐρανοῦ
1037 3008 1284 3077 Δανιὴλ,
1317 3007 1416 3063 καί
1456 3004 1627 3063 εἶπεν
1652 3026 1666 3040 ·
1690 3009 1802 3077 Ετη
1834 3008 1903 3063 τὸ

322 3117 509 3185 ὄνομα
546 3111 652 3167 τοῦ
706 3109 854 3164 Θεοῦ
890 3107 1302 3178 εὐλογημένον
1339 3105 1458 3163 ἀπὸ
1510 3106 1619 3161 τοῦ
1658 3105 1900 3173 αἰῶνος,

321 3212 418 3269 καί
448 3212 556 3279 ἕως
589 3208 695 3264 τοῦ
739 3204 977 3272 αἰῶνος,
1000 3204 1091 3259 ὅτι
1122 3204 1160 3272 ἠ
1203 3203 1392 3274 σοφία
1425 3202 1524 3258 καί
1562 3205 1600 3274 ἠ
1651 3205 1905 3271 σύνεσις

321 3309 422 3366 καὶ
450 3308 489 3379 ἡ
512 3304 691 3377 ίσχὺς
714 3303 902 3359 αὐτοῦ
938 3302 1091 3357 ἐστι.
1137 3297 1248 3355 Kal
1289 3301 1471 3368 αὐτὸς
1501 3300 1743 3357 ἀλλοιοῖ
1769 3303 1907 3372 χρό-

320 3421 470 3473 νους
490 3404 589 3461 καὶ
618 3402 883 3471 καιροὺς,
910 3396 1165 3466 καθιστᾷ
1182 3398 1467 3466 ,βασιλεῖς
1496 3399 1595 3454 καὶ
1624 3398 1902 3469 μεθιστᾷ,

321 3502 527 3569 διδοὺς
574 3498 801 3570 σοφίαν
848 3496 975 3563 τοῖς
1019 3495 1255 3567 σοφοῖς,
1304 3495 1405 3550 καὶ
1438 3496 1741 3566 φρόνησιν
1780 3495 1906 3563 τοῖς

322 3599 557 3656 αιτοῦσι
578 3597 857 3651 σύνεσιν.
897 3591 1093 3660 Αὐτὸς
1127 3593 1544 3648 ἀποκαλύπτει
1576 3593 1773 3658 ,βαθέα
1804 3594 1904 3647 καὶ

322 3697 635 3764 όπόκρυφα
653 3731 669 3757 ,
695 3689 1007 3761 γινώσκων
1022 3688 1095 3742 τὰ
1122 3687 1194 3742 ἐν
1211 3686 1294 3756 τῷ
1319 3688 1543 3743 σκότειο
1560 3688 1659 3744 καί
1684 3688 1750 3743 τό
1779 3687 1906 3758 φῶς

320 3790 444 3862 μετ’
468 3786 656 3844 αὐτοῦ
680 3787 832 3843 ἐστι.
878 3785 981 3840 Σοὶ
1001 3826 1016 3851 ,
1048 3787 1081 3839 ό
1112 3784 1261 3851 Θεὸς
1294 3784 1417 3839 τῶν
1447 3784 1719 3854 πατέρων
1762 3803 1902 3855 μου,

322 3885 814 3959 ἐξομολογοῦμαι,
848 3882 948 3937 καὶ
988 3880 1169 3948 αινῶ,
1204 3881 1294 3935 ὅτι
1334 3880 1562 3951 σοφίαν
1604 3881 1703 3935 καί
1758 3882 1907 3936 σύν-

323 4001 461 4039 εσιν
489 3978 717 4048 ἔδωκάς
744 3997 866 4051 μοι,
896 3978 995 4033 καὶ
1017 3973 1134 4033 νῦν
1173 3974 1503 4048 ἐγνώρισάς
1522 3994 1622 4048 μοι
1660 3976 1697 4032 d
1729 3975 1906 4046 ἠξιώ-

325 4090 521 4152 σαμεν
558 4079 717 4147 παρὰ
743 4077 879 4132 σοῦ.
933 4072 1159 4130 Οὐδέπω
1198 4074 1448 4145 φανερῶς
1502 4073 1651 4147 αὐτῷ
1694 4073 1906 4130 ἀπεκα-

280 4220 301 4239 .
324 4177 524 4248 λύφθη,
570 4175 683 4230 ἀλλ’
708 4173 788 4227 ἐτι
840 4175 903 4227 ἐν
951 4173 1222 4242 δράματιυ
1258 4172 1706 4243 προγυμνάζεται
1742 4173 1850 4244 γὰρ
1879 4172 1908 4226 6

325 4275 633 4346 προφήτης.
667 4273 809 4342 Ὅρα
836 4269 893 4323 δέ
923 4268 1086 4323 αὐτοῦ
1107 4270 1209 4341 τὴν
1238 4269 1573 4342 παρρησίαν.
1596 4268 1692 4332 Τίς
1711 4271 1745 4339 ἡ
1768 4269 1908 4338 γνὼ-

331 4389 429 4445 μη,
459 4371 614 4441 φησὶ,
649 4370 685 4440 ἡ
723 4365 948 4436 ἀναιδὴς
985 4365 1163 4434 αὖτη”ς
1211 4366 1442 4437 Ἔμοιγε
1480 4364 1629 4419 δοκεῖ
1676 4364 1771 4418 καὶ
1802 4364 1909 4436 πρὸ

326 4469 428 4541 τῆς
476 4465 755 4538 εὖρήσεως
805 4459 1174 4515 κεκωλυκέναι
1222 4461 1312 4515 τὸν
1364 4461 1761 4533 ἀρχιμάγειρον
1811 4464 1910 4534 τῆς

331 4565 568 4637 σφαγῆς,
598 4559 677 4631 τῷ
698 4576 756 4612 τε
783 4558 1157 4630 κατηγορῆσαι
1196 4559 1296 4629 τῆς
1325 4559 1714 4630 ἐγχειρήσεως,
1748 4558 1827 4631 τῷ
1850 4577 1910 4612 τε

329 4656 662 4731 ὑποσχέσθαι
690 4654 844 4710 λύσιν
880 4652 1058 4723 εὑρεῖν
1088 4648 1184 4708 τοῦ
1223 4653 1418 4710 δεινοῦ.
1460 4653 1526 4707 Τί
1562 4648 1655 4708 οὖν
1701 4655 1912 4708 ἀπεκα-

329 4757 507 4829 λύφθη
535 4755 611 4828 τῷ
638 4752 864 4824 Δανιήλς
891 4750 1048 4806 Ἐστι
1073 4750 1182 4822 γὰρ
1214 4751 1311 4805 καὶ⁵
1340 4751 1398 4805 ἐν
1420 4751 1596 4821 ἁγίοις
1630 4751 1870 4825 ὑπεροχή
1893 4770 1907 4785 ·

330 4855 412 4910 διὸ
436 4853 532 4909 καὶ
564 4852 726 4915 αὐτὸς
775 4850 1131 4922 προτιμᾶται.
1164 4848 1275 4902 Kal
1302 4846 1420 4913 πῶς
1446 4843 1618 4914 εἶδενς
1662 4850 1750 4903 Ἐν
1782 4849 1913 4921 ὁρά-

334 4968 487 5023 ματι,
510 4950 666 5021 φησὶ,
698 4948 760 5001 οὐ
801 4944 945 5002 κατὰ
976 4944 1325 5018 ἀνθρωπίνην
1351 4946 1565 5017 σοφίαν.
1596 4947 1707 5001 Καὶ
1732 4947 1911 5011 καλῶς

334 5046 637 5120 μυστήριον
669 5043 801 5097 αὐτὸ
831 5042 1004 5108 καλεῖ,
1036 5042 1065 5095 ὃ
1099 5041 1265 5095 πᾶσιν
1320 5042 1573 5114 ἠγνόητο.
1610 5043 1720 5099 Kal
1762 5042 1912 5097 εὐλό-

330 5160 468 5215 γησε
491 5141 583 5196 τὸν
608 5139 740 5194 Θεὸν
764 5137 858 5192 τοῦ
885 5137 1137 5211 οὐρανοῦ.
1170 5137 1273 5191 Τὸν
1300 5138 1716 5211 παντοκράτορά
1740 5156 1906 5210 φησι·

331 5238 601 5300 τουτέστι,
631 5235 722 5289 τὸν
755 5230 851 5288 καῖ
887 5234 1006 5288 ἐκεῖ
1031 5234 1089 5288 ἐν
1123 5233 1189 5305 τῆ
1236 5233 1527 5307 βαρϐάρων
1561 5231 1711 5308 χώρᾳ
1748 5233 1910 5290 δυνά-

335 5352 514 5408 μενον.
556 5329 809 5403 Οὐδαμοῦ
846 5329 1029 5395 θυσία,
1067 5330 1161 5385 καὶ
1184 5326 1330 5397 ναὸς,
1357 5331 1453 5384 καὶ
1499 5330 1908 5405 θυσιαστήριον,

332 5432 470 5488 ἀλλὰ
513 5430 834 5503 προαίρεσις
882 5427 1094 5499 ἀγαθή’
1131 5426 1227 5482 καὶ
1274 5426 1451 5482 πάντα
1486 5426 1698 5497 ἠνύετο.
1746 5427 1909 5500 Ὅρα,

336 5529 474 5600 μετά
508 5526 568 5582 τὸ
599 5526 783 5581 λαϐεῖν
815 5524 913 5598 τὴν
955 5525 1192 5596 αἴτησιν,
1242 5524 1304 5578 οὐ
1356 5524 1622 5597 πρότερον
1675 5525 1912 5598 ἔδραμεν

334 5625 428 5681 ἐπὶ
445 5625 544 5697 τὴν
568 5624 736 5698 αὐλὴν
769 5623 864 5681 τοῦ
888 5622 1176 5697 βασιλέως,
1216 5622 1323 5687 ἐως
1355 5615 1415 5677 οὗ
1443 5620 1521 5694 τῷ
1537 5620 1792 5678 δεδωκότι
1814 5623 1913 5694 χά-

335 5739 421 5795 ριν
463 5721 779 5797 ὡμολόγησε
832 5720 933 5795 τὴν
997 5721 1321 5795 μεγίστην
1348 5720 1411 5777 οὐ
1454 5720 1707 5793 καθάπερ
1744 5722 1906 5796 ἡμεῖς

3471 183 3594 241 εοτ

2003 300 2263 366 πολλάκις
2325 301 2431 355 ὑπὸ
2464 304 2563 375 τῆς
2606 305 2782 376 χαρᾶς
2829 303 2939 358 τῶν
2995 302 3443 374 κατορθουμένων
3485 302 3595 355 καὶ⁹

2001 396 2471 470 ἐπιλανθανόμεθα
2500 399 2601 470 τῆς
2628 399 3069 471 εὐγνωμοσύνης.
3115 399 3253 452 Ἀλλ’
3290 393 3446 462 οὗτος
3482 398 3596 467 οὐχ

2000 491 2206 557 οὕτως·
2259 494 2396 548 ἀλλά
2429 495 2695 568 εὐλόγησε
2726 497 2818 551 τὸν
2856 497 3009 561 Θεὸν,
3043 498 3138 551 καὶ
3167 492 3348 551 εἶπενο
3374 497 3486 564 Εἷη
3520 494 3596 549 τὸ

2003 586 2190 658 ὄνομα
2239 590 2346 645 τοῦ
2392 591 2539 646 Θεοῦ
2569 593 2977 663 εὐλοῃυιένον
3029 592 3149 648 ἀπὸ
3180 593 3287 649 τοῦ
3341 591 3592 656 αἰῶνος,

2002 682 2101 737 καί
2133 683 2243 751 ἕως
2281 686 2388 741 τοῦ
2423 686 2656 753 αἰῶνος.
2696 688 2848 761 [209]
2892 688 3083 759 Ἥμεῖς
3125 689 3223 759 μὲν
3247 688 3378 760 γὰρ,
3425 687 3590 758 φησὶ.

2004 779 2328 852 πρόσκαιροι
2353 783 2446 836 καὶ
2472 783 2846 855 ὀλιγοχρόνιοι,
2875 784 2935 837 οὐ
2963 783 3236 856 μὴνύπέρ
3266 780 3359 837 τοῦ
3390 781 3593 853 χρόνου

2000 874 2190 930 τούτου
2223 877 2323 947 τὴν
2344 876 2594 947 εὐλογίαν
2609 879 3029 950 ἀναπέμπομεν,
3053 879 3164 933 ἀλλ’
3186 880 3326 952 ὑπὲρ
3344 880 3553 942 παντὸς
3574 894 3589 909 ο

2001 971 2099 1043 οὐχ
2121 972 2261 1044 ὑπὲρ
2290 965 2351 1026 οὗ
2385 972 2593 1045 ζῶμεν,
2632 973 2770 1029 ἀλλά
2807 975 2901 1029 καί⁸
2939 975 3079 1045 ὑπὲρ
3096 974 3288 1028 τούτου
3327 976 3449 1046 μὲν,
3482 976 3589 1028 καὶ

2003 1070 2144 1142 ὑπὲρ
2166 1071 2260 1124 τοῦ
2284 1071 2393 1143 πρὸ
2419 1069 2634 1136 τούτου,
2674 1071 2771 1126 καὶ
2816 1072 2955 1144 ὑπὲρ
2990 1072 3086 1125 τοῦ
3119 1072 3427 1143 μέλλοντος.
3473 1071 3595 1124 Ἀεὶ

2002 1166 2163 1222 αὐτὸν
2181 1166 2515 1237 εὐλογεῖσθαι
2544 1167 2668 1240 χρὴ,
2690 1164 2783 1222 καὶ
2804 1168 3062 1238 φαίνοντα
3086 1168 3179 1222 καὶ
3202 1168 3278 1240 μὴ
3302 1169 3595 1237 φαίνοντα.

2004 1263 2101 1317 Διά
2132 1264 2331 1328 παντὸς
2357 1263 2465 1336 γὰρ
2497 1266 2530 1336 ὴ
2565 1265 2789 1336 πρόνοια
2824 1265 2988 1318 αὐτοῦ
3020 1264 3263 1319 τέταται.
3298 1265 3440 1335 Ὅρα
3468 1263 3597 1327 πῶς

2003 1358 2093 1414 διὰ
2124 1361 2224 1431 τῆς
2262 1360 2613 1433 εὐχαριστίας
2657 1360 2910 1433 ἐμφαίνει
2956 1359 3050 1414 καὶ
3094 1358 3193 1432 τὴν
3236 1359 3438 1428 γνῶσιν
3479 1359 3602 1413 τῶν

2004 1456 2319 1529 ὀνειράτων.
2364 1458 2495 1512 Ὀτι
2526 1456 2565 1526 ἠ
2605 1457 2824 1528 σοφία,
2864 1455 2963 1512 καὶ
2996 1458 3035 1526 ἡ
3072 1457 3360 1524 σύνεσις,
3400 1456 3503 1511 καί
3555 1458 3599 1525 ἠ

2005 1554 2187 1624 ἰσχὺς
2203 1554 2390 1609 αὐτοῦ
2409 1555 2542 1610 ἐστι
2559 1573 2574 1586 ·
2598 1554 2863 1621 τουτέστι,
2885 1554 2947 1609 τὸ
2968 1554 3167 1608 εἰδέναι
3186 1554 3253 1609 τὰ
3272 1555 3468 1623 πάντα,
3499 1556 3603 1608 καὶ

2006 1652 2425 1725 προγινώσκειν.
2445 1655 2712 1711 Ἐνταῦθα
2729 1657 2799 1725 γά
2807 1672 2838 1728 ρ
2855 1655 3014 1710 τοῦτό
3034 1670 3189 1728 φησιο
3211 1656 3375 1720 αὐτὸς
3391 1651 3500 1709 οἵδε
3523 1654 3604 1707 τὰ

2006 1749 2204 1817 πάντα,
2227 1750 2378 1805 οὐδὲν
2407 1752 2610 1821 ἀγνοεῖ.
2636 1752 2701 1805 Τί
2726 1748 2820 1808 οὖν
2836 1770 2850 1819 ;
2866 1751 3036 1808 Τοῦτο
3068 1752 3262 1826 μόνον;
3286 1752 3604 1825 πρόγνωσιν

2008 1846 2120 1917 ἔχει
2149 1848 2341 1919 μόνον;
2370 1849 2481 1903 Kal
2506 1850 2605 1905 οὐκ
2632 1845 2807 1911 εἶπεν.
2828 1849 2962 1922 ἔχει,
2984 1850 3119 1916 ἀλλ’,
3140 1850 3335 1906 Αὑτοῦ
3356 1851 3509 1915 ἐστι,
3532 1850 3604 1903 τὸ

2009 1946 2238 2015 φυσικὸν
2258 1947 2390 2017 ἡμῖν
2412 1946 2613 2015 ἀγαθὸν
2644 1951 2993 2020 παραστῆσαι
3030 1947 3369 2020 βουλόμενος,
3405 1948 3486 2002 ὃτι
3533 1948 3606 2001 ἐκ

2010 2042 2223 2113 φύσεως
2238 2044 2410 2097 ταῦτα
2436 2044 2584 2116 αὐτῷ
2609 2044 2916 2118 πρόσεστιν.
2937 2045 3002 2098 Τί
3019 2041 3141 2112 οὖν;
3161 2045 3373 2117 πρόοιδε
3410 2047 3605 2118 μόνον,

2008 2140 2129 2212 οὐχὶ
2171 2140 2227 2195 δέ
2274 2142 2368 2195 καὶ
2405 2145 2584 2203 ποιεῖς
2636 2143 2779 2211 Ναὶ,
2822 2144 2914 2197 καὶ
2954 2144 3115 2197 ποιεῖ.
3168 2142 3425 2198 Ἀλλοιοῖ
3468 2161 3608 2198 καί·

2002 2237 2153 2308 ροὺς
2179 2237 2276 2293 καί
2300 2239 2579 2309 χρόνους.
2610 2238 2743 2310 Οὐχὶ
2764 2239 2863 2304 τὰς
2886 2240 3094 2313 τροπὰς
3115 2241 3310 2311 λέγων,
3334 2239 3472 2296 ἀλλὰ
3496 2240 3608 2304 τὰς

2008 2334 2118 2388 τῶν
2148 2336 2489 2407 πραγμάτων
2521 2335 2844 2408 μεταϐολάς.
2872 2336 3137 2407 Καθιστᾷ
3159 2336 3463 2405 βασιλεῖς,
3496 2339 3606 2391 καὶ

2005 2430 2278 2503 μεθιστᾷ.
2322 2434 2444 2487 Ὅτι
2483 2433 2785 2504 μεταϐολὰς
2823 2435 3134 2505 ἐργάζεται.
3164 2431 3288 2508 Ἆρ’
3318 2433 3410 2491 οὖν
3440 2436 3610 2491 τοῦτο

2013 2529 2196 2601 μόνον,
2218 2530 2300 2584 ὃτι
2330 2529 2542 2601 πρόοιδε
2572 2532 2665 2585 καὶ
2693 2533 2863 2601 ποιεῖς
2895 2532 3018 2605 οὐχὶ
3048 2535 3141 2588 καὶ
3168 2534 3295 2589 ἄλλο
3319 2533 3605 2605 μέγιστον,

2010 2626 2091 2680 δτι
2117 2628 2210 2681 καὶ
2233 2627 2436 2697 ἐτέροις
2463 2627 2787 2699 μεταδίδωσι
2808 2630 2997 2683 τούτου
3020 2628 3114 2683 τοῦ
3138 2629 3359 2698 είδὲναι;
3386 2630 3610 2698 Διδοῦς

2010 2725 2237 2795 σοφίαν
2267 2726 2391 2793 τοῖς
2431 2724 2644 2797 σοφοῖς
2669 2740 2684 2755 ·
2716 2726 2835 2797 οὐχὶ
2867 2724 2972 2799 πρὸ
3007 2725 3198 2781 τούτου
3234 2723 3352 2781 οὖσι
3391 2731 3609 2799 σοφοῖς,

2011 2819 2147 2875 ἀλλά
2176 2822 2288 2885 τοῖς
2314 2821 2498 2876 λαϐεῖν
2530 2835 2578 2879 ι.
2608 2821 2678 2875 Εἴ
2700 2839 2785 2886 τις
2813 2822 2973 2892 σοφὸς
3008 2823 3081 2895 μὴ
3111 2826 3242 2896 παρ’
3266 2824 3475 2879 ἐκείνου
3501 2826 3613 2893 τὴν

2014 2919 2205 2988 σοφίαν
2239 2920 2373 2990 ἔχει,
2405 2920 2465 2973 οὐ
2496 2918 2676 2988 σοφός.
2704 2919 2795 2992 Μὴ
2823 2920 3080 2991 νομίσατε
3112 2920 3307 2994 τέχνην
3335 2916 3475 2976 εἶναι
3504 2923 3615 2993 τῆς

2011 3015 2342 3086 Χαλδαῖκῆς.
2365 3016 2474 3070 Kal
2500 3016 2818 3085 φρόνησιν,
2849 3016 3011 3087 φησὶ,
3042 3015 3168 3085 τοῖς
3184 3017 3419 3074 αἰτοῦσι
3447 3020 3615 3073 σύν-

2012 3134 2165 3173 εσιν.
2188 3114 2320 3172 Εἶτα
2351 3118 2548 3189 ἴδωμεν
2573 3119 2800 3191 πότερον
2826 3120 2884 3187 ἐξ
2918 3121 3230 3194 ἐπιστήμης
3255 3122 3403 3193 αὐτῷ
3429 3140 3618 3194 προσ-

2013 3221 2268 3292 γέγονεν,
2299 3221 2334 3293 ﬂ
2366 3220 2507 3276 κατὰ
2541 3219 2723 3289 φύσιν.
2756 3220 2868 3275 Καὶ
2925 3220 3035 3293 γὰρ
3068 3223 3162 3277 καὶ
3198 3222 3356 3279 τοῦτο
3408 3224 3569 3293 λέγει
3596 3242 3613 3256 ο

2011 3322 2201 3390 Αὐτός
2250 3323 2660 3377 ἀποκαλύπτει
2696 3321 2895 3386 ,βαθέα
2944 3322 3043 3378 καί
3096 3325 3415 3396 ἀπόκρυφα
3451 3342 3468 3361 ·
3501 3327 3619 3381 οὐκ

2015 3419 2186 3491 εἶπεν,
2223 3424 2487 3497 εὑρίσκει,
2521 3423 2677 3491 ἀλλὰ,
2716 3424 3143 3479 Ἀποκαλύπτει
3176 3426 3383 3497 ἑτέροις
3407 3428 3621 3491 βαθέα

2013 3526 2143 3597 ἡμῖν
2172 3521 2303 3578 ὄντα
2346 3524 2445 3579 καὶ
2481 3522 2819 3594 ἀπόκρυφα,
2846 3524 2914 3579 τὰ
2947 3525 3010 3579 ἐκ
3041 3524 3252 3597 μακροῦ
3281 3526 3371 3580 τοῦ
3409 3526 3621 3599 χρόνον

2014 3626 2301 3697 ἀφεστῶτα
2344 3623 2438 3681 καὶ
2486 3626 2860 3699 κεκρυμμένα.
2917 3623 3242 3682 Γινώσκων
3282 3627 3353 3682 τὰ
3404 3629 3476 3684 ἐν
3527 3631 3622 3697 τῷ

2014 3728 2218 3783 σκότει
2254 3742 2270 3760 ⁸
2315 3726 2415 3782 καί
2459 3725 2526 3782 τὸ
2568 3726 2693 3798 φῶς
2730 3728 2859 3798 μετ’
2890 3727 3078 3784 αὑτοῦ
3118 3728 3307 3783 ἐστιν.
3360 3728 3502 3802 Ὀρα
3558 3733 3621 3786 τί

2017 3850 2169 3904 φησι.
2196 3830 2405 3902 Ὠσπερ
2437 3830 2466 3883 6
2494 3827 2657 3883 Δαυῖδ
2685 3829 2831 3899 λέγει
2856 3848 2869 3861 ·
2918 3830 3011 3897 Ὦς
3043 3829 3111 3885 τὸ
3135 3831 3356 3900 σκότος
3389 3832 3620 3905 αὐτῆς,

2016 3933 2168 3986 οὕτω
2208 3934 2307 3985 καὶ
2339 3930 2405 3984 τὸ
2437 3929 2564 4000 φῶς
2592 3928 2807 4001 αὐτῆς.
2836 3932 2910 3984 Τὸ
2937 3930 3075 3985 πολὺ
3101 3931 3202 4004 τῆς
3228 3930 3483 4003 γνώσεως
3513 3932 3621 3989 λέ-

2015 4050 2124 4103 γει,
2153 4034 2273 4103 ἧτοι
2300 4032 2403 4086 κᾶν
2432 4031 2602 4103 ἄδηλα
2631 4028 2689 4105 ᾖ,
2723 4032 2872 4103 αὐτῷ
2904 4032 3092 4097 σκότος
3122 4032 3223 4087 οὐκ
3251 4032 3417 4098 ἔστιν,
3452 4034 3486 4105 ἢ
3523 4036 3622 4089 ὅτι

2019 4133 2134 4205 φῶς
2181 4132 2362 4189 αὐτῶν
2408 4132 2545 4187 ἐστι.
2590 4133 2715 4194 Πῶς
2760 4131 3016 4202 γινώσκει
3055 4132 3126 4200 τὰ
3166 4133 3225 4188 ἐν
3270 4132 3349 4203 τῷ
3392 4134 3621 4202 σκότεις

2028 4234 2240 4289 Ὠσανεὶ
2267 4232 2383 4304 φῶς
2411 4233 2548 4305 ἔχων
2576 4233 2695 4306 μεθ’
2720 4233 2932 4289 ἐαυτοῦ.
2963 4235 3097 4289 Μετ’
3125 4233 3292 4288 αὐτοῦ
3319 4234 3466 4287 ἐστιν
3494 4235 3620 4291 ἀεί.

2016 4336 2401 4408 ’Λνθρωπίνως
2429 4335 2596 4406 λέγει.
2631 4337 2841 4409 Ὠσπερ
2867 4334 3019 4390 οὐδέν
3047 4336 3194 4390 ἐστιν
3225 4337 3282 4389 ἐν
3313 4336 3495 4391 σκότει
3528 4339 3623 4410 τῷ

2017 4436 2208 4509 λύχνον
2237 4439 2480 4503 ἆπτοντι,
2507 4438 2681 4504 οὕτως
2705 4439 2823 4519 οὐδὲ
2847 4439 2925 4511 τῷ
2949 4438 3068 4511 Θεῷ
3091 4456 3105 4469 ·
3139 4438 3337 4511 μᾶλλον
3366 4440 3445 4505 δέ,
3474 4441 3532 4495 ετ
3558 4458 3624 4495 τι

2021 4537 2203 4603 πλέον,
2234 4538 2420 4612 ὥσπερ
2449 4539 2527 4611 τῷ
2557 4538 2618 4594 τὸ
2646 4540 2761 4610 φῶς
2791 4539 2963 4612 ἔχοντι
2994 4540 3052 4594 ἐν
3080 4539 3395 4612 ὀφθαλμοῖς,
3417 4539 3496 4612 τῷ
3521 4542 3625 4595 ἀεὶ

2020 4637 2369 4712 περιφέροντι
2398 4640 2530 4694 αὐτὸ
2553 4640 2666 4710 φῶς
2694 4640 2723 4681 b
2757 4642 2890 4695 ἐστι.
2929 4641 3061 4708 Σοὶ,
3103 4643 3137 4695 δ
3165 4640 3305 4707 Θεὸς
3336 4640 3627 4709 πατέρων

2015 4758 2152 4813 μου,
2174 4742 2327 4815 φησὶ,
2351 4741 2841 4813 ἐξομολογοῦμαι,
2862 4741 2955 4796 καί
2975 4739 3139 4806 αἰνῶ,
3159 4741 3250 4796 ὅτι
3266 4741 3494 4811 σοφίαν
3509 4743 3623 4797 καὶ

2019 4844 2277 4901 σύνεσιν
2302 4843 2531 4911 ἔδωκάς
2552 4861 2673 4913 μοι.
2702 4842 2990 4915 Εὐκαίρως
3021 4843 3130 4897 τῶν
3158 4844 3409 4914 πατέρων
3436 4843 3626 4916 ἐμνή-

2022 4948 2123 5020 σθη
2169 4943 2285 5013 νῦν,
2326 4946 2392 5000 δι’
2428 4946 2651 5000 ἐκείνων
2693 4944 2855 4999 αὐτὸν
2894 4944 3214 5017 δυσωπῆσαι
3252 4944 3622 5018 βουλόμενος,

2020 5048 2268 5123 καθάπερ
2291 5048 2345 5103 εί
2359 5047 2445 5113 τίς
2467 5066 2589 5103 τινα
2623 5046 2776 5122 [2m]
2807 5047 3044 5120 ἐραστὴν
3078 5048 3306 5121 σφοδρὸν
3328 5048 3436 5102 τῶν
3465 5048 3621 5121 ἐρω-

2022 5152 2199 5224 μένων
2225 5151 2611 5223 ἀναμνήσειεν.
2651 5148 3154 5223 Ἐξομολογοῦμαι
3173 5188 3191 5217 ,
3223 5150 3392 5223 φησὶ,
3424 5154 3624 5220 εὐχα-

2012 5252 2203 5325 ριστῶ
2219 5293 2236 5321 ,
2282 5251 2382 5307 καὶ
2414 5250 2592 5318 αίνῶ,
2633 5251 2724 5306 ὅτι
2763 5252 2991 5323 σοφίαν
3031 5251 3129 5307 καὶ
3177 5252 3436 5307 σύνεσιν
3470 5251 3625 5309 ἐδω-

2019 5353 2130 5422 κάς
2156 5366 2279 5425 μοι.
2324 5353 2436 5427 Τὴν
2472 5352 2742 5426 προτέραν
2788 5352 2940 5425 φησί.
2991 5351 3101 5408 Kal
3135 5353 3252 5409 νῦν
3283 5351 3625 5425 ἐγνώρισάς

2013 5473 2117 5528 μοι
2162 5454 2200 5510 d
2247 5454 2592 5527 ἠξιώσαμεν
2635 5454 2795 5524 παρὰ
2852 5453 2991 5511 σοῦ.
3046 5454 3207 5520 Ἴσως
3257 5453 3406 5520 είκὸς
3448 5452 3625 5510 αὐτὸν

2024 5666 2029 5670 ’
2083 5667 2107 5695 ⁸
2132 5664 2306 5715 Scribe
2326 5662 2573 5716 λαϐοῦσιν.

2080 5727 2109 5769 b
2136 5728 2284 5780 Forte
2308 5727 2557 5803 αὐτόφωςι
