3724 6272
102 336 181 393 an
1474 330 1539 388 IN
1583 332 1944 390 DANIEIJZM.

100 462 167 509 est
202 450 478 509 sententia
514 447 799 525 impudens
852 452 966 506 haec
1004 464 1035 506 a
1078 448 1210 506 facie
1242 449 1380 521 regis
1397 450 1418 505 ’ἓ
1455 468 1474 503 ι
1523 449 1683 508 Vides

102 541 455 598 libertatem?
484 541 635 598 vides
675 541 1084 597 fortitudinem?
1128 541 1192 596 ad
1225 542 1371 598 illum
1403 542 1489 612 qui
1536 542 1682 597 oeci-

3271 352 3376 411 202

1792 450 1933 522 quod
2001 450 2068 509 ab
2106 454 2354 512 omnibus
2408 458 2767 529 ignorabatur.
2810 463 2876 519 Et
2921 465 3169 523 benedixit
3212 468 3374 525 Deum

1786 542 1917 595 ctuti.
1991 541 2423 615 Omnipotentem
2496 550 2741 622 intelligit
2787 571 2801 607 :
2849 555 2898 611 id
2952 568 3068 624 est,
3109 576 3230 617 eum
3283 562 3371 633 qui

97 637 245 693 dendi
275 644 599 707 patestatem
628 634 1048 707 habebatqualia
1068 636 1333 706 loquitur?
1357 636 1526 690 Etiam
1549 616 1685 691 alio-
1786 633 1946 688 etiam
1971 634 2097 699 illic,
2149 637 2200 691 in
2232 638 2582 696 barbarorum
2634 616 2885 703 videlicet
2916 616 3152 720 regione,
3186 616 3373 721 pote-us

101 744 211 783 rum
256 728 435 785 vicem
464 727 633 783 dolet.
678 726 793 782 Non
824 726 985 782 habet
1030 728 1323 794 rationem,
1354 728 1517 798 inquit
1537 768 1552 794 ,
1584 742 1682 785 nec

96 836 308 877 causam
336 838 352 885 ;
394 836 570 891 neque
600 819 740 876 ullus
765 820 914 876 color
949 820 1125 877 edicto
1146 820 1351 889 adjacet
1392 836 1405 872 :
1438 821 1682 876 homines

93 917 227 971 enim
257 914 528 984 ejusmodi
590 913 923 985 impudentes
970 914 1205 971 solemus
1242 913 1530 983 appellare.
1590 913 1677 969 16.

95 1029 110 1060 ι
149 1008 416 1065 ludicavit
457 1017 635 1064 autem
680 1007 939 1064 Ariochus
959 1008 1163 1064 Danieli
1186 1007 1422 1062 verbum.
1454 1006 1520 1060 Et
1572 1006 1675 1061 Da-

93 1103 193 1157 niel
236 1116 494 1174 egressus
539 1111 662 1166 est;
692 1110 747 1156 et
789 1099 993 1171 rogavit
1020 1114 1221 1169 regem,
1256 1108 1312 1153 ut
1339 1108 1547 1171 tempus
1576 1098 1715 1154 sibi.

92 1198 256 1261 daret,
284 1205 344 1251 et
363 1196 729 1265 conjecturam
755 1193 947 1248 somnii
977 1192 1319 1247 annuntiaret
1348 1193 1478 1263 regi.
1514 1209 1533 1244 ι
1566 1192 1675 1246 Ad-

92 1289 281 1345 stirare
309 1287 716 1358 permissionem
757 1284 918 1355 regis.
946 1283 1138 1354 Aspice
1166 1292 1224 1338 ut
1252 1298 1440 1338 omnes
1481 1282 1676 1353 ubique

93 1378 290 1435 Danieli
319 1378 714 1448 obtemperent.
759 1376 829 1431 At
857 1375 999 1430 unde
1027 1390 1120 1430 rex
1157 1374 1457 1444 snSpicatus
1491 1384 1573 1429 est
1608 1375 1672 1428 il—

93 1473 191 1527 lum
223 1486 353 1526 vera
378 1470 602 1526 dicere?
629 1483 797 1540 quare
842 1484 948 1523 non
989 1467 1123 1523 dixit
1156 1483 1172 1522 :
1204 1466 1444 1524 Universi
1482 1466 1673 1537 deprc-

92 1565 236 1620 hensi
265 1571 396 1618 sunt
422 1577 490 1619 ae
516 1561 766 1629 convicti,
797 1560 923 1617 fassi
956 1568 1082 1615 sunt
1109 1575 1222 1616 rem
1249 1573 1370 1615 esse
1398 1573 1558 1629 supra
1581 1574 1675 1613 na-

92 1664 254 1711 turam
294 1654 624 1721 humanam;
657 1662 715 1711 et
735 1662 797 1709 tu
825 1653 915 1726 qui
954 1653 1214 1709 barbarus
1238 1668 1297 1708 es
1319 1692 1336 1719 ,
1360 1651 1501 1709 unde
1522 1659 1673 1722 putas

93 1758 140 1803 te
177 1761 338 1818 posse
364 1746 692 1803 incolumem
714 1760 781 1801 ac
807 1744 1138 1816 superiorem
1179 1743 1444 1801 evadere?
1475 1742 1672 1799 Verum

93 1838 176 1894 tibi
225 1838 372 1895 Deus
410 1852 502 1892 res
545 1836 822 1908 dispensat
859 1844 913 1891 et
936 1843 1221 1906 prteparat,
1249 1834 1383 1890 nihil
1408 1834 1667 1906 ambigas.

93 1930 332 2001 Alioquin
357 1940 414 1985 et
456 1930 591 1984 citra
639 1928 939 1999 periculum
984 1935 1104 1984 erat
1150 1927 1218 1983 ad
1270 1942 1449 1999 regem
1486 1936 1671 1998 postea

93 2024 283 2078 venire.
338 2022 447 2078 Cur
487 2031 668 2077 autem
712 2034 818 2089 non
870 2020 1016 2076 illico
1071 2019 1216 2077 Deus
1260 2020 1463 2077 Danieli
1519 2035 1667 2075 som-

92 2115 226 2168 nium
275 2113 571 2170 revelavit?
618 2112 852 2168 Primum
895 2111 1109 2184 quidem
1153 2120 1211 2168 ut
1256 2126 1345 2168 res
1391 2111 1669 2169 manifesta

93 2208 272 2270 tier-et,
318 2215 374 2259 et
395 2204 551 2259 utilli
594 2203 647 2259 in
686 2218 876 2275 magna
913 2204 1233 2262 necessitate
1277 2205 1668 2262 constitueren-

92 2310 187 2352 tur.
236 2297 373 2352 Nam
429 2297 530 2352 etsi
575 2296 832 2368 propheta
884 2306 1057 2363 esset,
1105 2307 1344 2353 attamen
1400 2299 1669 2355 somnium

96 2389 389 2459 ignorabat.
442 2388 647 2445 Rursus
698 2389 791 2445 tibi
834 2404 893 2445 se
937 2405 1033 2459 per
1077 2391 1222 2446 viros
1281 2391 1456 2462 justos
1507 2406 1668 2448 excu-

90 2491 183 2546 sat,
220 2480 516 2536 ostendens
549 2480 693 2552 quod
729 2482 774 2537 si
824 2481 929 2538 illis
958 2483 1335 2552 periclitaturis
1375 2485 1506 2540 nihil
1547 2500 1669 2541 eon-

89 2574 237 2630 cessit
265 2574 474 2645 absque
519 2588 676 2644 prece
722 2575 1105 2644 perseveranti,
1137 2576 1304 2631 multo
1352 2577 1529 2633 minus
1572 2578 1666 2634 tibi

90 2668 240 2723 dabit.
290 2667 519 2737 Propter
568 2665 673 2723 hoc
712 2669 910 2740 ubique
956 2668 1150 2725 Paulus
1189 2671 1425 2739 postulat
1456 2686 1664 2741 preces,

92 2760 316 2816 Orationi
332 2761 614 2817 insistentes
632 2760 807 2833 (Rom.
841 2760 1059 2833 12.12),
1084 2763 1345 2819 scribens.
1373 2763 1489 2820 Non
1521 2765 1663 2821 enim

89 2851 270 2907 sufﬁcit
321 2851 430 2906 vita
479 2866 632 2921 pura,
678 2852 779 2907 nisi
831 2853 991 2908 etiam
1041 2852 1182 2909 adsit
1225 2854 1418 2911 oratio.
1467 2855 1663 2925 Aspice

89 2944 266 3000 iterum
289 2943 515 2999 multam
544 2944 688 2999 illius
714 2943 892 3000 fidem.
924 2943 1229 3003 Secundum
1259 2959 1531 3006 certamen
1561 2952 1663 3007 hoc

88 3045 189 3089 est:
217 3044 273 3090 et
299 3034 479 3090 adhuc
521 3034 704 3091 Daniel
752 3043 945 3105 praeest
980 3051 1045 3091 ac
1078 3040 1345 3108 negotium
1394 3039 1558 3102 ducit.
1607 3051 1663 3098 et

90 3134 282 3196 tempus
304 3125 437 3196 petit
457 3124 534 3199 (α)
560 3134 744 3198 aptum
772 3127 838 3183 ad
869 3128 1091 3184 multam
1112 3129 1444 3187 tolerantiam
1497 3144 1661 3205 atque

90 3222 391 3276 orationem.
422 3221 691 3291 Propheta
724 3236 830 3277 non
881 3224 1181 3293 postulabat
1209 3226 1388 3282 statim
1442 3228 1613 3283 audiri
1645 3246 1658 3283 :

90 3328 168 3367 rex
193 3312 510 3371 beneﬁcium
554 3315 775 3386 largitus
822 3326 927 3384 est,
959 3316 1199 3388 illudque
1246 3317 1663 3377 communicavit

91 3419 190 3459 cum
227 3407 421 3462 amicis
445 3421 514 3463 ac
550 3407 710 3464 sociis
763 3408 1015 3466 Danielis.
1076 3410 1162 3467 19.
1197 3430 1217 3465 ι
1253 3412 1404 3468 Tune
1452 3414 1656 3471 Danieli

90 3499 382 3569 mysterium
406 3499 698 3556 revelatum
725 3509 808 3557 est
833 3503 884 3556 in
916 3502 1119 3560 visione
1142 3506 1331 3562 noctis.
1364 3505 1433 3562 Et
1475 3508 1658 3565 Daniel

90 3586 344 3644 benediﬁt
373 3589 539 3645 Deum
568 3592 706 3658 caeli,
762 3593 852 3649 20.
892 3609 956 3651 ac
999 3594 1136 3651 dixit
1162 3613 1176 3649 :
1202 3596 1282 3653 Sit
1315 3615 1512 3656 nomen
1561 3600 1655 3657 Dei

91 3678 409 3735 benedictum
436 3697 466 3735 a
494 3684 709 3748 saeculo,
739 3692 792 3739 et
820 3701 988 3758 usque
1011 3686 1062 3743 in
1085 3689 1360 3758 saeculum,
1384 3692 1508 3762 quia
1540 3692 1659 3763 ejus

91 3771 427 3841 estsapientia
446 3782 501 3827 et
529 3773 874 3847 intelligentia
898 3787 954 3833 et
989 3777 1265 3836 fortitudo.
1303 3781 1394 3837 2|.
1434 3783 1503 3840 Et
1541 3784 1656 3856 ipse

89 3871 238 3917 mutat
262 3872 504 3934 tempora
548 3875 601 3921 et
620 3875 827 3935 atatcs,
847 3869 1133 3927 ‘constituit
1158 3888 1311 3944 reges
1356 3890 1422 3930 ac
1457 3876 1653 3946 aufert,

88 3955 205 4011 dans
226 3958 540 4028 sapientiam
570 3960 920 4029 sapientibus,
950 3970 1004 4018 ea
1053 3963 1389 4033 prudentiam
1432 3967 1537 4025 illis
1564 3971 1655 4040 qui

87 4061 257 4119 pem
283 4052 631 4110 intellectum.
655 4054 749 4109 22.
776 4053 895 4125 ipse
919 4056 1117 4114 revelat
1154 4059 1412 4128 profunda
1452 4070 1507 4118 et
1527 4061 1655 4119 abs-

86 4144 301 4209 condita,
345 4159 681 4214 cognoscens
722 4161 846 4218 qua:
896 4148 955 4203 in
1002 4149 1235 4205 tenebris
1276 4152 1655 4211 exsistunt:et

89 4234 163 4287 lux
184 4250 303 4290 eum
334 4236 452 4306 ipso
476 4246 580 4292 est.
622 4238 714 4293 23.
767 4238 921 4305 Tibi,
950 4240 1093 4296 Deus
1138 4250 1351 4312 patrum
1387 4259 1652 4313 meorum,

87 4328 347 4395 confiteor,
377 4339 432 4385 te
458 4330 636 4395 laudo,
667 4332 791 4403 quia
814 4333 1128 4402 sapientiam
1156 4344 1213 4391 et
1250 4336 1653 4411 intelligentiam

86 4419 259 4476 dedisti
278 4420 414 4476 mihi
442 4438 457 4476 :
479 4430 535 4477 et
549 4437 694 4479 nunc
714 4432 839 4479 nota
860 4424 1029 4481 fecisti
1056 4425 1183 4482 mihi
1208 4442 1329 4497 qua
1351 4431 1656 4500 rogavimus

88 4523 143 4568 te.
174 4533 195 4568 ι
240 4514 494 4572 Nondum
537 4516 820 4573 manifeste
871 4517 975 4589 ipsi
1020 4521 1313 4578 revelatum
1364 4532 1500 4591 erat,
1558 4525 1653 4581 sed

85 4606 236 4661 adhuc
292 4607 347 4662 in
374 4607 580 4665 visione
609 4625 625 4664 :
656 4624 779 4665 nam
809 4621 1199 4681 prmexereetur
1217 4614 1493 4684 propheta.
1524 4616 1656 4675 Vide

85 4711 239 4757 autem
284 4701 429 4756 illius
457 4700 727 4769 fiduciam,
780 4703 1027 4772 Qmam
1074 4714 1148 4761 est
1172 4708 1443 4774 sententia,
1461 4710 1651 4780 inquit,

81 4795 330 4865 impudens
367 4796 519 4850 litae?
548 4796 674 4852 Mihi
719 4797 934 4868 quidem
977 4797 1190 4855 videtur
1222 4801 1382 4857 etiam
1424 4811 1548 4857 ante
1575 4817 1657 4857 so.

80 4890 266 4945 lanium
290 4889 563 4945 inventum
584 4904 614 4944 a
635 4890 783 4946 caede
797 4890 1100 4947 cohibuisse
1121 4893 1431 4963 magistrum
1457 4894 1657 4965 coquo-

78 4996 201 5047 nttn,
225 4992 340 5036 tum
370 4981 661 5052 inemptum
684 4981 1004 5049 accusando,
1026 4990 1136 5039 tum
1164 4983 1462 5053 pollicendo
1486 5000 1546 5041 se
1572 5002 1657 5041 re-

75 5085 340 5141 perturum
365 5071 683 5129 calamitatis
709 5074 1050 5130 solutionem.
1073 5074 1183 5131 Cur
1208 5090 1338 5146 ergo
1357 5076 1652 5132 revelatum

71 5175 141 5219 est
191 5165 443 5219 Danieti?
469 5165 605 5233 Quia
631 5164 776 5221 enim
817 5177 901 5222 est
936 5167 1097 5223 etiam
1134 5167 1274 5224 inter
1327 5168 1474 5223 viros
1524 5183 1653 5224 san-

70 5268 173 5315 ctos
225 5259 575 5326 excellentia,
617 5259 739 5316 ideo
793 5260 983 5316 Daniel
1056 5260 1360 5332 praefertur.
1394 5262 1464 5318 Et
1520 5278 1658 5334 quo-

69 5352 217 5407 nodo
237 5352 416 5407 vidit?
436 5350 504 5406 In
531 5352 739 5419 visione,
786 5352 986 5423 inquit;
1009 5366 1116 5407 non
1141 5352 1433 5409 secundum
1462 5353 1648 5408 huma-

68 5445 548 5517 namsapientiam.
595 5444 663 5500 Et
711 5446 937 5516 pulchre
989 5446 1044 5502 id
1087 5456 1242 5503 vocat
1295 5448 1609 5520 mysterium
1634 5488 1652 5515 ,

116 5645 190 5708 (ι)
222 5645 504 5697 undanter
540 5643 910 5709 Orysostomus
940 5655 996 5699 et
1030 5648 1365 5699 Theudor-etus
1393 5650 1445 5710 in
1484 5659 1544 5699 ea
1565 5660 1653 5710 re,

65 5720 198 5817 nam
214 5721 365 5759 sacer
389 5714 656 5758 contextus
667 5710 880 5765 reticuit,
899 5713 1151 5775 negotium
1168 5712 1354 5761 habere
1370 5709 1652 5784 noluerunt.

137 5771 386 5817 multum
400 5778 600 5817 tantum
617 5768 804 5817 deluit.
821 5783 968 5817 unam
985 5780 1205 5817 noctem:
1232 5772 1552 5817 Tertullianns
1572 5781 1652 5817 tn-

400 5768 1205 5841 delnit,_unam'noctem;
1232 5772 1552 5824 Tertullianus
1572 5774 1654 5825 tri-

69 5842 206 5883 ουτω
251 5832 471 5895 Josepbo
491 5832 660 5885 malim
680 5835 938 5891 accedere.
1178 5832 1199 5841 ”
1310 5880 1313 5881 ν

1782 732 1918 780 erat.
1971 724 2242 799 Nusquam
2296 731 2638 799 sacrificium,
2693 746 2746 790 et
2800 740 3076 809 templum,
3124 754 3180 798 et
3235 747 3373 799 alta-

1784 829 1864 877 re,
1889 816 1981 870 sed
2004 818 2112 872 sola
2138 820 2273 877 bona
2298 823 2541 877 voluntas
2570 827 2752 881 aderat
2776 850 2790 898 ;
2826 840 2876 883 et
2921 834 3098 887 omnia
3144 851 3372 907 perage-

1783 904 1993 961 bantur.
2019 910 2250 967 Adverte
2276 928 2397 967 eum
2429 926 2550 984 post
2571 919 2879 986 petitionem
2909 933 3205 992 acceptam,
3264 904 3372 984 non

1784 998 1930 1066 prius
1959 1000 2022 1054 ad
2054 1001 2226 1056 aulam
2261 1006 2401 1075 regis
2427 1006 2748 1076 cucurrisse,
2793 1028 2949 1081 quam
2983 1014 3223 1071 beneficii
3281 1019 3375 1073 dao

1781 1088 1883 1142 tori
1913 1092 2168 1148 maximas
2190 1095 2383 1165 egisset
2404 1099 2601 1168 gratias
2630 1115 2644 1154 :
2671 1117 2774 1157 non
2805 1104 2941 1158 sicut
2976 1121 3073 1160 nos
3094 1124 3238 1179 saepe
3262 1125 3372 1179 pra:

1778 1179 1970 1249 gaudio
1995 1197 2375 1253 prosperorum
2420 1203 2762 1247 suecessuum
2785 1192 2945 1248 etiam
2993 1198 3175 1267 gratia:
3231 1200 3371 1255 refc-

1780 1270 1959 1325 rentlte
1988 1272 2373 1331 obliviscimur.
2403 1279 2471 1334 At
2506 1296 2609 1334 non
2640 1281 2710 1337 ita
2744 1284 2844 1339 iste
2879 1302 2892 1339 :
2923 1302 3106 1343 verum
3154 1291 3371 1347 benedi-

1778 1360 1855 1414 xit
1882 1362 2068 1429 Deum,
2089 1375 2142 1420 et
2169 1367 2303 1423 dixit
2326 1389 2339 1424 :
2359 1370 2441 1426 Sit
2463 1389 2641 1428 nomen
2656 1374 2751 1430 Dei
2775 1376 3087 1436 benedictum
3109 1400 3139 1437 a
3159 1387 3362 1454 stmulo,

1775 1464 1822 1507 et
1845 1473 1999 1526 usque
2021 1459 2071 1511 in
2093 1462 2352 1516 swculum.
2386 1464 2495 1520 Nos
2545 1467 2827 1538 siquidem,
2862 1471 3067 1544 inquit,
3100 1485 3365 1548 tempora-

1866 1559 1920 1604 Cl.
1950 1567 2237 1620 paucorum
2256 1572 2518 1613 annorum
2543 1575 2761 1629 sumus;
2792 1581 2895 1620 non
2920 1577 3095 1623 autem
3116 1587 3212 1639 pro
3232 1582 3365 1627 [Clll-

1776 1654 1907 1708 pore
1951 1642 2050 1700 hoc
2108 1653 2309 1702 tantum
2351 1664 2560 1705 sursum
2607 1654 2865 1712 mittimus
2916 1658 3361 1729 benedictionem,

1778 1731 1871 1785 sed
1901 1748 1998 1802 pro
2024 1735 2274 1792 universo
2301 1747 2543 1811 tempore
2576 1760 2589 1797 :
2621 1760 2725 1800 non
2754 1761 2851 1816 pro
2879 1763 2944 1802 eo
2971 1751 3087 1806 solo
3110 1768 3213 1823 quo
3232 1755 3364 1809 vivi-

1774 1837 1912 1887 mus,
1945 1824 2040 1881 scd
2085 1827 2245 1882 etiam
2284 1845 2381 1899 pro
2426 1832 2527 1886 hoc
2573 1834 2807 1905 quidem,
2837 1847 2890 1893 et
2932 1855 3028 1909 pro
3083 1843 3171 1897 illo
3220 1847 3360 1915 quod

1774 1916 2047 1985 praeteriit,
2079 1927 2132 1974 et
2171 1935 2269 1989 pro
2315 1920 2508 1978 futuro.
2562 1924 2785 1998 Semper
2830 1929 2996 1987 Deum
3046 1933 3361 1991 benedicere

1771 2016 2002 2077 oportet,
2032 2010 2145 2067 sive
2174 2012 2260 2067 ille
2281 2027 2553 2085 appareat,
2582 2020 2693 2074 sive
2720 2038 2823 2076 non
2850 2036 3120 2093 appareat.
3149 2026 3358 2099 Ubique

1770 2101 1911 2155 enim
1944 2101 2082 2157 illius
2103 2105 2433 2174 providentia
2460 2119 2676 2166 extensa
2724 2123 2823 2169 est.
2857 2114 3067 2171 Vident
3110 2133 3205 2188 per
3230 2136 3357 2190 gra-

1771 2191 1961 2246 tiarum
2016 2195 2280 2251 actionem
2333 2200 2577 2255 ostendat
2620 2218 2832 2275 quoque
2883 2206 2994 2261 Deo
3036 2194 3357 2279 competere

1770 2282 2046 2339 scientiam
2064 2288 2413 2343 somniorum.
2437 2291 2569 2359 Quia
2588 2294 2697 2363 ejus
2717 2305 2787 2348 est
2809 2297 3055 2365 sapientia
3084 2309 3129 2353 et
3170 2303 3357 2357 intelli-

1768 2375 1937 2445 gentia
1960 2385 2006 2429 et
2024 2378 2310 2445 fortitudo:
2337 2380 2438 2436 hoc
2485 2390 2585 2450 est,
2633 2385 2809 2441 omnia
2865 2388 3004 2444 scire
3052 2404 3116 2445 ac
3150 2406 3357 2463 prseno-

1769 2479 1939 2520 sccre.
1970 2465 2066 2521 llic
2092 2469 2235 2523 enim
2264 2469 2390 2542 illud
2429 2472 2502 2528 ait
2532 2491 2545 2528 :
2579 2474 2720 2545 quod
2770 2478 2974 2536 scilicet
3022 2481 3135 2552 ipse
3178 2486 3354 2541 omnia

1770 2558 1934 2626 novit,
1969 2568 2023 2615 et
2072 2561 2203 2616 nihil
2234 2564 2459 2636 ignorat.
2511 2567 2646 2637 Quid
2692 2570 2890 2641 igitur?
2940 2573 3063 2629 illud
3112 2580 3356 2634 unitum?

1767 2651 2007 2708 solamne
2037 2651 2196 2710 habet
2221 2658 2652 2727 praescientiam?
2680 2663 2749 2717 Et
2796 2680 2903 2719 non
2947 2666 3100 2733 dixit,
3136 2669 3307 2726 llabet
3337 2689 3350 2725 :

1768 2745 1883 2809 sed,
1918 2743 2093 2816 Ipsius
2140 2757 2235 2816 est,
2267 2749 2522 2809 exhibere
2573 2754 2727 2812 nobis
2756 2757 2943 2815 volens
2999 2775 3061 2815 ea
3111 2766 3353 2819 naturale

1767 2835 1907 2891 illius
1961 2837 2157 2894 bonum
2190 2856 2309 2898 esse
2337 2859 2351 2897 :
2378 2845 2498 2915 quia
2525 2861 2592 2902 ex
2631 2857 2815 2904 natura
2864 2851 2939 2906 illi
2990 2852 3104 2910 Ιιωο
3146 2855 3345 2912 insunt.

1764 2927 1901 2995 Quid
1952 2930 2120 3001 ergo?
2173 2933 2503 3002 praevidetne
2553 2948 2776 3009 tantum,
2817 2957 2922 2998 non
2963 2955 3140 3001 autem
3190 2949 3349 3004 etiant

1764 3019 1926 3074 facit?
1952 3019 2111 3089 Sane,
2139 3032 2193 3078 et
2218 3024 2358 3080 facit.
2394 3025 2563 3082 Mutat
2581 3038 2749 3087 natales
2768 3044 2816 3088 et
2834 3044 3079 3107 tempora.
3118 3038 3234 3093 Non
3283 3038 3351 3097 de

1762 3128 2023 3169 annorum
2044 3118 2476 3175 c0nvcrsionihus
2502 3136 2680 3178 sermo
2709 3135 2809 3193 est,
2843 3128 2934 3183 sed
2951 3129 3018 3184 de
3047 3147 3221 3186 rerum
3264 3135 3348 3188 vi-

1760 3209 2173 3266 cissitudinibus.
2196 3212 2461 3269 Constituit
2476 3233 2635 3288 reges,
2653 3229 2699 3274 et
2715 3223 2897 3293 aufert.
2923 3222 3051 3291 Quia
3074 3224 3353 3295 hujusmo-

1760 3299 1813 3354 di
1862 3302 2215 3358 mutationum
2263 3313 2346 3359 est
2405 3316 2612 3363 auctor.
2663 3309 2745 3364 An
2789 3311 2951 3381 igitur
2998 3313 3099 3369 hoc
3144 3326 3346 3373 tantum

1764 3390 1922 3459 Deus,
1954 3394 2212 3464 praevidet
2263 3412 2457 3469 nempe
2484 3414 2547 3454 ac
2581 3399 2871 3457 facit?.non
2913 3414 2967 3460 et
3009 3405 3153 3461 aliud
3181 3409 3347 3464 maxi-

1759 3501 1906 3540 mum
1954 3495 2219 3558 operatur,
2270 3491 2411 3561 quod
2464 3493 2623 3549 etiam
2656 3509 2776 3550 cum
2825 3496 2947 3552 aliis
2992 3502 3351 3557 communicat

1758 3593 1875 3633 eam
1905 3580 2221 3637 scientiam?
2250 3581 2395 3640 Dans
2419 3574 2717 3655 sapientiam
2762 3592 3067 3661 sapientibus
3095 3607 3115 3647 :
3136 3608 3238 3648 non
3286 3594 3350 3649 iis

1758 3673 1846 3744 qui
1873 3683 2029 3730 antea
2075 3676 2342 3746 sapientes
2367 3690 2542 3747 erant,
2590 3680 2683 3736 sed
2730 3681 2795 3738 iis
2841 3682 3033 3755 quibus
3085 3688 3344 3757 sapientia

1759 3767 1932 3822 datur.
1967 3768 2023 3824 Si
2051 3769 2170 3841 quis
2200 3771 2415 3842 sapiens
2439 3789 2544 3829 non
2573 3775 2640 3830 ab
2666 3776 2757 3831 illo
2800 3778 3117 3848 sapientiam
3161 3780 3343 3849 habet,

1756 3860 1969 3929 sapiens
1994 3876 2099 3917 non
2128 3870 2228 3918 est.
2249 3862 2324 3919 Ne
2344 3865 2662 3922 existimetis
2679 3868 2995 3938 sapientiam
3012 3887 3060 3925 at
3079 3883 3182 3926 tem
3222 3889 3347 3927 esse

1758 3954 2061 4013 Chaldaicaz
2090 3956 2341 4027 regionis.
2379 3956 2444 4013 Et
2493 3960 2835 4029 prudentiam,
2870 3962 3065 4033 inquit,
3112 3964 3217 4019 illis
3260 3965 3348 4035 qui

1757 4054 1931 4117 petunt
1963 4047 2289 4102 intellectum.
2326 4049 2530 4106 Deinde
2581 4051 2856 4107 videamus
2896 4070 2963 4109 an
2986 4071 3050 4110 ex
3094 4052 3339 4124 scientia,

1755 4153 1824 4193 an
1851 4154 1915 4194 ex
1943 4148 2132 4194 natura
2161 4139 2364 4195 Danieli
2414 4141 2465 4196 id
2495 4142 2743 4198 adfuerit.
2779 4144 2985 4200 Etenim
3028 4147 3189 4202 etiam
3240 4148 3344 4203 hnc

1756 4231 1886 4287 dicit
1917 4229 1980 4287 :I
1987 4248 2076 4303 pse
2101 4234 2285 4288 revelat
2306 4235 2566 4306 profunda
2591 4246 2636 4291 et
2657 4236 2970 4296 abscondita.
3024 4238 3140 4295 Non
3184 4241 3338 4311 dixit,
3406 4300 3409 4301 ν

1755 4323 1963 4380 Invenit
1989 4343 2002 4381 :
2031 4324 2148 4393 sed,
2180 4326 2385 4381 Itevelat
2429 4328 2547 4384 aliis
2572 4345 2691 4400 qua:
2719 4330 2976 4401 profunda
3018 4332 3172 4390 nobis
3211 4345 3343 4390 sunt

1757 4425 1805 4471 et
1829 4418 2145 4484 abscondita,
2176 4434 2296 4489 qua:
2326 4420 2483 4491 longo
2513 4432 2750 4493 tempore
2775 4422 3081 4491 dissociata,
3114 4442 3344 4497 qtneque

1756 4508 1959 4563 occulta
1982 4519 2152 4564 erant.
2181 4510 2499 4581 Cognoseens
2518 4528 2630 4584 qua:
2650 4510 2703 4567 in
2733 4512 2947 4568 tenebris
2984 4516 3268 4570 exsistunt:
3297 4527 3344 4572 et

1757 4600 1846 4655 lux
1870 4617 1983 4655 cum
2008 4618 2065 4656 eo
2085 4612 2177 4658 est.
2213 4602 2342 4659 Vide
2384 4605 2509 4675 quid
2552 4606 2713 4660 dicat.
2755 4607 3213 4675 Quemadmodum
3270 4609 3347 4665 ait

1761 4692 1921 4748 David
1955 4712 1967 4746 :
1998 4693 2143 4749 Sicut
2183 4696 2395 4751 tenebraz
2415 4698 2544 4768 ejus,
2570 4699 2643 4751 ita
2685 4707 2734 4752 et
2770 4698 2943 4753 lumen
2980 4700 3089 4770 ejus
3136 4699 3158 4773 (
3192 4699 3341 4755 Psal.

1760 4785 1880 4841 1'58.
1929 4782 2017 4859 2).
2072 4785 2485 4859 Magnitudinem
2532 4788 2850 4858 cognitionis
2898 4790 3187 4859 significat,
3241 4807 3340 4847 seu

1756 4877 1878 4947 quia
1903 4878 2029 4933 licet
2064 4879 2287 4933 obscura
2310 4878 2450 4947 sint,
2492 4879 2564 4934 illi
2594 4878 2753 4933 nulla:
2780 4890 2903 4934 sunt
2927 4881 3161 4937 tenebra:
3181 4923 3197 4949 ,
3247 4898 3341 4940 seu

1756 4972 1878 5042 quia
1909 4972 2021 5042 ipse
2051 4986 2236 5027 eorum
2267 4972 2444 5028 lumen
2477 4983 2578 5028 est.
2607 4971 2884 5041 Quomodo
2926 4976 3198 5044 cognoscit
3224 4993 3343 5047 qua:

1758 5064 1812 5121 in
1861 5065 2097 5121 tenebris
2136 5065 2479 5134 sunt?Qnasi
2521 5066 2610 5136 qtti
2656 5080 2838 5122 secum
2889 5066 3067 5122 lumen
3126 5067 3339 5125 habeat.

1759 5160 1885 5218 Cum
1905 5177 1962 5215 ro
1987 5172 2057 5217 est
2080 5177 2293 5232 semper.
2325 5163 2562 5218 Humano
2589 5162 2750 5218 modo
2781 5163 3033 5234 loquitur.
3086 5162 3234 5221 Sicut
3264 5166 3343 5220 ni-

1757 5253 1832 5309 hil
1858 5264 1940 5310 est
1966 5254 2306 5311 tenebrosum
2340 5253 2412 5308 illi
2441 5255 2528 5326 qui
2554 5254 2828 5311 lucernam
2855 5271 3134 5313 accensam
3158 5258 3341 5326 habet,

1760 5347 1834 5403 ita
1871 5362 2043 5419 neque
2069 5348 2211 5415 Deo;
2243 5347 2349 5403 im‘o
2372 5363 2521 5414 vero,
2548 5349 2729 5419 siquid
2745 5350 2972 5421 amplius
3002 5350 3105 5406 diei
3130 5342 3338 5423 potest:

1758 5459 1951 5515 nempe
1969 5444 2107 5499 sicut
2128 5445 2176 5498 ei
2199 5442 2288 5512 qui
2316 5443 2493 5497 lumen
2515 5441 2676 5497 habet
2694 5442 2745 5496 in
2760 5444 2949 5509 oculis,
2966 5451 3020 5498 et
3035 5444 3081 5498 ei
3102 5444 3188 5513 qui
3209 5443 3338 5499 illud

1757 5552 1971 5609 semper
1984 5536 2310 5597 circumfert,
2330 5533 2442 5606 ipsa
2458 5536 2548 5591 lux
2568 5544 2670 5591 est.
2687 5534 2822 5602 Tibi,
2836 5534 2974 5590 Deus
2989 5544 3189 5605 patrum
3207 5552 3344 5590 meo-

1758 5651 1892 5700 rum,
1921 5633 2108 5703 inquit,
2128 5631 2390 5700 conﬁteor,
2408 5638 2455 5683 te
2470 5629 2644 5694 laudo,
2658 5630 2775 5699 quia
2790 5628 3090 5699 sapientiam
3124 5638 3171 5683 et
3192 5630 3343 5684 intel-

1760 5727 2015 5798 ligentiam
2037 5725 2218 5780 dedisti
2247 5722 2389 5777 mihi.
2419 5721 2725 5793 Opportune
2743 5732 2951 5793 patrum
2968 5720 3051 5777 ltic
3077 5723 3340 5790 meminit,

1761 5836 1857 5897 per
1884 5819 2003 5877 illos
2035 5819 2201 5875 Deum
2228 5818 2462 5887 ﬂectere,
2485 5831 2549 5874 ac
2586 5816 2745 5873 veluti
2782 5814 2981 5889 pudore
2996 5813 3210 5874 afﬁcere
3245 5832 3333 5873 cu-
