3724 6272
355 307 462 367 ‘203

354 426 509 495 piens
539 442 551 480 :
586 420 1031 497 quemadmodum
1072 422 1117 477 si
1145 420 1262 492 quis
1294 421 1346 475 in
1373 420 1686 475 memoriam
1724 421 1945 492 alicujus

349 517 492 572 aeris
504 515 776 581 amatoris,
790 528 1001 569 amores
1018 512 1316 569 reduceret.
1333 509 1603 581 Conﬁteor,
1624 511 1809 582 inquit,
1825 526 1947 582 gra-

353 608 453 664 tias
467 624 587 679 ago,
603 617 649 662 et
669 605 840 674 laudo,
854 606 971 679 quia
992 604 1290 675 sapientiam
1305 614 1350 657 et
1366 602 1748 674 intelligentiam
1762 600 1947 658 dedisti

353 699 498 753 mihi.
543 697 713 765 Quam
739 708 895 752 antea
932 695 1162 751 habebat
1199 694 1422 749 scilicet.
1454 691 1520 747 Et
1545 710 1679 747 nunc
1704 703 1822 747 nota
1861 698 1941 766 fe-

350 791 462 844 cisti
489 790 611 843 mihi
635 805 747 860 qua:
774 789 1057 857 rogavimus
1082 797 1147 842 te.
1191 785 1491 841 Verisimile
1520 785 1729 841 videtur
1750 787 1942 842 Danie-

349 884 455 939 lcm
485 882 643 939 etiam
678 881 779 937 alia
807 881 1043 952 petiisse,
1084 878 1218 934 adeo
1255 888 1312 933 ut
1337 878 1699 949 conjecturam
1732 895 1941 950 quoque

348 975 426 1030 illi
451 976 589 1030 Deus
612 974 877 1031 indicarit.
902 972 991 1028 23.
1017 992 1036 1025 ‹
1064 973 1220 1042 Quia,
1250 990 1269 1025 ι
1307 973 1495 1043 inquit,
1524 991 1542 1024 ι
1572 975 1835 1031 somnium
1856 990 1941 1030 re-

345 1069 429 1138 gis
492 1065 841 1123 manifestasti
879 1067 1031 1123 mihi.
1080 1066 1172 1123 24.
1233 1067 1299 1122 Et
1336 1069 1515 1122 statim
1564 1069 1709 1123 venit
1754 1068 1938 1124 Daniel

346 1160 413 1216 ad
445 1161 765 1228 Ariochum,
810 1175 972 1232 quem
1005 1160 1371 1227 constituerat,
1407 1179 1431 1213 ι
1468 1158 1671 1232 inquit,
1710 1176 1728 1212 ι
1756 1176 1848 1215 rex
1882 1168 1939 1216 ut

349 1252 599 1321 perderet
625 1253 892 1324 sapientes
928 1252 1234 1325 Babylonis,
1279 1261 1334 1307 et
1371 1251 1504 1307 dixit
1543 1253 1633 1309 ei:
1660 1252 1937 1323 Sapientes

346 1344 632 1416 Babylonis
661 1360 728 1399 ne
756 1343 985 1415 perdas;
1018 1343 1265 1399 introduc
1293 1352 1473 1400 autem
1501 1359 1587 1400 me
1623 1343 1674 1399 in
1705 1359 1935 1416 conspe-

346 1446 489 1493 ctum
532 1438 694 1508 regis,
740 1447 793 1492 et
838 1437 1165 1492 annuntiabo
1219 1435 1328 1508 regi
1367 1436 1733 1507 conjecturam
1769 1437 1934 1491 visio-

345 1529 448 1586 nis.
486 1550 505 1584 ι
535 1529 785 1586 Cucurrit
808 1528 874 1585 ad
896 1545 1040 1599 eum,
1072 1538 1126 1585 et
1146 1531 1250 1585 ait:
1284 1529 1552 1602 Sapientes
1574 1529 1852 1602 Babylonis
1875 1548 1938 1586 ne

345 1624 550 1695 perdas.
598 1624 855 1692 Quisnam
889 1623 957 1679 de
1012 1623 1115 1679 illis
1160 1639 1340 1678 curam
1385 1623 1697 1679 habuisset?
1742 1622 1935 1695 ASpice

344 1714 617 1786 propheta:
648 1713 1031 1769 humanitatem
1076 1728 1139 1769 ac
1179 1714 1664 1770 mansuetudinem.
1710 1714 1816 1771 Sed
1841 1731 1935 1770 au-

342 1804 486 1861 ditus
511 1820 615 1861 non
654 1805 860 1870 fuisset,
902 1804 1004 1860 nisi
1031 1813 1085 1860 et
1123 1804 1251 1860 illud
1280 1804 1570 1861 addidisset
1594 1816 1657 1861 :‘t
1684 1806 1933 1864 introduc

343 1912 450 1964 me,
482 1916 503 1951 ι
538 1897 727 1967 inquit,
762 1915 780 1949 ι
808 1906 863 1952 et
891 1896 1216 1952 annuntiabo
1241 1897 1353 1969 regi
1379 1896 1743 1968 conjecturam
1772 1900 1932 1956 visio-

342 1988 444 2043 nis.
470 1986 562 2045 25.
589 1987 739 2044 Tunc
773 1987 1057 2055 Ariochus,
1093 2008 1111 2042 ι
1146 1989 1334 2061 inquit,
1370 2008 1389 2042 ι
1418 1989 1708 2046 introduxit
1734 1992 1930 2049 Danie-

343 2081 448 2137 lem
475 2081 526 2136 in
556 2078 897 2137 festinatione
927 2082 979 2137 in
1022 2093 1365 2152 conspectum
1396 2082 1537 2155 regis
1565 2092 1618 2139 et
1646 2083 1816 2139 dixit:
1847 2084 1931 2139 in-

339 2175 462 2230 veni
487 2175 660 2231 virum
691 2174 757 2229 de
786 2174 907 2230 ﬁliis
943 2173 1263 2245 captivitatis
1292 2172 1512 2239 Judazze,
1545 2175 1634 2246 qui
1656 2175 1928 2245 conjectu-

339 2285 454 2325 ram
484 2268 817 2325 annuntiabit
844 2268 977 2339 regi.
1009 2268 1085 2324 De
1135 2267 1260 2323 ﬁliis
1300 2268 1638 2338 captivitatis,
1661 2288 1681 2323 ι
1734 2268 1928 2341 inquit,

344 2378 365 2414 ι
399 2360 575 2416 inveni
604 2360 797 2417 virum.
836 2378 855 2413 ι
890 2357 1003 2415 Non
1045 2357 1234 2430 puduit
1259 2359 1493 2430 generis.
1531 2358 1633 2416 Ubi
1675 2361 1817 2416 enim
1845 2361 1927 2416 in-

337 2451 542 2508 cumbit
564 2450 857 2508 necessitas
882 2449 1070 2520 major,
1104 2449 1235 2506 nibil
1263 2450 1451 2506 horum
1481 2452 1801 2523 requiritur;
1830 2454 1923 2509 sed

339 2538 525 2613 fastus,
555 2542 647 2615 qui
684 2541 821 2597 solet
858 2542 1100 2597 comitari
1140 2541 1564 2614 prosperitatem,
1600 2553 1741 2600 totus
1779 2560 1925 2602 eom-

334 2638 600 2710 primttur.
631 2636 730 2705 Qui
761 2636 903 2691 enim
930 2643 1171 2707 aegrotat,
1195 2635 1387 2691 medici
1421 2636 1752 2693 nobilitatem
1769 2654 1923 2693 num-

333 2746 489 2801 quam
530 2730 738 2784 curiose
764 2727 1023 2799 inquiret;
1065 2735 1119 2782 et
1160 2728 1266 2783 alio
1300 2727 1351 2783 in
1383 2729 1620 2800 periculo
1657 2730 1921 2786 exsistens

334 2820 495 2876 homo
524 2836 629 2876 non
658 2829 863 2890 sataget
885 2834 951 2874 an
980 2819 1191 2884 nobilis,
1222 2835 1288 2875 an
1315 2836 1443 2876 vero
1463 2820 1530 2876 de
1558 2820 1712 2892 plebe
1733 2823 1803 2877 sit
1829 2823 1920 2880 ille

330 2914 421 2986 qui
435 2927 558 2968 eum
573 2926 599 2963 a
613 2910 870 2979 periculis
888 2910 957 2966 sit
984 2920 1288 2983 erepturus,
1327 2911 1421 2967 sed
1458 2928 1622 2968 unum
1646 2914 1921 2970 dumtaxat

329 3013 553 3078 qua-ret,
584 3003 837 3058 nimirum
866 3003 1254 3058 liberationem.
1290 3002 1418 3072 Quis
1453 3019 1560 3059 non
1601 3003 1804 3074 pudore
1834 3004 1916 3060 af-

327 3096 500 3153 iectus
551 3096 754 3164 fuisset,
797 3096 918 3168 quis
956 3111 1062 3151 non
1100 3096 1423 3163 erubuisset,
1465 3111 1691 3152 cernens
1729 3112 1917 3153 omnes

330 3188 513 3258 patria:
553 3205 665 3244 sua:
699 3188 971 3259 sapientes
1014 3187 1265 3254 interﬁci,
1294 3187 1535 3258 captivos
1562 3203 1691 3244 vero
1719 3187 1911 3257 inflari,

325 3289 379 3334 et
406 3279 475 3335 de
496 3295 554 3336 se
575 3280 853 3352 magniﬁce
880 3280 1119 3335 sentire?
1155 3279 1521 3352 Nequaquam.
1552 3278 1755 3336 Horum
1784 3281 1916 3337 nihil

325 3374 441 3443 ipse
466 3375 718 3445 cogitavit
748 3391 762 3428 :
794 3373 890 3429 sed
920 3370 1147 3429 festinus
1172 3381 1229 3428 et
1256 3374 1344 3429 ille
1374 3374 1599 3439 vocavit,
1635 3384 1688 3429 et
1716 3373 1803 3430 hic
1835 3374 1917 3430 in-

324 3465 633 3536 ten‘ogavit,
665 3480 770 3520 non
798 3465 1025 3535 amplius
1054 3480 1177 3521 eum
1202 3464 1388 3520 eadem
1419 3466 1740 3536 arrogantia.
1772 3466 1916 3521 Post-

320 3570 485 3626 quam
522 3556 665 3611 enim
709 3570 801 3611 rex
846 3555 1121 3611 convictus
1162 3564 1245 3610 est
1287 3571 1383 3626 per
1409 3557 1819 3626 experientiam,
1856 3572 1914 3614 se

321 3646 579 3703 inutiliter
625 3662 689 3703 ae
727 3646 888 3702 stulta
921 3646 1251 3717 perquirere,
1298 3646 1424 3716 quid
1458 3647 1564 3702 ait?
1606 3647 1696 3703 26.
1730 3646 1795 3701 Et
1828 3666 1912 3702 re-

320 3738 525 3806 spondit
555 3756 643 3793 rea:
664 3781 679 3805 ,
711 3746 759 3794 et
793 3739 922 3792 dixit
952 3737 1156 3792 Danieli
1174 3780 1190 3803 ,
1232 3740 1379 3809 cujus
1419 3754 1600 3792 nomen
1631 3738 1868 3793 Baltasar
1894 3756 1914 3795 .°

323 3829 541 3885 Potesne
584 3831 707 3885 mihi
750 3831 1042 3885 renuntiare
1078 3831 1327 3885 somnium
1353 3830 1488 3901 quod
1524 3830 1645 3894 vidi,
1668 3841 1715 3887 et
1739 3833 1911 3902 conje-

318 3936 517 3979 cturam
544 3925 654 3996 ejus
675 3924 707 3979 .’
729 3924 930 3995 Majere
950 3939 1070 3979 cum
1093 3923 1310 3980 lenitate
1330 3923 1563 3981 disserit.
1593 3923 1711 3981 Non
1732 3924 1866 3980 dixit
1892 3942 1905 3957 ·

319 4016 380 4072 Si
408 4033 514 4073 non
542 4017 797 4088 potueris,
825 4015 1013 4072 eadem
1039 4032 1159 4088 quae
1187 4016 1275 4072 alii
1322 4017 1559 4088 patieris.
1583 4017 1721 4086 Quid
1752 4019 1913 4089 igitur

323 4108 549 4164 Daniel?
575 4108 665 4164 27.
701 4126 721 4160 «
756 4108 826 4164 Ει
847 4108 1122 4186 respondit
1149 4107 1335 4164 Daniel
1363 4123 1543 4164 coram
1574 4124 1721 4181 rege,
1748 4117 1804 4166 et
1829 4109 1911 4165 di-

320 4200 395 4254 xit
422 4219 442 4254 :
465 4198 797 4272 Mysterium,
835 4200 974 4271 quod
1005 4216 1098 4255 rex
1126 4201 1405 4271 perquirit,
1430 4216 1544 4255 non
1580 4211 1663 4257 est
1691 4202 1908 4272 sapien-

321 4300 461 4358 tum,
483 4307 780 4361 magorum,
814 4291 1223 4360 incantalorum,
1252 4307 1351 4348 nec
1392 4292 1785 4349 Gazarenorum
1815 4310 1911 4365 po-

323 4390 490 4438 testas
511 4382 828 4437 annuntiare
856 4382 969 4454 regi
1000 4398 1013 4435 :
1040 4380 1130 4437 28.
1160 4381 1253 4436 sed
1282 4392 1363 4437 est
1392 4382 1528 4439 Deus
1564 4384 1616 4438 in
1640 4385 1791 4453 crelo,
1816 4386 1907 4456 qui

320 4474 520 4532 revelat
547 4474 799 4545 mysteria
831 4491 844 4529 :
877 4485 929 4530 et
956 4484 1081 4529 nota
1115 4472 1239 4529 fecit
1267 4474 1377 4546 regi
1400 4474 1912 4533 Nabuchodonosori

321 4585 441 4641 quae
483 4576 726 4641 oporteat
775 4567 889 4625 ﬁeri
933 4569 983 4623 in
1019 4570 1324 4625 novissimis
1374 4569 1580 4627 diebus.
1618 4591 1640 4626 ›
1671 4571 1905 4629 Observa

320 4661 652 4734 prudentiam
690 4661 980 4733 PrOphctae.
1006 4660 1119 4717 Non
1142 4661 1274 4717 dixit
1307 4662 1505 4727 statim,
1545 4662 1767 4719 Possum
1809 4679 1908 4719 an.

320 4754 567 4808 nuntiare
594 4752 686 4807 tibi
715 4770 727 4805 :
765 4751 858 4807 sed
884 4751 1026 4823 quod
1064 4762 1189 4807 ante
1217 4752 1393 4807 omnia
1423 4755 1699 4824 oportebat
1722 4770 1909 4826 regem

315 4844 477 4911 seire,
505 4843 560 4898 id
584 4842 735 4898 dicit.
763 4843 1087 4915 Mysterium,
1113 4844 1300 4915 inquit,
1329 4846 1464 4913 quod
1487 4863 1576 4901 rex
1602 4848 1900 4920 interrogat,

310 4935 587 5004 sapientes,
616 4934 770 5003 magi,
802 4934 1158 5000 incantatores,
1199 4934 1449 4991 ϐαλανειιὶ
1478 4948 1726 5006 nequeunt
1764 4939 1903 4993 indi-

312 5040 430 5078 care
457 5024 605 5094 regi:
632 5034 705 5078 est
734 5023 870 5078 Deus
893 5026 945 5078 in
975 5024 1097 5080 caelo
1122 5027 1209 5095 qui
1246 5028 1431 5081 revelat
1470 5030 1726 5099 mysteria.
1759 5033 1904 5102 Apo-

313 5117 507 5188 logiam
534 5117 657 5172 facit
680 5131 776 5187 pro
795 5116 860 5173 iis
880 5117 970 5188 qui
993 5117 1186 5189 injuste
1211 5121 1371 5175 occisi
1398 5120 1627 5187 fuerant,
1652 5132 1705 5178 et
1722 5132 1903 5179 osten-

312 5210 393 5264 dit
422 5220 527 5264 non
557 5223 616 5264 se
643 5223 763 5265 esse
800 5209 888 5279 qui
929 5224 1043 5266 rem
1076 5211 1323 5282 explicet.
1378 5211 1492 5268 Non
1536 5212 1674 5280 ideo,
1709 5215 1895 5287 inquit,

314 5301 424 5358 dixi
446 5300 587 5357 istud
609 5315 888 5372 magorum
915 5315 1025 5356 non
1049 5315 1190 5370 esse,
1219 5312 1277 5359 ut
1314 5318 1401 5359 me
1429 5304 1599 5375 ipsum
1640 5305 1750 5362 illis
1786 5307 1897 5362 cla-

311 5395 512 5450 riorem
540 5393 810 5460 facerem;
840 5392 934 5448 sed
964 5404 1021 5447 ut
1064 5390 1261 5463 discas,
1307 5394 1452 5465 quod
1490 5412 1661 5467 neque
1702 5411 1800 5468 ego
1844 5398 1898 5453 id

311 5483 607 5540 secundum
637 5484 920 5538 lmmanam
947 5493 1190 5539 naturam
1234 5486 1466 5556 profero.
1498 5487 1562 5540 At
1589 5497 1661 5541 est
1686 5486 1825 5542 Deus
1844 5491 1897 5542 in

309 5577 456 5631 «cla.
480 5575 595 5633 Non
625 5578 731 5633 illic
758 5577 922 5633 Deum
952 5578 1252 5647 concludit;
1281 5579 1373 5635 sed
1395 5588 1663 5653 tamquam
1685 5582 1751 5637 ad
1764 5583 1898 5638 .bar-

311 5668 503 5726 harum
524 5671 737 5727 interim
758 5670 1013 5742 loquitur,
1040 5688 1270 5745 eumque
1290 5685 1321 5729 a
1352 5682 1489 5730 terra
1510 5674 1761 5732 abducit:
1788 5691 1893 5733 non

314 5759 449 5817 sicut
474 5760 548 5817 dii
576 5764 738 5820 vestri
772 5764 861 5836 qui
904 5765 1043 5821 circa
1075 5774 1272 5823 terram
1312 5754 1635 5823 volutantur.
1672 5767 1739 5825 Et
1774 5779 1893 5824 nou

1068 304 1125 362 S.
1166 302 1445 364 JOANNIS
1480 303 1957 364 CilRYSOSTOMl
1996 305 2317 366 ARCHIEP.
2357 308 2894 370 CONSTANTINOP.

3532 314 3641 373 20’.-

2051 422 2169 492 [ecit
2206 423 2311 493 regi
2354 422 2846 481 Nabuchodonosori
2885 441 2999 499 qua:
3025 431 3196 500 futura
3222 430 3321 485 sint
3355 430 3408 486 in
3448 432 3641 488 ultimis

2052 515 2373 587 temporibus.
2425 515 2573 583 Vide,
2621 533 2716 588 per
2757 518 3038 589 :enigmata
3078 520 3379 604 edisserit;
3389 531 3444 578 et
3471 532 3636 579 totam

2050 610 2319 662 Summam
2347 607 2565 663 visionis
2592 608 2643 664 in
2684 610 2904 666 exordio
2933 612 3358 681 comprehendit,
3388 617 3639 686 regisque

2048 707 2282 753 mentem
2326 708 2552 767 recreat,
2590 700 2719 755 dum
2746 701 2876 757 nihil
2920 718 3099 773 grave,
3139 719 3312 775 neque
3350 678 3664 789 molestum?

2047 786 2257 844 otiatur.
2294 807 2313 841 ι
2342 790 2623 846 Somnium
2662 800 2829 861 tuum,
2858 811 2876 845 ι
2904 794 3093 864 inquit,
3132 813 3151 847 ι
3179 804 3235 850 et
3274 795 3509 853 visiones
3547 786 3664 853 ca-i

2048 882 2170 952 pilis
2200 882 2273 937 tui
2301 883 2356 939 in
2378 884 2538 939 cubili
2567 894 2657 940 tuo
2684 903 2700 938 :
2729 885 2831 941 hoc
2859 894 2943 942 est
2974 904 2988 943 :
3015 887 3107 943 29.
3139 887 3499 960 Cogitationes
3528 902 3638 946 tute

2045 975 2098 1029 in
2127 976 2306 1031 cubile
2343 985 2491 1031 tuum
2533 977 2908 1045 ascenderunt,
2943 978 3067 1050 quid
3096 989 3342 1051 oporteat
3368 982 3484 1038 ﬁeri
3512 993 3638 1053 post

2046 1064 2181 1121 haec.
2206 1067 2273 1121 Et
2296 1067 2383 1137 qui
2408 1068 2607 1123 revelat
2626 1069 2901 1140 mysteria,
2925 1070 3175 1127 indicavit
3201 1072 3295 1127 tibi
3325 1086 3444 1144 qua:
3468 1089 3637 1144 opor-

2044 1165 2151 1215 teat
2178 1160 2311 1215 ﬁeri.
2353 1179 2374 1214 ι
2410 1159 2487 1215 Ex
2515 1161 2658 1232 vulgi
2686 1162 2938 1233 opinione
2960 1164 3215 1234 loquitur,
3247 1166 3397 1235 quasi
3426 1172 3639 1221 somnia

2043 1250 2204 1324 Super
2232 1262 2389 1324 caput
2414 1263 2555 1310 stent
2594 1253 2833 1326 (Homer.
2862 1253 2938 1312 Il.
2980 1255 3043 1310 Β.
3071 1256 3223 1327 20),
3257 1271 3349 1313 seu
3382 1258 3526 1330 quod
3564 1259 3643 1314 ibi

2042 1345 2112 1401 sit
2135 1345 2484 1402 ratiocinandi
2520 1347 2620 1414 vis,
2665 1361 2762 1403 seu
2800 1362 2900 1418 per
2933 1357 3094 1419 caput
3133 1349 3376 1422 designat
3400 1352 3595 1408 oculos
3624 1370 3643 1409 :

2040 1446 2100 1493 ut
2122 1438 2282 1506 dicat,
2306 1438 2387 1495 Tu
2412 1438 2685 1509 praebuisti
2712 1455 2947 1496 causam.
2986 1440 3095 1498 Nec
3137 1442 3452 1514 simpliciter
3472 1444 3642 1511 dixit,

2041 1528 2183 1585 Deus
2208 1529 2305 1584 tibi
2347 1529 2730 1599 manifestavit,
2765 1532 2882 1599 sed,
2922 1532 3203 1604 Cogitabas
3227 1534 3355 1606 quid
3393 1534 3645 1593 futurum

2039 1629 2179 1677 esset
2202 1632 2323 1692 post
2347 1622 2482 1678 haec.
2504 1622 2635 1692 Quia
2660 1625 2801 1679 enim
2831 1624 3015 1681 orbem
3043 1633 3305 1683 terrarum
3332 1628 3642 1696 devicerat,

2037 1713 2319 1784 reputabat
2344 1729 2545 1782 secum,
2577 1729 2704 1769 num
2732 1713 2800 1770 ad
2839 1714 3037 1772 liberos
3076 1718 3190 1787 ipse
3219 1733 3441 1790 regnum
3484 1729 3649 1776 esset

2018 1804 2487 1872 transmissurus,
2523 1804 2637 1861 sive
2670 1820 2738 1861 an
2785 1807 3078 1864 moriturus
3113 1818 3274 1865 esset.
3326 1809 3457 1865 Nam
3492 1814 3651 1867 solet

2037 1894 2435 1966 quodammodo
2458 1897 2768 1969 magnitudo
2797 1898 3008 1970 imperii
3030 1901 3190 1956 etiam
3220 1917 3318 1959 nos
3346 1902 3553 1960 ducere
3582 1905 3644 1959 in

2034 1986 2356 2042 oblivionem
2387 1996 2611 2053 naturze,
2639 1997 2693 2045 et
2718 1989 2859 2060 quod
2904 1992 3144 2047 mortalis
3183 2008 3245 2049 ea
3292 1995 3381 2050 sit.
3424 1994 3650 2051 Verisi-

2033 2078 2161 2132 mile
2190 2078 2348 2149 igitur
2373 2086 2458 2134 est
2484 2077 2658 2149 illum,
2690 2095 2809 2135 cum
2838 2082 3111 2138 incidisset
3138 2082 3188 2137 in
3210 2083 3423 2156 pelagus
3453 2094 3508 2142 et
3546 2088 3647 2142 in-

2034 2167 2239 2224 ﬁnitam
2268 2168 2662 2228 multitudinem
2689 2170 2899 2228 fortiter
2926 2188 2991 2229 ac
3018 2173 3273 2244 przeclare
3300 2192 3328 2231 a
3360 2191 3419 2232 se
3444 2186 3649 2249 gesto-

2032 2275 2172 2327 rum,
2200 2275 2305 2315 non
2344 2260 2631 2317 admodum
2677 2262 2971 2319 credidisse
3009 2265 3321 2321 moriturum
3369 2282 3491 2325 esse
3544 2282 3645 2324 se.

2031 2351 2175 2407 idem
2206 2367 2416 2423 quoque
2441 2366 2631 2425 passus
2660 2363 2743 2409 est
2765 2353 2902 2408 alius
2934 2370 3024 2410 rex
3057 2354 3391 2429 (a).ldeoque
3427 2367 3483 2413 et
3505 2360 3639 2430 qui-

2028 2442 2150 2497 dam
2180 2443 2246 2497 ad
2274 2444 2445 2513 ipsum
2473 2444 2684 2500 dicebat
2714 2462 2727 2497 ε
2774 2444 2850 2499 Tu
2885 2462 2998 2501 vero
3034 2448 3183 2502 homo
3231 2466 3304 2517 es,
3345 2468 3446 2506 non
3482 2451 3651 2508 Deus

2031 2534 2246 2606 (Ezech.
2284 2537 2373 2593 28.
2401 2537 2501 2608 2):
2539 2538 2606 2594 ad
2646 2538 2863 2611 Tyrium
2909 2556 3101 2612 nempe
3128 2542 3369 2612 l0quens.
3400 2544 3470 2599 Et
3498 2546 3651 2602 vide

2026 2627 2295 2698 quomodo
2343 2628 2542 2700 alisque
2587 2630 2805 2686 vulnere
2852 2631 3023 2702 ipsum
3080 2634 3442 2711 reprehendit.
3500 2635 3643 2692 Non

2026 2720 2166 2775 enim
2188 2720 2339 2785 dixit,
2372 2720 2485 2777 Hoc
2509 2723 2809 2793 suspicatus
2841 2738 2902 2779 es
2934 2739 2997 2779 ac
3033 2727 3302 2796 sperasti:
3329 2728 3444 2795 sed,
3480 2730 3647 2798 Quid

2024 2824 2219 2884 oportet
2238 2814 2350 2883 ﬁeri
2389 2826 2499 2886 post
2537 2816 2686 2870 haec?
2710 2819 2813 2871 ista
2847 2827 3025 2874 mente
3054 2820 3310 2891 agitabas,
3338 2838 3400 2877 ac
3440 2831 3650 2880 tecum.

2028 2904 2353 2975 reputabas:
2384 2905 2636 2976 quidnam
2676 2907 2880 2964 scilicet
2908 2910 3140 2965 futurum
3169 2921 3331 2969 esset.
3369 2911 3438 2968 In
3464 2914 3648 2969 cubili

2024 3006 2128 3053 tuo.
2158 2995 2293 3054 Cum
2322 3000 2496 3055 nullus
2522 3013 2665 3056 esset
2691 3002 2781 3072 qui
2809 3001 3153 3071 obturbaret,
3183 3006 3279 3062 sed
3319 3009 3545 3065 animus
3578 3010 3647 3066 in

2021 3091 2201 3162 quiete
2259 3102 2602 3161 versaretur;
2654 3095 2868 3165 quando
2918 3098 3183 3170 przecipue
3231 3101 3643 3171 cogitationum

2023 3187 2174 3242 turba
2214 3202 2311 3242 nos
2351 3188 2576 3255 invadit,
2622 3189 2801 3260 quiete
2843 3198 3002 3262 atque
3040 3193 3154 3247 otio
3198 3192 3446 3250 abutens.
3492 3194 3650 3253 Ideo

2019 3278 2201 3334 multis
2227 3293 2345 3335 mos
2368 3288 2451 3335 est
2484 3288 2693 3351 tempus
2722 3281 2852 3336 illud
2890 3283 2942 3337 in
2971 3283 3213 3340 oratione
3242 3299 3586 3345 censumere
3622 3307 3643 3345 :

2019 3369 2141 3438 quia
2163 3368 2360 3425 scilicet
2389 3379 2512 3425 tunc
2532 3372 2740 3427 animus
2764 3374 2999 3441 otiatur;
3018 3384 3073 3431 et
3101 3390 3347 3447 magnum
3368 3378 3653 3450 capimus

2019 3460 2417 3529 detrimentum,
2445 3463 2487 3517 si
2528 3473 2653 3519 tunc
2691 3465 2895 3521 inertiae
2924 3481 3020 3521 nos
3061 3467 3385 3525 dederimus.
3434 3472 3503 3526 Et
3535 3477 3655 3544 qui

2017 3556 2203 3610 revelat
2231 3558 2488 3627 mysteria,
2518 3558 2759 3613 indicavit
2784 3561 2873 3614 tibi
2895 3574 3012 3631 qua:
3038 3572 3264 3632 Oporteat
3287 3565 3418 3632 ﬁeri.
3452 3569 3649 3637 Aspi-

2018 3659 2102 3710 ce,
2132 3646 2323 3701 iterum
2347 3646 2458 3716 jam
2503 3648 2597 3703 Dei
2634 3651 2896 3705 meminit.
2923 3650 3033 3707 Nec
3070 3653 3123 3707 id
3167 3655 3477 3726 vulgariter.
3512 3658 3657 3715 Sed

2019 3738 2127 3793 illic
2160 3738 2376 3810 quidem
2417 3742 2493 3795 ait
2532 3758 2547 3791 :
2586 3758 2606 3792 ι
2634 3742 2735 3810 Qui
2772 3753 2853 3798 est
2901 3745 2955 3800 in
3000 3746 3163 3812 caelo;
3196 3765 3216 3800 ι
3262 3746 3350 3804 hic
3384 3756 3589 3806 autem
3630 3772 3653 3809 :

2023 3847 2045 3882 s
2076 3829 2175 3896 Qui
2213 3830 2415 3886 revelat
2452 3832 2756 3904 mysteria.»
2778 3833 2949 3892 δαῖε·
2980 3836 3112 3892 mihi
3154 3846 3330 3893 autem
3377 3856 3495 3896 non
3531 3856 3657 3897 sa-

2018 3921 2234 3992 pientia,
2257 3939 2375 3993 qua:
2395 3923 2453 3979 ﬁt
2477 3925 2530 3979 in
2555 3941 2642 3982 me
2665 3940 2773 3997 prae
2789 3927 3037 3983 omnibus
3059 3930 3375 3999 viventibus,
3401 3944 3657 4005 myste—

2015 4011 2154 4067 rium
2196 4012 2297 4068 boc
2330 4014 2626 4070 revelatum
2669 4025 2753 4072 est
2792 4033 2809 4071 :
2849 4017 2943 4073 sed
2992 4030 3049 4073 ut
3086 4020 3453 4090 conjecturam
3498 4029 3654 4097 regi

2015 4103 2266 4171 indicem,
2321 4115 2377 4162 et
2418 4114 2477 4162 ut
2521 4120 2813 4179 cognoscas
2848 4110 3195 4180 cogitationes
3236 4112 3412 4169 cordis
3440 4117 3558 4170 tui.
3618 4137 3663 4171 ι

2015 4197 2242 4253 Tantum
2271 4212 2377 4253 non
2398 4198 2582 4255 dicens
2605 4216 2620 4253 :
2642 4198 2803 4271 Origo
2831 4201 3153 4258 inventionis
3178 4218 3282 4258 non
3307 4214 3391 4260 est
3419 4219 3455 4259 a
3474 4221 3598 4265 me
3625 4228 3645 4263 :

2013 4290 2110 4346 sed
2140 4305 2318 4361 neque
2342 4291 2401 4345 ia
2434 4305 2500 4347 eo
2528 4291 2647 4361 ipso
2669 4293 2810 4362 quod
2845 4307 2960 4348 rem
3011 4301 3207 4364 praeter
3237 4295 3370 4351 alios
3400 4296 3663 4354 didice-

2014 4382 2136 4449 rim,
2165 4383 2375 4439 caeteris
2422 4383 2788 4454 praeferendus
2825 4399 2963 4439 sum.
3012 4386 3125 4441 Non
3167 4388 3309 4443 enim
3345 4390 3471 4458 quia
3528 4407 3662 4450 ιη..

2012 4475 2311 4545 sapientem
2336 4490 2458 4532 esse
2494 4478 2726 4546 agnovit,
2764 4475 2819 4533 id
2848 4476 2991 4533 Deus
3020 4478 3161 4534 fecit.
3193 4478 3251 4534 Si
3276 4479 3421 4536 enim
3458 4496 3666 4552 post.

2011 4581 2170 4636 quam
2200 4567 2299 4622 ista
2339 4567 2563 4626 dixisset
2595 4568 2799 4635 Daniel,
2842 4567 3015 4639 ipsum
3063 4578 3120 4623 ut
3158 4570 3324 4626 Deum
3359 4570 3663 4632 adoravit

2010 4673 2142 4713 rex:
2169 4658 2295 4730 quid
2320 4661 2364 4715 si
2391 4658 2446 4715 id
2472 4662 2821 4731 proloquntus
2850 4678 2957 4718 non
2994 4662 3213 4719 fuisset?
3244 4663 3350 4720 Sed
3380 4678 3669 4737 propter

2012 4758 2082 4814 te,
2116 4750 2306 4821 inquit.
2347 4749 2425 4805 Tu
2471 4751 2601 4807 mihi
2645 4754 2847 4823 gratias
2888 4752 3085 4810 habere
3123 4769 3229 4810 non
3272 4755 3458 4823 debes,
3514 4764 3671 4819 sed

2010 4856 2109 4912 ego
2131 4841 2221 4897 tibi
2252 4858 2265 4896 :
2293 4851 2350 4897 ut
2379 4843 2521 4898 enim
2548 4852 2604 4898 tu
2628 4843 2975 4916 intelligeres,
3002 4860 3102 4916 ego
3127 4845 3307 4902 didici.
3334 4846 3529 4904 Cerne
3574 4865 3671 4910 ua

2008 4933 2154 4988 illum
2193 4933 2441 4990 conciliet
2486 4935 2618 5001 Deo,
2658 4945 2715 4992 et
2751 4946 2808 4991 ut
2848 4935 3085 4992 futurum
3112 4937 3250 4993 circa
3280 4953 3401 4993 eum
3432 4941 3669 4999 mira-

2007 5026 2205 5092 culum,
2268 5028 2395 5083 item
2442 5041 2686 5083 amorem
2734 5027 3103 5086 vehementem
3144 5044 3269 5101 erga
3304 5044 3473 5097 eum,
3520 5050 3669 5104 per

2008 5120 2442 5190 anticipationem
2489 5121 2599 5177 Deo
2631 5121 2889 5194 assignet.
2936 5120 3037 5190 Qui
3059 5122 3204 5180 enim
3246 5122 3474 5179 edoctus
3505 5139 3669 5197 est.

2006 5211 2149 5281 quod
2182 5212 2398 5268 Deusin
2425 5211 2689 5269 honorem
2711 5214 2876 5283 ipsius
2903 5214 2954 5269 id
2983 5215 3110 5285 egit,
3142 5213 3507 5284 proculdubio
3526 5219 3671 5281 illi

2005 5300 2318 5357 conciliatus
2339 5311 2441 5358 est.
2464 5301 2538 5358 Te
2557 5303 2751 5375 magis,
2769 5304 2960 5375 inquit,
2985 5304 3290 5372 honoravit,
3304 5318 3473 5374 quam
3499 5324 3665 5370 me.

2008 5391 2170 5449 Vides
2206 5409 2365 5465 quam
2412 5393 2728 5451 ambitiosus
2763 5411 2878 5451 non
2906 5395 2979 5465 sit
3010 5396 3244 5467 juvenis,
3282 5406 3444 5470 utque
3499 5416 3669 5464 non

2067 5593 2167 5669 tu);
2175 5592 2455 5669 11mins.
2470 5594 2981 5669 techinam“
3020 5593 3206 5669 ,ιερεωτ
3241 5596 3675 5669 necet-eun.

2002 5654 2089 5717 qui
2104 5654 2171 5730 ad
2192 5658 2308 5705 Dan.
2333 5656 2382 5717 2,
2394 5654 2481 5716 46,
2491 5655 3003 5738 naimdiodonosa-em
3019 5658 3389 5773 intumum.
3404 5654 3675 5739 nectis;

2002 5717 2061 5781 ad
2079 5716 2254 5781 tamen.
2276 5716 2355 5781 28,
2384 5717 2430 5781 2,
2449 5730 2717 5781 principem
2730 5780 2733 5781 ν
2745 5725 2846 5781 tyrr
2871 5727 3108 5781 agnoscat.
3272 5733 3298 5771 ε
3313 5733 3455 5774 error
3472 5734 3675 5781 apud

1997 5730 2061 5766 aa
2078 5730 2254 5787 nmen.
2276 5730 2355 5775 zu,
2384 5730 2430 5776 z,
2449 5730 2717 5781 principem
2740 5730 2846 5789 :Iyﬂ
2871 5730 3108 5781 agnoscst.
3128 5730 3298 5773 Attius
3313 5733 3455 5774 error
3472 5734 3676 5791 apud

2003 5780 2271 5844 Origenem
2295 5779 2380 5831 lib.
2396 5779 2426 5829 4
2449 5779 2516 5829 de
2538 5780 2801 5844 Principiis,
2820 5792 2933 5844 cap.
2950 5781 3000 5832 2.
