3724 6272
87 264 188 322 205

82 390 199 437 ante
226 396 535 438 sermonem
567 383 919 454 aggrediatur,
943 399 1100 456 quam
1136 399 1312 457 regem
1334 385 1613 444 abduxerit
1640 403 1672 445 a

83 489 267 542 magna
298 490 461 542 quam
486 475 552 530 de
579 475 694 546 ipso
715 475 910 532 habere
939 477 1200 548 potuisset
1225 478 1512 548 opinione?
1529 480 1672 546 Quo—

81 565 234 619 modo
254 565 422 634 igitur
450 565 675 635 gloriam
704 577 983 623 venaretur
1023 568 1228 634 Daniel,
1263 570 1351 639 qui
1381 571 1540 627 etiam
1570 572 1668 628 da-

83 663 184 707 tam
213 657 469 725 repellit?
495 657 562 712 Et
589 673 696 712 non
732 658 864 713 dixit
890 678 904 713 :
932 659 1192 727 Quoniam
1221 661 1385 716 Deum
1422 679 1667 730 veneror,

78 749 332 816 quoniam
365 750 438 803 illi
463 751 585 820 plus
607 767 762 820 quam
803 752 982 806 caeteri
1010 755 1209 820 servio,
1249 754 1379 809 mihi
1415 755 1670 812 revelatio

78 841 208 893 facta
239 854 330 896 est
360 859 374 894 :
403 842 519 905 sed.
548 841 618 898 Ut
647 852 703 897 tu
733 845 970 899 disceres
999 838 1137 914 quod
1169 847 1505 902 utilissimum
1531 858 1664 903 erat.

76 932 206 988 lllud
233 935 408 999 enim,
437 936 594 989 etiam
638 937 752 1006 ipso
779 952 882 991 non
911 937 1138 1002 dicente,
1169 939 1220 992 in
1257 949 1492 994 mentem
1518 941 1669 996 audi-

75 1037 245 1082 torum
262 1030 486 1084 veniret.
510 1031 570 1085 5|
586 1070 599 1084 .
627 1049 643 1082 ι
668 1030 746 1085 Tu
768 1046 859 1086 rex
878 1031 1115 1098 videbas,
1130 1041 1183 1088 et
1197 1048 1322 1088 ecce
1343 1034 1516 1102 imago
1535 1050 1660 1101 una,

74 1122 243 1192 imago
260 1121 355 1176 illa
374 1138 586 1193 magna,
605 1133 660 1178 et
674 1132 918 1193 aspectus
943 1123 1087 1179 illius
1109 1125 1351 1182 sublimis
1367 1137 1515 1182 stans
1531 1137 1656 1184 ante

74 1215 258 1269 faciem
278 1226 451 1282 tuam,
468 1227 521 1273 et
542 1218 762 1273 intuitus
788 1218 904 1288 ejus
923 1218 1194 1275 terribilis.
1210 1219 1298 1275 '52.
1316 1220 1493 1292 lmago
1513 1223 1663 1291 cujus

72 1319 226 1378 caput
249 1326 321 1366 ex
358 1326 493 1366 auro
520 1327 689 1382 puro;
722 1327 911 1368 manus
952 1313 1118 1383 ipsius
1145 1323 1201 1370 et
1237 1323 1424 1384 pectus
1455 1324 1504 1370 et
1536 1315 1662 1371 bra-

73 1401 184 1455 chia
215 1401 338 1471 ejus
362 1412 648 1472 argentea;
681 1412 866 1459 venter
891 1403 1034 1460 illius
1063 1412 1118 1460 et
1141 1404 1344 1462 femora
1368 1421 1542 1474 terea;
1567 1408 1656 1463 55.

75 1495 211 1548 tibi:
252 1494 484 1559 lem;
511 1494 707 1566 pedes,
755 1511 880 1565 pars
923 1495 1139 1566 quidem
1177 1495 1418 1568 quzedam
1463 1497 1656 1563 ferrea,

74 1602 185 1655 pars
201 1595 388 1642 autem
403 1586 646 1657 quaadam
671 1595 920 1643 testacea.
953 1605 971 1640 ι
1012 1587 1142 1644 Vide
1165 1588 1310 1658 quali
1341 1588 1544 1644 visione
1571 1589 1656 1644 di-

72 1687 256 1746 gnatus
287 1676 452 1733 fuerit
491 1677 1003 1734 Nabuchodonosor.
1045 1679 1486 1750 Quandoquidem
1515 1681 1656 1736 enim

73 1770 118 1822 ia
139 1776 329 1838 gentes
353 1770 621 1840 evangelii
647 1770 967 1840 praeconium
992 1771 1345 1841 spargendum
1364 1781 1499 1839 erat,
1520 1773 1659 1829 visio

75 1861 231 1916 multo
265 1871 401 1919 ante
427 1863 678 1932 gentilem
722 1863 1061 1920 traditionem
1092 1863 1327 1930 inhibet;
1360 1872 1414 1919 et
1441 1864 1492 1920 in
1515 1874 1654 1920 terra

73 1953 246 2023 gentili
293 1955 568 2011 somnium
614 1955 856 2023 videtur,
903 1957 1100 2026 templo
1134 1972 1356 2023 everso,
1399 1958 1655 2030 legalibus

73 2045 306 2101 Sublatis.
350 2045 730 2102 Verumtamen
775 2063 870 2119 per
902 2047 1156 2104 llebrteos
1192 2049 1506 2119 explicatur.
1538 2050 1656 2108 Etsi

71 2139 204 2192 enim
225 2139 280 2193 in
309 2140 538 2209 gentiles
564 2139 1020 2196 disseminandum
1051 2149 1192 2198 esset
1211 2142 1568 2212 evangelium,
1593 2152 1653 2199 at

72 2245 156 2296 per
183 2229 442 2286 llebrzeos
464 2231 630 2299 viros,
658 2247 851 2302 nempe
868 2234 1158 2302 apostolos,
1186 2234 1237 2288 id
1259 2233 1492 2291 futurum
1514 2246 1649 2292 erat.

75 2320 174 2376 lloc
196 2330 252 2377 et
293 2321 348 2375 in
397 2320 651 2378 Cornelio
678 2324 917 2395 contigit.
965 2325 1279 2381 Praeeedunt
1304 2336 1509 2397 gentes.
1543 2343 1648 2383 non

73 2421 238 2467 autem
289 2425 609 2484 sequuntur.
659 2415 732 2470 lta
772 2426 825 2473 et
866 2417 950 2474 hic
985 2419 1267 2490 imaginem
1299 2422 1498 2492 primus
1523 2424 1652 2479 vidit

73 2505 574 2572 Nabuchodonosor,
624 2510 864 2565 notitiam
907 2527 1033 2567 vero
1076 2513 1280 2582 primus
1319 2515 1520 2586 accepit
1551 2518 1651 2571 Da-

73 2600 183 2652 niel.
215 2599 287 2654 Et
326 2608 384 2654 ut
422 2615 716 2671 cognoscas
757 2603 895 2673 quod
935 2614 989 2661 et
1035 2605 1192 2675 primi
1239 2615 1293 2662 et
1327 2610 1650 2678 posteriores

73 2701 177 2745 sinit
203 2691 380 2748 Judzei
416 2711 432 2748 :
463 2696 616 2763 primi
657 2697 851 2766 quippe
888 2697 1024 2752 bona
1050 2711 1382 2770 acceperant,
1415 2703 1508 2758 sed
1549 2721 1648 2759 ne-

71 2784 296 2839 sciebant
320 2786 452 2854 quid
478 2789 828 2858 accepissent,
863 2799 920 2846 ut
951 2807 1044 2861 par
1081 2795 1328 2864 utrinque
1371 2794 1541 2853 ﬁeret.
1571 2797 1647 2851 lta

69 2887 113 2928 et
135 2877 237 2932 illic
267 2888 398 2933 ante
424 2879 745 2949 baptismum
772 2881 972 2952 Spiritu
999 2884 1200 2953 dignati
1227 2897 1369 2942 sunt.
1398 2887 1487 2944 Sic
1514 2899 1570 2945 et
1595 2891 1648 2946 in

70 2969 370 3024 Abrahamo
409 2972 578 3042 prima
618 2971 716 3028 fuit
748 2974 836 3030 illa
867 2977 1152 3033 multitudo
1177 2980 1435 3049 gentium,
1464 2991 1646 3053 poste-

71 3063 166 3114 rior
184 3076 324 3117 vero
352 3063 684 3120 circumcisio
716 3084 730 3119 :
757 3065 850 3122 sed
873 3083 968 3137 per
991 3069 1452 3128 circumcisioncm
1483 3075 1645 3129 salus.

72 3155 180 3211 [Lee
201 3156 400 3211 millies
429 3158 702 3228 propheta:
739 3159 936 3216 Iudaeis
970 3162 1235 3230 dixerunt,
1259 3176 1314 3220 et
1345 3166 1446 3222 nisi
1482 3169 1646 3224 multa

71 3248 194 3317 apud
224 3263 332 3302 vos
354 3258 500 3304 esset
523 3250 762 3318 tarditas,
790 3254 948 3308 etiam
982 3254 1068 3309 ubi
1096 3264 1150 3310 et
1174 3257 1386 3327 quando
1405 3259 1648 3329 aperuis-

240 3339 537 3411 Postquam
581 3352 760 3398 autem
807 3359 912 3400 non
954 3347 1319 3416 attenderunt,
1358 3351 1548 3406 transit
1581 3350 1647 3407 ad

72 3443 239 3498 gentes
265 3433 545 3504 deinceps.
573 3435 696 3491 Htec
717 3437 875 3493 verba
903 3437 1072 3495 ,ἰυᾶωί
1099 3441 1394 3505 audientes,
1419 3442 1649 3514 despue-

73 3525 185 3578 bant
220 3543 237 3578 :
277 3525 501 3595 gentilis
535 3541 656 3581 cum
695 3527 963 3596 audisset,
1005 3529 1263 3586 adoravit.
1306 3532 1538 3589 Adverte
1583 3549 1648 3590 ea

75 3617 214 3670 etiam
237 3632 362 3686 qua:
389 3617 490 3671 sub
527 3617 737 3674 Christo
762 3620 1097 3691 contigerunt
1122 3621 1349 3678 describi
1391 3638 1485 3694 per
1513 3625 1646 3694 ligu-

76 3724 165 3762 ης.
192 3708 500 3763 Οιιεηειηεεει
536 3708 718 3765 adorat
749 3726 764 3764 :
789 3709 958 3766 Judaei
991 3723 1194 3778 contra,
1240 3715 1518 3770 Dominum
1546 3717 1650 3772 sci-

75 3799 179 3854 l;cet
199 3801 504 3870 expellunt.
542 3801 616 3856 lta
645 3811 699 3858 et
723 3801 809 3858 hic
841 3803 1008 3859 Judaei
1036 3803 1320 3860 Jeremiam
1357 3807 1409 3860 in
1440 3808 1648 3864 vincula

75 3895 407 3962 mnjecernnt
446 3913 461 3951 :
519 3895 1009 3952 Nabuchodonosor
1059 3897 1300 3954 adoravit
1352 3901 1644 3957 Danielem.

77 3986 260 4042 Rursus
315 3987 487 4043 Judaei
532 3990 801 4058 apostolos
836 3990 1092 4060 ejiciunt:
1133 3991 1304 4047 Gl'iIECl
1352 4003 1528 4050 autem
1567 3995 1649 4050 di-

70 4078 314 4133 επιειεωὶ
337 4079 702 4136 descenderunt
723 4083 790 4135 ad
810 4099 900 4138 nos
925 4083 1062 4155 (Act.
1097 4085 1181 4140 Μ.
1214 4085 1321 4157 10).
1349 4087 1481 4142 Cum
1502 4089 1645 4145 enim

67 4172 311 4238 judicium
341 4173 460 4229 sine
488 4174 679 4231 aﬁ‘ectu
701 4177 888 4244 fertur,
921 4179 1281 4250 incorruptum
1313 4189 1414 4247 est,
1449 4197 1511 4237 ae
1532 4183 1644 4238 sin-

71 4281 259 4320 terurn.
296 4265 466 4322 Vides
495 4276 649 4338 typos
681 4272 999 4326 coruscare?
1039 4271 1096 4325 In
1129 4272 1399 4343 Babylone
1424 4289 1542 4344 qua;
1578 4273 1645 4329 ad

71 4357 332 4414 Christum
362 4369 609 4430 spectant
631 4362 933 4429 audiuntur,
967 4373 1020 4420 et
1049 4365 1305 4421 barbarus
1329 4367 1538 4423 auditor
1564 4369 1642 4435 lit,

73 4463 118 4503 ut
145 4453 403 4524 intelligas
441 4469 546 4509 non
577 4456 736 4511 modo
769 4457 1011 4526 gentiles,
1051 4459 1143 4514 sed
1182 4469 1236 4514 et
1263 4460 1518 4516 barbaros
1546 4461 1646 4518 ista

71 4560 170 4600 esse
204 4547 513 4612 audituros,
559 4549 1008 4618 quemadmodum
1052 4551 1246 4609 Paulus
1284 4554 1358 4608 ait
1395 4572 1409 4609 :
1441 4554 1648 4610 Debitor

72 4653 164 4688 nat
181 4648 230 4691 at
255 4638 579 4709 evangelium
609 4641 877 4708 praedicem
904 4640 1094 4697 Grazcis
1122 4660 1181 4697 ac
1209 4643 1434 4699 barbaria
1463 4646 1641 4715 (Rom.

71 4729 120 4779 1.
143 4729 240 4801 tt).
296 4732 367 4785 Et
403 4746 476 4786 ne
516 4731 800 4802 desperes,
859 4749 1008 4806 spem
1047 4735 1276 4791 delineat
1313 4752 1376 4793 ac
1410 4738 1641 4809 subjicit.

67 4821 198 4883 Quod
237 4823 389 4878 enim
442 4822 629 4879 aberat
674 4825 1150 4895 impedimentum?
1197 4828 1386 4884 Fastus
1428 4830 1639 4901 regalis,

72 4913 255 4970 indoles
299 4916 418 4984 ipsa
459 4914 758 4985 barbarica,
794 4917 1062 4989 loquentis
1105 4919 1311 4988 vilitas;
1340 4932 1456 4977 erat
1500 4923 1642 4978 enim

69 5007 328 5074 captivus;
359 5016 494 5061 tetas
531 5024 546 5061 :
580 5018 696 5064 erat
723 5007 966 5079 juvenis;
1007 5010 1193 5082 religio
1229 5012 1422 5067 aliena.
1460 5011 1644 5082 Neque

70 5111 147 5148 rex
172 5096 308 5151 dixit
338 5115 352 5151 :
387 5096 466 5153 Te
508 5108 592 5152 tua
623 5099 915 5168 przevidere
960 5101 1213 5170 oportuit,
1258 5102 1405 5158 urbis
1435 5110 1537 5158 tua:
1565 5104 1645 5157 vi-

67 5189 238 5246 delicet
263 5190 632 5259 captivitatem
669 5209 682 5246 :
714 5192 800 5246 illa
835 5193 1107 5262 ignorasti,
1139 5204 1193 5249 et
1218 5195 1332 5249 hinc
1360 5195 1642 5264 pranlicis?

64 5280 240 5348 ingrati
279 5283 430 5337 enim
476 5282 547 5337 ita
591 5283 732 5353 loqui
773 5284 948 5340 solent
994 5303 1006 5338 :
1047 5283 1335 5353 Oportebat
1370 5286 1640 5342 Christum

71 5370 281 5440 siparum
311 5373 623 5429 suscitasse.
653 5372 805 5440 Quod
831 5374 1030 5429 dictum
1063 5375 1159 5430 fuit
1187 5376 1395 5434 eversio
1417 5385 1532 5432 erat
1557 5393 1644 5434 ro-

67 5467 145 5529 ;ai
168 5465 496 5536 Babyloniei,
529 5476 584 5522 et
610 5470 996 5525 consummatio
1039 5471 1198 5527 totius
1223 5471 1385 5528 orbis.
1427 5472 1495 5527 Et
1522 5489 1640 5530 cre-

69 5557 184 5610 cadit
217 5558 741 5616 Nabuchodonosor.
772 5561 954 5633 Neque
980 5564 1144 5630 enim,
1185 5564 1286 5619 nisi
1307 5564 1638 5634 credidisset,

67 5651 402 5708 saeriﬁcasset
428 5653 658 5710 Danieli.
686 5654 869 5711 Credit
897 5656 1384 5714 Nabuchodonosor
1410 5657 1482 5729 (υ.
1512 5660 1637 5732 46);

69 5743 260 5811 τέω,
281 5755 460 5802 autem
482 5761 589 5803 non
607 5747 842 5805 credunt.
870 5748 1092 5822 Propter
1119 5748 1218 5808 hoc
1239 5749 1418 5808 multa:
1441 5751 1635 5820 prwdi-

1467 270 1534 328 lN
1575 272 1944 335 DANIELEM.

3263 299 3368 355 208

1778 397 1983 455 ctiones
2001 397 2214 456 ﬁebant.
2235 403 2289 460 Si
2313 403 2416 461 illa:
2438 416 2683 465 eventum
2711 427 2814 468 non
2845 412 3163 484 habuerunt,
3197 432 3370 488 neque

1780 489 1864 544 his
1876 491 2057 547 crede.
2072 492 2148 548 Ne
2162 504 2338 552 autem
2359 497 2556 554 diutius
2577 517 2874 560 sermonem
2895 506 3178 563 obscurum
3207 508 3368 566 facia-

1777 597 1917 650 mtts,
1940 600 2037 656 age
2063 603 2182 642 cum
2203 589 2348 646 vobis
2379 592 2809 665 interpretemur.
2828 598 3072 670 Quinque
3100 600 3232 657 vidit
3255 620 3368 657 ma-

1779 675 1958 741 terias,
1987 691 2195 746 aurum,
2224 690 2522 751 argentum,
2550 700 2644 747 ωε,
2668 686 2888 753 ferrum,
2920 698 3131 745 testam.
3163 693 3364 749 Deinde
3424 677 3426 680 i

1777 773 1885 820 tota
1904 767 2076 840 imago
2095 779 2302 842 tempus
2321 783 2405 830 est
2424 783 2478 831 et
2497 778 2750 848 temporis
2761 783 3158 851 consequentia.
3185 783 3254 839 Et
3273 801 3364 841 rc-

1774 868 1858 915 cte
1873 860 2004 915 dixit
2026 881 2039 916 :
2058 861 2259 933 Imago.
2283 865 2501 938 lmagini
2522 869 2784 940 siquidem
2795 873 2994 928 similes
3015 883 3142 930 sunt
3163 891 3249 930 res
3266 892 3363 932 no.

1774 959 1922 1016 strze,
1947 953 2155 1023 imagini
2185 955 2504 1013 inanimatae.
2528 959 2934 1034 Et-beneimago
2957 980 3033 1018 ex.
3049 966 3372 1027 auro.Sicnt-

1772 1042 1914 1096 enim
1941 1059 2128 1099 aurum
2146 1049 2353 1104 etiamsi
2375 1050 2710 1120 splendidum
2743 1055 2832 1122 sit,
2852 1064 3026 1112 tamen
3040 1073 3072 1114 e
3094 1067 3233 1114 terra
3245 1060 3358 1114 oris

1773 1141 1858 1188 tur
1879 1152 1892 1188 :
1911 1135 1986 1189 sie
1997 1137 2159 1191 etiam
2175 1149 2358 1195 natura
2381 1153 2584 1210 nostra,
2601 1155 2761 1216 atque
2771 1163 2862 1203 res
2873 1148 3140 1208 humanm.
3159 1151 3227 1208 Et
3240 1153 3360 1211 vide

1771 1235 1827 1280 ut
1848 1228 2017 1296 pulvis
2045 1229 2168 1292 ﬁat,
2209 1234 2353 1300 quod
2380 1233 2583 1291 scilicet
2605 1246 2721 1292 erat
2747 1246 2924 1296 antea.
2956 1241 3114 1312 Atqui
3142 1243 3364 1315 idvlapis

1770 1333 2056 1391 numquam
2103 1322 2308 1379 fecerit.
2365 1327 2657 1385 Conterere
2703 1333 2919 1402 quidem
2973 1346 3149 1405 potest
3197 1338 3353 1409 lapis,

1766 1412 2114 1470 substantiam
2156 1433 2281 1473 vero
2304 1432 2618 1479 convertere
2647 1438 2750 1479 non
2793 1435 2988 1496 potest.
3035 1428 3149 1486 Hoc
3176 1441 3352 1488 tamen

1765 1506 2007 1577 contigit.
2052 1507 2360 1581 Mysterium
2398 1516 2802 1573 resurrectionis
2829 1518 2999 1574 vides.
3041 1520 3176 1577 Cum
3207 1525 3350 1580 enim

1763 1612 1992 1669 corpora
2016 1611 2198 1656 nostra
2228 1602 2281 1658 in
2309 1604 2571 1662 elementa
2605 1608 2942 1666 resolvuntur
2964 1654 2978 1676 ,
3025 1624 3080 1668 et
3106 1614 3171 1668 ad
3212 1617 3352 1670 anti-

1763 1705 1920 1760 quam
1968 1691 2192 1748 redeunt
2235 1703 2513 1762 naturam,
2561 1707 2755 1753 terram
2786 1699 2938 1765 dico,
2979 1710 3104 1758 tunc
3132 1703 3350 1761 advenit

1761 1784 2054 1852 corruptio.
2089 1784 2214 1841 Haec
2242 1795 2416 1842 autem
2444 1790 2621 1843 omnia
2649 1791 2782 1861 lapis
2803 1792 2982 1848 efﬁcit.
3016 1793 3196 1866 Itaque
3225 1813 3345 1852 cum

1760 1873 1958 1930 videris
1983 1876 2263 1948 imaginem
2291 1895 2356 1935 ex
2388 1881 2612 1937 diversis
2643 1886 2878 1940 materiis
2907 1897 3260 1957 constantem,
3292 1900 3360 1946 et.

1760 1965 1900 2021 illius
1927 1969 2138 2038 quidem
2165 1981 2322 2040 caput
2348 1974 2702 2042 splendidum,
2736 1987 2918 2046 pectus
2937 1995 3066 2035 vero
3081 1980 3341 2050 deterius,

1757 2067 1812 2114 et
1841 2068 2080 2115 ventrem
2121 2061 2488 2132 ignobiliorem
2507 2109 2523 2133 ,
2566 2077 2621 2122 et
2649 2068 2804 2125 tibias
2833 2070 3045 2126 viliores
3069 2113 3084 2138 ,
3116 2073 3346 2129 diversi-

1757 2156 1919 2204 tatem
1950 2150 2088 2207 hanc
2118 2152 2170 2206 in
2192 2154 2307 2209 solo
2331 2165 2548 2226 aspectu
2574 2157 2727 2212 sitam
2744 2174 2863 2215 esse
2883 2161 3151 2216 existima.
3171 2163 3341 2219 Unius

1756 2240 1951 2310 quippe
1996 2241 2340 2314 ejusdemque
2392 2247 2700 2303 substantia:
2751 2251 2928 2307 omnia
2975 2263 3126 2317 sunt;
3185 2254 3343 2326 idque

1757 2340 1985 2388 testatur
2011 2334 2152 2399 linis,
2180 2337 2271 2407 qui
2301 2336 2354 2392 in
2394 2337 2667 2408 pulverem
2696 2349 2883 2396 cuncta
2914 2341 3174 2398 dissolvit.
3222 2342 3338 2400 Non

1756 2439 1914 2494 parva
1942 2436 2028 2481 est.
2050 2427 2150 2483 ista
2178 2429 2533 2500 phiIOSophia.
2583 2431 2833 2486 Animum
2861 2433 3081 2492 adverte
3109 2435 3177 2491 ad
3203 2438 3340 2495 hanc

1755 2516 2164 2588 philosophiam,
2188 2529 2240 2574 et
2254 2536 2285 2575 a
2301 2521 2460 2577 rebus
2479 2537 2597 2592 qua:
2620 2532 2743 2580 ante
2762 2525 2946 2582 oculos
2967 2528 3338 2594 obversantur,

1752 2609 1822 2664 ab
1849 2609 2142 2681 imperante
2171 2611 2438 2668 deducens
2465 2629 2666 2683 regem,
2697 2614 2892 2672 deinde
2916 2617 3224 2689 praelectum
3249 2623 3338 2692 qui

1754 2711 1874 2770 post
1899 2717 2077 2771 regem
2096 2711 2243 2759 estet
2266 2705 2358 2759 aeri
2387 2705 2693 2775 respondet,
2725 2707 2851 2762 item
2877 2723 2970 2764 eos
2991 2710 3078 2780 qui
3107 2725 3339 2781 sequun-

1754 2803 1857 2857 tur,
1875 2794 2070 2865 quique
2093 2803 2147 2850 ut
2171 2797 2359 2852 lictiles
2376 2812 2439 2854 ac
2464 2795 2620 2854 ferrei
2647 2809 3115 2870 reprmsentantur.
3143 2803 3354 2868 Verum.

1752 2884 1796 2938 si
1822 2884 1887 2938 ad
1914 2886 2213 2955 sepulcrum
2245 2887 2455 2943 veneris
2474 2930 2489 2953 ,
2521 2888 2730 2944 etiamsi
2757 2891 3058 2948 sexcenties
3088 2893 3160 2948 ibi
3201 2910 3354 2965 φλορ.

1753 2991 1858 3046 que
1883 2978 1987 3032 vim
2018 2977 2195 3034 facere
2221 2980 2498 3036 videantur
2517 3024 2533 3049 ,
2563 2981 2688 3037 dum
2717 2997 2936 3040 auream
2965 3000 3153 3041 urnam
3180 2987 3343 3046 ador,

1752 3082 1882 3128 nant
1900 3115 1915 3142 ,
1955 3074 2181 3144 aspicies
2208 3083 2383 3132 tamen
2414 3076 2625 3132 illorum
2649 3077 2892 3135 eamdem
2922 3095 3041 3136 esse
3066 3090 3337 3138 naturam.

1753 3167 1951 3223 lterum
1972 3168 2100 3222 mihi
2122 3169 2400 3225 considera
2421 3169 2639 3227 divitem
2666 3172 2812 3227 illum
2843 3181 2897 3228 et
2917 3173 3146 3230 vinetum
3166 3174 3350 3246 (Paw,

1754 3259 1876 3328 lus);
1899 3261 2022 3315 item
2058 3260 2204 3316 illum
2229 3261 2443 3316 divitem
2471 3272 2526 3318 et
2551 3263 2618 3318 ad
2640 3272 2828 3319 testam
2854 3279 3020 3335 usque
3050 3282 3338 3337 pauperem

1752 3352 1959 3421 (Johns)
1991 3371 2004 3406 :
2034 3361 2190 3423 atque
2241 3355 2486 3409 universa
2532 3355 2803 3425 pulverem
2850 3371 2970 3414 esse
3017 3361 3341 3430 conspicies.

1752 3444 1947 3499 Verum
1969 3443 2212 3499 observa.
2229 3445 2344 3500 Non
2367 3447 2512 3516 prius
2526 3454 2716 3503 cuncta
2745 3449 2914 3517 pulvis
2927 3464 3046 3506 esse
3062 3451 3172 3506 visa
3190 3464 3334 3519 sunt,

1751 3551 1910 3605 quam
1951 3533 2082 3606 lapis
2103 3536 2416 3592 decidisset.
2449 3538 2537 3594 54.
2570 3557 2589 3592 ι
2615 3538 2843 3596 Videbas
2873 3540 3046 3596 donec
3069 3541 3353 3604 abscissu8.

1752 3636 1835 3683 est
1862 3628 1992 3698 lapis
2011 3627 2077 3684 de
2102 3639 2283 3684 monte
2304 3671 2317 3694 ,
2350 3631 2465 3685 sine
2505 3630 2750 3687 manibus
2776 3648 2790 3684 :
2819 3639 2876 3688 et
2902 3634 3185 3702 percussit.
3204 3634 3338 3696 ima:

1752 3720 1952 3789 ginem,
1996 3730 2052 3775 et
2078 3721 2241 3792 pedes
2278 3720 2483 3777 ferreos
2512 3738 2575 3779 ac
2600 3731 2862 3779 tcstaceos
2892 3741 2905 3778 :
2944 3733 2999 3780 et
3023 3725 3339 3782 comminuit

1751 3827 1846 3868 eos
1870 3813 1922 3868 in
1948 3814 2126 3870 ﬁnem.
2152 3815 2239 3870 55.
2263 3814 2412 3872 Tunc
2433 3817 2754 3872 comminuta
2785 3826 2908 3872 sunt
2931 3818 3149 3873 omnino
3179 3827 3335 3886 testa,

1750 3902 1988 3970 ferrum,
2028 3919 2136 3972 tes,
2180 3915 2456 3976 argentum
2485 3948 2500 3973 ,
2527 3922 2714 3962 aurum
2749 3924 2762 3962 :
2791 3918 2847 3963 et
2871 3905 3158 3968 facta.sunt
3183 3911 3336 3978 quasi

1750 3995 1925 4065 pulvis
1957 3996 2025 4052 de
2061 4012 2187 4051 area
2212 3997 2392 4052 aestiva
2424 4015 2438 4052 :
2465 4005 2519 4052 et
2554 3998 2743 4053 extulit
2767 4013 2827 4053 ea
2855 3998 3137 4054 multitudo
3165 4003 3333 4066 venti,

1750 4089 1806 4141 et
1847 4087 1992 4142 locus
2032 4103 2139 4144 non
2179 4097 2261 4142 est
2304 4089 2548 4146 inventus
2595 4089 2717 4145 illis.
2753 4107 2772 4141 ι
2818 4089 2935 4146 Non
2965 4091 3108 4146 enim
3149 4107 3332 4147 earum

1750 4194 1928 4234 rerum
1970 4187 2158 4235 natura
2184 4181 2391 4249 cognita
2430 4179 2545 4246 fuit,
2587 4179 2761 4238 donec
2786 4182 2862 4235 sol
2888 4180 3107 4250 justitiae
3129 4191 3209 4237 est
3237 4198 3336 4257 ex-l

1750 4283 1898 4329 ortus
1930 4293 1942 4328 :
1973 4274 2092 4345 quia
2114 4289 2302 4328 aurum
2329 4289 2432 4329 non
2461 4284 2777 4332 aurumest.
2831 4274 2959 4338 Vide
2994 4284 3176 4336 autem
3197 4286 3252 4331 et
3279 4277 3332 4331 in
3362 4302 3371 4332 ε

1750 4365 1849 4420 hac
1872 4365 1980 4435 ipsa
2003 4381 2061 4421 re
2087 4381 2190 4420 non
2207 4373 2328 4435 post
2341 4365 2736 4430 eonteitioncm,
2763 4365 2859 4422 sed
2879 4367 3141 4422 stantibus
3159 4366 3334 4424 adhuc

1749 4458 2019 4525 omnibus,
2062 4457 2260 4513 nullam
2290 4459 2565 4522 materiam
2592 4458 2712 4516 alia.
2734 4474 2854 4514 esse
2883 4461 3329 4531 praestantiorem.

1751 4551 1902 4616 Vide,
1929 4562 1983 4608 et
2011 4561 2249 4621 aspectu,
2280 4563 2333 4608 et
2361 4559 2614 4623 tempore,
2646 4564 2698 4608 et
2722 4553 2973 4623 qualitate
3001 4562 3206 4616 tantum
3238 4553 3335 4617 has

1749 4642 1852 4697 illis
1876 4655 1996 4698 esse
2021 4642 2290 4698 meliores.
2339 4643 2465 4698 Ideo
2489 4644 2632 4699 enim
2654 4643 2793 4699 Deus
2817 4660 3003 4701 aurum
3029 4660 3240 4718 quoque
3264 4647 3334 4702 de

1751 4746 1889 4792 terra
1919 4735 2062 4801 fecit,
2085 4736 2296 4791 utnihil
2312 4752 2561 4808 magnum
2586 4737 2653 4793 de
2681 4738 2774 4794 illo
2799 4739 3123 4810 imaginet-is.
3157 4740 3331 4809 Quare

1747 4839 1924 4883 autem
1950 4843 2169 4899 regnum
2198 4828 2735 4885 Nabuchodonosoris
2755 4841 2910 4892 vocat
2937 4847 3178 4900 aureum,
3203 4833 3316 4888 Per-

1747 4936 1924 4975 sarum
1949 4929 2126 4976 autem
2156 4931 2484 4992 argenteum,
2512 4921 2862 4981 Macedonum
2887 4939 3108 4988 aereum,
3135 4924 3330 4980 Roma-

1748 5026 1936 5066 norum
1990 5010 2224 5068 ferreum
2283 5024 2444 5084 atque
2491 5017 2820 5071 testaceum?
2867 5016 2998 5071 Vide
3047 5017 3334 5089 dispositas

1747 5104 2130 5160 convenienter
2156 5105 2425 5161 materias.
2477 5105 2607 5162 Nam
2636 5123 2824 5163 aurum
2863 5107 3074 5166 divitias
3112 5111 3330 5182 quidem

1749 5204 2136 5266 repraesentat:
2169 5197 2456 5254 invalidum
2495 5207 2580 5254 est
2616 5208 2828 5266 autem,
2873 5209 2932 5258 et
2976 5201 3044 5257 ad
3088 5201 3330 5261 fraudem

1746 5300 1905 5360 atque
1930 5289 1997 5344 ad
2034 5299 2277 5344 ornatum
2306 5305 2370 5346 ac
2413 5290 2862 5361 magniﬁcentiam
2903 5293 3072 5365 magis
3113 5310 3330 5351 accom-

1749 5380 2041 5435 modatum.
2083 5379 2172 5437 Sic
2204 5390 2259 5438 et
2297 5397 2515 5453 regnmn
2547 5382 2895 5454 Babylonium
2923 5384 3134 5440 barbari
3165 5385 3327 5441 illius.

1747 5474 1966 5529 Multum
1990 5488 2155 5545 penes
2191 5474 2366 5546 ipsum
2394 5487 2448 5532 et
2476 5476 2615 5546 apud
2645 5477 2899 5533 barbaros
2921 5487 3035 5534 erat
3060 5479 3174 5534 auri
3209 5497 3221 5534 :
3254 5479 3327 5534 ibi

1748 5581 1976 5638 namque
2024 5566 2264 5623 feruntur
2311 5583 2431 5624 esse
2489 5570 2722 5626 metalla.
2779 5569 2985 5625 Etenim
3033 5585 3064 5624 a
3103 5569 3325 5626 Seribus

1747 5659 1945 5716 divitia:
1971 5677 2174 5733 magnae
2205 5670 2510 5732 portantur,
2549 5662 2642 5718 sed
2678 5663 2909 5718 inutiles.
2945 5662 3115 5733 Caput
3145 5671 3327 5719 autem

1750 5758 2013 5820 occupat,
2056 5753 2178 5825 quia
2206 5769 2425 5826 regnum
2465 5753 2592 5814 illud
2620 5753 2715 5816 fuit
2743 5753 2993 5833 primum.
3044 5754 3326 5826 Persarum
