3724 6272
66 235 169 292 εω

63 350 319 421 originem
351 349 572 408 duxisse
610 364 677 407 ex
723 362 921 420 genere
971 347 1156 419 regio;
1201 344 1459 418 plurimos
1486 344 1655 403 etiam.

63 445 213 499 fuisse
232 444 502 500 inﬁdeles.
526 443 615 499 μ.
645 462 664 494 ι
695 442 765 497 Et
784 442 838 497 in
864 441 1051 497 diebus
1087 455 1274 511 regum
1297 438 1508 493 illorum
1527 450 1647 490 sns-

59 536 232 590 eitahit
268 535 420 591 Deus
456 536 572 591 οωιὶ
604 549 849 604 regnum,
899 532 1040 604 quod
1082 533 1135 587 in
1174 530 1367 586 saecula
1402 544 1508 585 non
1531 542 1650 583 cor-

58 636 332 697 rumpetur
362 644 377 681 :
409 635 466 683 et
512 641 733 697 regnum
774 625 892 696 ejus
935 624 1131 696 populo
1159 624 1313 679 alteri
1353 636 1457 677 non
1485 619 1650 676 relin-

60 728 285 790 qoetur:
315 719 649 773 comminuet
698 726 754 772 et
778 716 1054 773 ventilahit
1089 715 1331 771 universa
1360 728 1523 785 regna
1554 728 1569 766 :
1597 720 1654 767 et

60 815 230 881 ipsum
257 818 519 880 exsurget
547 811 599 864 in
637 810 852 866 saecula.
886 827 905 861 ι
937 808 1202 867 Adducito
1240 807 1371 863 mihi
1414 807 1519 861 huc
1552 805 1650 863 Ju-

56 906 219 959 dzos.
241 902 388 971 Quid
404 903 473 958 de
498 902 598 957 hac
614 901 888 972 prophetia
903 900 1094 956 dicturi
1110 901 1267 955 sunt?
1294 899 1479 970 Neque
1507 900 1653 954 enim

56 994 295 1065 profecto
314 994 385 1051 de
403 994 637 1049 humano
658 1010 825 1065 regno
860 994 974 1049 haec
1002 995 1079 1049 fas
1105 1002 1187 1048 est
1212 993 1413 1059 dicere,
1444 992 1650 1047 scilicet

55 1104 273 1159 regnum
300 1088 573 1143 infinitum
600 1090 750 1143 fore:
781 1086 877 1143 sed
903 1096 1114 1157 oportet
1138 1087 1373 1157 aliquem
1401 1101 1521 1142 esse
1538 1126 1554 1151 ,
1577 1085 1647 1142 de

55 1197 155 1253 quo
194 1181 320 1236 hac
346 1181 491 1236 dicta
517 1188 661 1235 sunt.
687 1179 842 1247 Quod
884 1181 926 1234 si
953 1179 1151 1235 dixeris
1171 1219 1188 1247 ,
1216 1178 1283 1235 de
1313 1178 1468 1233 Patre
1519 1194 1645 1247 pro—

54 1275 149 1328 lata
196 1273 405 1339 fuisse,
432 1282 488 1327 at
513 1272 636 1329 audi
677 1273 805 1343 quid
834 1272 1042 1330 dicatur
1075 1290 1089 1327 :
1117 1271 1186 1326 In
1237 1271 1411 1326 diebus
1476 1287 1652 1340 regum

54 1367 255 1421 illorum
285 1383 308 1421 :
340 1366 702 1421 Romanorum
728 1365 990 1421 videlicet.
1011 1364 1165 1433 Quod
1186 1364 1232 1419 si
1257 1363 1475 1420 dicant:
1502 1363 1650 1429 Quo-

56 1457 212 1513 modo
252 1472 451 1512 aurum
478 1456 981 1526 contererepotuit,
1007 1469 1199 1526 nempe
1220 1468 1442 1526 regnum
1473 1452 1649 1524 Baby—

59 1550 318 1605 loniorum
342 1589 360 1615 ,
388 1548 534 1619 quod
558 1547 667 1617 jam
684 1547 818 1602 olim
836 1554 954 1602 erat
976 1545 1352 1602 destructum?
1380 1542 1651 1615 quomodo

60 1645 211 1698 etiam
264 1651 586 1711 argentum,
646 1638 900 1694 nimirum
945 1653 1168 1709 regnum
1219 1635 1540 1693 Persarum?
1593 1643 1649 1689 et

58 1732 325 1809 quomodo
351 1747 462 1799 ωε,
483 1731 685 1787 scilicet
709 1744 927 1801 regnum
949 1728 1333 1784 Macedonum?
1364 1727 1480 1781 hmc
1504 1726 1648 1780 enim

61 1826 328 1897 quondam
354 1827 566 1879 fuerant
592 1831 647 1879 et
673 1823 832 1877 linem
859 1828 1198 1893 acceperant.
1233 1820 1427 1874 Verum
1458 1834 1526 1873 ne
1551 1818 1649 1872 mi-

62 1921 223 1983 reris,
280 1915 608 1972 carissiuie.-
649 1913 706 1970 Si
757 1914 898 1969 enim
951 1913 1148 1968 Paulus
1196 1925 1360 1966 ausus
1408 1924 1515 1964 non
1568 1918 1652 1964 est

61 2020 235 2083 aperte
255 2008 445 2079 loqui;
478 2006 573 2062 sed
610 2006 683 2060 ait
716 2024 730 2062 :
771 2005 941 2059 Donec
962 2004 1051 2075 qui
1080 2012 1208 2057 tenet
1239 2002 1301 2056 de
1328 2002 1490 2056 medio
1516 2001 1606 2070 ﬁat
1630 2015 1651 2055 :

62 2105 223 2157 multo
251 2103 428 2171 magis
460 2099 738 2171 propheta.
777 2098 1032 2167 Quaenam
1058 2096 1239 2163 enim,
1284 2109 1503 2167 quaeso,
1536 2095 1653 2161 uti-p

63 2194 178 2246 litas
205 2208 277 2246 ex
305 2201 499 2260 aperta
543 2188 855 2259 loquutione
879 2196 995 2243 orta
1021 2186 1244 2243 fuisset?
1272 2186 1327 2242 Si
1356 2193 1533 2240 autem
1564 2184 1649 2238 di-

64 2284 248 2350 xerint,
268 2285 394 2350 Quo
422 2292 580 2353 pacto
593 2281 843 2336 contrivit
857 2296 931 2335 ais
950 2295 1015 2335 ac
1033 2279 1268 2335 ferrum?
1290 2278 1407 2333 haec
1424 2278 1650 2349 quzcslio

66 2378 155 2431 erit
181 2373 519 2430 communis.
572 2374 784 2429 Etenim
826 2371 894 2427 de
940 2370 1068 2441 ipsis
1094 2369 1315 2440 perinde
1358 2378 1648 2440 quaeretur,

67 2460 326 2535 q'uomodo
344 2466 459 2535 jam
473 2465 737 2521 exstincta
762 2478 925 2534 regna
951 2460 1228 2518 destruat?
1243 2461 1375 2529 Quia
1399 2460 1650 2515 nimirum

67 2561 282 2614 destruit
304 2560 417 2613 alia
448 2573 615 2629 regna
637 2600 652 2623 ,
682 2557 736 2611 in
760 2557 950 2627 quibus
974 2554 1090 2612 haec
1115 2554 1476 2610 contineatur.
1505 2552 1651 2607 Alio-

68 2653 176 2721 quin
199 2659 391 2705 autem
423 2648 478 2703 id
506 2650 739 2707 latenter
766 2647 1108 2718 operabatur,
1134 2659 1259 2701 cum
1304 2646 1467 2700 etiam
1494 2653 1652 2699 antea

68 2748 194 2799 Deus
218 2752 408 2806 esset,
438 2743 538 2798 sed
568 2742 803 2797 nondum
831 2740 953 2796 ideo
983 2740 1163 2804 visus,
1209 2747 1267 2793 ut
1293 2752 1389 2793 vos
1409 2737 1529 2809 jure
1551 2736 1651 2791 du-

70 2838 320 2891 aitarens.
349 2833 508 2902 Quod
537 2834 583 2888 si
604 2833 724 2904 quis
746 2832 969 2888 voluerit
992 2830 1152 2886 etiam
1174 2828 1227 2885 in
1251 2827 1497 2899 praesenti
1521 2837 1653 2883 tem-

70 2944 181 2998 pore
238 2927 502 2998 accipere
557 2924 892 2996 prophetiam
922 2966 938 2991 ,
983 2936 1318 2994 nequaquam
1364 2920 1651 2983 aberravit.

70 3020 332 3091 Siquidem
383 3034 532 3075 nunc
580 3033 791 3090 quoque
836 3017 1087 3073 contrivit
1108 3029 1309 3087 regna,
1349 3013 1653 3084 superbiam

72 3117 415 3171 Macedonum
444 3116 523 3188 (et
548 3109 934 3184 Romanorum)
983 3110 1300 3181 potentiam.
1348 3108 1480 3163 Cum
1510 3107 1653 3163 enim

72 3211 253 3264 videris
308 3216 587 3279 martyres
630 3205 698 3261 ad
727 3205 820 3260 Dei
869 3201 1182 3258 mandatum
1228 3198 1555 3270 implendum
1601 3198 1657 3253 id

76 3302 361 3365 ﬁdentes,
410 3300 524 3355 imo
547 3307 605 3355 et
628 3308 857 3353 mortem
912 3294 1237 3351 sustinentes
1266 3311 1284 3348 :
1325 3291 1531 3348 videbis
1567 3306 1659 3346 re-

75 3410 215 3463 gnum
267 3394 459 3455 illius.
505 3402 563 3449 et
604 3389 875 3462 quomodo
920 3397 1115 3445 terram
1162 3386 1472 3457 repleverit.
1506 3384 1660 3439 Nosti

79 3486 399 3555 prophetias.
427 3485 486 3541 Si
514 3498 637 3554 qum
659 3482 727 3538 ab
752 3482 855 3537 illis
884 3479 1135 3551 przedicta
1163 3477 1376 3534 fuerant
1401 3492 1507 3533 non
1533 3491 1660 3532 eve-

81 3588 282 3643 nerunt,
314 3594 421 3634 nec
470 3576 915 3632 consummationi
968 3573 1151 3630 crede.
1201 3571 1401 3629 Deinde
1431 3571 1657 3641 adjicit:

81 3672 155 3724 45.
187 3689 206 3722 ι
243 3669 405 3726 Sicut
433 3667 618 3722 vidisti
638 3667 707 3722 de
732 3675 912 3722 monte
933 3666 1234 3721 abscissum
1262 3677 1382 3720 esse
1428 3662 1659 3733 lapidem

85 3764 179 3815 sine
227 3760 528 3825 manibus,
561 3759 652 3829 qui
679 3756 994 3814 comminuit
1021 3765 1211 3812 testam
1233 3796 1249 3820 ,
1281 3753 1480 3809 ferrum
1500 3794 1517 3820 ,
1546 3766 1658 3821 tes,

84 3864 346 3922 argentum
364 3893 381 3918 ,
410 3866 604 3906 aurum
628 3890 645 3915 ,
671 3849 813 3905 Deus
844 3847 1095 3904 indicavit
1125 3847 1237 3917 regi
1266 3861 1387 3917 quae
1414 3852 1662 3915 Oporteat

88 3944 180 3998 ἃτὶ
211 3952 341 4015 post
369 3943 509 3999 haec.
536 3942 606 3997 Et
626 3955 810 3997 verum
832 3949 913 3996 est
938 3939 1204 3996 somnium
1222 3980 1235 4003 ,
1259 3947 1315 3992 et
1337 3936 1509 3993 ﬁdelis
1532 3951 1664 3992 con~

82 4037 263 4106 jertura
291 4038 440 4107 ejus.
492 4035 623 4091 Vide
645 4033 912 4105 quomodo
951 4032 1111 4088 ﬁdem
1153 4031 1395 4086 adstruat
1436 4030 1502 4084 iis
1542 4044 1663 4100 quae

82 4128 292 4183 fuerat.
329 4127 416 4182 Ex
462 4125 626 4181 rebus
658 4123 956 4181 manifestis
983 4123 1213 4179 obscura
1259 4120 1483 4193 probat,
1507 4119 1662 4190 quasi

86 4220 273 4277 ὤθει-ει
327 4238 344 4276 :
382 4218 611 4275 Narravi
653 4218 956 4283 somnium,
1012 4214 1438 4287 interpretationi
1476 4211 1663 4268 crede.

85 4311 200 4378 Quid
223 4312 393 4383 gitur
418 4309 551 4365 rex?
571 4308 662 4365 46.
697 4307 868 4374 Tunc,
898 4308 1102 4377 inquit,
1126 4322 1218 4361 rex
1249 4302 1664 4359 Nabuchodono-

84 4420 158 4456 sor
190 4404 374 4458 cecidit
404 4403 459 4456 in
489 4401 671 4474 faciem
707 4416 879 4465 suain,
905 4407 948 4453 et
988 4397 1249 4452 Danielem
1294 4395 1523 4450 adoravit
1550 4408 1570 4448 :
1615 4399 1661 4447 et

84 4512 252 4549 mea
280 4505 441 4567 atque
468 4493 654 4548 bonum
688 4491 893 4547 adorent
940 4490 1067 4545 dixit
1085 4499 1138 4544 ut
1182 4488 1390 4543 libarent
1435 4486 1501 4542 ei.
1530 4484 1666 4541 Tam

84 4589 179 4641 cito
202 4587 418 4643 Danieli
439 4586 707 4641 creditum
739 4592 840 4640 est.
870 4584 947 4640 Ac
973 4583 1164 4637 merito
1196 4579 1447 4651 praecepit
1472 4592 1665 4633 manna

84 4690 137 4732 es
156 4680 349 4735 bonum
375 4677 602 4733 odorem
635 4676 791 4732 libari
810 4676 883 4731 ei.
912 4675 1071 4731 Vides
1108 4673 1397 4729 maximum
1434 4671 1668 4727 miracu-

90 4770 205 4824 luto.
239 4770 411 4826 Vides
431 4778 495 4823 ut
520 4784 639 4824 mos
668 4769 740 4823 sit
779 4767 1068 4839 gentilibus
1092 4781 1158 4829 ex
1191 4764 1494 4819 hominibus
1536 4762 1667 4818 deos

88 4862 267 4919 facere.
318 4861 513 4932 Itaque
539 4859 757 4931 quando
796 4858 1074 4915 dixerint:
1130 4856 1283 4914 Unde
1327 4852 1665 4910 idololatria?

88 4956 400 5025 mancipium
429 4952 576 5007 illius
606 4951 774 5006 disce.
801 4950 889 5006 Sic
913 4948 1186 5022 apostolos
1212 4960 1427 5018 quoque
1467 4960 1531 5000 ex
1565 4944 1668 4999 ho-

84 5048 312 5103 niuibus
335 5044 476 5107 deos
513 5043 778 5099 faciebant
803 5042 940 5112 (Act.
968 5042 1055 5097 μ.
1083 5041 1173 5096 ll.
1212 5049 1257 5094 et
1276 5038 1366 5093 es.
1389 5035 1468 5109 6).
1495 5036 1586 5092 Sic
1613 5043 1669 5094 et

58 5130 59 5135 “
86 5137 323 5193 rﬁabolus
356 5136 428 5191 ab
450 5136 605 5190 initio
624 5134 953 5206 impietatem
980 5132 1321 5189 introducere
1354 5128 1668 5197 contendit,

88 5230 261 5286 iocos
283 5249 300 5285 :
326 5226 498 5285 Emis
519 5228 649 5284 sicut
688 5227 760 5281 dii
786 5225 939 5298 (Gen.
979 5226 1034 5280 5.
1057 5225 1135 5294 5).
1175 5224 1243 5279 Et
1266 5222 1516 5294 quoniam
1546 5228 1672 5276 tunc

88 5337 192 5376 non
214 5321 419 5386 valuit,
448 5328 577 5391 post
610 5318 701 5374 illa
731 5317 785 5373 id
812 5325 985 5373 tentat
1003 5358 1018 5385 ,
1046 5316 1243 5387 ubique
1267 5314 1519 5369 obnitens
1542 5310 1673 5366 deo-

91 5430 201 5467 rum
220 5411 625 5468 multitudinem
651 5408 1012 5464 introducere.
1040 5409 1129 5463 47.
1156 5405 1224 5461 Et
1251 5404 1557 5477 respondens
1582 5418 1673 5458 rex

92 5508 213 5559 dixit
234 5504 445 5561 λυαηὶάὶ
469 5520 489 5557 .'
515 5501 584 5557 In
604 5490 813 5556 veritate
832 5502 947 5557 novi
967 5501 1101 5572 quod
1127 5499 1262 5554 Deus
1285 5507 1440 5553 vester
1467 5498 1574 5568 ipse
1598 5504 1673 5551 est

95 5594 226 5651 Das
262 5597 459 5661 sirena,
506 5600 554 5647 et
580 5591 827 5646 Dominus
847 5608 1040 5663 regum.
1082 5590 1195 5647 [loc
1223 5589 1340 5645 solo
1379 5588 1625 5643 inductus
1652 5626 1669 5651 ,

90 5690 260 5745 statim
290 5684 529 5745 credidit
565 5699 661 5742 rex
689 5700 705 5740 :
733 5683 901 5742 Judtri
928 5698 1085 5750 vero.
1133 5698 1254 5739 cum
1295 5679 1458 5737 millia
1487 5677 1669 5750 hujus-

1436 229 1501 285 lN
1542 222 1911 285 DANIELEM.

3238 231 3359 287 210·

1756 339 1900 396 modi
1922 338 2203 408 audirent,
2221 356 2325 398 non
2343 342 2879 402 attendebantNides
2895 363 3000 418 qua
3016 348 3222 405 ratione
3246 350 3357 409 tibi~

1754 430 2003 488 ostendat
2047 434 2281 505 gentium
2324 444 2531 505 gratum
2577 438 2854 494 animum?
2897 440 3344 512 Quandoquidem

1755 526 1896 581 enim
1920 524 2366 598 aderatdeinccps
2384 537 2613 599 tempus,
2638 530 2689 584 in
2706 546 2812 601 quo
2828 533 3108 603 oportebat
3126 534 3191 589 ad
3206 549 3345 604 gen-

1755 617 1874 674 tiles
1902 617 2331 688 praedicationem
2354 622 2615 692 evangelii
2637 625 2944 694 exportari,
2965 626 3264 698 anticipans
3284 642 3346 683 se

1755 720 1974 766 excusat
1991 727 2085 782 per
2102 712 2311 767 illorum
2334 715 2719 784 progenitores,
2745 716 3086 788 ostenditque
3107 734 3211 773 non
3237 718 3344 773 fru-

1756 810 1866 857 stra
1886 816 1984 858 nec
2001 810 2204 859 temere
2226 804 2451 874 gentiles
2476 803 2674 860 Judzeis
2695 821 2723 858 a
2741 821 2801 863 se
2817 804 2982 862 fuisse
3003 808 3340 878 praepositos.

2364 938 2586 997 CAPUT
2627 940 2715 996 ΙΙΙ.

1829 1071 1883 1126 l.
1921 1089 1940 1124 ι
1977 1070 2132 1126 Anno
2156 1070 2364 1126 decimo
2388 1082 2576 1128 octavo
2604 1072 2683 1146 (a)
2721 1073 3221 1132 Nabuchodonosor
3248 1092 3344 1134 rex

1758 1160 1888 1219 fecit
1931 1164 2214 1235 imaginem
2245 1179 2459 1220 auream
2499 1183 2515 1221 :
2570 1165 2796 1221 altitudo
2860 1167 2978 1237 ejus
3036 1168 3344 1225 cubitorqu

1754 1255 2027 1326 sexaginta
2050 1297 2065 1321 ,
2101 1264 2156 1311 et
2201 1255 2429 1312 latitudo
2468 1257 2582 1327 ejus
2619 1258 2921 1314 cubitorum
2958 1274 3054 1315 sex
3093 1277 3107 1315 :
3149 1269 3203 1315 et
3237 1272 3347 1317 sta-

1757 1348 1859 1403 tuit
1894 1364 2011 1403 eam
2053 1349 2106 1403 in
2144 1364 2334 1420 campo
2377 1350 2545 1405 Deera
2598 1352 2651 1406 in
2705 1352 2975 1423 provincia
3030 1354 3319 1426 Babylonis

1753 1438 1808 1492 2.
1873 1440 1938 1495 Εῑ
1988 1439 2482 1498 Nabuchodonosor
2519 1444 2662 1498 misit
2721 1454 3101 1515 congregatum
3152 1461 3341 1502 omnes

1754 1539 2065 1598 summates,
2088 1540 2141 1585 et
2164 1540 2441 1601 przetores,
2474 1533 2755 1603 praesides,
2789 1534 2953 1591 duces
2982 1545 3035 1591 et
3059 1545 3339 1610 tyrannos,

1753 1628 1808 1675 et
1838 1621 1889 1675 in
1937 1621 2292 1691 potestatibus
2336 1624 2694 1688 constitutos,
2734 1635 2789 1679 et
2824 1640 3012 1681 omnes
3061 1628 3339 1699 regionum

1757 1712 2115 1782 magistratus,
2146 1722 2204 1768 ut
2249 1714 2491 1769 venirent
2516 1716 2580 1770 ad
2619 1715 3011 1773 dedicationem
3052 1719 3337 1789 imaginis,

1756 1821 1915 1875 quam
1946 1815 2203 1861 statuerat
2228 1805 2721 1862 Nabuchodonosor
2742 1823 2855 1863 rex.
2893 1827 2912 1864 ι
2945 1810 3135 1880 Aspice
3162 1810 3347 1880 splen-

1759 1897 1975 1952 dentem
2008 1913 2187 1952 rerum
2217 1900 2497 1954 veritatem
2523 1917 2535 1951 :
2573 1908 2627 1954 et
2654 1909 2799 1955 certe
2822 1916 2976 1970 quem
3006 1916 3109 1955 non
3137 1902 3350 1972 puduis-

1752 1998 1836 2044 set
1865 1987 2117 2059 llagitium
2149 1989 2287 2060 regis
2313 1989 2620 2046 revelasse?
2646 1988 2779 2058 Quid
2810 1989 2979 2045 dicis?
3006 1990 3096 2046 ille
3129 1991 3217 2061 qui
3248 1991 3347 2046 ad-

1753 2081 1951 2146 oravit,
1984 2081 2071 2150 qui
2098 2096 2290 2136 manna
2318 2081 2533 2146 libavit,
2562 2082 2650 2152 qui
2692 2082 2855 2144 Deum
2886 2082 3020 2139 adeo
3042 2082 3345 2153 honoravit,

1752 2170 1841 2241 qui
1867 2170 2158 2226 admiratus
2181 2180 2295 2238 est,
2323 2181 2378 2229 et
2403 2159 2562 2243 supra
2589 2172 2805 2227 modum
2832 2172 3130 2243 obstupuit,
3157 2174 3343 2241 illene,

1755 2278 1854 2318 nec
1880 2264 2037 2332 longo
2066 2272 2303 2334 tempore
2344 2264 2527 2335 elapso
2545 2305 2560 2329 ,
2602 2264 2779 2319 statim
2809 2262 2875 2319 ad
2903 2264 3132 2334 priorem
3161 2280 3347 2322 rever-

1756 2357 1883 2412 titur
1923 2358 2205 2412 errorem?
2235 2356 2462 2412 Pulchre
2500 2373 2647 2412 sane.
2682 2356 2797 2413 Non
2838 2357 2981 2414 enim
3022 2373 3143 2413 eum
3183 2359 3350 2431 signis

1755 2448 2180 2519 obstupefecistis
2204 2471 2216 2506 :
2246 2464 2365 2503 nam
2395 2450 2524 2504 nihil
2550 2449 2741 2504 horum
2766 2450 3306 2520 cogitaruntjuvenes
3326 2466 3355 2519 ς,

1754 2552 1807 2594 at
1847 2557 2009 2596 unum
2047 2540 2383 2597 solummodo
2421 2552 2807 2612 respexerunt,
2852 2542 3120 2613 quomodo
3149 2543 3349 2598 verita-

1756 2643 1861 2688 tem
1884 2631 2077 2687 nudam
2100 2632 2448 2704 deponerent.
2473 2633 2758 2703 Postquam
2779 2633 2921 2689 enim
2945 2632 3031 2688 ille
3052 2633 3237 2689 urbem
3260 2648 3353 2689 ce-

1756 2733 1910 2796 perat
1947 2725 1966 2795 (
1992 2732 2116 2779 tunc
2142 2725 2338 2796 quippe
2365 2724 2752 2797 Jerosolymam
2786 2725 3138 2797 expugnavit,
3169 2735 3224 2781 et
3261 2725 3350 2781 illa

1756 2818 1951 2889 potitus
1992 2817 2150 2889 est),
2182 2818 2349 2873 erexit
2392 2817 2716 2888 imaginem,
2760 2818 2894 2872 forte
2944 2817 2996 2872 in
3044 2816 3353 2888 superbiam

1755 2911 1944 2966 elatus.
1970 2909 2193 2979 Quidam
2214 2910 2417 2973 dicunt.
2442 2909 2583 2981 quod
2601 2909 2843 2980 imaginis
2860 2909 3002 2965 illius
3020 2906 3349 2976 recordatus,

1756 3015 1876 3071 qute
1905 3001 2005 3072 ipsi
2038 3002 2089 3055 in
2120 3002 2321 3056 somnis
2356 3009 2571 3056 ostensa
2598 3001 2769 3055 fuerat
2796 3017 2811 3055 :
2837 2999 2926 3055 alii
2956 3007 3135 3056 autem
3164 2996 3355 3065 aiunt,

1757 3092 1899 3163 quod
1920 3093 2151 3163 seipsum
2180 3092 2233 3148 in
2259 3092 2390 3149 deos
2420 3092 2620 3149 referre
2640 3092 2844 3147 volens.
2882 3091 3091 3147 Etenim
3118 3090 3222 3146 hoc
3249 3090 3352 3146 de-

1759 3186 1956 3242 siderio
1986 3185 2301 3242 tenebantur
2329 3186 2564 3257 antiqui,
2596 3193 2654 3240 ut
2694 3184 2767 3240 dii
2800 3192 3183 3250 censerentur,
3214 3182 3355 3242 sicut

1758 3276 2020 3333 diabolus.
2055 3276 2123 3332 Et
2149 3276 2270 3332 vide
2321 3276 2544 3332 exitum.
2573 3276 2707 3332 Cum
2735 3276 3004 3332 omisisset
3040 3273 3265 3345 jubere,
3294 3284 3355 3330 ut

1760 3371 1937 3440 ipsum
1964 3368 2275 3434 adorarent,
2304 3369 2479 3425 effecit
2505 3377 2563 3423 ut
2590 3368 2765 3439 imago
2788 3381 2885 3423 sua
2911 3367 3222 3423 adoraretur
3240 3407 3256 3433 ,
3284 3380 3353 3422 ex

1761 3462 1926 3517 multa
1954 3476 2130 3516 rerum
2161 3459 2480 3516 abundantia
2520 3458 2570 3515 id
2600 3459 2867 3515 conficere
2907 3459 3093 3514 volens
3112 3499 3128 3523 ,
3158 3465 3213 3513 et
3240 3472 3357 3513 ma-

1761 3551 2037 3624 gnitudine
2066 3559 2223 3621 atque
2249 3550 2491 3619 corporis
2518 3550 2658 3606 mole
2682 3550 2903 3621 cupiens
2930 3548 3224 3619 percellere
3249 3589 3264 3614 ,
3285 3563 3350 3604 ac

1762 3664 1947 3705 rursus
1966 3662 1995 3701 a
2021 3647 2161 3702 loco.
2188 3645 2214 3699 1
2224 3663 2255 3699 n
2277 3646 2386 3699 loco
2411 3644 2603 3710 Deera,
2634 3644 2824 3714 inquit.
2850 3641 3083 3713 Campus
3112 3650 3228 3697 erat
3250 3641 3353 3696 for-

1762 3752 1906 3797 tasse
1931 3738 2165 3795 acclivis.
2200 3736 2285 3793 l2.
2319 3757 2338 3791 ‹
2372 3736 2507 3793 Sunt
2527 3734 2625 3790 viri
2648 3734 2816 3790 Judaei
2834 3777 2848 3799 ,
2873 3748 3007 3805 quos
3031 3732 3361 3789 constituisti

1763 3852 1926 3907 super
1964 3850 2125 3906 opera
2168 3832 2476 3905 Babylonis,
2504 3829 2827 3897 Sedrachus,
2856 3825 3145 3893 Misachus,
3178 3824 3357 3881 Abde-

1763 3943 1920 3999 nago.
1948 3926 2060 3982 Viri
2087 3926 2164 3980 illi
2207 3939 2310 3979 non
2335 3923 2653 3980 obedierunt
2676 3961 2692 3989 ,
2722 3934 2817 3977 rex
2840 3961 2857 3988 ,
2894 3919 3110 3976 decreto
3138 3926 3231 3972 tuo
3253 3958 3270 3985 ,
3301 3925 3355 3999 et

1765 4020 1896 4076 deos
1921 4026 2041 4073 tuos
2067 4032 2169 4072 non
2192 4017 2377 4072 colunt
2404 4056 2418 4080 ,
2445 4022 2500 4069 et
2526 4012 2810 4083 imaginem
2831 4024 3047 4065 auream
3070 4023 3228 4080 quam
3255 3992 3357 4060 stai

1768 4110 1910 4166 luisti
1939 4124 2044 4164 non
2069 4108 2312 4162 adorant.
2344 4107 2432 4161 15.
2476 4104 2626 4159 Tunc
2666 4099 3155 4157 Nabuchodonosor
3182 4098 3235 4152 in
3275 4096 3358 4151 fu-

1765 4217 1889 4259 rore
1910 4210 1963 4257 et
1987 4201 2063 4255 ira
2085 4199 2240 4265 dixit,
2264 4205 2322 4253 ut
2341 4196 2668 4251 adducerent
2687 4190 3039 4255 Sedrachum,
3062 4187 3355 4244 Misachum

1766 4305 1821 4350 et
1846 4291 2280 4364 Abdenagonem.
2311 4306 2329 4341 ι
2377 4285 2655 4356 Quomodo
2685 4283 2770 4341 hic
2797 4297 2904 4339 non
2942 4288 3217 4352 comparet
3244 4278 3355 4335 Da-

1768 4386 1905 4441 niel?
1932 4383 2058 4439 Mihi
2097 4381 2342 4448 videtur,
2372 4378 2652 4435 Chaldaeos
2691 4383 2991 4431 metuentes
3019 4388 3125 4427 non
3178 4372 3355 4442 ipsum

1767 4477 2144 4542 denuntiasse,
2188 4473 2272 4529 vel
2316 4485 2495 4542 regem
2538 4467 2837 4525 reverentia
2876 4463 3162 4520 adductum
3206 4460 3357 4516 illum

1769 4585 1874 4625 non
1914 4568 2188 4638 coegisse,
2227 4579 2297 4620 ne
2333 4560 2674 4618 manifestum
2710 4557 2931 4613 haberet
2968 4561 3356 4610 accusatorem.

1768 4660 1992 4730 Quidam
2020 4671 2147 4714 vero
2173 4656 2387 4719 dicunt,
2409 4653 2531 4723 quia
2555 4649 2842 4707 vocabatur
2861 4645 3106 4703 Baltazar
3126 4643 3145 4714 (
3167 4640 3232 4716 b)
3261 4663 3274 4699 :
3303 4638 3361 4697 id

1770 4766 1948 4807 autem
1982 4764 2172 4805 nomen
2214 4756 2330 4802 erat
2359 4746 2483 4800 idoli
2512 4741 2653 4813 quod
2682 4740 2823 4811 apud
2854 4736 3173 4809 Babylonios
3209 4735 3360 4790 cole-

1771 4846 1943 4902 batur.
1977 4843 2117 4898 Deus
2142 4840 2302 4910 igitur
2326 4834 2556 4907 providit
2581 4842 2639 4888 ut
2665 4832 2717 4886 in
2745 4830 3015 4886 fornacem
3043 4842 3151 4882 non
3176 4825 3359 4880 mitte-

1770 4947 1938 5003 retur,
1962 4951 2030 4991 ne
2050 4933 2255 4989 scilicet
2277 4930 2466 4994 virtus,
2488 4941 2590 4998 qua
2613 4922 2907 4995 periculum
2929 4921 3191 4975 vitaturus
3217 4926 3357 4979 erat.

1771 5031 1821 5089 ei
1847 5026 2046 5086 nomini
2068 5023 2479 5082 adscriberetur.
2504 5017 2643 5088 Quid
2668 5015 2826 5089 igitur
2850 5022 2961 5070 tres
2982 5008 3170 5085 pueri?
3194 5007 3360 5065 Maxi-

1840 5182 1913 5252 (el
1926 5180 2071 5252 Αιιηρ
2088 5180 2349 5252 ςροξερδξ
2358 5169 3018 5252 φιέξίφνρξιξιξιωςξιισξεξίε
3033 5168 3167 5252 ξρὲιὲι
3189 5182 3365 5252 ΞΞΡἏ·
3456 5193 3463 5199 '

1843 5231 1943 5293 ‘aiio
1965 5231 2169 5290 urbis-in
2189 5231 2676 5301 Nabuchodonost
2690 5231 2770 5301 is,
2794 5240 2847 5301 εει
2872 5233 2936 5301 t-9_
2958 5247 2970 5282 :
2994 5232 3025 5280 ι
3052 5233 3179 5301 Reg;
3195 5231 3274 5290 25,
3295 5231 3348 5291 8,

1843 5259 1943 5293 alio
1965 5259 2101 5290 urDIS
2120 5259 2169 5290 Ill
2189 5259 2676 5288 t‘auut'uuuuuusuna
2700 5259 2770 5292 ιο,
2794 5259 2847 5283 ci.
2876 5259 2932 5283 ra
2959 5271 2970 5282 .
2994 5259 3025 5280 ει
3052 5259 3171 5294 ιισδ.
3197 5259 3274 5290 au,
3295 5259 3346 5291 υ,

1776 5259 1965 5357 πται).
1991 5302 2070 5359 52,
2096 5302 2172 5361 12,
2194 5301 2272 5349 29.
2296 5299 2469 5362 Neque
2494 5296 2767 5362 audiendus
2800 5294 3015 5362 Grotius,
3041 5292 3127 5362 qui
3157 5295 3346 5362 Jerem.

1779 5354 1988 5428 siit),
2015 5354 2357 5428 corrigendum
2387 5354 2505 5428 esse
2524 5371 2650 5412 mm
2682 5358 2750 5428 l9‘
2771 5354 3348 5428 suspicaturLJosephus

1778 5414 1869 5480 lib:
1892 5426 1912 5474 l
1936 5414 2102 5476 contra
2128 5414 2365 5488 Kplonem
2388 5435 2403 5488 :_
2422 5423 2683 5488 Γέγραπται
2696 5414 3020 5488 meyer.ng
3034 5414 3347 5488 (Scriptur'is)

1886 5474 2359 5550 Νάϐουχοδοῧᾲσορᾳς
2386 5474 2780 5550 (surrounded:ch
2806 5487 2891 5550 τῇς
2924 5474 3069 5550 cura}?
3089 5474 3350 5550 ﬁat—otism;

1782 5537 1875 5603 rei.
1895 5551 1975 5598 τὸν
1995 5537 2105 5613 mir
2125 5549 2236 5613 ἡμῖν
2258 5537 2372 5613 viab'v
2388 5546 2640 5613 ἠρήμειρσετ
2656 5537 2809 5613 περῆν
2831 5537 3007 5613 saevas
3029 5537 3351 5613 sui???“

1786 5602 1849 5679 (ι.
1876 5602 2256 5679 semper
2283 5602 2495 5679 mea
2510 5609 2565 5679 re.
2580 5602 3126 5679 τῆςιςρρουβᾳσιξξέαεο
3151 5605 3249 5679 as-

1848 5657 2113 5739 (bili-afuit
2133 5657 2301 5738 postea
2318 5657 2485 5735 opinio
2508 5657 2680 5721 ιείάόὴ
2701 5657 2968 5719 Pelusiotae
2992 5662 3079 5715 lib.
3100 5663 3142 5724 l,
3161 5673 3243 5725 ep.
3268 5657 3344 5710 l9.
