3724 6272
414 230 512 285 2H

412 365 499 405 me
525 348 770 420 equidem
801 348 899 419 ipsi
930 362 1141 418 quoque
1170 363 1287 403 rem
1325 344 1646 403 confutaturi
1674 350 1845 399 erant.
1878 341 1999 398 Ca:-

412 453 583 496 terum
631 441 682 495 in
735 438 823 495 illa
873 438 1216 509 prmdictione
1250 437 1509 509 superiori
1547 435 1814 507 quomodo
1864 435 2005 489 Deus

410 534 553 589 idem
585 549 688 589 non
719 533 1023 605 disposuit?
1071 534 1505 590 Criminabantur
1553 534 1673 589 illos
1726 530 2001 587 Chaldaei:

410 628 696 697 plurimum
729 628 869 681 enim
918 636 1094 698 potest
1131 626 1347 682 invidia.
1397 626 1561 681 Ferre
1606 641 1709 680 non
1758 634 2005 694 poterant

409 721 652 786 captivos
682 721 808 789 ipsis
834 721 1159 773 imoerantcs
1186 718 1443 788 aspicere.
1468 717 1572 772 Sed
1602 717 1741 773 vide.
1773 718 1919 771 Sicut
1948 717 2001 772 in

412 810 665 875 Duttiﬂlt‘,
713 813 856 878 prius
883 810 1182 864 didicerunt
1224 810 1363 863 illius
1392 823 1569 864 mores
1594 823 1656 862 ac
1695 818 1996 864 mansuetu.

410 902 587 954 dinem
611 941 625 966 ,
657 912 707 955 et
740 911 865 956 tunc
907 901 1055 971 signa
1083 900 1364 957 viderunt:
1394 901 1464 957 ita
1492 901 1650 955 etiam
1684 900 1769 955 hic
1808 901 1859 954 in
1889 916 2002 955 me-

408 992 552 1044 dium
600 991 866 1057 ducuntur
892 996 1068 1060 pueri,
1097 1001 1150 1047 et
1181 993 1405 1062 primum
1443 1006 1629 1047 eorum
1672 991 2001 1064 propositum

410 1082 695 1135 denudavit
726 1082 863 1135 Deus
895 1100 908 1136 :
941 1092 992 1136 et
1023 1082 1097 1136 illi
1129 1083 1198 1136 ita
1232 1083 1508 1152 praeparati
1543 1097 1647 1137 non
1680 1083 1730 1136 in
1765 1082 1999 1137 medium

411 1174 731 1228 insilicrunt.
761 1173 918 1229 Scitis
949 1186 1124 1229 autem
1155 1174 1423 1229 hominem
1443 1216 1457 1237 ,
1486 1174 1574 1245 qui
1604 1175 1850 1243 praesenti
1881 1174 2003 1228 vita:

409 1267 768 1334 renuntiavit,
799 1267 995 1338 quique
1037 1267 1190 1323 facile
1222 1279 1447 1323 mortem
1475 1270 1735 1336 sustinet,
1766 1284 1871 1324 non
1903 1269 2001 1325 de-

410 1368 757 1413 trectaturum
798 1360 1060 1431 quidlibet
1095 1361 1327 1427 audere,
1370 1362 1528 1416 etiam
1560 1376 1746 1417 eorum
1778 1379 1894 1434 qua:
1927 1372 2004 1418 te-

410 1454 636 1507 meraria
660 1467 778 1509 esse
802 1453 1065 1508 videntur.
1090 1458 1335 1511 Attamen
1360 1456 1443 1510 isti
1467 1498 1480 1522 ,
1505 1456 1604 1510 etsi
1627 1465 1852 1511 mortem
1875 1470 2003 1511 con-

411 1554 713 1601 temnerent
733 1589 747 1610 .
781 1548 1041 1603 mansueti
1073 1557 1261 1615 erant;
1292 1560 1391 1603 nec
1422 1549 1540 1604 illos
1567 1549 1833 1605 ullatenus
1865 1546 2007 1606 lmsit

409 1637 664 1693 fortitudo
686 1681 698 1703 ,
730 1657 827 1694 nec
855 1641 905 1693 iu
943 1638 1216 1695 audaciam
1256 1640 1512 1709 adduxit;
1546 1658 1719 1712 neque
1749 1642 1800 1697 id
1832 1641 2003 1697 ambi-

410 1732 553 1786 tlone
596 1732 879 1786 faciebant.
914 1730 1004 1786 25.
1054 1750 1074 1784 ι
1123 1732 1190 1786 Et
1228 1733 1327 1787 viri
1368 1732 1441 1788 illi
1483 1742 1626 1801 tres,
1659 1732 1996 1801 Sedraehus,

408 1819 676 1875 Blisachus
737 1831 791 1877 et
816 1821 1104 1893 Abdenago
1125 1862 1140 1887 ,
1168 1823 1474 1879 ceciderunt
1500 1823 1550 1878 in
1579 1823 1807 1879 mediam
1833 1825 2002 1879 forna-

406 1927 523 1969 cem
556 1913 689 1982 ignis
724 1914 1031 1983 ardentem,
1066 1916 1230 1986 ligati.
1270 1917 1361 1972 24.
1411 1918 1475 1972 Et
1511 1916 1918 1975 deambulabam
1947 1920 1999 1975 in

406 2003 585 2057 medio
637 2005 896 2072 ﬂammae,
946 2006 1224 2063 laudantes
1272 2009 1476 2076 Deum,
1520 2020 1575 2065 et
1618 2009 1999 2067 benedicentes

406 2093 710 2150 hominum.
745 2096 875 2152 Vide
904 2114 1080 2153 nonne
1107 2099 1364 2155 mirabilis
1392 2116 1455 2156 ac
1481 2101 1747 2172 inopinata
1777 2112 1857 2157 est
1884 2103 1999 2159 hasc

405 2198 524 2252 res,
552 2187 823 2243 ambulare
849 2188 1007 2244 simul
1027 2205 1091 2246 ac
1116 2191 1349 2257 laudare,
1374 2192 1524 2262 quasi
1552 2204 1731 2249 essent
1755 2194 1804 2247 in
1828 2210 1997 2266 aqua-

405 2292 523 2332 rum
555 2279 805 2336 lavacro?
843 2281 1171 2354 Quamquam
1203 2285 1330 2338 nihil
1369 2285 1438 2340 ibi
1477 2295 1629 2353 erat,
1658 2286 1797 2359 quod
1831 2288 1999 2359 impe-

409 2367 549 2426 diret
575 2392 589 2428 :
633 2372 1059 2446 quandoquidem
1095 2377 1236 2433 Deus
1264 2378 1523 2435 voluerat.
1555 2379 1682 2435 Tale
1710 2379 1835 2451 quid
1867 2382 1995 2436 mihi

406 2463 619 2521 videtur
661 2466 828 2523 fuisse
855 2478 908 2523 et
935 2468 1024 2524 ille
1065 2470 1202 2540 ignis
1222 2513 1236 2537 ,
1272 2486 1378 2542 quo
1402 2472 1663 2528 combusti
1694 2483 1817 2527 sunt
1842 2473 1876 2528 ii
1907 2473 1998 2544 qui

402 2566 554 2610 extra
584 2555 853 2615 fornacem
884 2564 1036 2616 erant
1062 2578 1074 2614 :
1102 2571 1156 2617 et
1182 2560 1270 2618 hic
1297 2562 1431 2632 ignis
1457 2572 1571 2618 erat
1591 2605 1605 2632 ,
1630 2572 1682 2619 et
1709 2563 1798 2620 ille
1823 2563 1994 2637 ignis;

405 2659 457 2702 et
487 2648 600 2705 hinc
645 2666 869 2727 corpora
892 2694 907 2720 ,
955 2663 1009 2709 et
1035 2653 1121 2709 illa
1148 2670 1371 2727 corpora
1398 2673 1412 2720 ;
1444 2666 1499 2711 et
1528 2666 1701 2712 tamen
1739 2658 1853 2714 lucc
1880 2659 1996 2714 atti-

402 2742 515 2813 git,
543 2742 644 2798 illis
667 2760 793 2799 vero
812 2747 1085 2804 abstinuit.
1114 2747 1274 2805 Vides
1297 2760 1551 2820 quantum
1580 2751 1647 2806 sit
1674 2752 1872 2808 bonum
1900 2770 1995 2809 vo—

403 2835 580 2893 lunias
610 2840 843 2909 optima?
873 2842 1162 2897 admiratus
1191 2860 1250 2899 es
1278 2859 1462 2900 eorum
1495 2845 1864 2904 voluntatem?
1892 2848 1991 2903 Μί·

401 2938 525 2984 rare
548 2930 757 2987 Domini
784 2932 1235 3003 benevolentiam,
1261 2946 1314 2993 et
1339 2937 1595 2993 honorem
1618 2955 1777 3010 quem
1801 2940 1852 2994 in
1877 2940 1994 2997 illos

402 3018 659 3080 exhibuit.
689 3023 1043 3096 Gloriﬁcanlcs
1072 3046 1151 3085 ma
1172 3030 1466 3102 gloriﬁcabo
1522 3032 1607 3105 (1.
1638 3031 1766 3104 Reg.
1789 3035 1842 3088 2.
1872 3034 1994 3105 50),

402 3115 590 3187 inquit.
622 3118 852 3177 Steterat
893 3123 1195 3180 universum
1229 3123 1513 3181 theatrum.
1548 3125 1717 3197 Supra
1748 3136 1991 3185 naturam

398 3202 603 3279 loquuti
629 3202 789 3278 Sunt;
819 3228 976 3284 supra
1011 3224 1254 3283 naturan
1284 3217 1402 3271 illos
1435 3217 1678 3275 honorat.
1714 3220 1908 3289 ASpice
1937 3229 1994 3276 ut

398 3298 578 3389 famuli
606 3304 791 3361 eadem
820 3321 938 3378 quas
965 3306 1219 3367 Dominus
1248 3308 1472 3379 possint.
1504 3310 1644 3379 Quid
1674 3312 1885 3367 miraris
1904 3354 1917 3377 ,
1946 3314 1991 3368 si

396 3407 579 3465 regem
607 3394 922 3467 derideant,
949 3415 1071 3455 cum
1100 3401 1220 3456 illos
1260 3401 1525 3458 elementa
1554 3415 1902 3460 revereantur
1927 3421 1990 3462 ac

398 3487 708 3556 suspiciant.
733 3488 984 3547 Caminus
1012 3491 1182 3549 factus
1225 3502 1306 3551 cst
1330 3494 1571 3551 Ecclesia
1602 3494 1679 3568 (a)
1709 3514 1722 3551 :
1754 3497 1851 3567 ipsi
1882 3514 1989 3553 ca:-

398 3576 453 3633 lo
482 3587 597 3634 erat
623 3580 835 3635 similis.
864 3581 961 3637 Hic
983 3582 1092 3652 jam
1120 3584 1538 3654 incorruptionis
1556 3588 1987 3657 experimentum

394 3678 676 3739 ceperunt.
724 3671 1164 3743 Quandoquidem
1195 3684 1250 3732 et
1277 3676 1344 3730 ab
1372 3678 1525 3737 initio
1552 3693 1778 3750 corpora
1809 3690 1992 3743 nostra

396 3762 667 3834 passibilia
689 3773 963 3834 peccatum
992 3766 1146 3822 fecit:
1177 3784 1297 3825 cum
1325 3768 1483 3840 igitur
1503 3770 1646 3841 iusta
1673 3783 1985 3842 operantur,

395 3851 589 3911 iterum
613 3854 957 3925 impassibilia
980 3856 1129 3915 ﬁunt.
1155 3859 1218 3913 Et
1238 3860 1647 3930 deambulabaut,
1669 3866 1857 3935 inquit.
1882 3865 1987 3922 Sed

395 3943 672 3999 videamus
691 3945 817 4017 quid
840 3945 1156 4018 loquantur;
1186 3951 1463 4008 audiamus
1493 3968 1678 4010 vocem
1709 3957 1987 4028 mysticam

395 4051 515 4092 cum
546 4038 725 4108 quiete
756 4039 940 4095 multa.
972 4040 1161 4097 Vidisti
1184 4059 1368 4100 vocem
1398 4044 1755 4103 inordinatam
1776 4057 1831 4104 et
1855 4063 1983 4104 con-

393 4125 565 4183 fusam
594 4129 865 4186 sambuca:
895 4141 950 4188 et
974 4133 1210 4202 psalterii
1228 4177 1243 4201 ,
1275 4144 1330 4192 et
1354 4137 1611 4197 musicae?
1637 4138 1772 4195 Audi
1797 4156 1985 4198 vocem

394 4220 462 4275 ab
488 4221 607 4290 igne
631 4223 903 4279 emissam.
934 4225 1123 4284 Nonne
1146 4229 1344 4285 mirum
1372 4231 1470 4288 tibi
1498 4232 1776 4289 videbatur
1798 4251 1985 4294 vocem

393 4312 489 4385 Dei
517 4314 586 4369 ab
617 4315 737 4386 igne
766 4317 890 4373 edi?
923 4321 1063 4379 Ecce,
1088 4323 1246 4378 etiam
1276 4325 1446 4381 servis
1475 4327 1586 4383 suis
1615 4326 1721 4385 hoc
1744 4328 1981 4386 donavit.

391 4404 526 4471 Quis
550 4422 643 4465 aer
672 4423 956 4479 percussus
996 4428 1182 4470 vocem
1219 4430 1338 4472 eam
1378 4406 1676 4479 efficiebat?
1713 4420 1904 4479 Nonne
1930 4423 1984 4480 id

393 4512 611 4571 semper
633 4514 727 4555 eos
750 4503 845 4573 qui
869 4502 1217 4562 eomburendi
1248 4517 1372 4564 sunt
1413 4500 1738 4578 admonent,
1770 4524 1827 4569 ut
1854 4529 1982 4585 ape-

389 4589 537 4647 riunt
578 4604 712 4657 ora,
771 4593 912 4664 quod
963 4598 1042 4653 sic
1062 4612 1140 4653 «ne
1188 4600 1400 4670 paulum
1445 4590 1657 4673 quidem
1688 4607 1860 4678 possit
1905 4609 1983 4664 vis

391 4682 646 4754 deinceps
683 4684 735 4741 in
791 4702 1017 4761 corpore
1057 4696 1454 4762 permanere‘?
1486 4696 1616 4753 Vide
1661 4711 1981 4757 concentum

391 4775 674 4845 musicum,
701 4794 890 4836 omnes
928 4782 1177 4841 nimirum
1212 4788 1365 4856 quasi
1413 4802 1478 4843 ex
1520 4804 1625 4846 uno
1669 4806 1765 4848 ore
1814 4792 1979 4850 Deum

387 4864 689 4924 laudantes.
717 4870 807 4927 25.
843 4871 908 4931 Et
932 4885 1073 4931 stans
1102 4878 1314 4932 Asarias
1341 4880 1501 4934 aravit
1527 4881 1598 4936 sic
1628 4898 1647 4937 :
1675 4891 1723 4937 et
1749 4887 1981 4957 aperiens

390 4972 447 5010 os
470 4974 621 5013 mum
647 4961 698 5015 iu
724 4963 889 5019 medio
916 4965 1048 5041 ignis
1075 4967 1224 5023 dimit.
1252 4968 1319 5025 Ut
1348 4985 1452 5024 non
1483 4973 1759 5031 exiStimes
1785 4991 1880 5032 eos

390 5052 745 5120 praesentibus
774 5038 1161 5127 rebus-gratias
1186 5074 1365 5130 agere,
1402 5061 1525 5118 ideo
1550 5064 1618 5119 de
1645 5038 1983 5135 captivitate;

388 5149 446 5201 et
486 5143 748 5199 molestiis
782 5145 849 5201 iis
886 5164 1007 5217 quae
1047 5149 1176 5218 ipsis
1212 5154 1570 5226 cantigerant,
1617 5156 1785 5212 Deum
1836 5158 1979 5214 invo-

450 5302 471 5377 ξ
504 5307 752 5377 βρωοψ
771 5300 909 5377 l_ocus
937 5305 986 5377 in
1016 5309 1254 5377 Parenesi
1294 5310 1445 5373 prima
1482 5311 1541 5361 ad
1568 5311 1870 5377 Theodorum
1905 5314 1976 5366 la-

386 5375 527 5439 psum
554 5377 667 5439 cap.
689 5365 749 5425 5,
774 5368 962 5439 T‘omoi
985 5369 1186 5439 :Hsciuut
1208 5365 1367 5421 autém
1390 5385 1567 5439 omnes,
1587 5374 1677 5439 qui
1698 5365 1973 5439 adfuerunt,

385 5424 498 5500 cum
513 5424 667 5500 aliqua”
690 5424 1222 5500 c0mburqpmttur._eos
1245 5434 1478 5500 quamdiu
1740 5424 1977 5490 labia/ui;

796 5490 1041 5563 paulisper
1249 5485 1482 5565 sustinere
1506 5485 1783 5549 incendium
1794 5485 1875 5560 fit
1890 5485 1973 5553 ii-

384 5557 704 5661 ;zrgoutingal
728 5560 779 5603 ut
801 5567 853 5604 os
875 5557 1117 5619 aperiant,
1156 5557 1320 5610 statim
1353 5558 1567 5610 uitiarant
1588 5573 1616 5612 ε
1637 5557 1839 5626 corpore
1861 5577 1974 5616 avo-

446 5673 520 5735 (ιι)
554 5673 675 5736 Quia
690 5674 903 5731 Ecclesia
924 5683 1011 5743 est,
1037 5678 1120 5733 ubi
1136 5686 1251 5745 tm,
1276 5682 1433 5747 inquit
1454 5683 1817 5737 Tertullinus.-

1094 226 1150 285 S.
1192 222 1470 283 JOANNIS
1505 214 1986 279 CHRYSOSTOMI
2024 214 2341 274 ARCHIEP.
2384 216 2916 274 CONSTANTINOP.

3587 222 3691 278 212

2115 346 2256 394 cant.
2291 337 2421 394 \‘ide
2448 345 2507 394 ut
2534 338 2807 409 incipiant.
2842 337 2934 393 ‘26.
2969 354 2987 389 ι
3020 335 3341 394 Benedictus
3367 353 3447 407 es,
3476 340 3691 397 Domino

2117 430 2252 484 Deus
2293 439 2499 501 patrum
2540 440 2866 494 nostrorum,
2900 437 2954 484 et
2979 428 3245 485 laudabile
3268 440 3322 485 et
3345 430 3690 501 glorificatur:

2112 538 2307 578 nomen
2337 532 2486 579 tuum
2512 524 2563 578 in
2592 523 2809 579 saecula.
2843 524 2936 579 i9.
2982 524 3221 594 Angelus
3262 532 3441 579 autem
3488 525 3687 581 Domini

2111 615 2389 671 descendit
2416 632 2546 671 cum
2585 617 2770 671 Azaria
2802 626 2857 671 et
2886 616 3047 672 sociis
3078 616 3198 686 ejus
3225 617 3277 670 in
3309 616 3577 673 fornacem
3603 635 3617 670 :
3641 628 3691 674 et

2110 707 2346 761 excussit
2373 705 2640 760 ﬂammam
2669 706 2804 775 ignis
2844 705 2913 760 de
2944 704 3181 770 fornace,
3224 705 3311 762 50.
3346 715 3404 762 et
3430 707 3558 761 fecit
3582 722 3684 762 me-

2111 798 2255 852 dium
2295 798 2550 863 fornacis,
2597 798 2753 868 quasi
2806 806 3025 852 ventum
3074 798 3215 851 roris
3262 798 3599 863 sibilantem;
3639 810 3691 855 et

2111 903 2214 943 non
2240 889 2412 959 tetigit
2443 904 2538 943 eos
2572 888 2792 943 omnino
2828 889 2987 959 ignis,
3016 896 3071 943 et
3095 903 3202 943 non
3224 889 3558 943 coutristavit
3582 905 3684 956 eos,

2110 990 2165 1036 et
2192 982 2491 1036 molestiam
2530 996 2633 1036 non
2669 982 2867 1036 intulit.
2900 1001 2919 1034 ι
2972 981 3045 1035 Ita
3076 996 3182 1036 non
3214 981 3431 1036 fortuito
3477 983 3573 1036 ista
3612 982 3687 1039 lie-

2110 1075 2260 1130 bant.
2295 1075 2363 1129 Et
2387 1091 2493 1129 non
2527 1074 2701 1130 solum
2728 1090 2836 1129 non
2869 1084 2995 1129 sunt
3022 1074 3326 1138 combusti;
3356 1073 3451 1129 sed
3480 1090 3576 1130 nec
3597 1076 3691 1130 illis

2108 1168 2407 1223 molestiam
2446 1167 2688 1223 exhibuit
2728 1168 2888 1239 ignis,
2931 1182 3031 1222 nec
3057 1166 3141 1221 vel
3168 1166 3452 1220 minimum
3495 1169 3681 1237 nocuit,

2108 1274 2285 1331 neque
2329 1260 2560 1315 calorem
2592 1268 2903 1315 senserunt.
2952 1259 3020 1314 Et
3065 1268 3351 1329 eapmpter
3394 1257 3533 1313 adeo
3580 1275 3688 1315 sese

2108 1351 2373 1408 extulerat
2399 1352 2637 1418 ﬂamma,
2665 1361 2720 1406 ut
2753 1361 2807 1407 et
2831 1351 2900 1406 ah
2941 1351 3005 1406 iis
3033 1351 3120 1421 qui
3164 1350 3292 1405 foris
3333 1359 3491 1405 erant
3516 1365 3687 1406 cerne.

2107 1453 2275 1500 retur.
2325 1444 2391 1499 Et
2428 1457 2558 1501 vero
2585 1443 2805 1499 materia
2834 1442 3072 1498 immissa
3102 1440 3404 1496 sufficiebat
3444 1440 3511 1495 ad
3544 1441 3689 1497 ﬁdem

2108 1537 2211 1592 illis
2242 1536 2560 1599 faciendam,
2605 1546 2659 1591 et
2683 1535 2827 1607 quod
2856 1536 2994 1606 ignis
3023 1549 3130 1588 non
3157 1532 3433 1600 deﬁceret,
3465 1542 3521 1588 et
3556 1534 3686 1603 quod

2106 1629 2196 1685 diu
2233 1629 2429 1685 ardens
2465 1638 2769 1701 appareret,
2814 1637 2871 1685 et
2904 1627 3046 1698 quod
3094 1642 3181 1682 res
3221 1641 3403 1680 coram
3452 1626 3691 1681 omnibus

2107 1722 2278 1778 fieret.
2308 1722 2398 1777 91.
2431 1720 2498 1776 Et
2538 1721 3015 1776 Nabuchodonosor
3054 1719 3250 1773 audivit
3292 1718 3558 1773 laudantes
3585 1736 3686 1787 eos;

2106 1822 2153 1867 et
2186 1812 2468 1867 admiratus
2507 1824 2598 1880 est,
2631 1823 2679 1868 et
2705 1814 2919 1868 surrexit
2960 1828 3189 1884 propere,
3218 1822 3264 1865 et
3291 1812 3417 1865 dixit
3441 1814 3685 1881 optimatis

2105 1904 2197 1961 bus
2224 1907 2349 1961 suis.
2397 1906 2450 1961 id
2493 1907 2666 1976 ipsum
2699 1914 2875 1961 autem
2937 1914 2997 1961 ut
3032 1905 3261 1967 audiret,
3311 1905 3452 1961 unde
3482 1906 3686 1975 contigit

2105 1997 2652 2054 Nabuchodonosori?
2696 2002 2764 2054 At
2804 2014 2900 2070 per
2942 2008 3113 2055 totum
3153 2009 3362 2068 tempus
3403 1999 3682 2055 assederat.

2106 2090 2231 2145 ideo
2273 2091 2414 2145 Deus
2460 2106 2567 2145 non
2610 2090 2853 2160 permisit
2897 2098 2955 2144 ut
2983 2089 3160 2144 statim
3208 2089 3299 2144 ille
3335 2089 3562 2156 audiret,
3590 2107 3684 2160 quo

2105 2183 2281 2253 ipsum
2334 2183 2496 2238 etiam
2561 2190 2771 2250 tempus
2826 2180 3189 2236 testimonium
3255 2180 3560 2251 perhiberet
3618 2183 3681 2236 rei

2104 2284 2304 2346 gestze;
2333 2274 2473 2345 quod
2502 2274 2706 2331 scilicet
2749 2291 2843 2344 per
2886 2274 3111 2329 multum
3157 2281 3365 2344 tempus
3404 2273 3459 2327 in
3490 2274 3683 2328 cantino

2105 2369 2451 2438 commorati,
2502 2368 2635 2422 nihil
2676 2367 2803 2422 mali
2849 2368 2989 2437 passi
3024 2375 3225 2422 essent.
3277 2384 3297 2419 ι
3329 2365 3519 2421 Nonne
3554 2366 3682 2420 viros

2107 2468 2215 2514 trcs
2270 2460 2551 2529 injecimns
2589 2459 2641 2512 in
2675 2458 2907 2514 medium
2941 2458 3077 2529 ignis
3114 2456 3487 2526 compeditos?
3518 2457 3578 2510 Et
3604 2471 3680 2510 re-

2104 2550 2427 2619 Sportdentes
2449 2551 2630 2606 dicunt
2652 2551 2797 2620 regi:
2828 2550 2983 2615 Vere,
3011 2564 3044 2603 o
3065 2565 3179 2603 rex.
3205 2547 3294 2604 92.
3321 2549 3384 2602 Et
3405 2548 3540 2603 dixit
3558 2563 3641 2602 rex
3665 2565 3678 2602 :

2104 2642 2201 2698 Hic
2226 2657 2326 2713 ego
2355 2642 2512 2699 video
2541 2642 2685 2698 viros
2726 2650 2955 2712 quatuor
2996 2640 3223 2707 solutos,
3268 2649 3322 2695 et
3360 2638 3679 2694 ambulantes

2102 2733 2157 2789 in
2182 2733 2361 2789 medio
2388 2734 2526 2804 ignis
2546 2748 2561 2790 :
2580 2742 2634 2788 et
2661 2734 2934 2803 corruptio
2960 2746 3063 2786 non
3086 2740 3172 2785 est
3196 2731 3248 2785 in
3268 2731 3348 2787 eis
3372 2748 3387 2784 :
3415 2738 3473 2786 et
3491 2731 3680 2799 species

2101 2826 2273 2897 quarti
2296 2824 2483 2881 similis
2504 2824 2612 2880 lilio
2636 2825 2748 2881 Dei.
2780 2844 2799 2877 ι
2823 2825 2905 2878 Ab
2918 2824 3055 2880 ostio
3069 2822 3278 2878 viderat
3293 2838 3485 2878 eorum
3504 2821 3672 2878 facies.

2101 2920 2191 2976 93.
2221 2938 2241 2973 ι
2275 2918 2426 2975 Tunc
2450 2919 2677 2975 accessit
2702 2916 3197 2974 Nabuchodonosor
3220 2916 3285 2972 ad
3306 2915 3505 2972 ostium
3526 2916 3678 2971 toma-

2100 3014 2179 3069 cis
2206 3014 2345 3084 ignis
2372 3029 2491 3085 quae
2521 3013 2762 3079 ardebat,
2790 3023 2845 3068 et
2872 3013 2945 3067 ait
2978 3028 2991 3065 :
3029 3012 3074 3069 0
3109 3010 3398 3075 Sedrache,
3429 3010 3671 3076 Misache,

2102 3105 2416 3176 Abdenago,
2446 3106 2585 3162 servi
2615 3104 2710 3160 Dei
2752 3104 3019 3170 altissimi,
3059 3102 3395 3174 egredimini,
3436 3112 3496 3159 et
3520 3105 3679 3158 venite

2102 3197 2227 3253 huc.
2256 3198 2325 3252 Et
2347 3198 2551 3269 egressi
2577 3207 2701 3252 sunt
2731 3196 3056 3263 Sedrachus,
3087 3195 3371 3260 Misaehus,
3397 3195 3675 3263 Abdenago

2098 3289 2166 3344 de
2215 3288 2396 3345 medio
2435 3290 2593 3359 ignis.
2631 3306 2651 3341 ι
2696 3288 2874 3357 Quare
2921 3295 3096 3342 autem
3146 3301 3250 3341 non
3300 3287 3450 3356 prius
3493 3287 3677 3358 egressi

2098 3390 2243 3446 sunt,
2274 3396 2433 3452 quam
2460 3381 2678 3436 vocavit
2705 3380 2840 3435 eos?
2874 3381 2941 3436 Et
2970 3380 3192 3451 pulchre
3226 3379 3372 3449 prius
3402 3380 3677 3449 interrogat

2098 3475 2381 3545 primores,
2413 3482 2471 3528 ut
2492 3473 2845 3544 responsione
2872 3487 2967 3528 sua
2993 3471 3369 3543 prteoecupati,
3400 3471 3532 3525 nihil
3563 3485 3677 3526 con-

2100 3566 2247 3621 trarii
2314 3566 2703 3636 reSpondeant,
2754 3579 2928 3635 neque
2987 3564 3270 3620 occasione
3334 3563 3672 3635 abripiantur.

2096 3657 2557 3724 Quemadmodum
2588 3657 2756 3729 Moysi
2785 3656 2997 3713 dicebat
3035 3656 3213 3711 Deus:
3249 3653 3385 3720 Quid
3412 3665 3489 3709 est
3516 3656 3603 3709 hoc
3631 3656 3674 3708 in

2096 3767 2251 3805 manu
2277 3759 2363 3805 tua
2389 3749 2582 3823 (Exod.
2606 3751 2660 3806 Δ.
2682 3749 2738 3821 2)
2757 3752 2780 3803 ?
2800 3750 2880 3805 sic
2896 3749 3058 3804 etiam
3079 3747 3570 3804 Nabuchodonosor
3588 3748 3674 3803 hos

2096 3842 2512 3913 interrogatione
2540 3842 2812 3911 anticipat.
2844 3840 2997 3907 Ecce,
3025 3840 3213 3911 inquit,
3240 3840 3383 3895 video
3409 3842 3544 3895 uiros
3565 3856 3673 3911 qua-

2098 3943 2213 3989 tuor
2241 3934 2432 3989 solutos
2461 3943 2507 3988 et
2535 3934 2856 3988 ambulantes
2878 3934 2934 3987 in
2957 3932 3123 3987 medio
3154 3934 3284 4004 ignis
3309 3948 3330 3989 .'
3357 3942 3403 3987 et
3431 3935 3673 4001 corruptio

2095 4042 2196 4081 non
2221 4036 2295 4081 est
2318 4026 2371 4079 in
2394 4026 2466 4080 eis
2491 4041 2511 4081 :
2533 4035 2580 4080 ct
2606 4035 2838 4095 aspectus
2867 4025 3035 4097 quarti
3060 4024 3243 4078 similis
3269 4024 3377 4093 ﬁlio
3404 4022 3523 4078 Dei.
3552 4024 3673 4078 Plu-

2095 4118 2286 4173 rimam
2317 4117 2454 4173 forte
2485 4116 2932 4188 pulchritudinem
2959 4130 3071 4186 prze
3099 4129 3158 4169 se
3197 4113 3421 4170 ferebat.
3454 4114 3619 4179 Unde,
3646 4129 3673 4167 ο

2092 4211 2608 4278 Nabuchodonosor,
2641 4211 2780 4266 nosti
2810 4210 2980 4266 lilium
3008 4210 3143 4265 Dei?
3172 4209 3365 4279 ASpice
3393 4208 3538 4262 hunc
3565 4209 3673 4261 bar-

2090 4305 2280 4361 barum
2307 4304 2628 4376 prophetare
2655 4320 2719 4360 ex
2743 4313 2962 4374 aspectu
2988 4302 3121 4357 solo.
3158 4300 3226 4355 Et
3253 4302 3489 4367 accessit,
3520 4312 3566 4354 et
3591 4317 3673 4352 so-

2091 4402 2218 4455 cavit
2248 4416 2332 4455 eos
2363 4415 2384 4455 :
2417 4398 2461 4453 0
2483 4398 2762 4463 Sedrache,
2802 4397 3050 4461 Misacke,
3092 4395 3386 4466 Abdenago,
3419 4395 3549 4449 serui
3587 4392 3672 4446 Dei

2090 4491 2345 4558 altissimi,
2369 4489 2686 4562 egredimini,
2709 4498 2754 4543 et
2775 4489 2955 4542 venite.
2981 4486 3133 4543 Vide.
3161 4485 3277 4541 Non
3295 4484 3459 4555 jussit
3478 4485 3671 4540 exstin-

2088 4583 2176 4652 gui
2217 4582 2486 4637 fornacem
2530 4598 2544 4636 :
2588 4581 2682 4637 sed
2725 4580 2889 4652 quid?
2923 4580 3140 4634 Vocavit
3187 4593 3300 4645 eos,
3338 4589 3398 4633 ut
3444 4579 3663 4633 exirent.

2091 4671 2252 4728 Vides
2268 4672 2577 4728 miraculum
2598 4687 2844 4743 magnum
2864 4679 2915 4727 et
2933 4670 3265 4726 incredibile.
3279 4669 3432 4737 Quod
3452 4669 3671 4723 maxime

2088 4774 2310 4821 noverat
2337 4779 2430 4821 eos
2456 4764 2820 4831 deliuiturum,
2858 4762 2911 4818 id
2954 4764 3072 4819 illos
3096 4764 3323 4817 vocavit.
3372 4761 3515 4817 Nihil
3559 4761 3669 4814 huic

2087 4858 2349 4914 nobilitati
2374 4873 2473 4930 par
2499 4866 2601 4913 est.
2633 4855 2769 4912 Audi
2800 4856 2943 4912 enim
2974 4855 3143 4910 Deum
3167 4854 3438 4909 dicentem
3465 4871 3478 4907 :
3510 4852 3668 4907 Moses

2084 4967 2255 5006 servus
2278 4966 2418 5005 meus
2447 4958 2674 5004 mortuus
2700 4958 2771 5002 est
2797 4946 2855 5018 (1
2860 4963 2935 5002 os.
2971 4947 3022 5002 Ι.
3048 4944 3129 5020 9).
3160 4945 3249 5011 Et,
3279 4942 3455 5012 Isaac,
3490 4944 3665 5013 inquit,

2085 5057 2256 5096 servus
2279 5050 2393 5095 tuus
2418 5038 2574 5110 (Gen.
2603 5039 2692 5095 24.
2723 5039 2837 5108 Μ).
2871 5037 2982 5093 Hac
3019 5037 3379 5108 appellatione
3404 5035 3668 5092 exsultant

2084 5131 2281 5201 angeli,
2311 5140 2366 5186 et
2385 5130 2698 5197 Cherubini,
2727 5138 2782 5186 et
2803 5129 3111 5200 Seraphini.
3135 5127 3246 5184 Nec
3268 5129 3424 5184 sicuti
3454 5138 3666 5183 conten-

2084 5222 2253 5277 tiosus
2277 5222 2469 5293 aliquis
2499 5223 2730 5288 fecisset,
2772 5222 2827 5275 in
2858 5220 3077 5276 fornace
3121 5228 3436 5274 manserunt
3468 5218 3611 5288 pueri
3646 5232 3660 5271 :

2084 5313 2178 5371 sed
2204 5313 2382 5370 statim
2405 5313 2726 5369 obedierunt
2754 5331 2767 5368 :
2795 5320 2851 5370 et
2879 5311 2945 5368 ad
2975 5309 3660 5383 spectandummiraeulum

2082 5422 2271 5465 omnes
2293 5421 2613 5464 convenere.

2693 5542 2919 5603 CAPUT
2958 5542 3047 5600 IV.

2153 5678 2205 5736 i.
2250 5676 2358 5750 Ego
2408 5678 2879 5737 Nabuchodonosor
2923 5677 3187 5734 abundans
3228 5693 3370 5734 erant
3419 5677 3475 5733 iu
3528 5681 3661 5732 dom
