3724 6272
87 319 178 378 Si?)

83 452 200 499 mea,
231 445 281 489 et
312 436 500 506 ﬂorens
525 435 580 491 in
606 435 733 491 solio
758 449 886 504 meo,
922 444 968 491 et
999 437 1202 510 pinguis
1226 436 1281 493 in
1305 438 1498 510 populo
1519 456 1652 496 meo.

80 528 173 583 Cur
202 528 277 582 ita
309 528 412 584 hoc
429 528 664 600 scripsit,
685 537 869 585 etnon
893 530 1107 601 scripsit
1132 547 1146 586 :
1171 531 1657 589 Nabuchodonosor

77 627 180 672 erat
200 618 484 675 abundans
514 637 528 674 :
558 618 654 675 sed
680 620 832 689 quasi
858 636 925 675 ex
965 636 1189 691 persona
1220 621 1400 677 illius?
1426 623 1552 678 Mihi
1576 624 1655 679 vi-

73 709 258 763 dentur
282 709 405 766 hac
424 709 583 767 verba
607 711 771 781 ipsius
783 710 1321 769 Nabuchodonosoris
1346 729 1483 770 esse.
1501 714 1655 771 Post-

70 817 219 872 quam
244 802 395 857 enim
426 818 456 857 a
487 803 715 873 pristino
740 818 927 859 errore
951 804 1242 874 collegerat
1264 820 1340 871 se,
1366 807 1420 860 in
1442 807 1651 876 publica

61 897 180 946 acta
216 909 316 950 eas
338 895 521 950 literas
545 897 801 952 retulerat
826 895 984 952 forte.
1011 899 1184 967 ipsam
1213 899 1372 968 igitur
1395 902 1653 957 constitu-

66 985 287 1051 tionem,
321 994 379 1041 ut
404 986 510 1042 ﬁde
536 985 728 1056 dignus
754 988 845 1052 sit,
882 986 1100 1044 adducit
1130 989 1334 1071 Daniel.
1379 991 1513 1046 Nam
1551 992 1650 1047 ho-

67 1075 265 1130 minum
296 1086 506 1133 natura:
532 1078 647 1149 ipse
682 1080 773 1149 qui
809 1094 999 1150 passus
1024 1090 1108 1135 est
1136 1082 1391 1152 loquitur.
1422 1084 1490 1138 Et
1520 1084 1649 1140 mihi

66 1168 236 1235 aspice
270 1176 531 1238 quantum
559 1169 938 1226 documentum
974 1172 1044 1227 sit
1086 1172 1343 1229 adversus
1367 1176 1646 1246 superbos.

66 1262 102 1310 Α
127 1260 385 1328 superbia
414 1260 557 1316 enim
588 1276 778 1330 passus
804 1271 887 1318 est
926 1277 1276 1333 quarcutuquc
1302 1279 1487 1334 passus
1511 1274 1593 1322 est
1628 1284 1642 1322 :

63 1358 113 1403 et
138 1352 379 1407 «tendit
407 1368 625 1409 causam
651 1347 934 1425 superbite,
969 1366 1078 1411 tum
1106 1370 1136 1411 a
1172 1356 1278 1411 fine
1297 1398 1313 1423 ,
1342 1366 1451 1412 tum
1477 1359 1544 1414 ab
1568 1361 1648 1416 in-

64 1442 155 1497 itio
178 1460 192 1496 :
222 1444 277 1498 in
309 1444 422 1500 line
443 1444 658 1515 quidem
684 1445 890 1513 dicens,
914 1446 1168 1514 Quoniam
1196 1464 1368 1505 omnes
1406 1451 1647 1522 superbos

66 1545 214 1603 potest
262 1537 540 1592 humiliore
583 1538 655 1609 (υ.
699 1537 825 1608 Si);
872 1539 925 1595 in
968 1540 1230 1612 principio
1264 1550 1443 1598 autem
1484 1552 1538 1599 et
1580 1545 1647 1601 ab

61 1626 287 1682 exordiis
325 1642 550 1683 causam
594 1630 858 1700 superbia:
893 1630 1111 1686 docens.
1162 1632 1239 1689 lbi
1281 1635 1477 1690 etenim
1521 1651 1643 1692 eum
1714 1690 1717 1691 ν

61 1717 171 1771 ideo
206 1717 378 1775 fuisse
421 1718 756 1776 humiliatum
800 1721 1033 1777 declarat
1074 1740 1088 1778 :
1128 1723 1214 1779 hic
1256 1740 1387 1781 vero
1437 1742 1539 1798 qua
1577 1728 1644 1785 de

57 1822 205 1862 ansa
232 1810 508 1879 superbus
553 1812 803 1880 evaserit,
853 1828 1045 1884 nempe
1074 1829 1139 1870 ex
1182 1830 1249 1871 eo
1289 1817 1430 1887 quod
1474 1820 1642 1876 multa

58 1900 319 1959 frueretur
346 1903 642 1970 felicitate;
680 1908 758 1961 sic
783 1914 838 1962 et
871 1906 1034 1963 David
1069 1908 1200 1964 dicit
1246 1927 1260 1965 :
1301 1909 1428 1965 Ideo
1452 1928 1537 1968 eos
1563 1923 1639 1969 te.

55 1994 155 2047 suit
193 1996 444 2065 superbia
469 1995 640 2068 (Psal.
669 1997 757 2052 72.
789 1997 847 2066 6)
876 2014 890 2052 :
924 1999 994 2053 ita
1033 2008 1088 2055 et
1131 1999 1219 2055 hic
1256 2002 1456 2058 multas
1492 2006 1642 2075 ponit

54 2088 460 2157 prosperitates.
513 2089 571 2143 In
615 2089 873 2160 principio
918 2090 994 2146 ait
1039 2092 1362 2150 :Abundans
1404 2112 1542 2150 erant
1585 2097 1639 2152 in

49 2177 190 2230 domo
214 2193 356 2244 mea,
384 2186 434 2231 et
458 2179 649 2248 ﬂorens
673 2179 728 2233 in
752 2180 880 2235 solio
906 2197 1034 2247 meo,
1068 2192 1115 2236 et
1144 2183 1347 2255 pinguis
1371 2185 1423 2239 in
1449 2188 1638 2258 populo

50 2283 167 2320 meo.
192 2266 322 2323 Non
343 2268 492 2323 enim
520 2267 636 2325 fieri
663 2279 836 2341 potest
861 2280 919 2327 ut
947 2273 1126 2328 omnia
1154 2273 1291 2329 bona
1327 2276 1484 2331 simul
1510 2292 1639 2333 cono

52 2368 283 2414 cun-ant.
331 2358 609 2432 Contingit
646 2362 698 2417 in
730 2363 953 2435 imperio
980 2365 1195 2436 quidem
1239 2381 1361 2424 esse
1401 2367 1634 2441 felicem,

53 2451 175 2505 domi
204 2467 345 2508 vero
371 2452 663 2522 infelicem,
687 2458 1131 2526 quemadmodum
1160 2461 1420 2532 Herodes,
1446 2481 1634 2536 quem-

51 2543 328 2600 admodum
352 2545 526 2603 David
546 2564 559 2599 :
583 2549 776 2605 accidit
792 2565 980 2608 rursus
994 2562 1200 2621 contra,
1228 2557 1282 2610 in
1300 2559 1498 2629 populo
1516 2560 1636 2631 qui-

48 2633 150 2688 dem
182 2635 461 2692 infelicem
484 2652 636 2706 esse;
658 2654 687 2694 a
708 2640 869 2697 domo
894 2651 1070 2699 autem
1095 2644 1225 2700 nihil
1251 2662 1411 2717 grave
1431 2663 1493 2705 ac
1516 2666 1633 2707 mo-

50 2726 228 2784 lestum
244 2730 565 2788 sustinere:
590 2733 705 2791 ﬁeri
721 2736 881 2791 etiam
904 2749 1081 2809 potest
1102 2748 1159 2794 ut
1182 2741 1233 2795 in
1256 2742 1387 2799 urbe
1412 2758 1511 2813 pax
1531 2746 1629 2811 sit;

46 2832 90 2873 at
111 2837 337 2892 regnum
367 2825 686 2883 tumultibus
722 2830 1008 2899 quatiatur.
1053 2830 1248 2888 Verum
1289 2835 1375 2891 isti
1422 2837 1630 2895 felicem

45 2912 265 2983 undique
293 2930 423 2970 esse
451 2917 672 2988 contigit
699 2937 713 2973 :
737 2919 867 2976 nihil
885 2931 1001 2977 erat
1021 2922 1163 2993 quod
1192 2925 1361 2996 ipsum
1384 2929 1628 2986 molestia

41 3004 292 3061 afﬁceret.
320 3005 493 3063 Vides
511 3019 767 3078 quantum
793 3013 990 3068 malum
1012 3015 1084 3069 sit
1108 3019 1315 3072 vacatio
1335 3033 1402 3074 ac
1427 3022 1637 3077 securi--

43 3098 140 3151 las?
159 3097 322 3153 Sicut
348 3100 498 3155 enim
519 3101 573 3156 in
593 3103 924 3175 corporibus,
948 3120 1066 3161 cum
1093 3124 1199 3164 non
1221 3125 1286 3165 ex
1308 3114 1628 3171 necessitate

38 3189 376 3260 fatigationes
392 3202 449 3247 et
468 3194 843 3265 occupationes
863 3198 1243 3268 suscipiuntur,
1270 3200 1336 3258 de
1366 3202 1623 3261 industria

39 3282 286 3347 quasdam
314 3283 681 3355 aggredimur,
714 3286 781 3342 ad
805 3290 1047 3360 corporis
1067 3294 1386 3350 exercitium
1415 3313 1430 3352 :
1471 3298 1541 3353 ita
1570 3310 1624 3355 et

40 3373 165 3430 Deus
185 3374 375 3432 facere
396 3376 558 3446 solet,
574 3387 636 3435 nt
653 3380 795 3437 vires
820 3381 1010 3438 nimias
1027 3383 1195 3439 tollat.
1214 3384 1268 3440 2.
1290 3404 1310 3438 ¢
1343 3387 1621 3448 Somnium

40 3466 154 3531 vidi,
179 3476 238 3523 et
266 3471 569 3539 per-ternm
594 3486 700 3537 tne,
722 3482 778 3529 et
803 3474 1047 3531 turbatus
1071 3492 1188 3533 sum
1220 3478 1273 3535 in
1296 3482 1455 3540 cubili
1477 3499 1618 3554 meo,

36 3566 90 3611 et
112 3559 342 3615 visiones
372 3561 569 3632 capitis
590 3564 694 3619 mei
720 3566 1175 3625 conturbaverunt
1207 3586 1314 3626 me.
1341 3573 1395 3628 5.
1432 3574 1494 3630 Et
1521 3592 1618 3647 per

38 3665 117 3704 ne
161 3652 508 3724 propositum
547 3663 632 3709 est
665 3655 969 3725 decretum,
998 3670 1057 3715 ut
1102 3662 1505 3724 introducerent
1558 3670 1612 3725 in

10 3744 316 3813 cnspectu
344 3758 474 3800 meo
513 3760 703 3803 omnes
739 3750 1013 3819 sapientes
1055 3751 1366 3827 Babylonis,
1392 3767 1451 3815 ut
1479 3774 1613 3817 con-

40 3831 284 3891 iecturam
333 3837 534 3893 somnii
588 3838 886 3897 indicarent
924 3842 1077 3899 mihi.
1116 3865 1137 3899 ι
1170 3846 1303 3904 Vide
1345 3852 1615 3921 quomodo

35 3926 168 3981 illum
190 3930 555 4001 comprimere
579 3932 713 4001 vult,
746 3949 850 3990 non
881 3951 1058 3992 rerum
1087 3942 1455 4010 experimento
1474 3986 1489 4011 ,
1517 3946 1611 4002 sed

33 4019 323 4076 intui-orum
374 4024 759 4093 praxiictione;
794 4036 854 4083 et
904 4032 1174 4100 quomodo
1212 4034 1451 4094 terribile
1496 4048 1614 4096 erat

27 4113 311 4168 somnium.
357 4111 471 4170 Cur
524 4115 683 4187 igitur
730 4134 872 4175 nunc
918 4136 1130 4194 quoque
1180 4140 1287 4181 non
1338 4127 1611 4201 obstupuit

22 4203 243 4269 spiritus
262 4204 414 4275 ejus,
451 4221 552 4262 nec
603 4209 800 4265 somnii
850 4211 1045 4269 oblitus
1077 4224 1180 4284 est,
1232 4218 1370 4274 sicut
1405 4223 1610 4277 antea?

16 4292 159 4359 Qui:
181 4296 391 4353 scilicet
421 4313 543 4355 cum
574 4300 758 4358 Daniel
788 4304 940 4373 prius
969 4305 1242 4366 sufﬁciens
1268 4314 1619 4382 experimen~

24 4395 137 4440 tua
161 4387 418 4455 dedisset,
450 4390 701 4448 videlicet
724 4393 780 4450 in
808 4397 1020 4451 somnio
1044 4400 1186 4469 quod
1208 4415 1602 4476 praecesserat,

21 4490 130 4530 non
161 4487 272 4535 erat
314 4479 573 4552 deinceps
605 4498 826 4542 necesse
867 4490 1159 4547 secundam
1198 4494 1439 4553 adhiberi
1481 4515 1606 4569 pro-

18 4567 307 4625 bationem.
332 4571 527 4627 Omnia
570 4576 767 4648 quippe
813 4579 955 4635 Deus
1008 4586 1345 4642 necessitatis
1392 4567 1559 4659 gratia
1584 4633 1599 4659 ,

18 4674 133 4713 non
178 4666 567 4735 ostentationis,
614 4679 887 4739 operatur.
941 4672 1190 4746 Alioquin
1233 4689 1410 4735 autem
1444 4692 1498 4737 et
1548 4683 1600 4739 id

4 4744 79 4804 tit
108 4753 176 4808 ad
206 4756 602 4829 redarguendos
630 4775 833 4832 magos.
864 4762 996 4820 Nam
1044 4744 1111 4822 ne
1155 4769 1345 4825 iterum
1373 4771 1553 4829 dicant
1582 4793 1597 4831 :

14 4842 256 4916 Prpfaat
282 4865 373 4904 rex
398 4853 691 4919 somnium,
720 4863 767 4908 el
805 4855 947 4911 illius
974 4858 1312 4929 conjecturam
1343 4867 1600 4921 renuntia-

7 4938 184 4992 binnn
230 4958 321 4995 nos
347 4940 511 5013 (Dan.
548 4944 603 4999 2.
633 4945 687 5015 7)
716 4964 729 5001 :
755 4959 1054 5018 arguuntur
1098 4967 1205 5008 non
1259 4953 1431 5010 solum
1468 4958 1596 5015 illud
1684 4970 1689 4979 '

8 5044 115 5083 non
140 5045 317 5102 posse,
344 5034 445 5089 sed
480 5050 657 5106 neque
681 5035 804 5093 hoc.
828 5038 1128 5113 Nequibant
1154 5045 1330 5103 dicere
1357 5049 1592 5108 iterum:

11 5140 28 5170 ι
56 5122 309 5191 Verbum,
328 5125 475 5196 quod
499 5142 592 5183 rex
616 5128 927 5202 interrogat,
956 5148 1117 5204 grave
1146 5145 1229 5192 est
1254 5155 1268 5192 :
1296 5147 1352 5193 et
1380 5155 1484 5196 nou
1512 5153 1596 5199 est

0 5214 205 5283 imo,
230 5217 318 5289 qui
361 5219 536 5289 possit
572 5218 868 5291 dijudicare
919 5222 1068 5293 illud,
1099 5228 1199 5283 nisi
1231 5228 1340 5298 dii,
1368 5246 1592 5303 quorum

14 5326 103 5362 an
128 5319 223 5364 est
238 5310 497 5368 habitatio
519 5327 645 5369 cum
671 5314 817 5371 omni
840 5330 1005 5373 carne
1025 5337 1045 5371 ι
1073 5316 1237 5390 (Ibid.
1260 5338 1306 5376 υ.
1329 5323 1437 5395 ll).
1464 5324 1594 5382 lude

12 5400 196 5455 edicit
230 5416 403 5473 neque
434 5404 614 5474 priora
657 5420 725 5461 ex
764 5406 854 5462 illa
881 5409 1081 5480 vulgari
1107 5411 1365 5481 sapientia
1394 5414 1590 5472 Danie-

16 5498 101 5547 icza
134 5495 451 5565 protulisse.
486 5496 677 5553 Didicit
704 5497 986 5556 Chaldxos
1015 5516 1187 5573 neque
1228 5507 1591 5575 superioribus

18 5586 335 5655 saporibus
361 5589 651 5661 quidquam
674 5592 787 5663 sani
804 5592 1005 5650 dixisse
1024 5612 1039 5649 :
1060 5596 1197 5652 sicut
1226 5595 1454 5668 ipsemet
1475 5603 1586 5657 ait:

14 5694 54 5731 at
80 5679 267 5736 nullos
290 5690 407 5737 erat
429 5681 523 5752 qui
552 5682 678 5738 illos
706 5685 1143 5754 reprehenderet.
1161 5687 1297 5746 Cum
1323 5700 1500 5748 autem
1522 5693 1588 5749 ad

16 5788 89 5828 ius
110 5774 269 5831 venit
288 5790 355 5832 ex
375 5774 561 5833 Judaca
587 5776 1003 5851 demonstratio,
1022 5781 1206 5841 Daniel
1228 5798 1443 5858 nempe,
1474 5801 1580 5846 non

1453 322 1521 382 ΙΝ
1559 324 1930 384 DANIELEM.

1684 4488 1687 4491 λ
1709 4469 1882 4519 socius.
1910 4469 2060 4518 Mirari
2093 4470 2257 4532 itaque
2280 4471 2397 4519 satis
2414 4483 2510 4519 non
2532 4485 2723 4580 possunt
2747 4486 2810 4535 qu

1708 4532 2040 4580 Hierouvmus.
2067 4541 2245 4580 [matter
2268 4539 2375 4580 Lxx
2400 4539 2532 4580 trans
2551 4542 2715 4580 atores
2732 4573 2745 4580 -
2768 4549 2810 4580 (ll

3244 349 3351 407 2H

1761 441 1992 511 amplius
2032 442 2233 501 audent
2277 460 2343 502 ne
2370 448 2583 519 quidem
2631 452 2850 524 ﬁngere.
2883 455 3049 528 Igitur
3077 474 3183 517 non
3229 466 3349 520 sine

1732 584 1737 589 .
1764 531 2097 601 providentia
2125 552 2311 592 rursus
2336 538 2409 594 illi
2443 552 2720 599 vocantur.
2752 545 2959 604 Etenim
2992 550 3346 614 admiratione

1760 620 1979 694 dignum
2007 633 2110 691 est,
2143 641 2302 696 quam
2330 627 2401 684 ob
2442 646 2554 686 rem
2603 649 2697 689 rex
2746 648 2867 690 cum
2900 639 2953 693 in
2982 644 3141 698 tantis
3184 646 3345 701 rebus

1758 716 2182 784 experimentum
2218 725 2451 790 cepisset
2497 729 2793 795 potestatis,
2825 744 2925 800 qua
2954 734 3184 802 pollebat
3232 740 3342 795 Da—

1758 805 1895 871 niel,
1926 822 2031 862 non
2063 818 2237 864 tamen
2269 813 2500 881 primum
2533 831 2656 871 eum
2680 822 2910 876 vocavit.
2943 823 3172 892 lpsemet
3196 832 3341 885 enim

1759 892 1903 949 Deus
1929 896 1979 949 id
2007 898 2223 953 molitus
2243 910 2345 965 est,
2366 912 2421 956 ut
2443 914 2563 971 post
2589 922 2867 977 magorum
2887 912 3094 968 cladem
3115 917 3341 975 victoria

1758 996 2058 1053 appareret.
2089 987 2372 1045 Penei-ruit
2410 1010 2509 1057 me,
2539 996 2711 1065 inquit
2744 1016 2758 1053 :
2791 1008 2847 1056 et
2888 1018 3064 1074 neque
3109 1006 3187 1061 sic
3224 1024 3341 1065 me-

1758 1074 1861 1129 lior
1893 1077 2100 1143 evasit;
2135 1081 2231 1135 sed
2283 1084 2448 1138 voluit
2494 1087 2791 1155 periculum
2840 1091 3037 1149 facere.
3086 1096 3159 1151 lta
3198 1098 3341 1154 Deus

1755 1166 1987 1239 undique
2014 1170 2197 1226 insons
2226 1183 2304 1230 est
2331 1174 2431 1247 (a).
2454 1177 2507 1232 4.
2544 1196 2561 1228 ι
2594 1179 2662 1239 Ει
2687 1183 3125 1251 ingrediebantur
3154 1189 3340 1245 incau-

1757 1267 1987 1328 tatores,
2019 1264 2194 1335 magi,
2226 1264 2507 1336 Gazareni,
2541 1268 2775 1328 Chaldaei
2802 1269 2906 1331 :et
2930 1278 3195 1335 somnium
3227 1282 3338 1338 dixi

1718 1414 1721 1415 ν
1754 1348 1807 1403 in
1834 1363 2125 1423 conspectu
2162 1369 2347 1411 eorum
2382 1375 2395 1411 :
2424 1368 2479 1414 et
2504 1361 2869 1432 conjecturam
2904 1366 3021 1437 ejus
3062 1385 3167 1426 non
3197 1372 3337 1428 indi-

1752 1452 2013 1497 caverunt
2054 1445 2205 1512 mihi,
2232 1447 2287 1503 5.
2316 1448 2486 1506 donec
2510 1452 2647 1509 alius
2677 1454 2946 1525 ingressus
2973 1470 3091 1525 est,
3126 1448 3332 1531 Daniel,

1754 1531 1809 1586 in
1835 1546 2125 1605 conspectu
2158 1553 2279 1594 meo
2300 1581 2317 1605 ,
2348 1541 2500 1612 cujus
2524 1558 2717 1601 nomen
2749 1548 2989 1606 Baltasar
3005 1594 3019 1617 ,
3042 1557 3336 1613 secundum

1751 1639 1947 1681 nomen
1987 1627 2072 1684 dei
2116 1630 2356 1703 mei,qui
2394 1634 2637 1703 spiritum
2684 1638 2775 1694 Dei
2821 1639 2980 1698 habet
3025 1644 3078 1699 in
3122 1659 3337 1704 semet-

1750 1714 1866 1786 ipso
1890 1734 1903 1771 :
1931 1727 1986 1773 et
2013 1722 2275 1777 somnium
2303 1739 2483 1780 coram
2513 1742 2578 1782 eo
2607 1728 2736 1783 dixi.
2767 1730 2958 1802 Donec,
2988 1735 3176 1807 inquit,
3198 1740 3334 1794 alius

1747 1807 2002 1879 ingressus
2042 1821 2115 1866 est
2158 1814 2210 1867 in
2251 1826 2520 1886 conspectu
2560 1834 2689 1872 meo.
2727 1820 2888 1888 Quasi
2937 1825 3217 1885 immemor
3261 1830 3333 1885 ita

1749 1897 1987 1970 loquitur
2014 1903 2111 1975 (ὁ).
2138 1906 2349 1962 Etenim
2377 1910 2529 1964 multi
2553 1912 2679 1966 anni
2708 1915 3081 1981 prmterierant
3099 1961 3115 1985 ,
3142 1930 3197 1975 et
3221 1922 3330 1976 cito

1747 1993 2064 2051 memoriam
2092 1998 2368 2067 amiserat,
2423 2010 2607 2072 utpote
2657 2010 2737 2059 tot
2776 2007 2919 2062 curis
2963 2010 3236 2078 obsessus,
3275 2022 3330 2069 et

1745 2098 1867 2140 cum
1919 2088 2080 2144 tantis
2134 2089 2345 2149 deliciis
2402 2093 2608 2149 vivens.
2667 2094 2834 2152 Porro
2890 2100 3070 2158 dicere
3129 2104 3329 2173 alium,

1745 2177 1953 2249 signum
1984 2189 2066 2236 est
2096 2197 2219 2238 eum
2247 2183 2401 2239 valde
2444 2186 2582 2242 illius
2614 2188 2839 2245 oblitum
2867 2206 3005 2247 esse.
3038 2192 3331 2250 Secundum

1743 2285 1924 2325 nomen
1945 2311 1960 2335 ,
1993 2273 2183 2347 inquit,
2216 2276 2296 2328 dei
2323 2278 2438 2330 mei.
2463 2279 2548 2332 An
2581 2278 2682 2335 hoc
2709 2281 2890 2339 dicere
2912 2285 3056 2339 vult:
3088 2287 3179 2341 Sic
3205 2304 3327 2345 eum

1742 2364 1999 2419 honoravi
2091 2378 2147 2421 ut
2176 2384 2203 2421 a
2233 2368 2336 2424 deo
2367 2387 2560 2427 nomen
2610 2372 2711 2429 hoc
2742 2375 2815 2430 illi
2862 2375 3188 2435 indiderim?
3214 2382 3329 2437 Mos

1741 2456 1883 2511 enim
1913 2468 2028 2512 erat
2059 2458 2161 2512 illis
2183 2502 2199 2525 ,
2232 2459 2298 2515 de
2328 2461 2551 2516 deorum
2593 2467 2812 2520 nomine
2849 2482 3045 2537 pueros
3071 2486 3197 2527 suos
3228 2487 3326 2528 no-

1741 2548 1948 2604 minare
1982 2567 1995 2603 :
2027 2552 2457 2622 quandoquidem
2489 2565 2543 2610 et
2571 2572 2634 2610 ex
2665 2556 2969 2617 hominibus
2997 2562 3128 2619 deos
3161 2564 3327 2621 facie-

1738 2640 1885 2698 bant.
1920 2643 2009 2699 Sic
2050 2645 2228 2713 Belus,
2252 2646 2330 2703 sic
2373 2656 2426 2703 et
2454 2648 2659 2707 Belarus
2693 2651 2764 2724 (c)
2790 2655 3003 2725 quidam
3034 2659 3175 2727 apud
3220 2674 3320 2715 nos

1737 2736 2036 2806 appellatus
2066 2748 2167 2792 est.
2198 2737 2415 2795 Scilicet
2452 2750 2731 2813 postquam
2772 2744 3042 2805 daemones
3065 2738 3318 2807 viderunt

1736 2841 1798 2881 ea
1831 2827 2037 2883 ratione
2066 2828 2311 2886 homines
2333 2830 2583 2887 honorari
2607 2848 2671 2889 ac
2692 2834 2822 2891 deos
2844 2838 3045 2905 vocari,
3063 2850 3117 2896 et
3143 2842 3242 2913 ipsi
3270 2844 3323 2899 id

1735 2919 1970 2976 tumulati
2010 2922 2339 2994 sunt.Cujus
2367 2925 2539 2995 gratia
2566 2925 2662 2995 ait,
2709 2927 2925 2997 Daniel,
2951 2934 3100 3004 cujus
3140 2952 3324 2992 nomen

1733 3008 2019 3067 Baltasar?
2042 3014 2174 3082 Quia
2214 3015 2309 3070 Dei
2336 3017 2581 3072 virtutem
2616 3018 2866 3076 habebat.
2906 3021 2961 3077 ld
2988 3025 3132 3079 enim
3179 3028 3321 3098 apud

1733 3102 1855 3157 illos
1879 3105 2112 3159 maxime
2142 3104 2331 3161 honori
2361 3117 2496 3161 erat.
2531 3107 2598 3163 Et
2627 3111 2925 3167 sustinebat
2954 3114 3135 3170 Daniel
3164 3131 3224 3172 se
3251 3116 3320 3171 ab

1731 3195 1837 3252 illis
1861 3212 1926 3253 eo
1952 3198 2168 3254 nomine
2190 3199 2430 3270 insigniri
2473 3218 2489 3257 :
2530 3217 2792 3273 nusquam
2836 3215 3015 3260 autem
3043 3206 3160 3275 hic,
3190 3208 3318 3265 dum

1704 3282 1810 3344 sui
1859 3291 2183 3347 mentionem
2233 3291 2398 3361 facit,
2442 3292 2766 3351 Baltasarem
2835 3299 3069 3369 seipsum
3137 3304 3316 3377 nomi-

1728 3387 1840 3447 nat,
1869 3380 1962 3435 sed
1993 3381 2119 3453 quid
2143 3381 2167 3435 ?
2195 3380 2307 3453 Ego
2338 3381 2543 3438 Daniel.
2575 3383 2786 3453 Quanto
2832 3387 3037 3446 honore
3064 3390 3314 3463 dignatus

1726 3482 1807 3529 est
1838 3473 1975 3544 regis
2001 3472 2159 3539 ﬁlius,
2188 3482 2336 3530 tanto
2363 3483 2416 3530 et
2450 3466 2552 3531 iste
2576 3493 2591 3531 :
2620 3476 2779 3532 etiam
2809 3488 2934 3535 ante
2955 3482 3303 3551 experimen-

1725 3573 1857 3631 tum,
1882 3581 1948 3621 ex
1982 3565 2099 3636 ipso
2127 3574 2346 3637 aspectu
2374 3568 2517 3622 visus
2535 3576 2617 3623 est
2645 3569 2999 3627 admirabilis.
3025 3573 3135 3630 Nec
3157 3592 3308 3645 vero,

1724 3658 1993 3729 inquit,ex
2023 3658 2165 3713 illius
2186 3658 2379 3713 virtute
2408 3659 2713 3730 proferebat
2732 3676 2794 3717 ea
2818 3678 2935 3733 qua:
2962 3664 3309 3736 loquebatur:

1686 3826 1689 3827 ν
1741 3857 1750 3865 ι
1780 3792 1855 3855 (a)
1887 3789 2221 3865 Pulcherrima.
2249 3792 2356 3841 hac
2389 3796 2635 3844 sententia
2678 3794 2939 3906 desumpta.
2981 3812 3044 3872 ex
3070 3800 3310 3876 .Platone,

1718 3850 1806 3903 lib.
1844 3854 1905 3904 10
1950 3853 2131 3906 nenub.
2157 3888 2172 3906 .
2210 3867 2257 3902 in
2302 3868 2392 3905 ore
2439 3863 2516 3904 est
2559 3855 2724 3905 multis
2765 3871 2849 3906 ecl:
2874 3869 3109 3906 esiasticis
3158 3878 3310 3906 mam-

1718 3850 1806 3928 lib}
1834 3850 1905 3904 ⁷10
1950 3853 2131 3928 Repub.
2157 3856 2392 3928 “in-ore
2439 3863 2519 3928 est
2559 3855 2724 3928 multis
2765 3850 3109 3928 ecclesiasticis

1717 3914 2059 3988 stris,AJustitt:o
2082 3914 2315 3988 Apologia
2334 3919 2565 3988 secunda,
2592 3916 2743 3988 Clem.
2770 3918 2914 3969 Alex.
2942 3924 3129 3988 raedag.
3153 3914 3307 3988 libfl,

1717 3990 1824 4040 cap.
1847 3978 1878 4027 8
1895 4013 1909 4036 ,
1936 3984 1987 4026 et
2008 3985 2179 4026 Strom.
2208 3978 2229 4026 l
2256 4012 2270 4037 ,
2295 3986 2349 4041 et
2371 3980 2430 4041 5,
2455 3981 2687 4041 Gregorio
2720 3988 2821 4030 Naz.
2862 3989 2991 4032 orat.
3016 3987 3045 4032 5
3064 3978 3309 4041 (Ἐυξεωὸ

1718 4038 1819 4111 tum
1846 4046 2049 4111 Przepar.
2079 4052 2253 4102 evang.
2295 4038 2379 4089 lib.
2405 4038 2436 4088 ϐ
2455 4078 2469 4100 ,
2496 4038 2627 4101 οἶδ,
2667 4048 2768 4091 tum
2803 4044 2853 4092 in
2886 4041 2982 4093 line
3008 4038 3116 4096 libri
3140 4058 3307 4101 contra

1716 4099 2147 4240 Ηιῖῖῗοέἓωάῗκςον
2171 4161 2247 4240 ire
2272 4168 2313 4240 ᾧ
2327 4174 2596 4240 impingam.
2610 4176 2778 4240 ομῇᾈοιν
2803 4178 2947 4217 hamis
2965 4192 3045 4229 μου.
3067 4172 3302 4240 tie-istic“.

1713 4248 1816 4284 μινος
1841 4233 1932 4273 οὕτω
1956 4237 2051 4285 φησί.
2078 4224 2289 4333 Ιέἕεὶκιι
2323 4224 2447 4285 apud
2484 4224 2881 4287 Theodotionent,
2915 4224 3031 4291 :..'...
3050 4271 3062 4289 ,
3083 4224 3226 4293 alius,
3251 4241 3304 4284 ut

1715 4292 1767 4334 et
1786 4283 1969 4345 legisse
1992 4283 2092 4333 The
2155 4292 2347 4334 oretum
2368 4293 2571 4335 constat.
2598 4293 2685 4336 Eos
2708 4288 2838 4336 enim
2863 4290 2979 4339 nihil
3003 4305 3192 4345 moror.
3217 4298 3300 4345 nui

1715 4292 1767 4334 et
1786 4292 1969 4348 legisse
1992 4292 2347 4334 Theodoretum
2368 4293 2571 4335 constat.
2598 4293 2685 4336 Eos
2708 4292 2838 4336 enim
2863 4292 2979 4339 nihil
3003 4305 3163 4342 moror
3177 4330 3192 4353 ,
3212 4292 3300 4358 qui

1709 4345 1824 4394 dum
1862 4353 2095 4419 conantur
2132 4348 2429 4419 emendare,
2469 4348 2754 4457 depravata.
2778 4348 2850 4401 Ac
2882 4361 3020 4403 certe
3056 4368 3116 4427 ea
3152 4356 3301 4407 lectio

1712 4409 1910 4457 pronius
1931 4407 2117 4457 accedit
2136 4408 2193 4457 ad
2220 4414 2475 4457 veritatem
2501 4408 2536 4457 C
2554 4409 2817 4457 ialdaicam.
2843 4426 2986 4457 uuam
3009 4413 3117 4457 alia-
3145 4428 3282 4457 :...:.....

1712 4409 1910 4480 propius
1931 4407 2117 4480 accedit
2136 4408 2193 4457 ad
2220 4409 2475 4481 veritatem
2501 4407 2817 4464 Chaldaicam.
2815 4426 2986 4522 03mm
3009 4413 3119 4475 alia,
3145 4428 3300 4482 ίταῖρος,

1712 4482 1882 4519 socrus.
1910 4476 2060 4518 Mirari
2093 4477 2257 4529 itaque
2280 4477 2397 4519 satis
2414 4483 2510 4519 non
2532 4485 2723 4529 possum
2747 4486 2810 4529 qu
2898 4475 2976 4525 hic
2997 4477 3226 4529 observat
3247 4487 3297 4529 Β.

1708 4514 2256 4604 iii;{iaay.i.i.§.~.;st§;
2268 4514 2979 4604 ιῖᾇῇεὶᾶιῖιιὲἔ,“¹ᾇιῖί”ιιῐέἓ

1708 4592 1943 4662 tet-ierant
1960 4628 1975 4653 ,
2002 4592 2106 4662 tres
2136 4592 2351 4662 reliquos
2388 4592 2619 4662 collegam
2656 4592 3001 4662 interpretatos
3024 4612 3153 4651 esse.
3175 4592 3295 4662 'Quid

1706 4655 1891 4726 igitur?
1912 4666 1974 4703 an
1996 4655 2748 4726 codicibus’corruptis'utebatur
2763 4655 3065 4726 doctissimus
3084 4655 3294 4726 Scriptu-

1706 4728 1775 4765 ra:
1814 4717 2176 4781 interprestld
2198 4731 2317 4767 vero
2337 4718 2583 4781 adfirmare
2615 4719 2790 4768 durum
2828 4719 3010 4781 fuerit,
3052 4737 3162 4773 cum
3185 4717 3292 4776 'dici

1688 4786 1854 4840 'queat
1880 4778 1990 4844 ideo
2013 4778 2261 4844 panielem
2284 4791 2311 4826 a
2334 4780 2795 4844 Nabuchodonosoro
2817 4778 3110 4844 appellatum
3143 4785 3293 4837 colle-

1704 4839 1835 4899 gam,
1859 4841 1982 4913 quia-
1993 4839 2119 4913 alter
2151 4842 2368 4913 "$33—39
2394 4842 2638 4913 secundus
2660 4855 2687 4890 a
2710 4854 2836 4905 rege
2849 4839 3011 4913 esset.
3038 4846 3200 4909 Atque
3224 4850 3291 4900 ita

1706 4906 1886 4963 exponi
1908 4908 2071 4963 potest
2101 4913 2192 4949 vox
2216 4906 2368 4984 pana
2388 4943 2403 4968 ,
2431 4908 2483 4951 et
2505 4910 2550 4951 s.
2577 4906 3151 4968 Hieronytutisacensura
3168 4917 3289 4969 Dru-

1702 4997 1761 5047 sii
1786 4995 2034 5044 vindicari.
2047 5001 2338 5057 Quamquam
2361 5001 2524 5046 autem
2546 4994 2611 5044 de
2624 5008 2763 5056 voce,
2775 5008 2930 5057 ιταῑρος,
2942 4997 3022 5048 hic
3037 4999 3288 5054 disserere

1704 5066 1843 5107 extra
1865 5069 1972 5104 rem
1996 5068 2107 5104 esse
2132 5055 2368 5123 videatur,
2391 5057 2604 5123 monebo
2627 5062 2806 5123 tamen,
2834 5055 2961 5108 illius
2982 5061 3286 5123 ignoratione

1700 5118 1877 5173 factum
1901 5130 2042 5176 esse,
2069 5124 2125 5167 ut
2166 5118 2513 5167 disertissimus
2534 5120 2606 5168 vir
2627 5118 2866 5169 Antonius
2889 5118 3100 5173 Muretus
3119 5125 3169 5173 in
3194 5125 3289 5176 Va-

1700 5183 1879 5231 riarum
1900 5177 2164 5251 lectionum
2182 5178 2271 5251 lib:
2286 5178 2319 5251 lt
2347 5214 2360 5239 ,
2384 5191 2490 5243 cap.
2518 5180 2539 5251 ς
2564 5219 2578 5238 ,
2605 5182 2800 5251 tertium
2824 5181 3088 5251 Isocratem
3111 5199 3287 5251 magno

1688 5242 2214 5307 'errotjegprocuderet.
2239 5239 2457 5307 Alteram
2474 5243 2620 5291 etiam
2657 5241 2815 5307 locum
2852 5245 3106 5307 Origenis,
3134 5239 3286 5299 titini-

1700 5304 1764 5354 ¹ί³
1788 5305 1863 5382 is.
1884 5302 1936 5375 ίίέ
1978 5311 2247 5382 ίῖυίέιὲΐξδὲἐ
2268 5302 2769 5382 ἕῆίῖίφῖἓπέἐξτέεφέε
2789 5302 3284 5382 iuuentae

1697 5372 1807 5417 sunt
1830 5364 1892 5416 de
1913 5363 2238 5436 ipsapaniele
2259 5363 2478 5436 attribuis
2498 5363 2668 5417 amicis
2690 5368 2812 5428 ejus.
2837 5370 2957 5432 serit
2966 5377 3099 5420 serat
3118 5363 3284 5435 Orige-

1694 5547 1825 5623 νεεῲέ
1833 5547 2285 5625 inanimatam
2304 5550 2379 5625 ad,
2391 5550 2534 5625 enim
2552 5551 2646 5625 ιοςί
2667 5547 3195 5625 mammae-mn:

1695 5610 1945 5675 antiquum
1961 5610 2183 5676 Codicetn
2205 5623 2270 5660 ex
2292 5624 2392 5676 quo
2406 5610 2685 5676 isienoster
2701 5613 2974 5676 descriptus
2993 5611 3099 5676 fuit.
3122 5613 3279 5665 Aliter

1696 5673 1827 5739 enini
1849 5675 1927 5723 vix
1951 5686 2006 5723 ac
2026 5685 2092 5722 ne
2116 5674 2194 5722 vix
2221 5673 2418 5736 quidem
2434 5674 2631 5739 videtur
2648 5687 2763 5724 esse
2778 5673 3021 5739 nabilia.
3038 5673 3276 5739 conjicie-

1680 5737 1824 5803 ,bm,
1843 5747 1866 5787 ι
1883 5742 2097 5803 ηαλμ,
2123 5746 2145 5784 ι
2162 5734 2448 5803 magum
2792 5735 3074 5803 vocabulum
3094 5734 3277 5803 legitur

1693 5772 1824 5863 Ξῖῖῖἱί
1842 5772 3127 5861 ἱὲἓιῗίιῐαῐὰωτὲἰ’ίὲ’ἶεέαῦἀῗῶεὖὲίῦ’ὧε’ἔι“τῖηῖὸἷιὲξ
