3734 6278
356 288 459 346 ⁸217

357 407 429 459 τὰ
457 405 648 474 ἄγρια,
671 409 767 462 καί
798 410 866 464 ὲν
887 411 1008 479 τοῖς
1034 415 1279 483 κλάδοις
1301 418 1488 472 αὐτοῦ
1518 417 1939 485 κατεσκήνουν

357 519 433 571 τὰ
481 521 720 573 πετεινὰ
747 521 854 575 τοῦ
879 524 1161 591 οὐρανοῦ,
1185 526 1267 579 σὺ
1307 523 1378 592 εἴ,
1396 528 1681 591 βασιλεῦ,
1701 528 1787 581 ὅτι
1813 530 1944 595 ἐμε-

359 629 665 696 γαλύνθης
697 631 796 683 καί
848 633 1133 701 ἴσχυσας,
1168 637 1265 689 καὶ
1298 638 1336 705 ἡ
1375 638 1776 707 μεγαλωσύνη
1826 654 1943 691 σου

359 734 756 805 ἐμεταλύνθη,
798 738 895 791 καί
955 739 1222 809 ἔφθασεν
1263 745 1349 808 είς
1384 742 1490 796 τὸν
1538 743 1817 810 οὐρανὸν,
1846 743 1943 796 καὶ

361 845 402 914 ἡ
437 849 612 915 κυρία
634 864 750 902 σου
778 851 865 915 είς
889 849 960 903 τὰ
984 851 1210 918 πέρατα
1247 850 1356 919 τῆς
1387 852 1519 921 γῆς.
1537 851 1647 905 Καὶ
1676 851 1765 906 ὅτι
1787 848 1948 907 εἶδεν

364 956 398 1007 ό
434 954 733 1021 ,ϐασιλεὺς
777 956 889 1025 εἳρ,
918 958 1015 1011 καὶ
1050 957 1222 1025 ἅγιον
1261 960 1695 1013 καταϐαίνοντα
1737 959 1806 1013 ἐκ
1840 959 1947 1014 τοῦ

363 1054 643 1127 οὐρανοῦ,
672 1061 767 1116 καί
788 1060 990 1118 εἶπεν·
1011 1063 1317 1119 Ἐκτίλατε
1342 1066 1408 1121 τὸ
1422 1065 1675 1135 δένδρον
1705 1068 1801 1120 καὶ
1825 1067 1951 1121 διας

364 1170 639 1238 φθείρατε
678 1171 847 1235 αὐτὸ,
874 1172 1042 1241 πλὴν
1078 1173 1193 1241 τὴν
1228 1174 1393 1244 φυὴν
1430 1173 1548 1228 τῶν
1564 1174 1741 1243 ῥιζῶν
1764 1175 1948 1230 αὑτοῦ

363 1276 434 1329 ἐν
463 1275 540 1344 τεῇ
570 1272 648 1346 γῇ
668 1277 906 1343 ἐάσατε,
928 1279 1023 1333 καί
1047 1278 1117 1331 ἐν
1135 1276 1335 1348 δεσμῷ
1353 1280 1579 1349 σιδηρῷ
1594 1281 1691 1334 καὶ
1720 1281 1947 1351 χαλκῷ,

368 1383 466 1438 καί
506 1384 575 1437 ἐν
610 1386 764 1455 χλόῃ
797 1385 874 1456 τῇ
905 1387 1042 1453 ἔξω,
1096 1388 1193 1440 καὶ
1231 1387 1299 1441 ἐν
1331 1386 1405 1457 τῇ
1430 1388 1628 1457 δρόσῳ
1648 1389 1755 1445 τοῦ
1775 1392 1953 1458 ούρα-

365 1494 479 1548 νοῦ
523 1494 992 1563 αὑλισθήσεται,
1054 1496 1148 1549 καί
1186 1496 1337 1566 μετὰ
1383 1499 1605 1567 θηρίων
1656 1498 1875 1569 ἀγρίων
1910 1499 1948 1567 ἠ

366 1604 537 1672 μερίς
569 1604 789 1671 αὑτοῦ,
822 1606 932 1673 ἕως
969 1605 1119 1660 ἐπτά
1144 1609 1334 1677 καιροί
1361 1608 1710 1679 ἀλλαγῶσιν
1728 1609 1821 1663 ἐπ’
1846 1612 1952 1665 αὐ-

371 1712 505 1763 τόν·
555 1710 707 1785 [925]
743 1713 919 1768 τοῦτο
968 1715 1003 1782 ἠ
1050 1716 1368 1786 σύγκρισις
1404 1714 1613 1780 αὐτοῦ,
1654 1716 1951 1783 βασιλεῦ,

372 1821 469 1872 καὶ
506 1822 805 1892 σύγκριμα
839 1822 1130 1892 Ὑψίστου
1161 1825 1334 1880 ἐστίν
1362 1826 1393 1880 ὃ
1421 1827 1687 1896 ἔφθασεν
1717 1826 1818 1881 ἐπί
1845 1827 1954 1883 τὸν

371 1932 581 1999 κύριόν
607 1951 727 2001 μου
756 1933 1141 1998 τὸνβασιλέα
1159 1950 1172 1964 ·
1198 1934 1298 1988 καί
1326 1948 1400 1989 σε
1422 1933 1814 2000 ἐκδιώξουσιν
1835 1935 1952 1991 ἀπὸ

371 2038 489 2092 τῶν
515 2040 857 2108 ἀνθρώπων,
878 2042 973 2095 καὶ
1001 2044 1150 2112 μετὰ
1182 2044 1400 2112 θηρίων
1431 2044 1604 2100 ἔσται
1625 2046 1663 2114 ἡ
1688 2046 1957 2101 κατοικία

372 2164 510 2211 σου,
544 2150 640 2203 καὶ
668 2151 886 2218 χόρτον
926 2150 1007 2217 ὡς
1027 2151 1191 2215 βοῦν
1222 2152 1521 2221 ψωμιοῦσί
1564 2169 1666 2217 σε,
1708 2152 1805 2205 καὶ
1835 2153 1955 2208 ἀπὸ

374 2254 486 2325 τῆς
543 2258 767 2325 δρόσου
823 2259 930 2313 τοῦ
979 2260 1237 2328 ούρανοῦ
1276 2260 1622 2329 ,βαφήσεται
1672 2260 1737 2313 τὸ
1785 2257 1959 2329 σῶμά

377 2383 517 2433 σου,
547 2368 642 2420 καὶ
679 2367 829 2421 ἑπτὰ
859 2368 1053 2436 καιροί
1086 2369 1539 2438 ἀλλαγήσονται
1570 2367 1667 2421 ἐπὶ
1704 2366 1823 2433 σοί,
1846 2367 1958 2432 ἕως

377 2472 450 2532 οὗ
477 2476 630 2547 γνῷς
660 2476 749 2531 ὅτι
791 2480 1050 2543 κυριεύει
1082 2482 1116 2533 ὀ
1156 2481 1440 2549 Ὕψιστος
1491 2478 1602 2548 τῆς
1635 2480 1958 2547 ,βασιλείας

378 2586 497 2641 τῶν
531 2586 882 2654 ἀνθρώπων,
930 2587 1030 2641 καὶ
1074 2579 1121 2654 ᾧ
1158 2587 1267 2641 ἑὰν
1302 2586 1453 2654 δόξῃ
1511 2586 1689 2642 δώσει
1742 2587 1956 2656 αὐτήν.

378 2694 485 2749 Καὶ
517 2694 604 2747 ὄτι
645 2690 846 2747 εἶπεν·
885 2692 1135 2749 Ἐασατε
1158 2692 1272 2762 τὴν
1298 2692 1465 2763 φυὴν
1501 2693 1621 2748 τῶν
1642 2693 1821 2763 ῥιζῶν
1851 2695 1958 2750 τοῦ

374 2802 663 2870 δένδρου·
702 2805 739 2870 ὴ
778 2803 1068 2867 βασιλεία
1105 2818 1222 2857 σου
1274 2803 1371 2857 σοι
1419 2803 1607 2873 μενεῖ,
1641 2804 1743 2873 ἀφ’
1772 2800 1848 2875 ἧς
1882 2804 1961 2860 ἂν

378 2909 537 2979 γνῷς
563 2909 678 2978 τὴν
714 2910 1004 2975 ἐξουσίαν
1044 2910 1158 2978 τὴν
1195 2909 1498 2978 οὐράνιον.
1531 2911 1596 2964 Τί
1644 2907 1737 2967 οὖν
1784 2929 1957 2981 φησις

379 3015 498 3080 πῶς
528 3016 677 3070 ἔσται
701 3018 734 3087 ή
758 3015 908 3079 λύσις
939 3015 1033 3069 τοῦ
1061 3016 1270 3081 δεινοῦς
1307 3016 1411 3071 Διὰ
1442 3016 1636 3082 τοῦτο,
1670 3018 1959 3082 βασιλεῦ,

380 3123 419 3191 ἡ
436 3122 636 3190 ,βουλή
654 3141 775 3193 μου
794 3121 1064 3191 ἀρεσάτω
1088 3138 1205 3188 σοι,
1241 3123 1338 3177 καί
1387 3124 1494 3190 τὰς
1525 3123 1813 3192 ἁμαρτίας
1845 3140 1963 3181 σου

378 3239 450 3291 ἐν
488 3237 928 3307 ἐλεημοσύναις
968 3237 1289 3306 λύτρωσαι,
1313 3239 1411 3291 καί
1443 3238 1549 3306 τὰς
1578 3237 1812 3305 ἀδικίας
1846 3254 1963 3294 σου

382 3346 454 3399 ὲν
479 3346 800 3415 οίκτιρμοῖς
832 3323 1151 3416 πενήτων..
1183 3349 1353 3415 Ἴσως
1386 3348 1557 3403 ἔσται
1589 3351 1967 3420 μακροθυμία

382 3456 507 3521 τοῖς
535 3455 968 3525 παραπτώμασί
1002 3472 1139 3512 σου.
1187 3457 1251 3510 Τί
1292 3456 1503 3525 λέγεις,
1542 3460 1720 3525 Ἴσως
1757 3460 1966 3525 ἐσται;

384 3565 479 3618 καὶ
506 3563 600 3617 τοῦ
650 3564 941 3634 φαρμάκου
976 3565 1072 3635 τὴν
1123 3567 1275 3635 ἰσχὺν
1319 3567 1423 3620 ὑπό
1477 3582 1599 3619 τινα.
1637 3566 1966 3637 ἀμφιϐολίαν

386 3673 681 3744 καθιστᾷςς
724 3675 796 3727 Οὐ
831 3673 920 3726 διὰ
949 3671 1104 3726 τοῦτο
1131 3667 1306 3737 εἷπον,
1346 3676 1534 3741 Ἴσως,
1560 3677 1660 3731 οὐκ
1694 3678 1968 3749 ἀμφιϐάλο

387 3785 517 3847 λων,
560 3781 634 3852 μὴ
685 3781 915 3849 γένοιτο,
947 3782 1060 3836 ἀλλ’
1102 3781 1294 3853 ἐκείνῳ
1345 3784 1436 3836 τὸν
1483 3784 1646 3855 φόϐον
1703 3787 1967 3841 ἐπιτεῖναι

389 3889 727 3961 βουλόμενος,
754 3889 829 3954 ὼς
858 3890 1036 3961 πάσης
1065 3889 1359 3961 θεραπείας
1393 3892 1485 3947 καὶ
1513 3893 1694 3963 πάσης
1722 3894 1962 3964 συγγνώ-

391 4016 497 4070 μης
530 3997 777 4071 ἀνώτερα
809 3998 973 4052 αὑτοῦ
1028 3999 1428 4072 ἡμαρτηκότος.
1462 4002 1524 4055 Εἰ
1566 4003 1674 4075 γὰρ
1701 4005 1795 4059 καὶ
1830 4005 1967 4076 μετά

386 4109 446 4161 τὸ
470 4109 611 4163 οὕτω
647 4108 902 4180 λεχθῆναι
930 4110 1181 4181 ἐπέμεινε
1214 4112 1277 4182 τῇ
1312 4111 1476 4182 μανίᾳ
1497 4150 1511 4175 ,
1544 4111 1723 4184 πολλῷ
1766 4113 1967 4183 μᾶλλον

388 4222 436 4273 εί
468 4220 542 4291 μὴ
570 4221 708 4291 μετά
739 4220 1066 4292 ἀμφιϐολίας
1092 4221 1311 4293 ἐρρέθη.
1330 4222 1440 4275 Καὶ
1471 4222 1580 4295 γάρ
1610 4224 1703 4277 καὶ
1734 4224 1967 4296 ἀλλαχοῦ

387 4331 547 4384 τοῦτο
578 4331 844 4402 βούλεται,
882 4330 968 4384 διά
985 4330 1091 4404 τοῦ,
1118 4332 1395 4402 προφήτου
1422 4332 1618 4400 λέγων’
1660 4333 1795 4387 Ἐὰν
1818 4336 1968 4389 ἀπο-

390 4445 629 4509 πλύνῃς
673 4443 743 4495 ἐν
789 4442 1003 4508 νίτρῳ,
1046 4441 1447 4507 κεκηλίδωσαι
1497 4444 1778 4498 ἐναντίον
1825 4464 1967 4514 μου,

390 4552 549 4621 λέγει
602 4553 834 4619 Κύριος.
885 4552 995 4604 Καὶ
1043 4551 1233 4605 πάλιν·
1271 4554 1339 4604 El
1383 4553 1637 4618 ἀλλάξει
1667 4556 1881 4623 Αίθίοιϐο
1904 4556 1969 4608 τὸ

391 4642 597 4710 δέρμα,
622 4640 716 4692 καί
749 4637 1042 4706 πάρδαλις
1065 4638 1136 4691 τὰ
1161 4639 1523 4707 ποικίλματα
1543 4639 1969 4715 αὐτῆς.Ὢσπερ

391 4743 483 4802 οὖν
518 4749 631 4801 ὲκεί
659 4746 937 4800 ἀποκλείει
963 4745 1059 4816 τὴν
1087 4746 1393 4817 μετάνοιαν,
1416 4747 1513 4817 οὐχ
1534 4746 1621 4800 ἴνα
1649 4748 1970 4822 ἀποκλείσῃ,

392 4859 506 4912 ἀλλ’
539 4858 624 4911 ἴνα
650 4857 849 4929 μᾶλλον
874 4856 1083 4929 φοϐήσῃ
1100 4872 1114 4887 ο
1156 4855 1297 4909 οὕτω
1324 4857 1419 4910 καὶ
1447 4855 1680 4911 ἐνταῦθα
1712 4856 1972 4929 βουλόμε-

391 4985 480 5030 νος
539 4967 705 5031 δεῖξαι
768 4967 827 5019 τὸ
879 4966 1105 5036 μέγεθος
1156 4966 1263 5019 τῶν
1317 4966 1744 5037 ἡμαρτημένων,
1793 4950 1968 5035 εἶπεν,

396 5075 593 5137 Ἴσως.
623 5072 775 5135 Τίνος
802 5073 857 5124 δὲ
892 5073 1077 5125 ἕνεκεν
1102 5074 1201 5127 οὐκ
1248 5069 1366 5126 εἶπε
1387 5089 1401 5102 ⁸
1436 5075 1967 5146 Ταπεινοφρόνησον,

393 5184 654 5252 ὲπίγνωθι
694 5184 783 5236 τὸν
813 5185 972 5251 Θεόν;
999 5185 1057 5237 Et
1088 5184 1195 5258 γάρ
1228 5184 1317 5238 διὰ
1350 5184 1507 5238 τοῦτο
1539 5185 1712 5239 ταῦτα
1748 5186 1970 5257 πάσχει,

393 5292 574 5355 καθὼς
594 5292 687 5345 καὶ
708 5292 868 5354 αὐτός
886 5309 1040 5362 φησι,
1071 5292 1215 5355 τίνος
1243 5293 1425 5345 ἕνεκεν
1457 5292 1620 5363 ἕτερα
1650 5298 1968 5365 παραινεῖςς

395 5401 579 5470 Εἶπεν,
620 5404 752 5459 Ἵνα
783 5400 1011 5472 γνῶσιν
1050 5401 1138 5455 ὅτι
1182 5404 1437 5471 κιφιεύει
1466 5405 1499 5456 ό
1546 5404 1831 5472 ’Ύψιστος
1861 5404 1972 5473 τῆς

387 5516 709 5583 ,βασιλείας
738 5512 855 5567 τῶν
896 5511 1237 5579 ἀνθρώπων.
1266 5513 1331 5565 Τί
1380 5508 1505 5579 οὗν;
1543 5513 1629 5566 ἵνα
1653 5513 1828 5584 ἕτεροι
1864 5534 1972 5568 σω-

397 5627 776 5698 φρονισθῶσιν,
816 5623 926 5692 ἐγὼ
955 5623 1290 5694 κολάζομαι;
1328 5624 1481 5694 Οὐχὶ,
1519 5624 1633 5678 ἀλλ’
1662 5626 1718 5676 ὲν
1753 5626 1849 5694 μὲν
1892 5626 1971 5697 τῷ

396 5738 607 5808 ὀνείρῳ,
641 5737 736 5794 ἅτε
764 5734 840 5809 μὴ
871 5734 1188 5808 βουλόμενος
1219 5733 1456 5805 ἐμφῆναι
1483 5733 1541 5788 τὸ
1580 5735 1767 5803 σαφὲς,
1795 5730 1965 5803 εἶπεν,

1028 294 1084 350 S.
1126 294 1411 355 ιοΑΝΝιε
1449 294 1939 357 (τιιιιγεοετοιιῐ
1973 298 2298 359 ARCHIEP.
2344 302 2889 361 CONSTANTINOP.

2046 420 2169 474 Ἵνα
2212 421 2436 491 γνῶσιν
2485 426 2539 477 οι
2583 421 2729 494 [226]
2764 419 3005 487 ζ’ῶντεςο
3046 420 3075 472 ὁ
3113 418 3169 472 δὲ
3211 416 3410 488 Δανιήλ
3459 434 3620 487 φησιν

2046 526 2201 591 Ἕως
2254 524 2327 583 οὗ
2384 530 2465 583 σὺ
2497 528 2671 599 γνῷς,
2702 530 2791 582 ὅτι
2833 527 3090 596 κυριεύει
3121 527 3156 581 ό
3180 526 3480 594 ’Ύψιστος
3510 521 3624 592 τῆς

2039 635 2363 701 ,βασιλείας
2390 635 2507 690 τῶν
2530 638 2874 705 ἀνθρώπων,
2908 637 3005 690 καὶ
3039 627 3088 701 ᾧ
3112 635 3221 690 ἐὰν
3250 633 3400 702 δόξῃ
3438 631 3624 686 δώσει

2046 747 2258 816 αὑτήν.
2306 745 2456 813 Εἶδες
2506 750 2621 813 πῶς
2663 746 2894 801 ἐνταῦθα
2941 747 3068 818 περὶ
3121 741 3623 814 ταπεινοφροσύνης

2047 857 2319 930 διελέχθη;
2364 860 2502 912 Ἀλλ’
2562 861 2619 913 ὲν
2666 860 2764 930 μὲν
2800 857 2878 929 τῷ
2916 857 3130 929 ὀνείρῳ,
3164 854 3331 926 φησὶ,
3369 852 3532 906 τοῦτο
3564 850 3625 903 τὸ

2051 966 2369 1038 φάρμακον·
2401 968 2514 1037 ἐγὼ
2551 968 2608 1021 δὲ
2635 970 2730 1021 καὶ
2783 967 2968 1038 ἕτερον
3013 965 3179 1035 λέγω.
3236 963 3502 1033 Καθάπερ
3534 962 3627 1013 ἐπὶ

2050 1076 2308 1147 ἄρχοντος
2330 1075 2701 1148 ὀργιζομένου,
2732 1076 2891 1139 αὐτὸς
2929 1075 3027 1146 μὲν
3053 1074 3206 1128 οὐδὲν
3239 1074 3305 1128 ἂν
3330 1072 3493 1138 εἴποι,
3517 1071 3628 1123 τῶν

2050 1184 2107 1237 δὲ
2135 1184 2347 1237 οἰκείων
2375 1202 2458 1248 τις
2489 1185 2595 1238 τῶν
2621 1185 2829 1238 ἐκείνου
2865 1181 3177 1255 προσελθὼν
3220 1180 3298 1252 τῷ
3339 1179 3630 1249 ὑπευθύνῳ

2050 1293 2199 1363 λέγοι
2218 1293 2322 1349 ’Τὸ
2347 1294 2592 1366 ποίησον,
2618 1295 2710 1348 καὶ
2737 1295 2823 1348 τό’
2859 1294 2945 1358 δὸς
2979 1295 3257 1366 χρήματα,
3288 1295 3382 1347 καὶ
3426 1291 3630 1345 πολλά-

2052 1420 2157 1466 κις,
2182 1403 2455 1474 δυνάμεθα
2484 1403 2787 1475 ἐξαρπάσαι
2813 1420 2872 1457 σε
2902 1403 3011 1456 τῶν
3044 1401 3400 1474 ἐπικειμένων
3417 1401 3630 1456 κακῶν.

2056 1509 2185 1563 Ἔτι
2207 1510 2313 1564 τοῦ
2331 1510 2516 1580 λόγου
2536 1511 2606 1565 ἐν
2622 1512 2870 1581 στόματι
2898 1508 3205 1575 ,ϐασιλέως
3229 1508 3425 1575 ὄντος,
3455 1508 3632 1578 φωνὴ

2053 1617 2171 1671 ἀπὸ
2200 1617 2305 1673 τοῦ
2338 1617 2594 1686 οὐρανοῦ
2628 1618 2865 1689 ἐγένετο
2888 1634 2902 1648 ο
2930 1618 3031 1671 Σοί
3051 1588 3306 1687 λέξεται,
3328 1617 3637 1685 Ναϐουχο-

2053 1729 2311 1797 δονόσορ
2336 1730 2337 1733 “
2360 1729 2625 1795 βασιλεῦ
2645 1748 2659 1762 ·
2719 1730 2759 1798 ἠ
2807 1729 3098 1794 ,βασιλεία
3145 1741 3263 1781 σου
3320 1724 3639 1795 παρῆλθεν

2054 1840 2173 1895 ἀπὸ
2203 1841 2338 1906 σοῦ,
2376 1843 2472 1895 καὶ
2499 1841 2616 1897 ἀπὸ
2648 1840 2765 1895 τῶν
2802 1839 3125 1909 ἀνθρώπων
3148 1837 3506 1903 ἐκδιώξουσι
3535 1854 3635 1902 σε,

2056 1950 2153 2003 καὶ
2182 1953 2325 2019 μετὰ
2345 1951 2563 2020 θηρίων
2588 1951 2807 2021 ἀγρίων
2834 1951 2871 2019 ὴ
2905 1951 3174 2005 κατοικία
3198 1966 3336 2016 σου,
3366 1951 3465 2005 καί
3495 1950 3637 2021 χόρ-

2055 2075 2162 2111 τον
2186 2056 2267 2123 ὠς
2283 2056 2444 2122 βοῦν
2470 2058 2771 2128 ψωμιοῦσί
2794 2074 2868 2113 σε
2885 2075 2898 2090 ο
2918 2057 3018 2112 καί
3043 2058 3193 2113 ἑπτὰ
3224 2061 3413 2129 καιροί
3444 2060 3635 2113 ἀλλα-

2055 2168 2347 2237 γήσονται
2395 2167 2495 2220 ἐπὶ
2543 2168 2665 2231 σοὶ,
2721 2167 2832 2234 ἕως
2879 2163 2951 2223 οὗ
2975 2166 3132 2236 γνῷς
3190 2168 3277 2220 ὅτι
3315 2166 3573 2235 κυριεύει
3605 2167 3639 2218 ό

2060 2275 2356 2344 arma?”
2374 2275 2484 2343 τῆς
2509 2275 2834 2341 βασιλείας
2860 2274 2977 2327 τῶν
2999 2273 3341 2343 ἀνθρώπων,
3366 2275 3459 2328 καί
3484 2267 3535 2341 ᾧ
3562 2275 3639 2357 ἀν

2056 2384 2204 2452 δόξῃ
2231 2384 2407 2439 δώσει
2431 2385 2643 2454 αὐτήν.
2686 2382 2850 2453 Αὺτῇ
2884 2383 2958 2452 τῇ
3000 2382 3121 2453 ὥρᾳ
3158 2382 3573 2449 συνετελέσθη
3606 2386 3640 2437 ό

2056 2495 2233 2564 λόγος
2267 2495 2364 2548 ἐπὶ
2398 2494 2948 2564 Ναϐουχοδονόσορ,
2974 2493 3069 2547 καί
3098 2492 3217 2548 ἀπὸ
3270 2493 3388 2548 τῶν
3416 2492 3642 2560 ἀνθρώ-

2059 2623 2189 2659 πων
2225 2607 2567 2676 ἐξεδιὼχθη,
2616 2606 2713 2661 καὶ
2743 2608 2959 2676 χόρτον
2982 2606 3062 2673 ὡς
3089 2606 3246 2672 βοῦς
3275 2605 3511 2674 ἤσθιεν,
3541 2605 3641 2659 καί

2058 2713 2177 2769 ἀπὸ
2209 2714 2319 2784 τῆς
2375 2714 2599 2783 δρόσου
2646 2714 2753 2769 τοῦ
2801 2714 3062 2782 οὐρανοῦ
3112 2713 3179 2767 τὸ
3231 2711 3401 2783 σῶμα
3451 2714 3643 2767 αὐτοῦ

2060 2820 2271 2891 ὲϐἀφη,
2300 2823 2414 2888 ἕως
2463 2818 2535 2878 οὗ
2566 2826 2625 2877 αἱ
2671 2823 2869 2892 τρίχες
2900 2822 3087 2877 αὑτοῦ
3111 2822 3191 2888 ὡς
3219 2822 3485 2876 λεόντων
3505 2821 3644 2890 έμε-

2063 2930 2476 2998 γαλύνθησαν,
2515 2928 2614 2983 καί
2670 2933 2724 2984 οί
2788 2930 3007 2997 ὄνυχες
3058 2928 3244 2983 αὐτοῦ
3302 2929 3642 2997 ὠςόρνέου.

2066 3038 2207 3108 Ὅρα
2234 3037 2330 3109 τὴν
2384 3039 2654 3107 ἀπόφασιν
2700 3038 2904 3093 ἀνωθεν
2939 3040 3244 3111 φερομένην
3287 3039 3422 3111 πρὸς
3483 3039 3648 3094 αὐτὸν

2063 3146 2155 3201 τὸν
2186 3147 2673 3219 Ναϐουχοδονόσορ.
2696 3150 2804 3202 Καὶ
2824 3151 2902 3212 είς
2931 3150 3081 3213 τέλος
3106 3149 3266 3221 ἐξέϐη
3287 3149 3357 3204 τά
3378 3138 3647 3221 πράγμα-

2064 3277 2153 3314 τα.
2220 3261 2539 3332 Ἠγνόησας,
2587 3261 2741 3337 φησὶ,
2801 3263 2898 3332 τὴν
2957 3261 3303 3333 ἀνθρωπίνην
3343 3263 3649 3335 εὐγένειαν,

2067 3371 2374 3434 κατέπεσας
2405 3371 2540 3443 πρὸς
2595 3371 2797 3441 Θηρίων
2834 3372 3073 3441 ἀτιμίαν.
3110 3373 3274 3426 Οὐδὲν
3323 3374 3652 3445 ἀτιμότερον

2068 3480 2263 3548 γένοιτ’
2296 3478 2361 3534 ἂν
2384 3479 2601 3543 τούτου,
2619 3479 2741 3533 οὔτε
2769 3479 2817 3532 εί
2853 3479 3076 3551 πένητα,
3096 3479 3219 3534 οὔτε
3249 3483 3296 3534 εί
3325 3481 3654 3553 δεσπότηνῆ

2068 3589 2192 3643 οὔτε
2226 3592 2275 3642 εἰ
2324 3590 2452 3644 ἄλλο
2506 3607 2559 3643 τι
2596 3589 2833 3644 τοιοῦτον
2857 3592 3146 3664 εἰργάσατο
3180 3592 3357 3647 αὐτόν.
3382 3592 3654 3664 Οὐδαμῶς

2068 3697 2136 3752 ἂν
2160 3697 2321 3751 αὐτὸν
2355 3697 2453 3767 τῆς
2482 3696 2623 3749 κατὰ
2647 3697 2745 3766 τὴν
2781 3696 2941 3765 φύσιν
2973 3696 3251 3765 εὐγενείας
3279 3695 3569 3761 ἐξέϐαλεν,
3591 3698 3655 3750 οὐ

2068 3806 2129 3860 τὸ
2155 3806 2314 3877 σῶμα
2335 3804 2471 3877 πρὸς
2510 3804 2698 3887 θηρίου
2742 3805 2903 3874 φύσιν
2933 3804 3274 3875 μεταϐαλὼν,
3319 3805 3434 3859 ἀλλ’
3467 3806 3499 3859 ὃ
3541 3805 3657 3860 τῶν

2070 3917 2278 3983 ἀλόγων
2300 3916 2572 3986 διέστηκε,
2607 3913 2764 3967 τοῦτο
2789 3915 2923 3985 πρὸς
2952 3915 3246 3987 θηριωδίαν
3281 3917 3655 3986 μεταστήσας.

2070 4025 2195 4089 Πῶς
2216 4020 2338 4091 οὗνς
2375 4025 2491 4079 Ἵνα
2524 4025 2618 4078 καὶ
2644 4025 2693 4077 οἱ
2735 4023 2910 4077 λοιποὶ
2942 4023 3186 4093 μάθωσιν
3218 4023 3326 4077 ἀπὺ
3374 4023 3475 4093 τῆς
3525 4041 3657 4096 τρο-

2071 4137 2199 4208 φῆς,
2229 4134 2336 4189 ἀπὸ
2363 4134 2462 4205 τῆς
2504 4133 2698 4204 ὅψεως.
2731 4132 2796 4185 Τί
2839 4132 2895 4185 δὲ
2930 4132 3295 4204 παιδευόμεθα
3320 4133 3384 4187 ὲκ
3404 4131 3657 4199 τούτων;

2072 4248 2194 4302 Ὅτι
2257 4246 2460 4300 τούτων
2494 4244 2643 4299 οὐδὲν
2691 4243 2909 4314 ἄμεινον
2952 4243 3294 4315 διακείμεθα,
3321 4242 3423 4297 κᾶν
3458 4243 3540 4315 μὴ
3594 4246 3660 4298 τὲ

2069 4354 2208 4409 αὑτά
2238 4353 2463 4424 γένηται
2503 4352 2587 4423 ἐφ’
2616 4334 2793 4424 ήμῶν,
2824 4355 2951 4407 ὅταν
2981 4353 3060 4415 είς
3104 4350 3479 4423 ὑπερηφανίαν
3519 4351 3555 4421 ἧ
3597 4354 3661 4405 τὸ

2072 4462 2332 4534 θηριῶδες
2363 4462 2797 4532 ὲξολισθήσωμεν
2827 4459 3020 4522 πάθος.
3061 4460 3224 4513 Πόσοι
3251 4458 3345 4514 νῦν
3369 4460 3516 4513 κατά
3564 4461 3660 4515 τὸν

2074 4569 2540 4642 Ναϐουχοδονόσορ
2602 4571 2810 4623 ἐκεῖνον
2872 4569 3061 4640 θηρίου
3116 4568 3351 4623 διάνοιαν
3423 4568 3658 4638 ἓχουσι;

2074 4685 2339 4737 Ἀκουσον
2358 4658 2486 4751 γοῦν
2502 4681 2595 4736 τοῦ
2624 4683 2868 4736 Ἰωάννου
2891 4681 3157 4751 λέγοντοςο
3188 4682 3408 4750 Ὀφεις,
3435 4682 3627 4750 γεννή
3642 4712 3659 4724 ο

2065 4808 2224 4861 ματα
2248 4789 2521 4859 ἐχιδνῶν·
2552 4791 2643 4843 καὶ
2670 4789 2830 4844 πάλιν
2848 4788 3032 4859 ἐτέρου
3065 4787 3340 4859 προφήτου
3366 4785 3623 4854 λέγοντος
3643 4802 3657 4816 ο

2074 4897 2269 4951 Ἵπποι
2320 4896 2686 4966 θηλυμανεῖς
2733 4896 3011 4964 ἐγένοντο
3031 4914 3044 4925 ·
3101 4896 3356 4960 ἕκαστος
3390 4892 3487 4946 ἐπὶ
3539 4893 3660 4960 τὴν

2072 5007 2326 5079 γυναῖκα
2368 5005 2473 5060 τοῦ
2535 5006 2804 5073 πλησίον
2856 5002 3255 5073 ἐχρεμέτιζον
3318 5002 3413 5054 καὶ
3459 5001 3659 5073 ἐτέρου

2072 5117 2235 5170 πάλιν
2258 5134 2270 5146 ·
2306 5116 2497 5181 Κύνες
2526 5113 2679 5169 ἐνεοῖ
2716 5113 2787 5167 οὐ
2841 5111 3160 5181 δυνάμενοι
3196 5109 3503 5166 ὑλακτεῖν·
3560 5113 3658 5165 καὶ

2071 5227 2305 5298 ἀλλαχοῦ
2330 5227 2357 5266 δ
2406 5226 2566 5281 πάλιν
2625 5224 2915 5288 ἀλώπεκας
2972 5223 3265 5286 καλοῦντος
3290 5264 3304 5287 ,
3348 5223 3442 5276 καὶ
3489 5221 3657 5275 ἄλλου

2070 5337 2366 5408 δράκοντας
2399 5337 2491 5388 καὶ
2520 5331 3087 5405 βασιλίσκους.Πολλῷ
3114 5332 3169 5384 δὲ
3195 5332 3371 5402 χεῖρον
3399 5330 3456 5381 ὲν
3480 5330 3659 5402 ταύτῃ

2069 5448 2227 5510 ὄντας
2253 5449 2319 5518 τῇ
2352 5447 2465 5518 ζωῇ
2495 5441 2897 5514 ὲκθηριοῦσθαι,
2931 5442 2964 5513 ἢ
3014 5442 3081 5495 τά
3113 5440 3207 5495 τοῦ
3253 5439 3654 5513 Ναϐουχοδονό-

2132 5681 2157 5709 ⁸
2183 5675 2501 5727 Scribendum
2522 5671 2734 5722 fortassis
2753 5673 3015 5733 δεσμώτην.

2136 5742 2161 5780 b
2187 5741 2391 5792 Videtur
2424 5735 2690 5801 legendum
2715 5734 2879 5783 ἄλλον.

3506 301 3621 357 218
3698 322 3699 327 ‘
