3724 6272
45 314 122 372 ιιι
1443 294 1507 349 IN
1548 291 1913 348 DANIEIJEM.

51 426 539 489 Nabuchodonosor;
562 434 613 478 et
630 432 682 477 tu
702 420 959 484 Baltasar,
983 416 1341 487 conjecturam
1358 412 1462 475 die,
1480 412 1601 481 quia

51 536 195 579 mea
219 520 503 589 sapientes
526 517 673 585 regni
712 514 813 568 mei
841 526 945 567 non
986 517 1210 581 possunt
1245 506 1604 575 conjecturam

48 612 420 683 assdeclarare
448 607 682 664 mihi.’l‘u
703 613 877 660 autem
902 613 1074 673 potes,
1102 600 1223 671 quia
1251 598 1478 668 Spiritus
1506 596 1600 649 Dei

45 717 223 761 sanctus
246 705 305 758 in
337 712 388 758 te
420 701 642 756 habitat.
670 699 802 766 Quia
823 709 1011 751 omnes
1039 693 1307 763 sapientes
1332 690 1480 760 regni
1502 688 1607 743 mei

43 814 122 851 non
151 807 406 864 possunt.
452 811 471 844 ι
517 790 750 845 Noverat
771 787 824 843 id
853 788 1044 841 iterum
1085 784 1266 837 laititia
1297 780 1606 836 atIecturum

44 887 292 943 Danielem
321 902 337 951 ;
372 897 561 938 omnes
587 880 792 936 scilicet
834 877 1078 933 conﬁteri
1125 890 1185 930 se
1212 875 1381 927 victos
1423 871 1605 934 fuisse,

42 995 123 1034 non
152 986 381 1046 propter
404 974 629 1045 gloriam
656 984 827 1033 suam,
845 967 939 1023 sed
970 966 1135 1020 utDei
1162 972 1397 1034 potestas
1426 975 1611 1016 rursus

43 1068 429 1139 praedicaretur.
477 1062 559 1117 Tu
600 1072 783 1125 autem,
832 1057 1023 1128 inquit,
1057 1066 1217 1125 potes,
1246 1054 1344 1107 dic.
1388 1053 1500 1118 Qua
1542 1051 1611 1106 de

42 1161 210 1217 causa?
244 1160 392 1227 Quia
438 1157 665 1227 Spiritus
708 1153 803 1207 Dei
844 1153 896 1205 in
922 1160 970 1205 te
994 1160 1085 1204 est.
1116 1148 1246 1203 Vide
1296 1149 1419 1202 hinc
1460 1146 1609 1201 illum

40 1256 277 1322 incipere,
309 1259 367 1306 et
398 1249 471 1303 ibi
498 1246 764 1303 desinere.
809 1244 897 1298 17.
932 1259 951 1292 ι
985 1240 1180 1305 Arbor,
1207 1252 1364 1309 quam
1408 1236 1605 1300 vidisti,

40 1347 109 1398 illa
148 1340 498 1412 magniﬁcam
543 1346 598 1393 et
631 1334 994 1399 corroborata,
1024 1330 1179 1400 cujus
1218 1327 1440 1383 altitudo
1483 1341 1608 1396 per-

38 1436 162 1491 venit
198 1434 255 1488 in
296 1432 511 1495 czelum,
543 1438 597 1484 et
629 1427 797 1482 moles
825 1425 941 1496 ejus
966 1424 1018 1478 in
1047 1423 1347 1477 universam
1378 1429 1606 1475 terram:

38 1530 109 1583 18.
134 1536 186 1581 et
229 1524 365 1579 folia
408 1522 527 1591 ejus
564 1517 841 1582 ﬂorentia,
886 1523 941 1571 et
984 1516 1186 1569 fructus
1226 1513 1342 1583 ejus
1385 1511 1606 1574 multus,

36 1632 211 1673 etesca
238 1614 499 1671 omnibus
526 1612 578 1667 in
599 1626 661 1666 ea
690 1627 704 1663 :
734 1608 919 1663 subter
948 1622 1064 1661 eam
1094 1605 1405 1660 habitabant
1425 1604 1610 1659 bestia:

34 1718 281 1779 agrestes,
308 1716 365 1761 et
396 1706 449 1759 in
473 1703 639 1758 ramis
665 1701 780 1771 ejus
806 1698 1070 1769 degebant
1090 1697 1330 1751 volucres
1354 1694 1490 1759 caeli,
1520 1694 1606 1749 19.

37 1811 83 1854 ιιι
120 1816 197 1864 es,
230 1814 265 1851 ο
294 1810 429 1860 rex;
472 1794 595 1864 quia
636 1788 1001 1861 magniﬁcatus
1041 1803 1100 1841 es
1139 1796 1193 1841 et
1241 1785 1529 1850 invaluisti,
1557 1792 1612 1839 et

37 1889 336 1961 magnitudo
366 1898 456 1942 tua
497 1883 831 1955 magniﬁcata
861 1888 964 1945 est,
1001 1878 1054 1935 et
1080 1878 1326 1949 pervenit
1350 1892 1515 1945 usque
1557 1875 1610 1929 in

36 1984 231 2045 crlum,
265 1989 324 2034 et
350 1975 649 2032 dominatio
692 1982 780 2028 tua
824 1972 877 2027 in
914 1971 1171 2026 terminos
1213 1978 1390 2023 terrae.
1419 1967 1509 2022 20.
1543 1965 1613 2020 Et

34 2074 162 2144 quod
192 2073 329 2126 vidit
357 2086 453 2126 rex
497 2070 566 2137 Ir,
592 2077 649 2124 et
674 2077 916 2123 sanctum
942 2064 1352 2120 descendentem
1382 2078 1414 2118 e
1439 2062 1607 2127 cailo;

30 2175 82 2220 et
105 2165 277 2218 dixit:
308 2160 539 2233 Evellite
562 2160 833 2221 arborem,
860 2165 915 2212 et
941 2156 1162 2212 evertite
1188 2156 1329 2210 illam
1358 2170 1373 2209 ε
1400 2169 1611 2209 verum—

39 2264 199 2308 tamen
245 2266 473 2322 germen
522 2250 760 2305 radicum
801 2247 917 2317 ejus
959 2247 1011 2301 in
1054 2254 1197 2301 terra
1241 2246 1419 2310 sinite,
1463 2252 1520 2299 et
1559 2244 1610 2298 in

40 2346 238 2400 vinculo
270 2344 451 2398 ferreo
477 2351 533 2397 et
556 2356 717 2406 aereo,
746 2348 803 2397 et
839 2340 892 2394 in
924 2338 1088 2394 herba
1116 2352 1234 2408 quae
1276 2336 1405 2391 foris
1432 2345 1534 2401 est,
1561 2343 1615 2390 et

40 2438 83 2489 in
125 2450 247 2489 ron:
278 2434 400 2488 cali
441 2432 811 2497 stabulabitur,
838 2441 894 2486 et
931 2445 1051 2486 cum
1095 2429 1277 2485 bestiis
1318 2428 1613 2500 agrestibus

41 2544 147 2597 pars
190 2527 334 2597 ejus,
386 2526 560 2581 donec
609 2535 811 2595 septem
859 2533 1096 2593 tempora
1134 2532 1404 2577 mutentur
1455 2536 1615 2592 super

39 2635 172 2673 eum:
193 2617 291 2672 2t.
321 2617 429 2672 hoc
456 2626 539 2672 est
565 2616 870 2686 conjectura
898 2614 1033 2685 ejus,
1063 2628 1097 2668 o
1125 2627 1241 2678 rex,
1272 2620 1325 2667 et
1349 2613 1612 2667 sententia

40 2709 283 2763 Altissimi
327 2716 439 2772 est,
480 2722 598 2777 qum
645 2705 887 2777 pervenit
930 2719 1091 2774 super
1118 2703 1391 2758 dominum
1436 2718 1613 2757 meum

40 2814 203 2868 regem
239 2798 384 2852 :22.
432 2808 489 2853 et
526 2807 579 2853 te
614 2796 881 2866 expellcnt
920 2796 989 2850 ab
1034 2794 1370 2862 hominibus,
1398 2802 1454 2848 et
1494 2809 1613 2848 cum

38 2892 211 2947 bestiis
236 2892 345 2946 erit
378 2890 637 2945 habitatio
668 2899 791 2955 tua;
839 2900 892 2944 et
920 2888 1064 2944 freno
1090 2896 1149 2943 ut
1173 2887 1362 2943 bovem
1399 2892 1617 2956 pasceut

37 2994 98 3043 te.
132 2993 191 3037 et
228 3000 261 3036 a
305 2998 437 3038 rore
464 2983 580 3036 εωιί
609 2982 839 3052 tiugetur
874 2995 1070 3050 corpus
1116 2988 1285 3043 tuum,
1316 2988 1371 3034 et
1411 2986 1614 3048 septem

36 3086 269 3145 tempora
310 3077 665 3130 mutabuntur
689 3089 848 3144 super
870 3084 941 3139 te,
969 3073 1142 3129 donec
1168 3074 1306 3128 scias
1330 3071 1473 3142 quod
1516 3071 1615 3125 do-

37 3168 262 3219 minatur
283 3165 598 3218 Altissimus
627 3165 681 3218 in
708 3180 926 3235 regnum
950 3163 1243 3227 hominum,
1270 3174 1323 3219 et
1341 3164 1427 3218 cui
1447 3164 1618 3217 visum

38 3256 190 3311 fuerit
214 3256 376 3310 dabit
405 3256 557 3309 illud.
600 3255 690 3311 25.
734 3256 804 3311 Et
839 3256 963 3326 quia
998 3255 1174 3311 dixit:
1204 3255 1373 3312 Sinite
1401 3270 1619 3326 germen

40 3348 267 3403 radicum
290 3348 513 3402 arboris
544 3365 556 3399 :
589 3363 809 3419 regnum
838 3357 983 3402 tuum
1014 3348 1109 3403 tibi
1139 3349 1395 3415 manebit,
1426 3364 1493 3404 ex
1516 3364 1621 3418 quo

39 3440 357 3507 cognoveris
408 3448 724 3507 potestatem
754 3439 1041 3495 caalestem.
1078 3458 1097 3491 ι
1129 3441 1265 3506 Quid
1310 3440 1468 3509 igitur
1512 3441 1621 3494 ait?

39 3546 137 3598 quo
166 3541 326 3599 pacto
348 3531 668 3585 calamitatis
691 3531 884 3587 solutio
904 3533 1211 3602 continget?
1233 3532 1322 3590 24.
1353 3552 1370 3583 ι
1402 3533 1623 3602 l’mpter

41 3618 156 3684 hoc,
188 3637 305 3683 rex,
340 3621 625 3675 consilium
653 3636 831 3677 meum
875 3623 1081 3693 placeat
1131 3623 1259 3688 tibi;
1308 3634 1361 3679 et
1406 3635 1621 3694 peccata

40 3722 121 3764 tua
159 3714 213 3766 in
243 3713 609 3783 eleemosynis
637 3714 859 3779 redime,
886 3724 939 3768 et
964 3714 1267 3784 iniquitates
1294 3724 1410 3769 tuas
1439 3717 1489 3769 in
1520 3716 1621 3770 mi-

40 3802 401 3856 serationibus
428 3817 717 3871 pauperum
737 3802 834 3875 (a).
852 3804 1095 3859 Forsitan
1125 3807 1227 3860 erit
1254 3807 1625 3877 longanimitas

41 3893 247 3947 delictis
278 3893 411 3946 tuis.
456 3911 474 3943 ι
501 3892 636 3960 Quid
675 3895 777 3961 ais,
805 3893 1048 3949 Forsitan
1082 3896 1219 3950 erit?
1264 3908 1318 3951 et
1348 3898 1625 3953 medicinae

45 3986 136 4037 vim
174 3986 279 4039 sub
304 3984 528 4039 dubium
564 3986 827 4055 quoddam
857 3989 1173 4061 constituis?
1201 3989 1314 4043 Non
1347 4000 1624 4061 pr0pterca

37 4078 165 4143 dixi,
198 4076 469 4139 Forsitan.
504 4092 677 4146 neque
703 4078 971 4147 dubitans,
1000 4079 1157 4148 absit,
1189 4080 1284 4137 sed
1310 4082 1384 4136 illi
1428 4094 1624 4137 metum

37 4172 283 4223 incutere
314 4168 521 4233 volens,
554 4184 617 4223 ac
645 4169 688 4224 si
717 4183 873 4239 supra
896 4186 1107 4226 omnem
1138 4173 1397 4228 medelam
1425 4185 1479 4230 et
1508 4191 1625 4229 0m-

38 4276 158 4315 nem
200 4259 418 4335 veniam
463 4270 754 4329 peccasset.
780 4262 910 4317 Nam
947 4263 993 4318 si
1020 4264 1181 4334 etiam
1218 4275 1495 4335 postquam
1528 4268 1628 4320 hoc

43 4350 114 4401 illi
140 4332 353 4404 dictum
384 4349 505 4417 fuit,
533 4351 584 4404 in
616 4351 817 4405 insania
861 4361 1038 4408 tamen
1074 4332 1373 4424 permansit
1405 4373 1417 4409 :
1462 4358 1629 4411 multo

42 4441 208 4508 magis
244 4440 291 4494 si
324 4440 530 4509 absque
556 4440 897 4509 ambiguitate
944 4458 1122 4498 sermo
1172 4445 1373 4500 luisset.
1418 4445 1626 4500 Etenim

45 4527 95 4581 id
120 4544 338 4598 quoque
370 4528 494 4583 alibi
521 4529 634 4583 vult
669 4530 831 4596 Deus,
852 4545 971 4585 cum
1000 4548 1095 4601 per
1121 4533 1432 4603 prophetam
1459 4535 1625 4591 dicit:

44 4620 104 4674 Si
123 4622 309 4674 laseris
341 4621 392 4673 in
426 4621 579 4687 nitro,
599 4622 849 4675 maculata
869 4639 919 4676 es
936 4639 1104 4678 coram
1128 4640 1224 4691 me,
1244 4625 1363 4679 dicit
1382 4626 1629 4683 Dominus

45 4712 174 4779 (Jrr.
207 4712 263 4767 2.
297 4712 415 4783 εξ).
453 4713 517 4766 Ει
544 4713 730 4767 iterum
760 4730 773 4767 :
808 4715 871 4769 Si
907 4716 1115 4769 mutabit
1145 4715 1389 4787 Ethiops
1428 4720 1627 4788 pellem,

43 4813 88 4855 et
105 4803 306 4871 pardus
338 4805 602 4857 varietates
626 4819 746 4858 suas
784 4804 917 4871 (Jer.
949 4807 1034 4860 l3.
1060 4805 1181 4874 ‘23).
1201 4806 1352 4862 Sicut
1382 4809 1539 4878 igitur
1561 4810 1628 4864 ibi

42 4895 279 4949 excludit
306 4895 697 4963 pcenitentiam,
729 4911 834 4950 non
881 4906 938 4951 ut
965 4898 1230 4964 excludat,
1253 4898 1345 4953 sed
1377 4910 1432 4953 nt
1462 4900 1630 4970 magis

41 4984 291 5041 homines
320 4995 516 5040 terreat
543 5003 556 5040 :
591 4986 659 5041 ita
686 4995 741 5042 et
784 4986 871 5042 hic
897 4989 1080 5043 volens
1107 4989 1389 5045 ostendere
1421 4992 1627 5061 magni-

41 5078 285 5132 tudinem
334 5092 520 5132 eorum
551 5092 669 5149 quae
700 5088 1033 5149 peccaverat,
1076 5080 1238 5147 dixit,
1269 5080 1508 5135 Forsitan
1531 5082 1627 5154 (b).

94 5228 173 5289 (α)
213 5228 447 5275 Memoria
484 5227 662 5292 labitur
683 5236 853 5279 Noster
875 5231 1075 5280 Humilia
1099 5234 1146 5281 in
1171 5232 1404 5281 Psalmum
1426 5234 1487 5284 95
1506 5273 1518 5292 ,
1545 5235 1628 5283 ubi

36 5290 415 5360 ξιξειιιιηιιειω
437 5290 494 5337 ad
518 5289 803 5340 Baltasarem
827 5292 954 5341 dicta
978 5295 1176 5360 profert.
1197 5301 1416 5343 tiri-orem
1440 5289 1632 5360 taurinis

28 5345 373 5420 Ehrysostomi
408 5360 647 5420 sequutus
669 5359 763 5420 est
797 5345 1007 5420 Joannes
1045 5357 1287 5417 Jejunator
1327 5357 1521 5405 Homilia
1566 5358 1631 5420 de

30 5406 367 5477 Elephantia,
410 5406 711 5477 Continentia
745 5421 804 5477 _et
827 5406 1144 5477 Virginitaté,
1185 5431 1277 5466 nec
1316 5431 1408 5466 non
1444 5418 1629 5467 Gabriel

30 5470 721 5546 Philadelphlaemetropolita
744 5473 829 5525 lib.
856 5470 971 5546 hac
994 5470 1325 5546 sacramentis.
1363 5478 1493 5546 Ante
1526 5494 1630 5546 orn-

32 5546 115 5605 nes
136 5537 281 5605 idem
314 5537 580 5605 scripserat
601 5539 835 5605 Origenes
854 5538 901 5586 in
926 5540 1085 5605 Matth.
1111 5539 1171 5588 26
1189 5578 1200 5599 ,
1225 5543 1274 5599 6,
1301 5548 1397 5605 etc.
1423 5540 1630 5605 (Homi-

35 5595 323 5665 tiamjttam
346 5596 399 5644 in
419 5595 665 5665 Paulinum
684 5595 751 5649 95
772 5612 863 5649 non
881 5612 983 5651 esse
1006 5595 1323 5665 Chrysos‘tomi
1347 5595 1558 5652 diafinms
1581 5603 1630 5653 in

34 5658 213 5707 lenito
232 5658 306 5706 ad
325 5659 591 5720 eamdem.)

91 5720 167 5783 (ti)
206 5725 381 5784 Longe
420 5718 663 5772 aliter'de
701 5722 904 5773 Danielis
932 5723 1094 5774 verbis
1127 5726 1278 5776 sensit
1310 5733 1353 5773 s.
1392 5725 1631 5777 Salvianus

3189 283 3297 339 218

1716 407 1885 474 Quam
1914 413 2090 459 autem
2129 402 2200 457 ob
2228 416 2441 457 causam
2483 415 2588 456 non
2615 401 2748 456 dixit
2779 420 2791 453 :
2826 400 3104 460 llumiliter
3134 400 3202 456 de
3246 412 3297 455 te.

1710 497 1886 560 senti;
1920 496 2085 550 Deum
2121 494 2388 565 agnosce?
2413 492 2546 547 Nam
2574 494 2621 548 si
2669 500 2883 563 prOpter
2909 492 3012 548 hoc
3054 494 3153 548 ista
3200 508 3295 563 pa-

1712 588 1859 652 titur,
1886 596 2018 642 utet
2047 586 2161 656 ipse
2190 586 2285 652 ait,
2327 599 2491 654 quare
2519 584 2620 638 alia
2649 584 2988 638 adhortaris?
3035 584 3196 650 Dixit,
3231 584 3298 640 L’t

1710 686 2015 750 cognoscant
2033 677 2168 748 quod
2197 676 2488 730 dominatur
2507 674 2793 728 Altissimus
2822 675 2873 728 in
2902 691 3110 745 regnum
3136 676 3301 730 hami-

1712 786 1853 823 num.
1882 768 2016 835 Quid
2063 768 2230 838 ergo?
2274 777 2335 821 ιιι
2376 766 2464 820 alii
2506 766 2879 833 emendentur,
2926 781 3025 836 ego
3072 768 3301 835 punior?

1713 860 1872 915 Nullo
1900 859 2060 915 modo
2095 878 2107 914 :
2138 859 2232 915 sed
2262 859 2315 912 in
2360 861 2569 912 somnio
2593 856 2828 927 quidem,
2859 873 2981 912 cum
3010 873 3115 912 non
3143 859 3303 915 vellet

1712 960 1899 1021 aperte
1926 967 2038 1006 rem
2069 950 2376 1017 ostendere,
2406 950 2577 1004 dixit:
2613 948 2680 1005 Ut
2707 960 3013 1021 cognoscant
3049 952 3262 1006 viventes
3281 966 3303 1008 :

1715 1042 1898 1097 Daniel
1928 1050 2105 1097 autem
2130 1042 2241 1096 ait:
2278 1039 2447 1095 Donec
2486 1051 2539 1094 tu
2573 1057 2869 1111 cognoscas,
2902 1042 3037 1111 quod
3065 1042 3305 1096 domina-

1715 1146 1797 1212 tur
1828 1136 2117 1191 Altissimus
2142 1136 2196 1189 in
2219 1151 2429 1205 regnum
2454 1134 2737 1199 hominum,
2766 1143 2815 1189 et
2844 1135 2930 1189 cui
2960 1135 3123 1189 visum
3151 1136 3303 1207 fuerit

1714 1226 1852 1281 dabit
1892 1226 2043 1281 illud.
2069 1224 2229 1281 Vides
2261 1224 2530 1295 quomodo
2559 1224 2644 1279 hic
2680 1224 2749 1280 de
2788 1224 3093 1281 humilitate
3118 1226 3297 1281 disse-

1712 1318 1923 1373 ruerit?
1970 1319 2041 1372 At
2068 1316 2121 1372 in
2158 1315 2366 1371 somnio
2388 1315 2625 1385 quidem,
2658 1315 2846 1385 inquit,
2876 1316 2979 1371 hoc
3003 1318 3297 1372 remedium

1713 1410 1913 1466 dictum
1941 1419 2025 1465 est
2057 1427 2070 1464 :
2112 1423 2210 1479 ego
2250 1418 2427 1463 autem
2475 1416 2529 1463 et
2555 1407 2698 1462 aliud
2722 1406 2905 1462 adero.
2934 1408 3297 1475 Quemadmo-

1714 1501 1840 1557 dum
1866 1500 2081 1571 quando
2107 1501 2272 1554 iratus
2296 1509 2378 1554 est
2407 1500 2767 1570 magistratus,
2808 1514 2901 1569 pse
2928 1500 3141 1571 quidem
3172 1499 3303 1555 nihil

1712 1592 1936 1659 dixerit,
1968 1591 2306 1645 familiarium
2349 1598 2528 1645 autem
2585 1590 2729 1645 illius
2777 1591 2993 1661 quidam
3042 1592 3303 1648 accedens

1714 1683 1779 1738 ad
1805 1696 1956 1738 reum
2002 1681 2188 1737 dicet:
2236 1681 2349 1736 Hoc
2396 1680 2497 1747 fac,
2527 1690 2581 1735 et
2627 1679 2761 1746 hoc;
2813 1680 2879 1736 da
2930 1684 3203 1751 pecunias,
3249 1692 3304 1737 ct

1714 1789 1879 1845 saepe,
1912 1782 1972 1831 ιιι
1998 1774 2265 1845 possimus
2291 1772 2499 1842 eripere
2531 1779 2583 1827 te
2609 1772 2677 1826 ab
2716 1772 3147 1842 impendentibus
3188 1790 3301 1827 ma-

1714 1866 1798 1922 lis.
1828 1867 1919 1923 28.
1958 1885 1977 1919 ι
2023 1865 2156 1921 Cum
2187 1864 2361 1921 adhuc
2409 1879 2587 1919 sermo
2627 1873 2770 1918 esset
2798 1865 2851 1918 in
2881 1878 2976 1919 ore
3005 1865 3164 1935 regis,
3199 1880 3301 1920 vox

1714 1959 1783 2015 de
1806 1960 1942 2014 caelo
1967 1958 2105 2013 facta
2127 1966 2241 2012 est:
2272 1956 2389 2011 Tibi
2417 1956 2631 2021 dicitur,
2655 1954 3147 2012 Nabuchodonosor
3171 1973 3298 2012 rex:

1715 2064 1937 2121 regnum
1977 2057 2125 2102 tuum
2170 2046 2381 2101 transiit
2404 2061 2433 2099 a
2464 2056 2536 2112 te,
2574 2047 2664 2102 29.
2697 2054 2749 2101 et
2780 2046 2847 2101 ab
2879 2046 3183 2102 hominibus
3208 2061 3302 2102 ex-

1719 2143 1916 2213 pellent
1952 2151 2023 2206 te,
2053 2150 2107 2195 et
2135 2155 2253 2193 eum
2280 2140 2464 2194 bestiis
2506 2140 2606 2193 erit
2634 2138 2889 2194 habitatio
2921 2149 3029 2205 tua,
3062 2149 3116 2195 et
3153 2138 3303 2195 [ωηο

1718 2244 1778 2289 ιιι
1804 2234 1996 2289 bovem
2021 2232 2272 2289 cibabuut
2303 2239 2354 2287 te
2385 2249 2399 2285 :
2429 2239 2483 2285 et
2505 2240 2711 2301 septem
2743 2238 2984 2301 tempora
3017 2231 3303 2286 mutabun-

1718 2334 1803 2380 tur
1828 2339 1991 2394 super
2020 2332 2092 2391 te,
2124 2322 2295 2377 donec
2321 2334 2613 2392 cognoscas
2644 2319 2769 2390 quia
2812 2319 3117 2375 dominatur
3142 2320 3305 2375 Altis-

1718 2417 1886 2471 simus
1909 2430 2075 2485 regno
2107 2414 2399 2479 hominum,
2418 2422 2473 2468 et
2499 2412 2585 2467 cui
2605 2412 2775 2470 visum
2802 2410 2965 2467 fuerit
2986 2411 3133 2467 dabit
3153 2411 3302 2466 illud.

1720 2594 1804 2645 lib.
1828 2595 1982 2656 primo
2002 2592 2062 2642 ad
2086 2590 2341 2656 Ecclesiam
2364 2588 2693 2656 Catholicam:
2711 2588 2991 2656 Hocipstmt
3015 2586 3143 2654 quod
3167 2588 3304 2656 dicit,

1720 2648 1945 2722 Forsitan,
1971 2667 2104 2714 spem
2128 2652 2443 2722 indicat,ann
2473 2650 2706 2722 ﬁduciam
2729 2648 3098 2722 pollicetur.
3120 2664 3212 2714 quo

1724 2718 1875 2783 teltigi
1892 2712 2059 2783 potest,
2082 2728 2228 2783 quam
2258 2712 2574 2783 difﬁcitejant
2590 2714 2641 2783 in
2662 2712 3063 2783 mpremispositi
3084 2712 3305 2775 peccato-

1722 2791 1799 2841 res
1821 2773 2027 2841 qualibet
2046 2773 2376 2841 muniﬁcentia
2405 2773 2470 2841 ad
2495 2773 2755 2841 perfectam
2776 2773 3123 2841 indulgemiam
3142 2788 3307 2841 perre-

1719 2839 1825 2909 m're
2038 2850 2054 2898 ;
2069 2834 2262 2909 quando
2278 2834 2509 2909 propheta
2520 2834 2626 2909 ipse
2643 2836 2724 2897 qui
2740 2834 3309 2909 suadet‘propit‘iationem

1722 2900 1814 2950 Dei
1833 2900 2491 2963 inquirendam,gpromz_ttere
2513 2904 2673 2947 tamen
2707 2910 2801 2946 non
2835 2910 2981 2963 aristis
3019 2904 3088 2963 est
3122 2910 3308 2963 prome-

1721 2958 1943 3011 rendam.
1966 2968 2056 3011 Dat
2075 2958 2324 3010 consilium
2343 2961 2404 3009 de
2424 2965 2552 3021 actu,
2577 2966 2622 3009 et
2646 2965 2802 3009 tamen
2828 2958 3093 3021 dubitatde
3114 2958 3311 3021 effectu:

1721 3022 2011 3084 hortatorem
2027 3035 2077 3072 se
2095 3021 2267 3084 agendi
2274 3056 2301 3084 ,_
2312 3034 2402 3069 non
2425 3016 2715 3083 impetrandi
2731 3029 2973 3084 auctorem
2995 3016 3127 3084 facit.
3142 3016 3312 3084 bitere

1721 3083 1830 3135 ita?
1852 3085 1971 3151 quia
1999 3081 2160 3133 omnes
2197 3082 2377 3133 scilicet
2416 3081 2691 3151 peccatores
2729 3081 3026 3151 debent_pro
3063 3095 3114 3132 se
3150 3082 3224 3131 vel
3259 3083 3311 3132 in

1722 3145 1959 3210 supremas
1983 3151 2155 3210 cuncta
2178 3151 2393 3210 tentare,
2413 3145 2503 3193 etsi
2526 3157 2622 3210 non
2654 3151 2849 3210 possunt
2871 3145 2972 3193 ulla
2994 3157 3309 3210 praesumere.

1722 3204 1931 3270 Si'em'm
1954 3206 2057 3270 regi
2079 3206 2313 3270 propheta
2328 3204 2417 3270 ille
2441 3218 2528 3270 per
2550 3204 2701 3254 solam
2736 3205 2972 3270 bonorum
2986 3204 3309 3270 aperiuntur-

1722 3268 1918 3333 gitatem
1954 3264 2219 3336 absolutam
2250 3264 2734 3336 indulgentiamtnon.
2761 3265 2993 3336 promittit
3005 3264 3025 3321 .’
3044 3265 3313 3336 intelligere

1724 3336 1946 3393 peccator
1975 3343 2069 3393 non
2098 3335 2207 3379 acta
2240 3341 2461 3393 errorum
2492 3333 2766 3393 pgenitentia
2798 3334 2971 3390 potest,
2998 3333 3246 3393 quantaei
3264 3334 3313 3393 et

1725 3388 1869 3455 gnam
1891 3390 2031 3455 larga
2054 3390 2104 3455 in
2126 3388 2362 3453 supremis
2384 3388 2709 3455 munificentia
2740 3388 2859 3451 opus
2881 3396 2950 3439 est
2969 3424 2990 3455 ,Α
3008 3389 3089 3451 qui
3114 3389 3207 3439 butt
3228 3390 3312 3439 ob-

1724 3450 1878 3505 tinere
1900 3467 1932 3502 a
1956 3450 2157 3514 Domino
2183 3450 2281 3514 'per
2317 3464 2478 3514 seram
2513 3450 2804 3514 devotionem
2825 3488 2838 3509 ,
2863 3450 2990 3514 quod
3022 3450 3125 3514 non
3162 3458 3313 3513 potest

1727 3528 1966 3579 usurpare
1991 3526 2082 3579 per
2100 3511 2271 3579 legem.
2300 3513 2363 3561 At
2386 3511 2749 3579 Chrysostomus
2771 3513 2819 3560 in
2844 3513 3035 3574 scriptis
3056 3511 3312 3579 suis'sem-

1727 3590 1817 3639 per
1847 3572 1914 3625 'ad
1954 3572 2302 3637 indulgentiam
2341 3572 2625 3683 propensior
2660 3576 2850 3622 videtur
2876 3587 2888 3622 :
2917 3572 2978 3622 ex
3005 3588 3101 3636 quo
3132 3572 3313 3623 factum

1728 3646 1822 3683 est.
1846 3646 1901 3683 nt
1925 3639 2017 3683 iam
2049 3636 2163 3683 olim
2194 3638 2243 3683 in
2283 3649 2336 3683 ea
2360 3637 2567 3683 nmniatn
2608 3635 2861 3683 inciderit:
2886 3642 3036 3683 utnue
3059 3636 3119 3683 ab
3143 3636 3313 3683 obtre-

1728 3635 1822 3697 est,
1846 3646 1901 3688 ut
1920 3639 2017 3700 jam
2045 3635 2163 3700 rolim
2194 3638 2243 3684 in
2283 3635 2567 3700 calumniam
2608 3635 2861 3700 inciderit;
2886 3635 3036 3700 utque
3059 3636 3119 3700 ab
3143 3636 3314 3700 obtre-

1727 3696 1990 3748 ctatoribus
2010 3699 2256 3759 objectum
2280 3698 2369 3759 ipsi
2394 3699 2557 3757 fuerit,
2577 3697 2703 3759 quod
2726 3696 3052 3759 peccatoribus
3075 3696 3316 3759 licentiam

1729 3761 1870 3810 daret
1888 3796 1903 3821 ,
1929 3757 2144 3822 docendo
2160 3757 2229 3808 sic
2259 3771 2277 3809 :
2298 3757 2343 3807 Isi
2364 3760 2537 3822 iterum
2562 3757 2728 3822 pecces
2747 3797 2759 3814 ,
2785 3758 2957 3808 iterum
2990 3758 3317 3822 pwnitcrttumt

1728 3822 1857 3885 agito
1875 3819 1896 3883 ;’
1914 3828 1961 3872 ει
1981 3821 2160 3885 quoties
2178 3819 2452 3885 peccaveris
2472 3857 2484 3880 ,
2647 3819 2723 3885 ad
2735 3832 2811 3885 me
2832 3852 2847 3879 ,
2871 3826 2915 3869 et
2939 3819 3094 3885 egote
3115 3821 3313 3885 curabo.

1729 3880 1801 3933 It'a
1826 3880 2219 3947 iniqua'synodus
2241 3882 2363 3947 apud
2390 3883 2605 3947 Phpt‘ium
2622 3880 2935 3947 Bibliotheca
2958 3880 3001 3930 c.
3026 3883 3113 3947 ἓξὲξ,
3132 3884 3318 3947 quibus

1730 3896 1801 3933 tta
1826 3897 1988 3947 iniqua
2009 3896 2219 3945 synoaus
2241 3896 2363 3943 apun
2390 3896 2605 3931 vnonum
2631 3896 2935 3930 ninnotnecze
2958 3896 3001 3930 c.
3026 3896 3113 3939 ne,
3174 3896 3316 3931 unius

1730 3947 1863 4013 paria
1883 3953 2108 4013 socrates
2126 3945 2347 4013 ttistorite
2363 3939 2705 4013 ecclesiasticae
2730 3936 2813 3990 lib.
2837 3943 2887 4013 6,
2900 3956 3011 4013 cap.
3036 3943 3111 3991 19.
3132 3896 3316 3992 {lerunt

1729 4004 1771 4056 si
1814 4007 1925 4077 quis
1962 4006 2112 4076 divini
2159 4004 2377 4077 prtcsulis
2415 4004 2682 4077 doctrinam
2720 4015 2780 4077 ac
2817 4004 3113 4065 potissimum
3153 4019 3318 4054 mores

1732 4063 1935 4139 penitus
1966 4063 2207 4127 inspicere
2230 4063 2349 4139 velit
2368 4099 2383 4123 ,
2421 4078 2518 4139 non
2548 4065 2788 4139 dubitabit
2819 4063 3016 4139 mecum
3052 4078 3316 4139 asserere,

1731 4126 1866 4177 illum
1890 4136 1943 4178 ut
1966 4126 2083 4189 erga
2111 4138 2228 4174 vere
2251 4138 2308 4173 ac
2329 4126 2576 4189 humiliter
2600 4127 2895 4189 pmnitentes
2911 4128 3228 4185 mitissimum,
3252 4128 3318 4176 ita

1734 4192 1967 4240 adversus
1989 4188 2298 4237 centumaces
2318 4188 2684 4250 severissimum
2717 4188 2866 4250 fuisse
2904 4195 3053 4250 atque
3089 4196 3317 4237 constan-

1738 4254 1971 4301 tissimum
1990 4284 2004 4307 ,
2032 4261 2237 4310 eamque
2276 4248 2555 4311 adhibuisse
2591 4248 2901 4297 mwnomiam
2922 4283 2937 4307 ,
2961 4248 3057 4311 qua
3088 4263 3227 4299 usum
3261 4263 3319 4298 se

1736 4312 1885 4361 fuisse
1908 4308 2423 4374 beatissimusmartyr
2447 4308 2707 4374 Cyprianus
2742 4317 2950 4374 testatur
2972 4308 3021 4358 in
3045 4312 3276 4374 Εριδιηξξὸ
3302 4326 3314 4360 :

1734 4380 1855 4437 Opto
1870 4385 2030 4423 omnes
2052 4369 2387 4441 inAEcclcsianj
2406 4369 2623 4441 regredi,
2645 4377 2755 4441 opto
2774 4370 3016 4441 universos
3038 4369 3319 4441 ςόηιῃιὶιὶιο-

1733 4431 1817 4485 nes
1839 4441 2024 4485 nostros
2046 4433 2179 4482 intra
2200 4431 2375 4482 ("hriin
2398 4438 2559 4481 castra
2580 4439 2625 4482 et
2656 4431 2739 4482 Dei
2762 4431 2919 4482 Patris
2941 4432 3185 4484 domicilia
3202 4448 3319 4484 con-

1733 4495 1868 4563 cludi
1895 4509 1913 4546 :
1937 4493 2127 4563 remitto
2147 4492 2499 4563 omniatmulta
2530 4494 2780 4563 dissimulo
2800 4494 2978 4563 studi0_
2991 4502 3037 4545 et
3058 4502 3159 4545 (toto
3180 4494 3318 4546 colli-

1732 4559 1905 4619 genda:
1926 4555 2257 4619 fraternitatis;
2277 4555 2420 4619 etiam
2442 4569 2551 4619 quia
2567 4555 2618 4605 in
2640 4564 2789 4619 Deum
2806 4556 3055 4619 commissa
3076 4564 3203 4616 sunt,
3228 4570 3322 4608 non

1733 4616 1873 4683 pleno
1890 4617 2081 4683 judicio
2102 4616 2610 4683 religioniseafamino;
2628 4618 2817 4683 delictis
2840 4616 2948 4681 plus
2972 4632 3117 4681 quant
3138 4627 3321 4683 oportet

1734 4677 2035 4743 remittendis
2058 4692 2176 4742 pene
2195 4677 2300 4743 ipse
2322 4677 2567 4743 delinquo;
2590 4677 2850 4742 amplector
2870 4677 3089 4743 prompta
3110 4677 3323 4743 et'plena

1736 4742 1986 4803 dilectione
2009 4739 2117 4803 cum
2137 4739 2735 4803 prendentia__revcrtentes
2755 4776 2769 4800 ,
2794 4739 3043 4803 peccatum
3074 4739 3215 4791 suum
3236 4756 3320 4790 su-

1735 4802 1998 4865 tisfactione
2020 4800 2191 4865 humili
2214 4808 2259 4852 et
2282 4800 2491 4865 simplici
2514 4800 2803 4865 confitentes;
2824 4802 2873 4852 si
2896 4801 2980 4865 qui
3000 4810 3159 4865 autem
3180 4810 3289 4853 sunt
3302 4837 3320 4861 ,

1735 4860 1816 4928 qui
1838 4869 2005 4927 putant
2027 4877 2078 4913 se
2101 4860 2447 4928 adEcclesiam
2467 4876 2558 4911 non
2583 4860 2823 4928 precibus,
2848 4860 2934 4928 sed
2958 4862 3100 4915 minis
3124 4860 3321 4928 regredi

1734 4917 1871 4989 posse
1888 4960 1902 4985 ,
1926 4932 2007 4989 aut
2031 4923 2303 4989 emistimant
2326 4923 2511 4989 aditum
2534 4917 2593 4974 δέ
2606 4923 2697 4974 sibi
2719 4917 2819 4974 non
2842 4917 3253 4989 lamentationibus
3274 4934 3321 4977 et

1733 4985 2137 5050 satisfactionibtts
2157 5019 2172 5045 ,
2196 4987 2281 5036 sed
2305 4985 2569 5036 terroribus
2601 4989 2788 5050 facere,
2816 4999 2906 5050 pro
2928 4994 3060 5050 certo
3081 4988 3319 5049 habeant,

1736 5047 1912 5117 contra.
1937 5048 2056 5117 tales
2092 5048 2312 5117 clausam.
2335 5054 2464 5117 stare
2501 5047 2764 5117 Ecclesium
2804 5047 2994 5098 Domini
3013 5085 3026 5108 ,
3052 5063 3139 5117 nec
3162 5047 3323 5117 castra

1735 5109 1912 5162 Christi
1934 5109 2110 5160 invicta
2131 5116 2176 5159 et
2198 5109 2371 5172 fortia,
2410 5116 2458 5158 et
2494 5109 2696 5159 lioniino
2730 5117 2887 5160 tuente
2925 5113 3141 5171 munita,
3181 5112 3323 5165 minis

1736 5175 1906 5223 cedere
1926 5211 1940 5229 ,
1967 5179 2142 5243 etc._pt
2174 5179 2228 5243 ut
2247 5177 2342 5243 est,
2367 5174 2535 5243 negari
2557 5179 2698 5243 certe
2717 5174 2891 5243 nequit
2910 5211 2923 5230 ,
2948 5175 3066 5236 quin
3090 5176 3321 5243 tacititas,

1734 5248 1879 5343 gnam
1903 5232 2132 5283 nonnulla
2157 5235 2306 5295 patris
2329 5232 2465 5281 aurei
2505 5236 2655 5283 verba
2695 5232 2994 5296 1'srazferutit',
3018 5232 3323 5290 occasionem

1771 5298 1930 5343 ederit
1956 5296 2306 5343 posterioribus
2325 5296 2513 5343 Graecis.
2543 5294 2745 5343 multum
2768 5297 2833 5343 de
2857 5310 3110 5343 tia-narum
3132 5311 3159 5343 a
3182 5311 3323 5343 miuo-

1771 5298 1930 5345 ederit
1956 5294 2306 5357 posteridribus
2325 5296 2513 5355 Graecis,
2543 5294 2745 5344 multum
2768 5297 2833 5346 de
2857 5310 3110 5358 pmnarunt
3132 5311 3159 5345 a
3182 5311 3324 5347 cauo-

1736 5359 1881 5407 nilius
1918 5359 2253 5419 impositarum
2285 5358 2451 5419 rigore
2488 5358 2805 5419 remittendi;
2846 5366 2898 5407 ιιι
2944 5358 3119 5419 legere
3159 5368 3235 5409 est
3272 5360 3323 5408 in

1738 5432 1906 5468 eorum
1919 5416 2345 5482 ptianitentialibus
2366 5416 2503 5482 libris
2521 5456 2532 5477 ,
2558 5416 2891 5482 imprimisque
2913 5416 3107 5482 Joannis
3127 5427 3321 5480 .Iejuna-

1736 5483 1869 5529 toris.
1917 5480 2053 5529 Idem
2098 5482 2373 5542 generatim
2417 5481 2664 5529 observari
2720 5480 2873 5531 debet
2919 5480 2983 5529 de
3036 5482 3321 5542 quibusdam

1737 5551 1961 5591 veterum
1985 5550 2175 5604 patrum
2197 5542 2355 5600 dictis,
2372 5543 2498 5603 quod
2521 5555 2689 5591 eorum
2712 5550 2931 5591 mentem
2956 5555 3050 5591 non
3073 5543 3324 5605 assequuti

1736 5606 1833 5652 sint
1854 5607 2177 5661 recentiores,
2203 5604 2349 5652 etiam
2365 5605 2519 5667 latini
2539 5618 2552 5664 ;
2576 5616 2719 5667 quos,
2733 5605 2863 5667 inter
2885 5606 3119 5667 inventus
3141 5604 3325 5667 estqui

2080 5667 2332 5716 canonicas
2355 5664 2673 5727 (horrendum
2694 5665 2846 5727 dictu)
2884 5666 3213 5726 carnificinam
3243 5664 3330 5730 tip-

1738 5734 1959 5789 [.rtilal'el.
