  <div class='ocr_page' id='page_1' title='image "/cluster/home/n/w/nwhite01/storage/ocr_20150623/56/hvd.32044019304435/219.png"; bbox 0 0 3724 6272; ppageno 0'>
   <div class='ocr_carea' id='block_1_1' title="bbox 381 293 506 352">
    <p class='ocr_par' dir='ltr' id='par_1_1' title="bbox 381 293 506 352">
     <span class='ocr_line' id='line_1_1' title="bbox 381 293 506 352; baseline 0.008 -1"><span class='ocrx_word' id='word_1_1' title='bbox 381 293 506 352; x_wconf 60' lang='grc'><strong>⁸219</strong></span> 
     </span>
    </p>
   </div>
   <div class='ocr_carea' id='block_1_2' title="bbox 398 395 1979 470">
    <p class='ocr_par' dir='ltr' id='par_1_2' title="bbox 398 395 1979 470">
     <span class='ocr_line' id='line_1_2' title="bbox 398 395 1979 470; baseline -0.011 -7"><span class='ocrx_word' id='word_1_2' title='bbox 398 412 488 464; x_wconf 78' lang='lat'><strong>50.</strong></span> <span class='ocrx_word' id='word_1_3' title='bbox 541 407 737 463; x_wconf 81' lang='lat' dir='ltr'><strong>Eadem</strong></span> <span class='ocrx_word' id='word_1_4' title='bbox 786 406 915 460; x_wconf 89' lang='lat' dir='ltr'><strong>hora</strong></span> <span class='ocrx_word' id='word_1_5' title='bbox 963 418 1141 458; x_wconf 84' lang='lat' dir='ltr'><strong>sermo</strong></span> <span class='ocrx_word' id='word_1_6' title='bbox 1177 401 1475 470; x_wconf 89' lang='lat' dir='ltr'><strong>completus</strong></span> <span class='ocrx_word' id='word_1_7' title='bbox 1513 406 1594 452; x_wconf 88' lang='lat' dir='ltr'><strong>est</strong></span> <span class='ocrx_word' id='word_1_8' title='bbox 1616 412 1777 466; x_wconf 87' lang='lat' dir='ltr'><strong>super</strong></span> <span class='ocrx_word' id='word_1_9' title='bbox 1799 395 1979 449; x_wconf 85' lang='lat' dir='ltr'><strong>Nabu-</strong></span> 
     </span>
    </p>
   </div>
   <div class='ocr_carea' id='block_1_3' title="bbox 397 484 1983 558">
    <p class='ocr_par' dir='ltr' id='par_1_3' title="bbox 397 484 1983 558">
     <span class='ocr_line' id='line_1_3' title="bbox 397 484 1983 558; baseline -0.009 -6"><span class='ocrx_word' id='word_1_10' title='bbox 397 498 850 557; x_wconf 89' lang='lat' dir='ltr'><strong>chodonosorem,</strong></span> <span class='ocrx_word' id='word_1_11' title='bbox 881 502 937 550; x_wconf 91' lang='lat' dir='ltr'><strong>et</strong></span> <span class='ocrx_word' id='word_1_12' title='bbox 969 493 1036 548; x_wconf 89' lang='lat' dir='ltr'><strong>ab</strong></span> <span class='ocrx_word' id='word_1_13' title='bbox 1066 491 1367 546; x_wconf 85' lang='lat' dir='ltr'><strong>hominibus</strong></span> <span class='ocrx_word' id='word_1_14' title='bbox 1392 488 1645 558; x_wconf 85' lang='lat' dir='ltr'><strong>expulsus</strong></span> <span class='ocrx_word' id='word_1_15' title='bbox 1670 494 1770 552; x_wconf 91' lang='lat' dir='ltr'><strong>est,</strong></span> <span class='ocrx_word' id='word_1_16' title='bbox 1804 494 1857 540; x_wconf 91' lang='lat' dir='ltr'><strong>et</strong></span> <span class='ocrx_word' id='word_1_17' title='bbox 1885 484 1983 539; x_wconf 79' lang='lat' dir='ltr'><strong>fte-</strong></span> 
     </span>
    </p>
   </div>
   <div class='ocr_carea' id='block_1_4' title="bbox 400 576 1979 649">
    <p class='ocr_par' dir='ltr' id='par_1_4' title="bbox 400 576 1979 649">
     <span class='ocr_line' id='line_1_4' title="bbox 400 576 1979 649; baseline -0.008 -7"><span class='ocrx_word' id='word_1_18' title='bbox 400 604 529 642; x_wconf 89' lang='lat' dir='ltr'><strong>num</strong></span> <span class='ocrx_word' id='word_1_19' title='bbox 570 598 626 642; x_wconf 92' lang='lat' dir='ltr'><strong>ut</strong></span> <span class='ocrx_word' id='word_1_20' title='bbox 656 588 754 642; x_wconf 90' lang='lat' dir='ltr'><strong>bos</strong></span> <span class='ocrx_word' id='word_1_21' title='bbox 783 584 1035 649; x_wconf 99' lang='lat' dir='ltr'><strong>comedit,</strong></span> <span class='ocrx_word' id='word_1_22' title='bbox 1066 591 1120 637; x_wconf 91' lang='lat' dir='ltr'><strong>et</strong></span> <span class='ocrx_word' id='word_1_23' title='bbox 1145 597 1175 636; x_wconf 90' lang='lat' dir='ltr'><strong>a</strong></span> <span class='ocrx_word' id='word_1_24' title='bbox 1204 596 1324 635; x_wconf 91' lang='lat' dir='ltr'><strong>rore</strong></span> <span class='ocrx_word' id='word_1_25' title='bbox 1363 579 1479 634; x_wconf 68' lang='lat' dir='ltr'><strong>cadi</strong></span> <span class='ocrx_word' id='word_1_26' title='bbox 1507 593 1702 647; x_wconf 87' lang='lat' dir='ltr'><strong>corpus</strong></span> <span class='ocrx_word' id='word_1_27' title='bbox 1747 576 1864 646; x_wconf 82' lang='lat' dir='ltr'><strong>ejus</strong></span> <span class='ocrx_word' id='word_1_28' title='bbox 1895 577 1979 630; x_wconf 94' lang='lat' dir='ltr'><strong>in-</strong></span> 
     </span>
    </p>
   </div>
   <div class='ocr_carea' id='block_1_5' title="bbox 392 666 1981 744">
    <p class='ocr_par' dir='ltr' id='par_1_5' title="bbox 392 666 1981 744">
     <span class='ocr_line' id='line_1_5' title="bbox 392 666 1981 744; baseline -0.008 -11"><span class='ocrx_word' id='word_1_29' title='bbox 392 678 599 733; x_wconf 74' lang='lat' dir='ltr'><strong>iectum</strong></span> <span class='ocrx_word' id='word_1_30' title='bbox 627 687 731 744; x_wconf 91' lang='lat' dir='ltr'><strong>est,</strong></span> <span class='ocrx_word' id='word_1_31' title='bbox 759 676 930 730; x_wconf 90' lang='lat' dir='ltr'><strong>donec</strong></span> <span class='ocrx_word' id='word_1_32' title='bbox 968 673 1142 743; x_wconf 83' lang='lat' dir='ltr'><strong>capilli</strong></span> <span class='ocrx_word' id='word_1_33' title='bbox 1174 672 1289 741; x_wconf 87' lang='lat' dir='ltr'><strong>ejus</strong></span> <span class='ocrx_word' id='word_1_34' title='bbox 1314 681 1373 724; x_wconf 87' lang='lat' dir='ltr'><strong>ut</strong></span> <span class='ocrx_word' id='word_1_35' title='bbox 1396 670 1609 723; x_wconf 84' lang='lat' dir='ltr'><strong>leonum</strong></span> <span class='ocrx_word' id='word_1_36' title='bbox 1658 666 1750 738; x_wconf 83' lang='lat' dir='ltr'><strong>pili</strong></span> <span class='ocrx_word' id='word_1_37' title='bbox 1794 681 1981 721; x_wconf 89' lang='lat' dir='ltr'><strong>creve-</strong></span> 
     </span>
    </p>
   </div>
   <div class='ocr_carea' id='block_1_6' title="bbox 390 756 1985 834">
    <p class='ocr_par' dir='ltr' id='par_1_6' title="bbox 390 756 1985 834">
     <span class='ocr_line' id='line_1_6' title="bbox 390 756 1985 834; baseline -0.008 -12"><span class='ocrx_word' id='word_1_38' title='bbox 390 777 545 833; x_wconf 82' lang='lat' dir='ltr'><strong>runt,</strong></span> <span class='ocrx_word' id='word_1_39' title='bbox 575 776 630 822; x_wconf 92' lang='lat' dir='ltr'><strong>et</strong></span> <span class='ocrx_word' id='word_1_40' title='bbox 673 780 878 834; x_wconf 82' lang='lat' dir='ltr'><strong>ungues</strong></span> <span class='ocrx_word' id='word_1_41' title='bbox 913 764 1028 834; x_wconf 82' lang='lat' dir='ltr'><strong>ejus</strong></span> <span class='ocrx_word' id='word_1_42' title='bbox 1058 763 1223 817; x_wconf 90' lang='lat' dir='ltr'><strong>instar</strong></span> <span class='ocrx_word' id='word_1_43' title='bbox 1269 760 1523 829; x_wconf 89' lang='lat' dir='ltr'><strong>unguium</strong></span> <span class='ocrx_word' id='word_1_44' title='bbox 1568 758 1703 811; x_wconf 90' lang='lat' dir='ltr'><strong>avis.</strong></span> <span class='ocrx_word' id='word_1_45' title='bbox 1738 776 1759 808; x_wconf 75' lang='grc' dir='ltr'><strong><em>ι</em></strong></span> <span class='ocrx_word' id='word_1_46' title='bbox 1791 756 1985 826; x_wconf 82' lang='lat' dir='ltr'><strong>Aspice</strong></span> 
     </span>
    </p>
   </div>
   <div class='ocr_carea' id='block_1_7' title="bbox 398 846 1983 926">
    <p class='ocr_par' dir='ltr' id='par_1_7' title="bbox 398 846 1983 926">
     <span class='ocr_line' id='line_1_7' title="bbox 398 846 1983 926; baseline -0.009 -13"><span class='ocrx_word' id='word_1_47' title='bbox 398 858 718 913; x_wconf 87' lang='lat' dir='ltr'><strong>sententiam</strong></span> <span class='ocrx_word' id='word_1_48' title='bbox 750 860 867 926; x_wconf 65' lang='lat' dir='ltr'><strong>quae</strong></span> <span class='ocrx_word' id='word_1_49' title='bbox 892 854 1122 923; x_wconf 77' lang='lat' dir='ltr'><strong>desuper</strong></span> <span class='ocrx_word' id='word_1_50' title='bbox 1157 852 1322 907; x_wconf 90' lang='lat' dir='ltr'><strong>fertur</strong></span> <span class='ocrx_word' id='word_1_51' title='bbox 1343 850 1409 904; x_wconf 87' lang='lat' dir='ltr'><strong>ad</strong></span> <span class='ocrx_word' id='word_1_52' title='bbox 1435 851 1605 919; x_wconf 89' lang='lat' dir='ltr'><strong>ipsum</strong></span> <span class='ocrx_word' id='word_1_53' title='bbox 1633 846 1983 903; x_wconf 77' lang='lat' dir='ltr'><strong>Nabuchodo-</strong></span> 
     </span>
    </p>
   </div>
   <div class='ocr_carea' id='block_1_8' title="bbox 400 939 1979 1010">
    <p class='ocr_par' dir='ltr' id='par_1_8' title="bbox 400 939 1979 1010">
     <span class='ocr_line' id='line_1_8' title="bbox 400 939 1979 1010; baseline -0.009 -4"><span class='ocrx_word' id='word_1_54' title='bbox 400 965 672 1006; x_wconf 88' lang='lat' dir='ltr'><strong>nosorem.</strong></span> <span class='ocrx_word' id='word_1_55' title='bbox 700 949 765 1003; x_wconf 87' lang='lat' dir='ltr'><strong>Et</strong></span> <span class='ocrx_word' id='word_1_56' title='bbox 785 948 848 1001; x_wconf 90' lang='lat' dir='ltr'><strong>ad</strong></span> <span class='ocrx_word' id='word_1_57' title='bbox 878 946 1037 1001; x_wconf 86' lang='lat' dir='ltr'><strong>linem</strong></span> <span class='ocrx_word' id='word_1_58' title='bbox 1067 944 1329 1001; x_wconf 83' lang='lat' dir='ltr'><strong>devenere</strong></span> <span class='ocrx_word' id='word_1_59' title='bbox 1360 957 1465 997; x_wconf 91' lang='lat' dir='ltr'><strong>res.</strong></span> <span class='ocrx_word' id='word_1_60' title='bbox 1485 940 1764 1010; x_wconf 85' lang='lat' dir='ltr'><strong>lgnorasti,</strong></span> <span class='ocrx_word' id='word_1_61' title='bbox 1790 939 1979 1009; x_wconf 90' lang='lat' dir='ltr'><strong>inquit,</strong></span> 
     </span>
    </p>
   </div>
   <div class='ocr_carea' id='block_1_9' title="bbox 400 1032 1983 1103">
    <p class='ocr_par' dir='ltr' id='par_1_9' title="bbox 400 1032 1983 1103">
     <span class='ocr_line' id='line_1_9' title="bbox 400 1032 1983 1103; baseline -0.008 -7"><span class='ocrx_word' id='word_1_62' title='bbox 400 1040 691 1096; x_wconf 83' lang='lat' dir='ltr'><strong>humanam</strong></span> <span class='ocrx_word' id='word_1_63' title='bbox 747 1040 1095 1103; x_wconf 77' lang='lat' dir='ltr'><strong>nobilitatem,</strong></span> <span class='ocrx_word' id='word_1_64' title='bbox 1145 1037 1195 1091; x_wconf 93' lang='lat' dir='ltr'><strong>in</strong></span> <span class='ocrx_word' id='word_1_65' title='bbox 1250 1036 1542 1090; x_wconf 82' lang='lat' dir='ltr'><strong>bestiarum</strong></span> <span class='ocrx_word' id='word_1_66' title='bbox 1599 1032 1983 1103; x_wconf 76' lang='lat' dir='ltr'><strong>ignobilitatem</strong></span> 
     </span>
    </p>
   </div>
   <div class='ocr_carea' id='block_1_10' title="bbox 402 1124 1979 1200">
    <p class='ocr_par' dir='ltr' id='par_1_10' title="bbox 402 1124 1979 1200">
     <span class='ocr_line' id='line_1_10' title="bbox 402 1124 1979 1200; baseline -0.009 -12"><span class='ocrx_word' id='word_1_67' title='bbox 402 1132 666 1189; x_wconf 85' lang='lat' dir='ltr'><strong>decidisti.</strong></span> <span class='ocrx_word' id='word_1_68' title='bbox 714 1131 854 1185; x_wconf 86' lang='lat' dir='ltr'><strong>Nihil</strong></span> <span class='ocrx_word' id='word_1_69' title='bbox 896 1129 1300 1200; x_wconf 86' lang='lat' dir='ltr'><strong>ignoniiniosius</strong></span> <span class='ocrx_word' id='word_1_70' title='bbox 1343 1128 1443 1182; x_wconf 91' lang='lat' dir='ltr'><strong>ista</strong></span> <span class='ocrx_word' id='word_1_71' title='bbox 1497 1140 1555 1181; x_wconf 89' lang='lat' dir='ltr'><strong>re</strong></span> <span class='ocrx_word' id='word_1_72' title='bbox 1599 1124 1711 1180; x_wconf 84' lang='lat' dir='ltr'><strong>fieri</strong></span> <span class='ocrx_word' id='word_1_73' title='bbox 1755 1132 1979 1195; x_wconf 71' lang='lat' dir='ltr'><strong>poterat,</strong></span> 
     </span>
    </p>
   </div>
   <div class='ocr_carea' id='block_1_11' title="bbox 403 1217 1985 1297">
    <p class='ocr_par' dir='ltr' id='par_1_11' title="bbox 403 1217 1985 1297">
     <span class='ocr_line' id='line_1_11' title="bbox 403 1217 1985 1297; baseline -0.008 -15"><span class='ocrx_word' id='word_1_74' title='bbox 403 1241 579 1297; x_wconf 86' lang='lat' dir='ltr'><strong>neque</strong></span> <span class='ocrx_word' id='word_1_75' title='bbox 617 1225 662 1279; x_wconf 92' lang='lat' dir='ltr'><strong>si</strong></span> <span class='ocrx_word' id='word_1_76' title='bbox 687 1224 753 1279; x_wconf 93' lang='lat' dir='ltr'><strong>ad</strong></span> <span class='ocrx_word' id='word_1_77' title='bbox 779 1231 1162 1294; x_wconf 83' lang='lat' dir='ltr'><strong>paupertatem,</strong></span> <span class='ocrx_word' id='word_1_78' title='bbox 1192 1235 1362 1290; x_wconf 89' lang='lat' dir='ltr'><strong>neque</strong></span> <span class='ocrx_word' id='word_1_79' title='bbox 1388 1219 1433 1274; x_wconf 90' lang='lat' dir='ltr'><strong>si</strong></span> <span class='ocrx_word' id='word_1_80' title='bbox 1460 1218 1526 1272; x_wconf 90' lang='lat' dir='ltr'><strong>ad</strong></span> <span class='ocrx_word' id='word_1_81' title='bbox 1553 1217 1782 1283; x_wconf 89' lang='lat' dir='ltr'><strong>vincula,</strong></span> <span class='ocrx_word' id='word_1_82' title='bbox 1814 1229 1985 1285; x_wconf 89' lang='lat' dir='ltr'><strong>neque</strong></span> 
     </span>
    </p>
   </div>
   <div class='ocr_carea' id='block_1_12' title="bbox 403 1305 1983 1383">
    <p class='ocr_par' dir='ltr' id='par_1_12' title="bbox 403 1305 1983 1383">
     <span class='ocr_line' id='line_1_12' title="bbox 403 1305 1983 1383; baseline -0.008 -12"><span class='ocrx_word' id='word_1_83' title='bbox 403 1317 448 1371; x_wconf 85' lang='lat' dir='ltr'><strong>si</strong></span> <span class='ocrx_word' id='word_1_84' title='bbox 478 1316 545 1370; x_wconf 90' lang='lat' dir='ltr'><strong>ad</strong></span> <span class='ocrx_word' id='word_1_85' title='bbox 587 1316 916 1379; x_wconf 86' lang='lat' dir='ltr'><strong>servitutem,</strong></span> <span class='ocrx_word' id='word_1_86' title='bbox 952 1328 1123 1383; x_wconf 90' lang='lat' dir='ltr'><strong>neque</strong></span> <span class='ocrx_word' id='word_1_87' title='bbox 1172 1311 1216 1366; x_wconf 91' lang='lat' dir='ltr'><strong>si</strong></span> <span class='ocrx_word' id='word_1_88' title='bbox 1254 1310 1320 1365; x_wconf 91' lang='lat' dir='ltr'><strong>ad</strong></span> <span class='ocrx_word' id='word_1_89' title='bbox 1368 1308 1511 1364; x_wconf 88' lang='lat' dir='ltr'><strong>aliud</strong></span> <span class='ocrx_word' id='word_1_90' title='bbox 1552 1307 1679 1379; x_wconf 91' lang='lat' dir='ltr'><strong>quid</strong></span> <span class='ocrx_word' id='word_1_91' title='bbox 1724 1305 1983 1377; x_wconf 83' lang='lat' dir='ltr'><strong>ejusmodi</strong></span> 
     </span>
    </p>
   </div>
   <div class='ocr_carea' id='block_1_13' title="bbox 405 1396 1986 1477">
    <p class='ocr_par' dir='ltr' id='par_1_13' title="bbox 405 1396 1986 1477">
     <span class='ocr_line' id='line_1_13' title="bbox 405 1396 1986 1477; baseline -0.007 -15"><span class='ocrx_word' id='word_1_92' title='bbox 405 1407 555 1463; x_wconf 91' lang='lat' dir='ltr'><strong>illum</strong></span> <span class='ocrx_word' id='word_1_93' title='bbox 585 1406 898 1477; x_wconf 83' lang='lat' dir='ltr'><strong>redegisset.</strong></span> <span class='ocrx_word' id='word_1_94' title='bbox 938 1404 1109 1460; x_wconf 85' lang='lat' dir='ltr'><strong>Porro</strong></span> <span class='ocrx_word' id='word_1_95' title='bbox 1139 1403 1285 1457; x_wconf 89' lang='lat' dir='ltr'><strong>nullo</strong></span> <span class='ocrx_word' id='word_1_96' title='bbox 1329 1402 1487 1457; x_wconf 91' lang='lat' dir='ltr'><strong>modo</strong></span> <span class='ocrx_word' id='word_1_97' title='bbox 1524 1415 1645 1457; x_wconf 86' lang='lat' dir='ltr'><strong>eum</strong></span> <span class='ocrx_word' id='word_1_98' title='bbox 1684 1414 1715 1453; x_wconf 92' lang='lat' dir='ltr'><strong>a</strong></span> <span class='ocrx_word' id='word_1_99' title='bbox 1761 1396 1986 1452; x_wconf 85' lang='lat' dir='ltr'><strong>naturali</strong></span> 
     </span>
    </p>
   </div>
   <div class='ocr_carea' id='block_1_14' title="bbox 404 1492 1989 1568">
    <p class='ocr_par' dir='ltr' id='par_1_14' title="bbox 404 1492 1989 1568">
     <span class='ocr_line' id='line_1_14' title="bbox 404 1492 1989 1568; baseline -0.007 -14"><span class='ocrx_word' id='word_1_100' title='bbox 404 1499 682 1555; x_wconf 86' lang='lat' dir='ltr'><strong>nobilitate</strong></span> <span class='ocrx_word' id='word_1_101' title='bbox 721 1498 878 1568; x_wconf 87' lang='lat' dir='ltr'><strong>ejecit</strong></span> <span class='ocrx_word' id='word_1_102' title='bbox 913 1515 926 1552; x_wconf 89' lang='lat'><strong>:</strong></span> <span class='ocrx_word' id='word_1_103' title='bbox 971 1512 1069 1551; x_wconf 90' lang='lat' dir='ltr'><strong>nec</strong></span> <span class='ocrx_word' id='word_1_104' title='bbox 1104 1509 1302 1566; x_wconf 87' lang='lat' dir='ltr'><strong>corpus</strong></span> <span class='ocrx_word' id='word_1_105' title='bbox 1344 1494 1488 1549; x_wconf 91' lang='lat' dir='ltr'><strong>illius</strong></span> <span class='ocrx_word' id='word_1_106' title='bbox 1530 1493 1582 1547; x_wconf 93' lang='lat' dir='ltr'><strong>in</strong></span> <span class='ocrx_word' id='word_1_107' title='bbox 1621 1492 1805 1547; x_wconf 86' lang='lat' dir='ltr'><strong>bestiae</strong></span> <span class='ocrx_word' id='word_1_108' title='bbox 1834 1498 1989 1544; x_wconf 80' lang='lat' dir='ltr'><strong>natu-</strong></span> 
     </span>
    </p>
   </div>
   <div class='ocr_carea' id='block_1_15' title="bbox 407 1579 1989 1655">
    <p class='ocr_par' dir='ltr' id='par_1_15' title="bbox 407 1579 1989 1655">
     <span class='ocr_line' id='line_1_15' title="bbox 407 1579 1989 1655; baseline -0.008 -11"><span class='ocrx_word' id='word_1_109' title='bbox 407 1604 522 1644; x_wconf 89' lang='lat' dir='ltr'><strong>ram</strong></span> <span class='ocrx_word' id='word_1_110' title='bbox 564 1589 789 1643; x_wconf 85' lang='lat' dir='ltr'><strong>mutavit</strong></span> <span class='ocrx_word' id='word_1_111' title='bbox 819 1606 832 1642; x_wconf 92' lang='lat'><strong>:</strong></span> <span class='ocrx_word' id='word_1_112' title='bbox 874 1587 967 1642; x_wconf 90' lang='lat' dir='ltr'><strong>sed</strong></span> <span class='ocrx_word' id='word_1_113' title='bbox 1011 1586 1137 1641; x_wconf 91' lang='lat' dir='ltr'><strong>illud</strong></span> <span class='ocrx_word' id='word_1_114' title='bbox 1165 1600 1271 1655; x_wconf 90' lang='lat' dir='ltr'><strong>quo</strong></span> <span class='ocrx_word' id='word_1_115' title='bbox 1298 1584 1365 1639; x_wconf 87' lang='lat' dir='ltr'><strong>ab</strong></span> <span class='ocrx_word' id='word_1_116' title='bbox 1407 1581 1801 1638; x_wconf 85' lang='lat' dir='ltr'><strong>irrationalibus</strong></span> <span class='ocrx_word' id='word_1_117' title='bbox 1822 1579 1989 1633; x_wconf 84' lang='lat' dir='ltr'><strong>dista-</strong></span> 
     </span>
    </p>
   </div>
   <div class='ocr_carea' id='block_1_16' title="bbox 406 1669 1990 1744">
    <p class='ocr_par' dir='ltr' id='par_1_16' title="bbox 406 1669 1990 1744">
     <span class='ocr_line' id='line_1_16' title="bbox 406 1669 1990 1744; baseline -0.006 -10"><span class='ocrx_word' id='word_1_118' title='bbox 406 1679 520 1744; x_wconf 87' lang='lat' dir='ltr'><strong>bat,</strong></span> <span class='ocrx_word' id='word_1_119' title='bbox 550 1679 601 1734; x_wconf 93' lang='lat' dir='ltr'><strong>in</strong></span> <span class='ocrx_word' id='word_1_120' title='bbox 630 1678 895 1733; x_wconf 78' lang='lat' dir='ltr'><strong>feritatem</strong></span> <span class='ocrx_word' id='word_1_121' title='bbox 929 1675 1233 1732; x_wconf 78' lang='lat' dir='ltr'><strong>transtulit?</strong></span> <span class='ocrx_word' id='word_1_122' title='bbox 1262 1674 1542 1742; x_wconf 85' lang='lat' dir='ltr'><strong>Quomodo</strong></span> <span class='ocrx_word' id='word_1_123' title='bbox 1585 1672 1786 1742; x_wconf 84' lang='lat' dir='ltr'><strong>igitur?</strong></span> <span class='ocrx_word' id='word_1_124' title='bbox 1828 1669 1900 1726; x_wconf 91' lang='lat' dir='ltr'><strong>Ut</strong></span> <span class='ocrx_word' id='word_1_125' title='bbox 1933 1677 1990 1725; x_wconf 88' lang='lat' dir='ltr'><strong>et</strong></span> 
     </span>
    </p>
   </div>
   <div class='ocr_carea' id='block_1_17' title="bbox 409 1764 1985 1838">
    <p class='ocr_par' dir='ltr' id='par_1_17' title="bbox 409 1764 1985 1838">
     <span class='ocr_line' id='line_1_17' title="bbox 409 1764 1985 1838; baseline -0.004 -14"><span class='ocrx_word' id='word_1_126' title='bbox 409 1770 599 1838; x_wconf 88' lang='lat' dir='ltr'><strong>reliqui</strong></span> <span class='ocrx_word' id='word_1_127' title='bbox 645 1769 853 1823; x_wconf 90' lang='lat' dir='ltr'><strong>discant</strong></span> <span class='ocrx_word' id='word_1_128' title='bbox 881 1782 948 1823; x_wconf 79' lang='lat' dir='ltr'><strong>ex</strong></span> <span class='ocrx_word' id='word_1_129' title='bbox 997 1767 1135 1822; x_wconf 89' lang='lat' dir='ltr'><strong>illius</strong></span> <span class='ocrx_word' id='word_1_130' title='bbox 1179 1766 1319 1832; x_wconf 91' lang='lat' dir='ltr'><strong>cibo,</strong></span> <span class='ocrx_word' id='word_1_131' title='bbox 1347 1775 1401 1821; x_wconf 91' lang='lat' dir='ltr'><strong>et</strong></span> <span class='ocrx_word' id='word_1_132' title='bbox 1448 1781 1512 1820; x_wconf 77' lang='lat' dir='ltr'><strong>ex</strong></span> <span class='ocrx_word' id='word_1_133' title='bbox 1557 1764 1699 1819; x_wconf 89' lang='lat' dir='ltr'><strong>illius</strong></span> <span class='ocrx_word' id='word_1_134' title='bbox 1745 1771 1985 1833; x_wconf 85' lang='lat' dir='ltr'><strong>aspectu.</strong></span> 
     </span>
    </p>
   </div>
   <div class='ocr_carea' id='block_1_18' title="bbox 405 1855 1992 1931">
    <p class='ocr_par' dir='ltr' id='par_1_18' title="bbox 405 1855 1992 1931">
     <span class='ocr_line' id='line_1_18' title="bbox 405 1855 1992 1931; baseline -0.004 -16"><span class='ocrx_word' id='word_1_135' title='bbox 405 1861 542 1929; x_wconf 82' lang='lat' dir='ltr'><strong>Quid</strong></span> <span class='ocrx_word' id='word_1_136' title='bbox 570 1871 745 1916; x_wconf 91' lang='lat' dir='ltr'><strong>autem</strong></span> <span class='ocrx_word' id='word_1_137' title='bbox 777 1875 875 1931; x_wconf 89' lang='lat' dir='ltr'><strong>per</strong></span> <span class='ocrx_word' id='word_1_138' title='bbox 901 1861 1015 1915; x_wconf 68' lang='lat' dir='ltr'><strong>haec</strong></span> <span class='ocrx_word' id='word_1_139' title='bbox 1043 1859 1344 1915; x_wconf 77' lang='lat' dir='ltr'><strong>docemur?</strong></span> <span class='ocrx_word' id='word_1_140' title='bbox 1371 1858 1574 1927; x_wconf 87' lang='lat' dir='ltr'><strong>Nempe</strong></span> <span class='ocrx_word' id='word_1_141' title='bbox 1601 1855 1744 1928; x_wconf 91' lang='lat' dir='ltr'><strong>quod</strong></span> <span class='ocrx_word' id='word_1_142' title='bbox 1772 1855 1871 1911; x_wconf 85' lang='lat' dir='ltr'><strong>etsi</strong></span> <span class='ocrx_word' id='word_1_143' title='bbox 1901 1868 1992 1909; x_wconf 81' lang='lat' dir='ltr'><strong>ea-</strong></span> 
     </span>
    </p>
   </div>
   <div class='ocr_carea' id='block_1_19' title="bbox 405 1949 1991 2019">
    <p class='ocr_par' dir='ltr' id='par_1_19' title="bbox 405 1949 1991 2019">
     <span class='ocr_line' id='line_1_19' title="bbox 405 1949 1991 2019; baseline -0.004 -12"><span class='ocrx_word' id='word_1_144' title='bbox 405 1953 529 2008; x_wconf 82' lang='lat' dir='ltr'><strong>dem</strong></span> <span class='ocrx_word' id='word_1_145' title='bbox 569 1952 723 2008; x_wconf 91' lang='lat' dir='ltr'><strong>nobis</strong></span> <span class='ocrx_word' id='word_1_146' title='bbox 752 1967 857 2007; x_wconf 92' lang='lat' dir='ltr'><strong>non</strong></span> <span class='ocrx_word' id='word_1_147' title='bbox 886 1951 1161 2019; x_wconf 86' lang='lat' dir='ltr'><strong>eveniant,</strong></span> <span class='ocrx_word' id='word_1_148' title='bbox 1195 1960 1369 2005; x_wconf 90' lang='lat' dir='ltr'><strong>tamen</strong></span> <span class='ocrx_word' id='word_1_149' title='bbox 1411 1949 1605 2004; x_wconf 90' lang='lat' dir='ltr'><strong>melius</strong></span> <span class='ocrx_word' id='word_1_150' title='bbox 1647 1949 1737 2003; x_wconf 90' lang='lat' dir='ltr'><strong>illo</strong></span> <span class='ocrx_word' id='word_1_151' title='bbox 1766 1962 1870 2002; x_wconf 93' lang='lat' dir='ltr'><strong>non</strong></span> <span class='ocrx_word' id='word_1_152' title='bbox 1901 1961 1991 2000; x_wconf 83' lang='lat' dir='ltr'><strong>su-</strong></span> 
     </span>
    </p>
   </div>
   <div class='ocr_carea' id='block_1_20' title="bbox 407 2040 1990 2116">
    <p class='ocr_par' dir='ltr' id='par_1_20' title="bbox 407 2040 1990 2116">
     <span class='ocr_line' id='line_1_20' title="bbox 407 2040 1990 2116; baseline -0.005 -15"><span class='ocrx_word' id='word_1_153' title='bbox 407 2060 527 2101; x_wconf 87' lang='lat' dir='ltr'><strong>mus</strong></span> <span class='ocrx_word' id='word_1_154' title='bbox 557 2044 754 2113; x_wconf 79' lang='lat' dir='ltr'><strong>affecti,</strong></span> <span class='ocrx_word' id='word_1_155' title='bbox 790 2044 1003 2116; x_wconf 86' lang='lat' dir='ltr'><strong>quando</strong></span> <span class='ocrx_word' id='word_1_156' title='bbox 1032 2045 1084 2099; x_wconf 94' lang='lat' dir='ltr'><strong>in</strong></span> <span class='ocrx_word' id='word_1_157' title='bbox 1125 2043 1430 2114; x_wconf 88' lang='lat' dir='ltr'><strong>superbiam</strong></span> <span class='ocrx_word' id='word_1_158' title='bbox 1476 2050 1569 2096; x_wconf 88' lang='lat' dir='ltr'><strong>aut</strong></span> <span class='ocrx_word' id='word_1_159' title='bbox 1610 2041 1663 2095; x_wconf 91' lang='lat' dir='ltr'><strong>in</strong></span> <span class='ocrx_word' id='word_1_160' title='bbox 1701 2040 1990 2095; x_wconf 88' lang='lat' dir='ltr'><strong>belluinam</strong></span> 
     </span>
    </p>
   </div>
   <div class='ocr_carea' id='block_1_21' title="bbox 406 2140 1993 2210">
    <p class='ocr_par' dir='ltr' id='par_1_21' title="bbox 406 2140 1993 2210">
     <span class='ocr_line' id='line_1_21' title="bbox 406 2140 1993 2210; baseline -0.001 -15"><span class='ocrx_word' id='word_1_161' title='bbox 406 2141 861 2210; x_wconf 77' lang='lat' dir='ltr'><strong>perturbationem</strong></span> <span class='ocrx_word' id='word_1_162' title='bbox 890 2140 1206 2196; x_wconf 88' lang='lat' dir='ltr'><strong>delabimur.</strong></span> <span class='ocrx_word' id='word_1_163' title='bbox 1239 2140 1379 2205; x_wconf 83' lang='lat' dir='ltr'><strong>Quot</strong></span> <span class='ocrx_word' id='word_1_164' title='bbox 1429 2153 1571 2193; x_wconf 93' lang='lat' dir='ltr'><strong>nunc</strong></span> <span class='ocrx_word' id='word_1_165' title='bbox 1614 2152 1719 2193; x_wconf 94' lang='lat' dir='ltr'><strong>non</strong></span> <span class='ocrx_word' id='word_1_166' title='bbox 1749 2150 1904 2193; x_wconf 88' lang='lat' dir='ltr'><strong>secus</strong></span> <span class='ocrx_word' id='word_1_167' title='bbox 1927 2150 1993 2193; x_wconf 85' lang='lat' dir='ltr'><strong>ac</strong></span> 
     </span>
    </p>
   </div>
   <div class='ocr_carea' id='block_1_22' title="bbox 408 2227 1992 2297">
    <p class='ocr_par' dir='ltr' id='par_1_22' title="bbox 408 2227 1992 2297">
     <span class='ocr_line' id='line_1_22' title="bbox 408 2227 1992 2297; baseline -0.001 -12"><span class='ocrx_word' id='word_1_168' title='bbox 408 2229 898 2286; x_wconf 81' lang='lat' dir='ltr'><strong>Nabuchodonosor</strong></span> <span class='ocrx_word' id='word_1_169' title='bbox 927 2232 1034 2297; x_wconf 89' lang='lat' dir='ltr'><strong>ille,</strong></span> <span class='ocrx_word' id='word_1_170' title='bbox 1066 2230 1252 2286; x_wconf 70' lang='lat' dir='ltr'><strong>bestia:</strong></span> <span class='ocrx_word' id='word_1_171' title='bbox 1302 2237 1533 2284; x_wconf 92' lang='lat' dir='ltr'><strong>mentem</strong></span> <span class='ocrx_word' id='word_1_172' title='bbox 1569 2228 1801 2285; x_wconf 85' lang='lat' dir='ltr'><strong>habent!</strong></span> <span class='ocrx_word' id='word_1_173' title='bbox 1855 2227 1992 2283; x_wconf 85' lang='lat' dir='ltr'><strong>Audi</strong></span> 
     </span>
    </p>
   </div>
   <div class='ocr_carea' id='block_1_23' title="bbox 411 2318 1992 2390">
    <p class='ocr_par' dir='ltr' id='par_1_23' title="bbox 411 2318 1992 2390">
     <span class='ocr_line' id='line_1_23' title="bbox 411 2318 1992 2390; baseline -0.001 -16"><span class='ocrx_word' id='word_1_174' title='bbox 411 2320 589 2390; x_wconf 84' lang='lat' dir='ltr'><strong>itaque</strong></span> <span class='ocrx_word' id='word_1_175' title='bbox 610 2320 867 2376; x_wconf 89' lang='lat' dir='ltr'><strong>Joannem</strong></span> <span class='ocrx_word' id='word_1_176' title='bbox 899 2320 1166 2375; x_wconf 88' lang='lat' dir='ltr'><strong>dicentem</strong></span> <span class='ocrx_word' id='word_1_177' title='bbox 1199 2338 1212 2374; x_wconf 91' lang='lat'><strong>:</strong></span> <span class='ocrx_word' id='word_1_178' title='bbox 1242 2319 1531 2389; x_wconf 82' lang='lat' dir='ltr'><strong>Serpentes,</strong></span> <span class='ocrx_word' id='word_1_179' title='bbox 1554 2319 1810 2390; x_wconf 87' lang='lat' dir='ltr'><strong>genimina</strong></span> <span class='ocrx_word' id='word_1_180' title='bbox 1849 2318 1992 2389; x_wconf 78' lang='lat' dir='ltr'><strong>vipe-</strong></span> 
     </span>
    </p>
   </div>
   <div class='ocr_carea' id='block_1_24' title="bbox 409 2408 1993 2481">
    <p class='ocr_par' dir='ltr' id='par_1_24' title="bbox 409 2408 1993 2481">
     <span class='ocr_line' id='line_1_24' title="bbox 409 2408 1993 2481; baseline 0 -17"><span class='ocrx_word' id='word_1_181' title='bbox 409 2428 586 2464; x_wconf 82' lang='lat' dir='ltr'><strong>rarum</strong></span> <span class='ocrx_word' id='word_1_182' title='bbox 608 2409 818 2481; x_wconf 79' lang='lat' dir='ltr'><strong>(Matth.</strong></span> <span class='ocrx_word' id='word_1_183' title='bbox 842 2412 894 2467; x_wconf 78' lang='grc'><strong>5.</strong></span> <span class='ocrx_word' id='word_1_184' title='bbox 921 2412 973 2465; x_wconf 88' lang='lat'><strong>7.</strong></span> <span class='ocrx_word' id='word_1_185' title='bbox 1006 2420 1053 2464; x_wconf 89' lang='lat' dir='ltr'><strong>et</strong></span> <span class='ocrx_word' id='word_1_186' title='bbox 1080 2410 1171 2464; x_wconf 73' lang='grc'><strong>25.</strong></span> <span class='ocrx_word' id='word_1_187' title='bbox 1213 2410 1337 2479; x_wconf 77' lang='grc'><strong>’55);</strong></span> <span class='ocrx_word' id='word_1_188' title='bbox 1370 2419 1423 2465; x_wconf 87' lang='lat' dir='ltr'><strong>et</strong></span> <span class='ocrx_word' id='word_1_189' title='bbox 1452 2423 1636 2463; x_wconf 87' lang='lat' dir='ltr'><strong>rursus</strong></span> <span class='ocrx_word' id='word_1_190' title='bbox 1664 2408 1826 2463; x_wconf 83' lang='lat' dir='ltr'><strong>alium</strong></span> <span class='ocrx_word' id='word_1_191' title='bbox 1869 2422 1993 2479; x_wconf 83' lang='lat' dir='ltr'><strong>pro-</strong></span> 
     </span>
    </p>
   </div>
   <div class='ocr_carea' id='block_1_25' title="bbox 412 2502 1993 2575">
    <p class='ocr_par' dir='ltr' id='par_1_25' title="bbox 412 2502 1993 2575">
     <span class='ocr_line' id='line_1_25' title="bbox 412 2502 1993 2575; baseline -0.001 -19"><span class='ocrx_word' id='word_1_192' title='bbox 412 2504 630 2574; x_wconf 85' lang='lat' dir='ltr'><strong>phetam</strong></span> <span class='ocrx_word' id='word_1_193' title='bbox 662 2505 891 2575; x_wconf 90' lang='lat' dir='ltr'><strong>aientem</strong></span> <span class='ocrx_word' id='word_1_194' title='bbox 921 2522 932 2557; x_wconf 95' lang='lat'><strong>:</strong></span> <span class='ocrx_word' id='word_1_195' title='bbox 967 2502 1102 2572; x_wconf 87' lang='lat' dir='ltr'><strong>Equi</strong></span> <span class='ocrx_word' id='word_1_196' title='bbox 1129 2503 1348 2572; x_wconf 80' lang='lat' dir='ltr'><strong>furentes</strong></span> <span class='ocrx_word' id='word_1_197' title='bbox 1378 2502 1431 2555; x_wconf 88' lang='lat' dir='ltr'><strong>in</strong></span> <span class='ocrx_word' id='word_1_198' title='bbox 1461 2502 1675 2573; x_wconf 78' lang='lat' dir='ltr'><strong>feminas</strong></span> <span class='ocrx_word' id='word_1_199' title='bbox 1696 2502 1818 2573; x_wconf 77' lang='lat' dir='ltr'><strong>{acti</strong></span> <span class='ocrx_word' id='word_1_200' title='bbox 1843 2511 1993 2567; x_wconf 85' lang='lat' dir='ltr'><strong>sunt;</strong></span> 
     </span>
    </p>
   </div>
   <div class='ocr_carea' id='block_1_26' title="bbox 412 2593 1993 2666">
    <p class='ocr_par' dir='ltr' id='par_1_26' title="bbox 412 2593 1993 2666">
     <span class='ocr_line' id='line_1_26' title="bbox 412 2593 1993 2666; baseline 0.001 -18"><span class='ocrx_word' id='word_1_201' title='bbox 412 2596 754 2666; x_wconf 81' lang='lat' dir='ltr'><strong>unusquisque</strong></span> <span class='ocrx_word' id='word_1_202' title='bbox 788 2595 855 2649; x_wconf 85' lang='lat' dir='ltr'><strong>ad</strong></span> <span class='ocrx_word' id='word_1_203' title='bbox 876 2611 1083 2650; x_wconf 69' lang='lat' dir='ltr'><strong>uxorem</strong></span> <span class='ocrx_word' id='word_1_204' title='bbox 1119 2594 1336 2665; x_wconf 80' lang='lat' dir='ltr'><strong>proximi</strong></span> <span class='ocrx_word' id='word_1_205' title='bbox 1362 2593 1651 2648; x_wconf 77' lang='lat' dir='ltr'><strong>hinniebant</strong></span> <span class='ocrx_word' id='word_1_206' title='bbox 1673 2593 1725 2664; x_wconf 75' lang='grc' dir='ltr'><strong>(Ι</strong></span> <span class='ocrx_word' id='word_1_207' title='bbox 1732 2610 1805 2648; x_wconf 89' lang='lat' dir='ltr'><strong>er.</strong></span> <span class='ocrx_word' id='word_1_208' title='bbox 1831 2594 1882 2649; x_wconf 87' lang='lat'><strong>5.</strong></span> <span class='ocrx_word' id='word_1_209' title='bbox 1906 2593 1993 2664; x_wconf 82' lang='lat'><strong>8);</strong></span> 
     </span>
    </p>
   </div>
   <div class='ocr_carea' id='block_1_27' title="bbox 411 2683 1993 2755">
    <p class='ocr_par' dir='ltr' id='par_1_27' title="bbox 411 2683 1993 2755">
     <span class='ocr_line' id='line_1_27' title="bbox 411 2683 1993 2755; baseline -0.001 -14"><span class='ocrx_word' id='word_1_210' title='bbox 411 2698 467 2742; x_wconf 91' lang='lat' dir='ltr'><strong>et</strong></span> <span class='ocrx_word' id='word_1_211' title='bbox 494 2689 653 2741; x_wconf 89' lang='lat' dir='ltr'><strong>alium</strong></span> <span class='ocrx_word' id='word_1_212' title='bbox 681 2687 854 2742; x_wconf 86' lang='lat' dir='ltr'><strong>adhuc</strong></span> <span class='ocrx_word' id='word_1_213' title='bbox 878 2705 890 2740; x_wconf 89' lang='lat'><strong>:</strong></span> <span class='ocrx_word' id='word_1_214' title='bbox 920 2684 1083 2741; x_wconf 88' lang='lat' dir='ltr'><strong>Canes</strong></span> <span class='ocrx_word' id='word_1_215' title='bbox 1111 2686 1235 2739; x_wconf 90' lang='lat' dir='ltr'><strong>muti</strong></span> <span class='ocrx_word' id='word_1_216' title='bbox 1266 2702 1365 2739; x_wconf 90' lang='lat' dir='ltr'><strong>non</strong></span> <span class='ocrx_word' id='word_1_217' title='bbox 1390 2686 1603 2740; x_wconf 84' lang='lat' dir='ltr'><strong>valentes</strong></span> <span class='ocrx_word' id='word_1_218' title='bbox 1625 2684 1811 2740; x_wconf 81' lang='lat' dir='ltr'><strong>latrare</strong></span> <span class='ocrx_word' id='word_1_219' title='bbox 1840 2683 1993 2755; x_wconf 86' lang='lat' dir='ltr'><strong>(Isai.</strong></span> 
     </span>
    </p>
   </div>
   <div class='ocr_carea' id='block_1_28' title="bbox 413 2777 1995 2851">
    <p class='ocr_par' dir='ltr' id='par_1_28' title="bbox 413 2777 1995 2851">
     <span class='ocr_line' id='line_1_28' title="bbox 413 2777 1995 2851; baseline -0.001 -17"><span class='ocrx_word' id='word_1_220' title='bbox 413 2780 503 2834; x_wconf 83' lang='lat'><strong>56.</strong></span> <span class='ocrx_word' id='word_1_221' title='bbox 530 2778 617 2851; x_wconf 81' lang='grc'><strong>10)</strong></span> <span class='ocrx_word' id='word_1_222' title='bbox 641 2798 654 2834; x_wconf 90' lang='lat'><strong>:</strong></span> <span class='ocrx_word' id='word_1_223' title='bbox 682 2790 731 2834; x_wconf 90' lang='lat' dir='ltr'><strong>et</strong></span> <span class='ocrx_word' id='word_1_224' title='bbox 764 2780 924 2833; x_wconf 89' lang='lat' dir='ltr'><strong>alium</strong></span> <span class='ocrx_word' id='word_1_225' title='bbox 957 2794 1142 2834; x_wconf 88' lang='lat' dir='ltr'><strong>rursus</strong></span> <span class='ocrx_word' id='word_1_226' title='bbox 1168 2778 1350 2848; x_wconf 89' lang='lat' dir='ltr'><strong>vulpes</strong></span> <span class='ocrx_word' id='word_1_227' title='bbox 1380 2778 1735 2848; x_wconf 89' lang='lat' dir='ltr'><strong>appellantem</strong></span> <span class='ocrx_word' id='word_1_228' title='bbox 1783 2777 1995 2846; x_wconf 80' lang='lat' dir='ltr'><strong>(Ezecb.</strong></span> 
     </span>
    </p>
   </div>
   <div class='ocr_carea' id='block_1_29' title="bbox 416 2868 1994 2940">
    <p class='ocr_par' dir='ltr' id='par_1_29' title="bbox 416 2868 1994 2940">
     <span class='ocr_line' id='line_1_29' title="bbox 416 2868 1994 2940; baseline -0.001 -15"><span class='ocrx_word' id='word_1_229' title='bbox 416 2873 505 2927; x_wconf 76' lang='grc'><strong>15.</strong></span> <span class='ocrx_word' id='word_1_230' title='bbox 532 2870 611 2940; x_wconf 72' lang='grc'><strong>4),</strong></span> <span class='ocrx_word' id='word_1_231' title='bbox 640 2881 695 2925; x_wconf 91' lang='lat' dir='ltr'><strong>et</strong></span> <span class='ocrx_word' id='word_1_232' title='bbox 716 2871 876 2924; x_wconf 90' lang='lat' dir='ltr'><strong>alium</strong></span> <span class='ocrx_word' id='word_1_233' title='bbox 906 2870 1167 2925; x_wconf 85' lang='lat' dir='ltr'><strong>dracones</strong></span> <span class='ocrx_word' id='word_1_234' title='bbox 1187 2884 1251 2925; x_wconf 90' lang='lat' dir='ltr'><strong>ac</strong></span> <span class='ocrx_word' id='word_1_235' title='bbox 1276 2870 1553 2925; x_wconf 87' lang='lat' dir='ltr'><strong>basiliscos</strong></span> <span class='ocrx_word' id='word_1_236' title='bbox 1577 2868 1746 2939; x_wconf 86' lang='lat' dir='ltr'><strong>(Psal.</strong></span> <span class='ocrx_word' id='word_1_237' title='bbox 1775 2870 1865 2926; x_wconf 84' lang='lat'><strong>90.</strong></span> <span class='ocrx_word' id='word_1_238' title='bbox 1887 2869 1994 2940; x_wconf 78' lang='lat' dir='ltr'><strong>l3).</strong></span> 
     </span>
    </p>
   </div>
   <div class='ocr_carea' id='block_1_30' title="bbox 416 2960 1995 3029">
    <p class='ocr_par' dir='ltr' id='par_1_30' title="bbox 416 2960 1995 3029">
     <span class='ocr_line' id='line_1_30' title="bbox 416 2960 1995 3029; baseline 0 -13"><span class='ocrx_word' id='word_1_239' title='bbox 416 2961 582 3016; x_wconf 81' lang='lat' dir='ltr'><strong>Multo</strong></span> <span class='ocrx_word' id='word_1_240' title='bbox 606 2971 784 3015; x_wconf 87' lang='lat' dir='ltr'><strong>autem</strong></span> <span class='ocrx_word' id='word_1_241' title='bbox 835 2960 1070 3016; x_wconf 88' lang='lat' dir='ltr'><strong>deterius</strong></span> <span class='ocrx_word' id='word_1_242' title='bbox 1109 2971 1194 3016; x_wconf 91' lang='lat' dir='ltr'><strong>est</strong></span> <span class='ocrx_word' id='word_1_243' title='bbox 1223 2976 1343 3016; x_wconf 90' lang='lat' dir='ltr'><strong>cum</strong></span> <span class='ocrx_word' id='word_1_244' title='bbox 1380 2960 1442 3014; x_wconf 89' lang='lat' dir='ltr'><strong>in</strong></span> <span class='ocrx_word' id='word_1_245' title='bbox 1488 2960 1588 3015; x_wconf 90' lang='lat' dir='ltr'><strong>hac</strong></span> <span class='ocrx_word' id='word_1_246' title='bbox 1635 2961 1745 3016; x_wconf 89' lang='lat' dir='ltr'><strong>vita</strong></span> <span class='ocrx_word' id='word_1_247' title='bbox 1788 2975 1995 3029; x_wconf 90' lang='lat' dir='ltr'><strong>sumus,</strong></span> 
     </span>
    </p>
   </div>
   <div class='ocr_carea' id='block_1_31' title="bbox 414 3050 1999 3122">
    <p class='ocr_par' dir='ltr' id='par_1_31' title="bbox 414 3050 1999 3122">
     <span class='ocr_line' id='line_1_31' title="bbox 414 3050 1999 3122; baseline 0.001 -16"><span class='ocrx_word' id='word_1_248' title='bbox 414 3052 645 3117; x_wconf 74' lang='lat' dir='ltr'><strong>efferari,</strong></span> <span class='ocrx_word' id='word_1_249' title='bbox 673 3067 829 3122; x_wconf 91' lang='lat' dir='ltr'><strong>quam</strong></span> <span class='ocrx_word' id='word_1_250' title='bbox 854 3052 1042 3107; x_wconf 89' lang='lat' dir='ltr'><strong>eadem</strong></span> <span class='ocrx_word' id='word_1_251' title='bbox 1068 3067 1189 3107; x_wconf 91' lang='lat' dir='ltr'><strong>cum</strong></span> <span class='ocrx_word' id='word_1_252' title='bbox 1216 3050 1738 3107; x_wconf 87' lang='lat' dir='ltr'><strong>Nabuchodonosore</strong></span> <span class='ocrx_word' id='word_1_253' title='bbox 1764 3050 1999 3122; x_wconf 83' lang='lat' dir='ltr'><strong>pati.llle</strong></span> 
     </span>
    </p>
   </div>
   <div class='ocr_carea' id='block_1_32' title="bbox 413 3141 1997 3213">
    <p class='ocr_par' dir='ltr' id='par_1_32' title="bbox 413 3141 1997 3213">
     <span class='ocr_line' id='line_1_32' title="bbox 413 3141 1997 3213; baseline 0.001 -18"><span class='ocrx_word' id='word_1_254' title='bbox 413 3142 677 3213; x_wconf 81' lang='lat' dir='ltr'><strong>siquidem</strong></span> <span class='ocrx_word' id='word_1_255' title='bbox 722 3142 852 3197; x_wconf 90' lang='lat' dir='ltr'><strong>nihil</strong></span> <span class='ocrx_word' id='word_1_256' title='bbox 894 3142 1020 3197; x_wconf 91' lang='lat' dir='ltr'><strong>mali</strong></span> <span class='ocrx_word' id='word_1_257' title='bbox 1049 3144 1100 3196; x_wconf 90' lang='lat' dir='ltr'><strong>in</strong></span> <span class='ocrx_word' id='word_1_258' title='bbox 1128 3142 1364 3197; x_wconf 90' lang='lat' dir='ltr'><strong>animum</strong></span> <span class='ocrx_word' id='word_1_259' title='bbox 1388 3141 1701 3197; x_wconf 85' lang='lat' dir='ltr'><strong>admittebat</strong></span> <span class='ocrx_word' id='word_1_260' title='bbox 1731 3160 1746 3197; x_wconf 85' lang='lat'><strong>:</strong></span> <span class='ocrx_word' id='word_1_261' title='bbox 1780 3156 1877 3197; x_wconf 90' lang='lat' dir='ltr'><strong>nos</strong></span> <span class='ocrx_word' id='word_1_262' title='bbox 1902 3157 1997 3197; x_wconf 88' lang='lat' dir='ltr'><strong>au-</strong></span> 
     </span>
    </p>
   </div>
   <div class='ocr_carea' id='block_1_33' title="bbox 415 3235 2001 3307">
    <p class='ocr_par' dir='ltr' id='par_1_33' title="bbox 415 3235 2001 3307">
     <span class='ocr_line' id='line_1_33' title="bbox 415 3235 2001 3307; baseline 0.002 -18"><span class='ocrx_word' id='word_1_263' title='bbox 415 3244 520 3289; x_wconf 88' lang='lat' dir='ltr'><strong>tem</strong></span> <span class='ocrx_word' id='word_1_264' title='bbox 548 3236 675 3291; x_wconf 89' lang='lat' dir='ltr'><strong>dum</strong></span> <span class='ocrx_word' id='word_1_265' title='bbox 729 3236 801 3291; x_wconf 90' lang='lat' dir='ltr'><strong>ita</strong></span> <span class='ocrx_word' id='word_1_266' title='bbox 850 3236 1126 3291; x_wconf 89' lang='lat' dir='ltr'><strong>innumera</strong></span> <span class='ocrx_word' id='word_1_267' title='bbox 1168 3244 1382 3305; x_wconf 83' lang='lat' dir='ltr'><strong>peccata</strong></span> <span class='ocrx_word' id='word_1_268' title='bbox 1432 3235 1751 3306; x_wconf 81' lang='lat' dir='ltr'><strong>colligimus,</strong></span> <span class='ocrx_word' id='word_1_269' title='bbox 1801 3245 2001 3307; x_wconf 91' lang='lat' dir='ltr'><strong>quanto</strong></span> 
     </span>
    </p>
   </div>
   <div class='ocr_carea' id='block_1_34' title="bbox 419 3326 2001 3398">
    <p class='ocr_par' dir='ltr' id='par_1_34' title="bbox 419 3326 2001 3398">
     <span class='ocr_line' id='line_1_34' title="bbox 419 3326 2001 3398; baseline 0.002 -18"><span class='ocrx_word' id='word_1_270' title='bbox 419 3327 630 3395; x_wconf 84' lang='lat' dir='ltr'><strong>pejores</strong></span> <span class='ocrx_word' id='word_1_271' title='bbox 657 3342 841 3381; x_wconf 90' lang='lat' dir='ltr'><strong>sumus</strong></span> <span class='ocrx_word' id='word_1_272' title='bbox 858 3327 991 3398; x_wconf 88' lang='lat' dir='ltr'><strong>jam,</strong></span> <span class='ocrx_word' id='word_1_273' title='bbox 1019 3328 1159 3383; x_wconf 89' lang='lat' dir='ltr'><strong>sicut</strong></span> <span class='ocrx_word' id='word_1_274' title='bbox 1183 3327 1381 3382; x_wconf 92' lang='lat' dir='ltr'><strong>dictum</strong></span> <span class='ocrx_word' id='word_1_275' title='bbox 1409 3336 1511 3382; x_wconf 90' lang='lat' dir='ltr'><strong>est.</strong></span> <span class='ocrx_word' id='word_1_276' title='bbox 1534 3327 1633 3393; x_wconf 87' lang='lat' dir='ltr'><strong>Qui</strong></span> <span class='ocrx_word' id='word_1_277' title='bbox 1661 3338 1836 3383; x_wconf 91' lang='lat' dir='ltr'><strong>autem</strong></span> <span class='ocrx_word' id='word_1_278' title='bbox 1861 3326 2001 3398; x_wconf 86' lang='lat' dir='ltr'><strong>apud</strong></span> 
     </span>
    </p>
   </div>
   <div class='ocr_carea' id='block_1_35' title="bbox 414 3418 2000 3488">
    <p class='ocr_par' dir='ltr' id='par_1_35' title="bbox 414 3418 2000 3488">
     <span class='ocr_line' id='line_1_35' title="bbox 414 3418 2000 3488; baseline 0.003 -19"><span class='ocrx_word' id='word_1_279' title='bbox 414 3418 657 3472; x_wconf 79' lang='lat' dir='ltr'><strong>ethnicos</strong></span> <span class='ocrx_word' id='word_1_280' title='bbox 680 3419 949 3488; x_wconf 90' lang='lat' dir='ltr'><strong>sapientes</strong></span> <span class='ocrx_word' id='word_1_281' title='bbox 980 3418 1326 3481; x_wconf 88' lang='lat' dir='ltr'><strong>habebantur,</strong></span> <span class='ocrx_word' id='word_1_282' title='bbox 1357 3419 1631 3473; x_wconf 88' lang='lat' dir='ltr'><strong>mutabant</strong></span> <span class='ocrx_word' id='word_1_283' title='bbox 1668 3419 1911 3474; x_wconf 86' lang='lat' dir='ltr'><strong>homines</strong></span> <span class='ocrx_word' id='word_1_284' title='bbox 1946 3419 2000 3474; x_wconf 91' lang='lat' dir='ltr'><strong>in</strong></span> 
     </span>
    </p>
   </div>
   <div class='ocr_carea' id='block_1_36' title="bbox 417 3509 2000 3582">
    <p class='ocr_par' dir='ltr' id='par_1_36' title="bbox 417 3509 2000 3582">
     <span class='ocr_line' id='line_1_36' title="bbox 417 3509 2000 3582; baseline 0.002 -19"><span class='ocrx_word' id='word_1_285' title='bbox 417 3509 633 3564; x_wconf 74' lang='lat' dir='ltr'><strong>bestias.</strong></span> <span class='ocrx_word' id='word_1_286' title='bbox 665 3510 772 3565; x_wconf 91' lang='lat' dir='ltr'><strong>Sed</strong></span> <span class='ocrx_word' id='word_1_287' title='bbox 812 3510 1088 3566; x_wconf 86' lang='lat' dir='ltr'><strong>videamus</strong></span> <span class='ocrx_word' id='word_1_288' title='bbox 1117 3510 1405 3580; x_wconf 93' lang='lat' dir='ltr'><strong>quomodo.</strong></span> <span class='ocrx_word' id='word_1_289' title='bbox 1465 3511 1755 3566; x_wconf 89' lang='lat' dir='ltr'><strong>Gentilium</strong></span> <span class='ocrx_word' id='word_1_290' title='bbox 1784 3510 2000 3582; x_wconf 89' lang='lat' dir='ltr'><strong>quidem</strong></span> 
     </span>
    </p>
   </div>
   <div class='ocr_carea' id='block_1_37' title="bbox 414 3600 1998 3671">
    <p class='ocr_par' dir='ltr' id='par_1_37' title="bbox 414 3600 1998 3671">
     <span class='ocr_line' id='line_1_37' title="bbox 414 3600 1998 3671; baseline 0.001 -16"><span class='ocrx_word' id='word_1_291' title='bbox 414 3602 880 3671; x_wconf 83' lang='lat' dir='ltr'><strong>inetatnorplioses</strong></span> <span class='ocrx_word' id='word_1_292' title='bbox 905 3600 1097 3656; x_wconf 74' lang='lat' dir='ltr'><strong>fabula:</strong></span> <span class='ocrx_word' id='word_1_293' title='bbox 1126 3610 1311 3666; x_wconf 90' lang='lat' dir='ltr'><strong>erant;</strong></span> <span class='ocrx_word' id='word_1_294' title='bbox 1345 3602 1444 3655; x_wconf 89' lang='lat' dir='ltr'><strong>ista</strong></span> <span class='ocrx_word' id='word_1_295' title='bbox 1489 3610 1669 3656; x_wconf 90' lang='lat' dir='ltr'><strong>autem</strong></span> <span class='ocrx_word' id='word_1_296' title='bbox 1703 3616 1828 3656; x_wconf 90' lang='lat' dir='ltr'><strong>vera</strong></span> <span class='ocrx_word' id='word_1_297' title='bbox 1853 3610 1998 3656; x_wconf 88' lang='lat' dir='ltr'><strong>sunt.</strong></span> 
     </span>
    </p>
   </div>
   <div class='ocr_carea' id='block_1_38' title="bbox 413 3693 1998 3761">
    <p class='ocr_par' dir='ltr' id='par_1_38' title="bbox 413 3693 1998 3761">
     <span class='ocr_line' id='line_1_38' title="bbox 413 3693 1998 3761; baseline 0.002 -15"><span class='ocrx_word' id='word_1_298' title='bbox 413 3694 526 3761; x_wconf 90' lang='lat' dir='ltr'><strong>Qua</strong></span> <span class='ocrx_word' id='word_1_299' title='bbox 552 3693 692 3748; x_wconf 88' lang='lat' dir='ltr'><strong>enim</strong></span> <span class='ocrx_word' id='word_1_300' title='bbox 716 3693 781 3749; x_wconf 91' lang='lat' dir='ltr'><strong>de</strong></span> <span class='ocrx_word' id='word_1_301' title='bbox 802 3708 960 3748; x_wconf 86' lang='lat' dir='ltr'><strong>causa</strong></span> <span class='ocrx_word' id='word_1_302' title='bbox 984 3693 1230 3748; x_wconf 90' lang='lat' dir='ltr'><strong>homines</strong></span> <span class='ocrx_word' id='word_1_303' title='bbox 1253 3694 1373 3749; x_wconf 91' lang='lat' dir='ltr'><strong>illos</strong></span> <span class='ocrx_word' id='word_1_304' title='bbox 1408 3695 1785 3749; x_wconf 88' lang='lat' dir='ltr'><strong>mutaverunt?</strong></span> <span class='ocrx_word' id='word_1_305' title='bbox 1813 3694 1998 3750; x_wconf 87' lang='lat' dir='ltr'><strong>Nulla:</strong></span> 
     </span>
    </p>
   </div>
   <div class='ocr_carea' id='block_1_39' title="bbox 414 3784 1999 3858">
    <p class='ocr_par' dir='ltr' id='par_1_39' title="bbox 414 3784 1999 3858">
     <span class='ocr_line' id='line_1_39' title="bbox 414 3784 1999 3858; baseline 0.001 -19"><span class='ocrx_word' id='word_1_306' title='bbox 414 3797 468 3839; x_wconf 89' lang='lat' dir='ltr'><strong>at</strong></span> <span class='ocrx_word' id='word_1_307' title='bbox 510 3785 779 3855; x_wconf 87' lang='lat' dir='ltr'><strong>Scriptura</strong></span> <span class='ocrx_word' id='word_1_308' title='bbox 810 3801 1023 3840; x_wconf 87' lang='lat' dir='ltr'><strong>causam</strong></span> <span class='ocrx_word' id='word_1_309' title='bbox 1052 3801 1265 3855; x_wconf 88' lang='lat' dir='ltr'><strong>quoque</strong></span> <span class='ocrx_word' id='word_1_310' title='bbox 1312 3784 1551 3855; x_wconf 83' lang='lat' dir='ltr'><strong>profert:</strong></span> <span class='ocrx_word' id='word_1_311' title='bbox 1587 3785 1654 3841; x_wconf 91' lang='lat' dir='ltr'><strong>Ut</strong></span> <span class='ocrx_word' id='word_1_312' title='bbox 1693 3796 1999 3858; x_wconf 80' lang='lat' dir='ltr'><strong>cognoscant</strong></span> 
     </span>
    </p>
   </div>
   <div class='ocr_carea' id='block_1_40' title="bbox 416 3877 2003 3948">
    <p class='ocr_par' dir='ltr' id='par_1_40' title="bbox 416 3877 2003 3948">
     <span class='ocr_line' id='line_1_40' title="bbox 416 3877 2003 3948; baseline 0.005 -20"><span class='ocrx_word' id='word_1_313' title='bbox 416 3893 605 3939; x_wconf 89' lang='lat' dir='ltr'><strong>omnes,</strong></span> <span class='ocrx_word' id='word_1_314' title='bbox 625 3878 743 3948; x_wconf 82' lang='lat' dir='ltr'><strong>quia</strong></span> <span class='ocrx_word' id='word_1_315' title='bbox 765 3878 1055 3931; x_wconf 86' lang='lat' dir='ltr'><strong>dominatur</strong></span> <span class='ocrx_word' id='word_1_316' title='bbox 1070 3877 1359 3932; x_wconf 81' lang='lat' dir='ltr'><strong>Altissimus</strong></span> <span class='ocrx_word' id='word_1_317' title='bbox 1382 3894 1534 3948; x_wconf 90' lang='lat' dir='ltr'><strong>regno</strong></span> <span class='ocrx_word' id='word_1_318' title='bbox 1556 3878 2003 3936; x_wconf 81' lang='lat' dir='ltr'><strong>Itominum.Vides</strong></span> 
     </span>
    </p>
   </div>
   <div class='ocr_carea' id='block_1_41' title="bbox 416 3968 2003 4039">
    <p class='ocr_par' dir='ltr' id='par_1_41' title="bbox 416 3968 2003 4039">
     <span class='ocr_line' id='line_1_41' title="bbox 416 3968 2003 4039; baseline 0.003 -17"><span class='ocrx_word' id='word_1_319' title='bbox 416 3978 475 4023; x_wconf 87' lang='lat' dir='ltr'><strong>ut</strong></span> <span class='ocrx_word' id='word_1_320' title='bbox 503 3970 680 4024; x_wconf 89' lang='lat' dir='ltr'><strong>omnia</strong></span> <span class='ocrx_word' id='word_1_321' title='bbox 734 3969 844 4024; x_wconf 89' lang='lat' dir='ltr'><strong>Deo</strong></span> <span class='ocrx_word' id='word_1_322' title='bbox 896 3969 1173 4039; x_wconf 90' lang='lat' dir='ltr'><strong>possibilia</strong></span> <span class='ocrx_word' id='word_1_323' title='bbox 1201 3968 1347 4024; x_wconf 86' lang='lat' dir='ltr'><strong>sint?</strong></span> <span class='ocrx_word' id='word_1_324' title='bbox 1396 3970 1554 4023; x_wconf 88' lang='lat' dir='ltr'><strong>etiam</strong></span> <span class='ocrx_word' id='word_1_325' title='bbox 1601 3985 1666 4024; x_wconf 81' lang='lat' dir='ltr'><strong>ex</strong></span> <span class='ocrx_word' id='word_1_326' title='bbox 1698 3970 2003 4027; x_wconf 89' lang='lat' dir='ltr'><strong>hominibus</strong></span> 
     </span>
    </p>
   </div>
   <div class='ocr_carea' id='block_1_42' title="bbox 415 4061 2002 4133">
    <p class='ocr_par' dir='ltr' id='par_1_42' title="bbox 415 4061 2002 4133">
     <span class='ocr_line' id='line_1_42' title="bbox 415 4061 2002 4133; baseline 0.001 -16"><span class='ocrx_word' id='word_1_327' title='bbox 415 4061 613 4117; x_wconf 88' lang='lat' dir='ltr'><strong>bestias</strong></span> <span class='ocrx_word' id='word_1_328' title='bbox 641 4062 835 4129; x_wconf 85' lang='lat' dir='ltr'><strong>facere,</strong></span> <span class='ocrx_word' id='word_1_329' title='bbox 868 4073 922 4118; x_wconf 92' lang='lat' dir='ltr'><strong>et</strong></span> <span class='ocrx_word' id='word_1_330' title='bbox 947 4070 1178 4117; x_wconf 89' lang='lat' dir='ltr'><strong>mentem</strong></span> <span class='ocrx_word' id='word_1_331' title='bbox 1208 4064 1451 4119; x_wconf 90' lang='lat' dir='ltr'><strong>mutare?</strong></span> <span class='ocrx_word' id='word_1_332' title='bbox 1479 4062 1665 4133; x_wconf 87' lang='lat' dir='ltr'><strong>Cogita</strong></span> <span class='ocrx_word' id='word_1_333' title='bbox 1694 4073 1889 4133; x_wconf 87' lang='lat' dir='ltr'><strong>quanta</strong></span> <span class='ocrx_word' id='word_1_334' title='bbox 1917 4078 2002 4119; x_wconf 85' lang='lat' dir='ltr'><strong>res</strong></span> 
     </span>
    </p>
   </div>
   <div class='ocr_carea' id='block_1_43' title="bbox 417 4154 2003 4223">
    <p class='ocr_par' dir='ltr' id='par_1_43' title="bbox 417 4154 2003 4223">
     <span class='ocr_line' id='line_1_43' title="bbox 417 4154 2003 4223; baseline 0.001 -16"><span class='ocrx_word' id='word_1_335' title='bbox 417 4163 562 4207; x_wconf 90' lang='lat' dir='ltr'><strong>esset</strong></span> <span class='ocrx_word' id='word_1_336' title='bbox 587 4169 730 4217; x_wconf 90' lang='lat' dir='ltr'><strong>eum,</strong></span> <span class='ocrx_word' id='word_1_337' title='bbox 758 4156 846 4223; x_wconf 88' lang='lat' dir='ltr'><strong>qui</strong></span> <span class='ocrx_word' id='word_1_338' title='bbox 875 4164 1030 4208; x_wconf 87' lang='lat' dir='ltr'><strong>antea</strong></span> <span class='ocrx_word' id='word_1_339' title='bbox 1058 4156 1111 4208; x_wconf 91' lang='lat' dir='ltr'><strong>in</strong></span> <span class='ocrx_word' id='word_1_340' title='bbox 1134 4162 1282 4208; x_wconf 87' lang='lat' dir='ltr'><strong>tanto</strong></span> <span class='ocrx_word' id='word_1_341' title='bbox 1306 4154 1594 4223; x_wconf 87' lang='lat' dir='ltr'><strong>splendore</strong></span> <span class='ocrx_word' id='word_1_342' title='bbox 1625 4154 1862 4220; x_wconf 85' lang='lat' dir='ltr'><strong>vixisset,</strong></span> <span class='ocrx_word' id='word_1_343' title='bbox 1885 4170 2003 4210; x_wconf 89' lang='lat' dir='ltr'><strong>cer-</strong></span> 
     </span>
    </p>
   </div>
   <div class='ocr_carea' id='block_1_44' title="bbox 417 4244 2004 4316">
    <p class='ocr_par' dir='ltr' id='par_1_44' title="bbox 417 4244 2004 4316">
     <span class='ocr_line' id='line_1_44' title="bbox 417 4244 2004 4316; baseline 0.003 -19"><span class='ocrx_word' id='word_1_344' title='bbox 417 4258 549 4297; x_wconf 84' lang='lat' dir='ltr'><strong>nere</strong></span> <span class='ocrx_word' id='word_1_345' title='bbox 571 4260 687 4298; x_wconf 89' lang='lat' dir='ltr'><strong>eum</strong></span> <span class='ocrx_word' id='word_1_346' title='bbox 720 4244 903 4299; x_wconf 88' lang='lat' dir='ltr'><strong>bestiis</strong></span> <span class='ocrx_word' id='word_1_347' title='bbox 924 4245 1227 4315; x_wconf 85' lang='lat' dir='ltr'><strong>degentem,</strong></span> <span class='ocrx_word' id='word_1_348' title='bbox 1262 4244 1483 4303; x_wconf 93' lang='lat' dir='ltr'><strong>nudum.</strong></span> <span class='ocrx_word' id='word_1_349' title='bbox 1510 4244 1624 4299; x_wconf 91' lang='lat' dir='ltr'><strong>Non</strong></span> <span class='ocrx_word' id='word_1_350' title='bbox 1652 4246 1793 4300; x_wconf 91' lang='lat' dir='ltr'><strong>enim</strong></span> <span class='ocrx_word' id='word_1_351' title='bbox 1822 4246 2004 4316; x_wconf 89' lang='lat' dir='ltr'><strong>utique</strong></span> 
     </span>
    </p>
   </div>
   <div class='ocr_carea' id='block_1_45' title="bbox 418 4333 2003 4404">
    <p class='ocr_par' dir='ltr' id='par_1_45' title="bbox 418 4333 2003 4404">
     <span class='ocr_line' id='line_1_45' title="bbox 418 4333 2003 4404; baseline 0.001 -15"><span class='ocrx_word' id='word_1_352' title='bbox 418 4333 647 4389; x_wconf 89' lang='lat' dir='ltr'><strong>formam</strong></span> <span class='ocrx_word' id='word_1_353' title='bbox 681 4336 937 4399; x_wconf 87' lang='lat' dir='ltr'><strong>mutavit;</strong></span> <span class='ocrx_word' id='word_1_354' title='bbox 969 4336 1396 4404; x_wconf 84' lang='lat' dir='ltr'><strong>quandoquidem</strong></span> <span class='ocrx_word' id='word_1_355' title='bbox 1436 4335 1487 4390; x_wconf 93' lang='lat' dir='ltr'><strong>id</strong></span> <span class='ocrx_word' id='word_1_356' title='bbox 1532 4336 1857 4390; x_wconf 90' lang='lat' dir='ltr'><strong>horrendum</strong></span> <span class='ocrx_word' id='word_1_357' title='bbox 1898 4352 2003 4391; x_wconf 89' lang='lat' dir='ltr'><strong>non</strong></span> 
     </span>
    </p>
   </div>
   <div class='ocr_carea' id='block_1_46' title="bbox 419 4426 2002 4494">
    <p class='ocr_par' dir='ltr' id='par_1_46' title="bbox 419 4426 2002 4494">
     <span class='ocr_line' id='line_1_46' title="bbox 419 4426 2002 4494; baseline 0.002 -16"><span class='ocrx_word' id='word_1_358' title='bbox 419 4426 629 4479; x_wconf 78' lang='lat' dir='ltr'><strong>fuisset.</strong></span> <span class='ocrx_word' id='word_1_359' title='bbox 670 4426 775 4479; x_wconf 88' lang='lat' dir='ltr'><strong>Cor</strong></span> <span class='ocrx_word' id='word_1_360' title='bbox 804 4436 980 4479; x_wconf 92' lang='lat' dir='ltr'><strong>autem</strong></span> <span class='ocrx_word' id='word_1_361' title='bbox 1007 4427 1191 4480; x_wconf 67' lang='lat' dir='ltr'><strong>bestiae</strong></span> <span class='ocrx_word' id='word_1_362' title='bbox 1220 4427 1490 4494; x_wconf 87' lang='lat' dir='ltr'><strong>accepisse</strong></span> <span class='ocrx_word' id='word_1_363' title='bbox 1538 4442 1643 4481; x_wconf 91' lang='lat' dir='ltr'><strong>non</strong></span> <span class='ocrx_word' id='word_1_364' title='bbox 1689 4428 1808 4482; x_wconf 92' lang='lat' dir='ltr'><strong>ideo</strong></span> <span class='ocrx_word' id='word_1_365' title='bbox 1852 4428 2002 4492; x_wconf 82' lang='lat' dir='ltr'><strong>dicit,</strong></span> 
     </span>
    </p>
   </div>
   <div class='ocr_carea' id='block_1_47' title="bbox 420 4515 2006 4587">
    <p class='ocr_par' dir='ltr' id='par_1_47' title="bbox 420 4515 2006 4587">
     <span class='ocr_line' id='line_1_47' title="bbox 420 4515 2006 4587; baseline 0.003 -19"><span class='ocrx_word' id='word_1_366' title='bbox 420 4515 562 4585; x_wconf 84' lang='lat' dir='ltr'><strong>quod</strong></span> <span class='ocrx_word' id='word_1_367' title='bbox 612 4525 790 4571; x_wconf 90' lang='lat' dir='ltr'><strong>mente</strong></span> <span class='ocrx_word' id='word_1_368' title='bbox 842 4516 1003 4571; x_wconf 90' lang='lat' dir='ltr'><strong>fuerit</strong></span> <span class='ocrx_word' id='word_1_369' title='bbox 1053 4517 1336 4583; x_wconf 90' lang='lat' dir='ltr'><strong>alienatus,</strong></span> <span class='ocrx_word' id='word_1_370' title='bbox 1383 4517 1474 4571; x_wconf 90' lang='lat' dir='ltr'><strong>sed</strong></span> <span class='ocrx_word' id='word_1_371' title='bbox 1522 4517 1661 4587; x_wconf 91' lang='lat' dir='ltr'><strong>quod</strong></span> <span class='ocrx_word' id='word_1_372' title='bbox 1715 4517 2006 4573; x_wconf 88' lang='lat' dir='ltr'><strong>humanum</strong></span> 
     </span>
    </p>
   </div>
   <div class='ocr_carea' id='block_1_48' title="bbox 419 4606 2006 4671">
    <p class='ocr_par' dir='ltr' id='par_1_48' title="bbox 419 4606 2006 4671">
     <span class='ocr_line' id='line_1_48' title="bbox 419 4606 2006 4671; baseline 0.003 -13"><span class='ocrx_word' id='word_1_373' title='bbox 419 4606 659 4660; x_wconf 88' lang='lat' dir='ltr'><strong>animum</strong></span> <span class='ocrx_word' id='word_1_374' title='bbox 694 4606 911 4671; x_wconf 88' lang='lat' dir='ltr'><strong>habens,</strong></span> <span class='ocrx_word' id='word_1_375' title='bbox 954 4616 1145 4661; x_wconf 91' lang='lat' dir='ltr'><strong>cuncta</strong></span> <span class='ocrx_word' id='word_1_376' title='bbox 1191 4610 1430 4661; x_wconf 89' lang='lat' dir='ltr'><strong>sentiret.</strong></span> <span class='ocrx_word' id='word_1_377' title='bbox 1475 4606 1605 4661; x_wconf 90' lang='lat' dir='ltr'><strong>Nam</strong></span> <span class='ocrx_word' id='word_1_378' title='bbox 1638 4607 1683 4661; x_wconf 89' lang='lat' dir='ltr'><strong>si</strong></span> <span class='ocrx_word' id='word_1_379' title='bbox 1712 4622 2006 4663; x_wconf 90' lang='lat' dir='ltr'><strong>conversus</strong></span> 
     </span>
    </p>
   </div>
   <div class='ocr_carea' id='block_1_49' title="bbox 420 4696 2003 4770">
    <p class='ocr_par' dir='ltr' id='par_1_49' title="bbox 420 4696 2003 4770">
     <span class='ocr_line' id='line_1_49' title="bbox 420 4696 2003 4770; baseline 0.002 -18"><span class='ocrx_word' id='word_1_380' title='bbox 420 4696 610 4754; x_wconf 89' lang='lat' dir='ltr'><strong>fuisset</strong></span> <span class='ocrx_word' id='word_1_381' title='bbox 637 4698 688 4753; x_wconf 94' lang='lat' dir='ltr'><strong>in</strong></span> <span class='ocrx_word' id='word_1_382' title='bbox 718 4698 964 4764; x_wconf 86' lang='lat' dir='ltr'><strong>bestiam,</strong></span> <span class='ocrx_word' id='word_1_383' title='bbox 992 4714 1055 4754; x_wconf 89' lang='lat' dir='ltr'><strong>ea</strong></span> <span class='ocrx_word' id='word_1_384' title='bbox 1081 4714 1202 4769; x_wconf 61' lang='lat' dir='ltr'><strong>quae</strong></span> <span class='ocrx_word' id='word_1_385' title='bbox 1241 4698 1558 4754; x_wconf 83' lang='lat' dir='ltr'><strong>eveniebant</strong></span> <span class='ocrx_word' id='word_1_386' title='bbox 1594 4715 1696 4755; x_wconf 93' lang='lat' dir='ltr'><strong>non</strong></span> <span class='ocrx_word' id='word_1_387' title='bbox 1720 4701 2003 4770; x_wconf 80' lang='lat' dir='ltr'><strong>cognovis-</strong></span> 
     </span>
    </p>
   </div>
   <div class='ocr_carea' id='block_1_50' title="bbox 417 4789 2005 4863">
    <p class='ocr_par' dir='ltr' id='par_1_50' title="bbox 417 4789 2005 4863">
     <span class='ocr_line' id='line_1_50' title="bbox 417 4789 2005 4863; baseline 0 -17"><span class='ocrx_word' id='word_1_388' title='bbox 417 4798 521 4846; x_wconf 87' lang='lat' dir='ltr'><strong>set.</strong></span> <span class='ocrx_word' id='word_1_389' title='bbox 545 4790 682 4859; x_wconf 86' lang='lat' dir='ltr'><strong>Quid</strong></span> <span class='ocrx_word' id='word_1_390' title='bbox 715 4792 875 4861; x_wconf 83' lang='lat' dir='ltr'><strong>igitur</strong></span> <span class='ocrx_word' id='word_1_391' title='bbox 903 4791 1185 4862; x_wconf 86' lang='lat' dir='ltr'><strong>signilicat,</strong></span> <span class='ocrx_word' id='word_1_392' title='bbox 1214 4789 1315 4845; x_wconf 85' lang='lat' dir='ltr'><strong>Cor</strong></span> <span class='ocrx_word' id='word_1_393' title='bbox 1340 4791 1508 4846; x_wconf 73' lang='lat' dir='ltr'><strong>bestia:</strong></span> <span class='ocrx_word' id='word_1_394' title='bbox 1532 4792 1706 4845; x_wconf 84' lang='lat' dir='ltr'><strong>datum</strong></span> <span class='ocrx_word' id='word_1_395' title='bbox 1731 4801 1803 4847; x_wconf 85' lang='lat' dir='ltr'><strong>est</strong></span> <span class='ocrx_word' id='word_1_396' title='bbox 1828 4792 1873 4846; x_wconf 89' lang='lat' dir='ltr'><strong>ei</strong></span> <span class='ocrx_word' id='word_1_397' title='bbox 1895 4792 2005 4863; x_wconf 80' lang='lat' dir='ltr'><strong>(a)?</strong></span> 
     </span>
    </p>
   </div>
   <div class='ocr_carea' id='block_1_51' title="bbox 421 4880 2004 4953">
    <p class='ocr_par' dir='ltr' id='par_1_51' title="bbox 421 4880 2004 4953">
     <span class='ocr_line' id='line_1_51' title="bbox 421 4880 2004 4953; baseline 0.003 -17"><span class='ocrx_word' id='word_1_398' title='bbox 421 4880 479 4936; x_wconf 84' lang='lat' dir='ltr'><strong>Id</strong></span> <span class='ocrx_word' id='word_1_399' title='bbox 509 4891 610 4946; x_wconf 90' lang='lat' dir='ltr'><strong>est,</strong></span> <span class='ocrx_word' id='word_1_400' title='bbox 640 4884 865 4953; x_wconf 76' lang='lat' dir='ltr'><strong>agrestis</strong></span> <span class='ocrx_word' id='word_1_401' title='bbox 891 4898 954 4938; x_wconf 90' lang='lat' dir='ltr'><strong>ac</strong></span> <span class='ocrx_word' id='word_1_402' title='bbox 992 4882 1138 4939; x_wconf 89' lang='lat' dir='ltr'><strong>ferus</strong></span> <span class='ocrx_word' id='word_1_403' title='bbox 1171 4882 1360 4949; x_wconf 89' lang='lat' dir='ltr'><strong>evasit,</strong></span> <span class='ocrx_word' id='word_1_404' title='bbox 1390 4897 1489 4939; x_wconf 89' lang='lat' dir='ltr'><strong>nec</strong></span> <span class='ocrx_word' id='word_1_405' title='bbox 1517 4884 1726 4939; x_wconf 90' lang='lat' dir='ltr'><strong>volebat</strong></span> <span class='ocrx_word' id='word_1_406' title='bbox 1750 4899 1870 4940; x_wconf 93' lang='lat' dir='ltr'><strong>cum</strong></span> <span class='ocrx_word' id='word_1_407' title='bbox 1905 4884 2004 4941; x_wconf 81' lang='lat' dir='ltr'><strong>ho-</strong></span> 
     </span>
    </p>
   </div>
   <div class='ocr_carea' id='block_1_52' title="bbox 420 4972 2005 5040">
    <p class='ocr_par' dir='ltr' id='par_1_52' title="bbox 420 4972 2005 5040">
     <span class='ocr_line' id='line_1_52' title="bbox 420 4972 2005 5040; baseline 0.003 -13"><span class='ocrx_word' id='word_1_408' title='bbox 420 4972 656 5028; x_wconf 86' lang='lat' dir='ltr'><strong>minibus</strong></span> <span class='ocrx_word' id='word_1_409' title='bbox 681 4976 925 5040; x_wconf 77' lang='lat' dir='ltr'><strong>versari;</strong></span> <span class='ocrx_word' id='word_1_410' title='bbox 973 4975 1055 5029; x_wconf 90' lang='lat' dir='ltr'><strong>vel</strong></span> <span class='ocrx_word' id='word_1_411' title='bbox 1099 4974 1284 5040; x_wconf 90' lang='lat' dir='ltr'><strong>etiam,</strong></span> <span class='ocrx_word' id='word_1_412' title='bbox 1310 4974 1529 5029; x_wconf 89' lang='lat' dir='ltr'><strong>timebat</strong></span> <span class='ocrx_word' id='word_1_413' title='bbox 1548 4990 1670 5030; x_wconf 90' lang='lat' dir='ltr'><strong>cum</strong></span> <span class='ocrx_word' id='word_1_414' title='bbox 1703 4975 2005 5033; x_wconf 88' lang='lat' dir='ltr'><strong>hominibus</strong></span> 
     </span>
    </p>
   </div>
   <div class='ocr_carea' id='block_1_53' title="bbox 420 5061 2006 5135">
    <p class='ocr_par' dir='ltr' id='par_1_53' title="bbox 420 5061 2006 5135">
     <span class='ocr_line' id='line_1_53' title="bbox 420 5061 2006 5135; baseline 0.005 -19"><span class='ocrx_word' id='word_1_415' title='bbox 420 5061 652 5132; x_wconf 89' lang='lat' dir='ltr'><strong>degere;</strong></span> <span class='ocrx_word' id='word_1_416' title='bbox 695 5064 807 5130; x_wconf 88' lang='lat' dir='ltr'><strong>vel,</strong></span> <span class='ocrx_word' id='word_1_417' title='bbox 835 5064 1080 5120; x_wconf 87' lang='lat' dir='ltr'><strong>homines</strong></span> <span class='ocrx_word' id='word_1_418' title='bbox 1114 5072 1176 5119; x_wconf 91' lang='lat' dir='ltr'><strong>ut</strong></span> <span class='ocrx_word' id='word_1_419' title='bbox 1200 5064 1343 5121; x_wconf 85' lang='lat' dir='ltr'><strong>feras</strong></span> <span class='ocrx_word' id='word_1_420' title='bbox 1372 5067 1663 5122; x_wconf 89' lang='lat' dir='ltr'><strong>metuebat.</strong></span> <span class='ocrx_word' id='word_1_421' title='bbox 1709 5068 1844 5135; x_wconf 89' lang='lat' dir='ltr'><strong>Quid</strong></span> <span class='ocrx_word' id='word_1_422' title='bbox 1892 5067 2006 5125; x_wconf 87' lang='lat' dir='ltr'><strong>fieri</strong></span> 
     </span>
    </p>
   </div>
   <div class='ocr_carea' id='block_1_54' title="bbox 420 5155 2007 5227">
    <p class='ocr_par' dir='ltr' id='par_1_54' title="bbox 420 5155 2007 5227">
     <span class='ocr_line' id='line_1_54' title="bbox 420 5155 2007 5227; baseline 0.007 -23"><span class='ocrx_word' id='word_1_423' title='bbox 420 5155 592 5225; x_wconf 85' lang='lat' dir='ltr'><strong>possit</strong></span> <span class='ocrx_word' id='word_1_424' title='bbox 634 5155 727 5209; x_wconf 92' lang='lat' dir='ltr'><strong>illo</strong></span> <span class='ocrx_word' id='word_1_425' title='bbox 755 5155 1076 5211; x_wconf 90' lang='lat' dir='ltr'><strong>sublimius?</strong></span> <span class='ocrx_word' id='word_1_426' title='bbox 1101 5156 1225 5227; x_wconf 91' lang='lat' dir='ltr'><strong>quid</strong></span> <span class='ocrx_word' id='word_1_427' title='bbox 1253 5156 1442 5212; x_wconf 90' lang='lat' dir='ltr'><strong>eodem</strong></span> <span class='ocrx_word' id='word_1_428' title='bbox 1488 5157 1779 5214; x_wconf 88' lang='lat' dir='ltr'><strong>humilius?</strong></span> <span class='ocrx_word' id='word_1_429' title='bbox 1823 5158 1892 5213; x_wconf 85' lang='lat' dir='ltr'><strong>Et</strong></span> <span class='ocrx_word' id='word_1_430' title='bbox 1919 5177 2007 5215; x_wconf 78' lang='lat' dir='ltr'><strong>ea:-</strong></span> 
     </span>
    </p>
   </div>
   <div class='ocr_carea' id='block_1_55' title="bbox 422 5246 2007 5320">
    <p class='ocr_par' dir='ltr' id='par_1_55' title="bbox 422 5246 2007 5320">
     <span class='ocr_line' id='line_1_55' title="bbox 422 5246 2007 5320; baseline 0.007 -23"><span class='ocrx_word' id='word_1_431' title='bbox 422 5246 600 5316; x_wconf 82' lang='lat' dir='ltr'><strong>pnlsus</strong></span> <span class='ocrx_word' id='word_1_432' title='bbox 629 5256 702 5300; x_wconf 88' lang='lat' dir='ltr'><strong>est</strong></span> <span class='ocrx_word' id='word_1_433' title='bbox 725 5246 787 5301; x_wconf 88' lang='lat' dir='ltr'><strong>ab</strong></span> <span class='ocrx_word' id='word_1_434' title='bbox 813 5247 1115 5301; x_wconf 80' lang='lat' dir='ltr'><strong>hominibus.</strong></span> <span class='ocrx_word' id='word_1_435' title='bbox 1151 5247 1423 5318; x_wconf 88' lang='lat' dir='ltr'><strong>Nusquam</strong></span> <span class='ocrx_word' id='word_1_436' title='bbox 1466 5249 1607 5303; x_wconf 93' lang='lat' dir='ltr'><strong>illius</strong></span> <span class='ocrx_word' id='word_1_437' title='bbox 1649 5253 1878 5320; x_wconf 89' lang='lat' dir='ltr'><strong>potentia</strong></span> <span class='ocrx_word' id='word_1_438' title='bbox 1909 5254 2007 5309; x_wconf 85' lang='lat' dir='ltr'><strong>de-</strong></span> 
     </span>
    </p>
   </div>
   <div class='ocr_carea' id='block_1_56' title="bbox 424 5337 2004 5407">
    <p class='ocr_par' dir='ltr' id='par_1_56' title="bbox 424 5337 2004 5407">
     <span class='ocr_line' id='line_1_56' title="bbox 424 5337 2004 5407; baseline 0.005 -15"><span class='ocrx_word' id='word_1_439' title='bbox 424 5337 597 5392; x_wconf 87' lang='lat' dir='ltr'><strong>fendit</strong></span> <span class='ocrx_word' id='word_1_440' title='bbox 641 5339 809 5393; x_wconf 91' lang='lat' dir='ltr'><strong>illum.</strong></span> <span class='ocrx_word' id='word_1_441' title='bbox 855 5337 971 5393; x_wconf 88' lang='lat' dir='ltr'><strong>Non</strong></span> <span class='ocrx_word' id='word_1_442' title='bbox 1000 5347 1115 5393; x_wconf 88' lang='lat' dir='ltr'><strong>erat</strong></span> <span class='ocrx_word' id='word_1_443' title='bbox 1142 5340 1420 5394; x_wconf 89' lang='lat' dir='ltr'><strong>carnivora</strong></span> <span class='ocrx_word' id='word_1_444' title='bbox 1464 5340 1652 5407; x_wconf 90' lang='lat' dir='ltr'><strong>bestia,</strong></span> <span class='ocrx_word' id='word_1_445' title='bbox 1686 5342 1779 5397; x_wconf 91' lang='lat' dir='ltr'><strong>sed</strong></span> <span class='ocrx_word' id='word_1_446' title='bbox 1808 5346 2004 5400; x_wconf 84' lang='lat' dir='ltr'><strong>foenum</strong></span> 
     </span>
    </p>
   </div>
   <div class='ocr_carea' id='block_1_57' title="bbox 423 5429 2003 5506">
    <p class='ocr_par' dir='ltr' id='par_1_57' title="bbox 423 5429 2003 5506">
     <span class='ocr_line' id='line_1_57' title="bbox 423 5429 2003 5506; baseline 0.004 -22"><span class='ocrx_word' id='word_1_447' title='bbox 423 5429 759 5501; x_wconf 87' lang='lat' dir='ltr'><strong>comedebat,</strong></span> <span class='ocrx_word' id='word_1_448' title='bbox 788 5439 843 5485; x_wconf 87' lang='lat' dir='ltr'><strong>et</strong></span> <span class='ocrx_word' id='word_1_449' title='bbox 871 5440 987 5485; x_wconf 87' lang='lat' dir='ltr'><strong>erat</strong></span> <span class='ocrx_word' id='word_1_450' title='bbox 1033 5431 1205 5501; x_wconf 82' lang='lat' dir='ltr'><strong>imago</strong></span> <span class='ocrx_word' id='word_1_451' title='bbox 1250 5430 1412 5485; x_wconf 89' lang='lat' dir='ltr'><strong>bruti.</strong></span> <span class='ocrx_word' id='word_1_452' title='bbox 1446 5431 1515 5488; x_wconf 88' lang='lat' dir='ltr'><strong>Ut</strong></span> <span class='ocrx_word' id='word_1_453' title='bbox 1552 5434 1761 5499; x_wconf 90' lang='lat' dir='ltr'><strong>credas,</strong></span> <span class='ocrx_word' id='word_1_454' title='bbox 1803 5436 2003 5506; x_wconf 89' lang='lat' dir='ltr'><strong>inquit:</strong></span> 
     </span>
    </p>
   </div>
   <div class='ocr_carea' id='block_1_58' title="bbox 424 5519 2007 5591">
    <p class='ocr_par' dir='ltr' id='par_1_58' title="bbox 424 5519 2007 5591">
     <span class='ocr_line' id='line_1_58' title="bbox 424 5519 2007 5591; baseline 0.006 -18"><span class='ocrx_word' id='word_1_455' title='bbox 424 5521 571 5574; x_wconf 86' lang='lat' dir='ltr'><strong>velut</strong></span> <span class='ocrx_word' id='word_1_456' title='bbox 598 5536 693 5590; x_wconf 91' lang='lat' dir='ltr'><strong>pro</strong></span> <span class='ocrx_word' id='word_1_457' title='bbox 714 5530 972 5575; x_wconf 89' lang='lat' dir='ltr'><strong>consueto</strong></span> <span class='ocrx_word' id='word_1_458' title='bbox 1000 5520 1194 5590; x_wconf 86' lang='lat' dir='ltr'><strong>pabulo</strong></span> <span class='ocrx_word' id='word_1_459' title='bbox 1223 5519 1443 5577; x_wconf 86' lang='lat' dir='ltr'><strong>habebis</strong></span> <span class='ocrx_word' id='word_1_460' title='bbox 1471 5523 1708 5579; x_wconf 86' lang='lat' dir='ltr'><strong>herbam.</strong></span> <span class='ocrx_word' id='word_1_461' title='bbox 1729 5524 2007 5591; x_wconf 88' lang='lat' dir='ltr'><strong>Quomodo</strong></span> 
     </span>
    </p>
   </div>
   <div class='ocr_carea' id='block_1_59' title="bbox 486 5656 2007 5723">
    <p class='ocr_par' dir='ltr' id='par_1_59' title="bbox 486 5656 2007 5723">
     <span class='ocr_line' id='line_1_59' title="bbox 486 5656 2007 5723; baseline 0.008 -20"><span class='ocrx_word' id='word_1_462' title='bbox 486 5656 562 5718; x_wconf 85' lang='lat' dir='ltr'><strong>(a)</strong></span> <span class='ocrx_word' id='word_1_463' title='bbox 594 5664 702 5707; x_wconf 57' lang='lat' dir='ltr'><strong>Haec</strong></span> <span class='ocrx_word' id='word_1_464' title='bbox 724 5659 772 5707; x_wconf 89' lang='lat' dir='ltr'><strong>in</strong></span> <span class='ocrx_word' id='word_1_465' title='bbox 808 5660 1045 5723; x_wconf 62' lang='lat' dir='ltr'><strong>scriptura</strong></span> <span class='ocrx_word' id='word_1_466' title='bbox 1086 5671 1179 5708; x_wconf 88' lang='lat' dir='ltr'><strong>non</strong></span> <span class='ocrx_word' id='word_1_467' title='bbox 1218 5659 1460 5711; x_wconf 83' lang='lat' dir='ltr'><strong>habentur</strong></span> <span class='ocrx_word' id='word_1_468' title='bbox 1480 5700 1493 5723; x_wconf 91' lang='lat'><strong>,</strong></span> <span class='ocrx_word' id='word_1_469' title='bbox 1532 5661 1622 5712; x_wconf 90' lang='lat' dir='ltr'><strong>sed</strong></span> <span class='ocrx_word' id='word_1_470' title='bbox 1663 5661 1757 5712; x_wconf 86' lang='lat' dir='ltr'><strong>huc</strong></span> <span class='ocrx_word' id='word_1_471' title='bbox 1794 5663 2007 5715; x_wconf 87' lang='lat' dir='ltr'><strong>traducta</strong></span> 
     </span>
    </p>
   </div>
   <div class='ocr_carea' id='block_1_60' title="bbox 423 5721 897 5771">
    <p class='ocr_par' dir='ltr' id='par_1_60' title="bbox 423 5721 897 5771">
     <span class='ocr_line' id='line_1_60' title="bbox 423 5721 897 5771; baseline 0.006 -6"><span class='ocrx_word' id='word_1_472' title='bbox 423 5728 535 5767; x_wconf 85' lang='lat' dir='ltr'><strong>sunt</strong></span> <span class='ocrx_word' id='word_1_473' title='bbox 560 5732 622 5768; x_wconf 80' lang='lat' dir='ltr'><strong>ex</strong></span> <span class='ocrx_word' id='word_1_474' title='bbox 647 5734 793 5771; x_wconf 87' lang='lat' dir='ltr'><strong>versu</strong></span> <span class='ocrx_word' id='word_1_475' title='bbox 818 5721 897 5771; x_wconf 83' lang='grc'><strong>15.</strong></span> 
     </span>
    </p>
   </div>
   <div class='ocr_carea' id='block_1_61' title="bbox 1110 268 2918 364">
    <p class='ocr_par' dir='ltr' id='par_1_61' title="bbox 1110 268 2918 364">
     <span class='ocr_line' id='line_1_61' title="bbox 1110 268 2918 364; baseline -0.008 -18"><span class='ocrx_word' id='word_1_476' title='bbox 1110 291 1183 346; x_wconf 77' lang='grc'><strong>’8.</strong></span> <span class='ocrx_word' id='word_1_477' title='bbox 1222 286 1496 345; x_wconf 81' lang='lat' dir='ltr'><strong>JOANNIS</strong></span> <span class='ocrx_word' id='word_1_478' title='bbox 1530 279 2001 339; x_wconf 77' lang='lat' dir='ltr'><strong>CllRYSOSTOMI</strong></span> <span class='ocrx_word' id='word_1_479' title='bbox 2038 276 2354 364; x_wconf 53' lang='lat' dir='ltr'><strong>itRCHIEP.</strong></span> <span class='ocrx_word' id='word_1_480' title='bbox 2395 268 2918 335; x_wconf 81' lang='lat' dir='ltr'><strong>CONSTANTINOP.</strong></span> 
     </span>
    </p>
   </div>
   <div class='ocr_carea' id='block_1_62' title="bbox 2090 391 3682 461">
    <p class='ocr_par' dir='ltr' id='par_1_62' title="bbox 2090 391 3682 461">
     <span class='ocr_line' id='line_1_62' title="bbox 2090 391 3682 461; baseline -0.001 -15"><span class='ocrx_word' id='word_1_481' title='bbox 2090 392 2216 448; x_wconf 81' lang='lat' dir='ltr'><strong>fera:</strong></span> <span class='ocrx_word' id='word_1_482' title='bbox 2256 393 2405 447; x_wconf 89' lang='lat' dir='ltr'><strong>illum</strong></span> <span class='ocrx_word' id='word_1_483' title='bbox 2449 408 2554 447; x_wconf 91' lang='lat' dir='ltr'><strong>non</strong></span> <span class='ocrx_word' id='word_1_484' title='bbox 2584 392 2942 448; x_wconf 86' lang='lat' dir='ltr'><strong>devorarunt?</strong></span> <span class='ocrx_word' id='word_1_485' title='bbox 2983 391 3253 460; x_wconf 83' lang='lat' dir='ltr'><strong>quomodo</strong></span> <span class='ocrx_word' id='word_1_486' title='bbox 3298 406 3496 461; x_wconf 83' lang='lat' dir='ltr'><strong>corpus</strong></span> <span class='ocrx_word' id='word_1_487' title='bbox 3526 394 3682 448; x_wconf 83' lang='lat' dir='ltr'><strong>illius</strong></span> 
     </span>
    </p>
   </div>
   <div class='ocr_carea' id='block_1_63' title="bbox 2086 468 3679 555">
    <p class='ocr_par' dir='ltr' id='par_1_63' title="bbox 2086 468 3679 555">
     <span class='ocr_line' id='line_1_63' title="bbox 2086 468 3679 555; baseline 0.001 -15"><span class='ocrx_word' id='word_1_488' title='bbox 2086 487 2234 541; x_wconf 89' lang='lat' dir='ltr'><strong>cibos</strong></span> <span class='ocrx_word' id='word_1_489' title='bbox 2284 486 2547 555; x_wconf 87' lang='lat' dir='ltr'><strong>ejusmodi</strong></span> <span class='ocrx_word' id='word_1_490' title='bbox 2602 487 2771 554; x_wconf 90' lang='lat' dir='ltr'><strong>potuit</strong></span> <span class='ocrx_word' id='word_1_491' title='bbox 2826 468 3199 554; x_wconf 84' lang='lat' dir='ltr'><strong>concoquere?</strong></span> <span class='ocrx_word' id='word_1_492' title='bbox 3243 485 3513 555; x_wconf 89' lang='lat' dir='ltr'><strong>quomodo</strong></span> <span class='ocrx_word' id='word_1_493' title='bbox 3564 501 3679 541; x_wconf 81' lang='lat' dir='ltr'><strong>non</strong></span> 
     </span>
    </p>
   </div>
   <div class='ocr_carea' id='block_1_64' title="bbox 2091 576 3679 647">
    <p class='ocr_par' dir='ltr' id='par_1_64' title="bbox 2091 576 3679 647">
     <span class='ocr_line' id='line_1_64' title="bbox 2091 576 3679 647; baseline -0.001 -15"><span class='ocrx_word' id='word_1_494' title='bbox 2091 579 2284 647; x_wconf 87' lang='lat' dir='ltr'><strong>periit?</strong></span> <span class='ocrx_word' id='word_1_495' title='bbox 2325 578 2506 647; x_wconf 85' lang='lat' dir='ltr'><strong>Neque</strong></span> <span class='ocrx_word' id='word_1_496' title='bbox 2535 576 2677 633; x_wconf 89' lang='lat' dir='ltr'><strong>enim</strong></span> <span class='ocrx_word' id='word_1_497' title='bbox 2721 577 2885 633; x_wconf 89' lang='lat' dir='ltr'><strong>breve</strong></span> <span class='ocrx_word' id='word_1_498' title='bbox 2932 587 3144 647; x_wconf 90' lang='lat' dir='ltr'><strong>tempus</strong></span> <span class='ocrx_word' id='word_1_499' title='bbox 3186 577 3529 633; x_wconf 82' lang='lat' dir='ltr'><strong>intercessit:</strong></span> <span class='ocrx_word' id='word_1_500' title='bbox 3559 578 3679 632; x_wconf 85' lang='lat' dir='ltr'><strong>cir-</strong></span> 
     </span>
    </p>
   </div>
   <div class='ocr_carea' id='block_1_65' title="bbox 2089 669 3677 738">
    <p class='ocr_par' dir='ltr' id='par_1_65' title="bbox 2089 669 3677 738">
     <span class='ocr_line' id='line_1_65' title="bbox 2089 669 3677 738; baseline 0 -14"><span class='ocrx_word' id='word_1_501' title='bbox 2089 670 2284 734; x_wconf 86' lang='lat' dir='ltr'><strong>cuibat,</strong></span> <span class='ocrx_word' id='word_1_502' title='bbox 2313 670 2561 724; x_wconf 90' lang='lat' dir='ltr'><strong>omnibus</strong></span> <span class='ocrx_word' id='word_1_503' title='bbox 2591 669 2762 724; x_wconf 90' lang='lat' dir='ltr'><strong>factus</strong></span> <span class='ocrx_word' id='word_1_504' title='bbox 2788 671 3088 738; x_wconf 78' lang='lat' dir='ltr'><strong>exemplum</strong></span> <span class='ocrx_word' id='word_1_505' title='bbox 3117 669 3447 735; x_wconf 88' lang='lat' dir='ltr'><strong>humilitatis,</strong></span> <span class='ocrx_word' id='word_1_506' title='bbox 3481 671 3535 724; x_wconf 92' lang='lat' dir='ltr'><strong>in</strong></span> <span class='ocrx_word' id='word_1_507' title='bbox 3588 685 3677 724; x_wconf 84' lang='lat' dir='ltr'><strong>se-</strong></span> 
     </span>
    </p>
   </div>
   <div class='ocr_carea' id='block_1_66' title="bbox 2090 760 3675 831">
    <p class='ocr_par' dir='ltr' id='par_1_66' title="bbox 2090 760 3675 831">
     <span class='ocr_line' id='line_1_66' title="bbox 2090 760 3675 831; baseline -0.001 -16"><span class='ocrx_word' id='word_1_508' title='bbox 2090 762 2207 831; x_wconf 88' lang='lat' dir='ltr'><strong>ipso</strong></span> <span class='ocrx_word' id='word_1_509' title='bbox 2237 761 2415 815; x_wconf 87' lang='lat' dir='ltr'><strong>ferens</strong></span> <span class='ocrx_word' id='word_1_510' title='bbox 2440 760 2631 815; x_wconf 89' lang='lat' dir='ltr'><strong>indicia</strong></span> <span class='ocrx_word' id='word_1_511' title='bbox 2660 760 2971 829; x_wconf 87' lang='lat' dir='ltr'><strong>punitionis,</strong></span> <span class='ocrx_word' id='word_1_512' title='bbox 2999 760 3446 829; x_wconf 81' lang='lat' dir='ltr'><strong>quemadmodum</strong></span> <span class='ocrx_word' id='word_1_513' title='bbox 3478 774 3675 814; x_wconf 86' lang='lat' dir='ltr'><strong>servus</strong></span> 
     </span>
    </p>
   </div>
   <div class='ocr_carea' id='block_1_67' title="bbox 2089 850 3676 922">
    <p class='ocr_par' dir='ltr' id='par_1_67' title="bbox 2089 850 3676 922">
     <span class='ocr_line' id='line_1_67' title="bbox 2089 850 3676 922; baseline -0.001 -15"><span class='ocrx_word' id='word_1_514' title='bbox 2089 852 2230 908; x_wconf 89' lang='lat' dir='ltr'><strong>notis</strong></span> <span class='ocrx_word' id='word_1_515' title='bbox 2264 861 2629 920; x_wconf 87' lang='lat' dir='ltr'><strong>compunctus.</strong></span> <span class='ocrx_word' id='word_1_516' title='bbox 2663 855 2732 907; x_wconf 82' lang='lat' dir='ltr'><strong>At</strong></span> <span class='ocrx_word' id='word_1_517' title='bbox 2762 860 2907 907; x_wconf 89' lang='lat' dir='ltr'><strong>certe</strong></span> <span class='ocrx_word' id='word_1_518' title='bbox 2947 852 3300 922; x_wconf 84' lang='lat' dir='ltr'><strong>praestitisset,</strong></span> <span class='ocrx_word' id='word_1_519' title='bbox 3328 852 3523 907; x_wconf 81' lang='lat' dir='ltr'><strong>dixerit</strong></span> <span class='ocrx_word' id='word_1_520' title='bbox 3562 850 3676 906; x_wconf 89' lang='lat' dir='ltr'><strong>for-</strong></span> 
     </span>
    </p>
   </div>
   <div class='ocr_carea' id='block_1_68' title="bbox 2092 943 3680 1013">
    <p class='ocr_par' dir='ltr' id='par_1_68' title="bbox 2092 943 3680 1013">
     <span class='ocr_line' id='line_1_68' title="bbox 2092 943 3680 1013; baseline 0 -15"><span class='ocrx_word' id='word_1_521' title='bbox 2092 952 2232 998; x_wconf 82' lang='lat' dir='ltr'><strong>tasse</strong></span> <span class='ocrx_word' id='word_1_522' title='bbox 2255 944 2468 1013; x_wconf 88' lang='lat' dir='ltr'><strong>aliquis,</strong></span> <span class='ocrx_word' id='word_1_523' title='bbox 2493 959 2614 998; x_wconf 92' lang='lat' dir='ltr'><strong>cum</strong></span> <span class='ocrx_word' id='word_1_524' title='bbox 2650 943 2957 998; x_wconf 83' lang='lat' dir='ltr'><strong>hominibus</strong></span> <span class='ocrx_word' id='word_1_525' title='bbox 2993 943 3140 998; x_wconf 90' lang='lat' dir='ltr'><strong>illum</strong></span> <span class='ocrx_word' id='word_1_526' title='bbox 3162 944 3393 1007; x_wconf 80' lang='lat' dir='ltr'><strong>versari,</strong></span> <span class='ocrx_word' id='word_1_527' title='bbox 3420 954 3588 1013; x_wconf 88' lang='lat' dir='ltr'><strong>atque</strong></span> <span class='ocrx_word' id='word_1_528' title='bbox 3621 944 3680 998; x_wconf 81' lang='lat' dir='ltr'><strong>id</strong></span> 
     </span>
    </p>
   </div>
   <div class='ocr_carea' id='block_1_69' title="bbox 2091 1028 3681 1106">
    <p class='ocr_par' dir='ltr' id='par_1_69' title="bbox 2091 1028 3681 1106">
     <span class='ocr_line' id='line_1_69' title="bbox 2091 1028 3681 1106; baseline -0.003 -16"><span class='ocrx_word' id='word_1_529' title='bbox 2091 1036 2198 1106; x_wconf 88' lang='lat' dir='ltr'><strong>pati</strong></span> <span class='ocrx_word' id='word_1_530' title='bbox 2222 1028 2363 1091; x_wconf 18' lang='lat' dir='ltr'><strong>:‘sed</strong></span> <span class='ocrx_word' id='word_1_531' title='bbox 2386 1046 2441 1089; x_wconf 92' lang='lat' dir='ltr'><strong>ut</strong></span> <span class='ocrx_word' id='word_1_532' title='bbox 2468 1050 2626 1105; x_wconf 68' lang='lat' dir='ltr'><strong>paena</strong></span> <span class='ocrx_word' id='word_1_533' title='bbox 2668 1037 2768 1105; x_wconf 89' lang='lat' dir='ltr'><strong>ipsi</strong></span> <span class='ocrx_word' id='word_1_534' title='bbox 2796 1035 3169 1103; x_wconf 83' lang='lat' dir='ltr'><strong>adaugeretur,</strong></span> <span class='ocrx_word' id='word_1_535' title='bbox 3200 1034 3304 1090; x_wconf 90' lang='lat' dir='ltr'><strong>hoc</strong></span> <span class='ocrx_word' id='word_1_536' title='bbox 3334 1035 3528 1090; x_wconf 83' lang='lat' dir='ltr'><strong>factum</strong></span> <span class='ocrx_word' id='word_1_537' title='bbox 3572 1044 3681 1090; x_wconf 81' lang='lat' dir='ltr'><strong>est.</strong></span> 
     </span>
    </p>
   </div>
   <div class='ocr_carea' id='block_1_70' title="bbox 2088 1128 3681 1200">
    <p class='ocr_par' dir='ltr' id='par_1_70' title="bbox 2088 1128 3681 1200">
     <span class='ocr_line' id='line_1_70' title="bbox 2088 1128 3681 1200; baseline 0.001 -17"><span class='ocrx_word' id='word_1_538' title='bbox 2088 1129 2221 1183; x_wconf 88' lang='lat' dir='ltr'><strong>Nam</strong></span> <span class='ocrx_word' id='word_1_539' title='bbox 2244 1130 2521 1199; x_wconf 87' lang='lat' dir='ltr'><strong>castigatio</strong></span> <span class='ocrx_word' id='word_1_540' title='bbox 2560 1128 2781 1199; x_wconf 89' lang='lat' dir='ltr'><strong>perinde</strong></span> <span class='ocrx_word' id='word_1_541' title='bbox 2814 1128 3087 1197; x_wconf 88' lang='lat' dir='ltr'><strong>manebat,</strong></span> <span class='ocrx_word' id='word_1_542' title='bbox 3112 1144 3232 1184; x_wconf 91' lang='lat' dir='ltr'><strong>cum</strong></span> <span class='ocrx_word' id='word_1_543' title='bbox 3258 1144 3377 1199; x_wconf 72' lang='lat' dir='ltr'><strong>qua:</strong></span> <span class='ocrx_word' id='word_1_544' title='bbox 3418 1129 3519 1200; x_wconf 91' lang='lat' dir='ltr'><strong>ipsi</strong></span> <span class='ocrx_word' id='word_1_545' title='bbox 3545 1144 3681 1184; x_wconf 84' lang='lat' dir='ltr'><strong>eve-</strong></span> 
     </span>
    </p>
   </div>
   <div class='ocr_carea' id='block_1_71' title="bbox 2091 1219 3679 1290">
    <p class='ocr_par' dir='ltr' id='par_1_71' title="bbox 2091 1219 3679 1290">
     <span class='ocr_line' id='line_1_71' title="bbox 2091 1219 3679 1290; baseline -0.001 -14"><span class='ocrx_word' id='word_1_546' title='bbox 2091 1232 2301 1288; x_wconf 90' lang='lat' dir='ltr'><strong>nerant,</strong></span> <span class='ocrx_word' id='word_1_547' title='bbox 2323 1235 2512 1275; x_wconf 89' lang='lat' dir='ltr'><strong>omnes</strong></span> <span class='ocrx_word' id='word_1_548' title='bbox 2533 1221 2894 1287; x_wconf 89' lang='lat' dir='ltr'><strong>enuntiarent,</strong></span> <span class='ocrx_word' id='word_1_549' title='bbox 2912 1236 3138 1290; x_wconf 90' lang='lat' dir='ltr'><strong>cumque</strong></span> <span class='ocrx_word' id='word_1_550' title='bbox 3162 1220 3332 1290; x_wconf 91' lang='lat' dir='ltr'><strong>ipsum</strong></span> <span class='ocrx_word' id='word_1_551' title='bbox 3350 1236 3504 1290; x_wconf 68' lang='lat' dir='ltr'><strong>atque</strong></span> <span class='ocrx_word' id='word_1_552' title='bbox 3528 1219 3679 1274; x_wconf 87' lang='lat' dir='ltr'><strong>vide-</strong></span> 
     </span>
    </p>
   </div>
   <div class='ocr_carea' id='block_1_72' title="bbox 2090 1310 3683 1378">
    <p class='ocr_par' dir='ltr' id='par_1_72' title="bbox 2090 1310 3683 1378">
     <span class='ocr_line' id='line_1_72' title="bbox 2090 1310 3683 1378; baseline -0.001 -10"><span class='ocrx_word' id='word_1_553' title='bbox 2090 1323 2209 1368; x_wconf 87' lang='lat' dir='ltr'><strong>rent</strong></span> <span class='ocrx_word' id='word_1_554' title='bbox 2229 1312 2379 1378; x_wconf 90' lang='lat' dir='ltr'><strong>foris,</strong></span> <span class='ocrx_word' id='word_1_555' title='bbox 2398 1312 2449 1367; x_wconf 91' lang='lat' dir='ltr'><strong>id</strong></span> <span class='ocrx_word' id='word_1_556' title='bbox 2472 1322 2649 1368; x_wconf 87' lang='lat' dir='ltr'><strong>autem</strong></span> <span class='ocrx_word' id='word_1_557' title='bbox 2664 1327 2888 1368; x_wconf 87' lang='lat' dir='ltr'><strong>cernere</strong></span> <span class='ocrx_word' id='word_1_558' title='bbox 2911 1312 3079 1367; x_wconf 89' lang='lat' dir='ltr'><strong>multo</strong></span> <span class='ocrx_word' id='word_1_559' title='bbox 3106 1312 3394 1367; x_wconf 88' lang='lat' dir='ltr'><strong>terribilius</strong></span> <span class='ocrx_word' id='word_1_560' title='bbox 3414 1320 3550 1366; x_wconf 91' lang='lat' dir='ltr'><strong>erat.</strong></span> <span class='ocrx_word' id='word_1_561' title='bbox 3571 1310 3683 1366; x_wconf 85' lang='lat' dir='ltr'><strong>Nec</strong></span> 
     </span>
    </p>
   </div>
   <div class='ocr_carea' id='block_1_73' title="bbox 2089 1402 3687 1474">
    <p class='ocr_par' dir='ltr' id='par_1_73' title="bbox 2089 1402 3687 1474">
     <span class='ocr_line' id='line_1_73' title="bbox 2089 1402 3687 1474; baseline -0.002 -14"><span class='ocrx_word' id='word_1_562' title='bbox 2089 1413 2301 1474; x_wconf 89' lang='lat' dir='ltr'><strong>tempus</strong></span> <span class='ocrx_word' id='word_1_563' title='bbox 2317 1404 2479 1459; x_wconf 89' lang='lat' dir='ltr'><strong>breve</strong></span> <span class='ocrx_word' id='word_1_564' title='bbox 2494 1402 2611 1467; x_wconf 86' lang='lat' dir='ltr'><strong>fuit,</strong></span> <span class='ocrx_word' id='word_1_565' title='bbox 2624 1405 2717 1459; x_wconf 89' lang='lat' dir='ltr'><strong>sed</strong></span> <span class='ocrx_word' id='word_1_566' title='bbox 2732 1417 2784 1459; x_wconf 91' lang='lat' dir='ltr'><strong>et</strong></span> <span class='ocrx_word' id='word_1_567' title='bbox 2799 1405 2973 1474; x_wconf 89' lang='lat' dir='ltr'><strong>ipsum</strong></span> <span class='ocrx_word' id='word_1_568' title='bbox 2988 1402 3474 1460; x_wconf 84' lang='lat' dir='ltr'><strong>sabbaticum.Nam</strong></span> <span class='ocrx_word' id='word_1_569' title='bbox 3487 1412 3687 1474; x_wconf 75' lang='lat' dir='ltr'><strong>septem</strong></span> 
     </span>
    </p>
   </div>
   <div class='ocr_carea' id='block_1_74' title="bbox 2092 1494 3691 1565">
    <p class='ocr_par' dir='ltr' id='par_1_74' title="bbox 2092 1494 3691 1565">
     <span class='ocr_line' id='line_1_74' title="bbox 2092 1494 3691 1565; baseline -0.001 -15"><span class='ocrx_word' id='word_1_570' title='bbox 2092 1506 2336 1565; x_wconf 70' lang='lat' dir='ltr'><strong>tmpore,</strong></span> <span class='ocrx_word' id='word_1_571' title='bbox 2354 1496 2539 1565; x_wconf 91' lang='lat' dir='ltr'><strong>inquit,</strong></span> <span class='ocrx_word' id='word_1_572' title='bbox 2554 1496 2909 1549; x_wconf 84' lang='lat' dir='ltr'><strong>mutabuntur:</strong></span> <span class='ocrx_word' id='word_1_573' title='bbox 2930 1494 2982 1550; x_wconf 92' lang='lat' dir='ltr'><strong>id</strong></span> <span class='ocrx_word' id='word_1_574' title='bbox 3000 1503 3100 1558; x_wconf 88' lang='lat' dir='ltr'><strong>est,</strong></span> <span class='ocrx_word' id='word_1_575' title='bbox 3123 1503 3232 1550; x_wconf 80' lang='lat' dir='ltr'><strong>tres</strong></span> <span class='ocrx_word' id='word_1_576' title='bbox 3247 1495 3368 1550; x_wconf 81' lang='lat' dir='ltr'><strong>anni</strong></span> <span class='ocrx_word' id='word_1_577' title='bbox 3385 1510 3506 1550; x_wconf 88' lang='lat' dir='ltr'><strong>cum</strong></span> <span class='ocrx_word' id='word_1_578' title='bbox 3530 1494 3691 1549; x_wconf 79' lang='lat' dir='ltr'><strong>dilui-</strong></span> 
     </span>
    </p>
   </div>
   <div class='ocr_carea' id='block_1_75' title="bbox 2090 1584 3692 1656">
    <p class='ocr_par' dir='ltr' id='par_1_75' title="bbox 2090 1584 3692 1656">
     <span class='ocr_line' id='line_1_75' title="bbox 2090 1584 3692 1656; baseline -0.002 -15"><span class='ocrx_word' id='word_1_579' title='bbox 2090 1585 2393 1656; x_wconf 73' lang='lat' dir='ltr'><strong>dio(a).&#39;.’il.</strong></span> <span class='ocrx_word' id='word_1_580' title='bbox 2412 1605 2433 1638; x_wconf 72' lang='grc' dir='ltr'><strong><em>ι</em></strong></span> <span class='ocrx_word' id='word_1_581' title='bbox 2458 1587 2524 1641; x_wconf 84' lang='grc' dir='ltr'><strong>Ει</strong></span> <span class='ocrx_word' id='word_1_582' title='bbox 2540 1596 2658 1656; x_wconf 88' lang='lat' dir='ltr'><strong>post</strong></span> <span class='ocrx_word' id='word_1_583' title='bbox 2675 1586 2832 1641; x_wconf 83' lang='lat' dir='ltr'><strong>linem</strong></span> <span class='ocrx_word' id='word_1_584' title='bbox 2851 1585 3223 1652; x_wconf 64' lang='lat' dir='ltr'><strong>dierumego,»</strong></span> <span class='ocrx_word' id='word_1_585' title='bbox 3246 1585 3432 1656; x_wconf 88' lang='lat' dir='ltr'><strong>inquit,</strong></span> <span class='ocrx_word' id='word_1_586' title='bbox 3459 1604 3478 1636; x_wconf 76' lang='grc' dir='ltr'><strong><em>ι</em></strong></span> <span class='ocrx_word' id='word_1_587' title='bbox 3503 1584 3692 1640; x_wconf 84' lang='lat' dir='ltr'><strong>Nabu-</strong></span> 
     </span>
    </p>
   </div>
   <div class='ocr_carea' id='block_1_76' title="bbox 2079 1677 3689 1743">
    <p class='ocr_par' dir='ltr' id='par_1_76' title="bbox 2079 1677 3689 1743">
     <span class='ocr_line' id='line_1_76' title="bbox 2079 1677 3689 1743; baseline -0.002 -9"><span class='ocrx_word' id='word_1_588' title='bbox 2079 1678 2432 1734; x_wconf 75' lang='lat' dir='ltr'><strong>chodonosor</strong></span> <span class='ocrx_word' id='word_1_589' title='bbox 2459 1679 2643 1734; x_wconf 89' lang='lat' dir='ltr'><strong>oculos</strong></span> <span class='ocrx_word' id='word_1_590' title='bbox 2660 1692 2809 1734; x_wconf 88' lang='lat' dir='ltr'><strong>meos</strong></span> <span class='ocrx_word' id='word_1_591' title='bbox 2828 1680 2880 1733; x_wconf 92' lang='lat' dir='ltr'><strong>in</strong></span> <span class='ocrx_word' id='word_1_592' title='bbox 2901 1678 3092 1733; x_wconf 68' lang='lat' dir='ltr'><strong>caelum</strong></span> <span class='ocrx_word' id='word_1_593' title='bbox 3115 1677 3361 1743; x_wconf 83' lang='lat' dir='ltr'><strong>levavi,et</strong></span> <span class='ocrx_word' id='word_1_594' title='bbox 3382 1691 3534 1731; x_wconf 89' lang='lat' dir='ltr'><strong>mens</strong></span> <span class='ocrx_word' id='word_1_595' title='bbox 3564 1692 3689 1731; x_wconf 87' lang='lat' dir='ltr'><strong>mea</strong></span> 
     </span>
    </p>
   </div>
   <div class='ocr_carea' id='block_1_77' title="bbox 2094 1769 3692 1837">
    <p class='ocr_par' dir='ltr' id='par_1_77' title="bbox 2094 1769 3692 1837">
     <span class='ocr_line' id='line_1_77' title="bbox 2094 1769 3692 1837; baseline -0.001 -13"><span class='ocrx_word' id='word_1_596' title='bbox 2094 1784 2305 1825; x_wconf 85' lang='lat' dir='ltr'><strong>reversa</strong></span> <span class='ocrx_word' id='word_1_597' title='bbox 2319 1780 2402 1826; x_wconf 93' lang='lat' dir='ltr'><strong>est</strong></span> <span class='ocrx_word' id='word_1_598' title='bbox 2418 1770 2483 1824; x_wconf 88' lang='lat' dir='ltr'><strong>ad</strong></span> <span class='ocrx_word' id='word_1_599' title='bbox 2507 1786 2615 1836; x_wconf 91' lang='lat' dir='ltr'><strong>me,</strong></span> <span class='ocrx_word' id='word_1_600' title='bbox 2637 1779 2690 1825; x_wconf 90' lang='lat' dir='ltr'><strong>et</strong></span> <span class='ocrx_word' id='word_1_601' title='bbox 2703 1770 3037 1825; x_wconf 82' lang='lat' dir='ltr'><strong>Altissimum</strong></span> <span class='ocrx_word' id='word_1_602' title='bbox 3062 1769 3329 1837; x_wconf 83' lang='lat' dir='ltr'><strong>benedixi,</strong></span> <span class='ocrx_word' id='word_1_603' title='bbox 3344 1778 3400 1824; x_wconf 91' lang='lat' dir='ltr'><strong>et</strong></span> <span class='ocrx_word' id='word_1_604' title='bbox 3415 1770 3692 1824; x_wconf 87' lang='lat' dir='ltr'><strong>viventem</strong></span> 
     </span>
    </p>
   </div>
   <div class='ocr_carea' id='block_1_78' title="bbox 2096 1858 3694 1931">
    <p class='ocr_par' dir='ltr' id='par_1_78' title="bbox 2096 1858 3694 1931">
     <span class='ocr_line' id='line_1_78' title="bbox 2096 1858 3694 1931; baseline -0.004 -13"><span class='ocrx_word' id='word_1_605' title='bbox 2096 1863 2152 1918; x_wconf 91' lang='lat' dir='ltr'><strong>in</strong></span> <span class='ocrx_word' id='word_1_606' title='bbox 2180 1862 2373 1918; x_wconf 65' lang='lat' dir='ltr'><strong>saecula</strong></span> <span class='ocrx_word' id='word_1_607' title='bbox 2405 1861 2636 1928; x_wconf 90' lang='lat' dir='ltr'><strong>laudavi,</strong></span> <span class='ocrx_word' id='word_1_608' title='bbox 2665 1858 2720 1917; x_wconf 80' lang='lat' dir='ltr'><strong>et</strong></span> <span class='ocrx_word' id='word_1_609' title='bbox 2770 1860 3080 1930; x_wconf 84' lang='lat' dir='ltr'><strong>glorificavi,</strong></span> <span class='ocrx_word' id='word_1_610' title='bbox 3122 1860 3243 1930; x_wconf 89' lang='lat' dir='ltr'><strong>quia</strong></span> <span class='ocrx_word' id='word_1_611' title='bbox 3297 1868 3535 1931; x_wconf 88' lang='lat' dir='ltr'><strong>potestas</strong></span> <span class='ocrx_word' id='word_1_612' title='bbox 3566 1860 3694 1929; x_wconf 84' lang='lat' dir='ltr'><strong>ejus</strong></span> 
     </span>
    </p>
   </div>
   <div class='ocr_carea' id='block_1_79' title="bbox 2095 1952 3698 2025">
    <p class='ocr_par' dir='ltr' id='par_1_79' title="bbox 2095 1952 3698 2025">
     <span class='ocr_line' id='line_1_79' title="bbox 2095 1952 3698 2025; baseline -0.003 -16"><span class='ocrx_word' id='word_1_613' title='bbox 2095 1962 2330 2025; x_wconf 85' lang='lat' dir='ltr'><strong>potestas</strong></span> <span class='ocrx_word' id='word_1_614' title='bbox 2350 1960 2571 2018; x_wconf 65' lang='lat' dir='ltr'><strong>aeterna,</strong></span> <span class='ocrx_word' id='word_1_615' title='bbox 2586 1962 2641 2008; x_wconf 89' lang='lat' dir='ltr'><strong>et</strong></span> <span class='ocrx_word' id='word_1_616' title='bbox 2653 1967 2875 2022; x_wconf 90' lang='lat' dir='ltr'><strong>regnum</strong></span> <span class='ocrx_word' id='word_1_617' title='bbox 2893 1952 3008 2022; x_wconf 91' lang='lat' dir='ltr'><strong>ejus</strong></span> <span class='ocrx_word' id='word_1_618' title='bbox 3035 1952 3087 2006; x_wconf 91' lang='lat' dir='ltr'><strong>in</strong></span> <span class='ocrx_word' id='word_1_619' title='bbox 3113 1953 3507 2022; x_wconf 87' lang='lat' dir='ltr'><strong>generationem</strong></span> <span class='ocrx_word' id='word_1_620' title='bbox 3520 1961 3577 2007; x_wconf 89' lang='lat' dir='ltr'><strong>et</strong></span> <span class='ocrx_word' id='word_1_621' title='bbox 3597 1966 3698 2019; x_wconf 83' lang='lat' dir='ltr'><strong>ge—</strong></span> 
     </span>
    </p>
   </div>
   <div class='ocr_carea' id='block_1_80' title="bbox 2094 2041 3696 2111">
    <p class='ocr_par' dir='ltr' id='par_1_80' title="bbox 2094 2041 3696 2111">
     <span class='ocr_line' id='line_1_80' title="bbox 2094 2041 3696 2111; baseline -0.003 -11"><span class='ocrx_word' id='word_1_622' title='bbox 2094 2045 2453 2100; x_wconf 89' lang='lat' dir='ltr'><strong>nerationem.</strong></span> <span class='ocrx_word' id='word_1_623' title='bbox 2497 2042 2586 2099; x_wconf 75' lang='lat'><strong>32.</strong></span> <span class='ocrx_word' id='word_1_624' title='bbox 2618 2043 2685 2097; x_wconf 87' lang='lat' dir='ltr'><strong>Et</strong></span> <span class='ocrx_word' id='word_1_625' title='bbox 2708 2057 2895 2098; x_wconf 89' lang='lat' dir='ltr'><strong>omnes</strong></span> <span class='ocrx_word' id='word_1_626' title='bbox 2920 2042 3244 2098; x_wconf 78' lang='lat' dir='ltr'><strong>habitatores</strong></span> <span class='ocrx_word' id='word_1_627' title='bbox 3295 2052 3486 2106; x_wconf 80' lang='lat' dir='ltr'><strong>terrae,</strong></span> <span class='ocrx_word' id='word_1_628' title='bbox 3528 2041 3696 2111; x_wconf 87' lang='lat' dir='ltr'><strong>quasi</strong></span> 
     </span>
    </p>
   </div>
   <div class='ocr_carea' id='block_1_81' title="bbox 2095 2133 3697 2205">
    <p class='ocr_par' dir='ltr' id='par_1_81' title="bbox 2095 2133 3697 2205">
     <span class='ocr_line' id='line_1_81' title="bbox 2095 2133 3697 2205; baseline -0.002 -14"><span class='ocrx_word' id='word_1_629' title='bbox 2095 2135 2321 2191; x_wconf 86' lang='lat' dir='ltr'><strong>nihilum</strong></span> <span class='ocrx_word' id='word_1_630' title='bbox 2347 2135 2579 2205; x_wconf 87' lang='lat' dir='ltr'><strong>reputati</strong></span> <span class='ocrx_word' id='word_1_631' title='bbox 2598 2144 2742 2189; x_wconf 93' lang='lat' dir='ltr'><strong>sunt.</strong></span> <span class='ocrx_word' id='word_1_632' title='bbox 2770 2134 2999 2203; x_wconf 81' lang='lat' dir='ltr'><strong>Etjuxta</strong></span> <span class='ocrx_word' id='word_1_633' title='bbox 3021 2135 3345 2190; x_wconf 85' lang='lat' dir='ltr'><strong>voluntatem</strong></span> <span class='ocrx_word' id='word_1_634' title='bbox 3374 2149 3528 2190; x_wconf 88' lang='lat' dir='ltr'><strong>suam</strong></span> <span class='ocrx_word' id='word_1_635' title='bbox 3555 2133 3697 2189; x_wconf 85' lang='lat' dir='ltr'><strong>facit</strong></span> 
     </span>
    </p>
   </div>
   <div class='ocr_carea' id='block_1_82' title="bbox 2096 2225 3692 2295">
    <p class='ocr_par' dir='ltr' id='par_1_82' title="bbox 2096 2225 3692 2295">
     <span class='ocr_line' id='line_1_82' title="bbox 2096 2225 3692 2295; baseline -0.003 -12"><span class='ocrx_word' id='word_1_636' title='bbox 2096 2228 2150 2283; x_wconf 92' lang='lat' dir='ltr'><strong>in</strong></span> <span class='ocrx_word' id='word_1_637' title='bbox 2173 2227 2370 2283; x_wconf 88' lang='lat' dir='ltr'><strong>virtute</strong></span> <span class='ocrx_word' id='word_1_638' title='bbox 2395 2227 2531 2293; x_wconf 84' lang='lat' dir='ltr'><strong>caeli,</strong></span> <span class='ocrx_word' id='word_1_639' title='bbox 2554 2234 2609 2281; x_wconf 90' lang='lat' dir='ltr'><strong>et</strong></span> <span class='ocrx_word' id='word_1_640' title='bbox 2628 2227 2680 2280; x_wconf 93' lang='lat' dir='ltr'><strong>in</strong></span> <span class='ocrx_word' id='word_1_641' title='bbox 2708 2225 3036 2280; x_wconf 89' lang='lat' dir='ltr'><strong>habitatione</strong></span> <span class='ocrx_word' id='word_1_642' title='bbox 3055 2234 3242 2281; x_wconf 66' lang='lat' dir='ltr'><strong>terrm:</strong></span> <span class='ocrx_word' id='word_1_643' title='bbox 3269 2235 3325 2281; x_wconf 90' lang='lat' dir='ltr'><strong>et</strong></span> <span class='ocrx_word' id='word_1_644' title='bbox 3353 2241 3457 2281; x_wconf 92' lang='lat' dir='ltr'><strong>non</strong></span> <span class='ocrx_word' id='word_1_645' title='bbox 3478 2237 3567 2282; x_wconf 87' lang='lat' dir='ltr'><strong>est</strong></span> <span class='ocrx_word' id='word_1_646' title='bbox 3596 2225 3692 2295; x_wconf 89' lang='lat' dir='ltr'><strong>qui</strong></span> 
     </span>
    </p>
   </div>
   <div class='ocr_carea' id='block_1_83' title="bbox 2096 2315 3696 2387">
    <p class='ocr_par' dir='ltr' id='par_1_83' title="bbox 2096 2315 3696 2387">
     <span class='ocr_line' id='line_1_83' title="bbox 2096 2315 3696 2387; baseline -0.002 -13"><span class='ocrx_word' id='word_1_647' title='bbox 2096 2318 2313 2375; x_wconf 88' lang='lat' dir='ltr'><strong>resistat</strong></span> <span class='ocrx_word' id='word_1_648' title='bbox 2329 2318 2506 2373; x_wconf 90' lang='lat' dir='ltr'><strong>manui</strong></span> <span class='ocrx_word' id='word_1_649' title='bbox 2528 2318 2663 2387; x_wconf 86' lang='lat' dir='ltr'><strong>ejus,</strong></span> <span class='ocrx_word' id='word_1_650' title='bbox 2685 2325 2742 2373; x_wconf 92' lang='lat' dir='ltr'><strong>et</strong></span> <span class='ocrx_word' id='word_1_651' title='bbox 2763 2316 2906 2372; x_wconf 87' lang='lat' dir='ltr'><strong>dicat</strong></span> <span class='ocrx_word' id='word_1_652' title='bbox 2928 2317 2976 2372; x_wconf 89' lang='lat' dir='ltr'><strong>ei</strong></span> <span class='ocrx_word' id='word_1_653' title='bbox 3001 2316 3209 2384; x_wconf 91' lang='lat' dir='ltr'><strong>:Quare</strong></span> <span class='ocrx_word' id='word_1_654' title='bbox 3239 2315 3449 2372; x_wconf 88' lang='lat' dir='ltr'><strong>fecisti?</strong></span> <span class='ocrx_word' id='word_1_655' title='bbox 3486 2335 3504 2369; x_wconf 77' lang='grc' dir='ltr'><strong><em>ι</em></strong></span> <span class='ocrx_word' id='word_1_656' title='bbox 3539 2316 3696 2371; x_wconf 77' lang='lat' dir='ltr'><strong>Ocu-</strong></span> 
     </span>
    </p>
   </div>
   <div class='ocr_carea' id='block_1_84' title="bbox 2096 2409 3701 2481">
    <p class='ocr_par' dir='ltr' id='par_1_84' title="bbox 2096 2409 3701 2481">
     <span class='ocr_line' id='line_1_84' title="bbox 2096 2409 3701 2481; baseline 0.001 -15"><span class='ocrx_word' id='word_1_657' title='bbox 2096 2412 2174 2467; x_wconf 89' lang='lat' dir='ltr'><strong>los</strong></span> <span class='ocrx_word' id='word_1_658' title='bbox 2202 2428 2372 2478; x_wconf 86' lang='lat' dir='ltr'><strong>meos,</strong></span> <span class='ocrx_word' id='word_1_659' title='bbox 2406 2410 2609 2481; x_wconf 89' lang='lat' dir='ltr'><strong>inquit,</strong></span> <span class='ocrx_word' id='word_1_660' title='bbox 2636 2410 2689 2465; x_wconf 87' lang='lat' dir='ltr'><strong>in</strong></span> <span class='ocrx_word' id='word_1_661' title='bbox 2738 2410 2916 2464; x_wconf 65' lang='lat' dir='ltr'><strong>caelum</strong></span> <span class='ocrx_word' id='word_1_662' title='bbox 2958 2410 3134 2464; x_wconf 78' lang='lat' dir='ltr'><strong>levavi.</strong></span> <span class='ocrx_word' id='word_1_663' title='bbox 3171 2409 3284 2466; x_wconf 84' lang='lat' dir='ltr'><strong>Hoc</strong></span> <span class='ocrx_word' id='word_1_664' title='bbox 3323 2418 3440 2473; x_wconf 83' lang='lat' dir='ltr'><strong>est,</strong></span> <span class='ocrx_word' id='word_1_665' title='bbox 3472 2411 3616 2465; x_wconf 88' lang='lat' dir='ltr'><strong>adiit</strong></span> <span class='ocrx_word' id='word_1_666' title='bbox 3643 2420 3701 2467; x_wconf 84' lang='lat' dir='ltr'><strong>et</strong></span> 
     </span>
    </p>
   </div>
   <div class='ocr_carea' id='block_1_85' title="bbox 2098 2501 3700 2575">
    <p class='ocr_par' dir='ltr' id='par_1_85' title="bbox 2098 2501 3700 2575">
     <span class='ocr_line' id='line_1_85' title="bbox 2098 2501 3700 2575; baseline -0.002 -15"><span class='ocrx_word' id='word_1_667' title='bbox 2098 2513 2348 2575; x_wconf 85' lang='lat' dir='ltr'><strong>precatus</strong></span> <span class='ocrx_word' id='word_1_668' title='bbox 2367 2512 2449 2559; x_wconf 91' lang='lat' dir='ltr'><strong>est</strong></span> <span class='ocrx_word' id='word_1_669' title='bbox 2472 2503 2661 2567; x_wconf 89' lang='lat' dir='ltr'><strong>Deum,</strong></span> <span class='ocrx_word' id='word_1_670' title='bbox 2689 2511 2744 2557; x_wconf 91' lang='lat' dir='ltr'><strong>ct</strong></span> <span class='ocrx_word' id='word_1_671' title='bbox 2767 2501 2889 2557; x_wconf 89' lang='lat' dir='ltr'><strong>inde</strong></span> <span class='ocrx_word' id='word_1_672' title='bbox 2916 2501 3170 2557; x_wconf 77' lang='lat' dir='ltr'><strong>auxilium</strong></span> <span class='ocrx_word' id='word_1_673' title='bbox 3190 2502 3448 2571; x_wconf 64' lang='lat' dir='ltr'><strong>quaesivit.</strong></span> <span class='ocrx_word' id='word_1_674' title='bbox 3481 2502 3700 2570; x_wconf 81' lang='lat' dir='ltr'><strong>Quam-</strong></span> 
     </span>
    </p>
   </div>
   <div class='ocr_carea' id='block_1_86' title="bbox 2100 2592 3697 2665">
    <p class='ocr_par' dir='ltr' id='par_1_86' title="bbox 2100 2592 3697 2665">
     <span class='ocr_line' id='line_1_86' title="bbox 2100 2592 3697 2665; baseline -0.002 -15"><span class='ocrx_word' id='word_1_675' title='bbox 2100 2611 2260 2665; x_wconf 85' lang='lat' dir='ltr'><strong>quam</strong></span> <span class='ocrx_word' id='word_1_676' title='bbox 2280 2604 2488 2664; x_wconf 90' lang='lat' dir='ltr'><strong>tempus</strong></span> <span class='ocrx_word' id='word_1_677' title='bbox 2504 2592 2830 2663; x_wconf 87' lang='lat' dir='ltr'><strong>completum</strong></span> <span class='ocrx_word' id='word_1_678' title='bbox 2843 2593 3000 2659; x_wconf 89' lang='lat' dir='ltr'><strong>foret,</strong></span> <span class='ocrx_word' id='word_1_679' title='bbox 3029 2608 3134 2648; x_wconf 92' lang='lat' dir='ltr'><strong>non</strong></span> <span class='ocrx_word' id='word_1_680' title='bbox 3161 2592 3460 2648; x_wconf 78' lang='lat' dir='ltr'><strong>confidebat</strong></span> <span class='ocrx_word' id='word_1_681' title='bbox 3480 2601 3697 2648; x_wconf 88' lang='lat' dir='ltr'><strong>tamen.</strong></span> 
     </span>
    </p>
   </div>
   <div class='ocr_carea' id='block_1_87' title="bbox 2102 2686 3703 2755">
    <p class='ocr_par' dir='ltr' id='par_1_87' title="bbox 2102 2686 3703 2755">
     <span class='ocr_line' id='line_1_87' title="bbox 2102 2686 3703 2755; baseline -0.002 -13"><span class='ocrx_word' id='word_1_682' title='bbox 2102 2687 2255 2743; x_wconf 90' lang='lat' dir='ltr'><strong>Sicut</strong></span> <span class='ocrx_word' id='word_1_683' title='bbox 2278 2687 2419 2741; x_wconf 94' lang='lat' dir='ltr'><strong>enim</strong></span> <span class='ocrx_word' id='word_1_684' title='bbox 2452 2686 2504 2741; x_wconf 91' lang='lat' dir='ltr'><strong>in</strong></span> <span class='ocrx_word' id='word_1_685' title='bbox 2535 2686 2702 2755; x_wconf 85' lang='lat' dir='ltr'><strong>ipsius</strong></span> <span class='ocrx_word' id='word_1_686' title='bbox 2750 2693 3015 2755; x_wconf 86' lang='lat' dir='ltr'><strong>potestate</strong></span> <span class='ocrx_word' id='word_1_687' title='bbox 3068 2695 3207 2753; x_wconf 87' lang='lat' dir='ltr'><strong>erat,</strong></span> <span class='ocrx_word' id='word_1_688' title='bbox 3240 2694 3297 2741; x_wconf 94' lang='lat' dir='ltr'><strong>ut</strong></span> <span class='ocrx_word' id='word_1_689' title='bbox 3344 2700 3450 2739; x_wconf 87' lang='lat' dir='ltr'><strong>non</strong></span> <span class='ocrx_word' id='word_1_690' title='bbox 3480 2686 3703 2739; x_wconf 86' lang='lat' dir='ltr'><strong>sineret</strong></span> 
     </span>
    </p>
   </div>
   <div class='ocr_carea' id='block_1_88' title="bbox 2106 2776 3704 2848">
    <p class='ocr_par' dir='ltr' id='par_1_88' title="bbox 2106 2776 3704 2848">
     <span class='ocr_line' id='line_1_88' title="bbox 2106 2776 3704 2848; baseline -0.002 -14"><span class='ocrx_word' id='word_1_691' title='bbox 2106 2793 2194 2834; x_wconf 92' lang='lat' dir='ltr'><strong>res</strong></span> <span class='ocrx_word' id='word_1_692' title='bbox 2226 2779 2279 2833; x_wconf 92' lang='lat' dir='ltr'><strong>in</strong></span> <span class='ocrx_word' id='word_1_693' title='bbox 2306 2777 2553 2833; x_wconf 73' lang='lat' dir='ltr'><strong>effectum</strong></span> <span class='ocrx_word' id='word_1_694' title='bbox 2581 2777 2833 2834; x_wconf 90' lang='lat' dir='ltr'><strong>devenire</strong></span> <span class='ocrx_word' id='word_1_695' title='bbox 2864 2795 2877 2832; x_wconf 88' lang='lat'><strong>:</strong></span> <span class='ocrx_word' id='word_1_696' title='bbox 2904 2778 2976 2833; x_wconf 87' lang='lat' dir='ltr'><strong>ita</strong></span> <span class='ocrx_word' id='word_1_697' title='bbox 3002 2778 3186 2842; x_wconf 90' lang='lat' dir='ltr'><strong>etiam,</strong></span> <span class='ocrx_word' id='word_1_698' title='bbox 3204 2778 3249 2833; x_wconf 89' lang='lat' dir='ltr'><strong>si</strong></span> <span class='ocrx_word' id='word_1_699' title='bbox 3273 2787 3516 2848; x_wconf 89' lang='lat' dir='ltr'><strong>tempore</strong></span> <span class='ocrx_word' id='word_1_700' title='bbox 3543 2776 3704 2847; x_wconf 87' lang='lat' dir='ltr'><strong>quod</strong></span> 
     </span>
    </p>
   </div>
   <div class='ocr_carea' id='block_1_89' title="bbox 2102 2868 3696 2939">
    <p class='ocr_par' dir='ltr' id='par_1_89' title="bbox 2102 2868 3696 2939">
     <span class='ocr_line' id='line_1_89' title="bbox 2102 2868 3696 2939; baseline -0.001 -15"><span class='ocrx_word' id='word_1_701' title='bbox 2102 2868 2376 2925; x_wconf 81' lang='lat' dir='ltr'><strong>definitum</strong></span> <span class='ocrx_word' id='word_1_702' title='bbox 2407 2868 2581 2924; x_wconf 91' lang='lat' dir='ltr'><strong>fuerat</strong></span> <span class='ocrx_word' id='word_1_703' title='bbox 2602 2871 2890 2939; x_wconf 90' lang='lat' dir='ltr'><strong>completo,</strong></span> <span class='ocrx_word' id='word_1_704' title='bbox 2922 2870 3248 2927; x_wconf 88' lang='lat' dir='ltr'><strong>incorrectus</strong></span> <span class='ocrx_word' id='word_1_705' title='bbox 3268 2870 3578 2932; x_wconf 88' lang='lat' dir='ltr'><strong>mansisset,</strong></span> <span class='ocrx_word' id='word_1_706' title='bbox 3607 2871 3696 2923; x_wconf 86' lang='lat' dir='ltr'><strong>ni-</strong></span> 
     </span>
    </p>
   </div>
   <div class='ocr_carea' id='block_1_90' title="bbox 2105 2960 3696 3034">
    <p class='ocr_par' dir='ltr' id='par_1_90' title="bbox 2105 2960 3696 3034">
     <span class='ocr_line' id='line_1_90' title="bbox 2105 2960 3696 3034; baseline -0.001 -18"><span class='ocrx_word' id='word_1_707' title='bbox 2105 2960 2181 3016; x_wconf 93' lang='lat' dir='ltr'><strong>hil</strong></span> <span class='ocrx_word' id='word_1_708' title='bbox 2217 2961 2313 3033; x_wconf 89' lang='lat' dir='ltr'><strong>ipsi</strong></span> <span class='ocrx_word' id='word_1_709' title='bbox 2344 2961 2623 3031; x_wconf 90' lang='lat' dir='ltr'><strong>profuisset</strong></span> <span class='ocrx_word' id='word_1_710' title='bbox 2662 2962 2749 3017; x_wconf 92' lang='lat' dir='ltr'><strong>illa</strong></span> <span class='ocrx_word' id='word_1_711' title='bbox 2797 2963 3053 3034; x_wconf 87' lang='lat' dir='ltr'><strong>temporis</strong></span> <span class='ocrx_word' id='word_1_712' title='bbox 3097 2962 3353 3018; x_wconf 77' lang='lat' dir='ltr'><strong>definitio.</strong></span> <span class='ocrx_word' id='word_1_713' title='bbox 3386 2961 3519 3017; x_wconf 89' lang='lat' dir='ltr'><strong>Nam</strong></span> <span class='ocrx_word' id='word_1_714' title='bbox 3553 2976 3696 3016; x_wconf 78' lang='lat' dir='ltr'><strong>sen-</strong></span> 
     </span>
    </p>
   </div>
   <div class='ocr_carea' id='block_1_91' title="bbox 2105 3051 3706 3118">
    <p class='ocr_par' dir='ltr' id='par_1_91' title="bbox 2105 3051 3706 3118">
     <span class='ocr_line' id='line_1_91' title="bbox 2105 3051 3706 3118; baseline -0.001 -11"><span class='ocrx_word' id='word_1_715' title='bbox 2105 3055 2270 3107; x_wconf 91' lang='lat' dir='ltr'><strong>tentia</strong></span> <span class='ocrx_word' id='word_1_716' title='bbox 2301 3053 2391 3107; x_wconf 90' lang='lat' dir='ltr'><strong>Dei</strong></span> <span class='ocrx_word' id='word_1_717' title='bbox 2442 3067 2547 3107; x_wconf 89' lang='lat' dir='ltr'><strong>non</strong></span> <span class='ocrx_word' id='word_1_718' title='bbox 2577 3051 2641 3107; x_wconf 90' lang='lat' dir='ltr'><strong>ad</strong></span> <span class='ocrx_word' id='word_1_719' title='bbox 2674 3054 3040 3109; x_wconf 89' lang='lat' dir='ltr'><strong>necessitatem</strong></span> <span class='ocrx_word' id='word_1_720' title='bbox 3063 3094 3077 3118; x_wconf 93' lang='lat'><strong>,</strong></span> <span class='ocrx_word' id='word_1_721' title='bbox 3111 3053 3204 3109; x_wconf 90' lang='lat' dir='ltr'><strong>sed</strong></span> <span class='ocrx_word' id='word_1_722' title='bbox 3240 3053 3306 3107; x_wconf 92' lang='lat' dir='ltr'><strong>ad</strong></span> <span class='ocrx_word' id='word_1_723' title='bbox 3337 3069 3423 3109; x_wconf 90' lang='lat' dir='ltr'><strong>res</strong></span> <span class='ocrx_word' id='word_1_724' title='bbox 3470 3064 3706 3107; x_wconf 83' lang='lat' dir='ltr'><strong>nostras</strong></span> 
     </span>
    </p>
   </div>
   <div class='ocr_carea' id='block_1_92' title="bbox 2102 3142 3705 3214">
    <p class='ocr_par' dir='ltr' id='par_1_92' title="bbox 2102 3142 3705 3214">
     <span class='ocr_line' id='line_1_92' title="bbox 2102 3142 3705 3214; baseline -0.001 -16"><span class='ocrx_word' id='word_1_725' title='bbox 2102 3144 2439 3213; x_wconf 83' lang='lat' dir='ltr'><strong>exprimitur.</strong></span> <span class='ocrx_word' id='word_1_726' title='bbox 2469 3142 2544 3198; x_wconf 88' lang='lat' dir='ltr'><strong>Ita</strong></span> <span class='ocrx_word' id='word_1_727' title='bbox 2573 3150 2630 3198; x_wconf 89' lang='lat' dir='ltr'><strong>et</strong></span> <span class='ocrx_word' id='word_1_728' title='bbox 2652 3143 2860 3209; x_wconf 89' lang='lat' dir='ltr'><strong>Daniel,</strong></span> <span class='ocrx_word' id='word_1_729' title='bbox 2889 3144 3131 3214; x_wconf 88' lang='lat' dir='ltr'><strong>quamvis</strong></span> <span class='ocrx_word' id='word_1_730' title='bbox 3162 3154 3367 3213; x_wconf 88' lang='lat' dir='ltr'><strong>tempus</strong></span> <span class='ocrx_word' id='word_1_731' title='bbox 3408 3144 3705 3214; x_wconf 86' lang='lat' dir='ltr'><strong>impletum</strong></span> 
     </span>
    </p>
   </div>
   <div class='ocr_carea' id='block_1_93' title="bbox 2102 3234 3705 3305">
    <p class='ocr_par' dir='ltr' id='par_1_93' title="bbox 2102 3234 3705 3305">
     <span class='ocr_line' id='line_1_93' title="bbox 2102 3234 3705 3305; baseline 0.001 -15"><span class='ocrx_word' id='word_1_732' title='bbox 2102 3244 2265 3300; x_wconf 88' lang='lat' dir='ltr'><strong>esset,</strong></span> <span class='ocrx_word' id='word_1_733' title='bbox 2298 3235 2491 3289; x_wconf 92' lang='lat' dir='ltr'><strong>merito</strong></span> <span class='ocrx_word' id='word_1_734' title='bbox 2519 3241 2657 3301; x_wconf 89' lang='lat' dir='ltr'><strong>orat,</strong></span> <span class='ocrx_word' id='word_1_735' title='bbox 2709 3250 2777 3290; x_wconf 92' lang='lat' dir='ltr'><strong>ne</strong></span> <span class='ocrx_word' id='word_1_736' title='bbox 2806 3234 3096 3291; x_wconf 87' lang='lat' dir='ltr'><strong>accedente</strong></span> <span class='ocrx_word' id='word_1_737' title='bbox 3120 3236 3344 3304; x_wconf 89' lang='lat' dir='ltr'><strong>malitia,</strong></span> <span class='ocrx_word' id='word_1_738' title='bbox 3364 3234 3543 3291; x_wconf 87' lang='lat' dir='ltr'><strong>adhuc</strong></span> <span class='ocrx_word' id='word_1_739' title='bbox 3570 3252 3705 3305; x_wconf 73' lang='lat' dir='ltr'><strong>pm-</strong></span> 
     </span>
    </p>
   </div>
   <div class='ocr_carea' id='block_1_94' title="bbox 2103 3326 3710 3399">
    <p class='ocr_par' dir='ltr' id='par_1_94' title="bbox 2103 3326 3710 3399">
     <span class='ocr_line' id='line_1_94' title="bbox 2103 3326 3710 3399; baseline 0.002 -17"><span class='ocrx_word' id='word_1_740' title='bbox 2103 3342 2188 3382; x_wconf 74' lang='lat' dir='ltr'><strong>na:</strong></span> <span class='ocrx_word' id='word_1_741' title='bbox 2233 3342 2298 3383; x_wconf 90' lang='lat' dir='ltr'><strong>ac</strong></span> <span class='ocrx_word' id='word_1_742' title='bbox 2338 3327 2564 3397; x_wconf 90' lang='lat' dir='ltr'><strong>tempori</strong></span> <span class='ocrx_word' id='word_1_743' title='bbox 2609 3326 2926 3398; x_wconf 90' lang='lat' dir='ltr'><strong>adjungatur</strong></span> <span class='ocrx_word' id='word_1_744' title='bbox 2966 3330 3096 3399; x_wconf 90' lang='lat' dir='ltr'><strong>quid</strong></span> <span class='ocrx_word' id='word_1_745' title='bbox 3142 3329 3325 3399; x_wconf 86' lang='lat' dir='ltr'><strong>(Dan.</strong></span> <span class='ocrx_word' id='word_1_746' title='bbox 3356 3330 3411 3386; x_wconf 90' lang='lat'><strong>9.</strong></span> <span class='ocrx_word' id='word_1_747' title='bbox 3440 3331 3524 3398; x_wconf 75' lang='grc'><strong>4).</strong></span> <span class='ocrx_word' id='word_1_748' title='bbox 3559 3330 3710 3385; x_wconf 82' lang='lat' dir='ltr'><strong>Nam</strong></span> 
     </span>
    </p>
   </div>
   <div class='ocr_carea' id='block_1_95' title="bbox 2106 3419 3710 3491">
    <p class='ocr_par' dir='ltr' id='par_1_95' title="bbox 2106 3419 3710 3491">
     <span class='ocr_line' id='line_1_95' title="bbox 2106 3419 3710 3491; baseline 0.002 -17"><span class='ocrx_word' id='word_1_749' title='bbox 2106 3421 2246 3475; x_wconf 91' lang='lat' dir='ltr'><strong>sicut</strong></span> <span class='ocrx_word' id='word_1_750' title='bbox 2294 3434 2360 3474; x_wconf 78' lang='lat' dir='ltr'><strong>ex</strong></span> <span class='ocrx_word' id='word_1_751' title='bbox 2389 3420 2720 3475; x_wconf 89' lang='lat' dir='ltr'><strong>humanitate</strong></span> <span class='ocrx_word' id='word_1_752' title='bbox 2750 3419 2801 3476; x_wconf 92' lang='lat' dir='ltr'><strong>id</strong></span> <span class='ocrx_word' id='word_1_753' title='bbox 2828 3421 3124 3489; x_wconf 88' lang='lat' dir='ltr'><strong>contingit,</strong></span> <span class='ocrx_word' id='word_1_754' title='bbox 3156 3420 3623 3491; x_wconf 87' lang='lat' dir='ltr'><strong>quemadmodum</strong></span> <span class='ocrx_word' id='word_1_755' title='bbox 3662 3425 3710 3478; x_wconf 83' lang='lat' dir='ltr'><strong>in</strong></span> 
     </span>
    </p>
   </div>
   <div class='ocr_carea' id='block_1_96' title="bbox 2105 3509 3710 3582">
    <p class='ocr_par' dir='ltr' id='par_1_96' title="bbox 2105 3509 3710 3582">
     <span class='ocr_line' id='line_1_96' title="bbox 2105 3509 3710 3582; baseline 0.002 -16"><span class='ocrx_word' id='word_1_756' title='bbox 2105 3510 2297 3566; x_wconf 80' lang='lat' dir='ltr'><strong>Ezekia</strong></span> <span class='ocrx_word' id='word_1_757' title='bbox 2330 3529 2343 3565; x_wconf 91' lang='lat'><strong>:</strong></span> <span class='ocrx_word' id='word_1_758' title='bbox 2372 3511 2441 3564; x_wconf 88' lang='lat' dir='ltr'><strong>ita</strong></span> <span class='ocrx_word' id='word_1_759' title='bbox 2482 3509 2608 3566; x_wconf 89' lang='lat' dir='ltr'><strong>etin</strong></span> <span class='ocrx_word' id='word_1_760' title='bbox 2638 3512 2910 3580; x_wconf 91' lang='lat' dir='ltr'><strong>punitione</strong></span> <span class='ocrx_word' id='word_1_761' title='bbox 2938 3511 3053 3566; x_wconf 87' lang='lat' dir='ltr'><strong>lieri</strong></span> <span class='ocrx_word' id='word_1_762' title='bbox 3087 3527 3183 3582; x_wconf 89' lang='lat' dir='ltr'><strong>par</strong></span> <span class='ocrx_word' id='word_1_763' title='bbox 3204 3521 3307 3575; x_wconf 89' lang='lat' dir='ltr'><strong>est,</strong></span> <span class='ocrx_word' id='word_1_764' title='bbox 3338 3522 3395 3566; x_wconf 92' lang='lat' dir='ltr'><strong>ut</strong></span> <span class='ocrx_word' id='word_1_765' title='bbox 3419 3523 3477 3567; x_wconf 92' lang='lat' dir='ltr'><strong>et</strong></span> <span class='ocrx_word' id='word_1_766' title='bbox 3518 3514 3578 3568; x_wconf 89' lang='lat' dir='ltr'><strong>in</strong></span> <span class='ocrx_word' id='word_1_767' title='bbox 3614 3514 3710 3569; x_wconf 81' lang='lat' dir='ltr'><strong>Ju-</strong></span> 
     </span>
    </p>
   </div>
   <div class='ocr_carea' id='block_1_97' title="bbox 2103 3596 3710 3661">
    <p class='ocr_par' dir='ltr' id='par_1_97' title="bbox 2103 3596 3710 3661">
     <span class='ocr_line' id='line_1_97' title="bbox 2103 3596 3710 3661; baseline 0.002 -3"><span class='ocrx_word' id='word_1_768' title='bbox 2103 3603 2237 3658; x_wconf 68' lang='lat' dir='ltr'><strong>dazis</strong></span> <span class='ocrx_word' id='word_1_769' title='bbox 2264 3621 2276 3656; x_wconf 88' lang='lat'><strong>:</strong></span> <span class='ocrx_word' id='word_1_770' title='bbox 2302 3596 2627 3657; x_wconf 89' lang='lat' dir='ltr'><strong>volebateos</strong></span> <span class='ocrx_word' id='word_1_771' title='bbox 2660 3602 2799 3657; x_wconf 90' lang='lat' dir='ltr'><strong>Deus</strong></span> <span class='ocrx_word' id='word_1_772' title='bbox 2822 3603 3001 3658; x_wconf 89' lang='lat' dir='ltr'><strong>statim</strong></span> <span class='ocrx_word' id='word_1_773' title='bbox 3023 3604 3074 3656; x_wconf 89' lang='lat' dir='ltr'><strong>in</strong></span> <span class='ocrx_word' id='word_1_774' title='bbox 3105 3602 3441 3658; x_wconf 69' lang='lat' dir='ltr'><strong>Palmstinam</strong></span> <span class='ocrx_word' id='word_1_775' title='bbox 3475 3605 3710 3661; x_wconf 87' lang='lat' dir='ltr'><strong>redire:</strong></span> 
     </span>
    </p>
   </div>
   <div class='ocr_carea' id='block_1_98' title="bbox 2107 3695 3710 3766">
    <p class='ocr_par' dir='ltr' id='par_1_98' title="bbox 2107 3695 3710 3766">
     <span class='ocr_line' id='line_1_98' title="bbox 2107 3695 3710 3766; baseline 0.001 -16"><span class='ocrx_word' id='word_1_776' title='bbox 2107 3696 2183 3750; x_wconf 90' lang='lat' dir='ltr'><strong>illi</strong></span> <span class='ocrx_word' id='word_1_777' title='bbox 2235 3695 2585 3765; x_wconf 85' lang='lat' dir='ltr'><strong>quadraginta</strong></span> <span class='ocrx_word' id='word_1_778' title='bbox 2629 3710 2799 3750; x_wconf 89' lang='lat' dir='ltr'><strong>annos</strong></span> <span class='ocrx_word' id='word_1_779' title='bbox 2853 3695 2955 3749; x_wconf 87' lang='lat' dir='ltr'><strong>sibi</strong></span> <span class='ocrx_word' id='word_1_780' title='bbox 3007 3695 3163 3762; x_wconf 91' lang='lat' dir='ltr'><strong>adjici</strong></span> <span class='ocrx_word' id='word_1_781' title='bbox 3212 3710 3308 3764; x_wconf 89' lang='lat' dir='ltr'><strong>per</strong></span> <span class='ocrx_word' id='word_1_782' title='bbox 3352 3697 3710 3766; x_wconf 85' lang='lat' dir='ltr'><strong>iniquitatem</strong></span> 
     </span>
    </p>
   </div>
   <div class='ocr_carea' id='block_1_99' title="bbox 2107 3785 3710 3857">
    <p class='ocr_par' dir='ltr' id='par_1_99' title="bbox 2107 3785 3710 3857">
     <span class='ocr_line' id='line_1_99' title="bbox 2107 3785 3710 3857; baseline 0 -15"><span class='ocrx_word' id='word_1_783' title='bbox 2107 3803 2259 3842; x_wconf 86' lang='lat' dir='ltr'><strong>suam</strong></span> <span class='ocrx_word' id='word_1_784' title='bbox 2278 3796 2587 3843; x_wconf 89' lang='lat' dir='ltr'><strong>meruerunt</strong></span> <span class='ocrx_word' id='word_1_785' title='bbox 2608 3787 2685 3857; x_wconf 78' lang='grc'><strong>(4.</strong></span> <span class='ocrx_word' id='word_1_786' title='bbox 2717 3787 2846 3857; x_wconf 85' lang='lat' dir='ltr'><strong>Reg.</strong></span> <span class='ocrx_word' id='word_1_787' title='bbox 2872 3785 2988 3855; x_wconf 72' lang='lat'><strong>20).</strong></span> <span class='ocrx_word' id='word_1_788' title='bbox 3012 3786 3147 3840; x_wconf 91' lang='lat' dir='ltr'><strong>Vide</strong></span> <span class='ocrx_word' id='word_1_789' title='bbox 3171 3796 3351 3841; x_wconf 89' lang='lat' dir='ltr'><strong>autem</strong></span> <span class='ocrx_word' id='word_1_790' title='bbox 3377 3787 3530 3841; x_wconf 88' lang='lat' dir='ltr'><strong>illttm</strong></span> <span class='ocrx_word' id='word_1_791' title='bbox 3563 3804 3710 3842; x_wconf 86' lang='lat' dir='ltr'><strong>con-</strong></span> 
     </span>
    </p>
   </div>
   <div class='ocr_carea' id='block_1_100' title="bbox 2106 3877 3710 3948">
    <p class='ocr_par' dir='ltr' id='par_1_100' title="bbox 2106 3877 3710 3948">
     <span class='ocr_line' id='line_1_100' title="bbox 2106 3877 3710 3948; baseline 0.002 -16"><span class='ocrx_word' id='word_1_792' title='bbox 2106 3877 2289 3948; x_wconf 90' lang='lat' dir='ltr'><strong>fugere</strong></span> <span class='ocrx_word' id='word_1_793' title='bbox 2315 3877 2381 3933; x_wconf 91' lang='lat' dir='ltr'><strong>ad</strong></span> <span class='ocrx_word' id='word_1_794' title='bbox 2410 3878 2595 3933; x_wconf 85' lang='lat' dir='ltr'><strong>Deum.</strong></span> <span class='ocrx_word' id='word_1_795' title='bbox 2619 3878 2867 3946; x_wconf 77' lang='lat' dir='ltr'><strong>Suspexi,</strong></span> <span class='ocrx_word' id='word_1_796' title='bbox 2891 3877 3082 3947; x_wconf 89' lang='lat' dir='ltr'><strong>inquit,</strong></span> <span class='ocrx_word' id='word_1_797' title='bbox 3107 3877 3158 3930; x_wconf 92' lang='lat' dir='ltr'><strong>in</strong></span> <span class='ocrx_word' id='word_1_798' title='bbox 3186 3878 3396 3941; x_wconf 63' lang='lat' dir='ltr'><strong>caelum,</strong></span> <span class='ocrx_word' id='word_1_799' title='bbox 3424 3887 3483 3931; x_wconf 88' lang='lat' dir='ltr'><strong>et</strong></span> <span class='ocrx_word' id='word_1_800' title='bbox 3510 3895 3710 3936; x_wconf 70' lang='lat' dir='ltr'><strong>rursus</strong></span> 
     </span>
    </p>
   </div>
   <div class='ocr_carea' id='block_1_101' title="bbox 2106 3967 3710 4039">
    <p class='ocr_par' dir='ltr' id='par_1_101' title="bbox 2106 3967 3710 4039">
     <span class='ocr_line' id='line_1_101' title="bbox 2106 3967 3710 4039; baseline 0.001 -16"><span class='ocrx_word' id='word_1_801' title='bbox 2106 3969 2277 4024; x_wconf 84' lang='lat' dir='ltr'><strong>factus</strong></span> <span class='ocrx_word' id='word_1_802' title='bbox 2323 3984 2441 4023; x_wconf 91' lang='lat' dir='ltr'><strong>sum</strong></span> <span class='ocrx_word' id='word_1_803' title='bbox 2489 3968 2669 4023; x_wconf 89' lang='lat' dir='ltr'><strong>homo.</strong></span> <span class='ocrx_word' id='word_1_804' title='bbox 2725 3967 2792 4021; x_wconf 86' lang='lat' dir='ltr'><strong>Et</strong></span> <span class='ocrx_word' id='word_1_805' title='bbox 2821 3972 2984 4039; x_wconf 82' lang='lat' dir='ltr'><strong>forma</strong></span> <span class='ocrx_word' id='word_1_806' title='bbox 3018 3984 3130 4023; x_wconf 85' lang='lat' dir='ltr'><strong>mea</strong></span> <span class='ocrx_word' id='word_1_807' title='bbox 3155 3984 3348 4021; x_wconf 80' lang='lat' dir='ltr'><strong>reuersa</strong></span> <span class='ocrx_word' id='word_1_808' title='bbox 3376 3978 3447 4023; x_wconf 88' lang='lat' dir='ltr'><strong>est</strong></span> <span class='ocrx_word' id='word_1_809' title='bbox 3486 3970 3561 4022; x_wconf 84' lang='lat' dir='ltr'><strong>ad</strong></span> <span class='ocrx_word' id='word_1_810' title='bbox 3608 3988 3710 4025; x_wconf 75' lang='lat' dir='ltr'><strong>me.</strong></span> 
     </span>
    </p>
   </div>
   <div class='ocr_carea' id='block_1_102' title="bbox 2171 4123 3710 4234">
    <p class='ocr_par' dir='ltr' id='par_1_102' title="bbox 2171 4123 3710 4234">
     <span class='ocr_line' id='line_1_102' title="bbox 2171 4123 3710 4234; baseline -0.003 -61"><span class='ocrx_word' id='word_1_811' title='bbox 2171 4125 2242 4234; x_wconf 47' lang='lat' dir='ltr'><strong>qu)</strong></span> <span class='ocrx_word' id='word_1_812' title='bbox 2277 4123 2379 4173; x_wconf 87' lang='lat' dir='ltr'><strong>Imo</strong></span> <span class='ocrx_word' id='word_1_813' title='bbox 2396 4131 2586 4186; x_wconf 89' lang='lat' dir='ltr'><strong>septem</strong></span> <span class='ocrx_word' id='word_1_814' title='bbox 2610 4126 2740 4173; x_wconf 88' lang='lat' dir='ltr'><strong>anni.</strong></span> <span class='ocrx_word' id='word_1_815' title='bbox 2757 4126 2913 4174; x_wconf 81' lang='lat' dir='ltr'><strong>Potior</strong></span> <span class='ocrx_word' id='word_1_816' title='bbox 2936 4138 3067 4173; x_wconf 86' lang='lat' dir='ltr'><strong>enim</strong></span> <span class='ocrx_word' id='word_1_817' title='bbox 3085 4127 3327 4175; x_wconf 88' lang='lat' dir='ltr'><strong>sententia</strong></span> <span class='ocrx_word' id='word_1_818' title='bbox 3342 4127 3568 4188; x_wconf 83' lang='lat' dir='ltr'><strong>Josepht,</strong></span> <span class='ocrx_word' id='word_1_819' title='bbox 3588 4136 3710 4179; x_wconf 81' lang='lat' dir='ltr'><strong>Ter.</strong></span> 
     </span>
     <span class='ocr_line' id='line_1_103' title="bbox 2171 4184 3693 4234; baseline 0 0"><span class='ocrx_word' id='word_1_820' title='bbox 2171 4187 2176 4233; x_wconf 88' lang='lat' dir='ltr'><strong>l</strong></span> <span class='ocrx_word' id='word_1_821' title='bbox 2200 4188 2324 4234; x_wconf 87' lang='lat' dir='ltr'><strong>iani.</strong></span> <span class='ocrx_word' id='word_1_822' title='bbox 2352 4186 2621 4234; x_wconf 88' lang='lat' dir='ltr'><strong>Hieronvmi</strong></span> <span class='ocrx_word' id='word_1_823' title='bbox 2644 4224 2656 4234; x_wconf 85' lang='lat'><strong>.</strong></span> <span class='ocrx_word' id='word_1_824' title='bbox 2682 4188 2863 4234; x_wconf 85' lang='lat' dir='ltr'><strong>Severi.</strong></span> <span class='ocrx_word' id='word_1_825' title='bbox 2899 4184 3052 4234; x_wconf 83' lang='lat' dir='ltr'><strong>Valde</strong></span> <span class='ocrx_word' id='word_1_826' title='bbox 3088 4188 3233 4234; x_wconf 90' lang='lat' dir='ltr'><strong>miror</strong></span> <span class='ocrx_word' id='word_1_827' title='bbox 3262 4187 3325 4234; x_wconf 91' lang='lat' dir='ltr'><strong>de</strong></span> <span class='ocrx_word' id='word_1_828' title='bbox 3353 4189 3693 4234; x_wconf 69' lang='lat' dir='ltr'><strong>Theodoram</strong></span> 
     </span>
    </p>
   </div>
   <div class='ocr_carea' id='block_1_103' title="bbox 2108 4184 3693 4248">
    <p class='ocr_par' dir='ltr' id='par_1_103' title="bbox 2108 4184 3693 4248">
     <span class='ocr_line' id='line_1_104' title="bbox 2108 4184 3693 4248; baseline 0 -11"><span class='ocrx_word' id='word_1_829' title='bbox 2108 4184 2289 4237; x_wconf 84' lang='lat' dir='ltr'><strong>tulliani</strong></span> <span class='ocrx_word' id='word_1_830' title='bbox 2311 4224 2324 4245; x_wconf 86' lang='lat'><strong>,</strong></span> <span class='ocrx_word' id='word_1_831' title='bbox 2352 4184 2621 4248; x_wconf 76' lang='lat' dir='ltr'><strong>Hieronymi</strong></span> <span class='ocrx_word' id='word_1_832' title='bbox 2644 4224 2656 4243; x_wconf 84' lang='lat'><strong>,</strong></span> <span class='ocrx_word' id='word_1_833' title='bbox 2682 4188 2863 4248; x_wconf 83' lang='lat' dir='ltr'><strong>Severi.</strong></span> <span class='ocrx_word' id='word_1_834' title='bbox 2899 4184 3052 4235; x_wconf 83' lang='lat' dir='ltr'><strong>Valde</strong></span> <span class='ocrx_word' id='word_1_835' title='bbox 3088 4188 3233 4235; x_wconf 91' lang='lat' dir='ltr'><strong>miror</strong></span> <span class='ocrx_word' id='word_1_836' title='bbox 3262 4187 3325 4235; x_wconf 92' lang='lat' dir='ltr'><strong>de</strong></span> <span class='ocrx_word' id='word_1_837' title='bbox 3353 4184 3693 4239; x_wconf 68' lang='lat' dir='ltr'><strong>Theodoram</strong></span> 
     </span>
    </p>
   </div>
   <div class='ocr_carea' id='block_1_104' title="bbox 2107 4247 3706 4312">
    <p class='ocr_par' dir='ltr' id='par_1_104' title="bbox 2107 4247 3706 4312">
     <span class='ocr_line' id='line_1_105' title="bbox 2107 4247 3706 4312; baseline 0.003 -16"><span class='ocrx_word' id='word_1_838' title='bbox 2107 4252 2189 4312; x_wconf 81' lang='lat' dir='ltr'><strong>qui</strong></span> <span class='ocrx_word' id='word_1_839' title='bbox 2213 4262 2323 4312; x_wconf 76' lang='lat' dir='ltr'><strong>cum</strong></span> <span class='ocrx_word' id='word_1_840' title='bbox 2348 4255 2462 4296; x_wconf 91' lang='lat' dir='ltr'><strong>Dan.</strong></span> <span class='ocrx_word' id='word_1_841' title='bbox 2486 4247 2538 4307; x_wconf 75' lang='lat'><strong>7,</strong></span> <span class='ocrx_word' id='word_1_842' title='bbox 2558 4248 2636 4312; x_wconf 67' lang='lat'><strong>25,</strong></span> <span class='ocrx_word' id='word_1_843' title='bbox 2669 4256 2722 4296; x_wconf 90' lang='lat' dir='ltr'><strong>et</strong></span> <span class='ocrx_word' id='word_1_844' title='bbox 2748 4247 2821 4312; x_wconf 55' lang='lat'><strong>{2,</strong></span> <span class='ocrx_word' id='word_1_845' title='bbox 2846 4248 2893 4305; x_wconf 91' lang='lat'><strong>7,</strong></span> <span class='ocrx_word' id='word_1_846' title='bbox 2920 4260 3059 4312; x_wconf 52' lang='lat' dir='ltr'><strong>meos;</strong></span> <span class='ocrx_word' id='word_1_847' title='bbox 3079 4287 3092 4305; x_wconf 84' lang='grc'>,</span> <span class='ocrx_word' id='word_1_848' title='bbox 3116 4261 3297 4312; x_wconf 62' lang='lat' dir='ltr'><strong>minos,</strong></span> <span class='ocrx_word' id='word_1_849' title='bbox 3316 4250 3706 4312; x_wconf 85' lang='lat' dir='ltr'><strong>interpretetur</strong></span> 
     </span>
    </p>
   </div>
   <div class='ocr_carea' id='block_1_105' title="bbox 2107 4308 3709 4373">
    <p class='ocr_par' dir='ltr' id='par_1_105' title="bbox 2107 4308 3709 4373">
     <span class='ocr_line' id='line_1_106' title="bbox 2107 4308 3709 4373; baseline 0.003 -14"><span class='ocrx_word' id='word_1_850' title='bbox 2107 4308 2185 4373; x_wconf 84' lang='lat' dir='ltr'><strong>liic</strong></span> <span class='ocrx_word' id='word_1_851' title='bbox 2209 4309 2547 4373; x_wconf 80' lang='lat' dir='ltr'><strong>Chrysostomo</strong></span> <span class='ocrx_word' id='word_1_852' title='bbox 2570 4310 2715 4359; x_wconf 87' lang='lat' dir='ltr'><strong>favet.</strong></span> <span class='ocrx_word' id='word_1_853' title='bbox 2756 4308 2813 4357; x_wconf 85' lang='lat' dir='ltr'><strong>lit</strong></span> <span class='ocrx_word' id='word_1_854' title='bbox 2845 4308 3299 4371; x_wconf 81' lang='lat' dir='ltr'><strong>Pseudo-Epiphauii</strong></span> <span class='ocrx_word' id='word_1_855' title='bbox 3331 4308 3462 4359; x_wconf 75' lang='lat' dir='ltr'><strong>libro</strong></span> <span class='ocrx_word' id='word_1_856' title='bbox 3491 4313 3562 4361; x_wconf 85' lang='lat' dir='ltr'><strong>de</strong></span> <span class='ocrx_word' id='word_1_857' title='bbox 3596 4323 3709 4364; x_wconf 41' lang='lat' dir='ltr'><strong>l‘ro&#39;</strong></span> 
     </span>
    </p>
   </div>
   <div class='ocr_carea' id='block_1_106' title="bbox 2110 4372 3710 4437">
    <p class='ocr_par' dir='ltr' id='par_1_106' title="bbox 2110 4372 3710 4437">
     <span class='ocr_line' id='line_1_107' title="bbox 2110 4372 3710 4437; baseline 0.001 -18"><span class='ocrx_word' id='word_1_858' title='bbox 2110 4372 2269 4433; x_wconf 85' lang='lat' dir='ltr'><strong>phetis</strong></span> <span class='ocrx_word' id='word_1_859' title='bbox 2294 4372 2315 4420; x_wconf 18' lang='lat' dir='ltr'><strong>Ir</strong></span> <span class='ocrx_word' id='word_1_860' title='bbox 2334 4384 2381 4421; x_wconf 78' lang='grc' dir='ltr'><strong>τὰ</strong></span> <span class='ocrx_word' id='word_1_861' title='bbox 2405 4382 2495 4420; x_wconf 67' lang='grc' dir='ltr'><strong>ἑπτὰ</strong></span> <span class='ocrx_word' id='word_1_862' title='bbox 2516 4382 2593 4431; x_wconf 75' lang='grc' dir='ltr'><strong>ἶτ-η,</strong></span> <span class='ocrx_word' id='word_1_863' title='bbox 2615 4380 2640 4420; x_wconf 72' lang='grc' dir='ltr'><strong>ὃ.</strong></span> <span class='ocrx_word' id='word_1_864' title='bbox 2664 4377 2755 4421; x_wconf 69' lang='grc' dir='ltr'><strong>ιῖπιν</strong></span> <span class='ocrx_word' id='word_1_865' title='bbox 2776 4382 2873 4432; x_wconf 72' lang='grc' dir='ltr'><strong>αὐτῷ</strong></span> <span class='ocrx_word' id='word_1_866' title='bbox 2896 4383 3025 4429; x_wconf 63' lang='grc' dir='ltr'><strong>Δανιὴλ</strong></span> <span class='ocrx_word' id='word_1_867' title='bbox 3048 4383 3138 4421; x_wconf 71' lang='grc' dir='ltr'><strong>ἑκτὰ</strong></span> <span class='ocrx_word' id='word_1_868' title='bbox 3160 4383 3323 4433; x_wconf 69' lang='grc' dir='ltr'><strong>ιαιρθὺς,</strong></span> <span class='ocrx_word' id='word_1_869' title='bbox 3347 4386 3512 4432; x_wconf 65' lang='grc' dir='ltr'><strong>ἐποίησιν</strong></span> <span class='ocrx_word' id='word_1_870' title='bbox 3538 4392 3710 4437; x_wconf 59' lang='grc' dir='ltr'><strong>τινί,σῇ</strong></span> 
     </span>
    </p>
   </div>
   <div class='ocr_carea' id='block_1_107' title="bbox 2109 4440 3710 4499">
    <p class='ocr_par' dir='ltr' id='par_1_107' title="bbox 2109 4440 3710 4499">
     <span class='ocr_line' id='line_1_108' title="bbox 2109 4440 3710 4499; baseline 0.003 -18"><span class='ocrx_word' id='word_1_871' title='bbox 2109 4444 2199 4482; x_wconf 52' lang='lat' dir='ltr'><strong>im</strong></span> <span class='ocrx_word' id='word_1_872' title='bbox 2221 4451 2332 4494; x_wconf 69' lang='grc' dir='ltr'><strong>μῆνας</strong></span> <span class='ocrx_word' id='word_1_873' title='bbox 2347 4471 2359 4488; x_wconf 81' lang='lat'><strong>.</strong></span> <span class='ocrx_word' id='word_1_874' title='bbox 2382 4440 2547 4492; x_wconf 74' lang='grc' dir='ltr'><strong>διόμινος</strong></span> <span class='ocrx_word' id='word_1_875' title='bbox 2569 4445 2649 4494; x_wconf 67' lang='lat' dir='ltr'><strong>iugi</strong></span> <span class='ocrx_word' id='word_1_876' title='bbox 2668 4444 2778 4481; x_wconf 71' lang='grc' dir='ltr'><strong>αὐτοῦ</strong></span> <span class='ocrx_word' id='word_1_877' title='bbox 2800 4444 2886 4495; x_wconf 63' lang='grc' dir='ltr'><strong>πρὸς</strong></span> <span class='ocrx_word' id='word_1_878' title='bbox 2918 4444 3060 4495; x_wconf 65' lang='grc' dir='ltr'><strong>Κὺριον.</strong></span> <span class='ocrx_word' id='word_1_879' title='bbox 3083 4445 3133 4483; x_wconf 87' lang='grc' dir='ltr'><strong>τὸ</strong></span> <span class='ocrx_word' id='word_1_880' title='bbox 3151 4447 3342 4499; x_wconf 53' lang='grc' dir='ltr'><strong>μετ-ἤρων</strong></span> <span class='ocrx_word' id='word_1_881' title='bbox 3363 4452 3431 4483; x_wconf 62' lang='lat' dir='ltr'><strong>sm</strong></span> <span class='ocrx_word' id='word_1_882' title='bbox 3453 4446 3553 4485; x_wconf 62' lang='grc' dir='ltr'><strong>ἑπτὰ</strong></span> <span class='ocrx_word' id='word_1_883' title='bbox 3580 4458 3710 4499; x_wconf 58' lang='grc' dir='ltr'><strong>ηιμ</strong></span> 
     </span>
    </p>
   </div>
   <div class='ocr_carea' id='block_1_108' title="bbox 2110 4495 3710 4559">
    <p class='ocr_par' dir='ltr' id='par_1_108' title="bbox 2110 4495 3710 4559">
     <span class='ocr_line' id='line_1_109' title="bbox 2110 4495 3710 4559; baseline 0.004 -17"><span class='ocrx_word' id='word_1_884' title='bbox 2110 4506 2274 4553; x_wconf 60' lang='lat' dir='ltr'><strong>lulian</strong></span> <span class='ocrx_word' id='word_1_885' title='bbox 2299 4507 2350 4544; x_wconf 74' lang='grc' dir='ltr'><strong>ἰπ⁹</strong></span> <span class='ocrx_word' id='word_1_886' title='bbox 2377 4508 2496 4551; x_wconf 68' lang='grc' dir='ltr'><strong>εἰπὸν,</strong></span> <span class='ocrx_word' id='word_1_887' title='bbox 2519 4506 2576 4545; x_wconf 76' lang='grc' dir='ltr'><strong>ὅτι</strong></span> <span class='ocrx_word' id='word_1_888' title='bbox 2596 4506 2886 4552; x_wconf 61' lang='lat' dir='ltr'><strong>iuventte-mou</strong></span> <span class='ocrx_word' id='word_1_889' title='bbox 2910 4506 3000 4545; x_wconf 66' lang='grc' dir='ltr'><strong>ἑπτὰ</strong></span> <span class='ocrx_word' id='word_1_890' title='bbox 3020 4508 3178 4555; x_wconf 46' lang='lat' dir='ltr'><strong>ﬂeeing.</strong></span> <span class='ocrx_word' id='word_1_891' title='bbox 3205 4495 3250 4550; x_wconf 68' lang='grc' dir='ltr'><strong>ἐξ</strong></span> <span class='ocrx_word' id='word_1_892' title='bbox 3276 4500 3339 4544; x_wconf 76' lang='grc' dir='ltr'><strong>οὖν</strong></span> <span class='ocrx_word' id='word_1_893' title='bbox 3355 4506 3416 4554; x_wconf 60' lang='lat' dir='ltr'><strong>in</strong></span> <span class='ocrx_word' id='word_1_894' title='bbox 3438 4514 3502 4551; x_wconf 70' lang='lat' dir='ltr'><strong>ul</strong></span> <span class='ocrx_word' id='word_1_895' title='bbox 3524 4510 3572 4551; x_wconf 78' lang='grc' dir='ltr'><strong>ῑξ</strong></span> <span class='ocrx_word' id='word_1_896' title='bbox 3601 4495 3710 4559; x_wconf 44' lang='grc' dir='ltr'><strong>μῆλα</strong></span> 
     </span>
    </p>
   </div>
   <div class='ocr_carea' id='block_1_109' title="bbox 2109 4565 3710 4622">
    <p class='ocr_par' dir='ltr' id='par_1_109' title="bbox 2109 4565 3710 4622">
     <span class='ocr_line' id='line_1_110' title="bbox 2109 4565 3710 4622; baseline 0.004 -19"><span class='ocrx_word' id='word_1_897' title='bbox 2109 4565 2298 4606; x_wconf 61' lang='lat' dir='ltr'><strong>iratum&quot;</strong></span> <span class='ocrx_word' id='word_1_898' title='bbox 2320 4570 2438 4617; x_wconf 77' lang='grc' dir='ltr'>Κυρὶῳ</span> <span class='ocrx_word' id='word_1_899' title='bbox 2459 4573 2509 4619; x_wconf 75' lang='grc' dir='ltr'><strong>τῷ</strong></span> <span class='ocrx_word' id='word_1_900' title='bbox 2531 4572 2609 4619; x_wconf 74' lang='grc' dir='ltr'><strong>ϐιῷ</strong></span> <span class='ocrx_word' id='word_1_901' title='bbox 2624 4596 2636 4612; x_wconf 89' lang='grc'><strong>,</strong></span> <span class='ocrx_word' id='word_1_902' title='bbox 2658 4568 2719 4606; x_wconf 73' lang='grc' dir='ltr'><strong>καὶ</strong></span> <span class='ocrx_word' id='word_1_903' title='bbox 2740 4567 2989 4619; x_wconf 68' lang='grc' dir='ltr'><strong>ιξδηιολστιῖτο</strong></span> <span class='ocrx_word' id='word_1_904' title='bbox 3010 4570 3075 4615; x_wconf 70' lang='grc' dir='ltr'><strong>τὴν</strong></span> <span class='ocrx_word' id='word_1_905' title='bbox 3096 4569 3263 4606; x_wconf 54' lang='lat' dir='ltr'><strong>tinuum</strong></span> <span class='ocrx_word' id='word_1_906' title='bbox 3284 4567 3409 4607; x_wconf 66' lang='grc' dir='ltr'><strong>αὒτοιτ</strong></span> <span class='ocrx_word' id='word_1_907' title='bbox 3432 4572 3496 4607; x_wconf 73' lang='lat' dir='ltr'><strong>ul.</strong></span> <span class='ocrx_word' id='word_1_908' title='bbox 3518 4575 3635 4618; x_wconf 62' lang='grc' dir='ltr'><strong>μιτὰ</strong></span> <span class='ocrx_word' id='word_1_909' title='bbox 3664 4577 3710 4622; x_wconf 66' lang='grc' dir='ltr'><strong>τῆ</strong></span> 
     </span>
    </p>
   </div>
   <div class='ocr_carea' id='block_1_110' title="bbox 2118 4624 3710 4680">
    <p class='ocr_par' dir='ltr' id='par_1_110' title="bbox 2118 4624 3710 4680">
     <span class='ocr_line' id='line_1_111' title="bbox 2118 4624 3710 4680; baseline 0.004 -14"><span class='ocrx_word' id='word_1_910' title='bbox 2118 4624 2232 4680; x_wconf 61' lang='lat' dir='ltr'><strong>ignaui</strong></span> <span class='ocrx_word' id='word_1_911' title='bbox 2254 4634 2317 4675; x_wconf 72' lang='grc' dir='ltr'><strong>τῆς</strong></span> <span class='ocrx_word' id='word_1_912' title='bbox 2337 4629 2484 4680; x_wconf 47' lang='lat' dir='ltr'><strong>intatae</strong></span> <span class='ocrx_word' id='word_1_913' title='bbox 2507 4630 2640 4680; x_wconf 62' lang='lat' dir='ltr'><strong>c5195,</strong></span> <span class='ocrx_word' id='word_1_914' title='bbox 2653 4625 2832 4680; x_wconf 60' lang='lat' dir='ltr'><strong>éxlSwtsv</strong></span> <span class='ocrx_word' id='word_1_915' title='bbox 2853 4629 2950 4680; x_wconf 64' lang='grc' dir='ltr'><strong>αὐτῷ</strong></span> <span class='ocrx_word' id='word_1_916' title='bbox 2972 4628 2991 4667; x_wconf 78' lang='grc' dir='ltr'><strong>ὁ</strong></span> <span class='ocrx_word' id='word_1_917' title='bbox 3015 4631 3102 4675; x_wconf 74' lang='grc' dir='ltr'><strong>Θεὸς</strong></span> <span class='ocrx_word' id='word_1_918' title='bbox 3120 4632 3185 4677; x_wconf 62' lang='grc' dir='ltr'><strong>τὴν</strong></span> <span class='ocrx_word' id='word_1_919' title='bbox 3210 4631 3403 4679; x_wconf 63' lang='grc' dir='ltr'><strong>βασιλείαν.</strong></span> <span class='ocrx_word' id='word_1_920' title='bbox 3426 4627 3550 4674; x_wconf 73' lang='grc' dir='ltr'><strong>01ιέ</strong></span> <span class='ocrx_word' id='word_1_921' title='bbox 3577 4636 3710 4672; x_wconf 70' lang='lat' dir='ltr'><strong>mea</strong></span> 
     </span>
    </p>
   </div>
   <div class='ocr_carea' id='block_1_111' title="bbox 2107 4642 3710 4741">
    <p class='ocr_par' dir='ltr' id='par_1_111' title="bbox 2107 4642 3710 4741">
     <span class='ocr_line' id='line_1_112' title="bbox 2176 4642 3710 4680; baseline 0.004 -14"><span class='ocrx_word' id='word_1_922' title='bbox 2176 4642 2232 4666; x_wconf 80' lang='grc' dir='ltr'><strong>σιν</strong></span> <span class='ocrx_word' id='word_1_923' title='bbox 2254 4642 2317 4675; x_wconf 74' lang='grc' dir='ltr'><strong>της</strong></span> <span class='ocrx_word' id='word_1_924' title='bbox 2337 4642 2484 4676; x_wconf 67' lang='grc' dir='ltr'><strong>ανιμιας</strong></span> <span class='ocrx_word' id='word_1_925' title='bbox 2507 4642 2633 4673; x_wconf 59' lang='grc' dir='ltr'><strong>«που,</strong></span> <span class='ocrx_word' id='word_1_926' title='bbox 2653 4642 2832 4668; x_wconf 73' lang='grc' dir='ltr'><strong>απιοωιιν</strong></span> <span class='ocrx_word' id='word_1_927' title='bbox 2853 4642 2950 4680; x_wconf 64' lang='grc' dir='ltr'><strong>αυτῷ</strong></span> <span class='ocrx_word' id='word_1_928' title='bbox 2972 4642 2991 4667; x_wconf 85' lang='grc' dir='ltr'><strong><em>ο</em></strong></span> <span class='ocrx_word' id='word_1_929' title='bbox 3015 4642 3102 4675; x_wconf 66' lang='lat' dir='ltr'><strong>me;</strong></span> <span class='ocrx_word' id='word_1_930' title='bbox 3120 4642 3185 4677; x_wconf 72' lang='grc' dir='ltr'><strong>την</strong></span> <span class='ocrx_word' id='word_1_931' title='bbox 3210 4642 3403 4679; x_wconf 64' lang='grc' dir='ltr'><strong>βασιλειαν.</strong></span> <span class='ocrx_word' id='word_1_932' title='bbox 3426 4642 3550 4674; x_wconf 60' lang='lat' dir='ltr'><strong>qua:</strong></span> <span class='ocrx_word' id='word_1_933' title='bbox 3577 4642 3710 4672; x_wconf 72' lang='lat' dir='ltr'><strong>m</strong></span> 
     </span>
     <span class='ocr_line' id='line_1_113' title="bbox 2107 4642 3710 4741; baseline 0.004 -14"><span class='ocrx_word' id='word_1_934' title='bbox 2107 4642 2360 4728; x_wconf 46' lang='lat' dir='ltr'><strong>maiorum</strong></span> <span class='ocrx_word' id='word_1_935' title='bbox 2391 4677 2711 4741; x_wconf 83' lang='lat' dir='ltr'><strong>loquacissimi</strong></span> <span class='ocrx_word' id='word_1_936' title='bbox 2746 4680 2993 4741; x_wconf 88' lang='lat' dir='ltr'><strong>scriptoris</strong></span> <span class='ocrx_word' id='word_1_937' title='bbox 3030 4680 3178 4727; x_wconf 90' lang='lat' dir='ltr'><strong>verba</strong></span> <span class='ocrx_word' id='word_1_938' title='bbox 3213 4693 3274 4728; x_wconf 91' lang='lat' dir='ltr'><strong>eo</strong></span> <span class='ocrx_word' id='word_1_939' title='bbox 3305 4680 3518 4741; x_wconf 88' lang='lat' dir='ltr'><strong>protuli,</strong></span> <span class='ocrx_word' id='word_1_940' title='bbox 3546 4692 3618 4732; x_wconf 84' lang='lat' dir='ltr'><strong>ut</strong></span> <span class='ocrx_word' id='word_1_941' title='bbox 3654 4686 3710 4733; x_wconf 89' lang='lat' dir='ltr'><strong>lo</strong></span> 
     </span>
    </p>
   </div>
   <div class='ocr_carea' id='block_1_112' title="bbox 2110 4740 3710 4807">
    <p class='ocr_par' dir='ltr' id='par_1_112' title="bbox 2110 4740 3710 4807">
     <span class='ocr_line' id='line_1_114' title="bbox 2110 4740 3710 4807; baseline 0.005 -20"><span class='ocrx_word' id='word_1_942' title='bbox 2110 4753 2238 4798; x_wconf 89' lang='lat' dir='ltr'><strong>cum,</strong></span> <span class='ocrx_word' id='word_1_943' title='bbox 2260 4741 2433 4807; x_wconf 75' lang='lat' dir='ltr'><strong>Petavii</strong></span> <span class='ocrx_word' id='word_1_944' title='bbox 2452 4740 2629 4807; x_wconf 87' lang='lat' dir='ltr'><strong>judicio</strong></span> <span class='ocrx_word' id='word_1_945' title='bbox 2655 4740 2933 4807; x_wconf 75' lang='lat' dir='ltr'><strong>corruptum</strong></span> <span class='ocrx_word' id='word_1_946' title='bbox 2953 4779 2966 4799; x_wconf 90' lang='lat'><strong>,</strong></span> <span class='ocrx_word' id='word_1_947' title='bbox 2994 4740 3323 4807; x_wconf 56' lang='lat' dir='ltr'><strong>emendarem}</strong></span> <span class='ocrx_word' id='word_1_948' title='bbox 3350 4742 3422 4790; x_wconf 87' lang='lat' dir='ltr'><strong>sic</strong></span> <span class='ocrx_word' id='word_1_949' title='bbox 3446 4743 3710 4807; x_wconf 78' lang='lat' dir='ltr'><strong>inter-pre</strong></span> 
     </span>
    </p>
   </div>
   <div class='ocr_carea' id='block_1_113' title="bbox 2110 4802 3709 4869">
    <p class='ocr_par' dir='ltr' id='par_1_113' title="bbox 2110 4802 3709 4869">
     <span class='ocr_line' id='line_1_115' title="bbox 2110 4802 3709 4869; baseline 0.003 -19"><span class='ocrx_word' id='word_1_950' title='bbox 2110 4808 2235 4850; x_wconf 79' lang='lat' dir='ltr'><strong>tatur</strong></span> <span class='ocrx_word' id='word_1_951' title='bbox 2280 4804 2353 4851; x_wconf 89' lang='lat' dir='ltr'><strong>vir</strong></span> <span class='ocrx_word' id='word_1_952' title='bbox 2400 4803 2597 4869; x_wconf 81' lang='lat' dir='ltr'><strong>ingenio</strong></span> <span class='ocrx_word' id='word_1_953' title='bbox 2642 4809 2694 4851; x_wconf 90' lang='lat' dir='ltr'><strong>et</strong></span> <span class='ocrx_word' id='word_1_954' title='bbox 2735 4802 2954 4850; x_wconf 88' lang='lat' dir='ltr'><strong>doctrina</strong></span> <span class='ocrx_word' id='word_1_955' title='bbox 3007 4803 3429 4869; x_wconf 65' lang='lat' dir='ltr'><strong>praestantissimus</strong></span> <span class='ocrx_word' id='word_1_956' title='bbox 3476 4817 3490 4852; x_wconf 93' lang='lat'><strong>:</strong></span> <span class='ocrx_word' id='word_1_957' title='bbox 3555 4802 3709 4869; x_wconf 64' lang='lat' dir='ltr'><strong>Igitr:</strong></span> 
     </span>
    </p>
   </div>
   <div class='ocr_carea' id='block_1_114' title="bbox 2108 4862 3710 4926">
    <p class='ocr_par' dir='ltr' id='par_1_114' title="bbox 2108 4862 3710 4926">
     <span class='ocr_line' id='line_1_116' title="bbox 2108 4862 3710 4926; baseline 0.005 -13"><span class='ocrx_word' id='word_1_958' title='bbox 2108 4870 2286 4926; x_wconf 76' lang='lat' dir='ltr'><strong>septem</strong></span> <span class='ocrx_word' id='word_1_959' title='bbox 2308 4862 2441 4921; x_wconf 85' lang='lat' dir='ltr'><strong>anni,</strong></span> <span class='ocrx_word' id='word_1_960' title='bbox 2458 4862 2576 4923; x_wconf 73' lang='lat' dir='ltr'><strong>quae</strong></span> <span class='ocrx_word' id='word_1_961' title='bbox 2596 4868 2810 4926; x_wconf 83' lang='lat' dir='ltr'><strong>tempora</strong></span> <span class='ocrx_word' id='word_1_962' title='bbox 2831 4862 3063 4926; x_wconf 34' lang='lat' dir='ltr'><strong>septem‘a</strong></span> <span class='ocrx_word' id='word_1_963' title='bbox 3089 4863 3286 4914; x_wconf 85' lang='lat' dir='ltr'><strong>Daniele</strong></span> <span class='ocrx_word' id='word_1_964' title='bbox 3308 4862 3661 4926; x_wconf 45' lang='lat' dir='ltr'><strong>vocantur-{iu</strong></span> <span class='ocrx_word' id='word_1_965' title='bbox 3688 4870 3710 4921; x_wconf 71' lang='lat' dir='ltr'><strong>ii</strong></span> 
     </span>
    </p>
   </div>
   <div class='ocr_carea' id='block_1_115' title="bbox 2109 4923 3710 4988">
    <p class='ocr_par' dir='ltr' id='par_1_115' title="bbox 2109 4923 3710 4988">
     <span class='ocr_line' id='line_1_117' title="bbox 2109 4923 3710 4988; baseline 0.005 -15"><span class='ocrx_word' id='word_1_966' title='bbox 2109 4923 2305 4988; x_wconf 77' lang='lat' dir='ltr'><strong>totidem</strong></span> <span class='ocrx_word' id='word_1_967' title='bbox 2322 4931 2565 4974; x_wconf 86' lang='lat' dir='ltr'><strong>menstrua</strong></span> <span class='ocrx_word' id='word_1_968' title='bbox 2586 4923 2741 4988; x_wconf 83' lang='lat' dir='ltr'><strong>spatia</strong></span> <span class='ocrx_word' id='word_1_969' title='bbox 2763 4923 3185 4988; x_wconf 79' lang='lat' dir='ltr'><strong>contraherentur,</strong></span> <span class='ocrx_word' id='word_1_970' title='bbox 3211 4925 3431 4988; x_wconf 73' lang='lat' dir='ltr'><strong>precibus</strong></span> <span class='ocrx_word' id='word_1_971' title='bbox 3455 4923 3567 4977; x_wconf 84' lang='lat' dir='ltr'><strong>suis</strong></span> <span class='ocrx_word' id='word_1_972' title='bbox 3596 4935 3710 4982; x_wconf 70' lang='lat' dir='ltr'><strong>obti</strong></span> 
     </span>
    </p>
   </div>
   <div class='ocr_carea' id='block_1_116' title="bbox 2107 4985 3710 5052">
    <p class='ocr_par' dir='ltr' id='par_1_116' title="bbox 2107 4985 3710 5052">
     <span class='ocr_line' id='line_1_118' title="bbox 2107 4985 3710 5052; baseline 0.005 -18"><span class='ocrx_word' id='word_1_973' title='bbox 2107 4986 2228 5036; x_wconf 87' lang='lat' dir='ltr'><strong>nuit.</strong></span> <span class='ocrx_word' id='word_1_974' title='bbox 2270 4993 2453 5052; x_wconf 77' lang='lat' dir='ltr'><strong>Septem</strong></span> <span class='ocrx_word' id='word_1_975' title='bbox 2473 4985 2895 5052; x_wconf 54' lang='lat' dir='ltr'><strong>ergo’temporum</strong></span> <span class='ocrx_word' id='word_1_976' title='bbox 2924 4985 3279 5052; x_wconf 54' lang='lat' dir='ltr'><strong>mysterium&#39;in</strong></span> <span class='ocrx_word' id='word_1_977' title='bbox 3300 4985 3384 5037; x_wconf 86' lang='lat' dir='ltr'><strong>illo</strong></span> <span class='ocrx_word' id='word_1_978' title='bbox 3404 4992 3710 5052; x_wconf 61' lang='lat' dir='ltr'><strong>completum</strong></span> 
     </span>
    </p>
   </div>
   <div class='ocr_carea' id='block_1_117' title="bbox 2109 5048 3710 5116">
    <p class='ocr_par' dir='ltr' id='par_1_117' title="bbox 2109 5048 3710 5116">
     <span class='ocr_line' id='line_1_119' title="bbox 2109 5048 3710 5116; baseline 0.004 -19"><span class='ocrx_word' id='word_1_979' title='bbox 2109 5055 2197 5109; x_wconf 84' lang='lat' dir='ltr'><strong>est,</strong></span> <span class='ocrx_word' id='word_1_980' title='bbox 2222 5048 2348 5111; x_wconf 84' lang='lat' dir='ltr'><strong>quod</strong></span> <span class='ocrx_word' id='word_1_981' title='bbox 2372 5048 2607 5098; x_wconf 78' lang='lat' dir='ltr'><strong>mediator</strong></span> <span class='ocrx_word' id='word_1_982' title='bbox 2845 5048 3068 5116; x_wconf 75' lang='lat' dir='ltr'><strong>restituit.</strong></span> <span class='ocrx_word' id='word_1_983' title='bbox 3095 5057 3169 5116; x_wconf 71' lang='lat' dir='ltr'><strong>tta</strong></span> <span class='ocrx_word' id='word_1_984' title='bbox 3189 5062 3277 5099; x_wconf 81' lang='lat' dir='ltr'><strong>sea:</strong></span> <span class='ocrx_word' id='word_1_985' title='bbox 3299 5062 3449 5116; x_wconf 69' lang='lat' dir='ltr'><strong>armos</strong></span> <span class='ocrx_word' id='word_1_986' title='bbox 3474 5048 3710 5111; x_wconf 75' lang='lat' dir='ltr'><strong>totidem</strong></span> 
     </span>
    </p>
   </div>
   <div class='ocr_carea' id='block_1_118' title="bbox 2109 5109 3710 5173">
    <p class='ocr_par' dir='ltr' id='par_1_118' title="bbox 2109 5109 3710 5173">
     <span class='ocr_line' id='line_1_120' title="bbox 2109 5109 3710 5173; baseline 0.006 -15"><span class='ocrx_word' id='word_1_987' title='bbox 2109 5122 2201 5173; x_wconf 80' lang='lat' dir='ltr'><strong>que</strong></span> <span class='ocrx_word' id='word_1_988' title='bbox 2236 5109 2421 5159; x_wconf 81' lang='lat' dir='ltr'><strong>menses</strong></span> <span class='ocrx_word' id='word_1_989' title='bbox 2460 5118 2560 5160; x_wconf 83' lang='lat' dir='ltr'><strong>Deo</strong></span> <span class='ocrx_word' id='word_1_990' title='bbox 2587 5109 2880 5173; x_wconf 78' lang='lat' dir='ltr'><strong>supplicans</strong></span> <span class='ocrx_word' id='word_1_991' title='bbox 2896 5148 2910 5169; x_wconf 88' lang='lat'><strong>,</strong></span> <span class='ocrx_word' id='word_1_992' title='bbox 2950 5109 3282 5173; x_wconf 75' lang='lat' dir='ltr'><strong>scelus&#39;suum</strong></span> <span class='ocrx_word' id='word_1_993' title='bbox 3321 5112 3579 5173; x_wconf 80' lang='lat' dir='ltr'><strong>confessus</strong></span> <span class='ocrx_word' id='word_1_994' title='bbox 3628 5126 3710 5168; x_wconf 67' lang='lat' dir='ltr'><strong>est</strong></span> 
     </span>
    </p>
   </div>
   <div class='ocr_carea' id='block_1_119' title="bbox 2114 5171 3710 5236">
    <p class='ocr_par' dir='ltr' id='par_1_119' title="bbox 2114 5171 3710 5236">
     <span class='ocr_line' id='line_1_121' title="bbox 2114 5171 3710 5236; baseline 0.006 -16"><span class='ocrx_word' id='word_1_995' title='bbox 2114 5171 2297 5222; x_wconf 81' lang='lat' dir='ltr'><strong>Deinde</strong></span> <span class='ocrx_word' id='word_1_996' title='bbox 2321 5183 2542 5236; x_wconf 70' lang='lat' dir='ltr'><strong>concessa</strong></span> <span class='ocrx_word' id='word_1_997' title='bbox 2561 5171 2880 5236; x_wconf 59' lang='lat' dir='ltr'><strong>detiet&#39;ivenia</strong></span> <span class='ocrx_word' id='word_1_998' title='bbox 2900 5207 2913 5232; x_wconf 95' lang='lat'><strong>,</strong></span> <span class='ocrx_word' id='word_1_999' title='bbox 2951 5171 3002 5221; x_wconf 83' lang='lat' dir='ltr'><strong>in</strong></span> <span class='ocrx_word' id='word_1_1000' title='bbox 3040 5186 3241 5236; x_wconf 84' lang='lat' dir='ltr'><strong>regnum</strong></span> <span class='ocrx_word' id='word_1_1001' title='bbox 3261 5186 3293 5223; x_wconf 92' lang='lat' dir='ltr'><strong>a</strong></span> <span class='ocrx_word' id='word_1_1002' title='bbox 3317 5171 3420 5223; x_wconf 78' lang='lat' dir='ltr'><strong>Deo</strong></span> <span class='ocrx_word' id='word_1_1003' title='bbox 3447 5175 3710 5229; x_wconf 77' lang='lat' dir='ltr'><strong>restituta</strong></span> 
     </span>
    </p>
   </div>
   <div class='ocr_carea' id='block_1_120' title="bbox 2110 5232 3710 5299">
    <p class='ocr_par' dir='ltr' id='par_1_120' title="bbox 2110 5232 3710 5299">
     <span class='ocr_line' id='line_1_122' title="bbox 2110 5232 3710 5299; baseline 0.003 -16"><span class='ocrx_word' id='word_1_1004' title='bbox 2110 5240 2195 5283; x_wconf 84' lang='lat' dir='ltr'><strong>est.</strong></span> <span class='ocrx_word' id='word_1_1005' title='bbox 2223 5239 2317 5295; x_wconf 82' lang='lat' dir='ltr'><strong>Ego</strong></span> <span class='ocrx_word' id='word_1_1006' title='bbox 2341 5232 2438 5294; x_wconf 87' lang='lat' dir='ltr'><strong>legi</strong></span> <span class='ocrx_word' id='word_1_1007' title='bbox 2461 5234 2647 5284; x_wconf 90' lang='lat' dir='ltr'><strong>debere</strong></span> <span class='ocrx_word' id='word_1_1008' title='bbox 2667 5234 2895 5299; x_wconf 73' lang='lat' dir='ltr'><strong>arbitror,</strong></span> <span class='ocrx_word' id='word_1_1009' title='bbox 2906 5232 3133 5295; x_wconf 46' lang='lat' dir='ltr'><strong>euomuit,</strong></span> <span class='ocrx_word' id='word_1_1010' title='bbox 3154 5248 3193 5299; x_wconf 57' lang='lat' dir='ltr'><strong>tv</strong></span> <span class='ocrx_word' id='word_1_1011' title='bbox 3211 5247 3300 5285; x_wconf 69' lang='grc' dir='ltr'><strong>ιπτά</strong></span> <span class='ocrx_word' id='word_1_1012' title='bbox 3321 5248 3434 5295; x_wconf 69' lang='grc' dir='ltr'><strong>μησίε</strong></span> <span class='ocrx_word' id='word_1_1013' title='bbox 3460 5244 3513 5299; x_wconf 85' lang='lat' dir='ltr'><strong>et</strong></span> <span class='ocrx_word' id='word_1_1014' title='bbox 3532 5249 3710 5299; x_wconf 80' lang='lat' dir='ltr'><strong>poste</strong></span> 
     </span>
    </p>
   </div>
   <div class='ocr_carea' id='block_1_121' title="bbox 2110 5296 3709 5358">
    <p class='ocr_par' dir='ltr' id='par_1_121' title="bbox 2110 5296 3709 5358">
     <span class='ocr_line' id='line_1_123' title="bbox 2110 5296 3709 5358; baseline 0.004 -14"><span class='ocrx_word' id='word_1_1015' title='bbox 2110 5306 2148 5350; x_wconf 77' lang='grc' dir='ltr'><strong>ιε</strong></span> <span class='ocrx_word' id='word_1_1016' title='bbox 2179 5306 2240 5354; x_wconf 73' lang='grc' dir='ltr'><strong>ῑτη</strong></span> <span class='ocrx_word' id='word_1_1017' title='bbox 2272 5310 2331 5346; x_wconf 71' lang='grc' dir='ltr'><strong>καὶ</strong></span> <span class='ocrx_word' id='word_1_1018' title='bbox 2357 5310 2461 5346; x_wconf 57' lang='lat' dir='ltr'><strong>uim</strong></span> <span class='ocrx_word' id='word_1_1019' title='bbox 2484 5314 2637 5358; x_wconf 55' lang='lat' dir='ltr'><strong>pem.</strong></span> <span class='ocrx_word' id='word_1_1020' title='bbox 2657 5296 3016 5347; x_wconf 87' lang='lat' dir='ltr'><strong>Correctionem</strong></span> <span class='ocrx_word' id='word_1_1021' title='bbox 3052 5297 3298 5346; x_wconf 82' lang='lat' dir='ltr'><strong>conﬁrmat</strong></span> <span class='ocrx_word' id='word_1_1022' title='bbox 3336 5296 3635 5350; x_wconf 81' lang='lat' dir='ltr'><strong>Dorothéus</strong></span> <span class='ocrx_word' id='word_1_1023' title='bbox 3689 5306 3709 5350; x_wconf 74' lang='grc' dir='ltr'><strong>ί</strong></span> 
     </span>
    </p>
   </div>
   <div class='ocr_carea' id='block_1_122' title="bbox 2105 5357 3709 5427">
    <p class='ocr_par' dir='ltr' id='par_1_122' title="bbox 2105 5357 3709 5427">
     <span class='ocr_line' id='line_1_124' title="bbox 2105 5357 3709 5427; baseline 0.005 -22"><span class='ocrx_word' id='word_1_1024' title='bbox 2105 5358 2321 5427; x_wconf 47' lang='lat' dir='ltr'><strong>sinolisi.</strong></span> <span class='ocrx_word' id='word_1_1025' title='bbox 2366 5357 2537 5427; x_wconf 70' lang='lat' dir='ltr'><strong>puniet</strong></span> <span class='ocrx_word' id='word_1_1026' title='bbox 2574 5357 2748 5427; x_wconf 73' lang='lat' dir='ltr'><strong>igitur,</strong></span> <span class='ocrx_word' id='word_1_1027' title='bbox 2791 5359 2977 5419; x_wconf 84' lang='lat' dir='ltr'><strong>inquit,</strong></span> <span class='ocrx_word' id='word_1_1028' title='bbox 3013 5359 3257 5419; x_wconf 82' lang='lat' dir='ltr'><strong>precando</strong></span> <span class='ocrx_word' id='word_1_1029' title='bbox 3294 5360 3359 5407; x_wconf 82' lang='lat' dir='ltr'><strong>ad</strong></span> <span class='ocrx_word' id='word_1_1030' title='bbox 3400 5358 3709 5413; x_wconf 62' lang='lat' dir='ltr'><strong>Altissimw.</strong></span> 
     </span>
    </p>
   </div>
   <div class='ocr_carea' id='block_1_123' title="bbox 2111 5419 3705 5488">
    <p class='ocr_par' dir='ltr' id='par_1_123' title="bbox 2111 5419 3705 5488">
     <span class='ocr_line' id='line_1_125' title="bbox 2111 5419 3705 5488; baseline 0.004 -21"><span class='ocrx_word' id='word_1_1031' title='bbox 2111 5419 2292 5480; x_wconf 66' lang='lat' dir='ltr'><strong>eﬂ’ecit,</strong></span> <span class='ocrx_word' id='word_1_1032' title='bbox 2331 5423 2383 5488; x_wconf 78' lang='lat' dir='ltr'><strong>ut</strong></span> <span class='ocrx_word' id='word_1_1033' title='bbox 2414 5419 2608 5488; x_wconf 36' lang='lat' dir='ltr'><strong>septemf</strong></span> <span class='ocrx_word' id='word_1_1034' title='bbox 2631 5419 2746 5469; x_wconf 83' lang='lat' dir='ltr'><strong>anni</strong></span> <span class='ocrx_word' id='word_1_1035' title='bbox 2783 5432 2900 5482; x_wconf 86' lang='lat' dir='ltr'><strong>quos</strong></span> <span class='ocrx_word' id='word_1_1036' title='bbox 2934 5427 3116 5488; x_wconf 83' lang='lat' dir='ltr'><strong>septem</strong></span> <span class='ocrx_word' id='word_1_1037' title='bbox 3156 5429 3371 5488; x_wconf 82' lang='lat' dir='ltr'><strong>tempora</strong></span> <span class='ocrx_word' id='word_1_1038' title='bbox 3410 5433 3705 5475; x_wconf 66' lang='lat' dir='ltr'><strong>vocaverat</strong></span> 
     </span>
    </p>
   </div>
   <div class='ocr_carea' id='block_1_124' title="bbox 2110 5482 3710 5546">
    <p class='ocr_par' dir='ltr' id='par_1_124' title="bbox 2110 5482 3710 5546">
     <span class='ocr_line' id='line_1_126' title="bbox 2110 5482 3710 5546; baseline 0.003 -18"><span class='ocrx_word' id='word_1_1039' title='bbox 2110 5486 2405 5546; x_wconf 58' lang='lat' dir='ltr'><strong>mutarentur</strong></span> <span class='ocrx_word' id='word_1_1040' title='bbox 2426 5482 2475 5529; x_wconf 85' lang='lat' dir='ltr'><strong>in</strong></span> <span class='ocrx_word' id='word_1_1041' title='bbox 2497 5486 2677 5541; x_wconf 83' lang='lat' dir='ltr'><strong>septem</strong></span> <span class='ocrx_word' id='word_1_1042' title='bbox 2698 5494 2907 5538; x_wconf 74' lang='lat' dir='ltr'><strong>menses,</strong></span> <span class='ocrx_word' id='word_1_1043' title='bbox 2932 5487 2977 5530; x_wconf 92' lang='lat' dir='ltr'><strong>et</strong></span> <span class='ocrx_word' id='word_1_1044' title='bbox 3007 5482 3287 5545; x_wconf 84' lang='lat' dir='ltr'><strong>mysterium</strong></span> <span class='ocrx_word' id='word_1_1045' title='bbox 3307 5488 3489 5546; x_wconf 76' lang='lat' dir='ltr'><strong>septem</strong></span> <span class='ocrx_word' id='word_1_1046' title='bbox 3514 5492 3626 5533; x_wconf 84' lang='lat' dir='ltr'><strong>tem</strong></span> <span class='ocrx_word' id='word_1_1047' title='bbox 3634 5501 3710 5546; x_wconf 80' lang='lat' dir='ltr'><strong>po</strong></span> 
     </span>
    </p>
   </div>
   <div class='ocr_carea' id='block_1_125' title="bbox 2111 5540 3709 5612">
    <p class='ocr_par' dir='ltr' id='par_1_125' title="bbox 2111 5540 3709 5612">
     <span class='ocr_line' id='line_1_127' title="bbox 2111 5540 3709 5612; baseline 0.005 -23"><span class='ocrx_word' id='word_1_1048' title='bbox 2111 5542 2291 5612; x_wconf 66' lang='lat' dir='ltr'><strong>rumjn</strong></span> <span class='ocrx_word' id='word_1_1049' title='bbox 2306 5540 2391 5612; x_wconf 73' lang='lat' dir='ltr'><strong>illo</strong></span> <span class='ocrx_word' id='word_1_1050' title='bbox 2407 5540 2831 5612; x_wconf 75' lang='lat' dir='ltr'><strong>consununaretur.</strong></span> <span class='ocrx_word' id='word_1_1051' title='bbox 2850 5540 3260 5612; x_wconf 67' lang='lat' dir='ltr'><strong>Septemnamque</strong></span> <span class='ocrx_word' id='word_1_1052' title='bbox 3282 5540 3522 5594; x_wconf 74' lang='lat' dir='ltr'><strong>mensium</strong></span> <span class='ocrx_word' id='word_1_1053' title='bbox 3549 5540 3709 5607; x_wconf 61' lang='grc' dir='ltr'><strong>θρὰιή</strong></span> 
     </span>
    </p>
   </div>
   <div class='ocr_carea' id='block_1_126' title="bbox 2111 5604 3710 5664">
    <p class='ocr_par' dir='ltr' id='par_1_126' title="bbox 2111 5604 3710 5664">
     <span class='ocr_line' id='line_1_128' title="bbox 2111 5604 3710 5664; baseline 0.005 -12"><span class='ocrx_word' id='word_1_1054' title='bbox 2111 5604 2200 5652; x_wconf 85' lang='lat' dir='ltr'><strong>sibi</strong></span> <span class='ocrx_word' id='word_1_1055' title='bbox 2224 5604 2316 5662; x_wconf 79' lang='lat' dir='ltr'><strong>ipsi</strong></span> <span class='ocrx_word' id='word_1_1056' title='bbox 2338 5604 2607 5661; x_wconf 84' lang='lat' dir='ltr'><strong>restitutus,</strong></span> <span class='ocrx_word' id='word_1_1057' title='bbox 2632 5617 2719 5654; x_wconf 82' lang='lat' dir='ltr'><strong>sea:</strong></span> <span class='ocrx_word' id='word_1_1058' title='bbox 2741 5617 2889 5654; x_wconf 86' lang='lat' dir='ltr'><strong>annos</strong></span> <span class='ocrx_word' id='word_1_1059' title='bbox 2909 5604 2993 5664; x_wconf 85' lang='lat' dir='ltr'><strong>qui</strong></span> <span class='ocrx_word' id='word_1_1060' title='bbox 3016 5604 3417 5656; x_wconf 80' lang='lat' dir='ltr'><strong>desiderabantur</strong></span> <span class='ocrx_word' id='word_1_1061' title='bbox 3441 5612 3487 5656; x_wconf 86' lang='lat' dir='ltr'><strong>et</strong></span> <span class='ocrx_word' id='word_1_1062' title='bbox 3513 5604 3710 5660; x_wconf 72' lang='lat' dir='ltr'><strong>mense</strong></span> 
     </span>
    </p>
   </div>
   <div class='ocr_carea' id='block_1_127' title="bbox 2112 5665 3710 5734">
    <p class='ocr_par' dir='ltr' id='par_1_127' title="bbox 2112 5665 3710 5734">
     <span class='ocr_line' id='line_1_129' title="bbox 2112 5665 3710 5734; baseline 0.008 -21"><span class='ocrx_word' id='word_1_1063' title='bbox 2112 5665 2501 5734; x_wconf 70' lang='lat' dir='ltr'><strong>qninqnecoram</strong></span> <span class='ocrx_word' id='word_1_1064' title='bbox 2523 5666 2719 5716; x_wconf 83' lang='lat' dir='ltr'><strong>Domino</strong></span> <span class='ocrx_word' id='word_1_1065' title='bbox 2737 5673 3007 5734; x_wconf 80' lang='lat' dir='ltr'><strong>prostratus</strong></span> <span class='ocrx_word' id='word_1_1066' title='bbox 3028 5669 3117 5729; x_wconf 75' lang='lat' dir='ltr'><strong>fuit</strong></span> <span class='ocrx_word' id='word_1_1067' title='bbox 3136 5704 3150 5731; x_wconf 91' lang='lat'><strong>,</strong></span> <span class='ocrx_word' id='word_1_1068' title='bbox 3174 5667 3469 5733; x_wconf 77' lang='lat' dir='ltr'><strong>impietatem</strong></span> <span class='ocrx_word' id='word_1_1069' title='bbox 3497 5682 3665 5721; x_wconf 81' lang='lat' dir='ltr'><strong>suam</strong></span> <span class='ocrx_word' id='word_1_1070' title='bbox 3700 5696 3710 5725; x_wconf 65' lang='grc' dir='ltr'>α</span> 
     </span>
    </p>
   </div>
   <div class='ocr_carea' id='block_1_128' title="bbox 2115 5727 3010 5791">
    <p class='ocr_par' dir='ltr' id='par_1_128' title="bbox 2115 5727 3010 5791">
     <span class='ocr_line' id='line_1_130' title="bbox 2115 5727 3010 5791; baseline 0.003 -14"><span class='ocrx_word' id='word_1_1071' title='bbox 2115 5738 2299 5777; x_wconf 77' lang='lat' dir='ltr'><strong>munem</strong></span> <span class='ocrx_word' id='word_1_1072' title='bbox 2322 5727 2615 5790; x_wconf 83' lang='lat' dir='ltr'><strong>iniquitatem</strong></span> <span class='ocrx_word' id='word_1_1073' title='bbox 2637 5727 2894 5791; x_wconf 81' lang='lat' dir='ltr'><strong>confessus,</strong></span> <span class='ocrx_word' id='word_1_1074' title='bbox 2915 5736 3010 5780; x_wconf 88' lang='lat' dir='ltr'><strong>etc.</strong></span> 
     </span>
    </p>
   </div>
  </div>
