3724 6272
102 276 183 332 εει

102 386 549 456 Quicmlmodum
598 385 765 440 forma
790 383 928 439 illius
956 381 1175 438 multum
1205 379 1416 450 quidem
1443 380 1511 434 ab
1557 378 1658 433 hu-

99 494 242 535 mana
275 487 397 533 erat
421 488 619 532 mutata
644 494 659 543 ;
686 493 791 531 non
824 486 997 530 tamen
1046 476 1097 529 in
1127 474 1350 528 bestiam
1377 486 1667 527 conversus

100 574 256 626 tiret-at
288 590 304 625 :
332 572 407 625 ita
438 581 490 624 et
516 586 667 626 mens
687 570 848 623 iliius.
882 569 945 622 Et
970 568 1133 638 quid?
1164 566 1396 621 Laudavi
1420 575 1475 621 et
1500 566 1665 636 glori-

101 663 263 716 licavi.
298 661 579 729 Quodnam
609 659 913 715 indicium?
934 658 1266 720 Altissimum,
1301 657 1492 726 inquit,
1517 657 1665 709 bene-

99 757 216 821 dixi,
248 764 299 809 et
324 756 565 809 viventem
588 754 639 806 in
658 753 846 807 saecula
871 752 1093 817 laudavi,
1116 767 1174 803 ac
1194 747 1495 820 glorificavi.
1525 748 1665 804 Nihil

94 850 226 901 cnim
276 846 350 901 ita
412 845 629 915 dignum
682 844 792 899 Deo
849 857 968 897 esse
1010 852 1242 912 putatur,
1294 851 1352 896 ut
1402 849 1665 911 perpetuo

92 938 366 992 exsistere.
398 935 531 1003 Quia
565 943 783 1007 potestas
810 934 942 1003 ejus,
975 932 1163 1003 inquit,
1193 926 1410 1000 potestas
1452 940 1662 996 aeterna,

92 1042 133 1084 et
168 1046 384 1101 regnant
407 1030 517 1100 ejus
541 1029 593 1082 in
626 1028 997 1099 generationem
1033 1034 1079 1080 et
1108 1024 1500 1095 generationem.
1523 1024 1665 1091 Quo-

92 1122 222 1174 niam
252 1121 399 1175 ineo
421 1118 756 1190 potissimum
798 1117 959 1172 homo
986 1116 1054 1170 ab
1079 1116 1172 1169 illo
1200 1116 1535 1184 distinguitur
1567 1133 1581 1170 :
1612 1124 1664 1169 et

92 1213 182 1265 hoc
223 1218 345 1266 erat
372 1210 513 1280 quod
561 1207 700 1279 apud
754 1208 996 1262 homines
1050 1207 1262 1261 beatum
1339 1206 1657 1260 habebatur.

95 1302 217 1368 Quia
265 1310 484 1369 potestas
513 1301 644 1370 ejus,
692 1299 878 1368 lnquit,
910 1307 1127 1369 potestas
1162 1307 1371 1360 (eterna,
1424 1297 1476 1350 in
1505 1311 1664 1351 omne

100 1408 301 1464 tempus
325 1393 555 1449 exsistit.
586 1391 715 1447 Sine
739 1391 878 1455 cibo,
902 1391 997 1453 ait,
1025 1405 1111 1444 me
1140 1389 1360 1442 nutrivit
1386 1405 1399 1443 :
1427 1388 1542 1442 sine
1572 1402 1664 1441 ve-

98 1488 380 1553 stimentis,
412 1485 527 1540 sine
572 1484 689 1538 aliis
716 1482 966 1538 omnibus
1009 1481 1171 1535 rebus
1214 1488 1523 1549 corruptum
1557 1492 1664 1533 non

93 1590 165 1635 est
189 1593 370 1635 meum
397 1590 613 1647 corpus.
641 1575 825 1646 Cogita
853 1572 1025 1643 qualis
1049 1581 1199 1638 erat,
1229 1572 1354 1625 dum
1376 1584 1407 1625 a
1449 1570 1665 1625 deserto

89 1673 147 1727 ad
174 1685 395 1743 regnum
419 1668 596 1725 rediit.
623 1668 710 1724 55.
748 1684 767 1718 ι
797 1665 876 1720 Eo
899 1664 1063 1728 enim,
1105 1682 1123 1716 ι
1156 1662 1345 1732 inquit,
1366 1679 1385 1713 ε
1423 1669 1666 1731 tempore

96 1780 238 1821 mens
280 1778 402 1819 mea
438 1776 652 1818 reversa
698 1768 782 1815 est
809 1778 821 1814 :
846 1767 901 1813 et
952 1757 1019 1812 ad
1059 1758 1327 1811 honorem
1370 1755 1519 1825 regni
1559 1754 1663 1809 mei

92 1856 204 1911 veni
238 1874 252 1910 :
279 1864 336 1910 et
362 1854 533 1909 forma
560 1867 676 1907 mea
700 1850 859 1907 rediit
880 1848 950 1903 ad
981 1864 1066 1903 me
1095 1866 1107 1902 :
1131 1856 1185 1902 et
1210 1846 1420 1918 tyranni
1453 1846 1591 1911 mei,
1612 1852 1668 1899 et

95 1949 375 2019 optimates
398 1947 507 2001 mei
533 1943 865 2015 quaesierunt
889 1956 975 1996 me
1003 1960 1016 1995 :
1046 1950 1100 1995 et
1124 1940 1177 1994 in
1225 1953 1447 2009 regnum
1486 1952 1663 1993 meum

98 2039 437 2095 conﬁrmatus
481 2044 714 2091 sum:et
757 2032 1063 2105 magnitudo
1088 2030 1313 2100 amplior
1355 2028 1533 2083 addita
1585 2037 1688 2113 est.

95 2134 238 2187 mihi.
271 2151 297 2184 ι
331 2130 395 2184 Et
427 2130 729 2202 quaesierunt
754 2143 852 2190 me,
880 2125 1083 2196 inquit,
1115 2124 1380 2190 aptimates
1410 2121 1546 2185 mei;
1576 2120 1667 2190 qui

88 2225 447 2279 dominantem
497 2236 561 2275 ac
605 2228 911 2290 regnantem
963 2215 1275 2285 expulerant
1316 2220 1374 2268 et
1420 2210 1663 2267 oderant.

92 2318 245 2387 quue
271 2331 339 2370 ex
366 2314 584 2369 decreto
610 2311 723 2367 Dei.
755 2309 879 2364 Ideo
902 2309 1042 2363 enim
1070 2315 1280 2377 tempus
1304 2304 1575 2366 delinitur,
1599 2318 1668 2358 ne

92 2409 359 2464 existimes
371 2406 661 2477 quidquam
687 2403 907 2457 fortuito
928 2401 1193 2456 evenisse.
1221 2397 1288 2452 Et
1301 2413 1509 2469 regnum
1530 2396 1667 2449 illius

94 2503 138 2553 iu
176 2500 558 2571 generationem
601 2504 649 2550 et
676 2494 1044 2566 generationem
1079 2507 1098 2545 :
1127 2501 1173 2545 et
1198 2506 1367 2544 omnes
1411 2497 1559 2543 terra!
1590 2487 1667 2539 in-

90 2592 223 2653 cola,
256 2589 404 2659 quasi
457 2586 673 2641 nihilum
712 2584 928 2656 reputati
968 2592 1105 2637 sunt.
1148 2580 1281 2635 Nam
1325 2579 1369 2635 si
1425 2593 1526 2648 ego
1572 2576 1666 2646 qui

90 2682 330 2735 omnibus
362 2677 688 2749 imperabam
714 2718 730 2738 ,
758 2675 909 2746 quasi
948 2673 1167 2728 nihilum
1221 2678 1496 2741 repulatus
1524 2683 1665 2734 sum,

92 2772 248 2827 multo
276 2771 451 2841 magis
480 2768 691 2839 reliqui.
721 2766 939 2824 Scilicet
983 2765 1071 2835 qui
1119 2763 1253 2818 adeo
1280 2771 1551 2832 potentem
1598 2760 1669 2814 de

92 2880 250 2933 regno
293 2862 509 2932 dejecit,
557 2860 726 2915 multo
763 2859 931 2928 magis
976 2856 1264 2927 subjectos.
1296 2854 1359 2907 Et
1388 2853 1667 2908 secundum

89 2956 396 3009 voluntatem
420 2935 713 3023 suam'facit
740 2952 794 3005 in
824 2951 1002 3004 virtute
1027 2950 1161 3015 ctrli,
1194 2957 1239 3001 et
1264 2948 1318 3001 in
1357 2946 1662 3000 habitatione

97 3058 260 3103 terra.
290 3045 452 3110 Illud,
494 3044 653 3110 Quasi
697 3043 913 3096 nihilum
956 3041 1175 3112 reputati
1223 3048 1369 3104 sunt,
1391 3053 1497 3093 non
1525 3037 1666 3109 quod

92 3148 400 3196 contemnat
429 3138 569 3203 illos,
596 3135 752 3198 absit,
777 3134 871 3189 sed
896 3133 1017 3203 quia
1045 3140 1234 3202 potens
1262 3138 1363 3194 est,
1392 3137 1447 3184 et
1475 3144 1665 3198 quem-

90 3235 372 3291 admodum
400 3233 534 3297 vult,
574 3230 694 3285 illos
715 3229 841 3299 agit.
889 3227 999 3281 Hoc
1029 3226 1185 3297 igitur
1230 3222 1503 3293 sequentia
1537 3238 1670 3293 quo-

90 3343 188 3395 que
216 3325 493 3381 declarant
523 3341 537 3377 :
567 3320 635 3375 Et
662 3319 937 3375 secundum
963 3319 1268 3371 voluntatem
1292 3331 1435 3367 suam
1467 3313 1589 3382 facit
1614 3314 1667 3366 in

92 3423 267 3474 virtute
287 3418 421 3480 ca'li,
441 3424 484 3470 et
505 3416 557 3469 in
580 3412 887 3468 habitatione
910 3420 1073 3464 terrae.
1096 3407 1225 3461 Esto
1251 3420 1401 3471 sane,
1430 3404 1496 3459 de
1527 3412 1667 3458 terra

92 3513 227 3567 nosti
260 3529 274 3564 :
305 3519 363 3564 at
391 3509 459 3563 de
483 3507 635 3570 cado,
664 3503 803 3559 unde
827 3502 972 3558 scis?
994 3503 1035 3557 A
1067 3499 1293 3555 somnio.
1321 3497 1502 3553 Iussit.
1524 3496 1666 3564 Quo-

91 3602 245 3656 modo
294 3597 647 3655 obedierunt'l
690 3594 771 3648 Ex
807 3594 927 3664 igne
957 3591 1209 3646 fornacis.
1257 3588 1323 3643 Et
1354 3605 1453 3641 non
1481 3595 1552 3641 est
1579 3587 1667 3658 qui

90 3695 283 3748 resistat
312 3690 490 3745 manui
536 3689 666 3759 ejus,
699 3696 745 3741 et
771 3686 905 3739 dicat
956 3684 1000 3737 ei
1033 3698 1051 3736 :
1082 3682 1249 3748 Quare
1293 3680 1495 3751 fecisti?
1542 3678 1658 3733 Non

94 3793 293 3837 tantum
318 3823 336 3848 ,
366 3779 570 3850 inquit,
602 3792 707 3831 non
762 3773 1130 3830 adversabitur
1175 3789 1188 3825 :
1220 3770 1315 3825 sed
1346 3785 1445 3825 nec
1492 3769 1667 3824 verbis

92 3885 241 3928 tenus
266 3869 635 3941 interrogabit.
668 3866 933 3923 Omnibus
961 3865 1053 3919 ille
1076 3864 1320 3933 imperat,
1350 3862 1528 3918 omnia
1552 3861 1667 3931 ipse

92 3974 185 4021 est.
218 3962 297 4017 Eo
317 4004 334 4027 ,
372 3961 573 4029 inquit,
602 3968 827 4028 tempore
848 3973 989 4010 mens
1016 3971 1127 4008 mea
1156 3970 1353 4008 reversa
1378 3962 1449 4007 est
1473 3952 1540 4005 ad
1564 3968 1664 4005 me.

93 4059 164 4112 Eo
199 4055 389 4126 :quo?
417 4052 534 4122 Quo
562 4052 701 4107 Deus
724 4050 955 4105 dixerat.
987 4047 1141 4104 Unde
1180 4046 1326 4101 illum
1376 4054 1435 4101 et
1480 4046 1531 4099 in
1574 4059 1664 4100 re-

88 4162 245 4217 gnum
276 4144 603 4200 reduxerunt
623 4143 655 4196 ’ἒ
697 4141 787 4212 qni
817 4140 959 4196 enim
988 4138 1122 4193 adeo
1153 4146 1420 4207 potentem
1451 4136 1665 4205 dejeee-

87 4252 205 4309 rant
227 4280 243 4303 ,
285 4237 555 4309 quomodo
589 4234 857 4290 inﬁrmum
912 4233 1105 4286 factum
1157 4228 1518 4285 revocarunt?
1550 4247 1568 4279 ‹
1602 4228 1667 4281 Et

88 4334 148 4386 ad
180 4331 445 4386 honorem
472 4327 623 4398 regni
653 4326 757 4380 mei
785 4324 905 4379 veni
941 4342 955 4379 :
985 4331 1040 4377 et
1067 4321 1239 4376 forma
1269 4335 1385 4376 mea
1411 4319 1565 4374 rediit
1596 4318 1664 4373 ad

90 4436 210 4481 me:
240 4432 297 4478 et
325 4420 535 4492 tyranni
563 4417 665 4473 mei
688 4426 741 4472 et
769 4416 1054 4485 Optimates
1078 4414 1179 4467 mci
1208 4412 1520 4483 qumrebant
1538 4426 1622 4465 me
1647 4425 1662 4463 :

89 4516 209 4572 etin
248 4529 417 4584 regno
447 4527 568 4567 meo
591 4509 933 4566 conﬁrmatus
953 4522 1092 4573 sum,
1120 4515 1175 4561 et
1211 4506 1520 4577 magnitudo
1545 4520 1663 4560 am-

90 4610 221 4679 plior
242 4605 423 4662 addita
467 4613 553 4660 est
580 4602 731 4658 mihi.
778 4621 799 4655 ι
838 4601 997 4657 Vides
1028 4609 1083 4654 ut
1110 4600 1250 4654 Deus
1280 4610 1333 4654 et
1357 4607 1588 4654 statuere
1612 4607 1667 4653 et

86 4708 327 4755 evertere
349 4696 519 4767 possit
545 4694 810 4765 regnum?
838 4692 1128 4762 Oportebat
1152 4691 1413 4761 siquidem
1437 4690 1551 4745 haec
1568 4705 1664 4761 per

86 4810 166 4861 ca,
192 4808 315 4864 quae
366 4799 523 4845 antea
562 4787 917 4858 contigerant,
948 4785 1223 4855 explorata
1276 4782 1472 4838 lia-bere
1504 4802 1517 4838 :
1567 4782 1663 4838 sed

81 4886 333 4958 quoniam
366 4892 422 4938 tu
446 4880 696 4953 ignoraSti
726 4895 811 4945 ea,
838 4894 1061 4947 regnum
1092 4877 1344 4932 Dominus
1364 4876 1574 4943 evertit,
1608 4884 1663 4930 et

82 4975 210 5031 illud
236 4976 432 5030 iterum
456 4972 655 5028 erexit.
705 4970 793 5026 54.
824 4987 843 5021 ‹
875 4968 1023 5023 Nunc
1071 4968 1229 5038 igitur
1254 4982 1351 5038 ego
1377 4966 1663 5022 Nabucho-

78 5070 321 5123 donosor
346 5064 505 5121 laudo
525 5072 579 5119 et
602 5062 779 5118 exalto
797 5071 850 5117 et
874 5059 1115 5132 gloriﬁco
1146 5058 1345 5129 Regem
1372 5058 1509 5123 czuli,
1539 5058 1661 5127 quia

74 5160 254 5214 omnia
295 5172 461 5228 Opera
511 5155 652 5213 illius
678 5168 822 5219 vera,
865 5161 916 5205 ct
947 5151 1150 5205 semine
1186 5149 1300 5227 ejus
1338 5148 1557 5217 judicia,
1610 5156 1665 5202 et

69 5264 263 5306 omnes
292 5247 604 5303 incedentes
630 5245 682 5299 in
704 5242 950 5313 superbia
977 5247 1153 5310 potest
1174 5238 1471 5293 humiliare.
1505 5257 1523 5291 ι
1548 5238 1662 5299 Dici

71 5345 298 5413 nequit,
331 5356 455 5396 eum
507 5343 824 5408 potestatem
867 5333 1081 5403 quidem
1127 5331 1347 5398 habere,
1395 5330 1490 5385 sed
1520 5329 1660 5400 inju-

72 5448 211 5491 stam
244 5452 259 5488 :
296 5432 441 5487 illius
468 5431 666 5501 quippe
692 5440 882 5497 magna
905 5433 986 5479 est
1007 5422 1232 5492 justitia.
1264 5421 1328 5477 Et
1354 5437 1545 5487 omnes,
1575 5421 1661 5489 qui

69 5526 384 5599 gradiuntur
406 5522 461 5574 in
511 5517 776 5585 superbia,
823 5523 984 5587 potest
1011 5512 1299 5566 humiliare.
1352 5510 1466 5565 Non
1503 5510 1656 5578 dixit,

73 5618 352 5678 llnmiliat,
385 5621 441 5667 ut
468 5606 567 5664 tibi
612 5611 750 5665 illius
779 5609 936 5664 etiam
988 5604 1435 5676 aequanimitatem
1481 5614 1660 5659 osten-

73 5713 243 5778 deret,
280 5718 413 5769 etut
445 5706 795 5777 intelligeres,
821 5700 961 5775 quod
990 5715 1094 5757 non
1125 5714 1190 5755 ex
1214 5698 1537 5769 inﬁrmitate,
1557 5700 1652 5757 scd

1470 267 1533 322 ΙΝ
1578 263 1942 321 ῡΑΝΙΕΕΕΜΣ

3255 270 3375 325 223·

1748 392 1751 395 λ
1777 376 1917 446 quod
1944 391 2036 445 per
2065 392 2224 432 unum
2258 379 2390 435 alios
2418 380 2685 436 emendat.
2720 382 2879 439 Vides
2908 383 3198 454 potentiam
3225 386 3251 439 2
3279 386 3356 440 vi-

1777 469 1875 523 des
1920 469 2219 537 justitiam?
2245 472 2396 528 vides
2441 490 2566 543 erga
2618 474 2861 531 homines
2909 482 3393 539 amorem?vides.

1773 561 1890 617 hmo
1910 563 1976 617 ab
2004 578 2097 619 ore
2124 564 2349 620 barbaro
2378 569 2747 635 pronuntiari?
2777 570 3032 638 Quisnam
3064 574 3135 628 ita
3179 575 3369 644 pbilo—.

1774 652 2029 722 solibalns
2059 665 2140 709 est
2156 656 2299 724 ?-Qui
2324 659 2596 727 pr0plietis
2628 670 2780 715 erant
2807 664 3046 718 innutriti
3073 707 3086 727 ,
3117 666 3249 721 nihil
3274 668 3353 722 si-

1775 746 1900 799 mile
1930 748 2307 817 loquebantur,
2359 751 2453 805 sed
2489 755 2755 807 contraria
2787 755 3017 823 penitus.
3053 757 3172 812 Non
3200 762 3355 830 faciet
3390 799 3397 805 η

1772 836 1895 892 bene
1924 839 2191 905 Dominus,
2217 843 2384 907 aiunt,
2412 854 2458 897 et
2484 861 2583 898 non
2605 847 2756 916 faciet
2780 849 2912 902 male
2938 849 3127 918 (Sapit.
3155 853 3205 906 l.
3237 853 3349 921 η).

1772 929 1837 984 Et
1864 932 2053 985 iterum
2080 950 2092 985 :
2120 933 2369 988 Nounein
2383 937 2678 1006 fortitudine
2703 949 2874 993 nostra
2887 941 3152 996 habuimus
3166 960 3357 999 cornua

1774 1022 1792 1087 (
1819 1023 1969 1076 Amos
1998 1024 2050 1077 6.
2077 1025 2142 1078 Η
2165 1026 2228 1094 )‘P
2257 1026 2323 1080 Et
2355 1046 2369 1108 ς
2399 1026 2575 1083 Omnis
2590 1030 2675 1099 qui
2694 1030 2815 1097 facit
2843 1032 3051 1096 malum,
3080 1034 3263 1087 bonum
3280 1045 3356 1088 est

1770 1116 1825 1169 in
1850 1128 2118 1188 conspectu
2147 1118 2369 1188 Domini,
2402 1132 2448 1174 et
2472 1123 2524 1175 in
2539 1123 2617 1176 his
2630 1124 2932 1193 complacuit
2951 1125 3260 1194 ei(M‘alach.
3291 1129 3350 1182 2.

1770 1208 1883 1278 17).
1908 1210 1969 1263 lit
1994 1227 2008 1265 :
2039 1210 2187 1276 Quod
2198 1212 2581 1267 emolumentum
2602 1256 2617 1279 ,
2647 1215 2765 1285 quia
2793 1217 3054 1270 serviimus
3082 1217 3161 1271 illi
3187 1218 3360 1289 (Ibid.

1770 1301 1823 1355 5.
1858 1299 1989 1371 l4)?
2016 1300 2180 1358 Vides
2232 1303 2288 1358 in
2334 1305 2617 1360 Palmstina
2667 1307 2913 1377 dogmata
2955 1311 3191 1364 satanica
3216 1313 3240 1365 ?
3267 1313 3347 1367 vi-

1770 1389 1865 1445 des
1907 1391 1959 1445 in
2009 1392 2288 1449 barbarico
2327 1394 2445 1450 solo
2487 1396 2877 1468 phiIOSOpbiam
2932 1399 3297 1470 propheticam
3328 1404 3355 1457 ?

1771 1482 1896 1538 llmc
1920 1484 2100 1554 ﬁgurae
2121 1488 2448 1557 suntgratize
2477 1490 2614 1559 apud
2655 1500 2843 1561 gentes
2869 1493 3058 1548 iutnrze
3083 1512 3096 1559 ;
3129 1504 3183 1549 et
3210 1497 3352 1565 quod
3427 1514 3435 1518 ν

1769 1575 1996 1644 gentiles
2025 1576 2257 1633 debeant
2281 1591 2618 1637 antevertere
2641 1583 2856 1638 Judaeos
2881 1625 2896 1648 ,
2927 1601 2987 1639 ac
3015 1587 3350 1655 prmsultare.

1772 1665 1961 1721 Postea
1991 1667 2235 1725 Baltasar
2263 1672 2362 1741 (a),
2412 1689 2533 1728 cum
2586 1675 2637 1727 in
2667 1674 2755 1729 illo
2786 1676 3046 1731 convivio
3061 1678 3241 1734 ebrius
3268 1695 3353 1735 es-
3413 1670 3435 1680 ”

1772 1769 1875 1823 set,
1903 1757 2056 1827 jubet
2086 1776 2209 1816 vasa
2239 1762 2391 1818 educi
2426 1784 2437 1817 :
2470 1766 2617 1834 quasi
2658 1766 2709 1820 in
2755 1767 2978 1823 victoria
3028 1772 3193 1838 patris
3236 1772 3385 1841 glo-.

1770 1848 1937 1916 rians,
1970 1852 2138 1922 magis
2162 1868 2289 1909 vero
2309 1856 2608 1924 petulanter
2636 1857 2893 1913 insultans
2918 1880 2930 1914 :
2960 1875 3076 1927 seu,
3101 1864 3353 1931 quoniam
3394 1915 3397 1917 .

1770 1941 2008 1996 convivae
2034 1958 2220 1999 eorum
2247 1961 2366 2015 qum
2395 1948 2727 2017 contigerant
2756 1949 2967 2005 fuerant
2990 1962 3351 2021 spectatores;
3402 2018 3416 2027 κ

1770 2041 1828 2086 ut
1851 2032 2065 2089 tolleret
2089 2050 2205 2090 eam
2234 2052 2392 2106 quam
2412 2038 2477 2092 de
2497 2039 2604 2093 Deo
2637 2040 2900 2096 habebant
2923 2043 3352 2101 admirationem.

1772 2122 1840 2177 Et
1870 2122 1971 2178 hoc
1995 2140 2061 2180 ex
2089 2127 2332 2196 superbia
2360 2139 2415 2189 et
2444 2129 2703 2186 ebrietate
2729 2131 3016 2189 faciebant.
3058 2134 3353 2191 Caveamus

1773 2215 2153 2282 temulentiam,
2209 2218 2406 2276 dilecti.
2460 2220 2619 2276 Multa
2674 2223 2829 2287 enim,
2866 2225 3093 2280 absurda
3142 2227 3208 2281 ab
3249 2208 3349 2282 hac

1772 2306 1924 2363 liunt.
1949 2306 2054 2363 Sed
2075 2318 2129 2364 et
2152 2326 2373 2381 magnos
2394 2314 2532 2368 viros
2562 2326 2778 2387 supcrat
2808 2317 3059 2373 ebrietas.
3092 2319 3222 2372 Nam
3248 2320 3349 2375 iste

1770 2399 2100 2454 cumvinum
2117 2410 2403 2470 gustasset,
2437 2419 2562 2458 vasa
2604 2405 2781 2460 ell‘erri
2807 2407 2984 2475 jussit.
3017 2409 3220 2476 Quibus
3260 2426 3353 2479 pe-

1772 2501 2019 2561 percerat
2042 2502 2193 2563 pater
2212 2494 2376 2561 illius,
2396 2498 2486 2566 qui
2509 2513 2571 2553 ea
2598 2513 2629 2553 e
2660 2500 2857 2570 templo
2897 2501 3312 2572 deprompscrat.
3336 2524 3350 2567 ;

1775 2592 1829 2637 et
1860 2582 1903 2636 is
1923 2597 2045 2637 cum
2069 2584 2298 2655 cepisset
2319 2587 2730 2659 J‘erosolymam,
2763 2606 2867 2656 non
2893 2606 3053 2645 ausus
3079 2603 3161 2646 est
3188 2594 3238 2646 in
3266 2594 3356 2648 hu-
3410 2652 3413 2657 ,

1771 2690 1986 2729 manum
2022 2678 2376 2733 ministerium
2420 2681 2508 2735 illa
2532 2681 2830 2749 deducere;
2859 2687 2959 2739 iste
3007 2702 3110 2739 non
3138 2687 3237 2741 sibi
3261 2664 3351 2743 so-

1772 2767 2063 2833 lummodo,
2110 2770 2204 2825 sed
2234 2781 2288 2826 et
2325 2773 2675 2842 optimatibus
2731 2775 2844 2834 suis
2892 2786 2946 2832 et
2976 2778 3259 2849 pellicibus
3294 2791 3357 2855 et

1771 2860 2083 2915 concubinis
2111 2862 2165 2916 in
2195 2878 2347 2917 usum
2388 2864 2623 2922 tradidit.
3038 2860 3043 2863 ’

2400 3001 2626 3059 CAPUT
2679 3003 2754 3060 Vi.

1844 3138 1895 3192 l.
1943 3156 1961 3189 ‹
2001 3137 2242 3194 Baltasar
2272 3155 2362 3195 rex
2389 3141 2514 3196 fecit
2542 3142 2847 3211 convivium
2878 3143 3352 3215 grandevoptima-

1772 3228 1913 3283 tibus
1942 3231 2052 3285 suis
2075 3232 2219 3288 mille
2255 3252 2266 3286 :
2298 3241 2351 3288 et
2391 3248 2433 3294 e,
2458 3234 2677 3304 regione
2704 3235 2941 3304 ipsorum
2991 3237 3137 3291 mille
3173 3238 3354 3309 vinum

1771 3330 1904 3377 erat.
1936 3321 1991 3376 2.
2026 3322 2225 3377 Bibens
2243 3323 2487 3379 Baltasar
2508 3339 2598 3379 rex
2622 3326 2877 3396 pratcepit
2898 3326 2959 3391 in
3002 3338 3158 3397 gustu
3197 3330 3302 3383 vini
3332 3372 3348 3396 ,

1770 3425 1829 3470 ut
1856 3416 2113 3473 all‘errent
2139 3434 2266 3473 vasa
2299 3434 2459 3479 aurea
2498 3429 2554 3475 et
2577 3429 2826 3490 argentea
2849 3462 2864 3485 ,
2889 3436 3008 3491 qua;
3032 3432 3348 3493 asportave-

1768 3519 1851 3564 rat
1873 3509 2362 3567 Nabuchodonosor
2391 3514 2681 3582 paterejus
2708 3513 2775 3569 de
2828 3514 3045 3584 templo,
3102 3514 3244 3584 quod
3294 3515 3365 3569 in.

1770 3600 2231 3674 Jerosolymis:et
2255 3603 2499 3659 biberent
2550 3605 2601 3658 in
2641 3605 2745 3660 illis
2794 3622 2900 3661 rex.
2925 3649 2940 3673 ,
2972 3616 3037 3661 et'
3072 3608 3356 3677 optimates

1770 3691 1908 3762 ejus,
1935 3703 1988 3746 et
2015 3694 2298 3748 concubini
2338 3695 2475 3766 ejus,
2520 3705 2574 3751 et
2600 3696 2821 3766 pellices
2849 3697 2986 3766 ejus.
3022 3699 3075 3752 ‘5.
3098 3698 3163 3751 Et
3190 3677 3353 3753 allata

1770 3793 1896 3841 sunt
1923 3800 2049 3841 vasa
2081 3797 2334 3857 argentea
2378 3798 2431 3843 et
2460 3803 2643 3853 aurea,
2686 3804 2805 3858 qua:
2845 3772 3212 3859 asportaverat
3248 3789 3353 3844 Na-

1770 3876 2184 3934 buchodonosor
2223 3894 2289 3934 ex
2322 3880 2521 3951 templo
2551 3880 2666 3947 Dei,
2698 3880 2838 3951 quod
2867 3881 2919 3935 in
2958 3880 3351 3953 Jerosolymis.:

1769 3981 1824 4027 et
1849 3972 2099 4029 bibebant
2123 3973 2174 4027 in
2198 3973 2277 4028 eis
2302 3989 2419 4039 rex,
2451 3980 2505 4028 et
2528 3975 2812 4043 optimates
2829 3973 2967 4043 ejus,
2991 3983 3046 4028 et
3070 3970 3354 4029 concubini

1769 4064 1905 4134 ejus,
1929 4073 1983 4119 et
2011 4064 2228 4133 pellices
2254 4063 2391 4135 ejus.
2415 4065 2470 4119 4.
2499 4064 2567 4118 Et
2596 4064 3067 4130 bibebantvinum,
3091 4074 3145 4119 et
3171 4064 3354 4118 lauda-

1770 4163 1963 4208 verunt
1991 4154 2121 4209 deos
2150 4168 2361 4218 aureos,
2396 4162 2451 4208 et
2497 4164 2801 4223 argenteos,
2835 4164 2890 4208 et
2918 4169 3119 4221 ωηθοε,
3150 4164 3206 4230 et
3230 4154 3354 4219 ler-

1768 4261 1922 4311 reos,
1951 4253 2003 4299 et
2024 4245 2246 4316 ligneos,
2275 4254 2329 4300 et
2353 4244 2611 4316 lapideos.
2645 4266 2663 4299 ι
2694 4245 2857 4305 Vides
2884 4262 3008 4310 vasa
3043 4247 3201 4317 capi?
3244 4248 3352 4303 Sed

1768 4338 1888 4393 vide
1911 4353 2096 4392 eorum
2128 4338 2400 4402 virtutem,
2425 4338 2585 4392 etiam
2618 4350 2896 4408 postquam
2924 4347 3075 4408 capta
3106 4348 3229 4393 sunt
3250 4380 3263 4399 ,
3284 4355 3353 4403 ac

1769 4430 1943 4501 posita
1975 4435 2029 4484 in
2064 4429 2344 4484 idolorum
2378 4429 2596 4499 templo.
2629 4430 2757 4504 Este
2780 4429 2930 4485 deiis
2956 4431 3045 4485 ille
3077 4446 3172 4500 pro
3200 4431 3353 4485 libitn

1769 4521 2039 4583 statuerit.
2067 4520 2181 4588 Qua
2218 4520 2283 4576 de
2309 4534 2469 4576 causa
2498 4521 2590 4575 id?
2638 4523 2808 4592 Capta
2860 4532 2985 4577 sunt
3011 4532 3229 4593 propter
3259 4522 3353 4576 Ju-

1768 4614 2004 4669 darorum
2031 4622 2248 4683 peccata
2281 4630 2294 4668 :
2325 4613 2396 4667 illi
2432 4626 2617 4682 ptenas
2644 4613 2928 4669 dederunt.
2959 4613 3186 4681 Quinam
3210 4612 3351 4668 linis

1767 4711 1927 4765 etiam
1960 4719 2082 4780 post
2104 4708 2353 4765 ostenta?
2380 4723 2486 4777 quo
2533 4715 2690 4776 pacto
2729 4707 2860 4761 nihil
2898 4708 3038 4775 passi
3079 4714 3202 4761 sunt
3248 4723 3355 4765 ma-

1766 4813 1976 4871 gnates,
2000 4800 2094 4855 sed
2118 4800 2264 4854 solus
2291 4799 2429 4853 rex?
2451 4798 2584 4864 Quia
2626 4798 2833 4852 scilicet
2854 4798 2947 4852 ille
2970 4797 3224 4867 jusserat,
3262 4796 3353 4851 illo

1767 4892 1974 4947 caeteris
2001 4900 2189 4945 auctor
2217 4889 2412 4945 fuerat.
2446 4888 2764 4954 Laudarunt,
2797 4888 2990 4958 inquit,
3020 4889 3139 4941 deos
3171 4904 3352 4942 aureos

1767 4994 1814 5038 et
1837 4991 2114 5055 argenteos.
2146 4981 2323 5049 Quare
2349 4980 2465 5035 haec
2503 4979 2642 5051 apud
2674 4979 2795 5034 illos
2824 4979 3047 5034 deorum
3093 4978 3350 5033 dill‘eren-

1767 5078 1837 5132 tia
1872 5074 2025 5130 erat?
2056 5071 2306 5130 Diabolus
2332 5071 2553 5141 cupiens
2579 5069 2699 5125 illos
2727 5068 2874 5125 omni
2918 5068 3074 5125 venia
3094 5069 3305 5139 privane
3329 5108 3365 5137 ,,

1766 5152 1909 5241 saepe
1936 5168 2187 5240 prmeepit
2212 5177 2275 5222 ut
2297 5165 2428 5222 deos
2470 5165 2673 5236 ligneos
2720 5165 2989 5229 facerent,
3042 5177 3111 5219 ne
3134 5165 3203 5220 ab
3235 5164 3349 5234 ipsa

1829 5330 1901 5391 (α)
1936 5325 2009 5374 Ab
2041 5326 2119 5379 bis
2140 5325 2370 5391 vocibus,
2397 5328 2568 5391 Postea
2593 5321 2827 5391 Baltasar,
2853 5321 3172 5372 inchoandum
3203 5330 3351 5391 caput

1765 5384 1983 5454 quinium
2016 5396 2234 5454 putarem
2262 5387 2325 5448 (si
2359 5393 2520 5454 tamen
2558 5386 2623 5433 ita
2645 5385 2963 5454 distribuerat
2980 5391 3180 5454 sanctus
3202 5384 3349 5454 Chry-

1764 5444 2039 5514 sbstomusj,
2067 5452 2154 5500 nisi
2179 5444 2289 5511 qua:
2313 5452 2585 5514 sequuntur
2607 5447 2665 5503 ad
2691 5444 3001 5514 dosologiam
3021 5446 3183 5514 magis,
3201 5447 3349 5514 perti-

1765 5529 1890 5568 nere
1945 5506 2245 5564 viderenttn‘.
2300 5506 2422 5559 Sane
2470 5510 2510 5558 is
2554 5523 2580 5557 a
2626 5521 2722 5571 quo
2764 5506 3349 5571 hime'commeutarium

1764 5566 2053 5639 accepimus,
2073 5575 2186 5623 dum
2212 5572 2290 5623 vel
2315 5566 2842 5639 indiligentius'dictata
2864 5566 3078 5639 magistri
3103 5568 3363 5639 excerpit,

1764 5629 1843 5691 vel
1870 5629 2177 5700 perorantem
2194 5636 2394 5700 assequi
2421 5629 2514 5700 non
2539 5632 2697 5691 valet,
2726 5629 2804 5700 ξξεί
2830 5632 2878 5700 in
2901 5632 3151 5693 epitomeu
3175 5636 3376 5687 cunctae,

1766 5691 1963 5766 redigit,
1987 5712 2110 5763 Opus
2135 5697 2272 5749 valde
2299 5691 2635 5761 imperfectum
2667 5691 2897 5759 reliquit...
