3724 6272
400 241 503 297 223

398 349 620 408 materia
647 363 899 418 magnum
929 353 1200 416 sumptum
1230 346 1282 400 in
1308 345 1708 401 excusationem
1735 342 1972 400 adduce-

395 455 535 502 rent.
558 441 826 500 Laudibus
855 439 1199 498 celebrabant
1215 439 1368 495 deos.
1389 438 1522 493 Vide
1536 438 1700 494 Deum
1718 449 1978 506 nusquam

397 537 651 606 incipere,
682 534 777 588 sed
806 533 977 604 sequi.
1015 531 1194 598 Quare
1220 545 1379 601 pinna
1407 529 1731 598 subsequuta
1756 537 1840 583 est
1880 541 1979 583 ve-

396 629 611 692 lociter,
641 642 704 682 ac
733 625 922 683 eadem
970 625 1147 680 hora?
1177 624 1246 680 Ut
1287 639 1407 694 qua:
1435 638 1503 678 ex
1526 620 1793 691 prioribus
1819 620 1982 675 mira-

399 721 534 777 culis
559 732 678 775 acta
707 720 919 775 fuerant
945 734 1051 774 non
1085 718 1529 774 dissolverentur.
1563 717 1699 772 Dum
1743 716 1883 771 Deus
1925 715 1978 770 in

397 815 543 870 vasis
570 813 802 869 afficitur
826 812 1168 878 contumelia,
1193 810 1363 865 voluit
1389 808 1631 865 homines
1658 808 1978 865 contumelia

397 905 632 961 afﬁcere.
667 903 736 958 Et
782 903 906 957 vide
951 901 1079 970 quid
1114 903 1223 956 fiat.
1257 900 1433 971 Cupiit
1456 915 1581 955 vasa
1614 917 1627 953 :
1659 907 1715 955 et
1758 913 1826 954 eo
1859 899 1981 968 ipso

399 1007 643 1067 tempore
663 993 871 1065 punitio
899 992 1086 1048 adfuit.
1111 993 1220 1048 Cur
1246 1006 1353 1047 non
1382 992 1609 1046 mittitur
1636 989 1895 1060 propheta
1918 989 1986 1043 il-

400 1087 512 1142 lum
544 1084 994 1155 reprehensurus,
1043 1083 1139 1139 sed
1163 1083 1421 1139 articulus
1449 1081 1683 1138 manus?
1711 1080 1782 1138 Ut
1811 1080 1983 1151 major

399 1177 631 1230 oriretur
676 1173 1060 1230 consternatio.
1114 1173 1169 1228 5.
1215 1190 1234 1224 ι
1269 1172 1326 1227 ln
1368 1172 1557 1228 eadem
1606 1173 1738 1226 liora
1779 1169 1982 1241 egressi

398 1275 525 1322 sunt
573 1265 723 1336 digiti
753 1279 945 1320 manus
998 1264 1253 1330 hominis,
1284 1271 1343 1319 et
1369 1262 1675 1319 scribebant
1704 1276 1737 1316 e
1764 1260 1985 1332 regione

401 1357 663 1428 lampadis
709 1357 765 1412 in
794 1356 1019 1411 tectorio
1062 1355 1282 1426 parietis
1328 1353 1522 1410 domus
1547 1352 1709 1424 regiae
1738 1371 1752 1407 :
1779 1361 1835 1408 et
1888 1366 1984 1408 rex

401 1451 694 1521 aspiciebat
722 1450 978 1504 articulos
1017 1463 1208 1504 manus
1237 1447 1544 1503 scribentis.
1576 1466 1595 1499 ι
1628 1446 1778 1502 Adde
1803 1455 1858 1501 et
1887 1460 1982 1501 ve-

402 1559 616 1612 speram
647 1542 833 1598 fuisse.
865 1541 1162 1613 Oportebat
1181 1550 1447 1595 tumorem
1478 1553 1544 1594 ex
1576 1537 1883 1594 temulentia
1899 1551 1988 1590 or-

402 1645 512 1688 tum
542 1631 844 1704 comprimi.
879 1629 1082 1685 Deinde
1120 1629 1387 1684 debebant
1433 1641 1622 1683 omnes
1649 1627 1739 1698 qui
1765 1625 1989 1682 aderant

403 1725 640 1791 edoceri,
676 1738 855 1793 regem
881 1736 1067 1791 pinnas
1091 1720 1239 1775 dare.
1267 1717 1378 1774 Cur
1401 1733 1506 1772 non
1550 1718 1690 1773 Deus
1737 1716 1935 1771 fulmen
1958 1730 1990 1770 e

401 1815 532 1870 caelo
571 1814 749 1868 statim
801 1811 1025 1867 emisit?
1066 1811 1134 1866 Ut
1184 1811 1374 1863 iterum
1418 1824 1605 1864 servus
1645 1823 1773 1862 suus
1817 1806 1988 1878 gloria

403 1905 711 1961 afficeretur
746 1910 847 1956 :nt
874 1901 1116 1956 Baltasar
1163 1899 1374 1955 audiret
1423 1914 1519 1954 cur
1544 1899 1644 1954 ista
1691 1905 1986 1968 pateretur.

408 1997 540 2052 Nam
591 1996 773 2051 Daniel
801 1995 1072 2065 ingressus
1100 2009 1208 2050 non
1239 2000 1446 2048 tantum
1476 1992 1792 2063 scripturam
1820 1989 1988 2045 inter-

407 2096 669 2158 pretatur,
698 2085 794 2141 sed
818 2097 872 2140 et
900 2085 1088 2156 longos
1111 2084 1270 2140 habet
1294 2098 1593 2158 sermones,
1626 2096 1826 2152 eosque
1861 2095 1989 2136 sua-

404 2156 596 2244 sorios,
631 2196 735 2234 non
763 2188 1035 2248 tamquam
1085 2177 1197 2247 regi
1236 2156 1581 2246 profuturus,
1622 2173 1717 2230 sed
1761 2181 1820 2228 ut
1858 2173 1992 2228 alios

410 2271 808 2327 emendaturus.
835 2271 924 2326 15.
953 2287 972 2320 ι
1005 2268 1157 2324 Tunc
1177 2267 1361 2322 Daniel
1387 2267 1658 2336 ingressus
1680 2265 1834 2321 estin
1864 2279 1994 2320 cun-

407 2374 648 2434 spectum
678 2363 837 2432 regis.
860 2361 928 2416 Et
952 2361 1088 2417 dixit
1113 2376 1206 2418 rex
1237 2359 1476 2415 Danieli:
1527 2358 1606 2414 Tu
1629 2372 1690 2414 es
1716 2357 1900 2412 Daniel
1925 2372 1993 2414 ex

412 2457 533 2512 filiis
591 2455 912 2524 captivitatis
957 2453 1189 2508 Iudaicae
1223 2494 1237 2518 ,
1267 2467 1426 2523 quam
1456 2450 1676 2506 deduxit
1705 2464 1799 2506 rex
1844 2457 1997 2518 pater

413 2563 566 2604 tncus
595 2563 660 2602 ex
694 2546 876 2602 Judma
901 2546 924 2600 ?
969 2545 1143 2600 Veluti
1173 2545 1424 2600 territans
1443 2559 1564 2599 eum
1594 2551 1649 2598 et
1669 2541 1734 2597 ad
1763 2540 1994 2596 necessi-

410 2650 572 2695 tatem
609 2639 874 2707 redigens,
909 2637 1023 2691 h:cc
1045 2637 1140 2694 ait.
1169 2635 1302 2690 Cum
1323 2643 1500 2690 autem
1528 2633 1688 2688 dicit:
1718 2632 1879 2700 Quem
1901 2631 1999 2684 ad-

414 2733 558 2786 duxit
583 2747 674 2785 rex
694 2741 836 2798 pater
860 2745 995 2783 meus
1021 2745 1085 2782 ex
1108 2727 1394 2798 captivitate
1415 2725 1636 2790 Judwar,
1668 2723 1784 2778 ι]ωο
1808 2731 1998 2778 contra

412 2823 757 2890 semetipsum
795 2819 959 2876 verba
1005 2819 1257 2889 loquitur,
1294 2819 1339 2872 si
1386 2816 1639 2871 nimirum
1664 2815 1996 2885 captivorum

413 2915 610 2988 ubique
632 2913 882 2981 indigeat.
910 2910 998 2966 14.
1037 2930 1057 2964 ε
1097 2910 1289 2965 Audivi
1313 2909 1380 2964 de
1400 2918 1472 2975 te,
1488 2905 1633 2976 quod
1651 2905 1883 2976 Spiritus
1902 2905 1998 2962 Dei

415 3015 630 3059 sanctus
655 3006 706 3059 in
729 3015 778 3058 te
807 3013 889 3058 est
907 3045 923 3070 ,
953 3011 1007 3058 et
1025 3002 1316 3073 vigilantia,
1345 3008 1399 3055 et
1427 2999 1792 3070 intelligentia.
1823 3006 1878 3052 et
1896 3011 1988 3052 sa-

418 3097 614 3168 pientia
643 3096 869 3166 amplior
898 3095 1109 3150 inventa
1136 3102 1218 3148 est
1247 3092 1298 3146 iit
1326 3101 1399 3147 te.
1418 3091 1505 3147 15.
1523 3089 1588 3145 Et
1608 3087 1998 3158 nuncingressi

417 3197 543 3245 sunt
590 3188 644 3243 in
666 3197 954 3256 conspectu
996 3199 1117 3240 meo
1146 3181 1439 3253 sapientes,
1477 3180 1639 3251 magi,
1685 3177 1948 3235 Gazareni
1980 3218 1998 3245 ,

417 3281 672 3344 Chaldaei,
691 3291 748 3335 ut
774 3279 1091 3349 scripturam
1118 3276 1255 3331 hanc
1281 3275 1537 3345 legerent,
1560 3281 1614 3328 et
1636 3271 1999 3340 conjecturam

422 3377 541 3446 ejus
594 3373 893 3428 indicarent
942 3371 1115 3425 mihi:
1161 3384 1260 3425 nec
1298 3375 1588 3438 potuerunt
1637 3365 2002 3436 conjecturam

423 3469 689 3525 sermonis
719 3467 859 3522 illius
878 3466 1182 3521 renuntiare
1207 3462 1360 3518 mihi.
1393 3463 1480 3517 l6.
1513 3462 1579 3517 Et
1604 3475 1704 3532 ego
1732 3460 1909 3516 audivi
1937 3458 2004 3514 de

424 3571 498 3626 te,
525 3560 649 3630 quia
685 3567 838 3630 potes
865 3558 1204 3628 conjecturas
1231 3557 1520 3625 conjicere,
1552 3563 1608 3610 et
1633 3554 1801 3610 nodos
1828 3553 2004 3608 solve-

423 3667 506 3708 re.
544 3651 612 3706 Et
641 3665 785 3704 nunc
827 3650 872 3704 si
918 3648 1118 3718 poteris
1153 3648 1470 3716 scripturam
1507 3647 1706 3718 legere,
1741 3655 1795 3702 ct
1819 3645 2004 3716 conje-

424 3753 627 3798 cturam
646 3740 761 3811 ejus
777 3739 1010 3795 indicare
1026 3739 1175 3806 mihi,
1194 3753 1426 3809 purpura
1442 3738 1706 3801 vestieris,
1719 3747 1774 3793 et
1789 3747 2006 3808 torques

425 3849 585 3891 aurea
616 3833 714 3888 erit
742 3833 795 3887 in
824 3833 962 3888 col.o
992 3841 1084 3886 tuo
1103 3873 1118 3899 ,
1147 3841 1202 3887 et
1231 3832 1417 3885 tertius
1437 3826 1495 3885 in
1515 3846 1680 3901 regno
1696 3831 2008 3901 meoimpe-

427 3926 569 3982 rabis
592 3923 690 3995 (τι).
717 3943 737 3977 r
766 3925 983 3982 Fatetur
1007 3937 1134 3979 suos
1155 3923 1322 3978 victos
1337 3936 1475 3987 esse,
1498 3931 1552 3977 et
1568 3923 1672 3976 ait:
1703 3921 1819 3988 Dic,
1848 3930 2007 3992 atque

491 4105 564 4167 (a)
596 4103 690 4153 Vel
709 4106 882 4154 tertius
893 4111 1004 4167 post
1023 4116 1214 4165 regem,
1235 4101 1507 4167 SiClllfSll}:
1523 4101 1599 4150 10.
1621 4103 1670 4159 3,
1690 4100 2010 4167 hardocharus

426 4163 672 4216 secundus
694 4171 769 4215 est
791 4167 853 4214 ab
876 4163 1109 4222 Assuero,
1133 4174 1182 4214 et
1203 4173 1321 4213 Gen.
1349 4163 1424 4212 ll.
1452 4164 1510 4212 45
1528 4199 1542 4222 ,
1568 4163 1803 4224 Josephus
1827 4163 1874 4210 in
1897 4175 2009 4212 cur-

429 4241 536 4278 rum
560 4228 814 4278 Pharaonis
831 4227 1099 4288 secundum
1119 4225 1395 4288 imponitur.
1421 4224 1514 4274 Vel
1541 4227 1732 4288 tertius,
1755 4225 1801 4272 id
1827 4232 1929 4282 est,
1956 4231 2012 4274 ut

431 4290 632 4351 exponit
652 4297 696 4337 s.
719 4288 933 4351 Isidorus
955 4287 1198 4337 Pelusiota’
1218 4287 1299 4335 lib.
1325 4289 1356 4334 2
1375 4326 1388 4351 _,
1424 4289 1566 4351 epist.
1588 4287 1652 4351 _96
1669 4322 1682 4346 ,
1711 4293 1815 4348 post
1836 4299 2010 4347 regem

431 4363 488 4399 ac
501 4347 748 4411 reginam.
777 4347 870 4396 Vel
895 4351 1054 4398 tertize
1075 4351 1224 4411 partis
1246 4349 1390 4411 regni
1424 4347 1780 4396 administrator
1799 4381 1813 4404 ,
1839 4360 2012 4408 quem-

433 4408 687 4460 admodum
729 4411 989 4471 Josephum
1037 4408 1225 4471 videtur
1279 4408 1526 4469 explicare
1577 4416 1622 4471 S.
1677 4411 2010 4471 Hieronymus.

437 4472 607 4522 Tertia:
627 4471 754 4532 parti
778 4470 1020 4532 imperans
1040 4504 1054 4527 ,
1078 4471 1144 4518 ait
1168 4470 1296 4518 idem
1321 4471 1556 4530 Josephus
1575 4470 1639 4519 de
1672 4471 1845 4518 Jorami
1863 4470 2014 4532 regis

433 4533 578 4590 duce,
604 4531 636 4580 ηί
658 4539 770 4594 Reg.
797 4533 845 4579 7.
872 4531 964 4580 Vel
998 4532 1214 4594 denique
1247 4543 1372 4594 unus
1396 4545 1467 4594 ex
1503 4533 1658 4580 tribus
1683 4531 2008 4594 principibus,

432 4596 518 4658 qui
537 4591 747 4654 Satrapis
765 4601 1022 4654 przeerant,
1046 4591 1160 4658 nati.
1185 4591 1232 4639 6.
1259 4593 1306 4649 2,
1325 4592 1507 4658 quique
1525 4591 2014 4658 gemﬁqdicebaptur

435 4651 492 4724 a'c
515 4651 926 4724 spiamgut'patet
945 4666 1007 4703 ex
1028 4654 1312 4723 Hieronymo
1334 4651 1392 4724 ad
1413 4651 1581 4724 _t~‘.zeclt.
1711 4653 1770 4701 '25
1797 4667 1809 4702 :
1843 4651 2017 4724 Tristit-

434 4714 734 4779 tas,'iiiiiuit,
769 4714 1010 4779 principes
1047 4714 1326 4779 principum
1355 4714 1652 4777 interpretati
1683 4727 1877 4779 simius,
1917 4721 2013 4779 etc.

441 4775 664 4840 Tristatar
691 4775 850 4840 autem
886 4775 1057 4840 (tamen
1091 4784 1160 4826 est
1196 4775 1328 4840 apud
1343 4812 1349 4817 .
1366 4775 1555 4840 Grag'cos
1593 4775 1794 4840 secundi
1817 4775 2018 4840 ﬁgi-udus

563 4838 745 4902 regiam
767 4838 1048 4902 dignitatem
1068 4874 1082 4898 ,
1108 4847 1202 4886 etc.
1228 4836 1242 4899 ξ
1268 4847 1320 4888 et
1342 4851 1406 4887 ex
1429 4838 1694 4900 'rbc0pbilo
1717 4836 2018 4902 Antiocheno

466 4903 533 4950 ib.
552 4902 652 4950 28d
677 4901 958 4965 Autolycuut
995 4913 1008 4948 ἶ
1046 4917 1110 4950 τοῦ
1134 4907 1420 4965 denm-[39th:
1453 4915 1615 4962 τρέαηθς
1641 4913 1776 4962 ιτάνιτο
1811 4901 2020 4965 Ᾰδμιξῆιχ

438 4974 582 5024 λιθία),
603 4974 642 5019 δε
659 4976 718 5012 ιιι
735 4959 910 5024 iw...
933 4973 1168 5024 κωίλιυσι,
1181 4963 1273 5024 hoc
1295 4959 1577 5024 egeram;
1598 4959 1673 5024 est
1683 4967 1841 5011 autem
1857 4959 2016 5024 Triarl

440 5022 532 5071 the
551 5021 908 5086 'seunqcherim
925 5062 938 5081 ,
965 5022 1276 5073 Adi-amelectt
1304 5022 1510 5086 Aittiiops
1529 5061 1554 5086 ._
1577 5022 1661 5083 qui
1684 5021 1869 5086 AEgypti
1906 5033 2021 5086 quo-

441 5096 534 5194 me
568 5095 660 5133 rea:
697 5085 871 5144 fuerat.
906 5086 1116 5146 Susidcio
1147 5085 1263 5157 mihi
1288 5091 1364 5134 est
1386 5085 1402 5156 ς
1423 5093 1476 5134 ut
1512 5084 1559 5132 id
1589 5084 1758 5158 obiter.
1771 5084 2016 5145 notem),

517 5143 845 5194 ramelechum
893 5157 1005 5194 esse
1059 5144 1332 5194 Ethronem
1386 5145 1518 5194 illum
1571 5145 1762 5194 ALEVDU
1815 5155 2016 5194 regem.

517 5143 845 5208 ramele’chum
893 5143 1007 5194 esse
1059 5144 1332 5208 Ethiopem
1386 5145 1518 5208 illum
1571 5145 1762 5208 Aigypti
1815 5143 2021 5208 regem,

443 5207 526 5269 qui
569 5208 614 5254 iti
653 5205 901 5269 Cbronicis
937 5207 1126 5258 Eusebii
1166 5205 1360 5269 vocatur
1399 5206 1538 5255 modo
1575 5205 1834 5269 Amerres,
1878 5205 2024 5269 modo

445 5267 657 5327 iterros,
714 5268 854 5330 modo
909 5269 1081 5330 lippa-fug,
1109 5268 1249 5316 modo
1288 5271 1462 5330 Amm.
1497 5274 1634 5330 Forte
1681 5267 1826 5330 etiam
1868 5267 2025 5330 (nihil

447 5331 588 5400 ppim_
599 5331 750 5400 ausim
774 5329 1032 5400 afﬁrmare)
1055 5329 1119 5378 de
1142 5333 1233 5400 isto
1257 5328 1580 5400 experiendus
1599 5338 1675 5378 est
1699 5328 1832 5400 locus
1853 5329 1884 5376 4
1906 5334 2021 5400 ιξρθ.

447 5393 537 5460 ll,
561 5392 612 5439 51
649 5406 659 5439 :
685 5388 1029 5460 Hiuutemﬂui
1063 5397 1198 5460 erant
1234 5389 1295 5460 de
1318 5388 1666 5460 Βερήᾳνιιρίηξη
1691 5388 2026 5460 comparebant

444 5451 570 5518 ﬁlios
593 5465 700 5518 suos
721 5450 844 5518 ἠχή,
870 5450 1556 5518 Adi‘ttiiielech_et_mantela-It
1576 5451 1670 5501 diis
1692 5450 2023 5518 sephqruaim.

447 5512 590 5564 l‘avet
611 5512 945 5576 Tlieo'doretus
967 5519 1146 5571 Qtttest.
1170 5515 1231 5562 48
1253 5516 1300 5562 in
1325 5523 1547 5576 quartum
1572 5512 1770 5573 Regum.
1795 5512 2029 5562 Diodorus

447 5590 642 5647 quoque
665 5574 848 5647 ﬁiculus
867 5615 880 5632 ,
903 5575 987 5647 lib.
1011 5577 1041 5624 5
1059 5611 1084 5647 ,_
1100 5583 1152 5625 et
1182 5574 1352 5647 Strabo
1372 5575 1458 5647 lib.
1487 5576 1561 5647 l7,
1575 5577 1911 5647 gopjecturam
1934 5587 2030 5622 non

447 5635 756 5691 tiicdiocriter
793 5635 1014 5696 firmam,
1054 5636 1167 5685 dum
1205 5640 1426 5686 referunt
1461 5638 1522 5686 ab
1557 5635 1859 5698 Ethiopibus
1879 5648 2032 5696 reges

457 5715 568 5754 alios
595 5698 774 5751 adorari
815 5699 997 5752 solitos.
1042 5698 1380 5752 Adrantclet'bi
1406 5698 1640 5762 Aithiolzis
1675 5699 1722 5750 iu
1759 5705 2030 5762 temporum

1143 231 1198 288 S.
1239 231 1516 289 JUANNIS
1549 226 2029 288 CHRYSOSTOMI
2069 227 2384 289 ARCHIEP.
2423 229 2957 292 CONSTANTINOP.

3567 240 3683 300 92-5

2089 343 2189 401 ista
2209 345 2411 416 accipe.
2431 345 2536 402 Sed
2555 347 2836 404 considera
2855 349 3190 420 prophetam,
3215 351 3266 406 in
3287 363 3440 422 patre
3457 354 3682 424 quidem

2088 435 2234 492 illius
2266 437 2534 507 quomodo
2574 440 2809 494 animum
2847 440 3171 512 despondit;
3203 443 3289 498 hic
3323 453 3502 499 autem
3544 446 3681 502 nihil

2089 528 2194 584 tale
2220 545 2233 582 :
2265 528 2360 584 sed
2389 531 2515 600 quid
2544 532 2654 586 ait?
2683 533 2772 588 t7.
2813 551 2834 586 ς
2867 533 3018 590 Tunc
3049 536 3326 605 respondit
3369 538 3555 594 Daniel
3581 580 3598 602 ,
3629 551 3680 594 et

2088 620 2222 675 dixit
2245 636 2424 676 coram
2456 639 2620 694 rege:
2649 625 2839 682 Munus
2863 636 3008 682 tuum
3041 629 3130 684 tibi
3157 630 3247 694 sit,
3271 639 3328 686 et
3351 629 3550 685 donum
3587 631 3682 684 do-

2089 728 2208 770 mus
2237 721 2342 768 tuae
2368 714 2520 770 alteri
2547 715 2616 772 da
2645 731 2660 771 :
2688 732 2788 787 ego
2815 733 2942 773 vero
2981 719 3294 789 scripturam
3323 719 3498 790 legam
3528 723 3676 791 regi,

2089 814 2142 860 et
2163 806 2525 875 conjecturam
2551 807 2668 876 ejus
2696 807 2940 863 indicabo
2970 809 3086 878 tibi,
3109 824 3144 865 ο
3167 825 3281 866 rex.
3310 829 3331 862 ι
3355 811 3533 878 Quare
3561 827 3681 864 mu—

2090 911 2217 952 nera
2244 896 2599 967 deprecatur?
2629 898 2695 956 Ut
2723 900 2986 970 intelligas
3005 941 3021 967 ,
3050 917 3171 957 eum
3202 917 3308 957 non
3338 911 3560 972 promer
3595 903 3681 956 illa

2090 988 2353 1058 proloqui.
2393 988 2545 1056 Quod
2575 989 2716 1045 enim
2758 1004 2864 1046 non
2900 990 3068 1046 iratus
3103 991 3416 1061 simpliciter
3445 992 3566 1046 hac
3597 992 3680 1044 di~

2091 1080 2260 1146 xerit,
2289 1078 2395 1150 Ego
2423 1090 2618 1147 autem,
2651 1081 2850 1152 inquit,
2879 1083 3182 1152 scripturam
3212 1083 3406 1154 legam,
3430 1093 3479 1138 et
3506 1098 3682 1148 conje-

2089 1180 2287 1226 cturam
2311 1175 2420 1244 ejus
2445 1175 2742 1229 renuntiabo
2770 1176 2899 1246 regi.
2929 1175 3093 1232 Vides
3127 1175 3275 1232 illum
3304 1177 3530 1248 pecunia
3558 1189 3686 1231 esse

2089 1264 2460 1332 superiorem?
2487 1264 2690 1321 honore
2714 1265 2998 1322 altiorem?
3023 1265 3218 1322 nullius
3241 1282 3305 1320 ex
3333 1265 3498 1336 regiis
3520 1265 3685 1321 rebus

2092 1357 2453 1428 indigentem?
2478 1357 2634 1412 Tales
2672 1372 2792 1414 esse
2831 1366 3041 1428 oportet
3065 1372 3159 1414 eos
3183 1359 3270 1427 qui
3299 1359 3597 1430 loquuntur
3624 1375 3686 1414 ea

2091 1463 2211 1518 qua:
2241 1448 2334 1504 Dei
2373 1457 2518 1503 sunt.
2559 1448 2639 1504 Ne
2670 1449 2999 1504 existimaret
3035 1465 3128 1504 rex
3173 1449 3321 1504 illum
3355 1466 3416 1506 ea
3447 1449 3532 1504 via
3565 1465 3598 1503 a
3630 1464 3690 1504 se

2090 1554 2213 1596 esse
2239 1548 2544 1603 attractum,
2572 1539 2653 1596 vel
2685 1539 2880 1609 aliquid
2907 1555 2972 1594 ex
2999 1539 3064 1594 iis
3092 1555 3211 1609 quae
3237 1540 3306 1596 ab
3332 1555 3397 1595 eo
3421 1540 3689 1596 diceban-

2095 1641 2214 1697 tur,
2245 1631 2535 1686 humanum
2565 1647 2704 1688 esse.
2735 1631 2870 1698 Quid
2915 1632 3075 1702 igitur
3109 1631 3219 1688 ait?
3245 1632 3514 1687 Omittens
3543 1634 3689 1688 scri-

2093 1733 2304 1794 pturam
2332 1721 2652 1787 edisserere,
2677 1723 2824 1777 illum
2850 1722 3088 1792 pluribus
3116 1722 3294 1778 verbis
3319 1723 3599 1790 admouet,
3624 1740 3692 1779 ex

2095 1813 2225 1884 ipsis
2261 1813 2496 1869 exordiis
2524 1829 2585 1869 ea
2611 1829 2732 1884 qum
2763 1815 2895 1884 patri
2930 1813 3236 1870 acciderant
3271 1815 3324 1868 in
3365 1816 3693 1871 memoriam

2094 1905 2144 1960 ei
2177 1917 2456 1959 revocans.
2493 1904 2580 1960 18.
2616 1922 2634 1956 i
2668 1904 2806 1959 Deus
2830 1904 3119 1960 altissimus
3148 1921 3365 1975 regnum
3394 1915 3449 1960 et
3475 1909 3694 1976 magni-

2098 1995 2332 2051 tudinem
2353 2035 2369 2062 ,
2400 2005 2453 2051 et
2485 1995 2740 2051 honorem
2761 2037 2778 2060 ,
2807 2005 2860 2052 et
2891 1997 3115 2067 gloriam
3141 1996 3291 2054 dedit
3327 1997 3695 2053 Nabuchodo-

2097 2088 2278 2143 nosori
2315 2088 2449 2158 patri
2479 2095 2589 2142 tuo.
2625 2088 2710 2144 l9.
2745 2088 2813 2144 Et
2839 2104 2868 2142 a
2899 2089 3288 2160 magnificentia
3307 2131 3322 2156 ,
3351 2106 3510 2160 quam
3539 2091 3698 2146 dedit

2097 2180 2169 2245 ei,
2193 2195 2380 2234 omnes
2410 2179 2609 2248 populi,
2635 2180 2822 2246 tribus,
2856 2181 3047 2251 lingua:
3079 2182 3374 2237 tremebant
3401 2191 3453 2236 et
3483 2193 3700 2236 metue-

2102 2267 2282 2326 bauta
2309 2270 2442 2327 facie
2467 2272 2604 2342 ejus.
2633 2272 2780 2339 Quos
2815 2272 3028 2328 volebat
3069 2273 3182 2343 ipse
3219 2273 3573 2330 interficiebat
3594 2315 3612 2338 ,
3645 2285 3700 2328 et

2098 2378 2233 2433 quos
2261 2365 2477 2420 volebat
2517 2365 2630 2435 ipse
2669 2365 3031 2436 percntiebat,
3063 2377 3118 2422 ct
3153 2381 3290 2437 quos
3325 2365 3536 2420 volebat
3579 2367 3701 2436 ipse

2098 2453 2451 2525 deprimebat.
2482 2457 2572 2512 20.
2604 2458 2670 2512 Ει
2691 2457 2904 2524 quando
2932 2457 3196 2513 elevatum
3225 2468 3308 2514 est
3331 2473 3423 2512 cor
3451 2458 3574 2528 ejus
3596 2502 3614 2524 ,
3647 2469 3704 2513 et

2098 2547 2320 2616 spiritus
2348 2547 2464 2618 ejus
2491 2548 2803 2605 ohfirmatus
2830 2559 2911 2606 est
2943 2549 3008 2604 ad
3041 2550 3453 2620 superbiendum
3480 2568 3494 2617 ;
3523 2551 3704 2622 depo-

2101 2635 2236 2690 situs
2261 2646 2345 2692 est
2371 2636 2440 2693 de
2464 2638 2600 2692 solio
2629 2639 2774 2709 regni
2805 2640 2920 2704 sui,
2951 2647 3007 2695 et
3033 2641 3203 2696 honor
3229 2640 3344 2711 ejus
3370 2642 3586 2697 ablatus
3618 2653 3704 2697 est

2102 2725 2171 2780 ab
2197 2741 2284 2792 eo,
2315 2727 2403 2782 21.
2437 2737 2492 2782 et
2517 2729 2585 2784 ab
2615 2727 2917 2786 hominibus
2955 2731 3207 2800 expulsus
3233 2741 3336 2798 est,
3368 2744 3419 2786 et
3448 2748 3546 2788 eor
3578 2733 3707 2802 ejus

2101 2830 2225 2872 cum
2254 2816 2440 2874 bestiis
2467 2819 2650 2874 datum
2681 2829 2782 2884 est,
2814 2829 3009 2877 etcum
3037 2822 3201 2876 asinis
3226 2823 3524 2893 agrestibus
3550 2823 3708 2878 habi-

2104 2907 2236 2961 tatio
2253 2908 2390 2978 ejus,
2412 2919 2466 2964 et
2485 2910 2629 2966 fatuo
2654 2919 2712 2965 ut
2735 2911 2922 2968 bovem
2947 2912 3256 2967 cibaverunt
3276 2928 3418 2979 cum,
3442 2923 3496 2968 et
3517 2929 3550 2968 a
3577 2930 3707 2969 rore

2101 2998 2220 3053 celi
2247 3013 2442 3070 corpus
2469 3001 2586 3071 ejus
2612 3003 2829 3057 tinctum
2857 3011 2956 3069 est,
2989 3003 3157 3058 donec
3181 3005 3428 3074 cognovi:
3453 3007 3586 3075 quia
3617 3007 3708 3061 do-

2103 3088 2340 3146 minatur
2367 3091 2506 3147 Deus
2534 3091 2826 3148 altissimus
2849 3102 3016 3164 super
3041 3109 3259 3165 regnum
3298 3093 3578 3150 hominum
3605 3112 3622 3160 ;
3658 3106 3710 3151 et

2103 3185 2189 3243 cui
2217 3185 2387 3239 visum
2415 3186 2572 3240 literit
2594 3185 2742 3241 dabit
2771 3185 2920 3242 illud.
2960 3204 2978 3238 ι
3018 3185 3146 3239 Nam
3177 3186 3220 3239 si
3249 3186 3358 3249 ille,
3383 3187 3583 3256 inquit,
3613 3203 3710 3242 ve-

2107 3277 2194 3333 nia
2216 3277 2462 3349 indignus
2489 3275 2607 3342 fuit,
2633 3287 2686 3331 tti
2711 3276 2799 3346 qui
2829 3285 2947 3347 post
2973 3275 3233 3344 ejusmodi
3255 3277 3566 3347 exemplum
3597 3295 3710 3332 non

2105 3369 2396 3437 resipuisti,
2418 3384 2574 3440 quain
2597 3383 2827 3437 pinnam,
2850 3382 3053 3438 quaeso,
3077 3368 3330 3423 mereris?
3346 3367 3531 3440 Neque
3555 3371 3710 3424 enim

2107 3461 2174 3517 ad
2221 3462 2572 3532 ignorantiam
2618 3470 2770 3530 potes
2806 3459 3113 3530 confugere.
3144 3459 3331 3515 Nonne
3368 3459 3485 3515 hrcc
3515 3463 3710 3515 omnia

2109 3553 2369 3608 noveras?
2395 3553 2662 3620 Quosnam
2691 3552 2904 3606 cuinam
2945 3550 3210 3621 pra‘fers?
3235 3565 3328 3606 eos
3355 3553 3442 3622 qui
3473 3566 3590 3605 non
3628 3569 3710 3604 an-

2109 3644 2261 3699 diuut
2281 3684 2297 3709 ,
2327 3660 2498 3715 neque
2528 3642 2745 3698 vident?
2771 3641 2862 3697 22.
2897 3660 2918 3695 ‹
2947 3641 3014 3697 Et
3046 3649 3100 3696 tu
3140 3641 3276 3696 filius
3308 3641 3424 3711 ejus
3453 3641 3710 3697 Baltasar

2111 3752 2216 3792 non
2258 3737 2544 3793 liumiliasti
2582 3751 2676 3790 cor
2724 3743 2870 3789 tuum
2913 3749 3092 3790 coram
3129 3733 3254 3789 Deo.
3285 3733 3476 3789 Nonne
3517 3737 3710 3790 omnia

2113 3828 2228 3884 bare
2255 3828 2455 3883 noras?
2479 3827 2569 3882 25.
2598 3827 2662 3882 Et
2687 3841 2848 3896 super
2877 3825 3155 3880 Dominum
3184 3824 3350 3878 Deum
3379 3825 3495 3879 cadi
3523 3826 3710 3881 elcva.

2115 3929 2198 3976 tus
2224 3936 2303 3984 es,
2333 3931 2387 3975 et
2410 3920 2602 3976 domus
2631 3919 2748 3988 ejus
2775 3933 2902 3973 vasa
2942 3916 3164 3972 attalisti
3190 3930 3367 3970 coram
3400 3923 3453 3971 te
3485 3932 3500 3968 :
3533 3929 3598 3970 et
3639 3927 3710 3983 tu,

2112 4022 2168 4069 et
2192 4013 2476 4081 optimates
2505 4010 2603 4077 tui,
2632 4019 2687 4064 et
2721 4008 3001 4064 concubini
3029 4007 3126 4072 tui,
3155 4015 3210 4062 et
3241 4005 3454 4078 pellices
3484 4014 3603 4061 tua:
3637 4007 3710 4061 bi-

2113 4104 2266 4159 bistis
2295 4104 2475 4158 viuum
2507 4102 2558 4155 in
2588 4101 2667 4156 cis
2691 4117 2705 4155 :
2729 4100 2966 4171 deosque
2990 4113 3202 4166 aureos,
3229 4107 3285 4153 et
3311 4106 3639 4168 argenteos,
3672 4111 3710 4153 cl

2113 4209 2326 4261 :cueos,
2358 4204 2412 4248 et
2450 4193 2684 4259 ferreos,
2715 4200 2766 4246 et
2805 4192 3040 4262 ligneos,
3070 4199 3128 4246 et
3167 4190 3436 4261 lapideos,
3469 4192 3567 4259 qui
3610 4209 3708 4245 not

2116 4288 2316 4352 vident,
2347 4294 2402 4342 ct
2429 4301 2535 4340 non
2573 4284 2816 4349 audiunt,
2848 4293 2903 4340 et
2935 4299 3041 4338 non
3069 4290 3416 4353 cognoscunt,
3448 4281 3702 4335 laudasti

2115 4391 2170 4436 et
2201 4381 2387 4444 Deum,
2418 4377 2570 4447 cujus
2595 4377 2647 4432 in
2674 4391 2832 4432 manu
2857 4385 2940 4431 est
2964 4375 3116 4430 llatus
3140 4384 3280 4438 tuus,
3311 4383 3367 4429 et
3391 4387 3595 4427 omnes
3624 4375 3710 4427 via

2117 4480 2257 4539 tute,
2289 4471 2461 4541 ipsunt
2505 4483 2610 4522 non
2653 4467 2980 4538 glorificasti.
3008 4465 3097 4521 24.
3131 4463 3330 4520 Idcirco
3359 4478 3388 4516 a
3421 4462 3566 4517 facie
3602 4465 3709 4534 cju

2119 4567 2315 4620 missus
2337 4573 2421 4618 est
2457 4561 2713 4618 articulus
2741 4575 2948 4626 manus,
2979 4567 3034 4614 et
3063 4559 3200 4613 hanc
3226 4556 3548 4626 scripturam
3584 4573 3709 4611 exat

2119 4659 2278 4714 ravit.
2303 4656 2396 4712 25.
2426 4656 2493 4710 Ει
2522 4655 2634 4709 ha‘c
2661 4663 2745 4709 est
2767 4661 2987 4708 exarata
3013 4651 3272 4719 scriptura
3302 4665 3316 4702 :
3347 4647 3536 4711 Mane,
3570 4647 3708 4702 The

2121 4750 2224 4815 cel,
2253 4749 2455 4804 Phares
2482 4764 2496 4802 :
2519 4746 2609 4801 26.
2635 4755 2688 4802 et
2716 4745 2828 4799 lucc
2851 4753 2935 4799 est
2961 4739 3324 4811 interpretatio
3353 4737 3478 4794 visi:
3505 4737 3693 4794 Mane

2123 4831 2341 4897 mensus
2365 4848 2446 4894 est
2474 4839 2614 4893 Deus
2657 4851 2877 4907 regnum
2919 4844 3104 4900 tuum,
3130 4842 3184 4888 ct
3217 4831 3500 4900 complevit
3531 4828 3694 4884 illud

2122 4933 2214 4987 27.
2239 4930 2436 4987 Tliecel
2461 4945 2474 4982 τ
2497 4943 2790 4998 appensum
2816 4935 2898 4980 est
2925 4925 2976 4979 in
3002 4933 3219 4986 statera,
3247 4931 3300 4976 et
3327 4921 3623 4998 inventum
3656 4937 3710 4976 ei

2124 5023 2396 5079 deficiens.
2425 5020 2514 5076 28.
2548 5017 2748 5073 Phares
2780 5036 2794 5072 :
2823 5014 3051 5072 divisum
3075 5021 3158 5070 est
3183 5025 3404 5083 regnum
3439 5019 3604 5066 tuum
3630 5052 3650 5078 ,
3692 5028 3710 5067 ί

2129 5201 2360 5264 Epitome,
2384 5209 2528 5264 quam
2545 5195 2695 5264 edidit
2713 5191 2951 5264 scaliger)
2974 5191 3158 5264 meptio
3179 5187 3240 5264 fit
3254 5201 3276 5264 ς
3295 5199 3466 5264 vgrpm
3481 5191 3709 5264 terruit}:

2129 5247 2228 5311 illa;
2241 5247 2568 5311 conveniunt.
2609 5247 2987 5306 t-instimaveriin
3025 5252 3072 5302 id
3111 5263 3287 5299 nomen
3311 5247 3709 5309 [Ethiopum'dc

2129 5337 2186 5374 ac
2205 5324 2409 5386 regibus
2425 5321 2575 5386 fuisse
2589 5331 2862 5386 epinmime,
2885 5315 3150 5386 praesertim
3167 5323 3276 5361 cum
3291 5323 3467 5386 regem
3486 5323 3710 5386 magum

2130 5370 2186 5435 5c}
2207 5370 2459 5447 ponentem
2482 5381 2736 5447 significet.
2764 5370 2908 5447 (gerite
2931 5377 3052 5447 quia
3073 5373 3187 5424 olim
3226 5370 3379 5447 reges
3410 5378 3465 5447 ut
3483 5370 3710 5447 ldii'cu_li

2131 5431 2355 5496 baritura
2380 5431 2626 5506 plerisZiue
2650 5441 2908 5506 gentibus2
2937 5431 2998 5485 eo
3030 5431 3316 5506 faciumAes't
3335 5469 3353 5506 ἓ
3387 5438 3443 5503 ut
3483 5431 3599 5506 lucc
3640 5433 3710 5479 (lu

2133 5508 2325 5556 nomina
2350 5499 2447 5553 Rea:
2471 5512 2523 5552 et
2546 5499 2686 5551 'Deus
2709 5513 2797 5563 pro
2813 5499 2994 5563 eadem
3025 5511 3090 5563 re
3123 5499 3171 5544 in
3205 5499 3463 5563 §gript_uris
3485 5504 3710 5563 usurpat

2133 5555 2459 5631 retieriantur.
2479 5555 2789 5631 coniuges:
2813 5561 2876 5631 is.
2902 5561 2963 5609 56
2979 5595 3006 5631 ,_
3022 5557 3186 5631 tanta
3207 5557 3302 5631 ζεῖ..
3315 5556 3373 5631 15
3395 5569 3415 5631 ;_
3425 5555 3630 5631 innisi;
3665 5556 3710 5603 ιτ

2135 5615 2316 5688 sua
2332 5627 2414 5679 l8.
2435 5626 2526 5684 at.
2554 5635 2605 5674 et
2630 5625 2707 5682 19,
2735 5625 2822 5688 15_;
2848 5624 2966 5669 item
2983 5615 3266 5688 inanitas,
3290 5617 3444 5688 is,_ei
3467 5615 3631 5685 διες)
3647 5650 3666 5673 ,
3697 5633 3710 5688 ._

2139 5680 2314 5752 11,5;
2339 5698 2485 5754 atque
2508 5680 2762 5739 Seldenum
2785 5685 2900 5747 lege
2922 5691 3160 5748 Syntagni.
3191 5681 3210 5730 ι
3237 5680 3300 5729 de
3325 5680 3424 5728 Diis
3445 5680 3598 5742 syr‘u,
3629 5684 3710 5728 c.t
