3734 6278
428 216 539 273 2'15

402 333 733 402 ὁλόκληρον.
760 328 937 399 Ὅπερ
978 324 1071 384 οὖν
1101 328 1198 383 καὶ⁹
1235 328 1331 381 ἐπὶ
1376 325 1715 395 Σολομῶντος
1752 320 1994 393 γέγονεν.

423 422 500 493 Ού
529 437 689 509 μόνον
718 437 780 489 τὸ
812 438 886 508 μὴ
910 436 1095 490 λαϐεῖν
1121 435 1212 489 τὸν
1250 434 1387 493 υἱὸν,
1420 432 1555 487 ἀλλὰ
1587 432 1682 487 καὶ
1708 429 1768 482 τὸ
1796 429 1997 497 διαιρε-

425 545 603 617 θῆναι.
625 544 768 617 Ὅρα
793 543 1225 615 ἀπολογούμενον
1246 541 1392 613 αὐτῷ
1410 541 1505 595 τὸν
1521 540 1652 594 Θεόν
1670 555 1686 571 ο
1710 538 1810 609 ὅρα
1831 534 1995 589 αὐτὸν

424 653 597 706 αῖτιον
626 652 775 708 ὄντας
815 649 896 709 Οὖ
928 654 968 722 ἡ
996 652 1153 719 πνοή
1182 668 1321 712 σου,
1345 652 1497 722 φησὶ,
1517 650 1586 703 ἐν
1613 646 1763 719 χειρί
1784 643 1991 701 αὐτοῦ.

423 755 516 826 Μὴ
534 756 642 827 γὰρ
661 757 760 811 οὐκ
780 756 1010 827 ἡδύνατο
1031 756 1231 820 εὐθέως
1250 773 1308 809 σε
1326 755 1565 818 ἀνελεῖν;
1594 753 1733 806 Ἀλλ’
1756 753 1780 804 ἐ
1787 768 1994 823 μακρο-

425 860 688 934 θύμησεν.
709 862 840 917 Τίνα
868 863 969 916 οὐκ
994 862 1060 917 ἂν
1088 862 1352 933 ἐφόϐησεν
1378 863 1412 932 ἡ
1434 862 1691 932 τιμωρία,
1711 858 1996 914 καὶταῦτα

423 970 592 1039 ἐγγὺς
625 964 789 1034 οὗσα;
830 966 983 1033 Εἶδες
1012 970 1112 1040 τὴν
1143 970 1229 1039 ἐφ’
1262 969 1497 1040 ἑκάτερα
1536 968 1798 1038 δύναμιν;
1832 965 1994 1020 πόθεν

422 1077 573 1143 ἄξιος
604 1074 675 1143 εἴ,
703 1077 823 1131 εἰπέ
861 1095 971 1149 μοι,
999 1077 1325 1149 συγγνώμης
1349 1095 1365 1145 ;
1399 1078 1495 1133 καὶ
1519 1077 1582 1130 σὺ
1602 1079 1630 1130 ό
1660 1077 1775 1139 υίὸς
1804 1074 1990 1139 αὑτοῦ,

424 1185 527 1239 οὐκ
555 1184 661 1255 ἔχω
692 1186 886 1254 εἰπεῖν,
919 1187 947 1240 ὁ
999 1186 1241 1256 ἔκγονος,
1262 1187 1322 1239 ού
1372 1185 1551 1240 πάντα
1577 1182 1751 1239 ταῦτα
1788 1182 1991 1252 ἐγνωςς

423 1295 688 1369 Καθάπερ
721 1296 813 1350 ἐπὶ
841 1297 1191 1369 δικαστηρίου
1222 1298 1256 1366 ἡ
1285 1296 1559 1366 ἀπόφασις
1579 1294 1871 1366 γράφεται,
1899 1285 1992 1345 οῦ-

422 1419 512 1466 τος
547 1402 836 1474 ὲρμηνεύει
882 1403 954 1458 τὰ
1005 1404 1290 1475 λεγόμενα.
1338 1403 1509 1457 Πόθεν
1556 1402 1791 1473 ἐπῆλθεν
1844 1400 1993 1471 αὑτῷ

421 1511 649 1582 τιμῆσαι
675 1511 766 1565 τὸν
795 1512 1032 1582 Δανιήλ;
1070 1512 1157 1575 Ὠς
1184 1511 1309 1581 ἐμοὶ
1335 1508 1513 1576 δοκεῖ,
1548 1509 1690 1564 ὥστε
1721 1510 1794 1582 μὴ
1825 1526 1994 1563 κατα-

425 1618 730 1690 γνωσθῆναι
758 1619 908 1691 παρά
937 1619 1045 1673 τῶν
1066 1619 1371 1692 παρόντων,
1401 1618 1717 1692 προσδοκῶν
1750 1619 1880 1683 ἴσως
1905 1619 1997 1672 εύ-

428 1729 541 1798 ρεῖν
561 1727 715 1783 λύσιν
741 1728 829 1782 διὰ
858 1729 1051 1784 ταῦτα.

929 1877 1081 1934 1255]
1112 1878 1359 1934 ΚΕΦΑΛ.
1403 1880 1495 1947 σν.

493 2026 602 2079 Καί
624 2030 657 2084 ό
684 2002 987 2094 ,βασιλεὺς
1005 2028 1376 2097 κατέστησεν
1394 2031 1579 2084 αὑτὸν
1598 2029 1690 2100 ἐφ’
1710 2030 1857 2099 ὅλης
1884 2029 1995 2098 τῆς

416 2134 736 2203 βασιλείας
792 2137 996 2191 αὑτοῦ.
1052 2137 1160 2191 Καὶ
1203 2139 1257 2191 οἱ
1310 2137 1573 2191 τακτικοὶ
1626 2137 1724 2191 καί
1781 2140 1834 2191 οἱ
1887 2152 1994 2191 σα.

424 2239 638 2309 τράπαι
654 2240 902 2308 ἐζήτουν
937 2244 1245 2313 πρόφασιν
1274 2244 1471 2313 εὑρεῖν
1494 2244 1644 2299 κατὰ
1678 2244 1903 2313 Δανιὴλ
1922 2244 1992 2298 ἐκ

423 2348 531 2419 τῆς
570 2351 910 2419 βασιλείας.
953 2351 1065 2406 Καὶ
1100 2352 1306 2409 πᾶσαν
1334 2354 1640 2424 πρόφασιν
1674 2355 1773 2409 καί
1817 2354 1994 2423 παρά-

422 2476 627 2528 πτωμα
671 2462 783 2530 οὐχ
833 2456 1013 2530 εὖρον
1061 2463 1187 2516 κατ’
1225 2463 1442 2529 αὐτοῦ,
1485 2463 1575 2516 ὅτι
1623 2462 1838 2529 πιστὸς

409 2549 665 2625 τουτέστι
694 2569 787 2622 καὶ
809 2567 996 2633 εὔνους
1021 2568 1098 2640 τῷ
1124 2569 1332 2640 βασιλεί
1358 2564 1424 2641 ἧν
1445 2580 1494 2622 ι.
1522 2570 1613 2632 Ἢ,
1638 2568 1759 2623 Ὅτι
1779 2568 1993 2636 πιστὸς

423 2673 533 2749 ἦν’
558 2676 827 2747 τουτέστι,
868 2678 1089 2752 ἐθάρρει
1116 2678 1196 2751 τῷ
1226 2678 1363 2749 Θεῷ,
1394 2678 1645 2742 κάκεῖνος
1679 2679 1854 2733 πάντα
1877 2680 1995 2733 ἐκυ-

425 2784 619 2855 ϐέρνα·
643 2784 779 2840 Θεοῦ
816 2786 872 2842 δέ
907 2786 1299 2859 κυϐερνῶντος,
1332 2786 1416 2851 τίς
1448 2788 1513 2841 ἂν
1543 2787 1751 2857 γένοιτο
1786 2787 1991 2859 βλάϐης

424 2890 490 2942 Τί
516 2885 609 2945 οὖν
630 2907 763 2961 φησι
787 2908 801 2957 ;
831 2887 1023 2947 Εἶπον
1051 2894 1107 2947 οἱ
1129 2893 1388 2947 τακτικοί
1423 2893 1789 2964 ἐκεῖνοι,οὐχ
1815 2895 1993 2964 εὑρή-

425 3012 615 3067 σομεν
641 2998 790 3053 κατὰ
820 2998 1046 3068 Δανιὴλ
1076 3001 1398 3070 πρόφασιν,
1435 3004 1487 3055 ει
1508 3001 1595 3072 μὴ
1628 3003 1697 3056 ἐν
1724 3005 1995 3073 νομίμοις

428 3108 575 3163 Θεοῦ
600 3108 807 3164 αὑτοῦ.
852 3108 1039 3173 Οὐδὲν,
1079 3110 1231 3181 φησὶ,
1279 3110 1498 3164 δυνατὸν
1529 3113 1728 3184 εὑρεῖν.
1768 3112 1866 3166 Διά
1902 3112 1989 3178 τίς

425 3218 517 3290 Μὴ
541 3218 641 3272 οὐκ
657 3216 940 3291 ἄνθρωπός
961 3220 1108 3273 ἐστιν
1123 3236 1144 3285 ;ν
1159 3221 1217 3273 ἐν
1244 3222 1408 3280 πᾶσιν
1425 3221 1716 3287 ἄπταιστος
1737 3222 1956 3291 γέγονεν
1974 3238 1989 3287 ;

426 3327 502 3381 Τὸ
534 3327 725 3397 μέλλον
753 3327 965 3400 ἄδηλον,
983 3327 1078 3387 καὶ
1100 3328 1237 3400 ὑπὲρ
1263 3328 1370 3386 τῶν
1393 3330 1690 3401 μελλόντων
1717 3332 1833 3395 πῶς
1860 3332 1994 3386 ἀπο-

428 3434 681 3504 φαίνεσθε
703 3440 739 3501 ;’
755 3435 865 3490 Καί
890 3451 1047 3507 φησι,
1062 3439 1264 3509 Πεῖραν
1288 3437 1553 3510 ἐλάϐομεν
1585 3441 1693 3494 ἀπὸ
1719 3437 1827 3494 τῶν
1854 3458 1994 3513 πρα-

427 3546 673 3617 γμάτων.
713 3548 784 3601 El
822 3545 908 3616 μὴ
945 3547 1015 3601 ἐν
1057 3548 1362 3618 νομίμοις,
1396 3551 1548 3621 φησὶ,
1590 3552 1737 3606 Θεοῦ
1782 3553 1989 3619 αὐτοῦ,

427 3655 541 3722 οὐχ
578 3654 916 3725 εὑρήσομεν
950 3658 1275 3727 πρόφασιν.
1318 3659 1426 3712 Καὶ
1464 3659 1571 3731 μὴν
1610 3663 1731 3731 ἐκεῖ
1757 3661 1993 3732 ἄληπτος

428 3762 609 3835 πολλῷ
636 3763 818 3819 πλέον.
855 3765 1134 3838 Συγχωρεῖ
1162 3767 1254 3820 τὸν
1284 3769 1590 3841 πειρασμὸν
1624 3772 1652 3823 ό
1688 3770 1820 3834 Θεὸς
1856 3771 1992 3843 πρὸς

424 3875 670 3945 δοκιμήν.
698 3873 791 3945 Μὴ
821 3874 929 3948 γὰρ
967 3876 1068 3930 οὐκ
1112 3877 1342 3947 ἠδύνατο
1374 3879 1611 3933 κωλῦσαι
1654 3881 1754 3952 τὴν
1794 3883 1992 3939 κακίαν

426 3981 684 4046 ἐκείνων;
727 3982 867 4035 Ἀλλ’
903 3983 989 4038 ἵνα
1030 3983 1118 4039 διὰ
1179 3985 1369 4041 τούτου
1421 3986 1631 4059 μάθῃς,
1672 3989 1767 4042 καὶ
1806 3990 1991 4045 τοῦτον

422 4090 744 4164 θαυμάσῃς,
791 4092 852 4147 οὐ
887 4093 1071 4164 φθονεῖ
1109 4095 1203 4149 τοῦ
1252 4096 1514 4167 στεφάνου
1556 4101 1667 4161 τοῖς
1712 4100 1990 4165 οίκέτοιςδ

423 4203 609 4257 αὐτοῦ.
646 4204 785 4259 Τότε
806 4207 861 4261 οί
880 4208 1142 4262 τακτικοί
1170 4208 1267 4262 καί
1291 4211 1346 4263 at
1371 4209 1667 4277 σατράπαι
1692 4211 1994 4279 παρέστη-

422 4330 543 4368 σαν
568 4314 650 4380 τῷ
672 4315 940 4381 βασιλεῖ,
960 4317 1059 4370 καὶ
1086 4313 1257 4371 εἷπον
1271 4318 1428 4384 αὐτῷ
1443 4335 1456 4349 ·
1481 4320 1683 4387 Δαρεῖε
1697 4322 1984 4387 βασιλεῦ,

419 4423 507 4486 εις
537 4418 680 4486 τοὺς
715 4420 933 4487 αἰῶνας
973 4421 1120 4489 ζῆθι.
1164 4424 1729 4480 Συνεϐουλεύσαντο
1770 4426 1994 4492 πάντες

420 4531 475 4583 οί
498 4529 596 4583 ἐπὶ
628 4527 735 4596 τῆς
764 4530 1089 4596 ,ϐασιλείας
1123 4546 1241 4586 σου
1278 4533 1600 4602 στρατηγοὶ
1648 4534 1745 4588 καί
1776 4535 1994 4605 σατρά-

420 4653 560 4701 παι,
584 4637 798 4692 ὕπατοι
873 4638 975 4692 καί
1012 4637 1329 4709 τοπάρχαι,
1371 4641 1474 4693 τοῦ
1508 4640 1733 4709 στῆσαι
1778 4642 1992 4697 στάσει

412 4745 735 4817 βασιλικῇ,
778 4747 879 4802 καί
918 4747 1241 4817 ἐνισχῦσαι
1283 4748 1570 4818 ὁρισμὸν,
1611 4750 1772 4818 ὅπως
1801 4751 1869 4818 ὃς
1916 4750 1993 4805 ἂν

416 4853 640 4925 αἰτήσῃ
677 4856 837 4924 παρὰ
873 4856 1098 4922 παντὸς
1135 4854 1273 4909 θεοῦ
1298 4855 1333 4925 ἢ
1376 4856 1690 4926 ἀνθρώπου
1713 4871 1735 4899 ε
1774 4860 1993 4930 αἴτημα

415 4962 529 5028 ἕως
554 4962 794 5030 ἡμερῶν
826 4963 1162 5031 τριάκοντα,
1199 4965 1333 5019 ἀλλ’
1360 4964 1397 5035 ἢ
1438 4968 1597 5036 παρὰ
1631 4970 1766 5034 σοῦ,
1811 4970 1993 5034 ,βασι-

417 5070 553 5134 λεῦ,
584 5071 1015 5139 ἐμϐληθήσεται
1035 5077 1121 5141 είς
1146 5075 1253 5130 τὸν
1281 5076 1510 5133 λάκκον
1546 5079 1664 5132 τῶν
1705 5080 1987 5136 λεόντων.

446 5328 458 5344 ,
474 5269 502 5298 ⁸
523 5267 864 5344 :rheogqretqs
877 5283 888 5318 :
901 5271 986 5344 τήν
1002 5272 1090 5344 γάρ
1108 5273 1212 5344 περὶ
1228 5273 1313 5344 τόν
1333 5274 1451 5344 ἢεὸν
1474 5274 1716 5336 φυλάττων
1730 5276 1987 5342 εὐσέϐειαν,

414 5330 571 5394 εὐνοίᾳ
591 5333 741 5394 πολλῇ
763 5334 841 5380 καὶ
862 5336 967 5395 περὶ
988 5330 1096 5389 τούς
1116 5330 1335 5396 βασιλέας
1358 5330 1598 5397 ἐκέχρητο.

475 5401 503 5440 δ
520 5400 639 5464 Leg.
671 5403 859 5460 οἰκείοις
877 5405 953 5453 vel
978 5404 1197 5460 οἰκέταις.

476 5473 500 5501 ⁸
520 5471 800 5538 ἆῡεερῒιιιει
845 5475 971 5538 ὅπως
996 5474 1113 5538 μήτε
1153 5476 1282 5538 αύτῷ
1324 5492 1410 5531 τις,
1456 5477 1575 5538 μήτε
1615 5477 1711 5533 τοῖς
1740 5479 1859 5534 Θεοῖς
1883 5482 1988 5530 δεό-

415 5535 742 5608 μενος-αὐτῶν
785 5536 865 5582 καὶ
898 5535 1266 5608 εὐχόμενος-εἴη.
1311 5535 1466 5608 Forte
1506 5539 1767 5608 _scripseral
1808 5542 1984 5607 ἀνθρώο

411 5605 510 5655 πῳ,
534 5594 741 5647 librariis
764 5609 880 5647 vero
900 5594 1052 5647 fra'udi
1077 5596 1165 5648 fuit
1187 5598 1404 5649 breviala
1425 5594 1677 5662 scriplu'ra.

1117 212 1178 269 S.
1215 208 1496 268 JOANNIS
1529 197 2022 263 CHRYSOSTCMI
2056 195 2376 254 ARCHIEP.
2420 196 2591 254 CONS

1493 235 1496 256 ι
1529 197 2022 263 CHRYSOSTCMI
2056 195 2376 254 ARCHIEP.
2420 194 2967 254 CONSTANTINOP.

3574 196 3691 250 226

2103 315 2235 369 Νῦν
2275 310 2423 381 οὖν,
2471 314 2768 380 βασιλεῦ,
2798 312 3036 381 στῆσον
3087 310 3192 365 τὸν
3238 308 3535 380 ὁρισμὸν,
3580 311 3689 365 καί

2102 423 2274 489 ἐκθες
2299 421 2557 491 γραφὴν,
2585 421 2746 487 ὅπως
2770 420 2856 489 μὴ
2895 416 3198 487 ἀλλοιωθῇ
3225 418 3290 471 τὸ
3323 416 3516 487 δόγμα
3550 416 3711 485 Μήλ

2103 533 2225 587 δων
2257 532 2357 586 καί
2406 530 2671 600 Περσῶν,
2702 528 2862 594 ὅπως
2901 528 2978 583 ἂν
3012 526 3098 596 μὴ
3128 524 3486 595 παραγραφῇ
3534 543 3684 579 κατ-

2100 643 2302 698 έναντι
2326 642 2560 697 τούτου.
2591 640 2727 693 Τότε
2763 640 2795 691 ό
2825 636 3125 702 βασιλεὺς
3163 634 3400 703 Δαρεῖος
3423 634 3681 697 ἐπέταξε

2101 750 2397 823 γραφῆναι
2418 749 2483 804 τὸ
2507 748 2715 819 δόγμα.
2742 747 2883 818 Ὅρα
2914 745 2968 799 τί
2993 743 3225 808 ποιοῦσι,
3255 742 3373 806 πῶς
3392 743 3679 811 ἀλόγιστον

2100 861 2277 931 δόγμα
2318 855 2645 921 ἐσπούδαζον
2683 854 2898 925 στῆσαι.
2927 851 3038 908 Καὶ
3071 849 3215 905 κατά
3255 848 3489 920 σπουδὴν
3520 848 3679 902 τοῦτο

2100 970 2331 1026 αίτοῦσι.
2351 968 2425 1021 Τὸ
2460 967 2557 1039 μὲν
2581 964 2690 1036 γὰρ
2721 964 2920 1032 λέγειν,
2956 963 3053 1026 Ὃς
3087 962 3153 1016 ἂν
3180 960 3380 1031 αἰτήσῃ
3407 960 3565 1029 παρά
3584 960 3677 1012 ἀν-

2102 1079 2342 1152 θρώπου,
2381 1075 2541 1144 λόγον
2578 1071 2757 1144 εἷχεν;
2796 1070 2934 1124 Ἀλλ’
2963 1069 3180 1123 ἐδόκουν
3226 1066 3543 1136 σοφίζεσθαι
3588 1066 3679 1119 τὸν

2100 1185 2256 1253 λόγον
2284 1184 2382 1253 τῆς
2404 1183 2673 1252 αἰτήσεως
2706 1177 2783 1249 τῷ
2815 1176 3005 1249 βραχεῖ
3025 1176 3219 1246 χρόνῳ.
3258 1174 3393 1228 Ποία
3418 1174 3678 1237 ὑπόθεσις

2102 1293 2238 1363 αὔτη
2263 1307 2278 1356 ;
2309 1290 2399 1345 διά
2425 1288 2478 1342 τί
2502 1286 2658 1342 τοῦτο
2679 1283 2866 1351 εἷπες;
2892 1283 3099 1351 Ἔδοξε,
3122 1282 3285 1355 φησί’
3316 1282 3522 1346 πάντες
3552 1299 3678 1334 συν·

2101 1400 2345 1462 ελθόντες
2372 1396 2530 1451 τοῦτο
2555 1393 2934 1466 ἐκυρώσαμεν,
2965 1392 3105 1445 ὥστε
3135 1392 3193 1445 ἐν
3217 1391 3511 1462 τριάκοντα
3539 1390 3678 1460 ἡμέ-

2106 1524 2226 1579 ραις
2251 1504 2403 1577 παρά
2428 1502 2523 1558 σοῦ
2550 1503 2711 1575 μόνου
2739 1503 2929 1556 αίτεῖν.
2957 1495 3029 1553 Ὦ
3068 1498 3397 1571 βαρϐαρικὸν
3428 1499 3646 1569 αἴτημα
3664 1515 3677 1527 ν

2101 1610 2148 1670 ὧ
2169 1614 2366 1685 πολλῆς
2392 1612 2614 1683 ἀλογίας
2641 1610 2884 1681 γέμουσα
2908 1609 3087 1681 χάρις,
3118 1606 3279 1661 αὑτὸν
3306 1605 3397 1659 τὸν
3413 1606 3681 1661 δοκοῦντα

2099 1723 2362 1793 τιμᾶσθαι
2399 1719 2863 1791 καταισχύνουσαι
2901 1719 2965 1772 Et
3002 1718 3100 1789 μὲν
3138 1716 3246 1789 γὰρ
3291 1714 3449 1769 τοῦτο
3486 1716 3677 1779 καλὸν,

2103 1835 2210 1889 ἔδει
2239 1833 2485 1905 διηνεκὲς
2528 1831 2687 1886 τοῦτο
2731 1826 2904 1884 εἶναι’
2950 1829 2999 1881 εί
3047 1827 3104 1880 δέ
3132 1824 3364 1895 φαῦλον,
3414 1825 3541 1878 ούδέ
3582 1825 3681 1887 τὰς

2100 1945 2393 2016 τριάκοντα
2434 1940 2664 2013 ἡμέρας.
2719 1938 2888 1993 Πάλιν
2930 1937 2980 1989 εί
3022 1934 3223 1998 καλὸν,
3271 1934 3323 1986 τί
3364 1934 3425 1987 τὸ
3472 1933 3681 2003 πλῆθος

2103 2048 2505 2123 προϐάλλεσθε;
2549 2045 2661 2099 Καὶ
2688 2044 2793 2117 γὰρ
2829 2046 2991 2117 χωρὶς
3031 2042 3220 2096 τούτου
3250 2040 3535 2095 ἐπινεῦσαι
3562 2041 3675 2094 δεῖ·

2102 2160 2151 2212 εἰ
2185 2158 2242 2212 δὲ
2270 2155 2492 2226 φαῦλον,
2523 2153 2642 2207 οὐδὲ
2667 2150 2845 2222 πάσης
2874 2150 2975 2220 τῆς
3000 2148 3319 2219 οἰκουμένης
3346 2146 3679 2216 κελευούσης

2102 2263 2347 2318 ὑπείκειν
2377 2259 2563 2331 ἐχρῆν.
2590 2258 2663 2312 Ού
2691 2256 2903 2329 προεῖδε
2925 2256 3016 2309 τὸν
3042 2255 3188 2308 δόλον
3204 2256 3232 2307 ό
3252 2254 3505 2325 βασιλεύς
3530 2269 3544 2282 ⁸
3584 2256 3677 2308 καὶ

2100 2368 2257 2438 δῆλον
2302 2367 2453 2440 [254]
2501 2368 2564 2419 ἐκ
2600 2366 2709 2419 τῶν
2743 2364 2879 2437 μετά
2910 2363 3100 2417 ταῦτα.
3148 2364 3333 2434 Ὠρισε
3379 2362 3524 2434 γὰρ,
3583 2362 3679 2416 καὶ⁵

2101 2480 2421 2553 γράμμασιν
2466 2477 2628 2531 αὑτὸν
2664 2476 2730 2548 [Ῑ.
2755 2474 2907 2547 αὐτὸ]
2949 2473 3334 2546 ἠσφαλίσαντο,
3366 2471 3507 2525 ὥστε
3541 2472 3679 2542 μηδέ

2103 2587 2411 2663 βουλομένῳ
2442 2585 2578 2658 μετά
2615 2584 2787 2639 ταῦτα
2819 2583 3068 2653 γενέσθαι
3110 2581 3299 2653 καιρὸν
3326 2579 3417 2634 τοῦ
3442 2580 3677 2634 havsi-

2103 2714 2213 2752 σαι.
2232 2696 2297 2749 Τί
2329 2690 2433 2763 οὖν,
2453 2693 2691 2758 ἀκούσας
2714 2695 2877 2764 φησὶν
2906 2694 2934 2746 ὁ
2966 2691 3190 2764 Δανιήλ;
3232 2691 3345 2745 Οὐκ
3371 2690 3676 2761 ἐταράχθη,

2101 2804 2160 2857 ού
2190 2802 2549 2875 προσέθηκεν,
2569 2801 2670 2855 οὐκ
2702 2800 2942 2870 ἀφεῖλεν.
2961 2800 3103 2871 Ὅρα
3130 2799 3220 2853 τδν
3252 2798 3508 2869 ἐνάρετον
3542 2799 3679 2867 ὁμα-

2101 2910 2209 2975 λῶς
2241 2911 2329 2965 ἀεὶ
2355 2910 2553 2975 ζῶντα,
2577 2908 2765 2978 ὥσπερ
2782 2907 2903 2962 τινὰ
2933 2906 3068 2978 ἄνθη
3095 2904 3515 2977 παρατρέχοντα
3547 2906 3681 2958 πάν-

2100 3036 2190 3084 τα,
2226 3017 2413 3089 ὥσπερ
2446 3018 2505 3070 ἐν
2538 3017 2717 3079 σκιαῖς
2744 3015 2837 3068 καὶ
2870 3013 2937 3067 τὰ
2966 3011 3178 3084 χρηστὰ
3214 3012 3308 3065 καὶ
3345 3011 3415 3065 τὰ
3451 3011 3680 3083 λυπηρά

2102 3126 2387 3199 θεώμενον.
2405 3127 2468 3179 Et
2488 3126 2596 3194 γὰρ
2618 3126 2675 3178 ἐν
2700 3124 2840 3194 ἀρχῇ
2861 3121 3032 3185 οὕτως
3056 3120 3470 3191 ἀκατάπληκτος
3493 3119 3678 3191 ἔμενε,

2102 3231 2281 3303 πολλῷ
2318 3231 2516 3304 μᾶλλον
2543 3229 2637 3285 νῦν
2669 3229 2807 3300 μετὰ
2842 3229 2941 3301 τὴν
2974 3230 3170 3301 πεῖραν
3195 3227 3303 3281 τῶν
3331 3225 3564 3293 ἀγώνων
3595 3245 3684 3280 τοο

2103 3340 2324 3403 σούτους
2368 3337 2775 3410 ἀναδησάμενος
2817 3335 3133 3406 στεφάνους.
3183 3333 3339 3396 Τίνος
3387 3332 3583 3387 ἕνεκεν
3621 3334 3680 3386 οὐ

2103 3448 2401 3521 προσῆλθες
2423 3447 2565 3511 τίνος
2585 3447 2769 3501 ’ἐνεκεν
2789 3445 2888 3501 οὐκ
2907 3444 3208 3515 ἐμέμψατο,
3228 3442 3497 3512 τοσαύτην
3528 3444 3682 3513 παρὰ

2100 3561 2178 3633 τῷ
2208 3559 2419 3632 βασιλεῖ
2437 3558 2748 3631 παρρησίαν
2782 3556 2957 3628 ἐχων;
2992 3556 3106 3609 Ούκ
3134 3552 3381 3609 ἐϐούλετο
3410 3553 3679 3623 ῥήμασιν,

2100 3668 2235 3724 ἀλλά
2266 3667 2556 3738 πράγμασι
2594 3664 2755 3718 τοῦτο
2792 3664 3035 3734 ποιῆσαι.
3059 3661 3270 3724 ’Ἄλλως
3300 3659 3357 3714 δέ
3394 3657 3680 3728 πανταχοῦ

2101 3778 2263 3837 αὑτὸν
2289 3776 2636 3847 εὑρίσκομεν,
2654 3773 2755 3843 τῆς
2774 3771 2963 3843 χρείας
2988 3768 3278 3838 καλούσης,
3302 3766 3680 3836 ἐπιπηδῶντα,

2100 3887 2197 3945 καὶ
2246 3883 2698 3958 παραγινόμενον.
2732 3880 2840 3936 Καὶ
2873 3878 3096 3946 Δανιὴλ
3144 3876 3326 3944 ἡνίκα
3370 3873 3529 3943 ἔγνω
3594 3875 3682 3926 ὅτι

2099 3994 2348 4065 ἐνετάγη
2378 3993 2442 4052 τὸ
2476 3991 2684 4062 δόγμα,
2707 3987 2993 4058 εἰσῆλθεν
3014 3989 3100 4053 είς
3127 3985 3233 4039 τὸν
3256 3981 3423 4039 οἷκον
3448 3985 3649 4039 αὐτοῦ
3668 4000 3680 4014 ·

2100 4102 2200 4157 καί
2241 4103 2301 4155 al
2329 4099 2564 4167 θιφίδες
2591 4095 2953 4167 ἀνεῳγμέναι
2995 4096 3066 4149 ἐν
3092 4095 3213 4161 τοῖς
3246 4090 3538 4160 ὑπερῴοις
3577 4094 3682 4146 αὺ-

2099 4208 2207 4263 τοῦ
2244 4206 2561 4263 κατέναντι
2613 4202 3039 4273 Ἰερουσαλήμο
3086 4201 3185 4255 καὶ
3228 4199 3470 4267 καιροὺς
3520 4200 3681 4267 τρεῖς

2100 4314 2207 4384 τῆς
2228 4314 2453 4385 ἡμέρας
2476 4310 2555 4385 ἦν
2587 4312 2869 4383 κάμπτων
2889 4312 2987 4365 ἐπὶ
3010 4310 3084 4365 τὰ
3110 4312 3329 4383 γόνατα
3346 4308 3561 4373 αὐτοῦ,
3579 4310 3683 4363 καί

2101 4423 2631 4497 προσευχόμενος,
2669 4420 2766 4474 καὶ
2809 4419 3352 4490 ἐξομολογούμενος
3393 4416 3686 4470 ἐναντίον

2101 4532 2206 4586 τοῦ
2254 4532 2401 4587 Θεοῦ
2454 4531 2661 4596 αὑτοῦ,
2710 4530 2905 4595 καθὼς
2956 4526 3034 4598 ἦν
3074 4525 3261 4587 ποιῶν
3308 4526 3682 4595 ἔμπροσθεν.

2102 4639 2258 4702 Τίνος
2287 4639 2475 4697 ἕνεκεν
2498 4638 2604 4696 τῶν
2634 4636 2863 4706 θυρίδων
2886 4637 3035 4706 ἡμᾶς
3055 4634 3374 4706 ἀνέμνησεν,
3399 4633 3479 4686 ὅτι
3504 4634 3686 4705 ἀνεῳ-

2101 4749 2298 4821 γμέναι
2338 4744 2481 4819 ἦσαν
2525 4747 2661 4818 πρὸς
2714 4743 3096 4815 Ἰερουσαλήμ;
3130 4741 3365 4815 Σφοδρδν
3399 4744 3499 4812 τῆς
3548 4742 3685 4805 θέας

2100 4852 2243 4928 εἶχον
2268 4855 2451 4909 πόθον.
2474 4854 2738 4924 Καθάπερ
2757 4849 2953 4917 οὖντις
2975 4852 3312 4924 ποθουμένην
3339 4850 3477 4921 ἔχων
3504 4852 3685 4909 ἀποῦ-

2103 4986 2221 5032 σαν,
2241 4968 2332 5020 καὶ
2361 4965 2459 5028 τὰς
2490 4964 2643 5027 ὁδοὺς
2661 4962 2758 5026 τὰς
2784 4964 2907 5016 ἐκεῖ
2930 4961 3206 5031 φερούσας
3227 4959 3369 5029 φιλεῖ
3386 4977 3398 4989 ι
3429 4958 3584 5013 οὕτω
3617 4961 3684 5032 δὴ

2100 5078 2193 5131 καὶ
2214 5062 2387 5133 οὗτος.
2414 5072 2751 5144 Ἐπεθύμουν
2771 5073 2826 5126 δὲ
2854 5072 3020 5143 αὐτῆς
3041 5071 3186 5126 ἄλλοι
3209 5070 3315 5123 τῶν
3340 5071 3683 5140 σωματικῶν

2099 5181 2305 5246 ἕνεκεν,
2329 5174 2480 5244 οὗτος
2507 5179 2563 5232 δὲ
2601 5179 2743 5249 οὐχὶ,
2775 5178 2911 5231 ἀλλὰ
2939 5176 3033 5237 δ,ιά
3076 5176 3173 5247 τὴν
3208 5174 3362 5247 δόξαν
3389 5172 3489 5235 τοῦΔ
3510 5174 3679 5228 Θεοῦ.

2112 5287 2265 5341 Ἐπεὶ
2296 5287 2377 5339 ὅτι
2414 5285 2572 5339 τοῦτό
2606 5288 2744 5349 ἐστι,
2784 5284 2941 5355 δῆλον
2981 5282 3217 5335 ἐκεῖθεν·
3251 5282 3313 5336 ού
3347 5278 3455 5351 γὰρ
3495 5280 3691 5335 εἵλετο

2096 5391 2356 5457 ἀνελθεῖν,
2393 5391 2485 5445 τοῦ
2513 5388 2949 5459 σπουδαζομένου
2981 5388 3148 5458 πέρας
3183 5384 3465 5453 εἰληφότος
3494 5383 3674 5452 αὐτῷ.

2096 5496 2194 5548 Διά
2225 5493 2382 5548 τοῦτο
2411 5495 2504 5547 καὶ
2548 5494 2741 5563 ἡμεῖς,
2769 5490 2950 5554 καθὼς
2990 5492 3038 5543 οί
3073 5490 3307 5561 πατέρες
3353 5489 3484 5559 ἡμῖν
3525 5504 3673 5559 παρα

2084 5602 2325 5667 ἔδωκαν,
2362 5601 2495 5673 πρὸς
2534 5598 2795 5663 ἀνατολὰς
2823 5599 3054 5671 ὁρῶντες
3082 5596 3367 5669 εὐχόμεθα,
3393 5594 3547 5648 πόλιν
3576 5593 3679 5651 καὶ
