3724 6272
420 226 531 285 227

418 338 595 395 redire
617 376 632 401 ,
658 350 779 392 cum
803 333 981 390 evenit
1011 334 1153 404 quod
1190 336 1473 404 expetebat
1506 335 1606 406 (a).
1636 335 1860 407 Propter
1897 334 2001 391 hoc

418 440 472 486 et
491 443 625 495 nos,
662 430 799 483 sicut
822 436 999 497 patres
1028 428 1181 482 nobis
1208 427 1534 483 tradiderunt
1576 426 1682 499 (ὁ),
1724 427 1790 483 ad
1822 430 1998 482 orien-

419 532 525 577 tem
555 519 873 589 aspicientes
913 534 1195 588 precamur
1225 536 1238 572 :
1269 520 1538 574 civitatem
1567 535 1777 589 quoque
1806 534 1903 573 nos
1932 525 2006 574 ac‘

416 613 642 684 patriam
686 612 957 681 antiquam
998 611 1319 682 requirimus
1362 613 1599 669 :etenim
1633 627 1819 667 revera
1848 627 1996 681 qute-

414 710 521 764 situ
559 708 717 778 digna
747 722 838 762 res
865 716 965 762 est.
993 706 1113 774 Quo
1141 718 1292 777 pacto
1312 747 1328 772 ,
1360 722 1481 762 cum
1510 707 1650 761 Deus
1675 706 1870 775 ubique
1898 705 1991 769 sit,

413 815 640 870 eumque
663 801 922 870 propheta
965 799 1108 854 dicat
1138 818 1151 851 :
1182 799 1250 852 Et
1294 800 1378 869 qui
1416 799 1641 853 ascendit
1677 815 1827 868 super
1846 814 1997 851 occa-

412 908 519 946 sum
544 933 559 956 ,
588 891 837 945 Dominus
860 906 1041 944 nomen
1064 889 1142 943 illi
1167 888 1335 961 (Prol.
1365 890 1454 944 67.
1481 890 1536 958 5)
1559 931 1574 954 ,
1604 897 1780 944 tamen
1806 887 1874 942 ad
1907 903 1998 941 or-

411 992 522 1037 tntn
561 981 852 1037 vertimur?
879 981 1080 1050 Nempe
1109 981 1179 1035 ibi
1207 980 1351 1035 velut
1396 979 1588 1034 medici
1616 977 1834 1033 ofﬁcina
1877 986 1994 1033 erat

409 1075 554 1127 olim.
579 1073 645 1126 At
670 1072 808 1125 illius
834 1086 936 1125 non
964 1071 1148 1140 cepisti
1176 1068 1636 1138 experimenttun?
1655 1068 1760 1123 Sed
1789 1082 1991 1138 quaere.

409 1161 463 1216 In
491 1162 798 1230 captivitate
831 1170 887 1215 et
922 1176 1021 1215 nos
1058 1159 1458 1214 habitabamus:
1480 1170 1666 1212 verum
1710 1169 1995 1228 antequam

410 1254 642 1309 venisset
670 1251 931 1307 Christus.
959 1252 1069 1306 Cur
1092 1261 1271 1305 autem
1295 1251 1463 1307 tribus
1488 1259 1689 1304 tantum
1719 1248 1825 1304 diei
1856 1259 1991 1305 tem-

409 1344 627 1415 poribus
655 1342 901 1397 ﬂectebat
937 1341 1145 1411 genua?
1171 1340 1307 1407 Quid
1336 1341 1521 1395 enim?
1548 1356 1727 1395 nonne
1754 1342 1855 1395 hoc
1880 1342 1986 1396 mi.

409 1434 616 1489 nihile?
638 1433 808 1487 llomo
825 1440 902 1485 tot
932 1432 1197 1500 tantisque
1220 1431 1578 1485 circumdatus
1602 1432 1765 1496 curis,
1792 1432 1991 1501 quique

408 1541 478 1581 ne
530 1526 745 1596 paulum
791 1524 1005 1594 quidem
1043 1524 1310 1593 respirare
1356 1522 1603 1579 habebat.
1637 1523 1771 1578 Vide
1811 1535 1991 1580 autem

405 1627 462 1673 et
506 1617 711 1686 impleri
760 1615 889 1670 illud
944 1615 1169 1685 apostoli
1212 1614 1323 1669 :In
1350 1616 1488 1668 omni
1522 1613 1652 1679 loco,
1698 1614 1885 1683 inquit,
1918 1615 1991 1668 le-

405 1717 576 1761 vantes
604 1724 760 1778 puras
799 1722 979 1759 manus
1007 1705 1096 1777 (1.
1145 1703 1279 1758 Tim.
1318 1704 1373 1758 2.
1422 1701 1602 1775 8)..Et
1642 1704 1785 1774 quod
1831 1703 1987 1759 Citri-

403 1808 519 1853 stus
553 1798 748 1869 jussit,
783 1798 883 1851 hoc
928 1796 1281 1866 complebant.
1334 1795 1403 1849 Et
1455 1795 1733 1859 claudens,
1778 1795 1981 1865 inquit,

400 1891 584 1946 ostium
626 1900 807 1955 tuum,
831 1904 923 1942 ora
968 1886 1178 1942 Patrem
1227 1896 1368 1940 tuum
1407 1885 1618 1957 (Matth.
1650 1886 1703 1942 6.
1736 1884 1833 1958 6).
1896 1887 1984 1941 15.

410 2000 430 2032 ι
465 1980 615 2035 Tunc
666 1979 1092 2049 responderunt,
1135 1986 1189 2033 et
1230 1978 1412 2032 dicunt
1451 1990 1633 2033 coram
1687 1992 1812 2047 rege
1841 1995 1853 2031 :
1884 1977 1987 2032 Da-

401 2070 525 2132 niel,
557 2070 645 2140 qui
684 2068 750 2124 de
779 2068 902 2124 ﬁliis
927 2069 1250 2137 captivitatis
1274 2066 1494 2135 Judteae,
1525 2083 1632 2123 non
1657 2068 1891 2125 subdidit
1923 2084 1985 2125 se

401 2163 619 2218 decreto
650 2173 738 2216 tuo
766 2172 820 2217 et
847 2161 1211 2217 constitutioni
1239 2175 1399 2231 quam
1423 2160 1658 2215 statuisti
1689 2178 1702 2215 :
1732 2169 1787 2216 et
1816 2161 1983 2216 tribus

399 2231 505 2311 diei
536 2254 864 2325 temporibus
894 2254 1023 2324 petit
1048 2268 1077 2307 a
1106 2253 1216 2308 Deo
1243 2267 1343 2307 suo
1380 2251 1685 2322 petitiones.
1711 2252 1799 2308 14.
1830 2252 1981 2308 Tunc

401 2364 498 2404 rex
520 2390 535 2415 ,
566 2357 627 2402 ut
662 2347 881 2402 verbum
907 2346 1127 2411 audivit,
1158 2345 1384 2401 multum
1407 2344 1750 2400 contristatus
1776 2353 1859 2400 est
1885 2360 1979 2400 su-

396 2454 490 2509 per
516 2453 619 2493 eo:
651 2448 704 2493 et
731 2453 825 2507 pro
861 2435 1079 2491 Daniele
1116 2435 1422 2503 contendit,
1444 2444 1505 2490 ut
1522 2434 1772 2491 liberaret
1796 2450 1920 2491 eum
1956 2455 1970 2492 :

394 2539 450 2584 et
477 2543 645 2600 usque
672 2527 738 2583 ad
766 2542 1012 2583 occasum
1036 2526 1163 2582 solis
1187 2527 1480 2591 dimicavit,
1510 2535 1795 2584 nterueret
1820 2543 1967 2596 eum,

393 2629 447 2674 et
472 2619 744 2689 satagebat
778 2635 873 2688 pro
898 2619 1007 2673 illo.
1037 2619 1123 2674 15.
1154 2618 1304 2675 Tunc
1324 2619 1422 2673 viri
1453 2619 1531 2673 illi
1555 2619 1974 2678 observaverunt

393 2710 444 2764 in
463 2725 662 2781 regem,
680 2719 735 2765 et
758 2709 939 2765 dicunt
957 2710 1069 2780 regi
1090 2728 1101 2764 :
1124 2708 1289 2776 Scito,
1308 2725 1422 2773 rex,
1447 2710 1570 2780 quia
1592 2709 1862 2766 decretum
1891 2722 1975 2769 est

395 2800 560 2855 Medis
585 2811 639 2855 et
668 2800 865 2867 Persis,
898 2815 1111 2855 omnem
1138 2801 1573 2856 constitutionem
1606 2812 1660 2857 et
1686 2811 1969 2872 statutum,

389 2891 529 2962 quod
553 2907 648 2946 rex
677 2891 939 2956 statuerit,
991 2891 1249 2961 abrogare
1274 2906 1378 2944 non
1399 2902 1663 2960 Oportere.
1694 2893 1781 2948 16.
1821 2893 1972 2950 Tunc

388 3000 482 3039 rex
507 2983 665 3053 jussu
697 3000 709 3035 :
734 2992 785 3037 et
812 2982 1144 3038 abduxerunt
1167 2982 1460 3047 Danielcm,
1489 2992 1543 3038 et
1569 2983 1968 3041 miserunteum

389 3075 443 3128 in
468 3074 637 3130 lacum
663 3074 897 3128 leonum.
936 3091 955 3125 ι
978 3071 1186 3127 Forsan
1216 3073 1456 3127 nonnulli
1483 3080 1719 3128 vestrum
1748 3073 1965 3130 dicunt:

386 3164 571 3221 Nonne
607 3163 775 3234 potuit
797 3179 891 3218 rex
923 3163 1151 3218 liberare
1178 3162 1336 3217 eum?
1379 3162 1607 3219 Maxime
1634 3164 1847 3234 quidem
1874 3181 1969 3236 po-

385 3256 483 3309 tuit
504 3255 642 3309 Deus
673 3268 851 3323 regem
877 3252 1049 3308 facere
1072 3253 1447 3322 potentiorem,
1478 3253 1573 3309 sed
1595 3254 1663 3308 ad
1686 3265 1960 3312 certamen

387 3346 643 3401 athletam
682 3345 850 3400 ducit.
895 3344 1126 3399 Noverat
1156 3342 1316 3398 finem
1349 3386 1364 3410 ,
1394 3359 1502 3399 non
1553 3345 1833 3415 ignorabat
1866 3362 1963 3403 ex-

391 3438 546 3491 itum.
575 3438 643 3490 At
670 3451 761 3490 rex
792 3436 835 3490 si
872 3436 1029 3491 ﬁnem
1058 3434 1199 3490 hune
1223 3436 1466 3491 scivisset
1490 3445 1826 3504 eventurum,
1857 3453 1963 3494 non

390 3529 682 3583 laborasset
721 3528 938 3598 utique:
966 3527 1059 3583 sed
1091 3544 1195 3583 non
1216 3530 1405 3598 potuit.
1437 3529 1742 3585 Laudabilis
1773 3540 1856 3586 est
1886 3531 1956 3587 ob

382 3618 635 3685 studimn,
658 3619 809 3673 venia
842 3618 1031 3688 dignus
1055 3619 1126 3673 ob
1155 3618 1529 3687 ignorantiam.
1558 3619 1709 3675 Adeo
1734 3632 1961 3690 ex0pta-

384 3720 468 3766 tus
493 3725 555 3766 ac
581 3709 826 3764 amabilis
862 3719 978 3763 erat
1008 3709 1190 3764 Daniel
1226 3727 1240 3764 :
1285 3710 1379 3765 sed
1408 3710 1604 3765 invidia
1632 3727 1698 3767 ne
1743 3713 1962 3783 pulchra

380 3803 594 3873 quidem
618 3802 807 3857 intueri
839 3801 967 3857 sinit
998 3818 1012 3854 :
1041 3802 1149 3856 imo
1175 3802 1369 3856 intueri
1408 3802 1625 3873 quidem
1676 3805 1958 3873 permittit,

384 3903 439 3948 at
482 3908 589 3947 non
627 3892 814 3947 iisdem
857 3892 1049 3947 oculis.
1094 3891 1206 3947 Non
1235 3902 1482 3963 oportet,
1516 3894 1798 3965 inquiunt,
1827 3897 1963 3951 adeo

388 3982 691 4053 languidam
715 3997 834 4038 esse
861 3997 1042 4038 rerum
1063 3982 1595 4052 administrationem,
1626 4001 1796 4056 neque
1818 3988 1962 4058 leges

382 4084 594 4128 uestras
622 4072 896 4127 instabiles
923 4086 1065 4128 esse.
1095 4073 1227 4128 Tota
1251 4090 1381 4144 gens
1419 4078 1745 4132 contumelia
1784 4077 1957 4132 afﬁci-

383 4173 488 4219 tur.
528 4165 823 4219 lmmittuut
849 4164 1124 4220 Dauiclem
1153 4167 1207 4220 in
1237 4167 1434 4221 fossam
1468 4185 1481 4222 :
1522 4168 1797 4239 imponunt
1822 4168 1959 4240 lapi-

377 4287 519 4337 quam
549 4273 861 4341 insigniorum
880 4313 893 4334 ,
921 4274 1525 4341 exindehapostolicarum,
1561 4281 1717 4329 tertia:
1734 4315 1748 4338 ,
1771 4286 1924 4331 sexus
1941 4316 1957 4341 ,

376 4349 529 4400 aonie.
556 4338 827 4400 Magistrum
849 4339 1068 4398 sequitur
1089 4338 1352 4400 discipulus
1376 4338 1497 4388 libro
1517 4341 1581 4389 de
1601 4342 1842 4400 Oratione,
1868 4338 1961 4392 nisi

379 4398 507 4463 quod
530 4399 778 4463 melnorize
802 4397 957 4463 lapsu_
977 4406 1080 4447 tres
1118 4397 1301 4463 pueros,
1333 4414 1441 4449 cum
1470 4401 1667 4463 Daniele
1700 4397 1956 4454 consociat.

377 4457 561 4506 Nollem
595 4457 904 4508 Constantin
937 4457 1255 4519 Imperatori,
1292 4462 1431 4509 istam
1466 4462 1710 4511 historiam
1739 4466 1959 4515 oratione

377 4519 436 4566 ad
461 4520 732 4567 Sanctorum
769 4526 945 4568 emtum
995 4519 1267 4579 referenti,
1313 4529 1409 4570 tam
1448 4523 1595 4574 multa
1640 4526 1954 4576 excidissent.

378 4579 595 4644 Videnda
620 4588 695 4629 est
717 4580 953 4644 Catholica
977 4582 1299 4643 apostolorum
1322 4583 1539 4632 doctrina
1561 4587 1608 4633 in
1632 4583 1715 4634 lib.
1741 4587 1788 4644 7,
1806 4599 1850 4635 c.
1874 4588 1955 4639 25.

441 4641 513 4702 (α)
547 4641 663 4692 Chm
702 4642 875 4705 Judteis
897 4643 955 4690 ad
980 4641 1175 4704 patriam
1207 4644 1443 4694 redeundi
1478 4652 1691 4705 potestas
1710 4641 1836 4697 facta
1860 4657 1956 4701 est.

378 4702 472 4765 Cur
494 4711 658 4752 autem
677 4704 801 4765 apud
824 4702 1025 4754 exteros
1046 4708 1279 4755 manserit
1312 4702 1512 4764 Daniel,
1536 4709 1773 4758 rationem
1796 4710 1958 4761 reddit

375 4764 719 4835 :t'lteuloretus
733 4764 818 4814 lib.
846 4765 907 4816 10
929 4765 1267 4817 Commentarii
1293 4768 1342 4817 in
1361 4769 1490 4818 hunc
1510 4770 1812 4833 prephetam,
1831 4772 1957 4822 circa

377 4828 582 4876 initium.

440 4887 510 4949 (ὁ)
534 4895 884 4953 _t_tanc__quoque
915 4890 1042 4953 inter
1072 4902 1168 4937 non
1199 4892 1401 4953 scriptas
1423 4892 1706 4944 traditiones
1727 4899 1957 4945 recenset

375 4954 420 5020 s_.
446 4947 641 5020 basilius
664 4947 748 4996 lib.
772 4947 835 4999 de
858 4951 1236 5020 Spiritusaneto,
1259 4947 1363 5015 cap.
1388 4956 1447 5003 '27
1468 4969 1482 5015 ;
1505 4968 1650 5020 quam
1675 4962 1727 5020 et
1748 4957 1809 5005 ab
1842 4969 1957 5020 apo-

375 5007 513 5075 stolis
533 5022 751 5075 manasse
774 5007 948 5075 asserit
977 5015 1058 5074 qui
1084 5007 1393 5075 inter'Opéra
1433 5007 1480 5063 tt:
1520 5007 1692 5066 justiui
1730 5007 1954 5075 marty'ris

284 5112 317 5121 ,.
376 5066 557 5139 legitur
595 5068 721 5139 liber
759 5072 815 5120 ad
848 5066 1149 5139 orthodoxos
1169 5075 1251 5139 _de
1280 5066 1569 5139 quibusdam
1607 5066 1956 5139 quaestionibus

379 5130 783 5201 scriptus,nnesp.
808 5133 866 5201 ad
890 5143 1061 5201 quarst.
1104 5135 1226 5201 1'18,
1258 5130 1353 5187 nec
1385 5153 1479 5188 non
1510 5147 1553 5187 s.
1585 5130 1847 5201 Germanus
1870 5153 1955 5201 pa-

379 5190 585 5241 triarcha
607 5190 1173 5255 rf‘ons’tautiuopolitanus
1211 5190 1260 5245 in
1305 5205 1476 5247 Iterum
1523 5190 1955 5250 ecclesiasticar'um

377 5254 800 5323 contemplatione.
836 5254 1376 5323 _t_tefninerunt_etiam
1406 5321 1415 5323 _
1422 5263 1745 5323 antiquissimi
1791 5268 1957 5313 Patres

374 5312 607 5386 Clemens
628 5313 1169 5386 Alexandrinuss‘trom.
1190 5318 1238 5376 7,
1257 5312 1577 5386 Tertulliauu's
1594 5322 1852 5386 Apologet.
1876 5312 1952 5382 16,

378 5383 432 5447 et
452 5378 692 5447 Origenes
712 5378 910 5447 Humilia
934 5379 964 5427 ὅ
987 5380 1305 5447 ittﬁumeros,
1332 5389 1381 5447 et
1406 5383 1534 5432 inter
1556 5378 1779 5447 Origenis
1799 5378 1955 5447 Opera

372 5436 555 5487 Auctor
578 5439 822 5487 Librorum
863 5440 911 5487 in
934 5441 1021 5489 Job
1047 5441 1127 5489 lib.
1149 5442 1195 5491 1.
1212 5442 1300 5491 Adi
1325 5436 1957 5496 Clementem'Cousutbuo.

374 5510 489 5569 num
513 5498 599 5548 lib.
622 5499 796 5569 2,.cap.
815 5502 915 5569 337,
951 5507 1003 5550 et
1026 5501 1110 5551 lib.
1135 5503 1164 5551 7
1182 5538 1195 5562 ,
1220 5516 1325 5566 cap.
1346 5505 1413 5569 746
1431 5540 1445 5565 ,
1472 5507 1743 5569 Dionysium
1768 5506 1951 5558 Eccles.

375 5560 644 5630 Itier._cap.
667 5561 691 5610 1
722 5560 774 5611 et
805 5561 864 5621 ‘2,
889 5562 1150 5630 Auctorem
1183 5560 1503 5630 Qumstionum
1536 5560 1606 5616 ad'
1630 5568 1953 5630 Antiochum,

375 5628 545 5686 Quaest.
570 5625 630 5671 57
644 5655 661 5681 ,
686 5630 737 5672 et
758 5631 1039 5686 Symeonem
1061 5626 1541 5680 Thessalonicensem
1564 5630 1627 5681 de
1649 5625 1954 5683 Sacramenta

375 5682 562 5734 ordinis
583 5698 717 5746 capp.
746 5682 917 5747 tertio,
942 5695 1101 5750 sexto,
1130 5688 1400 5740 undecimo.

1157 222 1214 279 S.
1253 221 1531 278 JOANNIS
1568 208 2040 278 CllBYSOSTO)"
2070 223 2386 281 ARCHIEP.
2417 226 2947 287 CONSTANTINOP.
3580 238 3666 301 223

2112 339 2237 395 dem
2294 358 2314 391 ι
2344 340 2409 395 Ει
2432 340 2567 397 dixit
2591 359 2681 401 rex
2713 346 2912 402 Danieli
2938 367 2952 403 :
2980 348 3254 417 Deus,-cui
3282 361 3335 406 tu
3359 354 3528 409 servis
3550 373 3663 416 con-

2110 429 2275 495 tinue,
2306 431 2418 500 ipse
2462 432 2709 491 liberabit
2746 446 2818 494 te.
2863 439 2951 493 17.
3008 440 3076 495 Et
3121 442 3414 498 attulerunt
3454 446 3661 516 lapidem

2106 536 2268 576 unum
2293 564 2309 587 ,
2341 532 2395 578 et
2423 524 2791 595 imposuerunt
2835 545 3084 599 superos
3122 534 3221 588 laci
3250 553 3264 589 :
3294 544 3349 589 et
3375 536 3657 608 obsignavit

2104 627 2199 666 rex
2232 614 2430 670 annulo
2466 630 2597 683 suo,
2639 628 2693 674 et
2722 621 2923 677 annulo
2964 608 3282 692 optimatum
3334 641 3590 685 suorum:
3618 646 3661 689 ut

2104 702 2238 756 nihil
2261 708 2626 761 mutareturin
2651 709 2888 768 Daniele.
2921 713 3010 768 18.
3034 714 3105 769 Ει
3127 716 3259 771 abiit
3275 733 3369 773 rex
3386 718 3437 774 in
3464 719 3659 779 domum

2101 808 2275 861 suam,
2298 807 2352 851 et
2381 800 2566 855 cubuit
2589 802 2908 870 incmnatus,
2933 815 2989 861 et
3006 806 3157 863 cibos
3186 824 3293 865 non
3318 824 3663 881 apposueram

2103 885 2173 951 ei,
2204 896 2263 942 et
2283 903 2506 961 soman
2551 895 2775 949 recessit
2802 895 2869 951 ab
2894 911 2981 952 eo.
3015 914 3036 952 ι
3067 898 3373 958 Recordare
3399 903 3533 961 mihi
3565 922 3659 962 mo-

2100 991 2416 1037 numentum
2446 981 2642 1039 Christi
2669 1025 2685 1051 ,
2715 985 2805 1042 ubi
2852 986 3026 1045 Judzei
3069 990 3242 1060 sigilla
3292 992 3646 1062 imposuerunt

2096 1071 2347 1143 Alioquin
2376 1074 2518 1131 enim
2548 1076 2808 1135 dixissent
2834 1095 2950 1136 rem
2983 1096 3078 1151 per
3100 1082 3339 1140 fraudem
3366 1100 3430 1141 ac
3466 1091 3654 1156 praesti-

2094 1163 2209 1232 gias
2236 1180 2356 1222 esse
2376 1166 2589 1222 factam.
2616 1168 2723 1224 Sed
2750 1171 2949 1241 ubique
2972 1187 3092 1242 qua:
3115 1173 3183 1229 ab
3213 1175 3444 1232 inimicis
3480 1181 3661 1235 nostris

2098 1262 2391 1322 patrantur,
2424 1275 2520 1329 pro
2548 1261 2701 1316 nobis
2728 1273 2873 1318 sunt.
2902 1263 3035 1320 Nam
3063 1274 3121 1321 ut
3142 1266 3472 1325 delatoribus
3499 1275 3659 1328 omnis

2094 1345 2363 1401 auferatur
2392 1360 2696 1419 prattextus,
2720 1354 2774 1409 id
2797 1356 2974 1411 evenit
3001 1371 3017 1412 :
3045 1364 3101 1413 et
3128 1373 3223 1413 rex
3247 1361 3394 1429 ponit
3412 1362 3565 1432 signa
3583 1406 3596 1428 ,
3613 1375 3663 1420 ut

2093 1436 2201 1493 illis
2227 1438 2451 1496 facultas
2477 1459 2581 1498 non
2610 1453 2754 1501 esset
2794 1447 3082 1518 quidquam
3126 1448 3387 1519 faciendi,
3417 1454 3501 1509 vel
3526 1454 3659 1510 illum

2091 1532 2442 1600 extrahendi,
2472 1544 2529 1592 et
2554 1537 2738 1594 leones
2765 1541 3019 1596 causandi
3059 1560 3073 1597 :
3102 1542 3179 1596 illi
3217 1558 3347 1599 vero
3385 1547 3547 1601 etiam
3575 1550 3661 1603 im-

2091 1634 2296 1693 ponunt
2319 1626 2488 1695 signa,
2517 1639 2570 1682 ut
2599 1644 2705 1684 non
2735 1630 2919 1687 liceret
2946 1632 3058 1703 regi
3080 1632 3307 1690 liberare
3335 1651 3479 1703 eum,
3506 1648 3658 1709 atque

2089 1717 2170 1770 sic
2210 1716 2265 1777 in
2308 1726 2421 1773 tuto
2447 1719 2719 1779 decretum
2744 1734 2912 1779 esset.
2940 1725 3009 1780 Et
3045 1740 3149 1781 non
3175 1729 3435 1796 cenavit,
3464 1731 3659 1802 inquit,

2089 1821 2214 1871 rex,
2247 1810 2698 1881 nequedormiit.
2752 1813 2883 1870 Vide
2911 1826 3106 1886 quanta
3152 1818 3233 1873 vis
3257 1819 3332 1874 sit
3356 1822 3573 1877 amoris.
3602 1824 3661 1879 Et

2087 1897 2254 1968 quid?
2282 1899 2519 1956 Primum
2558 1904 2771 1973 quidem
2804 1906 2954 1962 bene
2996 1923 3215 1978 sperare
3237 1910 3390 1980 jubet
3418 1913 3600 1970 dicens
3643 1936 3656 1970 :

2087 1987 2223 2045 Deus
2247 2031 2262 2055 ,
2301 1992 2383 2045 cui
2412 2002 2466 2046 tu
2505 1994 2659 2048 servis
2695 1997 2944 2052 continue.
2982 1996 3176 2053 lterum
3206 2015 3419 2057 causam
3470 2005 3659 2073 justam

2088 2082 2252 2152 ponit.
2281 2097 2399 2151 qua:
2424 2085 2593 2153 possit
2621 2086 2758 2140 illius
2780 2087 3016 2143 animum
3033 2090 3261 2160 erigere.
3289 2092 3490 2151 ForSan
3522 2096 3657 2152 enim

2085 2172 2355 2233 Danielcm
2399 2175 2659 2233 audierat.
2699 2178 2901 2234 Deinde
2944 2181 3151 2237 accedit
3191 2184 3445 2256 hymnum
3487 2189 3658 2259 profe-

2085 2276 2227 2319 rens.
2252 2263 2344 2321 ‘25.
2375 2284 2393 2318 ι
2415 2266 2563 2323 Tunc
2589 2285 2680 2324 rex
2711 2271 2932 2325 multum
2958 2273 3169 2343 gavisus
3190 2284 3272 2330 est
3298 2292 3458 2346 super
3478 2294 3580 2334 eo:
3611 2292 3659 2336 et

2082 2358 2335 2426 praecepit
2376 2366 2435 2412 ut
2460 2358 2729 2415 Danielcm
2774 2362 3064 2418 educerent
3093 2364 3159 2421 de
3187 2366 3325 2421 lacu.
3354 2366 3421 2422 Et
3444 2369 3659 2425 eductus

2080 2454 2164 2501 cst
2192 2447 2373 2504 Daniel
2400 2448 2468 2504 de
2512 2450 2653 2519 lacu,
2683 2462 2737 2509 et
2762 2454 2903 2507 nulla
2932 2455 3082 2511 laesio
3111 2457 3321 2512 inventa
3359 2469 3440 2514 est
3467 2461 3522 2515 in
3551 2462 3659 2528 illo,

2080 2538 2202 2608 quia
2242 2539 2470 2597 credidit
2502 2542 2611 2597 Deo
2640 2558 2756 2599 suo.
2784 2543 2875 2599 24.
2907 2545 2973 2600 Ει
3001 2545 3134 2601 dixit
3174 2563 3268 2603 rex
3294 2590 3309 2613 ,
3339 2558 3394 2604 et
3421 2551 3657 2608 adduxe-

2078 2638 2205 2685 runt
2232 2630 2373 2687 viros
2399 2632 2487 2701 qui
2516 2644 2896 2689 accusaverant
2935 2637 3206 2694 Dauielem
3241 2657 3253 2693 :
3289 2650 3344 2696 et
3382 2643 3435 2697 in
3484 2642 3655 2700 lacum

2077 2720 2287 2777 leonum
2312 2724 2489 2792 injecti
2518 2735 2643 2780 sunt
2671 2726 2793 2796 ipsi,
2822 2738 2874 2782 et
2899 2728 2991 2781 ﬁlii
3020 2744 3229 2797 eorum,
3260 2741 3314 2786 et
3345 2748 3541 2789 uxores
3567 2750 3658 2790 eo-

2075 2830 2193 2870 rum
2222 2832 2236 2868 :
2268 2826 2320 2873 et
2350 2831 2453 2872 non
2482 2828 2838 2888 pervenerant
2869 2820 2936 2875 ad
2976 2822 3333 2891 pavimentum
3367 2825 3462 2880 laci
3488 2868 3504 2893 ,
3531 2844 3652 2882 cum

2073 2903 2330 2961 dominati
2367 2916 2489 2962 sunt
2521 2924 2706 2966 eorum
2750 2910 2931 2965 leones
2953 2953 2968 2976 ,
3015 2922 3070 2967 et
3105 2914 3282 2968 omnia
3320 2930 3441 2971 ossa
3469 2932 3659 2974 eorum

2072 2999 2570 3055 comminuerunt.»
2598 3001 2709 3070 Qua
2757 3002 2825 3058 de
2867 3017 3027 3059 eausa
3075 3005 3167 3059 ﬁlii
3196 3016 3251 3061 et
3294 3023 3491 3065 uxores
3536 3028 3657 3080 per-

2071 3098 2200 3145 eunt
2224 3088 2344 3161 (a)?
2381 3092 2506 3161 quid
2545 3105 2904 3165 peccaverunt
2934 3096 3056 3150 isti?
3080 3096 3324 3154 Fortasse
3346 3101 3416 3155 illi
3440 3116 3659 3175 quOQue

2070 3180 2307 3235 criminis
2332 3183 2618 3253 participes
2651 3194 2822 3241 erant.
2865 3186 3023 3241 Vides
3052 3188 3410 3258 improborum
3447 3192 3661 3265 suppli-

2068 3272 2250 3328 cium?
2279 3274 2427 3329 vides
2447 3275 2712 3345 justorum
2740 3280 2990 3349 praemia?
3013 3280 3257 3354 Undique
3285 3284 3521 3351 erudire,
3557 3303 3659 3341 un-

2067 3363 2228 3435 dique
2264 3364 2551 3422 mdiﬁcare.
2586 3367 2743 3424 Vides
2784 3370 2926 3440 quod
2966 3375 3206 3443 quamvis
3238 3376 3376 3431 Deus
3419 3377 3663 3447 deserat,

2066 3457 2133 3511 ad
2160 3458 2436 3513 utilitatem
2477 3468 2714 3516 nostram
2745 3461 2797 3517 id
2826 3461 2971 3519 facit.
3005 3463 3288 3535 Superavit
3318 3467 3493 3538 ignem
3526 3488 3542 3535 ;
3572 3486 3663 3524 su-

2066 3549 2272 3620 peravit
2306 3549 2463 3606 feras.
2505 3551 2581 3606 Ne
2619 3551 2870 3624 deinceps
2896 3554 3155 3625 inquiras,
3189 3557 3255 3611 ad
3285 3558 3409 3629 quid
3436 3560 3657 3627 leones,

2068 3650 2124 3697 et
2150 3642 2323 3712 pardi,
2351 3653 2406 3699 et
2423 3643 2642 3713 reliqua:
2670 3642 2795 3700 fera:
2811 3645 2835 3698 ?
2851 3645 2988 3701 Sunt
3007 3647 3149 3701 enim
3167 3648 3331 3703 veluti
3357 3651 3655 3705 carniﬁces

2064 3734 2278 3804 quidam
2308 3735 2374 3789 ad
2416 3735 2579 3790 latera
2618 3736 2852 3792 Danielis
2899 3747 3123 3806 stantes,
3176 3748 3440 3811 tamquam
3490 3742 3547 3797 in
3581 3743 3667 3797 di-

2066 3832 2190 3881 vtno
2231 3826 2460 3897 quodam
2511 3841 2575 3880 ac
2622 3826 2889 3883 horrendo
2926 3829 3173 3885 tribunali
3199 3831 3250 3885 id
3292 3842 3560 3903 agentes:
3594 3834 3667 3888 ad

2068 3917 2208 3973 hunc
2234 3917 2449 3973 modum
2474 3933 2580 3972 non
2605 3919 2719 3973 ausi
2740 3928 2857 3975 sunt
2882 3920 3163 3990 perfodere
3183 3922 3345 3976 latera
3372 3923 3505 3992 justi
3530 3926 3665 3981 viri.

2062 4009 2179 4063 Non
2220 4010 2362 4064 enim
2405 4017 2723 4078 acceperant
2753 4010 2947 4079 judicis
2974 4012 3299 4067 mandatum.
3358 4014 3667 4088 Postquam

2066 4114 2193 4155 vero
2216 4100 2303 4153 alii
2332 4100 2382 4153 in
2414 4100 2586 4154 lacum
2619 4100 2766 4155 missi
2790 4110 2932 4168 sunt,
2963 4101 3072 4158 Deo
3093 4103 3333 4174 jubente,
3362 4121 3455 4162 eos
3476 4108 3667 4162 inter-

2065 4190 2326 4256 fecerunt,
2358 4189 2425 4244 Et
2455 4208 2570 4244 ossa
2607 4208 2805 4259 eorum,
2830 4193 3002 4264 inquit
3024 4235 3040 4260 ,
3068 4197 3487 4251 comminuerunt.
3526 4199 3671 4266 Quis

2064 4283 2302 4338 frenabat
2330 4282 2566 4353 ipsorum
2596 4284 2729 4337 ora?
2776 4285 2895 4354 quis
2934 4288 3185 4356 praecepit
3228 4289 3473 4357 apposito
3518 4290 3660 4345 cibo

2017 4378 2367 4434 .abstinere?
2424 4376 2545 4447 quis
2600 4376 2949 4448 philosophus
2998 4379 3133 4435 adeo
3192 4390 3543 4450 temperans,
3606 4393 3674 4437 nt

2064 4472 2283 4539 pressus
2309 4468 2469 4533 fame,
2502 4468 2767 4524 solutione
2807 4479 2980 4525 autem
3010 4470 3163 4525 famis
3191 4482 3479 4542 praesente,
3515 4473 3672 4529 nolit

2063 4575 2123 4617 se
2160 4562 2227 4616 ab
2251 4576 2317 4616 eo
2347 4560 2487 4616 malo
2517 4561 2781 4616 liberare?
2806 4562 3016 4642 Rursus
3048 4561 3242 4628 edicta,
3284 4578 3470 4618 rursus
3510 4564 3671 4619 divi-

2064 4668 2188 4708 num
2231 4653 2555 4724 prmconium
2580 4692 2597 4720 ,
2643 4666 2826 4709 rursus
2865 4646 3220 4709 testimonium
3248 4670 3343 4724 per
3366 4670 3454 4711 res
3484 4656 3674 4726 ipsas.

2665 4807 2890 4864 CAPUT
2931 4807 3041 4866 VII.

2134 4945 2225 4998 1.(
2256 4942 2311 4997 ln
2357 4941 2529 5011 primo
2577 4956 2718 4995 anno
2766 4941 3052 4996 Baltasaris
3094 4942 3238 5013 regis
3264 4942 3673 5002 Chaldaeorum

2064 5034 2246 5091 Daniel
2279 5034 2543 5089 somnium
2573 5032 2704 5087 vidit
2733 5050 2747 5087 :
2774 5041 2826 5087 et
2856 5033 3088 5087 visiones
3109 5033 3297 5102 capitis
3326 5034 3440 5103 ejus
3471 5035 3536 5090 in
3568 5052 3680 5091 etp

2061 5126 2153 5181 bili
2183 5126 2300 5194 ejus
2324 5144 2336 5180 :
2367 5114 2421 5181 et
2443 5128 2709 5180 somnium
2733 5124 2966 5195 scripsit.
2989 5125 3307 5194 Principium
3334 5140 3680 5183 sermonum

2061 5219 2197 5287 ejus.
2236 5219 2303 5272 Et
2340 5217 2672 5287 respondens
2699 5216 2832 5272 dixit
2855 5235 2868 5270 :
2889 5216 2947 5270 9..
2977 5216 3088 5286 Ego
3115 5216 3297 5271 Daniel
3320 5217 3680 5287 aSpiciebam

2064 5312 2115 5367 in
2143 5328 2260 5368 mea
2290 5312 2491 5367 visione
2509 5353 2524 5379 ,
2551 5320 2708 5367 nocte
2737 5328 2751 5364 ε
2779 5319 2833 5365 et
2853 5325 2978 5366 ecce
3006 5319 3234 5379 quatuor
3252 5312 3399 5366 venti
3424 5312 3563 5367 caeli
3596 5315 3682 5369 ir-

2124 5445 2196 5507 (a)
2230 5443 2359 5507 Vera
2392 5456 2533 5492 causa
2571 5443 2808 5492 barbarus
2844 5447 3153 5507 tyrannorum
3181 5443 3393 5507 omnium
3428 5454 3556 5507 mos
3575 5479 3594 5503 ,
3625 5450 3686 5495 et

2067 5504 2213 5557 etiam
2240 5505 2583 5569 plerarumque
2608 5507 2828 5569 gentium
2868 5504 3024 5568 leges.
3067 5504 3293 5569 Exempla
3328 5506 3518 5569 passim
3545 5519 3685 5569 sup.

2064 5566 2586 5637 peditahunthistorize
2604 5567 2754 5637 ;_liht_'i
2780 5566 2976 5637 Regum,
3000 5566 3489 5637 Judi‘thteLEsther‘m,
3519 5566 3682 5637 ,ως-ᾖξε

2062 5628 2189 5686 iniac,
2215 5628 2502 5691 Herodotus,
2528 5639 2581 5688 Q.
2604 5629 2815 5690 Curtius,
2838 5628 3069 5689 Justinus,
3091 5628 3372 5679 Ammianus
3412 5631 3685 5680 Marcelli-

2067 5705 2179 5751 nus,
2203 5695 2302 5740 etc.
