3734 6278
388 310 497 370 2‘29

390 424 607 495 τάλην.
642 416 752 474 Kal
781 417 1046 487 τέσσαρα
1094 423 1267 488 θηρία
1291 420 1525 491 μεγάλα
1559 419 1873 474 ἀνέϐαινεν
1898 419 1966 473 ἐκ

388 506 501 574 τῆς
523 503 859 570 θαλάσσης,
886 502 1246 571 διαφέροντα
1276 502 1586 569 ἀλλήλων.
1621 502 1689 554 Τὸ
1710 501 1967 570 πρῶτον,

390 587 531 641 ὡσεὶ
554 585 784 646 λέαινα.
812 584 909 636 καὶ
934 585 1117 651 πτερά
1146 584 1338 653 αὐτῆς
1373 584 1516 638 ὡσεὶ
1541 582 1739 638 ἀετοῦ.
1771 582 1971 636 Ἑθεάμ

382 687 540 741 ρουν
567 668 675 734 ἕως
700 662 771 721 οὗ
812 667 1158 731 ἐξετίλαντο
1181 668 1251 722 τὰ
1280 671 1469 735 πτερὰ
1496 666 1710 734 αὐτῆς,
1741 668 1837 720 καὶ
1865 667 1967 731 ἐξε-

389 753 541 820 ήρθη
566 750 683 805 άπὸ
706 747 815 817 τῆς
832 746 962 817 τῆς,
986 748 1084 801 καὶ
1106 749 1205 802 ἐπὶ
1239 750 1441 803 ποδῶν
1459 748 1770 818 ἀνθρώπου
1789 748 1962 803 ἐστά-

392 840 496 902 θη,
538 833 637 887 καὶ
670 830 884 900 καρδία
912 830 1224 899 ἀνθρώπου
1275 832 1449 899 ἐδόθη
1478 831 1653 899 αὐτῇ,
1689 831 1801 885 Kal
1840 830 1968 885 ίδοὺ

392 918 604 986 θηρίον
627 916 833 982 ἕτερον
848 914 1053 982 ὅμοιον
1076 915 1256 983 άρκῳ,
1277 916 1373 968 καί
1401 917 1487 981 είς
1508 915 1682 984 μέρος
1702 914 1771 968 ἐν
1791 912 1969 968 ἐστά-

393 1005 497 1066 θη·
527 999 623 1052 καί
669 999 801 1065 τρία
834 998 1066 1065 πλευρὰ
1103 998 1172 1050 ἐν
1200 995 1280 1062 τῷ
1312 999 1565 1066 στόματι
1609 994 1817 1063 αὐτῆς,
1852 995 1971 1051 ἀνὰ

387 1082 583 1153 μέσον
626 1082 746 1135 τῶν
791 1080 1055 1149 ὀδόντων
1092 1078 1302 1147 αὐτῆς.
1349 1082 1458 1135 Καὶ
1505 1082 1694 1149 οὕτως
1751 1083 1970 1150 ἔλεγον

393 1164 549 1234 αὐτῇ
573 1182 586 1195 ·
619 1162 902 1229 Ἀνάστα,
946 1163 1099 1233 φάγε
1153 1163 1385 1232 σάρκας
1440 1165 1693 1232 πολλάς.
1753 1166 1968 1220 Ὀπίσω

391 1248 604 1301 τούτου
644 1246 961 1314 ἐθεώρουν,
1010 1246 1107 1299 καί
1153 1245 1281 1299 ίδοὺ
1323 1245 1527 1314 ἕτερον
1577 1248 1784 1315 θηρίον
1824 1246 1967 1301 ὡσεὶ

392 1328 717 1398 πάρδαλις·
775 1329 873 1382 καὶ
922 1326 1077 1396 αὐτῇ
1139 1331 1323 1396 πτερὰ
1364 1328 1632 1397 τέσσαρα
1690 1329 1967 1383 πετεινοῦ

392 1411 665 1482 ὑπεράνω
687 1411 899 1478 αὐτῆς.
933 1413 1030 1466 καὶ
1060 1411 1352 1479 τέσσαρες
1381 1414 1636 1480 κεφαλαί
1664 1412 1745 1477 τῷ
1764 1413 1963 1481 θηρίῳ,

393 1494 490 1548 καὶ
510 1494 761 1559 ἐξουσία
791 1494 966 1562 ἐδόθη
992 1493 1171 1559 αὐτῷ.
1191 1495 1404 1548 Ὀπίσω
1427 1497 1641 1549 τούτου
1674 1495 1967 1563 ἐθεώρουν

392 1578 463 1630 ἐν
489 1576 731 1645 ὁράματι
758 1575 863 1645 τῆς
884 1577 1124 1642 νυκτὸς,
1146 1577 1243 1630 καί
1274 1576 1403 1631 ίδοὺ
1430 1577 1635 1645 θηρίον
1662 1577 1963 1644 τέταρτον,

394 1659 666 1730 φοϐερὸν,
700 1658 796 1711 καὶ
832 1659 1148 1727 έκθαμϐον,
1195 1659 1293 1713 καὶ
1335 1659 1590 1727 ίσχυρὸν
1630 1657 1961 1727 περισσῶς·

396 1742 493 1796 καὶ
519 1745 572 1796 οί
594 1741 835 1807 ὀδόντες
857 1741 1041 1795 αὐτοῦ
1062 1740 1304 1810 σιδηροῖ
1320 1741 1419 1795 καὶ
1443 1741 1714 1811 μεγάλοι·
1733 1742 1963 1805 ἐσθίον,

395 1825 495 1880 καί
522 1825 860 1879 λεπτῦνον·
903 1823 999 1877 καὶ
1041 1825 1113 1877 τὰ
1146 1824 1433 1878 ἐπίλοιπα
1463 1823 1588 1891 τοῖς
1630 1825 1775 1878 ποσὶ
1818 1838 1967 1877 συν-

396 1907 633 1971 επάτει,⁸
656 1907 753 1960 καί
782 1907 927 1960 αὐτὸ
957 1905 1240 1975 διαφέρον
1261 1905 1565 1974 περισσῶς
1590 1907 1750 1976 παρὰ
1769 1905 1967 1960 πάντα

394 1992 468 2045 τὰ
490 1990 661 2059 θηρία
685 1989 759 2044 τὰ
791 1990 1130 2059 ἔμπροσθεν
1155 1990 1343 2044 αὑτοῦ
1364 2006 1377 2021 ·
1413 1989 1512 2043 καὶ
1539 1991 1757 2059 κέρατα
1779 1988 1965 2043 αὐτοῦ

395 2075 565 2128 δέκα.
595 2074 977 2142 Προσενόουν
1008 2072 1131 2140 τοῖς
1161 2073 1411 2141 κέρασιν
1438 2074 1624 2127 αὐτοῦ
1642 2090 1656 2104 ·
1689 2074 1787 2127 καὶ
1836 2073 1965 2127 ww

396 2156 580 2224 κέρας
606 2156 810 2225 ἕτερον
837 2155 1053 2225 μικρὸν
1100 2155 1413 2210 ἀνέϐαινεν
1443 2156 1513 2209 ἐν
1540 2156 1620 2220 τῷ
1651 2155 1819 2225 μέσῳ
1863 2156 1968 2209 αὑ-

394 2238 525 2304 τοῦ,
557 2238 655 2292 καὶ
705 2239 836 2307 τρία
875 2237 1090 2307 κέρατα
1126 2235 1244 2291 τῶν
1278 2240 1619 2308 ἔμπροσθεν
1651 2238 1837 2292 αὐτοῦ
1872 2236 1969 2301 ἐξ-

396 2321 669 2391 ερῤιζώθη
704 2320 821 2375 άπὸ
852 2319 1175 2388 προσώπου
1211 2320 1419 2375 αὐτοῦ.
1446 2320 1557 2374 Kal
1587 2320 1717 2374 ίδοὺ
1748 2321 1969 2389 όφθαλ-

390 2406 517 2476 μοὶ,
552 2402 698 2477 [257]
725 2404 867 2457 ώσεὶ
905 2402 1200 2474 ὀφθαλμοί
1231 2401 1544 2471 ἀνθρώπου
1567 2404 1637 2456 ἐν
1657 2401 1736 2467 τῷ
1768 2402 1967 2469 κέρατι

396 2490 584 2551 τούτῳ
607 2526 621 2551 ,
663 2486 761 2540 καί
801 2488 994 2555 στόμα
1023 2484 1259 2539 λαλοῦν
1292 2484 1544 2554 μεγάλα.
1584 2485 1741 2549 Τίνος
1783 2485 1966 2537 ἕνεκεν

394 2573 516 2643 οὐχὶ
541 2573 802 2641 γυναῖκας
834 2565 986 2621 εἶπεν
1024 2569 1107 2621 ὄτι
1140 2563 1279 2621 εἶδεν
1305 2584 1321 2635 ;
1362 2567 1499 2620 Ἀλλ’
1532 2568 1621 2622 ὅτε
1669 2568 1766 2638 μὲν
1812 2569 1967 2637 δίκην

396 2656 490 2709 καὶ
518 2654 659 2726 ἀρὰν
689 2653 795 2706 ἔδει
822 2652 1190 2723 παραστῆσαι.
1218 2653 1482 2721 γυναῖκας
1511 2655 1852 2722 παρήγαγεν·
1878 2652 1965 2704 ὅτε

390 2740 450 2794 δὲ
506 2737 811 2807 βασιλείας,
858 2735 1042 2805 θηρία.
1095 2735 1336 2806 Πρᾶγμά
1384 2738 1575 2787 ὲστινα
1619 2738 1652 2805 ἡ
1688 2734 1965 2804 βασιλεία,

397 2820 762 2891 σωματοποιεῖ
789 2814 880 2872 οὖν
919 2818 1069 2871 αὑτό.
1119 2820 1231 2871 Ούκ
1255 2815 1349 2872 οὖν
1375 2820 1578 2890 ἐχρῆν;
1623 2818 1963 2882 Καὶοκαλῶς.

407 2904 544 2957 Ἀλλ’
568 2903 755 2972 ἐπειδὴ
786 2903 841 2955 αἱ
865 2902 1146 2971 ποιότητες
1178 2902 1357 2955 αὐτῶν
1387 2904 1620 2973 μάλιστα
1652 2903 1711 2954 ὲν
1740 2905 1849 2965 τοῖς
1877 2902 1967 2971 θη-

397 2988 534 3057 ρίοις
562 2986 686 3050 εἰσὶ,
716 2984 805 3037 διά
831 2978 989 3037 τοῦτο
1013 2984 1192 3038 αὐτῶν
1220 2984 1435 3056 ἐδεήθη.
1475 2984 1775 3055 Ἐϐουλήθη
1800 2984 1968 3049 δεῖξαι

393 3070 455 3123 16
502 3072 559 3124 ὲν
609 3069 890 3140 ἀγριότητι
939 3068 1135 3140 ἁδρὸν,
1192 3068 1284 3120 καὶ
1344 3068 1558 3120 λέαιναν
1625 3069 1965 3138 παρήγαγεν.

408 3152 705 3225 Ἐϐουλήθη
756 3151 923 3217 δεῖξαι
953 3151 1013 3204 τὸ
1058 3150 1247 3214 νωθὲς,
1297 3152 1389 3203 καὶ¹
1431 3150 1597 3221 ἄρκον
1628 3151 1965 3220 παρήγαγεν,

408 3236 701 3308 Ἑϐουλήθη
744 3235 915 3300 δεῖξαι
961 3234 1022 3287 τὸ
1061 3234 1197 3304 ταχὺ
1239 3234 1334 3286 καὶ
1374 3233 1595 3302 κοῦφον,
1644 3234 1738 3287 καὶ
1783 3233 1968 3305 ἐπειδὴ

393 3321 651 3393 πολέμοις
681 3319 981 3375 κατέλυσαν
1006 3318 1244 3380 ἅπαντες
1261 3317 1290 3356 ιι
1312 3316 1410 3380 τὰς
1429 3317 1602 3388 ἀρχάς
1620 3332 1632 3345 ·
1648 3317 1742 3371 καὶ
1763 3318 1969 3389 πάρδα-

395 3405 479 3458 λιν
521 3406 829 3474 παρήγαγε.
879 3403 989 3455 Kal
1020 3402 1122 3472 ὅρα
1166 3402 1314 3462 ὅπως
1346 3399 1524 3463 καλῶς
1561 3399 1832 3470 ἐθεώρησε
1870 3401 1969 3472 τὴν

396 3487 668 3541 θάλασσαν
699 3484 932 3556 πρῶτον,
965 3485 1146 3536 πᾶσαν
1175 3483 1272 3552 τὴν
1305 3483 1649 3553 οἰκουμένην.
1690 3482 1970 3554 Τοσαύτης

395 3571 503 3641 γὰρ
534 3571 694 3639 γέμει
721 3568 965 3638 ταραχῆς
984 3608 997 3631 ,
1035 3568 1129 3619 καὶ
1160 3564 1303 3619 οὕτω
1331 3566 1555 3637 φέρεται
1580 3607 1595 3632 ,
1640 3567 1716 3631 ὼς
1751 3566 1966 3637 ἰχθύων,

394 3655 515 3724 οὐχὶ
548 3650 848 3722 ἀνθρώπων
888 3648 1312 3721 πεπληρωμένη.
1344 3649 1514 3704 Τοῦτο
1551 3650 1647 3703 καὶ
1684 3652 1713 3703 6
1739 3650 1970 3721 Χριστὸς

394 3735 566 3807 δηλοῖ,
599 3735 681 3787 ὅτι
715 3733 957 3788 θάλασσα
977 3734 1005 3784 6
1032 3731 1219 3803 παρὼν
1248 3732 1364 3804 βίος
1390 3733 1555 3795 ἐστὶν,
1587 3735 1644 3785 ὲν
1665 3731 1741 3802 τῷ
1767 3732 1967 3799 λέγειν·

409 3816 687 3888 Ὡμοιώθη
719 3817 757 3885 η
778 3816 1066 3880 ,ϐασιλεία
1086 3815 1203 3868 τῶν
1232 3814 1507 3885 οὐρανῶν
1539 3813 1782 3884 σαγήνῃ
1811 3816 1972 3882 βλη-

396 3902 568 3970 θείσῃ
602 3902 689 3965 εις
722 3899 838 3967 τὴν
874 3898 1214 3961 θάλασσαν,
1243 3900 1340 3953 καὶ
1384 3899 1453 3952 ἐκ
1491 3897 1717 3963 παντὸς
1758 3898 1973 3967 γένους

396 3984 774 4052 συναγούση.
799 3982 911 4035 Kal
952 3981 1103 4047 ἰδοὺ,
1152 3982 1287 4053 φησὶ
1310 4021 1325 4045 ,
1354 3984 1409 4035 al
1442 3981 1735 4050 τέσσαρες
1766 3980 1973 4051 ἄνεμοι

396 4066 502 4121 τοῦ
538 4064 796 4133 οὐρανοῦ
818 4064 1239 4133 προσέϐαλλον
1266 4067 1353 4131 εἰς
1382 4063 1496 4133 τὴν
1516 4063 1839 4122 θάλασσαν
1858 4063 1972 4133 τὴν

396 4148 685 4220 μεγάλην.
726 4148 887 4220 Δηλοῖ
922 4148 1002 4201 ὅτι
1032 4147 1240 4201 ἐκεῖθεν
1261 4147 1331 4201 τὰ
1355 4146 1539 4219 θηρία,
1571 4147 1712 4220 [καὶ]
1749 4148 1809 4201 τὸ
1832 4147 1969 4219 ταχὺ

395 4235 493 4306 τῆς
517 4233 607 4287 τοῦ
639 4231 773 4285 Θεοῦ
804 4232 1078 4301 προνοίας.
1135 4232 1245 4285 Καὶ
1288 4234 1394 4305 γάρ
1437 4235 1598 4304 ἡμεῖς
1630 4234 1723 4285 ἐπὶ
1750 4231 1849 4302 τῆς
1876 4248 1973 4286 1a.-

394 4317 627 4388 χυτῆτος
657 4315 782 4379 τοὺς
819 4315 1056 4385 ἀνέμους
1088 4316 1410 4387 παράγομεν
1438 4320 1517 4380 είς
1552 4318 1731 4388 μέσον.
1751 4315 1971 4369 Ἐνέπε-

396 4416 497 4452 σαν
545 4401 624 4460 είς
652 4398 749 4470 τὴν
792 4397 1097 4452 Θάλασσαν·
1152 4400 1245 4451 καὶ
1289 4399 1467 4463 ἀνέδυ,
1512 4401 1664 4471 φησὶ,
1708 4398 1777 4453 τὰ
1811 4398 1973 4470 θηρία

395 4480 508 4555 ἀτεδ
552 4480 650 4550 τῆς
702 4479 995 4548 θαλάσσης.
1030 4480 1142 4533 Καὶ
1184 4480 1292 4550 γὰρ
1336 4480 1445 4532 ἀπὸ
1484 4482 1583 4551 τῆς
1627 4481 1843 4550 φύσεως
1874 4483 1972 4550 τῆς

395 4562 668 4634 ἡμετέρας
699 4564 748 4614 οί
802 4563 1061 4632 ἄρχοντες
1093 4560 1267 4631 ἡμῶν.
1304 4560 1463 4615 Οὕτω
1496 4564 1588 4616 κα)⁸
1618 4564 1710 4616 16v
1749 4564 1972 4634 βασιλέα

395 4646 585 4700 λέοντα
626 4645 780 4700 καλεῖ
816 4645 1109 4710 πολλάκις,
1155 4645 1217 4698 16
1261 4644 1532 4716 βασιλικὸν
1560 4647 1695 4718 ὁμοῦ
1740 4649 1835 4701 καὶ
1869 4648 1970 4720 θη-

398 4739 589 4812 ριιῖιδες
616 4738 783 4804 δεῖξαι
828 4736 1167 4809 βουλόμενος.
1196 4737 1270 4790 Ἦ
1301 4735 1489 4807 ἐπειδὴ
1522 4738 1550 4788 6
1585 4737 1681 4808 μὲν
1714 4737 1960 4791 ἀνατολι-

395 4823 654 4894 κώτερος,
685 4824 714 4875 6
738 4822 794 4875 δὲ
824 4821 883 4888 ἐξ
912 4822 1136 4892 ἄρκτου,
1164 4822 1193 4875 6
1224 4820 1279 4875 δὲ
1302 4821 1411 4874 ἀπὸ
1435 4822 1606 4874 νότου.
1626 4821 1712 4884 Ὠς
1734 4820 1800 4875 ἂν
1828 4822 1970 4875 εῐποι

395 4924 497 4969 τις.
522 4907 915 4982 Ἀνέτρεψετὴν
932 4906 1221 4971 θάλασσαν,
1260 4908 1276 4923 ⁸
1300 4904 1633 4973 ἁνετάραξαν
1663 4908 1730 4958 ἐκ
1754 4904 1848 4959 τοῦ
1876 4906 1969 4959 ού-

400 4987 560 5058 ρανοῦ
660 4989 1019 5058 Διαφέροντα
1064 4988 1370 5055 ἀλλήλων.
1427 4987 1500 5041 T6
1541 4988 1775 5056 πρῶτον
1827 4990 1971 5043 ὡσεὶ

394 5068 628 5126 λέαινα.
654 5072 919 5139 Καθάπερ
952 5074 1006 5126 ὲν
1035 5071 1228 5143 ὀνείρῳ
1247 5087 1261 5100 ·
1302 5071 1364 5123 οὑ
1392 5070 1499 5140 γὰρ
1523 5070 1663 5141 αὕτη
1692 5071 1802 5123 τῶν
1836 5089 1971 5143 πρα-

394 5152 621 5221 γμάτων
646 5153 678 5221 ὴ
716 5152 877 5221 φύσις
908 5148 996 5223 ἦν.
1027 5153 1124 5206 Διά
1162 5153 1254 5205 δύο
1285 5152 1563 5222 συμϐόλων
1592 5153 1652 5205 τὸ
1692 5153 1970 5223 βασιλικὸν

396 5232 747 5288 ἐνδείκνυται.
779 5234 935 5297 Τινὲς
958 5235 1015 5289 δέ
1046 5252 1229 5304 φασιν,
1254 5235 1336 5288 ὅτι
1369 5235 1461 5288 τὸν
1494 5235 1777 5305 Ἀσσύριον
1800 5238 1968 5308 ἐκρά-

394 5333 555 5389 τησε,
604 5317 692 5371 διά
718 5317 875 5371 τοῦτο
908 5318 1020 5372 δύο.
1050 5318 1160 5371 Kal
1207 5317 1499 5386 ἐθεώρουν
1529 5318 1639 5384 ἕως
1675 5315 1746 5374 οὗ
1782 5320 1969 5384 ἐξετί-

395 5404 583 5455 λαντο
612 5400 686 5455 τὰ
715 5404 900 5471 πτερὰ
920 5400 1127 5470 αὐτῆς,
1157 5403 1459 5475 τουτέστιή
1485 5403 1658 5475 ἀρχὴ.
1691 5405 1787 5459 καί
1818 5404 1969 5474 ἤρθη

457 5666 483 5730 f
506 5664 692 5730 Deessg
714 5666 918 5730 conﬁcio
936 5666 1208 5730 ἀσώματον.

465 5726 490 5766 1³
506 5729 582 5776 An
599 5725 819 5787 ἁπάσαςῖ

1079 307 1137 362 S.
1178 300 1459 361 JOANNIS
1496 296 1983 361 CIIBYSOSTOMI
2025 292 2342 358 ARCHIEP.
2386 292 2933 359 CONSTANTINOP.

2071 419 2188 473 άπὸ
2220 415 2327 485 τῆς
2359 415 2490 489 τῆς,
2533 416 2629 470 καὶ
2658 416 2753 469 ἐπὶ
2798 414 3001 469 ποδῶν
3031 413 3344 483 ἀνθρώπου
3372 411 3607 482 ἐστάθη
3634 433 3651 447 ο

2070 504 2167 555 καὶ
2198 502 2411 570 καρδία
2441 498 2754 568 ἀνθρώπου
2775 499 2951 566 ἐδόθη
2980 496 3153 565 αὐτῇ.
3171 498 3373 569 Γοργὸν
3400 498 3460 551 16
3481 498 3651 562 ζῶον.

2080 585 2449 657 Ἐκατέρωθεν
2491 579 2604 653 εἶχε
2629 584 2727 653 τὴν
2763 583 2914 652 ἰσχὺν
2944 582 3264 652 ταχυτῆτος,
3291 580 3496 635 ἄνευθεν
3545 582 3653 651 μὲν

2069 668 2177 721 ἀπὸ
2222 667 2329 720 τῶν
2372 665 2608 736 πτερῶν,
2651 664 2896 719 κάτωθεν
2918 664 2975 717 δὲ
3007 665 3116 717 ἀπὸ
3140 664 3249 716 τῶν
3282 663 3488 717 ποδῶν·
3526 664 3651 717 ἀλλ’

2069 751 2307 821 ἑκατέρα
2331 752 2365 821 ἡ
2393 749 2625 821 ταχυτὴς
2646 746 2908 820 ἀνῃρέθη,
2937 747 3161 801 ἐκείνων
3184 747 3282 818 μὲν
3309 746 3651 801 δκταλέντων

2070 836 2150 903 (ί.
2184 834 2354 889 ἐκτιλ.
2379 833 2397 904 )
2422 873 2439 898 ,
2491 834 2586 888 καὶ
2626 834 2758 905 μηδὲ
2794 832 3067 902 φανέντων
3098 832 3313 895 λοιπὸν,
3356 830 3560 886 τούτων
3589 833 3653 886 δὲ

2072 918 2486 991 μεταπεσόντων
2517 919 2612 971 ἐπὶ
2641 918 2768 981 τοὺς
2800 914 3241 983 ἀσθενεστέρους,
3275 914 3401 993 τοὺς
3426 913 3651 986 ἀνθρὼ-

2069 1012 2268 1064 πουςσ.
2311 1000 2422 1055 Kal
2448 1000 2658 1068 καρδία
2688 997 3002 1067 ἀνθρώπου
3037 997 3214 1075 ἐδόθη
3258 996 3431 1065 αὐτῇ.
3472 997 3654 1051 Τοῦτο

2071 1081 2180 1152 γὰρ
2207 1084 2266 1135 ὲν
2295 1081 2487 1153 ἐκείνῳ
2519 1080 2597 1151 τῷ
2624 1079 2769 1152 ζώῳ,
2813 1079 2875 1133 16
2902 1080 3126 1152 γαῦρον.
3176 1080 3459 1143 Ταπεινὺς,
3488 1079 3651 1150 φησι,

2067 1167 2292 1236 ἥμερος,
2323 1164 2609 1236 χειροήθης
2634 1166 2848 1233 ἐγένετο
2878 1166 2907 1218 6
2931 1154 3202 1235 βασιλεύς.
3231 1164 3340 1219 Καὶ
3374 1164 3500 1219 ίδοὺ
3538 1167 3653 1232 θη-

2060 1249 2199 1317 ρίον
2220 1248 2423 1319 ἕτερον
2446 1246 2649 1315 ὅμοιον
2669 1247 2848 1316 άρκῳ,
2874 1247 2972 1300 καὶ
2996 1249 3082 1313 εὶς
3110 1247 3286 1317 μέρος
3306 1246 3375 1300 ἐν
3393 1246 3652 1312 ἐστάθη,

2069 1332 2166 1386 καὶ
2192 1332 2321 1400 τριά
2350 1330 2580 1399 πλευρὰ
2604 1331 2673 1384 ἐν
2711 1329 2789 1396 τῷ
2816 1331 3065 1400 στόματι
3091 1329 3281 1397 αὐτῆς
3302 1328 3419 1384 ἀνὰ
3442 1328 3654 1399 μέσον

2067 1415 2187 1469 τῶν
2228 1415 2490 1469 ὀδόντων
2529 1413 2737 1481 αὐτῆς.
2785 1412 2896 1468 Kal
2957 1413 3144 1479 οὕτως
3188 1413 3401 1480 ἔλεγον
3449 1409 3649 1479 αὑτῇ⁶

2083 1497 2416 1564 Ἀνάστηθι,
2442 1495 2591 1565 φάγε
2615 1495 2847 1564 σάρκας
2870 1495 3124 1561 πολλάς.
3144 1496 3267 1548 Ἐπὶ
3290 1495 3399 1548 τῶν
3415 1495 3651 1558 Περσῶν

2068 1581 2283 1650 ἐγένετο
2319 1579 2379 1632 τὸ
2417 1579 2583 1650 βραδὺ
2606 1578 2715 1632 τῶν
2743 1577 3063 1645 ἀνθρώπων.
3111 1578 3234 1632 Ἐπὶ
3261 1577 3459 1648 Μήδων
3487 1574 3647 1647 [238]

2068 1664 2160 1715 καὶ
2186 1660 2410 1733 Περσῶν
2437 1661 2565 1732 τρία
2593 1660 2823 1733 πλευρά,
2864 1662 2983 1732 ἢτοι
3005 1661 3225 1725 τόπους,
3256 1660 3291 1730 ἢ
3340 1660 3438 1722 τὰς
3483 1660 3651 1731 βασιι

2065 1744 2214 1809 λείας
2236 1786 2251 1810 ,
2303 1744 2370 1809 ἃς
2438 1743 2697 1799 συνεῖλεν.
2745 1746 2993 1813 Ἕλενον
3038 1742 3200 1809 αὐτῷ
3222 1760 3237 1775 ·
3296 1742 3647 1809 Ἀνάστηθι,

2066 1829 2218 1897 φάγε
2245 1826 2476 1901 σάρκας
2508 1824 2766 1892 πολλάς.
2807 1819 2965 1879 Οὗτοι
2998 1824 3105 1897 γὰρ
3137 1820 3282 1879 εἷλον
3329 1826 3424 1879 καὶ
3465 1825 3649 1878 Βαϐυ-

2066 1910 2229 1974 λῶνα,
2262 1909 2477 1973 καὶτὰς
2501 1908 2699 1973 πολλὰς
2720 1909 3040 1979 εἰργάσαντο
3075 1908 3381 1979 συμφοράς.
3423 1907 3649 1962 Ὀπίσω

2066 1994 2282 2047 τούτου
2310 1991 2632 2061 ἐθεώρουν·
2679 1990 2779 2045 καί
2813 1990 2941 2045 ιδοὺ
2988 1990 3193 2059 ἕτερον
3231 1991 3458 2060 θηρίον,
3494 1990 3646 2043 ὡσεί

2067 2074 2394 2143 πάρδαλις·
2439 2072 2539 2130 καί
2590 2066 2747 2142 αὐτῇ
2798 2074 2983 2141 πτερὰ
3049 2072 3317 2142 τέσσαρα
3366 2068 3647 2127 πετεινοῦ

2066 2157 2343 2227 ὑπεράνω
2367 2157 2578 2224 αὐτῆς,
2606 2157 2703 2210 καί
2731 2156 3022 2226 τέσσαρες
3044 2157 3299 2226 κεφαλαὶ
3330 2155 3409 2221 τῷ
3432 2157 3643 2224 θηρίῳ·

2068 2242 2163 2295 καί
2198 2241 2451 2305 ἐξουσία
2485 2237 2661 2307 ἐδόθη
2691 2238 2869 2304 αὐτῷ.
2911 2236 3076 2303 Εἷτα,
3114 2240 3275 2310 φησὶ,
3308 2238 3645 2307 πάρδαλις·

2081 2323 2425 2395 Ἀλέξανδρος
2452 2325 2481 2376 ό
2517 2323 2624 2377 τῶν
2657 2322 2977 2377 Μακεδόνων
3012 2322 3278 2393 βασιλεὺς,
3319 2325 3500 2376 πᾶσαν
3526 2324 3646 2375 δια-

2068 2408 2208 2472 πτὰς
2236 2408 2333 2479 τὴν
2363 2407 2706 2478 οἰκουμένην.
2734 2406 2898 2460 Οὐδὲν
2928 2406 3035 2479 γὰρ
3067 2407 3255 2460 τούτου
3287 2405 3644 2478 γοργότερον,

2067 2491 2187 2543 οὐδὲ
2211 2489 2461 2560 ὀξύτερον
2486 2489 2725 2559 γέγονεν,
2755 2489 2889 2543 ἀλλὰ
2918 2489 3145 2559 σφοδρός
3176 2500 3260 2553 τις
3286 2484 3355 2560 ἦν
3376 2486 3470 2541 καὶ
3490 2487 3642 2554 ὀξὺς,

2068 2574 2323 2643 καθάπερ
2349 2572 2504 2626 τοῦτο
2546 2573 2607 2626 16
2643 2572 2848 2645 θηρίον.
2904 2573 3195 2640 Τέσσαρα,
3248 2572 3403 2642 φησὶ,
3453 2570 3646 2638 πτερὰ

2069 2658 2341 2712 πετεινοῦ
2361 2657 2634 2724 ὑπεράνω
2656 2655 2866 2724 αὐτῆς.
2892 2656 3201 2720 Τουτέστιν,
3230 2656 3448 2710 ἅπασαν
3473 2669 3648 2725 προσ-

2070 2741 2227 2794 έλαϐε
2256 2741 2355 2810 τὴν
2391 2740 2561 2810 ἰσχύν.
2604 2740 2819 2810 Πέρσας
2865 2739 2973 2810 γὰρ
3023 2738 3101 2804 εἰς
3137 2739 3267 2794 δέκα
3305 2740 3454 2810 τρεῖς
3496 2737 3650 2807 βασι·

2068 2824 2216 2887 λείας
2238 2822 2487 2886 διελὼνά,
2522 2823 2766 2886 ἅπαντας
2791 2822 3142 2894 ἐχειρώσατο.
3165 2821 3318 2886 Εἶδες
3346 2819 3514 2875 αὑτοῦ
3541 2821 3647 2889 τὴν

2067 2908 2375 2977 ταχυτῆτας
2403 2906 2514 2959 Καὶ
2541 2904 2647 2958 ἀπὸ
2673 2908 2771 2975 τῆς
2812 2904 3024 2974 φύσεως
3052 2905 3145 2959 τοῦ
3177 2904 3386 2976 θηρίου,
3414 2904 3511 2957 καὶ
3534 2904 3649 2957 ἀπὸ

2068 2990 2175 3042 τῶν
2220 2988 2453 3060 πτερῶν.
2502 2989 2690 3042 Πᾶσαν
2723 2988 2976 3059 διέδραμε
3008 2988 3105 3059 τὴν
3147 2986 3491 3059 οἰκουμένην.
3529 2985 3651 3039 Kal

2069 3072 2321 3140 κεφαλαὶ
2344 3109 2359 3133 ,
2396 3071 2558 3140 φησὶ,
2601 3069 2894 3140 τέσσαρες
2928 3068 3008 3136 τῷ
3030 3071 3225 3139 θηρίῳ.
3260 3069 3368 3126 Kal
3394 3070 3432 3136 ἡ
3460 3070 3651 3133 ,βασι-

2068 3155 2203 3209 λεία
2239 3154 2337 3208 καὶ
2376 3155 2414 3221 ἡ
2458 3153 2708 3218 ἐξουσία
2751 3154 2927 3221 ἐδόθη
2957 3151 3136 3219 αὐτῷ.
3171 3151 3308 3212 Et“
3337 3152 3482 3220 λέγει
3512 3150 3655 3205 ταύ-

2069 3254 2167 3307 της
2189 3248 2212 3276 ε
2256 3237 2352 3306 τὴν
2376 3237 2699 3308 παρουσίαν,
2734 3239 2832 3307 τὴν
2868 3234 3119 3306 ποικίλην
3153 3237 3248 3290 καὶ
3292 3236 3610 3306 παντοδαπῆ
3633 3275 3650 3298 ,

2070 3321 2163 3372 καὶ
2195 3320 2295 3372 οὐκ
2326 3319 2434 3389 ἔχει
2464 3319 2645 3373 εἰκόνα
2675 3311 2881 3387 εἰπεῖν·
2914 3319 3084 3383 οὕτως
3128 3318 3447 3384 ὲξαλλάττον
3488 3335 3541 3371 τι
3586 3315 3655 3371 16

2071 3403 2258 3474 θηρίον
2284 3399 2371 3475 ἦν.
2402 3404 2586 3468 Ιίάσας
2612 3402 2717 3474 γὰρ
2749 3404 2962 3466 ὲκείνας
2988 3398 3223 3472 ἐνίκησε.
3256 3402 3388 3465 Ταῖς
3422 3399 3519 3472 μὲν
3551 3401 3654 3455 ἄλ-

2069 3487 2208 3554 λαις,
2238 3487 2346 3540 ἀπὸ
2375 3486 2465 3539 τοῦ
2497 3488 2691 3556 τάχους
2722 3482 2789 3557 ἦν
2818 3489 2851 3557 ἡ
2882 3485 3033 3556 ἰσχύς
3053 3502 3067 3517 ·
3100 3485 3291 3539 τούτου
3315 3486 3370 3538 δὲ
3391 3484 3500 3538 ἀπὸ
3530 3485 3655 3536 τῶν

2069 3570 2327 3624 ὀδόντων·
2367 3570 2575 3639 σιδηροῖ
2620 3571 2777 3640 ἦσαν.
2809 3570 2918 3623 Kal
2945 3568 3017 3622 τὰ
3055 3569 3339 3622 ἐπίλοιπα
3372 3566 3497 3632 τοῖς
3535 3581 3656 3621 πο·

2069 3656 2175 3708 σίν
2194 3653 2379 3708 αὑτοῦ
2400 3652 2745 3707 συνεπάτει.
2769 3653 2905 3716 Τοὺς
2932 3652 3156 3716 πολλοὺς
3178 3652 3323 3720 λέγει
3348 3651 3653 3719 πολέμους.
3712 3646 3713 3655 “

2071 3737 2226 3800 Τίνες
2252 3737 2301 3789 οἱ
2335 3735 2465 3789 δέκα
2497 3734 2762 3805 βασιλεῖςς
2791 3736 2844 3788 τί
2870 3736 2930 3789 τὸ
2961 3735 3154 3805 μικρὸν
3173 3734 3337 3805 κέρας
3357 3752 3372 3799 ς
3390 3732 3532 3801 Ἐγὼ
3556 3734 3658 3787 τὸν

2084 3818 2445 3892 Ἀντίχριστόν
2498 3836 2637 3889 φημι
2694 3818 2894 3890 μεταξύ
2942 3836 3102 3872 τινων
3159 3816 3443 3887 φαίνεσθαι
3489 3816 3658 3885 βασι-

2072 3904 2227 3957 λέων.
2258 3902 2365 3956 Kal
2387 3901 2701 3971 ὀφθαλμοὶ,
2723 3902 2801 3967 ὡς
2827 3900 3117 3970 ὀφθαλμοὶ
3137 3900 3449 3969 ἀνθρώπου
3474 3901 3544 3953 ἐν
3568 3900 3659 3964 τῷ

2073 3986 2270 4053 κέρατι
2294 3986 2503 4051 τούτῳ,
2530 3983 2629 4037 καὶ
2669 3985 2863 4052 στόμα
2898 3982 3135 4038 λαλοῦν
3151 3985 3403 4052 μεγάλα.
3436 3982 3502 4035 Τί
3533 3984 3657 4054 γὰρ

2073 4070 2282 4123 ἐκείνου
2328 4069 2423 4122 τοῦ
2471 4068 2738 4138 στόματος
2780 4067 2962 4137 μεῖζον
3000 4061 3199 4135 γένοιτ’
3235 4065 3301 4121 ἂν
3329 4067 3422 4119 τοῦ
3454 4062 3655 4133 λέγονο

2072 4170 2196 4217 τος,
2262 4151 2393 4206 Ἐπὶ
2450 4149 2647 4204 πάντα
2691 4150 3018 4220 λεγόμενον
3081 4150 3221 4205 θεὸν
3262 4149 3300 4219 ἢ
3345 4149 3655 4218 σέϐασμα,
3708 4172 3709 4179 η

2073 4235 2231 4290 ὣστε
2266 4233 2455 4289 αὑτὸν
2475 4235 2562 4298 είς
2587 4233 2694 4287 τὸν
2724 4229 2873 4287 ναὸν
2895 4230 3001 4286 τοῦ
3028 4233 3174 4288 Θεοῦ
3193 4233 3465 4295 καθίσαις
3494 4233 3555 4285 Εξ
3598 4234 3659 4286 δὲ
3706 4294 3707 4301 η

2074 4318 2344 4388 ὀφθαλμοὶ
2378 4315 2689 4388 ἀνθρώπου,
2731 4315 2805 4386 μὴ
2833 4314 3119 4389 θαυμάσῃς
3137 4330 3152 4347 ·
3180 4315 3401 4386 καὶγὰρ
3421 4314 3661 4369 τοιαῦτα

2078 4386 2394 4471 φθέγγεται.
2426 4386 2557 4452 ’Ᾱνθ
2570 4398 2748 4469 ρωπός
2778 4399 2915 4463 ἐστι,
2941 4386 3093 4468 φησί.
3128 4398 3227 4451 Διὰ
3252 4395 3306 4450 τί
3345 4398 3401 4451 δὲ
3427 4399 3658 4468 μικρὸν,
3706 4386 3707 4399 “

2073 4483 2168 4536 καὶ
2200 4482 2300 4535 οὐκ
2328 4479 2389 4545 ἐξ
2424 4480 2604 4553 ἀρχῆς
2635 4481 2777 4551 μέγα
2806 4481 3087 4549 φαίνεται;
3120 4480 3259 4533 Ἀλλ’
3294 4480 3520 4549 ὕστερον
3547 4482 3660 4533 αὑ-

2076 4564 2405 4635 ξηθήσεται,
2457 4564 2553 4618 καὶ
2586 4564 2848 4635 κρατήσει
2893 4564 3058 4619 τινῶν
3089 4563 3368 4635 βασιλέων.
3415 4563 3481 4615 Τί
3514 4558 3659 4630 οὗν;
3704 4556 3705 4581 ‘

2074 4648 2269 4701 Οὐκέτι
2299 4646 2543 4717 βασιλεία
2560 4646 2865 4715 διαδέχεται
2882 4646 3090 4711 τοῦτον,
3115 4646 3229 4700 ἀλλ’
3253 4646 3417 4708 αὐτὸς
3453 4647 3482 4699 6
3514 4646 3662 4707 Θεὸς
3703 4636 3705 4685 ί

2074 4728 2351 4784 καταλύει.
2413 4729 2768 4798 Ἐθεώρουν,
2813 4730 2925 4795 ἓως
2964 4725 3038 4785 οὗ
3093 4730 3291 4797 θρόνοι
3328 4728 3663 4795 ἐτέθησαν,
3700 4726 3703 4767 ⁴

2074 4812 2176 4867 καί
2200 4814 2466 4879 Παλαιὸς
2507 4812 2743 4882 ἡμερῶν
2769 4813 3025 4883 ἐκάθητο
3042 4831 3055 4846 ·
3081 4814 3177 4867 καὶ
3204 4812 3270 4865 τὸ
3292 4810 3521 4881 ἔνδυμα
3541 4814 3664 4866 αὑ-
3700 4820 3703 4875 1

2073 4897 2179 4951 τοῦ
2228 4896 2455 4950 λευκὸν
2482 4895 2623 4949 ὡσεὶ
2655 4893 2832 4964 χιών·
2860 4895 2958 4949 καὶ
2991 4896 3031 4963 ή
3078 4894 3207 4963 θρίξ
3233 4892 3344 4963 τῆς
3376 4893 3665 4962 κεφαλῆς

2072 4979 2258 5034 αὐτοῦ
2286 4979 2427 5033 ὡσεὶ
2448 4978 2612 5047 ἔριον
2645 4980 2906 5047 καθαρόν
2925 4996 2941 5013 ·
2970 4983 3004 5033 ό
3024 4982 3235 5047 θρόνος
3265 4978 3450 5033 αὐτοῦ
3486 4979 3660 5047 φλὸξ

2072 5064 2300 5132 πυρός·
2354 5064 2409 5116 οί
2464 5061 2665 5133 τροχοί
2700 5062 2886 5117 αὐτοῦ
2923 5057 3046 5132 πῦρ
3086 5062 3332 5133 φλέγον.
3374 5061 3661 5130 Πααμός

2138 5308 2160 5371 ς
2182 5302 2477 5371 Verisimilis
2494 5305 2770 5371 emendatio
2780 5308 3108 5371 ἀνθρωπείως,
3120 5309 3196 5371 yel
3211 5307 3657 5371 ρουυεάνθρώπου.

2132 5368 2159 5407 ιι
2185 5368 2379 5430 Διελὼν.
2406 5366 2508 5430 Imp
2530 5368 2823 5430 διῃρημένοις.
2851 5366 2938 5418 Πιε
2959 5366 3099 5418 enim
3117 5366 3334 5419 Persidis
3359 5371 3407 5417 in
3442 5366 3653 5418 Provin-

2071 5433 2171 5497 gjps
2213 5429 2386 5497 d_ivisio
2425 5428 2709 5497 Megariqu
2742 5433 2910 5497 Amulio
2959 5434 3336 5497 osi_an_tiqoior.
3378 5430 3658 5497 Xenophon

2072 5488 2390 5553 Historiarum
2414 5489 2492 5553 _d_e
2518 5488 2850 5553 _lnslilutione
2874 5490 2984 5549 Cyri
3025 5492 3107 5543 lib.
3134 5493 3151 5541 1
3189 5488 3210 5540 ἶ
3227 5493 3414 5542 δώδεκα
3451 5488 3542 5553 γὰρ
3570 5493 3659 5541 καὶ

2070 5554 2271 5617 Περσῶν
2290 5551 2429 5617 φυλαὶ
2455 5551 2718 5617 διῄρηνται.
2749 5555 3025 5617 Herodotus
3057 5557 3104 5603 in
3130 5556 3295 5605 Thalia
3326 5572 3340 5611 ;
3363 5551 3661 5617 ἀρχὰςκατο

2073 5613 2589 5687 εστήσατοςιοηυίιυι·
2626 5614 2704 5687 de_
2736 5617 2880 5666 Dario
2904 5616 3157 5679 Hystaspis
3196 5618 3317 5677 ﬁlio)
3356 5613 3534 5676 εἰκόσι,
3569 5618 3665 5675 τὰς

2074 5675 2210 5737 αὑτοὶῄ
2222 5674 2448 5737 ,καλέουσι
2471 5676 2778 5737 σατραπηίας.

2148 5748 2170 5774 e
2201 5733 2470 5795 Sequcnlia
2486 5733 2749 5788 osi'endum
2773 5738 3104 5803 reponendum
3141 5752 3252 5789 esse
3281 5740 3520 5800 τετάρτης.
