3724 6272
24 267 112 322 £9

28 382 229 436 ruebant
257 377 316 431 in
349 392 499 432 mare
528 391 795 447 magnum.
822 377 873 431 5.
897 376 963 431 Et
982 384 1210 447 quatuor
1238 373 1422 429 bestia:
1446 389 1602 442 gran-

30 474 101 525 des
124 469 502 523 ascendebant.
529 469 595 523 de
620 470 774 534 mari,
802 468 1028 523 diversa:
1062 467 1201 521 inter
1226 483 1306 522 se.
1338 467 1391 520 4.
1427 466 1603 521 Prima

26 561 189 617 similis
219 559 455 625 leaenae,
483 568 538 615 et
564 559 662 614 alte
687 559 802 628 ejus
824 560 967 614 velut
993 559 1092 613 ala:
1120 558 1328 628 aquilae.
1361 557 1604 628 Aspicie-

26 657 123 710 ham
145 694 160 717 ,
186 651 381 709 donec
408 653 606 707 evulsa:
631 660 755 706 sunt
778 652 878 706 ala:
915 651 1071 721 ejus:
1111 652 1175 706 et
1199 650 1404 705 sublata
1431 649 1603 706 estde

25 757 158 807 terra,
211 751 275 797 et
332 745 390 798 in
434 742 658 813 pedibus
696 742 926 796 hominis
961 741 1129 808 stetit,
1172 750 1227 795 et
1250 755 1345 795 cor
1370 739 1604 796 hominis

19 841 175 893 datum
203 846 297 892 est
326 839 402 893 ei.
431 839 485 892 5.
522 838 589 892 Et
614 851 740 891 ecce
768 835 938 890 bestia
978 835 1082 889 alia
1131 833 1320 888 similis
1363 847 1522 899 urso,
1547 840 1603 888 et

20 937 58 989 in
83 943 285 1004 partem
321 947 486 987 unam
512 931 678 995 stetit,
701 938 755 985 et
784 929 883 984 tria
913 928 1077 982 latera
1106 927 1159 981 in
1183 942 1276 982 ore
1301 927 1437 997 ejus,
1462 927 1603 981 inter

18 1028 181 1081 dentes
212 1024 421 1094 ipsius.
452 1025 521 1080 Et
542 1024 621 1080 sic
637 1022 883 1087 dicebant
908 1021 958 1076 ei
987 1040 1001 1075 :
1032 1020 1219 1091 Surge,
1238 1020 1459 1077 comede
1485 1034 1602 1074 car-

18 1132 95 1170 nes
118 1116 351 1170 multas.
383 1114 439 1170 6.
472 1115 598 1170 Post
626 1114 725 1168 hoc
749 1111 1073 1182 aspiciebam
1095 1153 1111 1179 ,
1142 1120 1199 1166 et
1234 1125 1360 1166 ecce
1383 1111 1485 1165 alia
1506 1110 1601 1165 be-

16 1210 97 1261 stia
126 1216 417 1277 tamquam
449 1206 682 1277 pardalis
710 1223 724 1259 :
749 1214 803 1260 et
830 1205 929 1274 ipsi
971 1204 1070 1259 alte
1108 1212 1333 1274 quatuor
1364 1205 1599 1258 volucris

16 1313 157 1363 super
179 1312 311 1351 eam
334 1338 352 1360 ,
380 1305 439 1351 et
460 1306 687 1368 quatuor
710 1295 883 1366 capita
913 1295 1117 1360 bestiae,
1146 1303 1200 1348 et
1223 1304 1455 1365 potestas
1475 1295 1597 1350 data

16 1401 85 1442 cst
109 1389 203 1442 illi.
246 1389 309 1442 7.
348 1389 478 1443 Post
508 1389 607 1443 hoc
646 1386 965 1457 aspiciebam
995 1386 1049 1439 in
1075 1385 1280 1440 visione
1308 1386 1482 1440 noctis
1503 1427 1518 1449 ,
1544 1395 1598 1439 et

17 1496 123 1535 erce
159 1480 343 1535 bestia
388 1490 596 1551 quarta,
634 1478 902 1545 terribilis,
929 1487 983 1532 et
1024 1476 1280 1547 stupenda
1304 1516 1321 1542 ,
1353 1485 1406 1530 et
1445 1475 1597 1531 fortis

16 1574 156 1627 nimis
188 1590 203 1627 :
246 1581 309 1628 et
352 1573 543 1628 dentes
567 1572 681 1641 ejus
707 1570 863 1625 ferrei
914 1578 969 1624 et
994 1570 1170 1640 magni
1195 1584 1211 1634 ;
1235 1568 1522 1623 comedens
1543 1576 1597 1623 et

16 1664 379 1719 minminuens
414 1680 430 1728 ;
462 1672 517 1718 et
555 1662 763 1731 reliqua
805 1660 1027 1731 pedibus
1062 1659 1173 1714 suis
1197 1659 1547 1714 conculcabat
1577 1677 1591 1713 :

16 1767 64 1810 et
88 1758 194 1825 ipsa
228 1757 456 1812 diversa
486 1755 639 1811 valde
679 1769 787 1825 pra:
812 1753 1060 1808 omnibus
1086 1751 1275 1807 bestiis
1311 1767 1430 1823 qua:
1471 1761 1595 1807 ante

15 1863 116 1900 eam
140 1866 153 1900 :
184 1859 240 1901 et
270 1861 483 1902 cornua
503 1845 619 1916 ejus
651 1845 856 1900 decem.
882 1844 935 1899 8.
955 1842 1367 1899 Considerabam
1392 1858 1593 1899 cornua

15 1940 195 2006 ejus,et
224 1954 366 1994 ecce
395 1953 565 1993 cornu
605 1936 748 1992 aliud
784 1950 1003 2006 parvum
1045 1933 1367 1989 ascendebat
1394 1935 1445 1989 in
1475 1949 1590 1990 me-

15 2027 89 2080 dio
115 2044 334 2095 eorum,
358 2037 415 2084 et
436 2028 533 2082 tria
559 2042 756 2083 cornua
783 2027 919 2096 ejus,
948 2026 1017 2081 de
1040 2025 1104 2080 iis
1131 2040 1250 2096 qua:
1269 2034 1444 2091 antea,
1468 2039 1589 2080 era-

16 2120 164 2175 dicata
202 2130 340 2176 sunt
369 2137 402 2176 a
428 2120 559 2176 facie
585 2120 720 2191 ejus.
768 2118 836 2173 Et
880 2133 1008 2174 ecce
1053 2118 1213 2183 oculi,
1254 2117 1406 2188 quasi
1451 2117 1590 2172 oculi

15 2212 227 2268 hominis
260 2217 321 2269 in
352 2229 519 2269 cornu
549 2214 685 2278 isto,
726 2221 780 2267 et
804 2226 867 2268 os
893 2211 1119 2281 loquens
1147 2209 1387 2281 grandia.
1429 2228 1449 2262 ι
1483 2210 1591 2264 Cur

15 2322 98 2361 non
142 2308 283 2362 dixit
334 2323 394 2363 se
422 2307 619 2362 vidisse
661 2305 957 2361 mulieres?
982 2306 1051 2359 At
1078 2303 1292 2374 quidem
1321 2317 1440 2358 cum
1471 2317 1587 2372 pte-

15 2415 116 2453 nam
157 2410 216 2454 et
258 2398 701 2455 maledictionem
743 2396 981 2467 oportuit
1022 2395 1298 2459 exhibere,
1336 2394 1588 2450 mulieres

15 2491 213 2545 adduxit
238 2492 525 2561 Scriptura
554 2509 567 2544 :
598 2504 719 2544 cum
750 2498 927 2543 autem
953 2502 1119 2558 regna
1146 2485 1466 2556 exprimere,
1490 2485 1586 2540 be-

15 2587 122 2639 stias
146 2584 397 2654 protulit.
422 2584 739 2653 lncorporea
767 2596 857 2637 res
885 2591 967 2636 est
992 2594 1241 2651 regnum:
1267 2594 1460 2648 corpus
1487 2578 1586 2648 igi-

15 2685 84 2731 tur
101 2677 175 2731 illi
204 2675 417 2730 tribuit.
445 2675 526 2729 An
554 2689 657 2729 non
688 2672 999 2744 oportebat?
1022 2671 1088 2725 Et
1110 2679 1275 2725 recte.
1298 2668 1428 2723 Nam
1450 2682 1586 2739 quo-

15 2770 135 2821 niam
184 2782 484 2838 regnorum
530 2767 813 2837 qualitates
860 2765 1125 2835 prtecipue
1164 2765 1215 2818 in
1252 2763 1435 2819 bestiis
1470 2762 1587 2817 istis

15 2860 297 2924 exsistunt;
328 2857 451 2913 ideo
466 2858 529 2912 iis
553 2871 687 2927 opus
707 2856 907 2911 habuit.
930 2854 1224 2911 Ostendere
1253 2854 1418 2909 voluit
1438 2853 1584 2909 illam

16 2951 49 3003 in
79 2950 298 3005 feritate
337 2948 643 3020 superbiam
670 2956 829 3017 atque
853 2948 1115 3002 luxuriam
1141 2945 1241 3017 (a),
1275 2956 1328 3001 et
1356 2946 1583 3001 leaenam

15 3042 271 3109 produxit.
303 3040 490 3096 Voluit
514 3040 797 3097 ostendere
825 3038 1127 3094 tarditatem
1152 3080 1168 3105 ,
1192 3047 1247 3094 et
1272 3053 1454 3093 ursum
1485 3037 1583 3092 ad-

16 3133 161 3187 luxit.
216 3132 401 3187 Voluit
437 3131 717 3203 designare
741 3132 1079 3186 velocitatem
1109 3139 1163 3185 et
1192 3130 1581 3200 pernicitatem,

15 3234 53 3278 et
76 3223 220 3294 quod
258 3224 417 3279 bellis
450 3223 627 3278 omnia
666 3222 889 3291 imperia
915 3222 1242 3276 everterint:
1270 3230 1429 3291 atque
1459 3235 1583 3290 par-

15 3316 153 3372 lalim
186 3317 433 3388 protulit.
458 3317 648 3386 Aspice
680 3325 736 3370 ut
768 3316 912 3386 prius
942 3314 1164 3385 pulchre
1186 3314 1381 3369 viderit
1410 3328 1579 3381 mare,

16 3410 137 3477 quod
177 3416 537 3478 reprazsentat
575 3407 882 3463 universum
921 3406 1106 3461 orbem
1155 3416 1439 3461 terrarum.
1473 3406 1582 3461 To-

15 3501 156 3554 tidem
197 3503 345 3555 enim
403 3500 591 3570 plenus
633 3507 717 3555 est
755 3498 1087 3563 tumultibus,
1120 3506 1179 3553 et
1200 3497 1391 3554 eodem
1422 3497 1581 3553 modo

16 3594 251 3661 agitatur,
280 3591 432 3663 quasi
468 3592 699 3662 piscibus
719 3632 735 3658 ,
763 3607 870 3646 non
900 3590 1204 3646 hominibus
1227 3591 1460 3662 repletus
1482 3592 1577 3662 (b).

15 3679 56 3735 id
82 3684 241 3738 etiam
261 3681 507 3737 Christus
534 3682 806 3749 declarat,
837 3692 1156 3752 prtesentem
1196 3698 1389 3754 nempe
1420 3683 1581 3737 vitam

15 3794 147 3833 mare
174 3795 332 3844 esse,
361 3778 488 3831 dum
516 3777 646 3832 dicit
675 3798 687 3830 :
724 3796 743 3828 ι
777 3777 962 3832 Simile
1000 3776 1196 3832 factum
1242 3785 1325 3833 est
1358 3792 1582 3848 regnum

15 3872 251 3925 malorum
278 3884 494 3939 sagenae
521 3870 697 3924 missa:
724 3868 775 3922 in
810 3884 959 3924 mare
982 3909 998 3935 ,
1036 3876 1092 3923 et
1113 3883 1182 3924 ex
1207 3869 1352 3922 omni
1385 3884 1583 3939 genere

15 3958 373 4029 tongreganti.
406 3978 425 4009 ι
472 3958 678 4029 (Matth.
711 3959 798 4013 l5.
828 3958 942 4029 47.)
994 3977 1012 4009 α
1042 3957 1109 4012 Et
1147 3973 1298 4023 ecce,
1326 3977 1345 4010 ι
1379 3958 1578 4028 inquit,

16 4067 33 4098 1
54 4059 288 4118 quatuor
316 4050 467 4103 venti
521 4050 634 4104 caeli
674 4048 953 4105 irruebant
987 4050 1043 4104 in
1076 4065 1226 4104 mare
1255 4065 1530 4121 magnum.
1556 4069 1575 4101 ι

15 4140 250 4195 Declarat
270 4141 478 4196 bestias
495 4142 613 4196 illas
629 4142 753 4197 inde
778 4142 1073 4213 prodiisse:
1096 4141 1300 4197 indicat
1317 4142 1478 4197 etiam
1500 4157 1585 4198 ce-

16 4230 270 4286 leritatem
286 4232 484 4287 divinae
498 4233 868 4303 providentiae.
887 4234 1098 4289 Etenim
1116 4250 1235 4299 nos,
1259 4250 1383 4289 cum
1410 4235 1478 4289 de
1493 4248 1587 4290 ve-

16 4325 220 4378 locitate
260 4340 443 4379 sermo
471 4335 576 4391 est,
617 4334 810 4382 ventos
838 4326 893 4381 in
932 4327 1171 4381 medium
1210 4326 1581 4397 producimus.

15 4412 284 4468 lrruerunt
311 4416 368 4469 in
394 4431 576 4482 mare;
612 4425 668 4471 et
694 4426 1056 4481 emerserunt,
1092 4416 1289 4487 inquit,
1330 4415 1517 4471 bestia:
1549 4428 1587 4471 e

15 4504 162 4555 mari.
206 4503 338 4557 Nam
373 4512 576 4558 naturte
607 4513 803 4558 nostra:
840 4506 1128 4575 participes
1160 4515 1286 4561 sunt
1317 4507 1583 4577 principes

15 4596 199 4648 nostri.
237 4596 327 4650 Sic
356 4597 514 4649 etiam
550 4610 729 4665 regem
754 4595 963 4651 leonem
985 4611 1126 4667 Stepe
1157 4606 1346 4666 vocat,
1382 4599 1584 4669 regiam

16 4686 323 4755 dignitatem
370 4696 425 4742 et
476 4687 674 4742 lcrinos
719 4702 896 4742 mores
944 4689 1179 4744 indicare
1218 4692 1459 4761 cupiens.
1487 4692 1585 4747 Vel

16 4777 133 4845 quia
152 4788 434 4832 ventorum
456 4777 545 4833 ille
569 4776 781 4846 quidem
811 4778 1086 4836 orientalis
1111 4788 1215 4847 est,
1246 4780 1334 4836 hic
1360 4796 1487 4837 vero
1512 4797 1584 4838 ex

74 4931 141 5005 (ᾳ)
173 4931 231 4980 In
252 4939 417 5005 (st-meo
435 4945 598 5005 tests...
623 4935 904 5005 Porrobaac
932 4950 1025 4987 vox
1046 4972 1060 4997 ,
1084 4944 1215 4988 teste
1247 4937 1383 4988 Suida
1404 4974 1420 5005 ,
1445 4952 1586 4990 arro-

251 5002 405 5069 atque
438 4996 648 5069 delicias
667 4997 916 5069 signiﬁcat.
937 4996 1095 5069 Quare
1119 5006 1391 5069 utrumque
1401 4996 1451 5050 in
1459 5016 1585 5069 _ver-

16 5068 140 5103 nare
155 5057 526 5125 iunxi,_d_uctus
546 5057 829 5125 auctoritate
860 5068 904 5109 S.
936 5063 1207 5125 Hieronymi
1226 5096 1241 5121 ,
1265 5057 1348 5125 qui
1366 5064 1429 5125 in
1452 5063 1589 5114 Com-

15 5120 243 5186 mentario
282 5118 345 5165 ad
380 5119 511 5186 hunc
536 5119 705 5186 locum
741 5135 897 5186 regno
919 5118 1180 5186 pabylotiio
1214 5118 1585 5185 crudelitatem,

15 5176 245 5248 luxuriam
270 5188 326 5229 et
348 5176 885 5248 superbiam‘attribﬁit.
907 5176 1214 5235 Crudelitatis
1230 5188 1480 5248 specimen
1502 5176 1588 5236 da:-

15 5240 239 5311 Ix’taput
273 5240 594 5311 praecedens;
632 5244 837 5311 luxuria:
874 5244 999 5311 liber
1035 5240 1273 5308 Judithte;
1318 5250 1588 5311 praesertim

16 5300 210 5374 satiati,
226 5300 374 5374 __vers.
395 5302 458 5374 21
479 5300 779 5374 ;_superbi:e,
804 5315 859 5357 ut
880 5306 972 5358 alia
993 5314 1226 5371 omittam,
1250 5300 1343 5359 rei
1366 5310 1589 5374 Assyrius

16 5364 184 5426 Usafer
208 5364 371 5414 dictus
395 5364 459 5414 Is.
486 5364 664 5426 14,12.

71 5423 132 5487 ib)
166 5428 390 5475 Piscibus
412 5440 469 5477 se
493 5423 702 5495 invicem
722 5430 1067 5495 devorantibus
1102 5432 1347 5495 improbos
1366 5432 1591 5484 homines

16 5494 276 5553 alaparum
294 5524 311 5548 ,
474 5488 772 5563 itabacitcum
806 5492 1087 5567 prophetam
1106 5531 1120 5552 ,
1147 5488 1483 5603 Athenagoras
1505 5501 1590 5545 Lc-

16 5556 197 5603 ῑὶίιοπε
220 5562 315 5603 pro
438 5557 641 5603 isttams.
660 5560 709 5600 Β.
736 5552 954 5603 Irenaaus
976 5553 1059 5603 hb.
1086 5557 1141 5603 5.
1166 5569 1270 5603 can.
1295 5555 1327 5603 2
1369 5595 1383 5603 .
1411 5564 1462 5603 et
1484 5570 1590 5603 om-

16 5552 208 5617 satione
220 5562 315 5610 pro
341 5552 641 5617 Christianis,
660 5560 709 5600 Β.
736 5552 954 5617 lrénaaus
976 5553 1059 5604 lib.
1086 5557 1141 5613 5,
1166 5569 1270 5617 cap.
1295 5552 1383 5613 2f,
1411 5564 1462 5605 et
1484 5570 1591 5606 om-

16 5609 539 5682 tauninelegantissime
569 5622 614 5664 s.
632 5609 836 5664 Basilius
855 5622 993 5682 nom.
1017 5609 1294 5682 septitna'in
1317 5609 1590 5670 Hexaeme-

16 5679 103 5719 πει.
123 5677 299 5723 notum
326 5681 406 5726 est
425 5687 485 5726 ea
506 5675 570 5727 de
599 5689 656 5727 re
681 5677 1005 5739 proverbium.

1424 254 1489 311 IN
1528 254 1894 315 DANIELEM.

3174 292 3278 354 230

1711 375 2094 471 septentrione,
2125 380 2259 436 alter
2281 398 2410 439 vero
2438 386 2504 442 ab
2525 399 2729 448 austro.
2757 393 2824 451 Ut
2852 398 2896 453 si
2928 401 3045 471 quis
3066 407 3282 463 dixerit:

1709 464 1913 522 Evertit
1952 484 2099 527 mare
2127 490 2142 538 ;
2184 474 2311 530 illud
2342 477 2409 532 de
2443 480 2576 535 caelo
2602 484 2888 553 agitaruut.
2915 464 3283 554 Divmwinter

1708 571 1783 610 se.
1823 558 2023 627 Prima,
2068 566 2212 634 quasi
2250 566 2429 621 laena.
2461 572 2917 635 Quemadmodum
2945 583 2997 635 io
3024 587 3270 643 somnio:

1710 663 1814 752 non
1845 653 1987 707 enim
2015 654 2130 712 hazc
2159 673 2336 714 rerum
2364 672 2549 716 natura
2573 675 2706 720 erat.
2737 667 2840 724 Per
2858 671 2966 726 duo
2988 675 3137 746 signa
3160 693 3275 733 ma-

1701 746 1880 841 jes-tas‘
1913 746 2057 841 regia
2104 751 2421 805 ostenditur.
2448 754 2672 822 Quidam
2714 774 2843 815 vero
2885 765 3088 835 dicunt,
3137 773 3277 841 quod

1705 834 1827 903 quia
1853 835 2128 908 Assyrium
2159 845 2446 910 superavit,
2488 847 2609 903 ideo
2640 865 2759 906 cum
2796 853 3005 914 duobus
3030 834 3277 919 animali-

1706 922 1804 979 bus
1839 926 2130 984 confertur.
2178 931 2243 984 Et
2279 935 2608 1004 aspiciebam,
2638 942 2796 997 donec
2836 948 3019 1004 evulsa:
3042 964 3159 1008 sunt
3183 957 3280 1012 alte

1704 1016 1813 1085 ejus
1833 1057 1847 1081 ,
1872 1016 1924 1071 id
1949 1027 2063 1086 est,
2097 1020 2376 1091 imperium
2394 1066 2411 1093 ,
2439 1036 2488 1080 et
2515 1030 2714 1085 sublata
2752 1044 2824 1089 est
2861 1038 2925 1093 de
2944 1048 3076 1096 terra
3106 1060 3126 1098 :
3154 1058 3201 1100 et
3225 1049 3278 1103 in

1705 1106 1914 1173 pedibus
1939 1108 2155 1166 hominis
2181 1115 2352 1169 stetit:
2378 1126 2425 1170 et
2448 1134 2535 1171 cor
2561 1121 2777 1179 hominis
2802 1127 2979 1185 datum
3005 1144 3076 1188 est
3095 1139 3160 1194 ei.
3179 1139 3276 1196 Fe-

1703 1210 1798 1250 rox
1827 1199 2044 1255 animal.
2076 1202 2333 1275 Utrinqne
2380 1209 2610 1268 habebat
2649 1217 2941 1278 celeritatis
2980 1228 3085 1283 vim
3118 1248 3133 1285 :
3182 1248 3275 1287 su-
3327 1242 3333 1250 '

1704 1304 1869 1358 perne
1908 1294 2123 1361 quidem
2164 1298 2232 1353 ab
2259 1300 2357 1354 alis
2380 1343 2396 1367 ,
2429 1303 2635 1362 inferne
2662 1324 2791 1366 vero
2827 1328 2857 1368 a
2888 1317 3110 1385 pedibus
3138 1340 3153 1380 :
3181 1327 3273 1380 sed

1704 1393 1923 1480 utraque
1945 1388 2205 1445 velocitas
2233 1391 2408 1448 ablata
2440 1407 2542 1461 est,
2574 1400 2673 1456 alis
2701 1405 2916 1473 quidem
2936 1415 3150 1480 evulsis,
3178 1433 3273 1475 nec

1700 1477 1928 1570 amplius
1967 1484 2375 1552 apparentibus,
2415 1489 2638 1557 pedibus
2676 1510 2803 1551 vero
2829 1477 3275 1570 degenerantibu;

1700 1566 1753 1621 in
1779 1568 2083 1639 debiliores,
2117 1575 2377 1632 humanos
2405 1581 2626 1637 scilicet.
2661 1584 2731 1639 Et
2753 1604 2841 1642 cor
2870 1566 3083 1650 hominis
3100 1598 3274 1656 datum

1698 1667 1771 1759 est
1795 1660 1858 1759 ei.
1890 1660 2057 1717 Tanta
2085 1664 2136 1717 in
2164 1664 2256 1720 illo
2281 1669 2497 1725 animali
2520 1671 2692 1730 fuerat
2721 1681 2989 1749 superbia.
3021 1687 3267 1759 Humilis,

1699 1751 1899 1821 inquit,
1922 1753 2065 1808 mitis
2093 1763 2149 1811 et
2182 1768 2488 1816 mansuetus
2515 1762 2685 1822 factus
2708 1779 2791 1825 est
2816 1787 2933 1828 rex.
2964 1775 3033 1831 Et
3055 1796 3166 1835 ecce
3184 1751 3263 1839 be:

1696 1844 1792 1897 stia
1818 1843 1921 1897 alia
1948 1845 2127 1901 similis
2152 1864 2270 1903 urso
2298 1866 2317 1904 :
2342 1861 2389 1906 et
2409 1853 2463 1907 in
2492 1868 2683 1924 partem
2708 1876 2860 1916 unam
2892 1868 3027 1921 stetit
3055 1880 3073 1919 :
3100 1877 3149 1921 et
3169 1873 3274 1928 tria

1697 1933 1857 2029 latera
1875 1935 1928 1988 in
1950 1951 2037 1991 ore
2055 1938 2184 2007 ejus,
2206 1941 2336 1994 inter
2360 1949 2530 2000 dentes
2549 1948 2725 2017 ipsius.
2759 1952 2827 2008 Et
2851 1957 2923 2010 sic
2941 1958 3166 2017 dicebant
3192 1976 3264 2029 ei;

1696 2024 1882 2098 Surge,
1912 2038 2114 2085 comede
2136 2035 2531 2093 carnes'multas.
2556 2041 2667 2097 Sub
2696 2044 2875 2103 Persis
2896 2048 3137 2109 homines
3156 2024 3256 2115 fde

1693 2128 1820 2172 runt
1849 2124 1984 2176 tardi
2010 2138 2073 2177 ac
2097 2138 2310 2195 segnes.
2334 2127 2445 2184 Sub
2473 2130 2642 2188 Medis
2671 2144 2725 2189 et
2748 2135 2924 2195 Persis
2952 2145 3269 2206 exstiterunt

1696 2210 1796 2303 tria
1817 2212 1983 2268 latera
2008 2232 2020 2268 :
2050 2215 2101 2269 id
2130 2228 2236 2286 est,
2270 2220 2354 2274 vel
2384 2221 2527 2289 loca,
2556 2226 2636 2281 vel
2663 2243 2856 2299 regna,
2879 2248 2999 2303 quae
3023 2236 3075 2291 in
3104 2254 3264 2293 unum

1694 2302 1768 2357 illi
1799 2314 2201 2364 contraxerunt.
2246 2310 2492 2370 Dicebant
2526 2319 2574 2371 ei
2596 2333 2616 2372 :
2649 2319 2833 2393 Surge,
2872 2302 3075 2384 comede
3093 2348 3270 2388 carnes

1692 2395 1895 2451 multas.
1919 2397 1984 2453 Hi
2025 2402 2167 2456 enim
2204 2415 2458 2473 ceperunt
2500 2417 2556 2463 et
2598 2410 2941 2483 Babylonem,
2978 2428 3033 2474 et
3072 2423 3267 2479 multas

1691 2489 2019 2547 calamitates
2045 2495 2354 2552 intulerunt.
2381 2518 2399 2551 ι
2423 2500 2548 2557 Post
2574 2502 2674 2559 hoc
2698 2508 3037 2579 aspiciebam;
3061 2523 3114 2570 et
3141 2532 3268 2573 ecce

1690 2579 1794 2635 alia
1812 2581 1997 2650 bestia,
2014 2587 2165 2655 quasi
2182 2590 2413 2659 pardalis
2433 2608 2446 2645 :
2473 2602 2528 2649 et
2554 2595 2654 2664 ipsi
2678 2596 2775 2653 alae
2795 2610 3021 2670 quatuor
3035 2605 3267 2663 volucris

1691 2687 1854 2767 super
1874 2692 2012 2741 eam,
2032 2690 2085 2735 et
2108 2683 2277 2752 capita
2309 2695 2537 2755 quatuor
2560 2689 2743 2747 bestia:
2765 2712 2778 2749 :
2802 2705 2856 2750 et
2882 2707 3116 2767 potestas
3142 2703 3262 2758 data

1689 2774 1772 2820 est
1791 2766 1884 2822 illi.
1920 2788 1941 2822 ι
1975 2770 2192 2841 Deinde,
2223 2776 2407 2847 inquit,
2454 2783 2679 2849 pardalis
2706 2801 2724 2839 .-
2756 2766 3056 2846 Alexander
3092 2793 3266 2851 Macc-

1689 2856 1885 2960 donum
1917 2878 2029 2927 rex,
2177 2875 2344 2923 totum
2372 2872 2553 2928 orbem
2572 2879 2884 2945 pervolavit.
2902 2882 3043 2939 Nihil
3066 2889 3266 2960 quippe

1688 2950 1783 3007 illo
1812 2951 1909 3008 fuit
1939 2957 2242 3025 terribilius,
2263 2976 2361 3017 nec
2385 2965 2648 3024 velocius:
2676 2980 2731 3025 at
2757 2972 3046 3033 vehemens
3066 2950 3180 3035 erai
3197 2950 3263 3037 ac

1688 3044 1852 3109 celer,
1867 3048 2021 3103 sicuti
2041 3049 2154 3104 haec
2168 3051 2354 3107 bestia.
2368 3055 2618 3126 Quatuor,
2639 3059 2823 3131 inquit,
2845 3066 2943 3120 alte
2956 3069 3169 3125 volucris
3183 3089 3263 3127 su-

1688 3152 1778 3207 per
1795 3154 1927 3193 eam.
1949 3140 2055 3196 Hoc
2070 3151 2171 3209 est,
2191 3159 2401 3200 omnem
2426 3151 2713 3217 potentiam
2732 3155 2832 3209 sibi
2852 3157 3109 3226 adjunxit.
3134 3162 3265 3219 Per-

1686 3243 1775 3323 sas
1800 3230 2021 3287 enim-in
2044 3234 2295 3290 tredecim
2331 3253 2492 3308 regna
2517 3240 2585 3295 ab
2612 3255 2671 3297 se
2698 3243 2896 3301 divisos
2921 3249 3019 3305 sibi
3036 3253 3263 3323 subjecit

1686 3321 2150 3380 universos.Vides
2174 3326 2312 3382 illius
2340 3328 2702 3386 celeritatem?
2724 3334 2789 3388 Et
2808 3350 2872 3391 ex
2891 3336 3075 3395 bestia:
3101 3321 3259 3401 natu-

1685 3430 1766 3481 ra,
1794 3425 1848 3471 et
1871 3432 1935 3470 ex
1963 3417 2081 3473 alis.
2111 3418 2431 3475 Universum
2452 3423 2635 3479 orbem
2668 3430 2948 3496 percurrit.
2978 3431 3043 3487 Et
3070 3438 3262 3506 capita,

1686 3506 1871 3577 inquit,
1889 3520 2104 3578 quatuor
2124 3510 2305 3565 bestiaz.
2325 3512 2387 3566 Et
2406 3531 2615 3586 regnum
2643 3526 2689 3571 et
2716 3529 2932 3589 potestas
2957 3524 3075 3578 data
3098 3537 3170 3580 est
3194 3529 3260 3582 ei.

1687 3599 1889 3654 Dehinc
1926 3611 2102 3655 narrat
2131 3612 2334 3673 quarta:
2362 3603 2549 3661 bestia:
2573 3608 2856 3666 adventum
2884 3615 3262 3674 multiformem
3326 3626 3327 3629 “

1686 3699 1739 3744 et
1770 3691 2131 3762 omnigenum,
2167 3703 2220 3748 et
2250 3710 2353 3750 non
2386 3706 2560 3766 potest
2596 3699 2786 3757 all‘erre
2813 3705 3212 3764 similitudinem
3245 3729 3259 3766 :

1684 3782 1818 3837 adeo
1845 3782 2012 3838 bestia
2030 3784 2117 3839 illa
2142 3786 2356 3842 varians
2371 3797 2505 3843 erat.
2534 3790 2647 3846 Alia
2668 3794 2859 3864 quippe
2872 3799 3049 3852 omnia
3070 3800 3265 3858 devicit

1691 3889 1873 3944 regna.
1914 3874 2137 3931 Castoris
2178 3878 2392 3948 quidem
2433 3882 2672 3951 imperiis
2699 3900 2729 3938 a
2767 3887 3046 3945 velocitate
3092 3893 3263 3949 inerat

1684 3965 1767 4020 vis
1796 3982 1809 4019 :
1834 3965 1991 4036 hujus
2015 3981 2142 4021 vero
2165 3969 2410 4025 animalis
2437 3972 2579 4027 vires
2599 3974 2651 4029 in
2678 3974 2924 4034 dentibus
2944 4020 2960 4045 ,
2993 3982 3080 4050 qui
3102 3983 3262 4040 ferrei

1686 4066 1863 4113 erant.
1886 4056 1955 4112 Et
1976 4058 2168 4129 reliqua
2194 4061 2401 4130 pedibus
2424 4064 2531 4117 suis
2558 4067 2899 4122 conculcabat.
2924 4071 3083 4127 Multa
3108 4074 3264 4130 intel-

1684 4149 1799 4220 ligit
1825 4148 1982 4205 bella.
2021 4150 2245 4219 Quinam
2275 4161 2399 4206 sunt
2423 4153 2605 4209 decem
2632 4171 2785 4227 reges
2813 4160 2836 4214 ?
2870 4162 3012 4230 quod
3042 4179 3262 4234 parvum
3341 4228 3352 4238 ,

1685 4240 1894 4296 cornu?
1918 4240 2031 4312 Ego
2053 4242 2139 4296 aio
2169 4243 2552 4300 Antichristum
2592 4247 2732 4304 inter
2755 4251 2957 4323 aliquot
2982 4271 3135 4327 reges
3162 4274 3263 4330 ap-

1686 4352 1895 4407 parere.
1921 4338 1988 4392 Et
2016 4339 2154 4394 oculi
2174 4380 2187 4405 ,
2216 4340 2363 4412 quasi
2389 4343 2523 4396 oculi
2541 4344 2758 4400 hominis
2775 4386 2791 4413 ,
2820 4348 2872 4401 in
2894 4366 3051 4405 cornu
3074 4353 3191 4423 isto,
3216 4366 3263 4410 et

1686 4448 1742 4486 0s
1754 4432 1959 4503 loquens
1976 4431 2209 4504 grandia.
2229 4431 2363 4500 Quid
2384 4433 2525 4488 enim
2548 4434 2638 4490 illo
2659 4452 2751 4493 ore
2766 4440 3019 4509 grandius
3034 4458 3152 4500 esse
3168 4461 3265 4516 po-

1687 4531 1793 4578 test
1819 4522 1959 4593 quod
1987 4524 2250 4593 loquitur,
2284 4523 2456 4594 Supra
2484 4527 2729 4596 quidquid
2759 4530 2945 4585 dicitur
2973 4533 3107 4589 Deus
3126 4577 3141 4599 ,
3177 4548 3265 4592 aut

1688 4631 1894 4678 numen,
1920 4615 2047 4669 adeo
2071 4623 2125 4667 ut
2149 4616 2202 4669 in
2230 4617 2417 4687 templo
2441 4616 2539 4672 Dei
2562 4620 2731 4674 sedeat
2752 4621 2830 4693 (2.
2859 4622 3036 4679 Thess.
3068 4626 3125 4682 2.
3161 4629 3217 4699 4)
3242 4630 3267 4683 ?

1687 4704 1743 4761 Si
1784 4716 1961 4760 autent
2015 4706 2155 4761 oculi
2199 4707 2448 4771 hominis,
2500 4724 2569 4763 ne
2607 4711 2855 4766 mireris:
2896 4716 3093 4769 etenim
3140 4717 3265 4773 talia

1690 4799 1945 4871 loquitur.
1972 4799 2142 4854 Homo
2186 4808 2269 4852 est
2309 4800 2384 4868 (2.
2411 4798 2587 4856 Thess.
2619 4803 2675 4857 2.
2700 4805 2777 4874 5),
2807 4805 2995 4875 inquit.
3029 4807 3136 4863 Cur
3165 4824 3264 4864 au-

1692 4898 1796 4945 tem
1820 4906 1986 4945 cornu
2016 4906 2234 4959 parvum
2255 4884 2279 4953 ,'
2310 4898 2367 4944 et
2400 4906 2505 4944 non
2535 4892 2602 4946 ab
2632 4893 2784 4948 initio
2814 4892 3061 4966 magnum
3099 4915 3265 4971 appa-

1678 4976 1893 5037 'ret?At
1914 4982 2135 5051 posthac
2155 4991 2388 5047 crescet,
2420 4992 2474 5038 et
2498 4986 2847 5054 quorumdam
2876 5002 3061 5059 regum
3090 4990 3268 5046 domi-

1690 5075 1920 5130 nabitur.
1965 5074 2100 5142 Quid
2133 5075 2333 5146 igitur?
2364 5075 2576 5131 Nullum
2614 5093 2831 5149 regnum
2861 5082 3091 5154 excipiet
3126 5084 3270 5142 hunc

1691 5184 1871 5240 regem
1906 5187 1918 5223 :
1947 5169 2039 5223 sed
2068 5168 2213 5223 illum
2240 5169 2379 5224 Deus
2404 5169 2901 5239 ipsemetdissolvet
2920 5189 2983 5230 ac
3008 5175 3269 5233 destruet.

1692 5264 1746 5320 9.
1782 5281 1801 5315 ‹
1830 5262 2187 5333 Aspiciebam,
2211 5262 2381 5319 donec
2408 5264 2582 5319 throni
2605 5265 2760 5334 positi
2783 5277 2928 5335 sunt,
2950 5277 3004 5322 et
3022 5271 3274 5341 antiquus

1692 5354 1896 5409 dierum
1914 5354 2071 5409 sedit:
2090 5364 2144 5410 et
2164 5354 2538 5410 vestimentum
2562 5358 2679 5426 ejus
2698 5358 2979 5413 candidum
2996 5361 3133 5415 sicut
3154 5362 3270 5415 nix:

1692 5454 1747 5500 et
1773 5445 1996 5516 capillus
2034 5446 2226 5517 capitis
2256 5445 2374 5515 ejus
2413 5448 2562 5517 quasi
2606 5448 2727 5504 lana
2771 5449 2963 5504 munda
2998 5466 3013 5504 :
3049 5451 3273 5504 thronus

1694 5537 1809 5607 ejus
1835 5537 2043 5591 ﬂamma
2073 5537 2207 5606 ignis
2240 5554 2253 5592 :
2293 5547 2425 5591 rotae
2460 5537 2575 5607 ejus
2618 5538 2752 5609 ignis
2788 5538 3001 5597 ardens.
3030 5538 3117 5595 10.
3147 5539 3272 5595 Flu-

1694 5633 1813 5690 vius
1856 5631 1990 5702 ignis
2021 5629 2267 5687 manabat
2296 5629 2571 5702 egrediens
2596 5644 2627 5685 a
2652 5646 2751 5686 con
2784 5637 2936 5702 pectu
2963 5629 3098 5707 ejus.
3129 5630 3271 5691 Mille
