3724 6272
445 290 545 346 131

446 400 611 457 millia
638 394 1009 453 ministrabant
1035 392 1084 448 ei
1108 434 1124 458 ,
1151 402 1203 446 et
1220 391 1358 445 dena
1386 390 1549 444 millia
1577 388 1775 444 denum
1802 387 2029 441 millium

447 490 770 548 assistebant
802 498 926 543 ante
953 501 1098 542 eum.
1126 483 1390 540 Judicium
1417 481 1593 542 sedit.
1627 489 1681 534 et
1707 479 1828 533 libri
1860 477 2030 547 aperti

447 589 595 637 sunt.
654 599 676 633 ι
722 576 1122 634 Contendamus
1168 574 1369 641 animo,
1410 572 1693 627 carissimi.
1730 569 1847 624 Non
1886 568 2031 623 enim

446 674 625 748 parvis
650 673 720 729 de
747 671 907 726 rebus
931 670 1123 739 agitur.
1155 666 1373 730 Throni,
1405 663 1608 733 inquit,
1634 662 1787 731 positi
1812 668 1960 724 sunt,
1985 667 2033 713 et

447 767 686 837 antiquus
714 763 911 817 dierum
944 759 1092 815 sedit.
1123 757 1256 823 Quis
1281 765 1363 811 est
1392 755 1536 809 iste?
1569 751 1735 809 Sicuti
1775 766 1896 805 cum
1935 764 2032 803 au-

448 857 594 914 diisti
621 869 799 910 ursum
824 892 840 917 ,
872 866 978 906 non
1005 850 1072 903 de
1097 863 1221 902 urso
1254 846 1533 916 cogitasti,
1563 853 1757 899 etcum
1786 843 2030 907 leaenam,

449 966 557 1005 non
602 947 655 1002 id
683 944 879 1001 animal
916 940 1298 1011 suspicabaris,
1330 937 1424 992 sed
1444 952 1605 1008 regna
1636 954 1652 1001 ;
1682 944 1736 990 et
1764 950 1885 991 cum
1913 949 2031 987 ma-

448 1058 541 1107 re,
568 1056 675 1094 non
703 1052 849 1092 mare
874 1076 887 1099 ,
914 1034 1008 1089 sed
1032 1032 1217 1087 orbem
1248 1039 1545 1094 terrarum,
1576 1030 1630 1084 in
1658 1028 1778 1082 aliis
1804 1028 1907 1081 alia
1936 1040 2033 1079 co-

447 1134 621 1202 gitans
653 1147 668 1184 ε
699 1130 770 1183 ita
798 1136 855 1182 et
879 1140 1042 1181 nunc.
1068 1124 1334 1192 Autiquus
1362 1122 1570 1176 dierum
1596 1120 1721 1190 quid
1750 1128 1833 1173 est
1860 1119 1884 1171 ?
1910 1117 2033 1173 Seni

447 1222 659 1277 cuidam
681 1219 871 1274 similis
892 1224 1029 1272 erat.
1048 1214 1178 1269 Nam
1197 1214 1263 1267 ad
1285 1228 1413 1267 usus
1439 1227 1643 1274 rerum,
1666 1218 1884 1280 propter
1904 1223 2037 1277 quas

450 1318 693 1380 apparet,
721 1309 956 1378 seipsum
999 1304 1193 1359 format
1222 1321 1236 1361 :
1264 1312 1422 1372 atque
1446 1302 1533 1356 hic
1548 1300 1784 1355 ostendit
1816 1299 2036 1354 senibus

448 1402 641 1474 judicia
662 1414 781 1455 esse
802 1395 1201 1453 committenda.
1230 1394 1382 1449 Sicut
1399 1393 1541 1447 enim
1568 1406 1690 1445 cum
1719 1388 1870 1444 audis
1893 1388 2039 1442 thro-

451 1511 576 1550 num
597 1534 614 1561 ,
639 1509 745 1548 non
770 1490 1075 1546 cathedram
1104 1486 1353 1553 intelligis
1385 1502 1397 1539 :
1431 1498 1619 1539 verum
1646 1482 1763 1551 quis
1797 1479 1931 1535 adeo
1955 1479 2037 1533 vi-

451 1586 556 1642 lem
582 1599 645 1639 ae
672 1584 941 1653 vulgarem
971 1591 1186 1635 sensum
1208 1575 1490 1645 arriperet,
1518 1588 1637 1627 cum
1670 1581 1723 1627 et
1748 1569 1874 1625 alibi
1899 1570 2039 1624 Deus

451 1686 689 1732 armatus
732 1673 994 1734 videatur,
1025 1678 1079 1723 et
1129 1667 1251 1722 alibi
1295 1674 1606 1721 cruentatus
1651 1664 1667 1731 (
1699 1663 1829 1731 Sep.
1861 1662 1915 1716 5.
1945 1662 2033 1715 18.

452 1768 579 1824 Isai.
598 1766 688 1822 65.
711 1764 934 1837 5)?lloe
963 1763 1139 1831 itaque
1171 1758 1406 1813 indicare
1432 1756 1576 1819 vult,
1607 1763 1820 1824 tempus
1855 1751 2037 1822 judicii

451 1874 591 1915 esse.
627 1857 986 1911 Vestimentum
1030 1853 1164 1924 ejus,
1192 1850 1336 1920 quasi
1363 1849 1472 1913 nix,
1511 1847 1803 1901 candidum.
1828 1844 2040 1912 Quare?

452 1951 713 2019 Quoniam
743 1964 847 2004 non
886 1945 1046 2001 modo
1084 1955 1294 2014 tempus
1318 1950 1401 1998 est
1425 1940 1610 2011 judicii
1636 1981 1651 2005 ,
1679 1938 1776 1995 sed
1811 1938 2042 1993 retribu-

451 2036 612 2098 tionis
639 2054 849 2111 quoque
875 2056 889 2093 :
916 2036 1166 2107 quoniam
1195 2043 1416 2088 cunctos
1440 2031 1539 2102 ipsi
1569 2030 1781 2086 adstare
1807 2037 2037 2099 oportet:

452 2133 700 2203 quoniam
740 2129 1000 2184 Jadicium
1035 2127 1205 2190 illius,
1250 2124 1453 2194 inquit,
1480 2123 1624 2193 quasi
1650 2122 1741 2176 lux
1767 2121 2044 2192 egredietur

457 2225 624 2298 (Osee
650 2225 699 2279 6.
726 2223 762 2278 5
788 2223 829 2293 ).
860 2220 1061 2277 Deinde
1089 2218 1285 2273 Tlironi
1309 2217 1457 2287 positi
1484 2224 1621 2269 sunt.
1650 2214 1837 2270 Nonne
1864 2211 2042 2269 throni

452 2318 509 2375 in
556 2317 747 2388 quibus
790 2314 1058 2377 Sedebitis,
1107 2311 1302 2381 inquit,
1333 2326 1483 2379 super
1532 2308 1796 2362 duodecim
1838 2308 2044 2361 thronos

459 2409 700 2479 (MatthJ
712 2407 764 2463 9.
781 2406 898 2476 28)?
914 2404 976 2458 Et
986 2403 1201 2474 capillus
1215 2402 1394 2467 capitis
1407 2402 1516 2472 ejus
1535 2402 1679 2471 quasi
1696 2400 1815 2453 lana
1831 2397 2040 2452 munda.

456 2499 598 2571 lgnis
620 2498 751 2554 nihil
771 2495 1137 2559 consumebat,
1172 2491 1603 2563 quandoquidem
1626 2490 1764 2546 lenis
1792 2496 1925 2545 erat.
1947 2489 2042 2543 Vi-

457 2590 554 2646 des
579 2590 765 2646 faciem
790 2597 845 2644 et
864 2587 1101 2642 habitum
1119 2585 1327 2640 civilem
1345 2599 1407 2638 ac
1425 2583 1735 2653 pepularem
1752 2583 1774 2635 ?
1794 2581 2045 2636 Tbronus

458 2681 711 2747 terrebat,
728 2677 869 2750 quod
891 2661 1013 2748 igne
1027 2674 1354 2740 abundaret;
1373 2683 1426 2729 et
1447 2689 1550 2730 non
1571 2674 1688 2743 igne
1708 2671 2043 2741 simpliciter,

462 2774 555 2831 sed
581 2775 702 2845 igne
723 2772 963 2828 ardente.
991 2769 1124 2824 Nam
1147 2784 1214 2824 ne
1232 2767 1594 2829 existimares,
1618 2780 1713 2836 per
1739 2762 2041 2820 similitudi-

458 2882 581 2923 nem
599 2867 787 2920 factam
804 2878 924 2931 esse
943 2862 1414 2932 comparationem,
1432 2859 1634 2915 addidit
1649 2859 1786 2930 ignis
1808 2859 1948 2912 illius
1965 2856 2046 2913 ef-

459 2958 717 3019 ficaciam.
733 2971 837 3012 non
851 2955 1023 3010 solum
1040 2953 1215 3024 ignem
1228 2952 1431 3019 dicens,
1445 2952 1540 3008 sed
1558 2953 1731 3021 ignem
1744 2952 2040 3007 ardentem.

458 3047 669 3103 Flavius
685 3047 814 3118 ignis
831 3044 1066 3100 manabat
1081 3060 1113 3097 a
1128 3052 1395 3113 conspectu
1409 3043 1537 3113 ejus.
1555 3042 1700 3097 Mille
1716 3043 1877 3097 ntillia
1889 3042 2043 3097 mini-

458 3139 682 3195 strabant
710 3139 755 3193 ei
776 3180 791 3205 ,
822 3147 867 3193 et
905 3137 1037 3191 dena
1074 3136 1237 3190 millia
1273 3135 1458 3187 denum
1496 3134 1713 3188 millium
1744 3134 2040 3188 assistebant

459 3241 576 3288 ante
602 3248 715 3286 eum
737 3227 836 3303 (a).
877 3228 1138 3283 Iudicium
1164 3226 1311 3282 sedit.
1356 3225 1467 3280 Hoc
1492 3233 1576 3279 est
1596 3266 1613 3291 ,
1644 3224 1766 3280 ideo
1794 3224 2043 3291 advenit,

460 3332 519 3379 ut
540 3323 797 3393 judicium
821 3321 1053 3377 daretur.
1080 3319 1143 3375 Et
1168 3318 1281 3373 libri
1302 3317 1465 3387 aperti
1487 3326 1604 3371 sunt
1629 3315 1791 3385 (Dan.
1815 3317 1903 3372 15.
1928 3316 2042 3387 12).

466 3414 601 3483 Quid
633 3412 751 3467 ais?
782 3413 929 3468 libris
970 3412 1110 3466 Deus
1138 3410 1366 3479 indiget,
1403 3409 1503 3474 Qui
1532 3409 1704 3463 omnia
1743 3408 1877 3462 novit
1906 3418 2049 3463 ante-

462 3520 612 3574 quam
637 3504 804 3573 ﬁant?
830 3502 929 3568 Qui
953 3502 1097 3571 ﬁnxit
1117 3502 1377 3571 stgillatim
1397 3500 1553 3554 corda
1572 3517 1743 3554 eorum
1766 3500 1933 3571 (Psal.
1953 3499 2043 3555 52.

465 3594 595 3663 15)?
624 3593 726 3649 Sed
752 3593 901 3662 juxta
929 3591 1366 3647 consuetudinem
1399 3592 1802 3661 magistratuum
1833 3602 2049 3648 nostro-

464 3702 582 3742 rum
610 3684 873 3755 loquitur;
910 3693 965 3738 et
990 3685 1067 3737 sic
1091 3692 1209 3738 acta
1235 3682 1366 3737 fiunt
1393 3681 1531 3751 apud
1563 3696 1683 3744 nos.
1728 3682 1876 3738 Sicut
1902 3684 2047 3739 enim

463 3786 581 3832 acta
611 3791 715 3830 non
744 3774 863 3830 ideo
894 3775 1159 3844 leguntur,
1187 3782 1243 3828 ut
1269 3773 1606 3844 magistratus
1630 3774 1802 3830 solum
1824 3774 2050 3831 edocea-

405 3872 414 3892 ³
468 3880 585 3933 tur,
616 3867 711 3923 sed
738 3866 896 3921 etiam
923 3875 980 3921 ut
1002 3874 1252 3936 appareat
1274 3865 1474 3935 justum
1504 3880 1623 3921 esse
1641 3866 1898 3935 judicium
1931 3884 1943 3919 :
1978 3867 2050 3923 ita

466 3969 522 4018 et
550 3969 674 4015 tunc
696 3958 891 4013 evenit.
924 3957 1055 4011 Nam
1082 3956 1206 4012 licet
1233 3957 1373 4013 Deus
1396 3957 1529 4013 sciat
1549 3972 1608 4012 se
1625 3957 1769 4027 juste
1788 3957 2049 4027 judicare,

465 4061 698 4109 attamen
728 4051 893 4107 libros
920 4050 1110 4120 aperit.
1144 4048 1306 4121 Cujus
1336 4050 1412 4107 rel
1440 4052 1648 4121 gratia?
1692 4052 1826 4119 Quid
1852 4054 1965 4118 ais,
1997 4061 2053 4109 et

467 4144 593 4217 quid
617 4145 709 4200 tibi
732 4143 847 4199 vis?
872 4143 980 4199 Cur
999 4159 1103 4198 non
1129 4144 1342 4214 praemia
1367 4160 1576 4216 quoque
1597 4144 1767 4201 dixit?
1786 4150 1856 4201 At
1880 4146 2050 4205 dixit:

469 4236 662 4291 Throni
679 4236 826 4307 positi
842 4243 990 4300 sunt;
1004 4234 1429 4305 quandoquidem
1449 4236 1588 4292 Deus
1603 4247 1656 4292 et
1674 4237 1761 4291 illa
1780 4236 2051 4294 deﬁnivit:

468 4336 746 4399 postquam
774 4340 902 4381 vero
928 4339 1026 4380 nos
1048 4340 1153 4381 non
1182 4326 1472 4393 audiimus,
1497 4336 1623 4383 tunc
1641 4329 1972 4399 punitionem
1999 4339 2054 4387 et

532 4482 604 4544 (a)
636 4488 872 4544 Numerus
893 4487 1059 4531 certus
1080 4481 1392 4544 proincerto.
1419 4488 1574 4540 Quare
1606 4482 1712 4532 haec
1743 4484 1896 4533 verba
1919 4486 2053 4535 varie

470 4541 780 4594 ab‘E'celesia:
812 4541 1095 4606 doctoribus
1125 4541 1268 4591 allata
1305 4544 1561 4603 invenies,
1585 4552 1631 4592 s.
1658 4544 1847 4595 Irenaeo
1869 4545 1953 4596 lib.
1989 4548 2053 4606 2,

468 4605 632 4678 ea_p._6
649 4641 665 4665 ,
685 4603 981 4678 Tertulliani?
1000 4604 1235 4678 adversus
1255 4612 1490 4678 {regem
1504 4618 1609 4678 cap.
1635 4607 1682 4678 ξ,
1708 4606 1917 4678 Auctore
1943 4603 2053 4658 libri

470 4666 535 4716 ad
569 4668 877 4733 Novatiautnn
913 4666 1232 4733 interUOpera
1270 4672 1315 4715 S.
1341 4666 1609 4733 _Cypriat_t_i,
1634 4669 1838 4717 Eusebio
1875 4675 2050 4733 Evaug.

470 4737 682 4794 Prsepar.
702 4727 785 4777 lib.
812 4730 860 4787 7,
882 4740 987 4789 cap.
1013 4728 1087 4785 15,
1114 4727 1262 4794 atque
1287 4727 1433 4794 etiam
1454 4735 1501 4794 B.
1519 4727 1853 4794 Chrysostomo
1871 4727 2057 4781 Hom.'6

469 4789 638 4841 contra
657 4789 945 4849 Anomaaos;
969 4802 1062 4839 nec
1082 4789 1187 4839 non
1210 4791 1260 4838 in
1282 4789 1668 4842 Ordinationibus
1701 4794 2050 4843 Maronitarum.

470 4852 535 4902 At
556 4853 800 4915 Editioues
830 4860 874 4901 s.
913 4852 1187 4915 Hieronymi
1224 4851 1453 4915 adhunc
1484 4851 1640 4902 locum
1679 4856 1863 4904 vitiosa:
1900 4862 2051 4905 sunt:

472 4912 669 4980 Duplea:
699 4920 859 4980 autem
880 4910 1158 4980 angelorum
1178 4911 1387 4980 animum
1407 4920 1516 4980 est:
1552 4915 1759 4966 aliorum
1795 4917 1879 4980 qui
1904 4918 2056 4978 justis

472 4974 676 5037 prdmu'a
696 4975 909 5039 tribuunt
923 4988 941 5036 ;
957 4974 1165 5039 alierum
1186 4974 1271 5037 qui
1290 4975 1491 5039 singulis
1502 4986 1724 5039 ,prtesunt
1740 4974 2051 5030 cruciatibus.

472 5036 620 5085 Nemo
644 5050 740 5104 non
766 5036 900 5086 videt
934 5036 1248 5104 scribendum
1267 5036 1396 5097 esse,
1417 5036 1680 5104 ciuitatibus
1696 5079 1710 5104 ,
1736 5049 1789 5090 ut
1811 5047 1863 5089 et.
1886 5050 2053 5104 postea

470 5099 686 5159 comperi
712 5098 1193 5162 legere_s._frhemam
1218 5098 1268 5162 in
1289 5102 1596 5162 Exposrtione
1619 5103 1668 5149 in
1694 5103 1821 5150 hunc
1840 5098 2055 5162 prophe-

472 5158 595 5224 tami
614 5167 756 5208 Porro
772 5158 1006 5224 notabilis
1042 5160 1277 5221 imprimis
1310 5158 1633 5224 discrepantia
1669 5164 1798 5213 inter
1822 5158 1871 5211 ti.
1895 5158 2054 5216 'I‘heo-

472 5218 700 5287 doretum
724 5227 777 5287 et
810 5227 854 5287 S‘.
883 5218 1147 5287 Thomam,
1165 5234 1255 5269 seu
1274 5218 1515 5287 potius
1550 5226 1839 5287 Dionysium,
1862 5227 1911 5275 in
1935 5230 2056 5276 assi-

473 5282 663 5351 gnanda
688 5350 691 5351 ν
715 5281 951 5351 dignitate
1005 5281 1321 5351 angelorum,
1377 5285 1460 5347 qui
1514 5281 1821 5351 ministrant,
1878 5298 1928 5338 et
1971 5292 2055 5351 qui

473 5296 663 5341 gnanoa
715 5296 951 5392 αιὲἓιωιθ
1005 5296 1321 5351 angelorum,
1377 5298 1460 5347 qm
1514 5296 1821 5344 ministrant,
1878 5298 1928 5338 et
1971 5296 2055 5351 qui

471 5347 748 5414 assistunt._
838 5344 1333 5414 _utroque__dissentit
1364 5353 1408 5394 s.
1444 5348 1893 5414 Gregoriusrapa;
1918 5353 2056 5414 cujus

471 5362 719 5393 ειδδιδιυιιι.
758 5362 831 5392 AD
864 5362 1071 5405 Utroque
1107 5362 1331 5395 masculis
1364 5362 1408 5394 δ.
1444 5362 1704 5409 Gregorius
1739 5362 1796 5396 Pa

471 5404 686 5478 Opinioni
723 5403 854 5478 favet
886 5416 1035 5478 διξερε
1065 5403 1292 5478 Clemens
1324 5413 1554 5478 Romanps
1580 5362 1831 5478 ἱηερίβιοῗ

474 5465 679 5536 ιιῐιιμῆοε
697 5465 1184 5536 {aegide-Clemens
1218 5474 1395 5536 autem
1414 5470 1464 5517 in
1487 5465 1919 5536 Constitutionibus
1939 5487 2057 5536 apo-

468 5525 791 5591 stolicis,'lib.
822 5528 882 5586 8,
914 5541 1021 5591 cap.
1057 5528 1117 5577 12
1134 5565 1148 5589 ,
1174 5541 1203 5577 a
1233 5530 1538 5580 Thcodoreto
1560 5540 1657 5581 stat
1680 5546 1691 5580 :
1718 5532 1806 5581 sed
1828 5533 1892 5584 de
1916 5525 2058 5587 va'riis

468 5589 596 5653 circa
618 5588 820 5653 angelos
850 5588 1110 5639 sententiis
1142 5591 1373 5653 praeclare
1406 5592 1603 5642 disserit
1626 5601 1834 5644 Joannes
1853 5599 2058 5648 Moriens

468 5649 529 5757 ea:
550 5649 884 5761 gradationes
918 5649 1157 5718 Syriacas.‘
1186 5658 1317 5716 Lege
1348 5656 1606 5718 Origeuem
1636 5657 1696 5706 ad
1723 5669 1829 5720 cap.
1854 5660 1885 5708 5
1908 5662 2055 5723 Epist.

1828 5424 1853 5457 a
1878 5413 1935 5459 ad
1962 5413 2052 5459 Co-

1156 278 1214 335 S.
1252 276 1531 334 JOANNIS
1567 271 2043 333 CIIRYSOSTOMI
2080 268 2397 328 ARCHIEP.
2436 240 2969 327 CONSTANTINOP.
3605 276 3691 333 252

2140 384 2457 453 supplicium
2488 384 2720 438 minatus
2747 395 2848 440 est.
2880 385 2946 440 Et
2969 401 3147 441 nonne
3167 385 3321 441 nobis
3343 388 3477 442 hanc
3501 387 3692 455 primam

2140 491 2327 530 vocem
2350 476 2566 529 emisit?
2594 474 2794 531 Exinde
2815 478 2982 546 coepit,
3010 478 3197 548 inquit,
3223 480 3499 547 praedicare
3516 497 3690 550 regnum

2139 563 2379 618 calorum
2409 564 2619 635 (Matth.
2651 567 2706 621 4.
2748 568 2856 634 17).
2884 566 3026 621 Nihil
3054 582 3372 637 corporeum
3398 571 3690 641 suspiceris,

2140 654 2351 718 dilecte,
2381 670 2480 710 nec
2508 656 2780 712 existimes
2805 658 2968 713 Deum
2986 700 3001 723 ,
3028 660 3117 729 qui
3150 660 3438 717 immensus
3459 670 3563 729 est,
3587 668 3689 722 solio

2141 760 2262 801 esse
2286 747 2566 801 inclusum.
2611 748 2743 803 Nam
2784 750 2831 804 si
2868 749 2936 804 In
2962 768 3116 805 manu
3142 752 3250 823 ejus
3276 763 3394 808 sunt
3428 756 3555 821 ﬁnes
3580 766 3691 814 terra

2143 836 2315 906 (Psal.
2345 839 2435 895 94.
2454 839 2509 910 4)
2534 856 2547 891 :
2572 840 2617 893 si
2647 838 2849 895 Montes
2874 843 3048 895 statuit
3072 851 3257 897 statera
3277 859 3299 900 .'
3321 845 3365 898 si
3394 844 3577 900 Omnes
3595 866 3689 917 gen-

2145 936 2216 982 tes
2243 930 2389 998 quasi
2413 931 2571 984 saliva
2599 932 2654 985 in
2682 941 2949 1003 conspectu
2984 934 3094 1003 ejus
3135 946 3381 1006 reputate:
3417 946 3569 1002 sunt,
3596 951 3631 993 et
3658 944 3689 996 si

2142 1028 2322 1073 cuncta
2360 1021 2487 1074 sicut
2528 1023 2690 1091 pulvis
2729 1041 2901 1079 coram
2941 1043 2999 1080 eo
3043 1026 3061 1095 (
3083 1025 3212 1082 lsai.
3242 1028 3330 1083 411.
3362 1028 3446 1082 12.
3480 1029 3612 1100 15),
3651 1043 3690 1088 ut

2143 1112 2256 1180 ipse
2284 1112 2357 1165 ait
2383 1129 2397 1165 :
2428 1113 2547 1182 quis
2574 1114 2721 1169 locus
2748 1124 2918 1171 totum
2954 1118 3111 1171 simul
3137 1119 3589 1188 comprehendere
3623 1138 3692 1190 po-

2144 1203 2305 1257 terit?
2333 1203 2438 1259 Sed
2468 1205 2636 1274 quid?
2663 1205 2771 1262 Res
2796 1222 2902 1262 non
2930 1208 3000 1263 ita
3023 1223 3082 1262 se
3108 1209 3266 1264 habet
3296 1228 3308 1263 :
3339 1212 3473 1265 solio
3506 1227 3603 1267 non
3629 1215 3687 1268 in-

2142 1294 2375 1350 cluditur
2402 1296 2559 1350 Deus.
2591 1296 2649 1352 Si
2686 1310 2862 1353 autem
2904 1299 3277 1355 vestimentum
3307 1300 3567 1364 habebat,
3591 1319 3687 1371 quo-

2142 1385 2303 1440 modo
2351 1386 2486 1455 ignis
2532 1386 2662 1442 illud
2710 1404 2815 1445 non
2864 1392 3235 1460 consumpsit?
3281 1402 3334 1447 et
3373 1408 3479 1462 qua
3527 1395 3695 1449 ratione

2142 1478 2409 1548 Antiquus
2424 1478 2631 1536 dierum
2656 1479 2851 1536 dicitur
2878 1481 2969 1537 ille
2991 1522 3007 1548 ,
3040 1484 3131 1552 qui
3169 1492 3293 1539 ante
3329 1484 3509 1539 omnia
3538 1488 3697 1542 strculs

2144 1567 2382 1622 exstitit?
2400 1584 2506 1639 quo
2524 1578 2678 1639 pacto
2694 1579 2867 1626 autem
2884 1580 2939 1628 et
2956 1572 3238 1641 antiquus?
3258 1573 3337 1627 Tu
3355 1578 3521 1642 enim,
3542 1578 3697 1647 inquit,

2142 1657 2275 1711 idem
2296 1659 2403 1730 ipse
2427 1676 2478 1713 es
2500 1658 2672 1729 (Psal.
2704 1662 2826 1717 101.
2851 1663 2965 1732 28).
2997 1662 3104 1717 Cur
3132 1665 3288 1734 igitur
3310 1669 3576 1738 antiquus,
3603 1684 3697 1724 cum

2144 1747 2354 1806 dicatur
2382 1749 2489 1804 :Et
2528 1754 2651 1805 anni
2693 1753 2765 1806 tui
2804 1769 2906 1808 non
2930 1754 3419 1829 deﬁcient(1bid.)?
3460 1759 3563 1827 Qui
3599 1776 3698 1815 vero

2146 1840 2517 1896 vestimentum
2538 1858 2748 1914 quoque
2772 1844 2932 1900 fuerit
2955 1847 3095 1902 circa
3122 1848 3436 1905 immensum
3461 1867 3529 1907 ac
3557 1853 3698 1906 incor-

2144 1935 2406 2003 poreum?
2428 1935 2630 1990 Etenim
2651 1939 3014 2007 magnitudinis
3033 1942 3163 2011 ejus,
3190 1942 3375 2013 inquit,
3401 1961 3505 1998 non
3525 1956 3591 1999 est
3608 1947 3698 2014 ﬁnit

2145 2024 2318 2094 (Psal.
2350 2026 2471 2083 144.
2504 2027 2582 2098 '5).
2616 2028 2685 2084 Et
2708 2045 2892 2086 rursus
2921 2049 2934 2085 :
2966 2031 3026 2087 Si
3055 2036 3326 2089 ascendere
3351 2038 3403 2091 in
3426 2038 3605 2091 calum
3625 2080 3637 2103 ,
3664 2052 3698 2094 ll

2144 2119 2251 2173 illic
2278 2135 2366 2185 es;
2391 2122 2436 2175 si
2461 2122 2761 2177 descendere
2785 2125 2838 2179 in
2860 2125 3132 2194 infernum.
3158 2128 3279 2183 ades
3300 2128 3467 2200 (Psal.
3499 2134 3616 2187 151.
3639 2134 3698 2202 8).

2146 2212 2427 2280 Quomodo
2446 2215 2607 2283 igitur
2627 2225 2773 2271 veste
2798 2218 3335 2275 circumscribebatur
3360 2222 3606 2283 humana.
3627 2239 3698 2280 nec

2146 2302 2290 2357 illam
2330 2305 2721 2360 consumebat?
2761 2307 2828 2360 At
2874 2323 3002 2363 vero
3039 2318 3093 2363 et
3132 2310 3234 2365 alia
3263 2312 3525 2380 ejusmodi
3567 2316 3698 2368 multa

2149 2393 2334 2449 videre
2360 2410 2421 2450 ac
2451 2396 2628 2467 legere
2667 2407 2873 2466 poterat
2912 2401 3190 2470 propheta.
3236 2404 3517 2471 Quomodo
3554 2418 3698 2462 autem

2148 2485 2325 2554 capilli
2356 2486 2407 2540 in
2441 2487 2559 2556 igne
2588 2504 2692 2543 non
2719 2491 3172 2548 absumebantur?
3202 2495 3423 2565 Propter
3446 2497 3550 2552 hoc
3568 2498 3698 2567 siqui.

2147 2578 2268 2633 dem
2294 2579 2516 2648 subjecit
2539 2598 2552 2636 :
2580 2581 2813 2637 Tltronus
2834 2586 2944 2654 ejus
2966 2586 3096 2656 ignis
3116 2588 3315 2642 ardens.
3349 2588 3412 2642 Et
3437 2590 3558 2643 libri
3572 2601 3698 2659 aperti

2148 2679 2283 2725 sunt.
2318 2669 2389 2725 Ut
2415 2671 2502 2727 ille
2530 2673 2619 2741 qni
2650 2673 2963 2739 damnatur,
2992 2694 3089 2731 suo
3114 2678 3212 2732 sibi
3232 2678 3433 2747 judicio
3478 2682 3698 2737 condent.

2151 2770 2328 2815 netur.
2360 2764 2447 2816 11.
2484 2780 2503 2815 t
2532 2764 2865 2833 Aspicieham
2893 2777 3017 2820 tunc
3041 2783 3070 2821 a
3092 2783 3221 2824 voce
3246 2784 3555 2825 sermonum
3579 2788 3698 2841 gran

2148 2854 2314 2917 dium.
2343 2872 2478 2926 quos
2506 2872 2671 2912 cornu
2703 2858 2829 2913 illud
2862 2859 3193 2929 loquebatur.
3222 2864 3537 2932 Spectabunt
3564 2865 3698 2919 dona

2152 2945 2427 3002 interfecta
2442 2958 2522 3003 cst
2536 2950 2700 3004 bestia
2716 2950 2799 3004 illa
2810 2991 2823 3011 .
2841 2955 2895 3011 et
2910 2949 3088 3016 periit,
3102 2952 3197 3006 iob
3211 2955 3692 3024 magniloquentiam

2150 3037 2480 3109 Quamquam
2524 3040 2824 3096 Alexander
2868 3042 3030 3096 Deum
3079 3044 3335 3099 adoravat.
3385 3066 3405 3096 ε
3443 3046 3514 3100 Ει
3543 3064 3698 3117 corpus

2150 3129 2267 3198 ejus
2286 3129 2467 3185 datum
2488 3140 2569 3185 est
2589 3130 2640 3186 in
2664 3131 3084 3189 combustionem
3118 3135 3271 3204 ignis.
3304 3135 3387 3189 l2.
3417 3136 3483 3191 Et
3504 3138 3698 3207 reliqua.

2152 3239 2271 3278 rum
2293 3224 2579 3280 bestiarum
2602 3225 2889 3281 translatus
2910 3236 2991 3281 est
3012 3229 3333 3297 principatus
3355 3249 3368 3284 :
3388 3242 3442 3285 et
3464 3231 3698 3301 Ιοηεὶιιιώ

2152 3317 2275 3377 vitae
2296 3316 2416 3371 data
2443 3325 2525 3370 est
2544 3316 2621 3372 eis
2646 3332 2812 3387 usque
2839 3317 2905 3372 ad
2934 3326 3141 3387 tempus
3161 3329 3213 3374 et
3235 3330 3467 3390 tempus.
3498 3340 3518 3374 ι
3544 3322 3697 3389 Quam

2154 3410 2234 3465 vis
2252 3409 2410 3465 finem
2432 3410 2727 3475 habuerint,
2748 3420 2981 3467 attamen
3000 3411 3100 3466 hoc
3117 3413 3308 3468 factum
3326 3425 3426 3468 est.
3447 3412 3519 3467 Et
3536 3417 3698 3468 contth

2151 3512 2230 3555 sta
2250 3513 2319 3555 est
2349 3502 2773 3573 bestia,etcerpus
2794 3504 2931 3558 illius
2951 3505 3066 3573 igne
3091 3504 3430 3573 absumptum.
3480 3507 3698 3561 Funditu

2153 3596 2377 3665 periisse
2400 3595 2656 3650 declarat.
2688 3597 2776 3652 15.
2809 3597 3123 3665 Αερίσὶειναηι
3158 3598 3209 3651 in
3245 3599 3430 3652 visione
3459 3601 3655 3663 noctis,
3688 3618 3698 3653 t

2152 3704 2268 3744 ecce
2304 3705 2418 3743 cum
2460 3688 2671 3744 nubibus
2711 3690 2825 3745 τρειὶ
2858 3692 3001 3759 quasi
3045 3688 3212 3744 Filius
3250 3690 3470 3746 hominis
3494 3693 3698 3745 veniebat

2153 3782 2284 3848 Quis
2309 3784 2425 3837 haec
2448 3782 2695 3853 ignorat?
2722 3783 2841 3852 quis
2865 3782 3166 3853 perspicere
3192 3785 3425 3853 poterit?
3449 3800 3581 3839 num
3602 3786 3698 3837 enit

2154 3876 2344 3931 Petrus
2372 3882 2457 3930 est
2486 3875 2577 3946 qui
2607 3875 2705 3929 ista
2734 3874 2895 3938 dicit.
2934 3890 2967 3929 ο
2994 3874 3218 3930 Judace?
3257 3891 3383 3930 num
3410 3872 3698 3931 Paulnsﬂ

2153 3983 2285 4032 ecce,
2312 3967 2501 4037 inquit,
2530 3966 2674 4035 quasi
2708 3965 2757 4018 F
2759 3966 2877 4020 ilius
2903 3966 3118 4020 hominis
3144 3966 3387 4033 veniebat,
3415 3978 3463 4020 et
3489 3984 3651 4037 usque
3672 3984 3698 4019 α

2155 4059 2418 4125 antiquum
2439 4058 2634 4111 dierum
2654 4058 2894 4126 pervenit.
2928 4058 3066 4112 Ecce
3090 4068 3141 4113 et
3169 4074 3266 4128 par
3289 4058 3522 4128 dignitas
3551 4060 3698 4113 utrius

2156 4165 2278 4220 que.
2307 4148 2377 4203 Et
2400 4150 2453 4203 in
2483 4158 2751 4219 conspectu
2776 4150 2885 4218 ejus
2912 4150 3107 4203 oblatus
3131 4160 3203 4204 est
3224 4151 3321 4204 illi.
3352 4150 3420 4206 Ut
3447 4165 3576 4206 cum
3603 4151 3698 4205 vidt

2156 4244 2232 4297 ris
2260 4244 2357 4313 ipsi
2385 4258 2606 4314 regnum
2634 4242 2790 4308 tradi,
2820 4242 2973 4310 illud,
3004 4244 3159 4306 tradi,
3186 4242 3419 4299 humano
3447 4245 3617 4301 modo
3643 4260 3698 4298 ne

2157 4349 2378 4392 censeas
2420 4334 2805 4404 accipiendum.
2850 4333 2983 4389 Nam
3014 4336 3055 4388 A
3085 4335 3296 4390 nubibus
3335 4337 3449 4390 creti
3472 4377 3489 4403 ,
3530 4338 3698 4408 inquit

2159 4427 2330 4482 nubes
2368 4437 2544 4481 autem
2586 4442 2683 4496 pro
2724 4427 2857 4481 etele
2897 4442 3110 4483 sumere
3145 4428 3282 4483 solet
3308 4427 3615 4498 Scriptura.
3663 4432 3698 4482 li

2162 4536 2182 4570 ι
2215 4519 2283 4573 Et
2310 4518 2408 4588 ipsi
2437 4508 2592 4573 datus
2611 4526 2695 4573 est
2719 4518 3064 4588 principatus,
3094 4529 3148 4573 et
3176 4517 3366 4583 honor,
3394 4528 3450 4574 et
3478 4534 3698 4591 regnum

2157 4620 2211 4665 et
2239 4624 2426 4664 omnes
2457 4609 2634 4680 pepuli
2659 4650 2673 4675 ,
2702 4610 2872 4664 tribus
2895 4649 2911 4675 ,
2941 4610 3135 4680 linguae
3162 4610 3263 4680 ipsi
3294 4602 3557 4666 servient.
3594 4612 3698 4666 Pen

2157 4711 2267 4756 stas
2297 4702 2412 4770 ejus
2439 4711 2677 4771 petestas
2705 4710 2905 4757 aeterna
2928 4743 2945 4769 ,
2990 4718 3109 4773 qua:
3143 4719 3248 4758 non
3278 4706 3637 4773 pertransibit
3655 4748 3670 4771 ,

2157 4810 2380 4866 regnum
2423 4794 2541 4865 ejus
2568 4810 2675 4851 non
2712 4806 3104 4866 corrumpetur.
3140 4815 3161 4852 s
3193 4796 3329 4864 Quid
3355 4838 3370 4862 ,
3406 4813 3605 4868 quasso
3631 4838 3651 4865 ,
3679 4800 3698 4851 ll

2156 4887 2333 4942 verbis
2373 4887 2740 4941 manifestius?
2782 4886 2852 4940 Et
2890 4904 3060 4941 omnes
3099 4889 3294 4959 pepuli,
3326 4889 3523 4958 inquit,
3562 4890 3698 4943 tribu

2158 4978 2348 5048 lingua:
2391 4978 2491 5047 ipsi
2533 4983 2763 5032 servient.
2810 4976 2944 5033 Vide
2987 4988 3044 5033 ut
3089 4993 3299 5033 omnem
3339 4978 3490 5033 orbis
3536 4992 3698 5051 gente

2155 5070 2470 5138 complexus
2494 5070 2580 5124 sit.
2612 5070 2745 5124 Vide
2769 5078 2827 5124 ut
2851 5080 2906 5126 et
2923 5069 3117 5139 judicia
3139 5070 3403 5139 acceperit
3430 5070 3678 5126 tribunal

2157 5171 2495 5233 poteStatem.
2524 5160 2599 5215 Ne
2624 5162 2765 5215 enim
2796 5160 2845 5214 id
2876 5175 2997 5216 esse
3028 5162 3403 5229 temporarium
3437 5162 3698 5216 existimo

2157 5255 2233 5310 ait
2262 5272 2275 5307 :
2309 5254 2436 5321 Quae
2472 5269 2573 5307 non
2613 5252 2933 5320 pertransibit
2971 5266 2991 5305 .°
3029 5262 3075 5306 et
3101 5268 3310 5322 regnum
3339 5252 3480 5306 illius
3508 5270 3624 5307 non
3652 5269 3698 5307 ct

2157 5356 2421 5416 rumpetur
2446 5362 2465 5399 :
2490 5344 2584 5398 sed
2612 5351 2715 5398 stat
2742 5359 2803 5397 ac
2833 5353 3032 5398 manet.
3066 5344 3217 5410 Quod
3247 5343 3291 5398 si
3324 5343 3485 5398 iidem
3521 5361 3639 5399 non
3670 5346 3698 5398 h

2159 5438 2253 5494 bes
2274 5482 2289 5502 ,
2320 5454 2347 5491 a
2375 5438 2536 5493 rebus
2565 5437 2908 5507 persuadere.
2938 5436 3098 5491 Vides
3133 5436 3491 5506 :equalitatem
3532 5438 3698 5493 Ιιοηοι

2158 5547 2279 5588 cum
2311 5530 2506 5585 Patre?
2546 5530 2678 5584 Nam
2706 5528 2828 5600 quia
2864 5527 3033 5583 Filius
3070 5536 3189 5598 post
3218 5528 3428 5583 Patrem
3461 5528 3698 5597 apparni

2158 5634 2376 5693 propter
2402 5622 2505 5677 hoc
2533 5622 2608 5677 ait
2633 5637 2755 5677 eum
2783 5620 2993 5677 venisse
3022 5635 3143 5675 cum
3170 5620 3418 5675 nubibus.
3468 5619 3641 5688 Quod
3672 5636 3698 5674 a

2165 5722 2274 5769 tem
2302 5713 2557 5770 existeret
2582 5721 2636 5769 et
2663 5720 2841 5783 antea,
2867 5712 3065 5769 clarum
3093 5722 3176 5769 est
3203 5724 3269 5768 es
3311 5709 3445 5781 ipsis
3474 5712 3697 5769 nubibw
