3734 6278
109 326 209 382 251

108 442 312 509 312.064,-
344 436 551 497 εἶλκεν
590 444 1064 514 ἐκπορευόμενος
1104 445 1444 515 ἔμπροσθεν
1484 444 1691 498 αὑτοῦ.

107 530 314 582 Χίλιαι
363 529 635 598 χιλιάδες
684 531 1107 601 ἐλειτούργουν
1143 530 1325 596 αὐτῷ,
1355 531 1453 585 καὶ
1492 531 1709 603 μύριαι

102 617 406 685 μυριάδες
436 619 950 688 παρειστήκεισαν
969 621 1311 690 ἔμπροσθεν
1331 619 1539 677 αὑτοῦ.
1557 621 1693 693 Κρι-

106 705 322 776 τήριον
340 706 605 771 ἐκάθισε,
625 707 720 760 καὶ
741 707 946 770 βίϐλοι
967 706 1379 775 ἀνεῴχθησαν.
1406 705 1695 758 Συντείνω-

108 815 212 868 μεν
242 798 347 868 τὴν
379 796 643 861 διάνοιαν,
674 796 966 867 ἀγαπητοί.
1000 797 1074 849 Ού
1111 796 1219 867 γὰρ
1260 796 1386 865 1:591
1422 793 1631 864 μικρῶν
1663 794 1693 844 6

104 889 267 954 λόγος
312 886 453 939 ἐστί.
489 887 731 953 Θρόνοι,
766 886 958 957 φησὶν,
992 883 1306 950 ἐτέθησαν,
1353 882 1453 938 καὶ
1494 886 1526 937 ό
1574 888 1691 939 Πα·

101 974 282 1041 λαιός
332 973 572 1046 ἡμερῶν
612 974 890 1041 ἐκάθητο.
944 972 1039 1037 Τίς
1078 975 1227 1027 ἐστιν
1259 968 1446 1039 οὗτοςς
1479 972 1690 1046 Ὠσπερ

103 1063 353 1126 ἀκούσας
382 1062 573 1134 ἄρκον,
606 1063 708 1116 οὐκ
740 1063 909 1134 ἄρκον
940 1062 1188 1134 ἐνόησας,
1220 1062 1315 1116 καὶ
1346 1061 1584 1123 λέαιναν,
1626 1063 1686 1117 οὐ

103 1149 266 1205 τοῦτο
296 1148 642 1213 ύπώπτευες,
668 1148 803 1207 ἀλλὰ
834 1148 1140 1219 βασιλείας·
1170 1150 1264 1201 καὶ
1299 1146 1593 1212 Θάλασσαν,
1622 1146 1684 1200 ού

104 1238 409 1304 θάλασσαν,
455 1235 589 1292 ἀλλὰ
614 1236 715 1307 τὴν
757 1234 1106 1307 οἰκουμένην,
1140 1234 1208 1288 δι’
1237 1234 1437 1307 ἐτέρων
1486 1232 1683 1305 ἕτεραο

103 1324 250 1378 οὕτω
292 1325 389 1378 καὶ
426 1322 540 1377 νῦν.
576 1321 809 1387 Παλαιὸς
847 1321 1070 1393 ἡμερῶν
1103 1322 1156 1374 τί
1201 1322 1381 1385 ἐστινς
1427 1321 1677 1390 Γεγηρα-

105 1416 222 1467 κὸτι
251 1415 364 1466 τινὶ
397 1411 578 1483 ἐῴκει.
610 1413 755 1485 Πρὸς
777 1413 887 1485 γὰρ
908 1413 1010 1475 τὰς
1038 1411 1226 1483 χρείας
1262 1410 1370 1464 τῶν
1426 1411 1685 1481 πραγμά-

103 1519 231 1565 των,
266 1501 339 1555 δι’
376 1500 443 1564 ἃς
480 1501 750 1569 φαίνεται,
797 1501 957 1552 τυποῖ
1000 1499 1211 1561 ἑαυτὸν,
1270 1496 1420 1570 [259]
1471 1498 1683 1561 δεικνύς

103 1591 183 1643 ἇτι
236 1591 356 1653 τοῖς
416 1588 677 1651 τοιούτοις
724 1586 1075 1641 πιστεύεσθαι
1126 1585 1195 1639 τὰ
1239 1586 1495 1657 κριτήρια
1551 1586 1679 1655 χρή.

106 1678 322 1750 Ὠσπερ
368 1676 477 1749 γὰρ
523 1677 709 1747 θρόνον
756 1675 968 1730 ἀκούων
1017 1675 1139 1746 οὐχὶ
1190 1673 1459 1746 καθέδραν
1506 1675 1645 1738 νοεῖς
1665 1692 1678 1705 ·

102 1766 237 1819 ἀλλὰ
272 1766 393 1828 πῶς
432 1765 524 1819 τὸν
566 1764 828 1835 χυδαϊόν⁸
874 1780 959 1827 τις
990 1762 1376 1828 ἐπισπάσαιτο,
1413 1762 1535 1815 ἐπεὶ
1589 1762 1682 1815 καὶ

103 1852 339 1923 ἀλλαχοῦ
365 1853 706 1922 ὡπλισμένος
731 1850 1001 1923 φαίνεται,
1023 1850 1117 1904 καὶ
1144 1849 1407 1921 ἑτέρωθεν
1430 1851 1683 1921 ᾑμαγμέ-

104 1958 224 2005 νος;
258 1940 433 1995 Τοῦτο
458 1936 555 1996 οὖν
594 1939 841 2009 βούλεται
867 1938 1056 2004 δείξαι,
1086 1938 1169 1991 ὅτι
1199 1937 1434 2007 κρίσεως
1463 1937 1674 2008 καιρός.

109 2031 175 2083 Τὸ
228 2029 467 2098 ἔνδυμα
517 2028 733 2093 αὑτοῦ,
785 2026 929 2081 ὡσεὶ
983 2026 1151 2096 χιὼν,
1210 2026 1454 2080 λευκόν.
1518 2026 1678 2089 Τίνος

101 2116 287 2168 ἕνεκεν
314 2132 332 2181 ;
361 2115 486 2167 Ὅτι
533 2114 655 2183 οὐχὶ
703 2114 937 2185 κρίσεως
988 2113 1176 2186 καιρὸς
1209 2113 1387 2184 μόνον,
1418 2112 1555 2166 άλλὰ
1581 2114 1677 2167 καὶ

100 2202 512 2266 ἁνταποδόσεως
535 2217 550 2232 ·
597 2201 680 2255 ὅτι
726 2199 933 2265 πάντας
978 2199 1058 2252 δεῖ
1106 2199 1257 2270 αὐτῷ
1301 2199 1675 2271 παραστῆναι’

99 2289 176 2340 ὅτι
215 2288 291 2343 Τὸ
336 2287 516 2357 κρῖμα
552 2286 760 2351 αὑτοῦ,
806 2288 971 2357 φησὶ,
1003 2287 1087 2352 ὠς
1120 2285 1244 2356 φῶς
1272 2287 1676 2353 ἐξελεύσεται.

100 2372 229 2430 Εἶτα
264 2379 481 2445 Θρόνοι
530 2377 846 2444 ἐτέθησαν.
882 2378 958 2437 Οὐ
1010 2377 1209 2449 θρόνοι,
1247 2379 1307 2433 ἐν
1368 2373 1448 2441 οἷς
1486 2379 1679 2442 Καθή-

100 2471 305 2527 σεσθε,
333 2467 488 2536 φησὶ,
514 2466 613 2519 ἐπὶ
641 2465 870 2519 δώδεκα
897 2464 1182 2532 θρόνους;
1212 2463 1320 2519 Καὶ
1342 2465 1380 2534 ἠ
1408 2465 1539 2533 θρὶξ
1568 2466 1679 2535 τῆς

99 2552 372 2621 κεφαλῆς
400 2552 587 2607 αὐτοῦ
618 2552 763 2606 ὡσεί
790 2553 954 2622 ἔριον
976 2552 1256 2621 καθαρόν.
1287 2553 1361 2606 Τὸ
1391 2552 1504 2624 πῦρ
1523 2544 1677 2609 οὐδὲν

99 2640 411 2712 ἀνήλισκεν,
439 2640 625 2710 ἐπειδὴ
652 2641 761 2712 γὰρ
788 2641 1018 2713 ἥμερον.
1052 2638 1204 2705 Εἶδες
1227 2638 1349 2711 ὄψιν
1376 2642 1468 2695 καὶ
1490 2643 1675 2714 σχῆμα

97 2728 373 2781 ⁶πολιτικὸν
417 2729 513 2782 καὶ
563 2728 984 2800 δημαγωγικόν;
1027 2729 1085 2782 Ὀ
1117 2728 1303 2801 θρόνος
1344 2730 1565 2799 ἐφόϐει,
1597 2731 1678 2802 τῷ

98 2816 410 2887 πολύπυρος
436 2812 575 2870 εἶναι
593 2832 608 2848 ο
641 2816 752 2890 πῦρ
783 2818 883 2887 οὐχ
908 2816 1116 2882 ἁπλῶς.
1148 2817 1283 2872 ἀλλὰ
1312 2818 1533 2889 φλέγον.
1560 2821 1675 2874 Ἵνα

95 2906 200 2974 γὰρ
257 2905 337 2975 μὴ
398 2905 626 2976 νομίσῃς
672 2905 762 2958 διὰ
812 2905 912 2977 τὴν
961 2905 1144 2960 εἰκόνα
1206 2906 1671 2978 παραϐεϐλῆσθαι.

96 2991 443 3061 προσέθηκεν
466 2991 632 3046 αὑτοῦ
673 2993 775 3063 τὴν
816 2993 1118 3062 ἐνέργειαν,
1150 2991 1320 3047 εἰπὼν
1358 2994 1456 3064 οὐχ
1488 2994 1674 3058 ἁπλῶς

95 3079 229 3150 πῦρ,
272 3078 436 3145 ἀλλὰ,
486 3079 614 3149 Πῦρ
659 3079 907 3148 φλέγον.
951 3080 1221 3149 Ποταμὸς
1251 3080 1441 3148 πυρὸς
1468 3076 1675 3136 εἷλκεν

96 3167 441 3237 ἔμπροσθεν
480 3168 689 3222 αὑτοῦ.
734 3169 931 3222 Χίλιαι
964 3166 1231 3237 χιλιάδες
1257 3168 1675 3238 ἐλειτούργουν

94 3255 271 3321 αὐτῷ,
310 3257 417 3310 καί
448 3256 656 3326 μύριαι
700 3256 986 3326 μυριάδες
1025 3256 1532 3327 παρειστήκεισαν
1576 3258 1675 3327 ἐμ-

94 3350 359 3414 αροσθεν
379 3348 589 3403 αὑτοῦ.
612 3347 924 3417 Κριτήριον
949 3346 1251 3403 ἐκάθισεν.
1282 3346 1560 3413 Τουτέστι,
1586 3348 1674 3403 διὰ

93 3433 249 3487 τοῦτο
276 3433 633 3506 παρεγένετο,
672 3435 813 3489 ὥστε
850 3435 1131 3508 κριτήριον
1161 3434 1403 3489 καθίσαι.
1435 3436 1542 3490 Καὶ
1575 3436 1689 3505 βία,

95 3523 220 3575 ϐλοι
255 3522 677 3593 ἀνεῴχθησαν.
704 3522 768 3575 Τί
794 3523 1001 3592 λέγεις;
1032 3523 1253 3595 βιϐλίων
1274 3525 1303 3577 6
1327 3523 1457 3587 Θεὸς
1482 3524 1670 3587 δεῖται,

24 3636 25 3639 η
103 3608 161 3660 '0
186 3607 262 3661 τὰ
286 3608 488 3663 πάντα
508 3608 679 3675 εἰδὼς
702 3609 845 3679 πρίν
864 3608 1155 3681 γενέσεως
1179 3607 1411 3676 αὐτῶν;
1443 3611 1497 3662 '0
1527 3609 1675 3664 πλά-

93 3712 202 3762 σας
233 3695 390 3750 κατὰ
421 3696 619 3764 μόνας
655 3698 763 3763 τὰς
798 3696 1043 3767 καρδίας
1072 3696 1301 3763 αὑτῶν;
1341 3698 1499 3752 Ἀλλὰ
1532 3699 1671 3752 κατὰ

94 3783 176 3834 τὸν
222 3783 390 3853 νόμον
438 3782 550 3836 τῶν
593 3785 870 3856 ἀρχόντων
910 3785 1114 3839 τούτων
1154 3784 1329 3855 λέγει,
1369 3786 1559 3859 ὥσπερ
1606 3787 1673 3841 τὰ

94 3872 459 3941 ὑπομνήματα
487 3872 784 3942 πράττεται
814 3876 943 3945 παρ’
972 3876 1127 3946 ἡμῖν.
1158 3874 1423 3947 Καθάπερ
1452 3876 1558 3949 γὰρ
1583 3878 1669 3928 ὲν-

93 3958 263 4010 ταῦθα
293 3959 353 4011 οὐ
382 3960 475 4013 διὰ
510 3958 669 4014 τοῦτο
696 3961 1140 4033 ἀναγινώσκεται,
1175 3960 1315 4017 ὥστε
1353 3961 1541 4031 μαθεῖν
1577 3962 1668 4014 τὸν

92 4043 321 4114 ἄρχοντα
359 4046 539 4116 μόνον,
573 4047 684 4099 ἀλλ’
706 4045 1107 4118 ῶστεφανῆναι
1136 4047 1347 4107 δικαίαν
1373 4042 1537 4107 οὖσαν
1568 4049 1667 4119 τὴν

93 4132 272 4209 κρίσιν
299 4149 311 4163 ο
342 4132 486 4186 οὕτω
521 4135 614 4187 καὶ
639 4134 780 4199 τότε,
813 4136 861 4188 εί
886 4134 990 4193 »καὶ
1020 4130 1129 4188 οἶδε
1158 4134 1382 4198 δικαίως
1411 4135 1665 4201 δικάζων,

88 4217 197 4271 ἀλλ’
228 4220 381 4290 ὅμως
414 4221 619 4290 ἀνοίγει
648 4222 747 4286 τὰς
780 4223 1011 4293 βίϐλους.
1050 4224 1206 4286 Τίνος
1240 4224 1453 4291 ἕνεκεν;
1490 4225 1555 4277 Τί
1582 4224 1667 4277 λέ-

90 4322 218 4372 γεις,
233 4307 333 4359 καὶ
346 4308 398 4359 τί
415 4306 591 4372 θέλεις
607 4310 778 4363 εἰπεῖν
795 4326 809 4374 ;
827 4309 983 4374 Τίνος
997 4310 1178 4365 ἕνεκεν
1205 4311 1265 4363 ού
1283 4311 1427 4379 λέγει
1457 4311 1549 4364 καὶ
1568 4312 1666 4376 τὰς

90 4393 284 4460 τιμὰς;
328 4389 497 4447 Εἶπεν
529 4411 543 4425 ·
578 4396 785 4464 Θρόνοι
827 4396 1141 4465 ἐτέθησαν,
1186 4397 1307 4450 ἐπεὶ
1344 4398 1437 4451 καὶ
1470 4399 1497 4450 6
1534 4397 1665 4461 Θεὸς

89 4479 286 4543 ταύτας
317 4480 518 4553 ὥρισεν
555 4496 571 4511 ·
609 4482 795 4553 ἐπειδὴ
821 4483 878 4537 δὲ
911 4484 1002 4537 καὶ
1038 4484 1137 4537 οὐκ
1172 4484 1506 4556 ἠκούσαμεν,
1541 4485 1663 4538 τότε

89 4569 178 4639 τὴν
204 4570 480 4641 τιμωρίαν
508 4572 601 4624 καὶ⁵
632 4572 731 4641 τὴν
757 4571 995 4627 κόλασιν.
1018 4571 1129 4627 Καὶ
1154 4571 1250 4642 οὐχ
1277 4574 1409 4643 ἡμῖν
1441 4572 1662 4644 πρώτην

88 4655 289 4726 ταύτην
312 4656 490 4726 ἀφῆκε
525 4658 739 4728 φωνήν;
784 4658 925 4712 Ἀπὸ
947 4660 1078 4713 τότε
1106 4658 1349 4727 ἤρξατο,
1378 4661 1532 4732 φησὶ,
1559 4678 1664 4729 κη-

83 4744 337 4809 ρύσσειν
356 4744 471 4810 τὴν
484 4746 814 4810 βασιλείαν
830 4748 951 4800 τῶν
972 4746 1262 4816 οὐρανῶν.
1278 4749 1461 4818 Μηδὲν
1479 4766 1665 4821 σωμα-

86 4835 226 4888 τικὸν
257 4835 557 4907 ὑπολάϐῃς,
574 4836 845 4906 άγαπητὲ,
869 4837 1002 4909 μηδὲ
1016 4838 1475 4911 ὲμπεριειλῆφθαι
1491 4840 1665 4914 θρόνῳ

84 4923 412 4995 τὸνάπειρον
431 4923 563 4976 Θεὸν
582 4923 827 4997 νομίσῃς.
852 4928 915 4979 Εἰ
944 4926 1054 4998 γὰρ
1080 4929 1182 4983 Ἐν
1207 4926 1282 4996 τῇ
1312 4929 1461 4997 χειρί
1478 4931 1664 4985 αὐτοῦ

85 5012 147 5062 τὰ
185 5011 425 5079 πέρατα
462 5009 575 5078 τῆς
601 5011 715 5081 γῆς
746 5029 762 5045 ο
796 5014 845 5065 εἰ
879 5011 959 5067 Τὰ
988 5013 1096 5082 ὄρη
1134 5014 1359 5083 ἔστησε
1389 5015 1538 5086 ζυγῷ
1565 5035 1579 5047 θ
1616 5019 1664 5070 εί

82 5096 282 5153 Πάντα
318 5101 394 5153 τὰ
432 5099 580 5169 ἔθνη
611 5101 691 5167 ὠς
722 5102 932 5168 σίελος
963 5102 1220 5158 ἐνώπιον
1250 5105 1435 5159 αὑτοῦ
1466 5106 1664 5174 ἐλογίσ

79 5190 213 5254 σθη,
247 5188 347 5243 και
376 5189 461 5256 ὡς
488 5190 795 5259 κονιορτὸς
831 5190 1090 5245 ἐνώπιον
1124 5193 1309 5247 αὐτοῦ
1342 5194 1415 5247 τὰ
1447 5193 1661 5257 πάντα,

78 5275 145 5339 ὡς
180 5278 351 5342 αὑτός
393 5295 528 5347 φησι
563 5295 580 5312 ο
623 5282 776 5344 ποῖος
809 5281 974 5345 τόπος
1014 5281 1137 5336 ὅλον
1179 5281 1315 5353 ὁμοῦ
1354 5283 1664 5352 περιϐαλεῖν

77 5365 393 5438 δυνήσεταις
433 5368 596 5423 Ἀλλὰ
623 5370 710 5435 τί;
737 5371 852 5426 Οὐκ
883 5370 1002 5425 ἔστι
1034 5372 1211 5439 τοῦτο,
1246 5375 1344 5429 οὐκ
1378 5374 1665 5446 ἐναπεί).η-

20 5642 23 5653 ’
131 5652 235 5716 {Si
264 5652 491 5715 logamus
507 5655 565 5703 τὸ
587 5655 798 5716 χυδαῖον,
829 5656 960 5707 clara
1001 5663 1151 5708 erunt
1172 5658 1348 5709 omnia.
1374 5656 1549 5708 Postea
1588 5671 1665 5710 re-

72 5713 228 5765 m
252 5713 464 5778 ἑτέρωθι.

386 5759 663 5852 iam“.
697 5759 823 5851 Gl:
860 5790 1016 5850 LVI.

1509 330 1577 386 ΙΝ
1612 330 1982 391 ΒΑΝΙΕιΕῐιῐ.

3268 347 3378 403 252

1798 464 1927 501 πται
1944 449 2133 522 θρόνῳ.
2158 452 2288 506 Εἰδὲ
2304 453 2503 523 ἔνδυμα
2525 449 2658 524 εἶχε,
2682 455 2797 518 πῶς
2824 458 2922 511 ούκ
2950 458 3221 529 ἀνήλωσεν
3243 460 3376 514 αὐτὸ

1791 534 1852 587 τὸ
1877 535 2021 605 πῦρ;
2053 537 2172 601 πῶς
2197 535 2247 591 εἶ
2270 539 2325 593 δὲ
2352 540 2416 608 (Γ.
2448 541 2556 610 εἴη)
2581 541 2814 605 Παλαιὸς
2843 543 3083 614 ἡμερῶν,
3115 546 3142 597 ὁ
3172 545 3191 616 ί
3215 546 3255 612 Ῑ.
3278 546 3373 616 δςζ

1790 622 1898 692 πρὸ
1918 625 2132 678 πάντων
2153 627 2262 680 τῶν
2282 628 2492 682 αἰώνων
2517 629 2760 699 ὑπῆρχες
2784 630 2900 692 πῶς
2919 630 2975 682 δὲ
2997 632 3088 683 καὶ
3111 633 3336 696 παλαιός
3354 648 3372 694 ς

1788 707 1872 761 Σὺ
1894 708 2023 780 γὰρ,
2040 714 2191 781 φησὶ,
2212 713 2362 785 [240]
2388 717 2421 768 ό
2439 715 2619 780 αὐτὸς
2635 711 2705 767 εί.
2727 714 2849 777 Πῶς
2873 711 2964 767 οὖν
2988 716 3215 781 παλαιός
3231 736 3245 783 ;
3263 719 3373 772 Kal

1789 793 1860 845 τὰ
1883 794 1988 862 ἔτη
2006 810 2123 851 σου
2151 798 2279 869 γὰρ,
2308 801 2460 869 φησὶ,
2486 802 2597 854 οὐκ
2619 800 3033 868 ἐκλείψουσιν.
3062 801 3185 864 Πῶς
3204 803 3259 854 δὲ
3278 802 3373 861 καὶ

1786 878 1989 951 ἔνδυμα
2026 884 2220 951 γένοιτ’
2259 885 2325 940 ἂν
2362 886 2491 957 περὶ
2528 886 2618 938 τὸν
2658 886 2883 953 ἄπειρον
2919 886 3011 939 καὶ
3044 886 3367 958 ἁσώματονς

1790 965 1943 1019 Οὐδὲ
1969 967 2081 1038 γὰρ
2109 968 2216 1036 τῆς
2234 972 2667 1041 μεγαλωσύνης
2692 971 2901 1035 αὐτοῦ,
2927 972 3080 1044 φησὶ,
3107 973 3237 1027 ἐστι
3262 977 3368 1028 πέ-

1777 1068 1913 1120 ρας.
1947 1055 2056 1108 Καὶ
2085 1056 2244 1110 πάλιν
2271 1074 2285 1089 ⁸
2329 1058 2472 1113 Ἐὰν
2494 1059 2693 1113 ἀναϐῶ
2727 1062 2813 1125 εὶς
2847 1060 2951 1113 τὸν
2975 1062 3256 1129 οὐρανὸν,
3285 1062 3367 1117 σὺ

1783 1140 1910 1194 ἐκεῖ
1927 1138 1986 1195 εἷ
2004 1159 2017 1173 ·
2043 1142 2153 1197 ἐὰν
2175 1145 2405 1200 καταϐῶ
2438 1148 2526 1213 είς
2554 1146 2659 1200 τὸν
2684 1145 2857 1215 ᾅδην,
2889 1146 3081 1216 πάρει.
3123 1150 3247 1214 Πῶς
3275 1146 3369 1205 06v

1787 1229 1984 1301 ἰματίῳ
2011 1236 2409 1305 περιεγράφετο
2437 1236 2779 1307 ἀνθρωπίνῳ,
2803 1236 2895 1290 καὶ
2934 1235 3055 1289 οὔτε
3091 1236 3247 1292 τοῦτο
3281 1240 3369 1293 άν-

1782 1316 2031 1387 ήλισκεν;
2074 1321 2232 1376 Ἀλλὰ
2262 1323 2369 1393 μὴν
2397 1323 2489 1377 καὶ
2517 1324 2681 1393 ἕτερα
2714 1322 2883 1376 πολλὰ
2905 1323 3136 1394 ἠδύνατο
3175 1326 3301 1379 ἰδεῖν
3338 1329 3368 1380 6

1785 1408 2088 1478 προφήτης.
2133 1410 2256 1474 Πῶς
2282 1411 2340 1465 δὲ
2373 1411 2555 1482 τρίχες
2592 1414 2651 1464 ὲν
2683 1412 2817 1482 πυρὶ
2847 1413 2947 1466 οὐκ
2979 1412 3360 1483 ἀνηλίσκοντος

1780 1493 1881 1547 Διὰ
1921 1494 2031 1567 γὰρ
2072 1495 2229 1550 τοῦτο
2272 1500 2552 1569 ἐπήγαγεν
2594 1515 2609 1530 ⁸
2651 1500 2716 1552 '0
2757 1499 2972 1567 θρόνος
3016 1501 3203 1555 αὑτοῦ
3246 1501 3366 1569 πῦρ

1778 1580 2022 1651 φλέγον.
2062 1586 2173 1638 Kal
2196 1586 2401 1650 ,βίϐλοι
2433 1586 2847 1656 ἀνεῴχθησαν.
2873 1588 3040 1640 Ὥστε
3069 1588 3368 1642 αὐτοκατά-

1779 1686 1964 1740 κριτον
1992 1671 2239 1739 γενέσθαι
2262 1673 2351 1726 τὸν
2375 1675 2715 1744 κρινόμενον.
2747 1674 3074 1742 Ἐθεώρουν
3092 1676 3224 1729 τότε
3245 1676 3364 1730 ἀπὸ

1776 1757 1983 1826 φωνῆς
2029 1757 2150 1812 τῶν
2195 1761 2392 1830 λόγων
2434 1758 2554 1814 τῶν
2589 1761 2888 1831 μεγάλων,
2935 1756 3024 1815 ὧν
3067 1762 3135 1815 τὸ
3185 1762 3365 1828 κέρας

1775 1844 1971 1898 ἐκεῖνο
1998 1845 2224 1901 ἐλάλει.
2264 1846 2506 1915 Θεωρῶν
2530 1846 2713 1917 ἥμην,
2740 1848 2850 1914 ἓως
2877 1848 3133 1917 ἀνῃρέθη
3160 1851 3227 1902 τὸ
3260 1853 3363 1917 θη-

1768 1933 1926 2000 ρίον,
1968 1934 2067 1987 καί
2111 1933 2399 2000 ἀπώλετο,
2440 1935 2547 1988 ἀπὸ
2580 1934 2679 2005 τῆς
2713 1935 3134 2007 μεγαληγορίας.
3169 1937 3360 1991 Καίτοι

1790 2018 2131 2090 Ἀλέξανδρος
2172 2022 2540 2095 προσεκύνησε
2585 2023 2677 2076 τὸν
2719 2022 2873 2079 Θεόν.
2911 2023 3022 2077 Kal
3070 2022 3138 2077 τὸ
3182 2023 3360 2093 σῶμα

1774 2108 1960 2162 αὐτοῦ
1999 2109 2177 2177 ἐδόθη
2210 2112 2299 2176 είς
2332 2110 2553 2166 καῦσιν
2591 2111 2797 2177 πυρός.
2839 2109 2948 2165 Kal
2981 2109 3100 2164 τῶν
3129 2110 3359 2165 λοιπῶν

1776 2196 1994 2262 θηρίων
2022 2195 2356 2265 μετεστάθη
2390 2199 2431 2266 ἠ
2468 2196 2623 2265 ἀρχή
2650 2213 2664 2227 ο
2703 2197 2799 2251 καὶ
2835 2196 3176 2267 μακρότηςιι
3210 2196 3361 2264 ζωῆς

1774 2282 1951 2349 ἐδόθη
1974 2284 2177 2350 αὐτοῖς
2203 2284 2314 2351 ἕως
2350 2284 2569 2353 καιρῶν
2599 2286 2697 2339 καί
2732 2284 2961 2352 καιροῦ.
2980 2285 3048 2347 ,Εἰ
3080 2283 3176 2345 καὶ
3207 2284 3362 2348 τέλος

1775 2369 1950 2439 ἔσχον,
1986 2370 2099 2429 ἀλλ’
2130 2357 2279 2439 ὅμως
2310 2372 2466 2431 τοῦτο
2504 2372 2739 2441 ἐγένετο.
2783 2372 2892 2426 Kal
2932 2372 3257 2439 κετεκαύθη
3292 2372 3360 2425 τὸ

1775 2459 2005 2525 θηρίον,
2035 2458 2226 2513 καὶτὸ
2251 2459 2423 2530 σῶμα
2455 2461 2641 2515 αὐτοῦ
2679 2460 2921 2529 ἐκαύθη.
2967 2459 3040 2521 Τὸ
3078 2457 3361 2521 παντελῶς

1773 2546 2078 2619 ἀνῃρῆσθαι
2093 2548 2259 2619 δηλοῖ.
2278 2549 2596 2618 Ἐθεώρουν
2612 2550 2685 2603 ἐν
2706 2548 2947 2619 ὁράματι
2970 2546 3085 2615 τῆς
3106 2547 3323 2613 νυιτός
3340 2563 3356 2578 ⁸

1773 2635 1871 2689 καὶ
1901 2635 2030 2690 ίδοὺ
2054 2637 2205 2711 μετὰ
2235 2638 2352 2691 τῶν
2376 2637 2649 2708 νεφελῶν
2681 2637 2787 2691 τοῦ
2822 2635 3081 2705 ούρανοῦ
3100 2636 3190 2700 νὼς
3227 2633 3361 2699 Υἱὸς

1772 2721 2084 2791 ἀνθρώπου
2123 2724 2444 2794 ἐρχόμενος
2474 2719 2572 2797 ἦν.
2615 2724 2710 2788 Τίς
2751 2723 2920 2777 ταῦτα
2954 2723 3165 2791 ἀγνοεῖς
3213 2731 3237 2760 ο
3276 2719 3361 2784 τίς

1771 2808 2052 2879 διαϐλέψαι
2083 2810 2401 2881 δυνήσεται;
2439 2812 2515 2883 μὴ
2543 2811 2651 2880 γὰρ
2679 2809 2885 2883 Πέτρος
2916 2811 3086 2864 ταῦτα
3121 2808 3289 2878 λέγει,
3312 2802 3359 2861 ὦ

1772 2897 2021 2963 Ἰουδαῖε;
2061 2898 2135 2969 μὴ
2169 2898 2279 2971 γὰρ
2304 2898 2548 2965 Παῦλος;
2580 2896 2688 2954 Kal
2728 2898 2877 2962 ἰδοὺ,
2908 2898 3072 2969 φησὶ,
3106 2897 3189 2966 ὠς
3223 2896 3360 2963 Υίὸς

1771 2984 2082 3055 ἀνθρώπου
2105 2984 2424 3055 ἐρχόμενος
2447 2981 2547 3057 ἦν,
2570 2986 2666 3042 καὶ
2686 2985 2797 3053 ἕως
2815 2983 2922 3040 τοῦ
2944 2983 3215 3042 Παλαιοῦ
3239 2983 3359 3037 τῶν

1772 3074 2006 3143 ἡμερῶν
2031 3074 2315 3145 ἔφθασεν.
2364 3075 2493 3131 Ἰδοὺ
2526 3076 2618 3129 καὶ
2653 3075 2714 3129 τὸ
2743 3074 3029 3145 ὁμότιμον.
3075 3072 3360 3126 Ἐνώπιον

1770 3161 1956 3216 αὐτοῦ
1985 3162 2368 3231 προσηνέχθη
2410 3162 2588 3229 αὐτῷ.
2615 3165 2732 3217 Ἵνα
2761 3164 2890 3216 ὅταν
2922 3162 3035 3232 ἴδῃς
3074 3161 3355 3231 διδομένην

1770 3248 1920 3319 αὐτῷ
1946 3248 2044 3320 τὴν
2071 3248 2365 3318 βασιλείαν,
2400 3248 2476 3322 μὴ
2497 3247 2850 3322 ἀνθρωπίνως
2881 3248 3107 3319 νομίσῃς
3128 3242 3264 3301 εἰναι
3291 3245 3355 3299 τὸ

1769 3334 2031 3389 δεδόσθαι.
2051 3336 2181 3389 Ἀπὸ
2204 3336 2312 3406 γὰρ
2331 3334 2451 3389 τῶν
2469 3335 2739 3406 νεφελῶν
2758 3335 2865 3389 τοῦ
2883 3334 3162 3403 οὐρανοῦ,
3183 3332 3314 3404 φησί
3333 3346 3352 3364 ο

1769 3421 1868 3485 τὰς
1883 3422 1939 3475 δὲ
1956 3422 2183 3491 νεφέλας
2208 3422 2328 3476 ἀντὶ
2342 3422 2435 3476 τοῦ
2450 3422 2680 3494 ούρανοῦ
2698 3421 3145 3494 παραλαμϐάνειν
3164 3419 3352 3473 εἰωθεν

1772 3509 2039 3580 ήΓραφή.
2068 3509 2178 3563 Καὶ
2204 3507 2364 3575 αὑτῷ
2390 3508 2567 3575 ἐδόθη
2597 3510 2635 3577 ἡ
2667 3507 2846 3579 ἀρχὴ.
2869 3508 2968 3562 καί
2994 3508 3033 3575 ἠ
3062 3506 3224 3576 τιμὴ,
3253 3506 3353 3559 και

1769 3599 1809 3665 ἠ
1833 3597 2122 3661 ,βασιλεία
2146 3614 2161 3629 ·
2193 3595 2290 3651 καί
2316 3596 2536 3663 πάντες
2565 3599 2620 3650 οί
2651 3598 2808 3662 λαοὶ,
2838 3596 3047 3666 φυλαί,
3076 3594 3352 3666 γλῶσσαι

1769 3683 1929 3749 αὐτῷ
1971 3684 2435 3741 δουλεύσουσιν.
2481 3684 2543 3738 Ἠ
2580 3684 2833 3748 ἐξουσία
2871 3682 3060 3737 αὐτοῦ
3099 3680 3353 3746 ἐξουσία

1768 3770 2023 3838 αἰώνιος,
2063 3771 2192 3839 ἥτις
2226 3775 2299 3827 οὐ
2332 3773 2764 3840 παρελεύσεται
2800 3789 2813 3801 ·
2858 3770 2956 3826 καὶ
2989 3768 3029 3838 ἡ
3062 3770 3353 3834 ,ϐασιλειά

1768 3861 1953 3915 αὑτοῦ
1997 3863 2068 3915 οὐ
2114 3861 2597 3931 διαφθαρήσεται.
2638 3854 2939 3913 Τίθτούτου
2984 3858 3349 3930 σαφέστερονς

1769 3948 1886 4003 εἰπέ
1914 3966 2023 4019 μοι.
2054 3950 2159 4002 Kal
2190 3948 2412 4013 πάντες
2444 3948 2602 4010 λαοὶ,
2640 3948 2792 4018 φησὶ,
2831 3946 3038 4016 φυλαὶ,
3077 3944 3352 4015 γλῶσσαι

1766 4035 1926 4102 αὐτῷ
1962 4035 2425 4090 δουλεύσουσιν.
2455 4037 2597 4106 Ὅρα
2640 4034 2757 4098 πῶς
2795 4035 2942 4089 ἆπαν
2970 4033 3031 4086 τὸ
3070 4031 3220 4096 ἔθνος
3249 4032 3353 4101 τῆς

1766 4124 2087 4195 οἰκουμένης
2121 4124 2509 4194 περιέγραψεν.
2543 4124 2698 4195 Ὀρα
2728 4123 2822 4175 καὶ
2854 4121 2913 4175 τὸ
2942 4121 3222 4192 κριτήριον
3249 4119 3351 4173 αὺ-

1765 4214 1857 4266 τὸν
1881 4212 2132 4266 λαϐόντα.
2155 4213 2272 4265 ἰνα
2304 4210 2414 4283 γὰρ
2448 4210 2522 4283 μὴ
2546 4211 2738 4282 χρόνου
2761 4209 2988 4283 νομίσῃς
3006 4204 3145 4263 εἶναι
3168 4207 3347 4271 τοῦτο,

1767 4299 1900 4370 φησί
1926 4312 1939 4326 ·
1966 4300 2127 4364 Ἦτις
2146 4300 2219 4352 οὐ
2248 4299 2682 4367 παρελεύσεται
2706 4315 2720 4330 ο
2748 4298 2848 4351 καί
2876 4298 2915 4364 ἠ
2936 4297 3225 4362 ,βασιλεία
3244 4296 3350 4349 αὺ-

1766 4389 1872 4443 τοῦ
1898 4390 1970 4443 οὺ
2001 4387 2469 4457 διαφθαρήσεται
2500 4404 2514 4419 ·
2554 4387 2669 4443 ἀλλ’
2707 4387 2906 4459 ἕστηκε
2946 4384 3042 4441 καὶ
3086 4385 3256 4456 μένει.
3284 4382 3347 4436 Εἰ

1765 4477 1821 4530 δὲ
1852 4477 2122 4539 ἀπιστεῖς,
2143 4475 2253 4530 ἀπὸ
2283 4475 2621 4547 πραγμάτων
2653 4474 2863 4529 πείθου.
2887 4470 3040 4538 Εἶδες
3058 4474 3350 4546 ὀμοτιμίαν

1764 4563 1930 4618 αὐτοῦ
1960 4563 2094 4635 πρὸς
2123 4563 2213 4616 τὸν
2247 4563 2494 4635 Πατέρα;
2530 4561 2749 4634 Ἐπειδὴ
2776 4561 2885 4633 γὰρ
2922 4561 3145 4635 ὕστερος
3175 4560 3349 4633 ἐφάνη

1762 4650 1857 4706 τοῦ
1886 4652 2119 4722 Πατρὸς,
2149 4650 2239 4704 διὰ
2265 4649 2419 4704 10616
2444 4669 2595 4720 φησι,
2629 4651 2709 4705 ὅτι
2734 4646 2865 4722 ἦλθε
2895 4649 3032 4721 μετὰ
3058 4649 3164 4707 τῶν
3192 4666 3350 4717 νεφε-

1763 4739 1891 4803 λῶν.
1924 4740 2046 4793 Ὅτι
2084 4739 2142 4793 δὲ
2174 4734 2243 4808 ἦν
2279 4738 2373 4793 καὶ
2400 4738 2611 4809 πρώην,
2649 4738 2804 4808 δῆλον
2835 4739 2902 4791 ἑκ
2932 4736 3040 4790 τῶν
3067 4735 3305 4805 νεφελῶν
3328 4750 3347 4769 ⁸

1763 4825 1983 4879 ἐπὶτῶν
2003 4824 2240 4894 νεφελῶν
2260 4825 2368 4896 γὰρ
2390 4824 2624 4895 ἔρχεται.
2652 4824 2763 4877 Kal
2780 4822 2941 4889 αὐτῷ
2960 4822 3344 4893 προσηνέχθη

1764 4916 1801 4983 ἡ
1829 4913 1985 4983 τιμή.
2014 4915 2114 4966 Ἦν
2136 4907 2270 4983 εἶχε,
2294 4911 2558 4966 τουτέστι.
2582 4911 2693 4967 Καὶ
2716 4911 2875 4975 λαοὶ,
2906 4912 3114 4980 φυλαὶ,
3149 4909 3345 4982 γλῶσ-

1764 5018 1867 5056 σαι
1899 4998 2058 5065 αὺτῷ
2095 4999 2524 5054 δουλεύσουσι.
2572 5000 2682 5071 Τὴν
2720 4999 2820 5071 μὲν
2856 5000 2963 5071 γὰρ
2997 5000 3171 5073 ἀρχὴν
3200 4995 3346 5072 εῖχεν

1763 5090 1895 5154 ἄνω,
1927 5088 2047 5142 τότε
2077 5088 2133 5142 δὲ
2165 5086 2352 5140 ἐλαϐεν
2382 5087 2554 5157 αὐτὴν
2586 5086 2651 5159 ἢν
2680 5082 2844 5159 εἶχεν.
2876 5089 3084 5161 Ὥσπερ
3117 5088 3224 5161 γὰρ
3254 5089 3347 5143 ἐπὶ

1763 5177 1855 5231 106
1886 5177 2097 5247 Πατρὸς
2120 5179 2257 5240 νοεῖς
2286 5177 2381 5240 τὰς
2406 5176 2618 5248 τρίχας,
2646 5178 2740 5231 καὶ
2761 5178 2830 5231 τὰ
2852 5176 3016 5232 λοιπά
3038 5194 3052 5209 ⁸
3083 5176 3225 5231 οὕτω
3251 5178 3347 5231 καὶ

1764 5265 1940 5319 10610.
1967 5265 2039 5318 Τὸ
2067 5264 2123 5318 δὲ
2154 5263 2365 5332 Ἐδόθη
2404 5262 2575 5338 [ειη
2605 5266 2697 5319 καὶ
2728 5264 2829 5318 ὅσα
2859 5264 3080 5319 τοιαῦτα
3109 5263 3342 5330 ἀκούων,

1825 5590 1854 5629 b
1877 5589 1931 5638 ln
1950 5589 2263 5653 Theodoreto
2281 5602 2537 5653 perperam
2553 5590 2761 5653 habelur
2771 5590 3071 5653 μακαριότης.
3090 5589 3199 5639 Mox
3217 5592 3340 5642 Inan

1765 5654 1864 5702 lem
1884 5665 1994 5716 cum
2028 5653 2221 5716 (δίεισι-ιε
2239 5651 2410 5716 legere
2430 5654 2518 5709 ἕως
2538 5651 2705 5716 καιροῦ
2726 5654 2805 5701 καὶ
2828 5651 3011 5716 χριιροῦ.

1831 5717 1855 5745 °
1877 5715 1959 5770 Τίς
1980 5714 2227 5776 διαϐλέψαι
2249 5713 2513 5770 δυνήσεται.
2540 5713 2826 5765 Addendum
2846 5713 2974 5762 forte
2997 5715 3072 5773 οὐ,
3095 5715 3177 5765 vel
3199 5716 3275 5775 μέ.

2944 5804 3018 5864 15
