3734 6278
336 316 445 375 233

341 429 508 501 μηδὲν
548 424 884 497 ἀνθρώπινον
915 425 1289 497 ὑποπτεύσῃς,
1337 425 1469 496 μηδὲ
1500 422 1751 477 ταπεινὸν
1788 420 1916 492 περὶ

338 521 432 574 τοῦ
454 519 604 573 Υίοῦ.
626 520 834 589 Ὥσπερ
860 519 968 589 γὰρ
992 519 1336 589 γεγηρακότα
1360 517 1520 587 ὁρῶν,
1547 517 1666 585 οὐχὶ
1690 515 1918 584 γέροντα

339 610 685 675 ὑποπτεύεις,
724 608 865 663 οὕτω
901 612 993 660 καὶ
1034 611 1103 662 τὰ
1142 609 1321 661 λοιπά.
1365 607 1455 678 Μὴ
1489 607 1596 676 γὰρ
1638 606 1786 673 ζήτει
1820 603 1918 673 τὴν

341 704 636 772 σαφήνειαν
665 703 723 755 ὲν
746 704 864 763 ταῖς
897 700 1269 771 προφητείαις,
1297 699 1421 752 ἔνθα
1455 698 1604 751 σκιαὶ
1631 698 1723 749 καὶ
1749 695 1921 762 αἱνξγα

346 810 491 864 ματα
521 809 537 824 ο
579 793 727 846 ὥσπε
737 809 768 862 ρ
798 792 887 843 ἐπὶ
924 790 1024 860 τῆς
1052 791 1333 861 ἀστραπῆς
1360 789 1421 842 οὐ
1457 789 1639 860 ζητεῖς
1678 787 1917 856 διηνεκὲς

343 887 479 953 φῶς,
511 884 645 938 ἀλλὰ
666 886 824 957 ἀρκεῖ
847 881 1077 952 φανῆναι
1110 882 1284 952 μόνον.
1313 881 1556 950 Ἐφριξε
1586 879 1650 932 τὸ
1686 878 1919 948 πνεῦμα

337 995 477 1046 μου,
515 975 628 1046 ἐγὼ
661 974 883 1041 Δανιὴλ
910 974 979 1026 ἐν
1007 972 1081 1041 τῇ
1107 973 1224 1037 ἕξει
1252 991 1369 1042 μου
1394 988 1407 1001 ·
1442 973 1541 1027 καὶ
1583 974 1641 1026 ul
1680 971 1920 1040 ὁράσεις

343 1067 451 1135 τῆς
483 1064 750 1135 κεφαλῆς
772 1082 891 1133 μου
923 1064 1263 1133 ἐτάρασσόν
1287 1082 1381 1134 με.
1419 1065 1656 1128 Εἰκότως
1691 1063 1793 1117 ὑπὸ
1820 1066 1918 1134 τῆς

345 1159 517 1227 ὅψεως
542 1156 646 1209 τῶν
668 1155 975 1227 ὁρωμένων.
998 1157 1213 1227 Πατέρα
1234 1157 1324 1209 καὶ
1342 1157 1467 1210 Υἱὸν
1490 1150 1642 1219 οὗτος
1664 1156 1754 1209 καὶ
1771 1154 1918 1227 πρῶ-

343 1270 433 1315 τος
466 1253 558 1305 καὶ
590 1251 746 1321 μόνος
775 1251 895 1321 ὁρᾷ,
921 1250 995 1312 ὡς
1024 1250 1079 1301 ὲν
1106 1248 1244 1319 ὄψει.
1282 1249 1345 1301 Τί
1380 1249 1444 1302 ἂν
1480 1250 1652 1320 ἔχοιεν
1675 1248 1918 1302 Ἰουδαῖοι

344 1342 480 1415 πρὸς
522 1340 679 1395 τοῦτο
713 1342 922 1405 εἰπεῖν,
965 1339 1281 1411 Μελλούσης
1326 1340 1433 1413 γὰρ
1480 1340 1577 1410 τῆς
1618 1340 1920 1412 παρουσίας

343 1435 507 1490 αὑτοῦ
545 1435 727 1489 λοιπὸν
764 1432 1043 1505 ἐγγυτέρω
1080 1428 1239 1501 εἶναι,
1291 1434 1514 1498 εἰκότως
1549 1435 1642 1489 καὶ
1679 1435 1735 1487 αἱ
1769 1433 1919 1502 ὄψεις

345 1528 654 1598 θαυμασταὶ
712 1525 1009 1595 φαίνονται.
1069 1525 1179 1579 Καὶ
1247 1524 1598 1594 προσῆλθον
1655 1523 1745 1578 ἐνὶ
1802 1523 1920 1578 τῶν

344 1616 703 1683 ἑστηκότων,
744 1614 841 1667 καὶ
883 1614 999 1682 τὴν
1033 1614 1336 1682 ἀκρίϐειαν
1379 1612 1627 1679 ἐζήτουν
1652 1611 1787 1679 παρ’
1810 1613 1917 1666 αὺ-

344 1709 451 1763 τοῦ
485 1707 697 1777 μαθεῖν
738 1708 869 1775 περὶ
921 1707 1143 1762 τούτων
1196 1708 1456 1763 πάντων.
1500 1708 1607 1763 Kal
1654 1702 1783 1761 εἶπέ
1818 1724 1919 1775 μοι

344 1803 459 1871 τὴν
507 1800 810 1869 ἀλήθειαν,
860 1800 959 1855 καὶ
1021 1801 1139 1855 τῶν
1195 1803 1392 1871 λόγων
1441 1800 1555 1868 τὴν
1599 1800 1921 1869 σύγκρισιν

343 1893 626 1963 ἐγνώρισέ
661 1893 1013 1966 μοι.Ἐρωτᾷ
1041 1895 1093 1947 τί
1131 1894 1260 1947 ποτέ
1296 1895 1410 1947 ἐστι
1459 1893 1525 1947 τὰ
1579 1892 1878 1964 φαινόμενα
1901 1908 1916 1923 ·

345 1988 437 2040 καὶ
480 1987 735 2057 μανθάνει
786 1986 917 2057 περὶ
957 1985 1051 2039 τοῦ
1099 1987 1483 2057 Ἀντιχρίστου,
1518 1986 1611 2039 καὶ
1660 1985 1921 2056 μανθάνει

348 2079 621 2150 βασιλείαν
642 2078 791 2143 τέλος
821 2080 920 2132 οὐκ
947 2078 1196 2149 ἔχουσαν.
1232 2079 1441 2143 Ταῦτα,
1470 2078 1623 2149 φησὶ,
1648 2076 1720 2132 τὰ
1746 2078 1923 2146 θηρία

344 2170 418 2224 τὰ
458 2169 711 2239 μεγάλα,
748 2168 1041 2238 τέσσαρες
1082 2169 1392 2234 ,βασιλεῖαι
1447 2169 1918 2238 ἀναστήσονται.

345 2261 454 2314 Kal
480 2259 939 2328 παραλήψονται
962 2260 1076 2328 τὴν
1093 2260 1421 2325 ,ϐασιλείαν
1438 2260 1591 2330 ἅγιοι
1616 2261 1920 2328 Ὑψίστου,

344 2352 444 2406 καί
482 2351 846 2416 καθέξουσιν
873 2352 1065 2419 αὐτὴν
1086 2353 1196 2419 ἕως
1215 2353 1446 2420 αἰῶνος,
1465 2353 1561 2406 καὶ
1581 2352 1692 2417 ἕως
1708 2351 1925 2418 αἰῶνος

344 2439 591 2497 αίώνων.
634 2441 745 2496 Kal
784 2440 1031 2509 ἐζήτουν
1075 2444 1328 2512 ἀκριϐῶς
1374 2447 1505 2512 περὶ
1555 2446 1662 2501 τοῦ
1716 2448 1922 2515 θηρίου

347 2533 452 2589 τοῦ
485 2533 785 2603 τετάρτου,
819 2534 906 2590 ὅτι
938 2533 1016 2608 ἦν
1047 2536 1328 2606 διαφέρον
1354 2538 1511 2606 παρὰ
1543 2537 1665 2593 πᾶν
1694 2540 1920 2607 θηρίον,

346 2626 445 2681 καὶ
473 2628 727 2696 φοϐερὸν
745 2627 1047 2697 περισσῶς
1068 2646 1080 2658 ·
1117 2633 1170 2683 οἱ
1194 2630 1434 2697 ὀδόντες
1453 2631 1639 2686 αὐτοῦ
1662 2630 1918 2700 σιδηροῖ,

343 2722 400 2776 al
442 2721 658 2791 ὄνυχες
708 2719 895 2775 αὐτοῦ
935 2723 1179 2792 χαλκοῖ⁸
1217 2723 1425 2779 ἐσθίον
1453 2722 1551 2777 καὶ
1598 2722 1921 2789 λεπτῦνον,

347 2813 445 2867 καὶ
492 2815 564 2869 τὰ
610 2814 891 2869 ἐπίλοιπα
941 2816 1065 2881 τοῖς
1112 2816 1297 2870 ποσὶν
1344 2817 1529 2871 αὐταῦ
1576 2818 1917 2875 συνεπάτει.

347 2903 454 2958 Kal
483 2903 761 2982 περὶτῶν
784 2906 1044 2973 κεράτων
1070 2907 1256 2961 αὐτοῦ
1284 2906 1404 2961 τῶν
1429 2908 1592 2971 δέκα,
1618 2908 1736 2961 τῶν
1753 2910 1823 2963 ἐν
1847 2909 1923 2979 τῇ

347 2993 583 3065 κεφαλῇ’
618 2995 825 3057 αὐτοῦ,
867 2998 963 3050 καὶ
1004 2994 1109 3052 τοῦ
1159 2998 1360 3067 ἐτέρου
1410 2998 1517 3053 τοῦ
1569 2999 1919 3068 ἀναϐάντος,

346 3087 443 3142 καὶ
490 3087 911 3156 ἐκτινάξαντος
934 3090 1052 3144 τῶν
1082 3092 1381 3161 προτέρων
1409 3094 1540 3162 τρία
1563 3110 1575 3124 ·
1606 3094 1703 3150 καὶ
1738 3096 1805 3149 τὸ
1829 3096 1923 3149 κέ-

339 3196 455 3247 ρας
479 3178 695 3244 ἐκεῖνο,
721 3173 770 3248 ᾧ
804 3182 1093 3252 ὀφθαλμοὶ
1122 3182 1302 3251 αὐτῷ,
1329 3185 1427 3237 καὶ
1462 3188 1655 3255 στόμα
1691 3189 1925 3242 λαλοῦν

342 3272 595 3342 μεγάλα,
623 3274 722 3327 καὶ
758 3274 797 3341 ἡ
828 3274 1037 3344 ὅρασις
1068 3276 1253 3330 αὑτοῦ
1277 3276 1487 3347 μείζων
1528 3277 1645 3331 τῶν
1675 3279 1920 3333 λοιπῶν.

362 3365 694 3434 Ἐθεώρουν,
725 3367 822 3420 καὶ
860 3367 927 3420 τὸ
966 3368 1143 3437 κέρας
1186 3369 1381 3424 έκεῖνο
1418 3371 1607 3425 ἐποίει
1656 3374 1926 3440 πόλεμον

342 3457 490 3523 μετὰ
513 3457 630 3510 τῶν
659 3459 862 3527 ἁγίων,
898 3460 994 3513 καί
1026 3462 1247 3531 ἴσχυσε
1275 3463 1424 3531 πρὸς
1449 3463 1690 3529 αὐτοὺς,
1720 3463 1830 3529 ἕως
1851 3459 1924 3519 οὗ

345 3544 534 3617 ἦλθεν
562 3552 597 3602 ό
629 3550 890 3616 Παλαιὸς
918 3550 1036 3604 τῶν
1065 3553 1316 3621 ἡμερῶν,
1351 3554 1449 3607 καὶ
1490 3556 1556 3607 τὸ
1581 3554 1757 3623 κρῖμα
1784 3555 1927 3609 ἐδω-

348 3658 455 3715 κεν
482 3642 671 3715 ἁγίοις
712 3643 1026 3715 Ὑψίστου·
1063 3646 1160 3698 καὶ
1206 3648 1239 3699 ό
1286 3647 1489 3714 καιρὸς
1528 3647 1775 3715 ἔφθασε,
1825 3650 1925 3702 καὶ

347 3710 464 3779 τὴν
504 3712 831 3775 ,ϐασιλείαν
859 3712 1161 3787 κατέσχον
1202 3719 1255 3769 ol
1286 3710 1599 3785 ἅγιοιξΚιὶί
1632 3713 1802 3772 εἶπεν
1829 3719 1929 3772 οὔ·

347 3815 490 3867 τως·
541 3802 610 3855 Τὸ
659 3802 865 3870 θηρίον
909 3802 1301 3874 τύοτέταρτον
1342 3807 1633 3870 ,βασιλεία
1680 3807 1925 3876 τετάρτη

347 3894 518 3946 ἐσται
543 3893 613 3945 ἐν
646 3891 721 3961 τῇ
762 3893 859 3963 γῇ,
890 3893 1022 3961 ἥτις
1050 3896 1324 3964 ὑπερέξει
1356 3896 1558 3964 πάσας
1601 3900 1708 3965 τὰς
1742 3900 1927 3963 ,βασι-

346 3984 538 4050 λείας,
567 3983 665 4037 καὶ
694 3984 1091 4054 καταφάγεται
1118 3985 1326 4042 πᾶσαν
1345 3988 1457 4056 τὴν
1482 3989 1621 4058 γῆν,
1649 3990 1747 4045 καὶ
1773 4005 1929 4061 συμ-

347 4082 604 4150 πατήσει
650 4083 864 4151 αὐτὴν,
910 4085 1010 4140 καὶ
1056 4088 1382 4156 κατακόψει
1434 4087 1647 4154 αὐτήν.
1701 4088 1809 4141 Kal
1855 4088 1929 4141 τὰ

347 4173 496 4228 δέκα
519 4176 737 4243 κέρατα
757 4175 942 4230 αὑτοῦ
966 4176 1111 4230 δέκα
1127 4175 1413 4243 βασιλεῖς
1438 4178 1890 4246 ἀναστήσονται
1908 4194 1921 4209 ·

348 4266 447 4320 καὶ
489 4267 681 4321 ὀπίσω
711 4266 908 4320 αὐτῶν
939 4268 1346 4335 ἀναστήσεται
1384 4270 1604 4337 ἕτερος,
1640 4270 1706 4335 ὃς
1744 4273 1927 4336 ὑπερ-

349 4360 502 4413 οίσει
538 4358 746 4423 κακοῖς
784 4357 1016 4424 πάντας
1058 4359 1198 4424 τοὺς
1232 4361 1589 4429 ἔμπροσθεν,
1632 4362 1729 4414 καὶ
1773 4361 1929 4429 τρεῖς

344 4450 626 4517 βασιλεῖς
659 4449 1031 4503 ταπεινώσει.
1056 4452 1165 4505 Kal
1197 4454 1418 4519 λόγους
1447 4452 1595 4519 πρὸς
1632 4452 1739 4506 τὸν
1759 4453 1928 4521 ’Ὑψι-

350 4554 501 4593 στον
524 4538 804 4604 λαλήσει,
838 4538 935 4591 καὶ
964 4538 1105 4603 τοὺς
1129 4539 1339 4607 ἀγίους
1369 4540 1650 4607 Ὑψίστου
1671 4541 1930 4594 παλαιῶ-

349 4644 466 4696 σει,
502 4631 601 4684 καὶ
634 4630 965 4696 ὑπονοήσει
1014 4632 1122 4685 τοῦ
1168 4630 1497 4686 ἀλλοιῶσαι
1543 4630 1787 4699 καιροὺς
1830 4632 1931 4686 καὶ

348 4724 565 4793 νόμον·
592 4723 691 4776 καὶ
714 4721 1029 4788 δοθήσεται
1054 4723 1124 4776 ὲν
1149 4722 1298 4793 χειρί
1326 4721 1512 4776 αὐτοῦ
1534 4722 1644 4789 ἕως
1663 4721 1868 4789 καιροῦ
1886 4724 1925 4773 ⁸.

352 4814 457 4869 Kal
480 4813 549 4868 τὸ
582 4813 882 4883 κριτήριον
916 4813 1189 4868 ἐκάθισε·
1221 4813 1321 4869 καὶ
1357 4813 1472 4883 τὴν
1503 4813 1702 4884 ἀρχὴν
1742 4812 1929 4869 αὐτοῦ

344 4905 825 4973 μεταστήσουσι,
874 4905 979 4960 τοῦ
1031 4906 1319 4974 ἀφανίσαι
1350 4906 1447 4960 καὶ
1488 4906 1784 4961 ἀπολέσαι
1816 4906 1929 4973 ἕως

350 4994 585 5060 τέλους.
616 4996 725 5048 Kal
752 4998 788 5063 ἡ
814 4997 1121 5061 βασιλεία,
1150 4998 1246 5051 καὶ
1280 4998 1317 5065 ή
1349 4998 1620 5063 ἐξουσία,
1648 4997 1743 5053 καί
1769 4999 1807 5067 ἡ
1824 5016 1928 5067 με·

349 5085 671 5154 γαλωσύνη
715 5085 834 5138 τῶν
874 5086 1186 5149 βασιλέων
1228 5087 1347 5141 τῶν
1385 5088 1662 5144 ὑποκάτω
1702 5090 1929 5157 παντὸς

346 5177 455 5231 τοῦ
483 5175 740 5244 οὐρανοῦ
773 5176 947 5245 ἐδόθη
978 5177 1168 5247 ἀγίοις
1200 5179 1482 5249 Ὑψίστου
1501 5195 1517 5211 ⁸
1556 5182 1653 5235 καὶ
1689 5184 1725 5251 ἡ
1748 5183 1930 5247 βασι-

348 5271 484 5326 λεία
515 5268 722 5333 αὐτοῦ,
753 5270 1045 5334 ,Βασιλεία
1076 5269 1310 5337 αἰώνιος
1329 5290 1341 5302 ·
1372 5274 1468 5326 καὶ
1512 5272 1703 5328 πᾶσαι
1733 5278 1791 5329 al
1824 5276 1927 5343 ἀρ-

350 5363 451 5436 χαί
490 5363 649 5429 αὐτῷ
692 5363 1096 5419 δουλεύσουσι
1148 5366 1244 5419 καὶ
1286 5368 1755 5425 ὑπακούσονται.
1779 5371 1929 5435 Ἕως

406 5668 439 5699 ⁸
477 5664 679 5740 Qunam
699 5673 814 5717 sunt
834 5681 978 5719 voces
997 5674 1377 5732 sequentes,xai
1401 5674 1688 5737 καιρῶν,καί
1710 5692 1761 5736 γε
1785 5678 1933 5738 ἥμισυ

354 5745 538 5792 καιρου.

1025 309 1083 368 S.
1122 309 1402 365 JOA‘NNIS
1440 301 1926 363 CHRYSOSTOMI
1965 301 2284 362 ARCHIEP.
2325 303 2871 361 CONSTANTINOP.

3487 306 3598 364 εει
3664 314 3674 328 ⁵

2021 412 2136 473 ὦδε
2169 421 2234 473 τὸ
2262 421 2446 488 πέρας
2469 421 2576 475 τοῦ
2604 423 2808 490 λόγου.
2828 420 2974 489 Ἐγὼ
3002 418 3252 487 Δανιήλ·
3294 417 3347 473 οι
3394 418 3599 474 διαλο-

2018 510 2220 578 γισμοί
2249 527 2368 579 μου
2403 510 2500 564 ἐπὶ
2533 509 2745 563 πλεῖον
2786 508 3249 577 συνετάρασσόν
3288 524 3386 576 με,
3420 507 3519 560 καὶ
3556 510 3597 575 ἡ

2012 601 2212 671 μορφή
2239 618 2357 671 μου
2393 602 2710 667 ἠλλοιώθη,
2738 601 2835 654 καὶ
2871 600 2939 653 τὸ
2970 600 3135 669 ῥῆμα
3177 600 3247 653 ἐν
3276 597 3352 667 τῇ
3381 598 3599 666 καρδίᾳ

2014 710 2132 761 μου
2177 693 2579 762 συνετήρησα.
2609 695 2718 746 Καὶ
2744 694 2888 756 τίνος
2913 694 3097 746 ἕνεκεν
3143 693 3243 746 οὐκ
3289 688 3458 755 εἶπες,
3503 693 3598 744 ἄν·

2020 785 2234 855 ορωπε;
2275 787 2397 839 Ὀτι
2420 787 2570 840 οὐδὲν
2602 786 2737 856 πρὸς
2765 785 3049 849 Ἰουδαίους
3073 782 3142 857 ἦν
3162 801 3175 813 '
3209 784 3345 839 ἀλλὰ
3375 785 3599 838 τούναν-

2018 876 2130 929 τίον
2159 879 2215 930 ὲν
2244 876 2342 948 μὲν
2367 880 2479 940 τοῖς
2511 878 2715 947 ῥήμασι
2745 877 2833 929 διὰ
2875 877 2973 947 τῆς
3002 877 3267 945 ἀσαφείας
3299 874 3437 928 αὐτὰ
3468 891 3596 928 συν-

2018 966 2337 1033 εκάλυπτεν,
2366 969 2422 1021 ὲν
2448 968 2501 1020 δὲ
2530 968 2607 1039 τῷ
2631 970 2882 1040 προφήτῃ
2903 968 3269 1039 συνετήρησεν
3295 968 3350 1020 ὲν
3369 969 3432 1037 τῇ
3454 982 3597 1036 καρ-

2018 1060 2124 1131 δίᾳ.
2157 1060 2266 1113 Καὶ
2294 1060 2400 1129 γὰρ
2432 1060 2567 1132 πρὸς
2606 1060 2684 1130 τῷ
2726 1060 2863 1113 τέλει
2898 1060 3090 1131 φησίν
3136 1059 3290 1114 Ἰδοὺ
3336 1061 3391 1111 οἱ
3421 1059 3593 1127 λόγοι

2019 1152 2511 1221 ἐσφραγισμένοιο
2543 1152 2639 1206 καὶ
2676 1154 2963 1215 βούλεται
3013 1152 3232 1217 αὐτοὺς
3263 1148 3410 1223 [⁸242]
3440 1151 3595 1203 ἀσα-

2018 1242 2151 1313 φεῖς
2178 1239 2350 1298 εἶναι.
2378 1243 2547 1298 Τοῦτο
2581 1247 2723 1298 ποιεῖ
2748 1244 2841 1298 καὶ
2862 1243 3021 1308 αὐτὸς
3049 1243 3139 1299 διὰ
3165 1243 3485 1314 παραϐολῶν
3512 1243 3600 1295 λέ-

2019 1336 2301 1409 γων.⁶’ορα
2330 1335 2601 1407 πανταχοῦ
2648 1337 2765 1400 πῶς
2797 1337 2893 1408 τὴν
2933 1336 3208 1408 βασιλείαν
3241 1337 3473 1409 ἐπαίρει,
3503 1336 3598 1389 ἵνα

2022 1428 2186 1499 μηδὲν
2214 1428 2546 1501 ἀνθρώπινον
2572 1429 2936 1505 ὑποπτεύσῃς.
2962 1431 3024 1484 El
3050 1430 3158 1502 γὰρ
3179 1429 3272 1484 καὶ
3294 1431 3471 1484 πᾶσαν
3495 1430 3597 1498 τὴν

2019 1520 2123 1589 γῆν
2168 1522 2429 1591 κατέσχον
2477 1523 2526 1575 οἱ
2574 1522 2868 1595 ἄνθρωποι,
2913 1522 3029 1578 ἀλλ’
3052 1523 3152 1575 οὐκ
3202 1522 3309 1590 ἀεὶ,
3350 1521 3467 1575 οὐδὲ
3515 1524 3597 1585 εἰς

2019 1613 2242 1685 ἄπειρον
2287 1614 2474 1669 αἰῶνα.
2507 1615 2615 1670 Καὶ
2651 1617 2725 1687 μή
2763 1634 2854 1688 μοι
2878 1616 3082 1686 λεγέτω
3125 1634 3228 1681 τις,
3258 1617 3340 1669 ὅτι
3387 1614 3598 1688 βραχὺν

2021 1705 2209 1776 χρόνον
2252 1705 2423 1774 λέγει.
2448 1706 2521 1759 Τὸ
2550 1707 2786 1779 γὰρ,οὺ
2823 1710 3270 1778 παρελεύσεται,
3301 1707 3353 1760 τί
3400 1710 3551 1761 ἐστιν
3578 1725 3595 1772 ;

2021 1800 2162 1854 οὐδὲ
2194 1799 2349 1853 ἔθνει
2376 1798 2551 1867 ἑτέρῳ
2576 1800 2921 1868 δοθήσεται;
2970 1799 3073 1855 Καὶ
3099 1801 3199 1872 ὅρα
3226 1799 3294 1853 τὰ
3320 1799 3461 1854 κατὰ
3490 1802 3593 1853 Δα-

2025 1896 2164 1963 ρεῖον
2196 1894 2289 1947 καὶ
2332 1895 2668 1958 Μακεδόνας.
2705 1893 2861 1958 Τίνος
2892 1893 3075 1947 ἕνεκεν
3104 1892 3310 1957 ταῦτα;
3339 1892 3439 1946 Διὰ
3467 1893 3596 1954 τοὺς

2034 1985 2337 2049 Ἰουδαίους.
2364 1986 2462 2039 Διὰ
2499 1985 2655 2040 τοῦτο
2700 1986 2790 2039 καὶ
2834 1985 3174 2056 Ἀλέξανδρος
3220 1984 3595 2056 προσεκύνησε

2020 2078 2111 2133 τὸν
2139 2079 2286 2143 ναὸν,
2315 2078 2391 2142 ῶς
2413 2095 2566 2148 φασι,
2594 2078 2656 2131 τὸ
2682 2078 2881 2147 βιϐλίον
2909 2078 3063 2131 τοῦτο
3093 2075 3213 2129 ἰδών
3241 2094 3253 2105 ·
3282 2078 3376 2130 καὶ
3396 2075 3594 2144 ’Έλλη-

2022 2188 2110 2234 νες
2160 2170 2476 2241 ἐθαύμασαν
2519 2169 2681 2223 αὐτοῦ
2726 2170 2823 2242 τὴν
2871 2171 3023 2240 ἰσχὺν
3068 2169 3168 2239 τῆς
3212 2170 3597 2240 προρρήσεως.

2022 2264 2159 2335 Περὶ
2180 2261 2385 2316 τούτων
2417 2262 2591 2326 οὐδεὶς
2623 2256 2793 2328 εἶπεν,
2819 2263 2934 2317 ἀλλ’
2962 2264 2995 2333 ἢ
3024 2258 3175 2327 οὗτος
3203 2262 3381 2333 μόνος.

2620 2398 2872 2453 ΚΕΦΛΛ.
2914 2400 2994 2453 H'.

2105 2511 2207 2564 Ἕν
2231 2508 2348 2564 έτει
2368 2510 2542 2579 τρίτῳ
2569 2509 2678 2580 τῆς
2700 2511 3022 2577 ,ϐασιλείας
3042 2509 3358 2577 Βαλτάσαρ
3388 2508 3601 2577 ὅρασις

2023 2601 2187 2673 ὤφθη
2227 2605 2376 2672 πρός
2416 2620 2513 2673 με,
2549 2602 2664 2671 ἐγὼ
2694 2603 2938 2669 Δανιὴλ,
2971 2603 3119 2672 μετὰ
3155 2601 3271 2671 τὴν
3309 2602 3605 2671 όφθεῖσάν

2019 2714 2119 2766 μοι
2145 2697 2215 2750 έν
2241 2695 2315 2763 τῇ
2341 2695 2519 2765 ἀρχῇ.
2548 2696 2657 2751 Kal
2684 2693 2848 2751 εἶδον
2883 2696 2953 2749 ἐν
2983 2694 3057 2764 τῇ
3084 2695 3290 2763 όράσει
3313 2708 3326 2721 ·
3358 2694 3455 2749 καὶ
3483 2695 3605 2763 ἐτέ-

2024 2805 2159 2843 νετο
2184 2789 2254 2842 ἐν
2276 2788 2354 2853 τῷ
2375 2788 2520 2842 ἰδεῖν
2541 2807 2636 2859 με,
2672 2790 2771 2842 καὶ
2810 2789 2971 2859 ήμην
3011 2788 3080 2842 ἐν
3107 2789 3361 2854 Σούσοις
3384 2787 3461 2855 τῇ
3482 2788 3599 2851 ,βάς

2016 2896 2131 2947 ρει,
2156 2880 2195 2946 ἢ
2217 2880 2388 2933 ἐστιν
2415 2880 2486 2934 ἐν
2506 2880 2666 2949 χώρα
2698 2880 2899 2950 Ἐλάμ.
2923 2880 3029 2936 Kal
3054 2876 3218 2935 εἶδον
3237 2881 3306 2934 ἐν
3334 2879 3602 2949 ὁράματι,

2024 2970 2119 3024 καὶ
2145 2970 2305 3040 ἥμην
2332 2970 2428 3024 ἐπὶ
2448 2970 2554 3025 τοῦ
2582 2971 2799 3027 Οῠϐάλ.
2824 2971 2931 3025 Καὶ
2952 2968 3065 3041 ἦρα
3091 2971 3233 3039 τοὺς
3261 2973 3607 3042 ὀφθαλμούς

2020 3081 2158 3134 μου,
2189 3063 2285 3116 καὶ
2314 3059 2510 3116 εἶδον·
2555 3062 2652 3116 καὶ
2698 3063 2827 3117 ἰδοὺ
2856 3062 3018 3133 κριός
3051 3059 3141 3129 εἷς
3180 3064 3450 3131 έστηκὼς
3486 3066 3609 3133 πρὸ

2023 3155 2130 3210 τοῦ
2167 3156 2386 3211 Οὺϐάλο
2407 3156 2504 3209 καὶ
2532 3153 2691 3220 αὐτῷ
2725 3155 2959 3224 κέρατα,
2984 3156 3081 3209 καὶ
3107 3157 3178 3210 τὰ
3206 3156 3421 3226 κέρατα
3442 3159 3606 3225 ὑψη-

2023 3246 2135 3301 λάο
2196 3248 2294 3301 καὶ
2338 3246 2404 3300 τὸ
2449 3246 2519 3300 ἐν
2550 3249 2928 3316 ὑψηλότερον
2968 3247 3073 3301 τοῦ
3118 3245 3346 3315 ἐτέρου,
3388 3248 3489 3301 καὶ
3538 3249 3609 3301 τὸ

2025 3340 2402 3407 ὑψηλότερον
2463 3337 2773 3393 ἀνέϐαινεν
2830 3338 2921 3392 ἐπ’
2950 3336 3242 3409 ἐσχάτων.
3287 3338 3393 3393 Kal
3439 3334 3614 3392 εἶδον

2025 3434 2132 3487 τὸν
2172 3433 2341 3501 κριὸν
2370 3430 2743 3502 κερατίζοντα
2778 3431 2929 3485 κατὰ
2974 3432 3312 3498 θάλασσαν,
3341 3430 3437 3484 καί
3459 3431 3614 3500 ,βορο

2018 3522 2157 3592 ρᾶν,
2185 3523 2281 3577 καὶ
2314 3523 2514 3587 νότον,
2552 3523 2652 3581 καὶ
2681 3523 2852 3577 λίσαι
2896 3522 2994 3577 καὶ
3023 3523 3219 3577 πάντα
3240 3522 3311 3575 τὰ
3330 3523 3507 3590 θηρία
3538 3526 3613 3577 οὐ

2026 3617 2353 3685 στήσονται
2387 3617 2640 3671 ἐνώπιον
2667 3616 2873 3682 αὐτοῦ,
2904 3617 2999 3670 καὶ
3030 3618 3140 3670 οὑκ
3170 3612 3249 3686 ἦν
3274 3619 3306 3670 ό
3337 3616 3613 3684 ἑξαιρούο

2026 3726 2205 3778 μενος
2236 3708 2302 3761 ἐκ
2333 3707 2529 3777 χειρὸς
2554 3707 2739 3761 αὑτοῦ
2760 3725 2773 3739 ο
2804 3707 2902 3761 καὶ
2928 3707 3177 3775 ἐποίησε
3207 3707 3353 3759 κατὰ
3378 3705 3613 3774 θέλημα

2027 3798 2233 3863 αὐτοῦ,
2270 3800 2364 3853 καὶ
2398 3799 2791 3869 ἐμεγαλύνθη.
2833 3797 2943 3853 Kal
2981 3797 3095 3868 ἐγὼ
3135 3797 3296 3864 ἤμην
3337 3797 3572 3851 συνιών
3596 3817 3608 3828 ’

2029 3894 2125 3947 καὶ
2170 3892 2297 3947 ιδοὺ
2354 3891 2567 3962 τράγος
2628 3890 2810 3962 αίγῶν
2857 3890 3072 3959 ἤρχετο
3130 3891 3247 3943 ἀπὸ
3292 3890 3461 3955 λιϐὸς
3513 3890 3613 3943 ἐπὶ

2028 3980 2350 4048 πρόσωπον
2376 3977 2580 4047 πάσης
2604 3977 2713 4047 τῆς
2730 3977 2871 4048 γῆς*
2906 3979 3004 4031 καὶ
3038 3979 3146 4032 οὐκ
3174 3975 3250 4049 ἦν
3274 3979 3614 4047 ἁπτόμενος

2027 4069 2138 4137 τῆς
2169 4067 2309 4139 γῆς’
2350 4068 2447 4123 καὶ
2489 4067 2568 4134 τῷ
2610 4068 2803 4139 τράγῳ
2842 4069 3052 4132 ἐκείνῳ
3091 4069 3268 4137 κέρας
3313 4071 3616 4137 θεωρητῶ-

2029 4158 2144 4213 ἀνά
2172 4158 2369 4228 μέσον
2417 4158 2536 4212 τῶν
2577 4158 2899 4230 ὀφθαλμῶν
2948 4159 3154 4215 αὐτοῦ.
3203 4159 3309 4212 Kal
3350 4155 3544 4229 ἦλθεν
3583 4165 3615 4214 ό

2028 4251 2245 4321 τράγος
2276 4252 2385 4317 ἕως
2412 4252 2519 4305 τοῦ
2552 4250 2720 4319 κριοῦ
2756 4252 2860 4306 τοῦ
2901 4253 2972 4305 τὰ
2998 4250 3211 4319 κέρατα
3244 4252 3517 4322 ἔχοντος,
3544 4254 3617 4307 ὃν

2029 4339 2193 4397 εἶδον
2234 4342 2466 4397 ἑστῶτα
2502 4342 2759 4398 ἐνώπιον
2805 4343 2909 4398 τοῦ
2959 4342 3192 4396 Οὺϐάλσ
3242 4343 3341 4395 καὶ
3393 4343 3616 4414 ἔδραμε

2030 4435 2179 4503 πρὸς
2206 4434 2393 4488 αὑτὸν
2421 4435 2495 4487 ἐν
2527 4433 2673 4504 ὀργῇ
2691 4447 2717 4476 ι
2749 4434 2858 4503 τῆς
2886 4435 3100 4502 ίσχύος
3122 4432 3327 4488 αὑτοῦ.
3374 4435 3483 4487 Kal
3530 4436 3617 4489 el—

2030 4525 2139 4579 δον
2154 4524 2339 4578 αὑτὸν
2357 4525 2674 4593 φθάσαντα
2692 4524 2802 4591 ἓως
2822 4524 2927 4579 τοῦ
2949 4525 3138 4593 κριοῦ,
3163 4524 3257 4578 καὶ
3280 4524 3616 4594 ἐξηγριώθη

2030 4616 2181 4685 πρὸς
2205 4617 2409 4681 αὐτὸν,
2439 4617 2538 4671 καὶ
2558 4618 2769 4672 ἔπαισε
2791 4618 2897 4671 τὸν
2915 4618 3101 4685 κριὸν,
3127 4617 3223 4671 καὶ
3245 4617 3619 4688 συνέτριψεν

2030 4710 2334 4780 ἀμφότερα
2358 4709 2430 4764 τὰ
2470 4711 2686 4779 κέρατα
2708 4710 2921 4765 αὐτοῦ’
2949 4711 3046 4764 καὶ
3070 4712 3179 4764 οὐκ
3208 4706 3286 4779 ἦν
3317 4711 3501 4778 ισχὺς
3535 4712 3620 4779 τῷ

2033 4801 2175 4871 κριῷ
2204 4802 2310 4856 τοῦ
2338 4801 2557 4870 στῆναι
2574 4801 2830 4856 ἐνώπιον
2860 4802 3064 4857 αὑτοῦ.
3094 4803 3204 4855 Καὶ
3235 4802 3484 4871 ἔρριψεν
3506 4807 3618 4858 ai)-

2031 4893 2140 4948 τὸν
2170 4894 2269 4948 ἐπὶ
2306 4893 2421 4962 τὴν
2462 4892 2600 4964 γῆν.
2650 4892 2750 4947 καὶ
2790 4892 3219 4961 συνεπάτησεν
3254 4895 3462 4957 αὑτὸν,
3514 4896 3617 4948 καὶ

2033 4986 2144 5039 οὐκ
2174 4981 2253 5054 ἦν
2280 4986 2313 5037 ό
2338 4983 2758 5052 ἐξαιρούμενος
2777 4982 2883 5036 τὸν
2902 4984 3073 5050 κριὸν
3092 4981 3159 5035 ἐκ
3183 4981 3382 5049 χειρὸς
3400 4983 3614 5035 αὑτοῦ.

2033 5073 2141 5128 Kal
2165 5075 2198 5126 ό
2232 5071 2444 5141 τράγος
2471 5070 2589 5124 τῶν
2618 5070 2802 5140 αἰγῶν
2825 5071 3199 5140 ἐμεγαλύνθη
3222 5070 3331 5135 ἓως
3353 5070 3613 5139 σφόδρα.

2032 5163 2141 5219 Kal
2184 5163 2254 5215 ἐν
2295 5162 2374 5228 τῷ
2413 5163 2664 5231 ἰσχῦσαι
2707 5162 2910 5227 αὐτὸν,
2959 5161 3283 5230 συνετρίϐη
3324 5162 3393 5214 τὸ
3436 5162 3619 5231 κέρας

2032 5255 2220 5308 αὑτοῦ
2251 5254 2315 5308 τὸ
2340 5253 2495 5324 μέγα
2514 5271 2526 5284 ³
2560 5253 2659 5308 καὶ
2700 5255 2884 5321 ἀνέϐη
2915 5252 3183 5322 τέσσαρα
3215 5253 3437 5321 κέρατα
3465 5254 3617 5307 ὑπο-

2035 5349 2299 5404 κάτωθεν
2340 5349 2526 5403 αὺτοῦ
2571 5350 2661 5414 εὶς
2693 5348 2834 5414 τοὺς
2869 5347 3167 5415 τέσσαρας
3207 5346 3469 5417 ἀνέμους
3513 5347 3623 5401 τοῦ

2102 5617 2127 5646 ⁸
2156 5616 2222 5664 lla
2244 5616 2291 5663 in
2315 5613 2537 5663 Hebraeo.
2562 5614 2626 5661 At
2648 5627 2776 5663 nunc
2800 5616 2849 5664 in
2875 5614 3206 5664 Theodolione
3241 5625 3300 5662 ac
3319 5613 3370 5662 in
3394 5611 3627 5661 Theodoo

2040 5686 2149 5726 rem
2172 5674 2380 5739 legimus
2399 5680 2537 5739 ὁρμῇ.
2567 5675 2877 5739 Frequenter
2898 5689 2961 5727 ex
2986 5677 3094 5728 istis
3115 5675 3305 5726 duobus
3339 5672 3624 5723 nominibus

2042 5753 2192 5789 unum
2214 5736 2300 5801 ῥτο
2322 5738 2416 5790 alio
2430 5736 2651 5789 scribunt
2672 5736 2872 5789 librarii.
3156 5748 3157 5751 ‘
