3724 6272
116 300 209 358 235

116 411 364 485 siquidem
390 411 446 466 in
473 410 537 465 iis
564 408 727 464 venit.
760 405 826 460 Et
851 405 926 458 illi
954 402 1147 456 delatus
1174 406 1249 454 est
1278 397 1453 451 honor.
1501 392 1671 485 Quem

118 483 331 560 habebat
358 502 579 557 scilicet.
603 499 668 553 Et
694 497 888 569 pepuli,
911 494 1088 557 tribus,
1114 492 1299 561 lingua:
1322 488 1418 557 ipsi
1440 483 1669 537 servient.

117 595 465 665 Principatum
505 591 700 647 etenim
732 587 958 643 habebat
999 592 1152 636 antea
1176 621 1192 646 ,
1222 587 1348 633 tunc
1371 589 1499 631 vero
1528 574 1675 627 illum

117 689 275 756 ipsum
302 698 462 754 quem
489 680 761 737 obtinebat
784 675 1004 747 accepit.
1032 673 1161 728 Nam
1188 671 1324 726 sicut
1345 670 1397 722 in
1424 667 1577 719 Patre
1598 664 1680 717 in-

118 776 293 847 telligis
318 776 563 845 capillos,
590 782 643 828 et
668 771 867 840 reliqua
895 785 908 820 :
936 768 1007 820 ita
1036 775 1088 819 et
1117 761 1254 818 istud
1284 756 1674 847 accipiendum.

116 845 234 922 Cum
255 874 435 920 autem
465 863 647 928 audis,
675 861 865 915 Datum
892 866 993 922 est,
1024 862 1079 910 et
1103 855 1204 909 alia
1234 851 1284 907 id
1315 864 1481 920 genus
1501 888 1517 913 ,
1546 845 1679 901 nihil

118 958 394 1012 humanum
422 952 729 1024 suspiceris,
760 965 860 1004 nec
883 947 1081 1002 humile
1104 945 1171 999 de
1190 943 1342 998 Filio.
1366 941 1513 996 Sicut
1535 936 1676 993 enim

117 1048 286 1103 videns
312 1062 438 1101 eum
467 1044 557 1115 qui
594 1043 767 1098 senuit
787 1082 801 1103 ,
834 1056 939 1094 non
978 1052 1161 1094 senem
1190 1032 1462 1090 arbitraris
1487 1049 1499 1086 :
1530 1031 1601 1086 ita
1627 1040 1682 1085 et

116 1148 317 1193 caetera.
342 1136 458 1190 Noli
479 1136 674 1205 quippe
697 1131 1121 1203 perspicuitatem
1147 1127 1201 1181 in
1222 1123 1509 1196 pr0phetiis
1531 1137 1677 1192 quae-

116 1242 222 1282 rere
248 1269 262 1291 ,
293 1225 384 1280 ubi
415 1225 618 1280 umbra:
646 1231 768 1277 sunt
794 1236 856 1275 ac
883 1220 1160 1289 aenigmata
1190 1234 1203 1268 :
1235 1212 1683 1286 quemadmodum

118 1321 163 1373 in
189 1318 396 1388 fulgure
420 1332 527 1372 non
555 1314 787 1384 exquiris
812 1313 989 1366 lumen
1015 1315 1344 1379 perpetuum,
1373 1304 1465 1360 sed
1491 1304 1685 1358 sufﬁcit

115 1410 150 1463 si
180 1409 336 1463 modo
364 1414 637 1477 appareat.
668 1406 755 1459 i5.
793 1402 1001 1455 Horruit
1026 1401 1233 1470 spiritus
1261 1412 1399 1451 meus
1418 1438 1433 1461 ,
1462 1411 1551 1465 ego
1580 1393 1683 1446 Do-

114 1501 202 1553 uiel
229 1501 281 1551 in
305 1499 483 1551 habitu
510 1512 617 1550 meo
640 1513 657 1548 :
678 1504 723 1549 et
747 1494 957 1547 uisiones
978 1490 1157 1560 capitis
1180 1488 1273 1541 mei
1299 1484 1564 1539 turbabant
1585 1499 1680 1536 me.

113 1590 291 1644 Merito
341 1588 443 1642 sub
482 1595 697 1656 aspectu
737 1598 922 1639 eorum
953 1596 1070 1651 quae
1096 1578 1361 1634 videntur.
1396 1577 1603 1630 Patrem
1632 1584 1684 1629 et

115 1683 298 1737 Filium
348 1681 449 1733 iste
476 1688 530 1733 et
574 1677 772 1745 primus
798 1685 849 1729 et
880 1673 1023 1727 solus
1049 1713 1063 1738 ,
1113 1680 1168 1723 ut
1212 1670 1263 1723 in
1292 1666 1683 1735 visione,videt.

111 1773 236 1842 Quid
262 1772 333 1827 ad
366 1772 472 1825 hoc
512 1768 866 1839 respondeant
893 1763 1104 1820 Judaei?
1148 1760 1280 1816 Cum
1307 1759 1447 1815 enim
1480 1757 1685 1823 Domini

113 1864 371 1919 adventus
410 1862 664 1929 deinceps
707 1857 922 1928 propior
961 1855 1166 1910 futurus
1200 1860 1374 1917 esset,
1406 1849 1597 1904 merito
1634 1858 1687 1903 et

114 1959 342 2012 visiones
368 1955 641 2009 mirabiles
660 1958 934 2022 apparent.
964 1950 1049 2004 16.
1081 1967 1099 1999 ‹
1131 1948 1195 2002 Ει
1214 1945 1414 2001 accessi
1438 1944 1502 1998 ad
1526 1959 1687 1997 unum

112 2048 493 2114 assistentium,
523 2057 577 2100 et
606 2045 881 2099 veritatem
909 2041 975 2097 de
1006 2041 1090 2096 his
1115 2039 1359 2095 omnibus
1388 2036 1689 2108 quaarebain

113 2140 174 2192 ab
199 2155 264 2193 eo
294 2138 525 2192 discere.
558 2136 625 2190 Et
652 2135 784 2189 dixit
812 2131 941 2187 mihi
968 2131 1240 2186 veritatem
1260 2170 1275 2195 ,
1303 2138 1357 2184 et
1382 2142 1688 2183 sermonum

114 2230 603 2299 interpretationem
632 2224 880 2281 indicavit
903 2222 1053 2277 mihi.
1085 2238 1103 2273 ι
1132 2222 1424 2289 lnterrogat
1447 2231 1692 2288 quaenam

118 2322 327 2375 tandem
359 2329 543 2374 essent
568 2324 696 2388 'quae
732 2315 1058 2393 apparebant
1088 2333 1099 2369 :
1128 2323 1180 2369 et
1205 2312 1458 2368 edocetur
1484 2312 1552 2367 de
1576 2312 1691 2365 An-

120 2410 355 2465 tichristo
378 2452 394 2475 ,
447 2418 499 2464 et
530 2408 686 2463 discit
721 2424 940 2477 regnum
970 2405 1110 2476 quod
1142 2420 1246 2458 non
1290 2403 1449 2458 habet
1510 2402 1691 2458 ﬁnem.

122 2504 199 2557 l7.
230 2522 247 2554 ι
284 2503 414 2568 Hae,
458 2521 477 2555 ι
512 2502 708 2572 inquit,
748 2520 766 2552 ι
798 2500 980 2555 bestia:
1011 2513 1243 2568 magnae,
1277 2504 1503 2566 quatuor
1532 2510 1693 2565 regna

120 2606 453 2666 consurgent.
478 2596 563 2651 18.
592 2595 656 2649 Ει
677 2594 843 2650 sancti
867 2591 1120 2647 Altissimi
1142 2591 1430 2659 suscipiant
1448 2603 1690 2658 regnum,

121 2699 168 2743 et
205 2688 524 2743 obtinebunt
560 2686 685 2740 illud
721 2700 889 2756 usque
927 2685 979 2738 in
1023 2683 1301 2749 smculum,
1342 2690 1396 2736 et
1438 2694 1603 2749 usque
1642 2680 1692 2734 in

121 2781 365 2835 sarculum
403 2779 739 2833 sazculorum.
773 2777 859 2832 19.
906 2777 969 2830 Et
995 2776 1296 2845 quaerebam
1324 2772 1604 2843 diligenter
1632 2770 1696 2824 de

120 2875 281 2929 bestia
318 2882 504 2943 quarta
530 2914 544 2939 ,
577 2874 697 2943 quia
728 2879 842 2925 erat
879 2870 1087 2925 diversa
1128 2869 1195 2923 ab
1235 2867 1379 2921 omni
1405 2865 1570 2920 bestia
1591 2901 1611 2929 η
1644 2871 1698 2918 ct

122 2966 368 3020 terribilis
416 2963 570 3017 valde
618 2981 630 3017 :
677 2963 864 3017 dentes
916 2961 1032 3029 ejus
1080 2959 1232 3015 ferrei
1262 2999 1276 3023 ,
1334 2970 1536 3027 ungues
1583 2956 1698 3024 ejus

122 3057 251 3111 aenei
285 3073 299 3108 :
332 3054 622 3109 comedens
647 3064 698 3108 et
723 3053 1090 3108 comminuens
1114 3092 1129 3116 ,
1160 3059 1213 3104 et
1240 3049 1440 3118 reliqua
1471 3046 1695 3117 pedibus

120 3148 227 3202 suis
266 3145 633 3201 conculcabat.
682 3144 768 3198 20.
815 3144 882 3197 Et
924 3142 992 3197 de
1018 3140 1267 3196 cornibus
1310 3138 1425 3207 ejus
1468 3137 1651 3192 decem
1679 3176 1694 3200 ,

121 3254 233 3309 qua:
266 3238 319 3291 in
350 3237 524 3307 capite
550 3234 721 3301 illius;
746 3234 892 3289 etde
914 3234 1019 3288 alio
1043 3274 1058 3298 ,
1091 3230 1233 3303 quod
1262 3228 1615 3295 ascenderat,
1644 3236 1698 3282 et

126 3325 684 3396 excusseratpriorum
716 3326 814 3380 tria
844 3343 857 3378 :
887 3334 939 3380 et
968 3340 1131 3379 cornu
1158 3363 1171 3386 ,
1212 3322 1295 3376 cui
1332 3327 1486 3376 erant
1526 3317 1695 3383 oculi,

125 3429 174 3471 et
195 3433 253 3472 os
278 3420 499 3488 loquens
527 3416 764 3488 grandia,
792 3424 847 3470 et
866 3424 1113 3485 aspectus
1136 3412 1252 3481 ejus
1278 3410 1448 3481 major
1468 3409 1696 3464 caneris.

124 3509 208 3563 2i.
233 3509 566 3579 Aspiciebam
590 3550 605 3575 ,
635 3515 690 3562 et
725 3522 890 3562 cornu
930 3506 1058 3560 illud
1099 3503 1323 3558 faciebat
1348 3502 1546 3557 bellum
1575 3515 1698 3555 cum

125 3602 353 3667 sanctis,
387 3608 443 3654 et
486 3599 761 3670 praevaluit
800 3598 1053 3653 adversus
1097 3612 1208 3661 eos,
1240 3594 1330 3648 22.
1360 3593 1529 3648 donec
1554 3593 1700 3647 venit

124 3692 367 3760 antiquus
394 3690 626 3757 dierum,
655 3698 706 3744 et
730 3688 985 3759 judicium
1014 3686 1157 3741 dedit
1184 3684 1379 3740 sanctis
1402 3682 1658 3738 Altissimi
1683 3699 1695 3734 :

125 3795 174 3837 et
206 3793 415 3853 tempus
444 3782 681 3848 advenit,
714 3789 768 3836 et
794 3794 1020 3850 regnum
1048 3778 1386 3833 obtinuerunt
1415 3774 1604 3829 sancti.
1637 3773 1701 3827 Et

127 3876 256 3929 dixit
291 3878 368 3930 sic
400 3894 413 3927 :
442 3875 532 3930 25.
564 3874 737 3929 Bestia
777 3881 964 3943 quarta
994 3885 1213 3941 regnum
1244 3877 1491 3939 quartum
1518 3867 1619 3921 erit
1648 3867 1701 3922 in

129 3978 259 4022 terra
285 4007 301 4032 ,
354 3965 499 4036 quod
541 3964 811 4034 superabit
856 3963 1031 4017 omnia
1077 3976 1272 4030 regna,
1328 3968 1383 4013 et
1428 3958 1703 4013 devorabit

128 4075 336 4114 omnem
366 4068 587 4124 terram,
612 4066 665 4112 et
687 4055 1016 4111 conculcabit
1042 4070 1181 4121 eam,
1213 4063 1267 4108 et
1293 4051 1537 4123 concidet
1562 4066 1700 4106 eam.

108 4152 212 4219 .24.
244 4152 315 4206 Et
341 4151 528 4207 decem
555 4166 751 4205 cornua
778 4149 941 4220 ipsius
966 4148 1150 4203 decem
1178 4160 1330 4216 reges
1350 4151 1703 4214 consurgent;

129 4255 180 4299 et
202 4253 320 4314 post
339 4259 435 4298 eos
455 4251 739 4312 consurget
758 4242 914 4307 alius,
939 4240 1026 4309 qui
1055 4237 1329 4308 superabit
1348 4236 1503 4291 malis
1521 4248 1707 4291 omnes

131 4337 366 4407 priores,
400 4343 454 4389 et
497 4342 606 4388 tres
646 4347 800 4403 reges
838 4331 1154 4386 humiliabit.
1196 4330 1286 4384 25.
1336 4328 1405 4382 Et
1431 4340 1708 4382 sermones

132 4438 313 4483 contra
340 4428 674 4482 Altissimum
707 4426 950 4496 loquetur
974 4466 987 4487 ,
1019 4431 1074 4478 et
1102 4429 1313 4476 sanctos
1341 4416 1598 4475 Altissimi
1624 4417 1709 4472 in-

134 4518 390 4575 veterabit
413 4559 429 4585 ,
462 4528 517 4573 et
553 4516 804 4587 cogitabit
834 4525 1040 4570 mutare
1074 4522 1310 4582 tempora
1341 4519 1395 4566 et
1423 4510 1626 4580 legem;
1658 4514 1713 4561 et

133 4610 372 4663 tradetur
414 4609 465 4662 iu
498 4624 658 4662 manu
687 4608 802 4677 ejus
833 4620 997 4676 usque
1037 4604 1102 4659 ad
1140 4614 1346 4674 tempus
1383 4599 1481 4673 (a).
1522 4600 1611 4655 26.
1645 4598 1714 4653 Et

134 4702 390 4771 judicium
428 4700 595 4765 sedit;
637 4710 691 4755 et
724 4700 1075 4770 principatum
1114 4698 1230 4766 ejus
1268 4692 1617 4757 transferent,
1656 4701 1716 4747 ut

134 4794 343 4849 deleant
362 4802 417 4847 et
448 4791 757 4862 disperdant
784 4806 950 4860 usque
972 4789 1024 4844 in
1049 4789 1227 4843 finem.
1257 4787 1345 4840 27.
1375 4786 1441 4841 Et
1462 4799 1713 4856 regnum,

134 4896 183 4940 et
213 4892 473 4957 potestas,
499 4892 552 4938 et
580 4883 884 4953 magnitudo
907 4897 1088 4952 regum
1115 4880 1206 4950 qui
1228 4878 1411 4933 subter
1430 4892 1588 4932 omne
1614 4890 1719 4930 cae-

132 4980 259 5043 lum,
296 4978 418 5032 data
445 4986 571 5031 sunt
595 4977 792 5031 sanctis
818 4974 1075 5030 Altissinii
1106 4992 1118 5027 :
1142 4984 1196 5029 et
1222 4987 1442 5041 regnum
1470 4970 1603 5040 ejus,
1633 4983 1718 5023 re-

130 5084 295 5139 gnum
343 5068 769 5138 sempiternum:
801 5076 855 5120 et
894 5080 1081 5121 omnes
1122 5063 1448 5133 principatus
1489 5060 1722 5115 servient

131 5161 232 5229 ipsi
262 5174 327 5213 ac
353 5157 627 5214 obedient.
662 5157 753 5211 28.
784 5156 897 5211 Huc
926 5171 1094 5226 usque
1124 5155 1242 5209 ﬁnis
1273 5153 1439 5208 verbi.
1473 5152 1585 5224 Ego
1617 5153 1720 5207 Da-

132 5250 239 5305 niel
268 5265 285 5305 :
315 5247 663 5320 cogitationes
693 5262 826 5302 mea:
860 5247 1085 5301 multum
1118 5244 1569 5301 conturbaverunt
1596 5260 1681 5299 me
1703 5286 1719 5312 ,

130 5351 185 5395 et
222 5340 396 5396 forma
429 5354 547 5395 mea
587 5348 788 5393 mutata
830 5346 912 5392 est
946 5352 960 5390 :
989 5346 1044 5392 et
1068 5338 1288 5392 verbum
1333 5337 1383 5391 in
1415 5336 1575 5392 corde
1605 5351 1723 5392 meo

132 5432 473 5488 conservavi.
513 5451 532 5484 ι
564 5430 633 5484 Ει
670 5444 838 5500 quare
866 5429 1085 5483 verbum
1130 5428 1257 5483 illud
1299 5443 1405 5482 non
1446 5427 1666 5493 dixisti,
1693 5444 1726 5482 ο

134 5524 336 5581 homo?
363 5525 495 5593 Quia
525 5523 591 5579 ad
621 5522 838 5578 Judreos
869 5521 1016 5576 nullo
1046 5520 1204 5576 modo
1232 5519 1504 5592 spectabat
1530 5538 1544 5578 :
1574 5521 1668 5576 sed
1697 5537 1727 5577 e

201 5661 280 5723 (α)
314 5659 508 5709 Incuria
539 5656 853 5720 exscriptoris
886 5654 1060 5723 factum
1096 5654 1289 5723 videtur
1308 5688 1323 5712 ,
1346 5659 1400 5702 ut
1422 5656 1611 5723 omissa:
1634 5657 1731 5706 sint

142 5716 290 5775 meet
314 5728 603 5786 sequentes,
628 5725 675 5770 et
691 5716 904 5781 tempora
926 5725 971 5769 et
994 5716 1252 5770 dimidium
1274 5716 1517 5779 temporis.

1477 276 1542 334 IN
1582 272 1946 331 DANIELEM.

3250 257 3355 318 231

1787 388 2053 439 contrario
2079 383 2130 438 in
2152 382 2326 438 verbis
2345 383 2555 453 quidem
2583 398 2645 437 ea
2674 397 2766 451 per
2786 380 3158 436 obscuritatem
3179 377 3357 433 occul-

1785 478 1963 544 tabat,
1993 478 2043 532 in
2090 476 2344 548 propheta
2374 485 2551 531 autem
2581 474 2917 529 conservavit
2951 473 3003 528 in
3033 470 3213 526 corde.
3257 468 3356 523 Et-

1783 570 1924 624 enim
1952 568 2050 622 sub
2072 568 2227 622 lincm
2250 569 2323 622 ait
2343 585 2356 621 :
2379 566 2513 620 Ecce
2532 582 2782 620 sermones
2801 566 2985 633 signati
3001 563 3254 633 (Dan.l2.
3273 564 3356 631 9);

1785 668 1839 715 et
1876 662 1985 714 vult
2029 660 2152 735 illos
2195 660 2450 714 obscuros
2475 672 2615 713 esse.
2661 657 2717 711 ld
2764 656 2885 709 facit
2927 656 3086 709 etiam
3133 654 3245 722 ipse
3284 652 3359 723 (τι)

1786 751 1964 822 (Jesus
1991 732 2255 821 Christus)
2284 765 2379 821 per
2403 749 2681 820 parabolas
2711 748 2953 816 loquens.
2984 743 3114 800 Vide
3141 732 3375 813 quomo-‘

1787 843 1856 896 do
1896 842 2088 911 ubique
2118 858 2335 911 regnum
2376 840 2595 895 extollat
2632 838 2848 902 Daniel,
2880 844 2939 890 ut
2975 822 3107 889 nihil
3147 824 3371 887 humani

1788 933 2093 1001 suspiceris.
2145 932 2257 987 Etsi
2295 934 2435 987 enim
2481 932 2783 986 universum
2824 927 3006 982 orbem
3039 922 3365 979 obtinuerint

1789 1022 2061 1085 homines;
2083 1032 2137 1077 at
2159 1040 2261 1078 non
2284 1039 2514 1092 semper,
2536 1038 2705 1091 neque
2724 1023 2774 1074 in
2800 1020 3065 1073 inﬁnitum
3084 1014 3362 1079 smculum.

1787 1114 1896 1170 Nec
1932 1114 2061 1169 mihi
2091 1116 2369 1185 quisquam
2396 1115 2570 1177 dicat,
2606 1113 2767 1169 breve
2807 1120 3014 1180 tempus
3054 1094 3363 1164 memorari.

1789 1208 1926 1277 Quid
1966 1210 2106 1264 enim
2142 1208 2243 1263 sibi
2284 1209 2396 1262 vult
2438 1208 2565 1262 illud
2603 1224 2617 1260 :
2659 1204 2780 1259 Non
2820 1202 3133 1272 pertransibit
3158 1241 3173 1266 ,
3211 1214 3368 1269 neque

1788 1301 1923 1371 genti
1951 1300 2096 1354 alteri
2124 1299 2349 1353 tradetur
2372 1298 2389 1369 (
2411 1298 2550 1352 Dan.
2579 1297 2635 1350 2.
2662 1297 2731 1351 Μ
2752 1293 2811 1367 )?
2853 1296 2925 1371 Et,
2940 1293 3059 1347 vide
3085 1306 3202 1362 qua:
3231 1291 3368 1343 inter

1791 1390 2006 1445 Darium
2050 1400 2105 1445 et
2142 1388 2461 1462 Macedonas
2492 1398 2638 1458 gesta
2669 1396 2810 1442 sunt.
2858 1384 3024 1450 Quam
3054 1383 3122 1437 ob
3151 1396 3368 1437 causam

1793 1481 1943 1536 hinc?
1984 1481 2211 1549 Propter
2249 1479 2481 1534 Judaeos.
2529 1478 2652 1533 Ideo
2695 1486 2749 1532 et
2789 1475 3089 1530 Alexander
3131 1471 3372 1528 adoravit

1792 1571 2046 1641 templum
2076 1569 2171 1640 (b),
2204 1577 2262 1624 ut
2285 1570 2452 1636 aiunt,
2483 1584 2605 1625 cum
2633 1568 2773 1622 hunc
2801 1567 3030 1622 Danielis
3061 1565 3256 1619 librum
3285 1564 3368 1617 iu-

1792 1663 2054 1730 spexisset
2095 1678 2109 1714 :
2142 1671 2194 1715 et
2221 1660 2389 1716 Graeci
2421 1662 2522 1714 vim
2555 1660 2957 1729 praedictionum
3002 1656 3167 1725 ipsius
3196 1654 3368 1708 admi-

1792 1755 1891 1808 rati
1935 1762 2076 1808 sunt.
2120 1754 2285 1809 Porro
2322 1754 2389 1809 de
2432 1753 2546 1807 istis
2586 1752 2744 1807 rebus
2785 1765 2940 1805 nemo
2976 1749 3222 1819 loquutus
3252 1755 3367 1812 est,

1794 1847 1892 1901 nisi
1926 1846 2011 1902 hic
2039 1847 2205 1903 solus.

2375 1978 2601 2036 CAPUT
2640 1977 2775 2034 VIII.

1810 2106 1813 2111 ’
1870 2117 1921 2170 1.
1953 2134 1971 2166 ι
2016 2116 2071 2169 ln
2110 2129 2251 2170 anno
2290 2114 2445 2170 tertio
2470 2114 2617 2184 regni
2657 2111 2944 2166 Baltasaris
2974 2111 3105 2165 visio
3132 2111 3375 2180 apparuit

1797 2206 1926 2261 mihi
1949 2205 2016 2278 (ε)
2041 2247 2054 2270 ,
2080 2220 2178 2276 ego
2208 2205 2423 2270 Daniel,
2458 2211 2577 2273 post
2605 2218 2723 2257 eam
2758 2217 2876 2272 qua:
2902 2200 3033 2254 mihi
3059 2210 3374 2270 apparuerat

1799 2298 1850 2351 in
1881 2296 2155 2367 principio.
2190 2296 2245 2349 2.
2278 2295 2344 2349 Et
2368 2294 2474 2349 vidi
2497 2295 2546 2347 in
2574 2293 2776 2346 visione
2803 2309 2814 2343 :
2839 2300 2892 2345 et
2916 2290 3112 2345 factum
3145 2299 3226 2344 est
3252 2304 3373 2343 cum

1798 2402 1898 2458 ego
1922 2387 2186 2449 viderem,
2216 2395 2271 2441 et
2291 2401 2435 2441 eram
2465 2386 2516 2438 in
2540 2383 2688 2439 Susis
2718 2382 2858 2451 regia
2891 2381 2990 2452 (ά),
3018 2395 3136 2449 quae
3174 2379 3225 2432 in
3255 2395 3377 2447 pro-

1801 2479 1968 2533 vincia
2010 2476 2289 2531 Elamitide
2313 2477 2414 2530 sita
2439 2484 2537 2530 est.
2570 2474 2635 2528 Et
2660 2473 2765 2527 vidi
2806 2475 2857 2527 in
2884 2473 3088 2527 visione
3106 2513 3121 2537 ,
3149 2484 3203 2525 et
3228 2487 3377 2526 eram

1798 2582 1961 2638 super
2003 2566 2156 2623 Ubal.
2199 2567 2251 2622 5.
2295 2566 2364 2622 Ει
2401 2566 2566 2620 levavi
2609 2565 2792 2620 oculos
2826 2578 2995 2631 meos,
3044 2572 3098 2619 et
3147 2564 3247 2617 vidi
3282 2574 3377 2618 :et

1800 2676 1927 2717 ecce
1965 2660 2105 2715 aries
2135 2674 2270 2714 unus
2311 2666 2459 2713 stans
2503 2666 2627 2711 ante
2658 2655 2831 2711 Ubal:
2868 2663 2924 2711 et
2952 2654 3052 2725 ipsi
3075 2662 3227 2710 erant
3251 2669 3375 2709 cor-

1800 2767 1926 2818 nua,
1962 2761 2016 2806 et
2044 2765 2246 2805 cornua
2271 2749 2479 2804 excelsa
2512 2767 2525 2802 :
2556 2756 2610 2803 et
2638 2763 2800 2802 unum
2821 2747 3085 2802 excelsius
3114 2746 3300 2810 altero,
3324 2755 3380 2801 ct

1801 2842 2062 2897 excelsius
2095 2839 2412 2896 ascendebat
2434 2840 2483 2893 in
2514 2838 2789 2893 extremis.
2819 2839 2872 2893 4.
2905 2837 2971 2891 Et
3007 2836 3113 2891 vidi
3157 2837 3378 2891 arietem

1802 2950 1968 2989 cornu
2012 2941 2279 3003 petentem
2323 2940 2509 2986 contra
2555 2945 2723 2997 mare,
2746 2938 2802 2984 et
2835 2928 3156 2998 aquilonem,
3189 2938 3242 2982 et
3286 2943 3380 2981 au-

1802 3038 1971 3085 strum
2007 3036 2062 3082 et
2098 3025 2321 3081 africum
2355 3042 2369 3077 :
2399 3033 2452 3080 et
2477 3038 2665 3079 omnes
2689 3022 2873 3078 bestiae
2902 3038 3006 3076 non
3033 3021 3249 3076 stabunt
3288 3036 3379 3076 co-

1802 3137 1917 3176 ram
1957 3136 2023 3177 eo
2058 3139 2069 3174 :
2102 3129 2155 3175 et
2182 3135 2288 3176 non
2317 3127 2432 3174 erat
2469 3118 2558 3189 qui
2598 3126 2807 3172 erueret
2834 3116 2899 3170 de
2927 3130 3086 3169 manu
3125 3115 3241 3183 ejus
3282 3133 3295 3169 :
3328 3125 3383 3169 et

1804 3211 1927 3265 fecit
1946 3210 2235 3265 secundum
2262 3210 2584 3265 voluntatem
2615 3222 2787 3274 suam,
2810 3215 2863 3261 et
2888 3206 3251 3276 magniﬁcatus
3276 3217 3376 3261 est.

1804 3305 1857 3358 5.
1891 3304 1957 3357 Et
1981 3318 2079 3373 ego
2114 3319 2261 3358 eram
2291 3302 2586 3372 intelligens
2618 3310 2708 3356 :et
2742 3314 2865 3355 ecce
2892 3299 3070 3353 hircus
3102 3313 3380 3368 caprarum

1805 3394 2050 3450 veniebat
2078 3394 2145 3449 ab
2170 3392 2335 3448 africo
2362 3408 2520 3462 super
2551 3392 2737 3447 faciem
2780 3392 2937 3446 totius
2967 3400 3122 3445 terrae
3150 3408 3163 3443 :
3192 3401 3244 3445 et
3273 3406 3379 3445 non

1806 3485 2057 3557 tangebat
2098 3495 2295 3541 terram
2341 3503 2353 3538 ε
2396 3494 2450 3540 et
2488 3484 2636 3538 hirco
2680 3484 2756 3538 illi
2796 3498 2961 3538 cornu
3004 3482 3291 3551 spectabile
3328 3483 3384 3537 in

1805 3576 1981 3631 medio
2027 3576 2301 3631 oculorum
2348 3576 2482 3645 ejus.
2514 3575 2565 3629 6.
2605 3574 2672 3629 Et
2713 3572 2859 3628 venit
2883 3572 3065 3627 hircus
3111 3587 3279 3643 usque
3316 3572 3383 3626 ad

1806 3668 2030 3722 arietem
2055 3667 2204 3721 illum
2236 3666 2519 3721 habentem
2544 3678 2763 3730 cornua,
2794 3679 2955 3733 quem
2978 3663 3212 3718 videram
3234 3674 3351 3717 stan

1810 3764 1917 3811 teni
1957 3772 2138 3811 coram
2166 3755 2297 3811 Ubal
2326 3774 2338 3809 :
2362 3764 2415 3811 et
2440 3755 2672 3809 cucurrit
2696 3754 2763 3809 ad
2789 3769 2910 3809 eum
2938 3754 2991 3807 in
3018 3753 3091 3807 ira
3124 3752 3385 3807 fortitudi-

1808 3848 1891 3902 nis
1918 3862 2046 3902 suae.
2077 3848 2126 3900 7.
2153 3847 2219 3901 Et
2248 3848 2353 3902 vidi
2379 3863 2498 3902 eum
2519 3846 2824 3915 pervenisse
2846 3860 3013 3914 usque
3039 3845 3105 3899 ad
3133 3846 3383 3901 arietem:

1808 3948 1863 3994 et
1887 3939 2137 3995 efferatus
2159 3949 2240 3993 est
2261 3941 2312 3992 in
2342 3954 2485 4003 eum,
2515 3937 2879 4007 percussitque
2907 3936 3149 4001 arietem,
3179 3944 3232 3990 et
3253 3950 3385 3989 con-

1811 4031 1957 4085 trivit
1979 4039 2201 4099 utraque
2226 4045 2422 4082 cornua
2454 4029 2606 4096 ejus:
2642 4037 2696 4082 et
2721 4043 2829 4081 non
2859 4035 2975 4081 erat
3012 4026 3175 4080 robur
3209 4028 3386 4089 arieti,

1812 4131 1869 4176 ut
1905 4130 2070 4175 staret
2102 4134 2281 4174 coram
2313 4135 2397 4173 eo.
2433 4119 2501 4172 Et
2537 4117 2756 4187 projecit
2794 4116 2965 4185 ipsum
2997 4116 3049 4170 in
3079 4125 3270 4170 terram
3295 4158 3309 4182 ,
3334 4126 3388 4172 et

1811 4210 2143 4267 conculcavit
2171 4210 2377 4279 ipsum,
2405 4218 2459 4263 et
2490 4223 2593 4263 non
2623 4216 2737 4263 erat
2772 4207 2860 4277 qui
2892 4207 3139 4262 liberaret
3168 4208 3388 4263 arietem

1812 4305 1879 4361 de
1920 4318 2079 4359 manu
2114 4302 2251 4373 ejus.
2289 4302 2342 4357 8.
2371 4301 2438 4356 Et
2477 4301 2660 4355 hircus
2702 4314 2980 4369 caprarum
3025 4298 3391 4369 magniﬁcatus

1814 4407 1896 4453 est
1921 4396 2112 4451 mirum
2137 4394 2189 4449 in
2216 4393 2454 4449 modum.
2483 4393 2688 4448 Etcum
2710 4391 3055 4446 invalesceret
3084 4390 3198 4459 ipse
3218 4432 3234 4456 ,
3262 4406 3391 4445 con-

1876 4508 2062 4579 ta)__l)e
2102 4507 2308 4579 Christo_
2337 4507 2417 4579 hic
2457 4508 2670 4567 dicitur,
2708 4504 2812 4579 ipse
2849 4503 2965 4579 facit
3006 4502 3383 4579 (fatale-916:).

1816 4584 1905 4641 per
1929 4565 2161 4641 ellip31m_
2180 4572 2535 4641 emphaticam,
2574 4565 2677 4641 qua
2702 4565 2971 4641 utebantur
2991 4565 3113 4616 olim
3137 4565 3386 4627 Pythago-

1813 4630 1919 4689 ἰπὶ.
1941 4634 2002 4680 de
2024 4630 2114 4682 suo
2132 4630 2333 4682 doctore
2361 4630 2623 4682 dicentes:
2654 4632 2802 4685 Αὐτὸς
2827 4630 2932 4687 ἔφη.

1881 4688 1949 4755 (b)
1974 4695 2131 4756 Supra
2161 4696 2288 4744 dixit
2317 4708 2329 4742 ε
2364 4694 2643 4756 Alexander
2671 4691 2894 4756 adoravit
2934 4692 3085 4756 Deum
3122 4688 3388 4756 («possies-

1815 4750 1942 4815 mea
1961 4750 2235 4815 τὸν-Θεὸν),
2266 4757 2508 4817 quomodo
2528 4754 2607 4804 hic
2632 4766 2831 4817 quoque
2866 4754 2965 4814 legi
3001 4751 3188 4817 debere
3206 4750 3388 4817 pullus

1818 4811 1992 4867 dubito
2018 4832 2028 4865 :
2053 4831 2146 4867 nec
2168 4811 2301 4865 enini
2331 4818 2531 4866 Macedo
2565 4811 2805 4877 templum
2832 4811 3068 4877 adoravit.
3090 4811 3179 4877 sed
3206 4811 3386 4877 Deum,

1818 4893 1908 4928 seu
1936 4892 2115 4928 nomen
2145 4884 2606 4941 tetragrammaton,
2636 4873 2767 4941 quod
2797 4880 2847 4925 in
2874 4873 3057 4941 lamina
3088 4873 3390 4941 insculptum

1817 4941 2036 5009 pomifer
2058 4933 2487 5009 fronte‘g‘éstabat.
2500 4933 2845 5009 _Rem'narrat
2867 4933 3260 5009 §_raecus“Liviu_s
3288 4938 3391 5009 An:-

1817 4996 2272 5113 {éignl‘iléiuisﬁ
2288 5016 2395 5064 cap.
2424 5001 2614 5063 ultimo,
2642 5015 2698 5052 ac
2733 5004 2846 5062 post
2877 4998 3021 5048 illum
3054 4996 3302 5049 Eusebius
3338 5002 3393 5044 et.

1859 5102 1869 5113 .
1898 5078 2246 5113 meronvmus.

1825 5078 2386 5239 Ξὲέίρῖἕὲιζιαῗιὲἓὲριωε
2407 5122 2457 5170 in
2478 5120 2575 5170 ﬁne
2596 5119 2709 5169 libri
2729 5117 2906 5168 decimi
2929 5116 3083 5166 refert
3102 5114 3194 5165 hoc
3219 5115 3375 5164 visum
3390 5153 3403 5171 ,

1937 5185 2161 5239 confuse,
2185 5197 2267 5239 ac,
2288 5185 2358 5233 uti
2382 5182 2536 5239 solet,
2560 5193 2726 5239 parum
2747 5186 2988 5229 accurate.
3016 5186 3112 5226 Non
3137 5184 3277 5226 extra
3300 5189 3403 5239 rem

1937 5182 2161 5241 confuse,
2185 5197 2241 5233 ac
2253 5182 2358 5243 [uti
2382 5182 2536 5240 solet,
2560 5193 2726 5244 parum
2747 5186 3112 5244 accurateLNon
3137 5184 3277 5226 extra
3300 5189 3408 5244 rein

1829 5236 1924 5300 erit
1943 5247 2134 5310 Josephi
2152 5236 2317 5310 locum
2340 5236 2729 5310 legere'q'uoque
2751 5242 2877 5310 apud
2899 5248 2941 5289 s.
2958 5239 3357 5310 _t:hrysostomum
3378 5236 3409 5283 5

1830 5297 2138 5374 (ἱιὺῃο-Τόῐη.
2161 5297 2472 5374 Ῑ)ηθ(1γθι“ξυε
2493 5297 2708 5363 Judteds,
2732 5297 2796 5352 αι’
2811 5316 2873 5352 ex
2899 5297 3174 5359 collatione,
3200 5297 3407 5354 mendis,

1829 5368 1959 5437 quod
1981 5371 2104 5437 factu
2130 5368 2378 5431 perfacile,
2402 5373 2713 5429 repurgetur.

1893 5418 1970 5495 (di)
2002 5418 2259 5487 nemo,
2286 5442 2320 5479 ιν
2343 5418 2486 5485 ειδωᾷ
2508 5418 2691 5489 τῇυβάριι.
2717 5425 2824 5475 Vox
2842 5459 2857 5480 ,
2881 5430 2987 5480 rm
3004 5464 3017 5487 ,
3039 5420 3175 5495 unde
3198 5433 3297 5483 eam
3320 5418 3409 5468 de-

1831 5493 2037 5559 ducitur,
2081 5498 2319 5561 signiﬁcat
2360 5498 2562 5562 plurima
2607 5500 2653 5545 in
2691 5493 3097 5562 Scripturis._ttic‘
3116 5498 3279 5562 autem
3297 5529 3314 5562 Α,
3358 5496 3412 5539 ut

1836 5552 2060 5613 existimo
2080 5601 2093 5620 ,
2126 5552 2314 5624 regiam
2352 5552 2580 5624 denotat._
2604 5552 2811 5620 Josepho
2848 5568 2904 5605 ac
2938 5552 3241 5624 Ibeodoreto
3265 5559 3413 5624 atque

1838 5628 1984 5675 etiam
2007 5613 2171 5673 Nostro
2185 5613 2222 5671 "5
2244 5623 2476 5671 adversus
2496 5620 2700 5677 Judazos,
2718 5613 2997 5677 'Metropolis
3018 5624 3275 5677 Persarum
3294 5613 3413 5662 dici-

1840 5696 1917 5738 tur
1941 5688 2044 5736 haec
2068 5689 2199 5735 urbs.
2225 5684 2418 5734 Videsis
2441 5683 2463 5733 1
2484 5683 2640 5733 Εδᾱηθ
2660 5682 2709 5741 6,
2733 5680 2781 5739 2,
2809 5686 2860 5728 et
2879 5676 2929 5739 2,
2954 5679 3001 5740 1,
3026 5676 3072 5725 1.
