3724 6272
267 269 373 326 255

269 386 451 440 tritum
483 386 564 437 est
584 391 748 435 cornu
779 373 916 429 illius
946 387 1193 442 magnum
1225 379 1311 426 :et
1340 368 1690 424 ascenderunt
1718 380 1849 436 qua-

276 484 396 529 tuor
424 483 624 527 cornua
666 467 851 523 subter
881 463 1033 531 illud,
1066 463 1118 516 in
1146 469 1369 531 quatuor
1407 469 1593 513 ventos
1633 456 1767 510 celi.
1799 453 1854 510 9.

201 549 203 551 1
276 564 339 621 Et
384 576 451 619 ex
483 571 589 615 uno
625 572 811 615 eorum
832 567 1104 625 egressum
1132 561 1217 607 est
1255 564 1420 605 cornu
1466 562 1626 602 unum
1650 544 1787 600 forte
1814 545 1857 610 ‘,

277 663 331 711 et
361 653 556 709 factum
581 657 664 705 est
687 646 888 719 grande
924 644 1103 707 nimis,
1129 642 1194 697 ad
1215 650 1451 695 austrum
1472 679 1487 704 ,
1516 646 1568 692 et
1592 636 1660 691 ad
1682 634 1861 691 orien-

278 755 411 812 tem,
457 750 514 799 et
555 740 625 797 ad
674 738 1023 795 occidentem.
1077 734 1163 789 10.
1215 731 1282 787 Et
1336 728 1729 801 magnificatum
1780 732 1864 780 est

286 848 454 905 usque
476 832 543 889 ad
572 832 820 887 virtutem
865 827 981 883 czeli
1008 844 1019 879 :
1045 834 1098 881 et
1122 823 1316 894 dejecit
1354 822 1406 876 in
1439 831 1632 875 terram
1658 815 1726 872 de
1754 817 1865 870 vir-

288 936 404 983 tute
446 924 585 989 caeli,
629 932 683 979 et
726 921 793 977 de
841 919 1032 985 stellis,
1063 927 1118 973 et
1159 913 1491 972 conculcavit
1526 924 1637 967 eas.
1669 910 1756 964 ll.
1797 908 1867 963 Et

284 1033 453 1091 usque
480 1016 548 1072 ad
576 1013 866 1086 principem
893 1009 1104 1065 virtutis
1136 1006 1529 1078 magnificatum
1558 1009 1641 1057 est
1664 1000 1738 1072 (a)
1768 1016 1782 1052 :
1815 1006 1871 1053 et

284 1126 385 1181 per
409 1109 582 1179 ipsum
611 1102 929 1162 sacrificium
974 1099 1241 1155 turbatum
1285 1104 1407 1151 est:
1446 1102 1500 1149 et
1542 1093 1736 1147 factum
1762 1098 1865 1155 est,

286 1180 341 1257 et
370 1210 627 1271 prospere
664 1193 920 1250 successit
946 1192 1015 1247 ei.
1046 1188 1135 1245 l2.
1162 1189 1230 1244 Et
1262 1185 1619 1242 sanctuarium
1654 1180 1868 1237 desola-

287 1292 429 1348 bitur
458 1308 472 1344 :
497 1297 550 1345 et
574 1287 758 1343 datum
798 1297 879 1340 est
921 1296 1082 1352 super
1123 1279 1438 1335 sacrificium
1484 1281 1790 1347 peccatum,
1817 1277 1873 1324 et

291 1382 524 1455 projecta
572 1387 655 1435 est
693 1377 836 1432 humi
871 1375 1095 1446 justitia.
1126 1374 1193 1427 Et
1231 1371 1389 1435 fecit,
1430 1377 1486 1424 et
1530 1379 1784 1439 prospere
1821 1361 1871 1418 ei

291 1454 407 1529 fuit.
441 1472 529 1528 15.
552 1471 621 1525 Ει
646 1468 820 1524 audivi
845 1483 1008 1522 unum
1038 1475 1277 1519 sanetum
1300 1462 1603 1533 loquentem
1629 1472 1641 1510 :
1667 1464 1720 1511 et
1739 1454 1874 1510 dixit

292 1577 428 1619 unus
472 1570 688 1617 sanctus
729 1556 1003 1614 Pbelmoni
1052 1553 1290 1624 loquenti
1345 1569 1358 1606 :
1406 1549 1696 1619 Usquequo
1740 1545 1874 1601 visio

291 1656 475 1722 stabit,
511 1662 565 1709 et
591 1650 909 1707 sacrificium
951 1647 1206 1710 ablatum,
1248 1652 1303 1698 et
1347 1649 1623 1713 peccatum
1664 1634 1876 1692 desola-

293 1747 450 1802 tionis
480 1744 681 1808 datum,
730 1746 783 1797 et
820 1748 1084 1804 sanctum,
1125 1746 1181 1792 et
1233 1736 1401 1790 virtus
1446 1728 1876 1788 conculcabitur?

293 1840 381 1893 M.
419 1836 484 1891 Et
522 1835 659 1890 dixit
694 1833 741 1888 ei
775 1853 787 1888 :
821 1830 1001 1900 Usque
1043 1829 1110 1883 ad
1156 1840 1430 1896 vesperam
1474 1833 1528 1879 et
1562 1837 1725 1878 mane
1761 1820 1878 1875 dies

294 1930 375 1984 bis
418 1927 562 1982 mille
604 1939 666 1980 ac
714 1922 975 1986 trecenti,
1017 1929 1073 1976 et
1112 1917 1457 1974 mundabitur
1497 1913 1875 1969 sanctuarium.

296 2020 383 2075 15.
413 2018 478 2073 Ει
501 2016 697 2072 factum
728 2021 810 2069 est
834 2012 958 2067 dum
994 2010 1230 2065 viderem
1257 2022 1356 2078 ego
1382 2005 1564 2060 Daniel
1594 2004 1875 2068 visionem,

296 2120 349 2165 ct
375 2121 676 2181 quaererem
717 2103 1140 2175 intelligentiam.
1174 2100 1244 2155 Et
1292 2114 1418 2155 ecce
1458 2097 1605 2152 stetit
1652 2096 1706 2150 in
1747 2108 1880 2150 con-

298 2208 482 2271 spectu
516 2212 659 2253 meo.
691 2197 759 2251 Et
795 2196 929 2250 visio
952 2194 1050 2249 viri
1082 2193 1221 2248 inter
1250 2190 1405 2246 Ubal.
1436 2188 1522 2244 16.
1553 2187 1622 2241 Et
1650 2185 1878 2254 vocavit,

298 2304 352 2349 et
377 2291 509 2347 dixit
536 2308 548 2344 :
578 2289 831 2354 Gabriel,
865 2290 944 2342 fac
974 2288 1131 2341 istum
1159 2283 1456 2353 intelligere
1479 2281 1756 2335 visionem.
1788 2278 1876 2332 17.

299 2382 366 2439 Ει
396 2382 556 2446 venit,
582 2391 637 2436 et
659 2380 806 2435 stetit
830 2379 978 2449 juxta
1015 2378 1296 2431 stationem
1328 2388 1522 2429 meam.
1554 2370 1768 2427 Etcum
1793 2368 1885 2424 ille

301 2474 523 2538 veniret,
569 2471 789 2527 territus
827 2482 976 2536 sum,
1006 2476 1061 2523 et
1097 2466 1232 2521 cado
1271 2464 1325 2520 in
1366 2464 1554 2520 faciem
1595 2475 1791 2517 meam.
1819 2459 1885 2515 Et

301 2566 434 2621 dixit
474 2563 539 2619 ad
564 2578 651 2618 me
683 2578 697 2620 :
727 2559 985 2632 lntellige,
1018 2558 1096 2613 fili
1124 2557 1389 2623 hominis;
1438 2554 1614 2610 adhuc
1643 2554 1786 2608 enim
1832 2552 1885 2608 in

302 2656 558 2727 temporis
602 2654 760 2708 linem
802 2652 957 2706 visio.
1002 2650 1090 2706 18.
1134 2649 1370 2717 Cumque
1418 2644 1724 2716 loqueretur
1773 2642 1888 2712 ipse

302 2762 530 2812 mecum,
560 2744 694 2801 cado
723 2745 773 2798 in
806 2741 993 2797 faciem
1034 2750 1205 2797 meam
1233 2754 1392 2809 super
1419 2747 1614 2793 terram
1645 2754 1658 2790 :
1690 2744 1743 2790 et
1768 2734 1889 2789 teli-

304 2841 381 2909 git
411 2853 515 2902 me,
544 2845 599 2892 et
623 2835 806 2890 statuit
833 2847 918 2888 me
939 2846 1099 2901 super
1126 2828 1289 2900 pedes
1311 2842 1481 2884 meos.
1509 2826 1593 2883 19.
1626 2826 1693 2881 Et
1718 2826 1885 2881 dixit:

307 2932 444 2987 Ecce
484 2944 582 3000 ego
614 2928 789 2982 indico
833 2926 927 2981 tibi
966 2936 1082 2994 qn:e
1118 2922 1291 2978 futura
1331 2931 1456 2977 sunt
1495 2922 1548 2976 in
1589 2919 1891 2975 novissimis

308 3026 400 3079 irae
430 3040 443 3077 :
476 3021 651 3076 adhuc
675 3020 817 3075 enim
846 3017 900 3073 in
934 3016 1189 3086 temporis
1222 3014 1404 3069 linem.
1431 3012 1522 3068 20.
1554 3012 1706 3068 Aries
1731 3025 1889 3082 quem

310 3116 508 3183 vidisti,
536 3114 626 3185 qui
668 3111 897 3168 habebat
927 3124 1127 3165 cornua
1147 3150 1160 3174 ,
1192 3123 1287 3163 rex
1318 3106 1592 3163 Medorum
1621 3115 1703 3160 est
1733 3114 1892 3174 atque

270 3250 273 3257 .
308 3209 613 3264 Persarum.
640 3204 737 3259 21.
770 3203 835 3258 Ει
863 3204 1042 3257 hircus
1065 3215 1381 3271 caprarum,
1426 3214 1519 3253 rex
1560 3196 1887 3254 Graecorum.

312 3296 376 3354 Et
402 3313 565 3353 cornu
602 3309 870 3365 magnum,
898 3293 1037 3364 quod
1073 3301 1187 3347 crat
1222 3293 1361 3345 inter
1397 3291 1581 3345 oculos
1610 3288 1748 3359 ejus,
1780 3287 1895 3357 ipse

316 3399 398 3445 est
423 3406 514 3444 rex
541 3389 759 3458 primus.
798 3385 888 3440 22.
924 3386 991 3439 Et
1011 3385 1150 3455 quod
1178 3385 1464 3439 contritum
1495 3390 1607 3447 est,
1636 3389 1692 3437 et
1719 3395 1899 3436 surre-

314 3488 507 3535 xerunt
551 3486 778 3549 quatuor
812 3486 1011 3531 cornua
1037 3475 1221 3529 subter
1258 3474 1461 3543 ipsum;
1492 3481 1720 3542 quatuor
1745 3482 1897 3539 reges

315 3578 639 3640 consurgent
665 3567 732 3621 de
759 3575 916 3637 gente
942 3567 1078 3636 ejus,
1104 3573 1158 3621 et
1184 3582 1289 3619 non
1313 3566 1366 3618 in
1397 3562 1705 3618 fortitudine
1724 3556 1896 3618 illius.

317 3664 409 3719 23.
443 3661 512 3717 Et
533 3662 583 3714 in
614 3659 869 3715 extremis
897 3658 1045 3727 regni
1072 3658 1304 3726 ipsorum
1322 3698 1338 3723 ,
1367 3654 1644 3725 completis
1666 3653 1900 3727 peccatis

314 3768 522 3816 corum,
550 3757 835 3820 consurget
861 3762 953 3803 rex
994 3747 1273 3817 impudens
1301 3744 1456 3814 facie,
1496 3754 1551 3802 et
1597 3743 1900 3815 intelligens

319 3844 666 3913 problemata.
696 3838 789 3895 21.
823 3839 889 3894 Ει
918 3838 1132 3894 robuSIa
1174 3836 1427 3893 fortitudo
1462 3836 1611 3907 ejus,
1635 3843 1690 3890 et
1716 3834 1899 3889 nonin

316 3935 516 3990 viribus
559 3932 714 3987 suis:
750 3938 804 3985 et
843 3928 1157 3984 mirabiliter
1200 3936 1500 3998 pervertet,
1539 3935 1594 3981 et
1640 3924 1818 3991 faciet,
1846 3933 1902 3980 et

316 4034 619 4096 corrumpet
645 4023 831 4090 fortes,
864 4030 918 4077 ct
939 4021 1189 4092 populum
1214 4027 1477 4074 sanctum.
1506 4017 1600 4073 25.
1632 4014 1898 4087 Etjugum

317 4131 518 4178 cateme
538 4119 655 4189 ejus
675 4116 951 4188 dirigetur.
978 4114 1141 4170 Dolus
1166 4114 1218 4168 in
1246 4128 1404 4168 manu
1427 4110 1563 4182 ejus,
1588 4119 1641 4167 et
1663 4110 1715 4164 in
1737 4107 1902 4165 corde

316 4226 413 4267 suo
440 4208 877 4282 magnificabitur,
902 4216 957 4263 et
981 4205 1104 4262 dolo
1125 4204 1365 4262 destruet
1388 4204 1605 4270 multos,
1630 4210 1684 4258 et
1703 4201 1755 4256 in
1783 4216 1904 4271 per-

318 4305 520 4359 ditione
550 4301 841 4358 multorum
862 4299 1045 4367 stabit,
1068 4308 1123 4355 et
1148 4298 1299 4368 quasi
1331 4312 1430 4353 ova
1452 4298 1505 4352 in
1536 4310 1695 4351 manu
1716 4303 1901 4351 conte-

319 4404 401 4451 ret
425 4408 538 4449 eos.
579 4392 669 4448 26.
702 4392 770 4446 Et
794 4390 930 4446 visio
952 4389 1241 4459 vespertini
1280 4402 1343 4443 ac
1382 4387 1625 4442 matutini
1648 4386 1902 4457 temporis

320 4483 611 4555 supradicti
658 4495 784 4536 vera
826 4488 931 4535 est.
963 4478 1034 4533 Et
1077 4488 1132 4533 tu
1167 4477 1319 4548 signa
1358 4477 1618 4531 visionem
1642 4517 1658 4542 ,
1700 4477 1822 4546 quia
1849 4477 1901 4530 in

319 4580 434 4635 dies
465 4576 663 4632 multos
689 4573 812 4629 erit.
855 4591 875 4626 ι
906 4571 973 4626 Et
999 4572 1149 4636 dixit,
1173 4570 1362 4641 inquit,
1398 4568 1490 4623 Illi
1524 4570 1762 4623 visionem
1789 4584 1901 4621 ma-

318 4672 522 4742 nifesta,
573 4666 796 4723 Gabriel.
832 4664 1026 4734 Aspice
1065 4662 1213 4735 jussa
1257 4661 1566 4730 angelorum
1599 4669 1651 4714 et
1677 4658 1904 4714 archan-

316 4766 580 4837 gelornm.
605 4760 846 4830 Majorne
881 4768 965 4814 est
996 4766 1231 4827 potestas
1257 4755 1398 4810 alia?
1425 4753 1493 4808 Et
1522 4754 1675 4818 venit,
1705 4753 1899 4822 inquit,

316 4867 361 4913 et
391 4856 591 4911 territus
617 4868 748 4908 sum.
776 4850 841 4905 Et
866 4851 995 4903 stetit
1009 4850 1165 4918 juxta
1192 4847 1453 4917 stationem
1482 4861 1666 4900 meum.
1696 4842 1762 4898 Et
1789 4859 1903 4897 cum

315 4949 404 5004 ille
426 4948 633 5010 veniret,
679 4944 879 4998 territus
910 4957 1045 4997 sum.
1074 4939 1300 4996 Ubinam
1343 4939 1502 5009 igitur
1526 4946 1651 4995 sunt
1685 4936 1774 5006 qui
1802 4951 1902 4989 an-

319 5039 469 5110 gelos
504 5034 799 5090 maledictis
841 5030 1273 5110 prosequuntur?
1309 5029 1428 5085 Non
1473 5046 1501 5083 a
1529 5030 1707 5099 seipse
1744 5028 1903 5099 quid-

318 5106 480 5199 quam
524 5127 649 5182 fecit
686 5124 846 5180 Deus.
884 5121 1046 5177 Vides
1071 5131 1126 5176 et
1163 5106 1279 5177 illos
1326 5122 1379 5176 in
1423 5119 1642 5176 ordines
1684 5121 1900 5185 multos,

319 5219 557 5286 formas,
587 5231 653 5272 ac
688 5213 1077 5285 descriptiones
1118 5226 1240 5268 esse
1283 5212 1608 5283 dispositos?
1648 5211 1705 5267 1n
1732 5211 1904 5283 prima

386 5386 403 5415 ι
434 5379 633 5430 Veritas
662 5378 898 5427 Hebraiea
935 5372 1416 5438 postularegvidetur
1450 5377 1505 5421 ut
1546 5371 1770 5438 legatur,
1806 5382 1901 5438 non

322 5447 628 5555 (omnino,
653 5452 803 5492 unum
829 5433 955 5503 forte
981 5438 1102 5515 (Gr;
1127 5436 1404 5499 ἀνίσχυρον,
1432 5446 1547 5511 pro],
1582 5433 1630 5482 ἓν
1655 5433 1897 5543 ingredi).

390 5508 463 5555 lal
532 5519 602 5554 ωε
622 5504 833 5555 (Graece.
857 5503 936 5550 καὶ
964 5501 1053 5555 ἕως
1075 5515 1301 5555 αρχοντος
1321 5504 1404 5555 τῆς
1425 5498 1664 5555 δυναμεως
1680 5496 1710 5551 ἡ
1745 5494 1897 5555 ρυνθη)

390 5494 838 5570 (a)}lechrthe,’
853 5503 936 5570 goti-
964 5494 1053 5569 ξὶυς
1075 5494 1664 5570 ἄρχογιίὸς’τῆ,ε.δυνᾲμξῳς
1680 5494 1901 5570 papam)

325 5556 423 5631 non
448 5556 714 5631 'haben'ttlr
747 5556 1081 5631 in:Editione
1111 5556 1321 5631 vulgata
1369 5556 1904 5631 'l‘heo'clotionis;.qu:e

326 5625 461 5687 hinc,
495 5635 548 5677 et
572 5643 633 5678 ex
659 5625 993 5686 Theodoreto,
1014 5621 1172 5687 magis
1197 5619 1362 5675 autem
1393 5634 1455 5670 ex
1479 5619 1707 5678 Hebraeo,
1729 5619 1905 5669 viden-

329 5698 411 5740 tur
444 5688 735 5753 adjicienda.

1038 257 1095 313 S.
1135 256 1412 314 JOANNIS
1449 249 1916 311 CIIRYSUSTOMI
1957 249 2270 305 ARCIIIEP.
2313 247 2841 307 CONSTANTINOP.

3442 246 3552 304 236

1968 362 2193 429 visione,
2235 365 2452 428 Accessi,
2497 363 2682 433 inquit,
2725 373 2771 415 et
2812 363 3115 434 interrogavi
3150 360 3310 430 (Dan.
3343 360 3396 416 7.
3434 362 3552 429 16).

1970 454 2063 507 llic
2092 469 2194 507 non
2232 454 2379 509 item.
2412 451 2481 506 Et
2507 453 2677 507 audivi
2702 470 2858 507 unum
2881 462 3109 508 sanctam
3144 450 3445 522 loquentem.
3482 449 3553 505 Et

1966 543 2101 603 alius
2122 544 2466 614 interrogavit
2499 562 2511 598 :
2543 559 2637 598 seu
2668 545 2945 615 ignorans,
2971 550 3033 598 ut
3074 542 3257 598 Daniel
3295 541 3553 598 disceret.

1970 632 2037 687 Et
2062 634 2337 703 respondit,
2380 635 2567 703 inquit.
2606 634 2672 688 Et
2696 635 2749 688 in
2778 635 3059 689 novissimis
3098 634 3257 704 regni,
3289 633 3561 703 couipletis

1969 728 2184 794 peccatis
2204 743 2397 792 eorum,
2426 735 2698 797 consurget
2732 743 2823 781 rea:
2851 727 3116 797 impudens
3138 726 3286 797 facie.
3319 724 3455 782 Vide
3491 733 3561 780 ut

1971 815 2171 872 Judicis
2198 817 2479 884 ostendat,
2523 819 2666 887 ipsos
2692 832 2813 872 esse
2850 826 3098 873 auctores
3142 817 3365 873 istarum
3404 817 3558 873 cala—

1972 908 2235 961 mitatum.
2264 904 2388 962 ideo
2412 917 2593 962 autem
2622 922 2727 962 non
2766 907 3015 977 patefecit
3040 921 3317 963 sermones
3334 948 3353 975 ,
3379 922 3451 964 ne
3478 906 3561 963 illi

1973 997 2041 1054 de
2070 999 2325 1054 industria
2356 1001 2408 1054 in
2445 1000 2640 1055 malitia
2669 1015 2761 1055 sua
2801 1016 2863 1056 ac
2895 1001 3098 1072 ignavia
3133 1009 3440 1071 perstarent
3468 1019 3482 1057 :
3512 1000 3563 1056 si

1973 1093 2137 1157 enim,
2165 1109 2285 1147 cum
2315 1092 2442 1148 nihil
2469 1093 2657 1148 horum
2686 1094 2883 1150 dictum
2912 1094 3088 1160 fuerit,
3121 1104 3295 1150 tamen
3324 1093 3399 1149 illi
3428 1110 3565 1165 per—

1974 1192 2284 1238 manserunt
2309 1202 2321 1237 :
2341 1184 2507 1238 multo
2532 1185 2697 1255 magis
2720 1185 2763 1240 si
2793 1201 2853 1240 ea
2870 1184 3202 1242 manifestata
3226 1184 3477 1251 fuissent;
3504 1193 3568 1240 et

1977 1284 2032 1329 ut
2059 1274 2322 1345 intelligas
2361 1274 2617 1345 Spiritum
2662 1275 2855 1346 ubique
2900 1276 3003 1331 vim
3044 1275 3264 1345 habere,
3292 1287 3346 1332 et
3390 1277 3569 1331 Deum

1976 1366 2153 1421 omnia
2181 1366 2496 1436 praevidere,
2538 1377 2593 1423 et
2632 1383 2750 1422 cum
2792 1368 2953 1422 sciret
2978 1366 3192 1423 Judrcos
3219 1378 3570 1441 peccaturos,

1979 1468 2155 1514 tamen
2204 1474 2299 1515 eos
2340 1459 2392 1515 in
2435 1461 2655 1532 patriam
2705 1461 2995 1518 reduxisse.
3047 1461 3114 1517 Et
3153 1462 3293 1530 vide,
3346 1463 3469 1533 quia
3519 1462 3573 1518 si

1980 1551 2202 1608 dixisset
2228 1568 2429 1619 annos,
2463 1554 2728 1609 modicum
2762 1563 2969 1625 tempus
2998 1557 3165 1609 visum
3196 1555 3373 1610 fuisset
3395 1599 3410 1619 ,
3440 1556 3576 1610 ideo

1979 1645 2031 1700 in
2065 1644 2270 1701 dierum
2298 1662 2577 1702 numerum
2617 1648 2856 1714 resolvit,
2890 1656 2947 1703 ut
2966 1648 3298 1704 multitudine
3337 1658 3571 1715 terreat,

1981 1755 2087 1793 non
2119 1740 2233 1794 dies
2257 1750 2479 1803 tantum,
2508 1741 2601 1796 sed
2625 1751 2677 1796 et
2698 1750 2881 1797 noctes
2908 1742 3256 1797 numerando.
3283 1743 3348 1798 Et
3372 1744 3575 1797 immo-

1983 1838 2132 1883 ratur
2163 1831 2374 1899 tragicn:
2403 1830 2727 1897 calamitati,
2756 1846 2873 1902 quae
2907 1846 3001 1902 per
3026 1831 3344 1888 Antiochum
3386 1834 3574 1888 conti-

1982 1921 2089 1989 git;
2136 1928 2196 1975 ut
2239 1921 2323 1976 vel
2363 1921 2440 1976 sic
2480 1930 2739 1977 terrorem
2783 1922 3021 1978 incutiat.
3055 1922 3122 1977 Ut
3157 1942 3255 1978 non
3300 1926 3352 1978 in
3378 1926 3581 1979 viribus

1983 2011 2106 2064 suis.
2137 2010 2191 2065 ld
2220 2020 2321 2076 est,
2351 2021 2559 2082 poterat
2594 2011 2734 2069 Deus
2755 2012 2901 2068 illum
2942 2014 3234 2084 reprimere
3264 2033 3276 2069 :
3305 2015 3398 2070 sed
3442 2033 3578 2087 per—

1985 2101 2129 2155 misit
2160 2101 2227 2155 ob
2255 2112 2471 2171 peccata
2492 2144 2507 2169 ,
2537 2112 2590 2159 et
2616 2119 2720 2158 non
2761 2120 2944 2160 eorum
2971 2106 3059 2175 qui
3100 2106 3413 2175 simpliciter
3441 2123 3576 2176 pec-

1985 2204 2218 2259 cassent,
2251 2195 2345 2249 sed
2384 2206 2661 2267 postquam
2703 2197 2967 2267 completa
2989 2207 3112 2252 sunt
3138 2209 3373 2268 peccata.
3404 2199 3581 2270 Igitur

1987 2285 2304 2341 delictorum
2344 2287 2518 2358 aliqua
2549 2304 2796 2344 mensura
2842 2289 2962 2345 est?
3002 2288 3245 2344 Nondum
3281 2292 3448 2358 enim,
3492 2293 3583 2345 in-

1988 2377 2118 2447 Quit,
2152 2379 2399 2449 completa
2428 2389 2569 2433 erant
2607 2388 2812 2450 peccata
2852 2380 3261 2435 Amorrlueorum
3298 2380 3451 2454 (Gen.
3482 2382 3579 2437 15.

1990 2471 2101 2542 16).
2130 2472 2197 2526 Ει
2225 2471 2462 2539 adverte,
2496 2472 2729 2527 nondum
2772 2472 2949 2542 itaque
2981 2472 3313 2539 incendium,
3337 2474 3431 2527 sed
3463 2490 3582 2528 cae-

1989 2563 2135 2619 dium
2157 2563 2478 2620 occisiones.
2501 2563 2629 2618 Nam
2653 2580 2775 2619 cum
2801 2563 3013 2634 quidam
3042 2564 3204 2618 futuri
3226 2574 3403 2620 essent
3426 2564 3581 2629 boni,

1976 2664 2045 2720 ,et
2072 2656 2309 2725 patrihus
2356 2656 2788 2725 praestantiores,
2818 2654 3074 2724 supplicia
3120 2670 3329 2725 quoque
3368 2658 3584 2709 minora

1993 2746 2163 2802 fuere.
2205 2747 2331 2803 Have
2368 2757 2545 2801 autem
2582 2747 2863 2812 dicuntur,
2905 2762 2972 2801 ne
3009 2746 3265 2811 victoriis,
3299 2762 3433 2817 quas
3476 2747 3592 2801 Sub

1993 2836 2318 2892 Zurobabele
2358 2838 2677 2908 reportaturi
2730 2845 2901 2901 erant,
2954 2836 3103 2902 elati,
3144 2851 3339 2907 segnes
3363 2836 3585 2891 fierent.

1997 2929 2061 2983 Et
2089 2928 2209 2984 vide
2258 2939 2315 2984 ut
2352 2928 2628 2998 splendida
2674 2928 2919 2999 quaedam
2964 2942 3070 2982 non
3118 2935 3278 2996 ponat
3304 2927 3421 2991 hic,
3457 2935 3591 2996 post

1998 3018 2084 3076 illa
2106 3037 2227 3091 qua:
2253 3021 2317 3075 ad
2346 3021 2668 3075 Antiochum
2695 3020 2982 3089 pertinent,
3012 3017 3105 3075 sed
3131 3018 3403 3074 dumtaxat
3434 3018 3591 3072 solu-

1999 3113 2195 3168 tionem
2246 3128 2275 3166 a
2334 3113 2765 3178 calamitatibus,
2810 3121 2865 3168 et
2918 3122 3126 3183 tempus
3163 3113 3301 3181 quod
3351 3112 3592 3167 obtinuit

1997 3204 2154 3259 dicat.
2201 3203 2337 3272 Quid
2382 3205 2577 3274 igitur?
2619 3204 2846 3272 hujusne
2893 3204 3150 3273 temporis
3186 3218 3292 3258 non
3334 3204 3592 3274 praedixit

1998 3297 2391 3363 captivitatem?
2417 3297 2559 3352 Sane
2580 3296 2842 3366 praedixit,
2868 3296 2961 3352 sed
2986 3296 3135 3351 valde
3158 3296 3401 3351 obscure.
3432 3296 3592 3351 Ideo-

1998 3404 2101 3457 que
2128 3387 2368 3443 Christus
2409 3388 2481 3443 ait
2521 3406 2533 3441 :
2572 3388 2697 3443 Cum
2724 3389 2947 3442 videritis
2985 3388 3403 3442 abominationem
3430 3388 3591 3443 deso—

2002 3476 2224 3543 lationis,
2264 3480 2350 3546 qui
2389 3479 2507 3549 legit
2548 3479 2795 3547 intelligat
2824 3477 3033 3550 (Matth.
3068 3479 3158 3532 24.
3192 3477 3305 3549 15).
3335 3477 3591 3542 Venicnt,

2002 3570 2202 3639 inquit,
2235 3572 2385 3641 quasi
2432 3571 2546 3642 ipse
2588 3587 2695 3626 non
2737 3572 3056 3625 vaticinatus
3100 3570 3306 3625 fuisset.
3350 3570 3415 3624 Et
3445 3587 3593 3625 mm-

2004 3662 2133 3717 nulli
2160 3662 2376 3732 quidem
2401 3661 2621 3729 dicunt,
2650 3662 2841 3717 merito
2869 3663 2967 3716 ista
2992 3677 3096 3716 non
3127 3677 3247 3716 esse
3277 3660 3535 3731 praedicta
3576 3678 3594 3715 :

2003 3754 2253 3823 quoniam
2294 3756 2410 3809 hzec
2447 3754 2725 3823 captivitas
2769 3762 2976 3822 tempus
3014 3767 3075 3807 ac
3103 3752 3259 3806 linem
3300 3762 3597 3820 acceptura

2006 3861 2109 3899 non
2151 3853 2287 3900 crat.
2321 3844 2463 3898 Dabo
2490 3845 2658 3911 enim,
2692 3844 2895 3914 inquit,
2928 3854 2973 3897 et
3004 3843 3254 3913 improbos
3287 3858 3379 3911 pro
3410 3842 3595 3911 sepul-

2005 3947 2119 3991 tura
2144 3939 2273 4007 ejus,
2298 3946 2343 3990 et
2370 3937 2547 3991 divites
2564 3954 2658 4005 pro
2680 3946 2839 3990 morte
2860 3937 2988 4005 eius.
3013 3934 3076 3989 Et
3101 3946 3154 3988 tu
3179 3940 3323 4006 signa
3346 3935 3600 3987 visionem

2006 4031 2136 4082 hanc
2157 4070 2171 4096 ,
2212 4029 2331 4096 quia
2373 4028 2425 4082 in
2467 4029 2573 4083 dies
2603 4028 2785 4081 multos
2813 4028 2904 4081 erit
2934 4025 3089 4098 (Isai.
3119 4026 3206 4082 53.
3238 4025 3314 4097 9).
3344 4023 3456 4081 Hoc
3480 4036 3599 4092 est,

2003 4118 2245 4185 Custodi,
2275 4132 2552 4182 conserva,
2584 4134 2652 4173 ne
2673 4116 3023 4173 diuturnitate
3055 4116 3308 4186 temporis
3342 4130 3599 4169 corrum-

2009 4221 2181 4283 patur.
2209 4210 2342 4267 Vide
2370 4211 2534 4267 Deum
2562 4210 2759 4280 ubique
2792 4208 2895 4263 illis
2925 4222 3162 4279 parcere.
3182 4202 3603 4261 Descenderam

2007 4305 2058 4360 in
2089 4303 2397 4375 )Egyptum,
2428 4302 2654 4373 improbi
2682 4308 2998 4367 evaserunt;
3029 4314 3132 4354 non
3162 4297 3456 4362 abscessit,
3484 4297 3600 4351 du~

2006 4395 2084 4451 xit
2108 4410 2201 4450 eos
2237 4396 2288 4450 in
2334 4395 2628 4450 desertum.
2663 4392 3077 4447 Permanserunt
3120 4392 3171 4444 in
3211 4390 3447 4455 malitia;
3483 4406 3605 4445 non

2009 4488 2232 4551 abstitit,
2267 4486 2557 4541 introduxit
2593 4500 2687 4541 eos
2719 4486 2771 4539 in
2803 4492 2999 4539 terram
3033 4483 3419 4552 promissionis.
3448 4479 3605 4534 Rur-

2009 4594 2099 4635 sus
2126 4579 2241 4634 illos
2265 4578 2472 4634 reduxit
2506 4577 2606 4632 sub
2645 4576 2942 4641 Antiocho;
2974 4575 3149 4630 adhuc
3183 4574 3343 4630 iidem
3375 4588 3603 4629 manse-

2008 4680 2150 4725 runt.
2188 4670 2454 4740 Tempore
2492 4669 2687 4724 Christi
2736 4668 2911 4723 adhuc
2959 4666 3118 4722 iidem
3152 4674 3246 4720 :et
3299 4677 3471 4735 neque
3514 4666 3604 4719 sic

2009 4764 2287 4832 abscessit,
2319 4762 2413 4818 sed
2443 4777 2657 4833 semper
2684 4776 2869 4817 eorum
2909 4775 3090 4816 curam
3119 4759 3275 4831 gerit.
3302 4757 3374 4813 Et
3399 4774 3603 4828 quem-

2008 4856 2293 4912 admodum
2329 4855 2608 4922 naturalia,
2636 4870 2860 4925 qumque
2906 4870 2935 4909 a
2978 4862 3167 4907 natura.
3194 4849 3347 4906 nobis
3385 4850 3601 4918 insunt,

2011 4967 2295 5022 numquam
2341 4949 2735 5014 abscesserint,
2785 4945 3038 5019 quidquid
3085 4945 3338 5000 eveniat:
3370 4942 3442 4997 ita
3494 4959 3605 4999 nec

2012 5044 2183 5107 Deus;
2212 5042 2319 5096 imo
2364 5038 2477 5094 fieri
2520 5038 2735 5109 quidem
2766 5046 2944 5108 potest
2987 5045 3044 5090 ut
3090 5034 3173 5089 illa
3215 5033 3463 5089 deﬁciam
3497 5051 3509 5087 :
3548 5046 3606 5091 at

2013 5132 2102 5187 Dei
2134 5129 2517 5202 providentiam
2548 5143 2611 5184 ac
2638 5142 2820 5183 curam
2850 5126 3106 5182 recedere
3127 5125 3460 5196 impossibile
3487 5138 3601 5182 est.

2014 5225 2151 5278 Nam
2178 5224 2241 5291 si,
2270 5222 2463 5292 inquit,
2490 5231 2537 5275 et
2560 5220 2719 5276 oblita
2746 5222 2898 5292 fuerit
2937 5220 3119 5274 mulier
3151 5218 3373 5273 misereri
3398 5217 3605 5287 fetuum

2010 5318 2137 5371 uteri
2162 5316 2262 5380 sui,
2284 5315 2373 5369 sed
2396 5331 2485 5387 ego
2514 5331 2616 5368 non
2645 5312 2911 5368 obliviscar
2931 5312 3006 5366 tui
3034 5310 3185 5383 (lsai.
3214 5309 3302 5365 49.
3337 5310 3455 5382 15).
3482 5309 3602 5365 Sic-

2011 5419 2069 5463 ut
2095 5409 2237 5463 enim
2268 5416 2437 5462 mater
2474 5422 2579 5461 non
2633 5405 2852 5475 respicit
2878 5403 2945 5459 ad
2994 5402 3284 5458 liberorum
3315 5401 3600 5469 virtutem,

2011 5502 2103 5557 sed
2132 5508 2333 5554 natura:
2364 5499 2532 5569 legem
2561 5496 2747 5568 implet
2775 5515 2787 5551 :
2823 5497 2916 5562 ita,
2944 5503 2999 5551 et
3025 5494 3191 5549 multo
3216 5494 3406 5565 magis,
3450 5492 3604 5549 Deus

2010 5609 2223 5664 seraper
2270 5608 2452 5647 curam
2481 5593 2635 5663 gerit,
2669 5606 2770 5647 nec
2816 5605 3066 5661 umquam
3110 5589 3349 5655 destitit;
3380 5603 3601 5659 semper

2012 5686 2254 5742 eamdem
2287 5698 2591 5739 mensuram
2623 5683 2858 5739 exhibet.
2891 5681 2980 5736 27.
3010 5681 3075 5736 Et
3103 5698 3192 5753 ego
3218 5678 3405 5735 Daniel
3441 5680 3601 5736 decu-
