3724 6272
93 240 180 299 935

91 362 344 433 οὐρανοῦ.
373 362 484 417 Kal
513 361 582 414 ἐκ
609 359 715 416 τοῦ
743 359 879 425 ἐνὸς
903 357 1102 413 αὐτῶν
1125 355 1350 425 ’ἐξῆλθε
1372 355 1548 425 κέρας
1574 356 1643 411 ἓν

95 447 344 517 ἔσχυρὸν,
368 445 467 499 καί
496 444 866 513 έμεγαλύνθη
902 439 1205 509 περισσῶς
1237 439 1387 507 πρὸς
1414 438 1521 492 τὸν
1546 439 1647 493 νό-

92 548 198 593 τον,
228 529 331 583 καί
372 529 522 597 πρὸς
560 525 886 594 ἀνατολὴν,
913 524 1013 578 καί
1047 521 1200 596 [245]
1230 522 1377 590 πρὸς
1404 522 1519 588 τὴν
1548 522 1650 576 δύ-

90 629 178 666 σιν
192 624 236 665 ι.
268 612 377 667 Kal
405 610 781 680 ἐμεγαλύνθη
808 607 919 674 ἕως
942 606 1054 674 τῆς
1081 605 1387 675 δυνάμεως
1416 604 1524 659 τοῦ
1550 606 1650 659 οὐ-

86 694 253 763 ρανοῦ
266 708 284 724 ⁶
312 694 413 747 καί
434 694 656 749 ἔπεσεν
671 692 770 745 ἐπί
796 690 911 758 τὴν
936 687 1053 759 ﬁr
1069 689 1190 744 ἀπὸ
1215 688 1326 757 τῆς
1344 687 1649 758 δυνάμεως

95 779 181 834 τοῦ
195 778 476 847 οὐρανοῦ,
508 777 607 832 καί
636 776 753 832 ἀπὸ
782 774 902 829 τῶν
936 773 1224 842 ἀστέρων,
1248 775 1345 829 καί
1381 772 1648 830 συνεπά-

92 879 258 929 τησεν
289 863 537 931 αὐτούς.
565 859 679 914 Kal
723 859 833 925 ἕως
861 859 1154 929 ἄρχοντος
1192 858 1303 925 τῆς
1344 855 1651 926 δυνάμεως

91 946 368 1014 ἠδρύνθη*
426 944 524 998 καί
577 942 651 996 δι’
673 942 862 997 αὑτὸν
917 942 1100 998 θυσία
1152 939 1448 1010 ἐταράχθη
1477 980 1492 1003 .
1548 940 1647 994 καί

91 1030 353 1098 ἐγενήθη,
401 1030 503 1083 καί
560 1025 944 1095 κατευωδώθη
992 1022 1172 1091 αὐτῷ.
1213 1025 1322 1079 Kal
1367 1024 1433 1079 τὸ
1481 1024 1652 1095 ἅγιον

91 1110 545 1180 ἐρημωθήσεται·
595 1109 695 1165 καί
736 1110 912 1178 ἐδόθη
942 1109 1042 1163 ἐπὶ
1068 1108 1184 1178 τὴν
1221 1109 1441 1165 θυσίαν
1471 1108 1653 1179 ἀμαρ-

88 1196 188 1261 τία,
204 1194 301 1249 καί
327 1196 539 1265 ἐρρίφη
564 1194 745 1264 χαμαὶ
770 1195 808 1263 ἡ
834 1192 1211 1261 δικαιοσύνη.
1244 1194 1354 1248 Kal
1377 1194 1648 1261 ἐποίησε,

90 1278 173 1330 καί
200 1278 492 1345 ώωδώθη.
518 1278 627 1333 Kal
656 1277 896 1346 ἥκουσα
922 1276 1060 1343 ἐνὸς
1091 1277 1262 1345 ἀγίου
1291 1277 1648 1342 λαλοῦντος,

88 1362 173 1414 καί
198 1361 371 1417 εἷπεν
398 1356 489 1428 εἷς
519 1362 686 1433 ἅγιος
724 1359 805 1427 τῷ
847 1362 1140 1431 φελμουνί
1158 1362 1186 1403 ιι
1219 1362 1298 1428 τῷ
1328 1362 1617 1417 λαλοῦντι
1636 1379 1649 1391 ·

91 1440 659 1514 Ἔωςπότεήόρασις
697 1445 1011 1515 στήσεται,
1055 1446 1152 1500 καί
1182 1445 1220 1513 η
1250 1448 1435 1502 θυσία
1478 1448 1518 1516 η
1550 1448 1652 1516 ἀρ·

90 1526 260 1591 θεῖσα,
291 1528 393 1581 καί
421 1529 461 1597 ἡ
495 1528 748 1599 ἁμαρτία
783 1528 892 1597 τῆς
919 1528 1268 1601 ἐρημώσεως
1310 1532 1348 1599 ἡ
1388 1530 1648 1595 δοθεῖσα,

89 1610 174 1663 καί
220 1610 287 1663 τὸ
338 1609 529 1680 ἅγιον,
564 1612 663 1666 καὶ
702 1612 740 1681 ἠ
783 1613 1035 1683 δύναμις
1078 1615 1650 1685 συμπατηθήσεται;

91 1693 186 1748 Kal
231 1690 405 1749 εἶπεν
424 1690 613 1759 αὐτῷ’
630 1697 782 1763 Ἕως
812 1697 1073 1767 ἑσπέρας
1121 1696 1222 1751 καί
1259 1698 1409 1767 πρωῒ
1443 1698 1652 1769 ἡμέραι

84 1778 365 1849 δισχίλιαι
392 1778 493 1833 καί
519 1783 870 1849 τριακόσιαι,
910 1782 1007 1836 καί
1047 1783 1547 1851 καθαρισθήσεται
1585 1786 1649 1839 τὸ

86 1864 258 1931 ἄτιον.
288 1863 405 1917 Kal
445 1864 681 1934 ἐγένετο
720 1866 790 1919 ἐν
817 1866 898 1933 τῷ
925 1867 1073 1921 ἰδεῖν
1106 1884 1203 1939 με,
1246 1867 1361 1938 ἐγὼ
1404 1868 1646 1937 Δανιὴλ,

88 1948 186 2015 τὴν
211 1947 451 2017 ὅρασιν,
482 1947 667 2015 ζητῶν
710 1950 784 2012 (ί.
819 1952 911 2004 καὶ
943 1951 1189 2023 ἐζήτουν)
1237 1952 1511 2007 σύνεσιν.
1540 1953 1651 2009 Kal

86 2031 203 2085 ἰδοὺ
230 2033 385 2099 ἔστη
413 2031 671 2087 ἐνώπιόν
690 2051 828 2103 μου.
852 2034 962 2088 Kal
977 2034 1191 2104 ὅρασις
1214 2035 1276 2099 (ἰ.
1302 2053 1423 2106 μου,
1447 2034 1522 2100 ὡς
1541 2036 1647 2108 ὃρ.)

82 2114 289 2182 ἀνδρὸς
315 2115 435 2169 ἀνὰ
469 2115 664 2185 μέσον
698 2117 804 2171 τοῦ
838 2118 1057 2174 Οὐϐάλ.
1097 2119 1205 2174 Kal
1231 2118 1508 2184 ἐκάλεσε,
1552 2123 1650 2176 καί

80 2195 273 2250 εἶπενο
310 2198 599 2266 Γαϐριὴλ,
629 2200 955 2255 συνέτισον
997 2200 1228 2256 ἐκεῖνον
1264 2201 1379 2270 τὴν
1420 2202 1651 2271 ὅρασιν.

81 2281 183 2334 Καὶ
209 2276 379 2350 ἦλθε,
413 2281 512 2334 καί
534 2281 681 2351 ἔστη
719 2283 975 2353 ἐχόμενα
999 2284 1107 2338 τὸν
1144 2284 1219 2356 (ἰ.
1256 2285 1509 2357 ἐχόμενος
1533 2288 1653 2358 τῆς)

78 2363 343 2431 στάσεώς
376 2382 515 2435 μου.
547 2366 656 2420 Kal
702 2367 772 2421 έν
807 2369 887 2434 τῷ
925 2368 1126 2424 ἐλθεῖν
1165 2370 1373 2437 αὐτόν,
1407 2371 1657 2442 ἐθαμϐή-

84 2458 206 2515 θην,
245 2450 347 2503 καί
396 2451 591 2504 πίπτω
648 2452 744 2505 έπί
798 2455 1124 2521 πρόσωπόν
1168 2472 1307 2523 μου.
1360 2457 1469 2510 Kal
1525 2453 1656 2511 εἶπε

86 2534 223 2598 πρός
243 2548 353 2602 με’
397 2536 606 2603 Σύνες,
642 2534 738 2589 υἰέ
768 2537 1083 2604 ἀνθρώπου
1107 2554 1123 2570 ο
1157 2538 1245 2592 ἔτι
1274 2540 1383 2610 γὰρ
1415 2542 1501 2607 είς
1534 2558 1657 2595 και-

82 2617 184 2682 ροῦ
217 2620 406 2687 πέρας
429 2619 469 2687 ἡ
491 2617 723 2687 ὅρασις.
744 2619 853 2675 Kal
883 2622 954 2675 έν
983 2621 1063 2688 τῷ
1090 2622 1305 2677 λαλεῖν
1329 2624 1516 2679 αὑτὸν
1529 2627 1654 2695 μετ’

84 2700 242 2765 ἐμοῦ,
272 2702 471 2755 πίπτω
500 2703 597 2756 ἐπὶ
624 2705 951 2771 πρόσωπόν
973 2721 1094 2773 μου
1113 2705 1213 2759 έπί
1237 2706 1351 2775 τὴν
1384 2707 1502 2777 γῆν
1520 2725 1535 2739 ο
1557 2709 1658 2763 καί

86 2785 277 2852 ἣψατό
302 2804 447 2855 μου,
486 2787 584 2841 καί
608 2787 835 2857 ἕστησέ
863 2805 942 2858 με
976 2789 1075 2842 ὲπί
1113 2789 1256 2856 τοὺς
1297 2791 1487 2857 πόδας
1518 2810 1653 2859 μου.

85 2868 183 2922 Kal
214 2865 388 2923 εἶπεν
408 2888 422 2902 ’
450 2868 602 2927 Ἰδοὺ
624 2869 1010 2942 ἐγὼγνιφίζω
1041 2886 1141 2927 σοι
1174 2873 1246 2929 τὰ
1277 2874 1538 2944 ἐσόμενα
1564 2876 1656 2928 ἐπ’

81 2950 351 3018 ἐσχάτων
374 2951 486 3020 τῆς
508 2952 690 3024 ὀργῆς
712 2970 726 2985 ο
756 2954 845 3008 ἔτι
872 2954 983 3026 γὰρ
1011 2958 1098 3022 εἰς
1128 2957 1340 3026 καιροῦ
1371 2957 1577 3027 πέρας.
1594 2960 1657 3013 '0

83 3036 242 3102 κριὸς
266 3036 342 3090 δν
364 3032 543 3103 εἶδες,
577 3040 611 3091 ό
635 3039 792 3107 έχων
822 3040 894 3093 τὰ
927 3039 1165 3108 κέρατα,
1197 3040 1497 3109 ,ϐασιλεὺς
1534 3042 1659 3111 Μή-

80 3119 198 3170 δων
233 3118 336 3172 καί
367 3119 632 3187 Περσῶν.
665 3121 772 3174 Kal
804 3124 838 3176 ό
863 3121 1077 3193 τράγος
1108 3122 1226 3177 τῶν
1248 3122 1455 3195 αἰγῶν,
1479 3125 1660 3190 ,βασι-

86 3203 227 3269 λεὺς
264 3203 597 3270 Ἑλλήνων.
625 3204 733 3258 Kal
764 3207 831 3259 τὸ
864 3206 1044 3274 κέρας
1079 3206 1146 3260 τὸ
1170 3207 1344 3278 μέγα,
1384 3208 1417 3261 ὃ
1444 3205 1521 3279 ἦν
1544 3210 1661 3264 ἀνὰ

82 3286 268 3355 μέσον
302 3285 426 3341 τῶν
463 3287 786 3358 ὀφθαλμῶν
820 3288 1029 3354 αὐτοῦ,
1068 3291 1249 3357 αὐτός
1281 3290 1450 3344 ἐστιν
1479 3294 1513 3346 ὁ
1543 3292 1659 3355 βα-

89 3370 291 3437 σιλεὺς
322 3372 357 3424 ό
391 3370 641 3439 πρῶτος.
670 3371 782 3426 Kal
809 3372 897 3426 ὅτι
923 3375 1266 3443 συνετρίϐη,
1304 3374 1404 3429 καί
1435 3375 1658 3445 ἀνέστη

90 3454 354 3523 τέσσαρα
408 3457 625 3524 κέρατα
660 3456 1045 3512 ὑποκάτωθεν
1093 3456 1279 3512 αὐτοῦ
1301 3495 1321 3525 ,
1368 3458 1661 3529 τέσσαρες

80 3537 360 3605 βασιλεῖς
401 3539 853 3605 ἀναστήσονται
899 3539 1017 3594 ἀπὸ
1051 3541 1157 3595 τοῦ
1188 3542 1405 3609 ἔθνους
1449 3545 1655 3613 αὐτοῦ,

87 3622 178 3675 zal
204 3626 315 3678 οὐκ
343 3624 413 3677 έν
442 3623 519 3692 τῇ
547 3626 719 3692 ἰσχύϊ
735 3626 941 3679 αὐτοῦ.
982 3627 1090 3680 Kal
1121 3627 1214 3680 ἐπ’
1235 3626 1510 3697 ἐσχάτων
1550 3628 1661 3697 τῆς

79 3708 401 3775 ,ϐασιλείας
451 3709 672 3773 αὐτῶν,
715 3710 1148 3779 πληρουμένων
1188 3709 1311 3764 τῶν
1364 3711 1662 3781 ἁμαρτιῶν

84 3790 297 3857 αὐτῶν,
324 3792 734 3858 ἀναστήσεται
749 3792 1053 3860 ¹βασιλεὺς
1071 3793 1322 3861 ἀναιδὴς
1342 3793 1658 3863 προσώπῳ,

85 3875 179 3926 καί
227 3875 458 3929 συνιὼν
486 3875 894 3945 προϐλήματα.
941 3877 1055 3931 Kal
1097 3878 1352 3945 κραταιὰ
1397 3879 1436 3947 ἡ
1482 3880 1662 3947 ἰσχὺς

81 3956 289 4024 αὑτοῦ,
317 3958 415 4012 καί
449 3960 562 4014 οὐκ
593 3960 664 4014 ἐν
690 3959 763 4028 τῇ
795 3962 968 4029 ἰσχύϊ
985 3962 1199 4017 αὐτοῦ’
1222 3962 1320 4016 καί
1349 3965 1662 4033 θαυμαστά

78 4042 401 4112 διαφθερεῖ,
435 4045 534 4099 καί
576 4043 835 4111 ποιήσει,
870 4045 968 4099 καί
1014 4045 1316 4115 διαφθερεῖ
1352 4048 1659 4115 ἰσχυροὺς,

79 4127 183 4177 αναί
214 4127 369 4181 λαὸν
409 4127 599 4198 ἅγιον.
631 4128 741 4183 Kal
783 4131 816 4183 ό
862 4127 1035 4199 ζυγὸς
1079 4130 1186 4184 τοῦ
1225 4130 1434 4185 κλοιοῦ
1476 4131 1663 4186 αὑτοῦ

81 4212 453 4266 ωατευθυνεῖ.
484 4214 671 4279 Δόλος
698 4214 767 4267 ἐν
796 4213 871 4283 τῇ
892 4213 1041 4283 χειρί
1072 4214 1278 4279 αὐτοῦ,
1308 4215 1405 4269 καί
1430 4215 1500 4269 έν
1524 4233 1664 4285 καρ-

80 4294 186 4360 δίᾳ
231 4295 417 4350 αὑτοῦ
462 4299 1000 4364 μεγαλυνθήσεται,
1037 4298 1134 4351 καί
1180 4297 1339 4365 δόλῳ
1370 4297 1667 4368 διαφθερεῖ

83 4378 378 4443 πολλοὺς,
402 4380 500 4432 καί
533 4379 629 4431 ἐπὶ
660 4380 923 4447 ἀπωλείᾳ
950 4379 1194 4435 πολλῶν
1222 4380 1532 4448 στήσεται,
1566 4382 1665 4437 καί

78 4459 169 4523 ὡς
194 4460 276 4513 ad
312 4460 387 4513 ἐν
427 4462 580 4531 χειρί
605 4463 924 4530 συντρίψει
951 4463 1193 4529 αὐτούς.
1225 4461 1335 4517 Kal
1379 4464 1418 4531 ἡ
1458 4463 1665 4533 ὅρασις

86 4542 199 4610 τῆς
227 4543 511 4613 ἑσπέρας,
542 4546 641 4599 καί
672 4545 783 4615 τῆς
807 4547 1029 4613 πρωίας
1047 4544 1157 4614 τῆς
1175 4547 1486 4615 ῥηθείσης,
1514 4548 1667 4615 ἀλη-

82 4625 205 4692 θής
230 4628 422 4681 ἐστιν.
456 4627 563 4683 Kal
596 4628 678 4683 σὺ
705 4629 1037 4700 σφράγισαι
1068 4629 1183 4700 τὴν
1205 4629 1438 4708 ὅρασιν,
1466 4628 1557 4684 ὅτι
1580 4631 1668 4697 εἰς

77 4710 312 4779 ἡμέρας
352 4712 590 4779 πολλὰς
638 4712 827 4767 ἔσται.
863 4714 975 4767 Kal
1007 4709 1155 4780 εἷπε,
1187 4712 1339 4785 φησὶ,
1358 4712 1668 4781 Γνώρισον

76 4794 297 4858 ἐκείνῳ
328 4794 446 4862 τὴν
471 4794 703 4862 ὅρασιν,
736 4796 1171 4867 Γαϐριήλ.⁸’ορα
1200 4796 1549 4866 ἐπιτάγματα
1571 4796 1668 4864 ἀγ-

75 4876 265 4941 γέλων
293 4878 393 4931 καὶ
420 4877 795 4949 ἀρχαγγέλων.
820 4879 1037 4944 Μείζων
1064 4881 1192 4941 ἴσως
1216 4879 1444 4949 δύναμις
1471 4879 1666 4951 ἑτέρα;

74 4960 199 5013 Kal
238 4955 407 5029 ἦλθε,
446 4962 603 5032 φησι,
636 4962 738 5015 καί
781 4963 1140 5032 έθαμϐήθην.
1188 4965 1298 5017 Kal
1346 4964 1494 5031 ἔστη
1536 4964 1671 5032 ἐχό-

63 5060 240 5112 μενα
279 5043 393 5112 τῆς
424 5045 699 5112 στάσεώς
721 5063 863 5116 μου.
892 5047 1000 5102 Kal
1034 5048 1105 5101 ὲν
1133 5047 1211 5112 τῷ
1237 5046 1436 5101 ἐλθεῖν
1464 5047 1669 5111 αὑτὸν,

65 5128 455 5197 έ]αμϐήθην.
487 5127 593 5183 Τοῦ
619 5129 679 5201 (ί.
706 5129 832 5201 ποῦ)
854 5132 1035 5185 τοίνυν
1063 5132 1111 5185 οἰ
1140 5132 1266 5194 τοὺς
1287 5130 1553 5199 ἀγγέλους
1577 5148 1675 5186 κα-

136 5343 179 5372 ι
203 5340 337 5405 αρτ,
356 5340 440 5389 καὶ
465 5339 580 5405 πρὸς
614 5340 701 5405 τὴν
721 5339 872 5405 δύσιν,
908 5351 1005 5388 non
1029 5336 1179 5405 babgl
1219 5335 1677 5405 B._l1htfyspstqmu§

66 5402 298 5451 "milia
318 5397 417 5462 iam
442 5397 605 5463 ciiata.
619 5403 686 5450 At
702 5397 982 5463 paulo‘post
998 5413 1106 5449 cum
1125 5397 1439 5448 Theodorelo
1461 5397 1675 5459 legilxal

62 5468 136 5512 ὅτ’
168 5460 474 5525 αζίιτὸνήθυσία
496 5460 729 5525 ἐταράχθῆ
742 5460 1110 5525 παραπτώματι.

139 5527 177 5564 b
201 5523 341 5572 Idem
368 5536 508 5571 error
528 5519 782 5572 in'nb'stris
803 5519 965 5581 éodd.,
985 5519 1050 5571 'ac
1086 5522 1233 5570 etiam
1257 5522 1319 5581 ini
1344 5519 1673 5569 Theodorelo.

62 5586 370 5648 Scripseram
382 5586 525 5648 9mm
547 5583 828 5648 Thepdotio
848 5580 1069 5648 φελμωκί.
1092 5585 1277 5634 Auctor
1287 5580 1491 5633 Consul.
1517 5586 1674 5643 θροεῖ.

60 5649 171 5697 Β).
198 5644 247 5701 7.
266 5661 316 5697 τ.
340 5644 423 5699 56.
444 5645 682 5711 φιλμονεί.

1468 226 1532 284 IN
1568 229 1932 287 DANlELEM.

1758 347 1872 411 κῶς
1920 346 2202 416 λέγοντες;
2251 349 2364 403 Οὐκ
2409 348 2501 418 ἀφ’
2535 349 2728 404 ἑαυτοῦ
2777 369 2828 404 τι
2874 352 3148 423 ἐποίησεν.
3168 353 3326 425 Ὁρᾷς

1754 431 1848 485 καὶ
1880 433 2076 496 αὐτοὺς
2102 434 2180 497 εἰς
2209 433 2391 499 τάξεις
2428 433 2627 497 πολλὰς
2655 436 2748 489 καὶ
2771 436 3126 501 διατυπώσεις
3166 452 3319 490 τετα-

1754 516 2016 588 γμένους;
2061 518 2149 570 Ἐν
2210 520 2277 589 τῇ
2337 516 2548 591 πρώτῃ,
2588 517 2899 587 Προσῆλθε
2922 530 2970 585 ε,
3028 521 3183 591 φησὶ,
3227 521 3326 575 καί

1752 598 2033 669 ἠρώτησα
2063 598 2231 672 [24η.
2252 599 2514 654 Ἐνταῦθα
2545 601 2747 654 οὐκέτι.
2780 603 2887 655 Kal
2918 601 3158 670 ἤκουσα
3188 603 3326 671 ἐνὸς

1752 685 1927 754 ἁγίου
1998 684 2351 750 λαλοῦντος.
2431 684 2540 737 Kal
2592 683 2775 755 ἕτερος
2831 684 3111 756 ἠρώτησεν
3140 726 3155 753 ,
3207 688 3324 758 ἦτοι

1755 768 1989 837 ἀγνοῶν,
2040 768 2127 821 ἵνα
2173 762 2326 831 οὗτος
2382 767 2546 841 μάθῃ.
2575 767 2686 822 Kal
2742 767 3123 837 ἀπεκρίνατο,
3169 771 3321 839 φησί.

1755 850 1869 905 Kal
1913 852 2005 905 ἐπ’
2039 850 2312 921 ἐσχάτων
2358 850 2473 920 τῆς
2510 853 2851 918 βασιλείας,
2899 852 3326 922 πληρουμένων

1754 935 1874 990 τῶν
1922 937 2219 1007 ἁμαρτιῶν
2265 936 2462 991 αὐτῶν
2485 976 2499 1000 ,
2552 934 2960 1000 ἀναστήσεται
3026 937 3327 1003 βασιλεὺς

1754 1020 2011 1088 ἀναιδὴς
2053 1018 2517 1090 προσὼπφ.⁹⁸ορα
2548 1020 2665 1083 πῶς
2696 1020 2963 1074 δείκνυσιν
3011 1021 3212 1085 αὐτοῖς,
3243 1023 3326 1075 ὅτι

1755 1102 1911 1157 αὐτοὶ
1956 1104 2136 1157 αῐτιοι.
2169 1105 2270 1157 Διὰ
2301 1103 2457 1156 τοῦτο
2490 1104 2551 1157 οὐ
2596 1105 2821 1173 φανεροῖ
2844 1104 2970 1167 τοὺς
2996 1103 3205 1171 λόγους,
3238 1104 3326 1159 ἵνα

1759 1188 1836 1259 μὴ
1859 1187 2346 1259 ὲθελοκακήσαντες
2370 1186 2630 1257 μένωσιν
2655 1188 2703 1239 εἰ
2725 1185 2853 1257 γὰρ,
2881 1186 3103 1258 μηδενὸς
3121 1187 3326 1243 τούτων

1757 1271 2083 1344 εἰρημένων.
2129 1270 2338 1342 ἔμενον,
2384 1270 2562 1342 πολλῷ
2604 1270 2821 1341 μᾶλλον,
2866 1272 3281 1344 φανερωθέντων
3306 1289 3322 1305 ο

1757 1356 1849 1410 καὶ
1880 1355 1969 1410 ἴνα
2003 1354 2178 1435 μάθῃς
2204 1356 2287 1409 ὅτι
2320 1354 2592 1425 πανταχοῦ
2622 1356 2683 1408 τὸ
2729 1355 2951 1427 Πνεῦμα
2997 1357 3148 1428 ἰσχὺν
3190 1357 3323 1428 ἔχει,

1757 1442 1850 1495 καὶ
1872 1442 1952 1495 ὅτι
1980 1441 2156 1495 πάντα
2176 1440 2418 1511 πρόοιδεν
2444 1441 2473 1493 ό
2498 1439 2649 1504 Θεὸς,
2679 1441 2771 1493 καὶ
2789 1441 2869 1493 ὅτι
2891 1440 3044 1506 εἰδὼς
3074 1443 3325 1513 ἁμαρτή-

1760 1539 1950 1589 σοντας
1994 1525 2255 1595 ἀνήγαγε.
2281 1524 2391 1577 Kal
2441 1524 2562 1595 ὅρα,
2605 1523 2793 1594 ἐπειδὴ
2841 1520 2991 1577 εἶπεν
3027 1526 3325 1591 ἐνιαυτοὺς,

1757 1609 1933 1680 ὀλίγος
1957 1609 2148 1681 χρόνος
2172 1609 2440 1678 ἐφαίνετο,
2472 1609 2551 1671 εἰς
2575 1607 2796 1679 ἡμερῶν
2830 1608 3046 1661 ἀναλύει
3073 1610 3323 1681 ἀριθμὸν,

1757 1695 1844 1748 ἵνα
1874 1692 1952 1764 τῷ
1976 1692 2170 1764 πλήθει
2201 1692 2433 1765 φοϐήσῃ,
2461 1692 2557 1763 οὐχ
2584 1692 2818 1764 ὴμέρας,
2849 1693 2983 1747 ἀλλὰ
3006 1695 3100 1747 καὶ
3128 1695 3327 1758 νύκτας

1757 1776 2027 1849 ἀριθμῶν.
2056 1776 2166 1832 Kal
2197 1776 2520 1850 ἐνδιατρίϐει
2542 1779 2609 1848 τῇ
2634 1777 2910 1849 τραγῳδίᾳ
2937 1780 3000 1848 τῇ
3032 1779 3171 1833 κατὰ
3206 1781 3326 1833 Ἀν-

1756 1862 1953 1932 τίοχον,
1986 1860 2073 1914 ίνα
2099 1860 2204 1915 κᾶν
2228 1860 2370 1916 οὕτω
2400 1861 2633 1934 φοϐήσῃ.
2680 1862 2791 1915 Kal
2820 1863 2929 1916 οὐκ
2961 1863 3030 1915 ἐν
3055 1862 3129 1931 τῇ
3160 1862 3331 1933 ἰσχύϊ

1758 1947 1965 2003 αὐτοῦ.
2005 1945 2313 2012 Τουτέστιν,
2352 1947 2432 2001 ὅτι
2468 1946 2696 2017 ἠδύνατο
2735 1946 2764 1998 ό
2808 1945 2938 2011 Θεὸς
2965 1947 3204 2002 κωλῦσαι
3233 1950 3329 2001 αὐ-

1757 2031 1869 2096 τὸν,
1906 2029 2020 2085 ἀλλ’
2045 2028 2312 2101 ἐπέτρεψε
2335 2029 2423 2083 διὰ
2457 2029 2557 2093 τὰς
2582 2029 2875 2101 ἁμαρτίας,
2905 2032 2999 2084 καὶ
3025 2032 3121 2102 οὐχ
3145 2032 3327 2096 ἁπλῶς

1757 2114 2132 2187 ἁμαρτόντων,
2166 2114 2276 2167 ἀλλ’
2310 2113 2473 2185 ἡνίκα
2520 2110 3084 2187 ἐπληρώθησαν.⁷Αρα
3133 2116 3328 2188 μέτρον

1757 2200 1811 2256 τί
1860 2203 2039 2267 tactv;
2092 2200 2266 2253 Οὔπω
2312 2198 2421 2268 γὰρ
2466 2197 2541 2253 ἂν
2578 2190 3024 2267 ἐπεπλήρωντο,
3073 2202 3227 2271 φησὶ,
3269 2204 3330 2255 αἰ

1759 2284 2035 2354 ἁμαρτίαι
2078 2282 2197 2338 τῶν
2240 2283 2611 2353 Ἀμορραίων.
2652 2284 2760 2337 Kal
2799 2283 2920 2353 ὅρα,
2948 2282 3101 2337 οὔπω
3145 2283 3331 2339 λοιπὸν

1759 2368 2104 2440 ἐμπρησμὸς,
2153 2366 2290 2419 ἀλλὰ
2333 2365 2554 2434 σφαγῶν
2592 2366 2918 2437 ἀναιρέσεις.
2954 2368 3171 2440 Ἐπειδὴ
3222 2370 3331 2439 γὰρ

1758 2452 1982 2524 ἔμελλόν
2029 2468 2174 2514 τινες
2222 2447 2360 2504 εἶναι
2384 2450 2435 2503 οἰ
2467 2449 2641 2513 καλοὶ,
2681 2451 2776 2504 καὶ
2807 2452 3193 2521 προϊστάμενοι
3221 2451 3331 2505 τῶν

1760 2536 2034 2607 πατέρων,
2059 2536 2155 2603 καὶ
2179 2534 2248 2588 τὰ
2271 2535 2370 2606 τῆς
2388 2534 2656 2605 τιμωρίας
2682 2534 2888 2589 ἐλάττω
2908 2535 3121 2604 γέγονε.
3147 2536 3331 2589 Ταῦτα

1757 2621 1813 2674 δὲ
1844 2620 2085 2690 λέγεται,
2112 2620 2199 2673 ἵνα
2242 2619 2317 2690 μὴ
2366 2621 2486 2681 ταῖς
2529 2618 2705 2681 νίκαις
2744 2622 2861 2682 ταῖς
2889 2619 2983 2672 ἐπὶ
3015 2618 3333 2690 Ζορωὸάόελ

1759 2704 2105 2777 ἐπαρθέντες,
2136 2703 2365 2775 ρᾁυμοι
2385 2702 2656 2771 γίνωνται.
2682 2703 2792 2756 Kal
2809 2704 2912 2774 ὅρα
2934 2703 3050 2766 πῶς
3069 2704 3131 2756 οὐ
3152 2701 3333 2775 τίθησι

1758 2787 1988 2861 λαμπρά
2016 2806 2135 2843 τινα
2165 2787 2396 2843 ἐνταῦθα
2433 2787 2569 2857 μετά
2599 2787 2666 2840 τὰ
2695 2786 2837 2841 κατά
2877 2787 3165 2858 Ἀντίοχον,
3198 2787 3334 2843 ἀλλὰ

1761 2875 1922 2945 μόνον
1962 2872 2113 2928 λύσιν
2145 2872 2254 2927 τῶν
2298 2871 2484 2926 δεινῶν
2532 2870 2701 2940 λέγει,
2737 2871 2831 2927 καὶ
2860 2871 2951 2926 τὸν
2993 2874 3335 2943 κατασχόντα

1761 2960 1970 3032 καιρόν.
1997 2959 2062 3012 Τί
2087 2954 2209 3025 of»);
2237 2956 2435 3029 ταύτην
2466 2958 2526 3011 οὐ
2553 2960 2778 3027 προεῖπε
2806 2956 2901 3029 τὴν
2923 2958 3333 3029 αἱχμαλωσίαν;

1760 3045 1888 3111 Ναὶ,
1917 3044 2119 3115 σφόδρα
2142 3043 2579 3113 αἰνιγματωδῶς·
2609 3042 2687 3096 διὸ
2714 3043 2806 3096 καὶ
2836 3046 2863 3097 ό
2896 3043 3127 3115 Χριστὸς
3147 3039 3297 3098 εἶπεν
3317 3061 3332 3077 ο

1761 3129 1949 3182 Ὅταν
1994 3127 2158 3193 ἴδητε
2213 3125 2279 3180 τὸ
2332 3126 2648 3196 βδέλυγμα
2701 3126 2811 3196 τῆς
2869 3127 3247 3196 ἐρημώσεως,
3301 3132 3335 3182 ό

1762 3208 2189 3279 ἀναγινώσκων
2235 3209 2461 3263 νοείτω.
2500 3208 2856 3275 Ἐλεύσονται,
2910 3210 3062 3280 φησὶ,
3115 3211 3212 3281 οὐχ
3259 3212 3337 3275 ὡς

1763 3293 2136 3367 προειπόντος.
2187 3292 2297 3345 Καί
2340 3308 2486 3355 τινες
2538 3292 2636 3361 μὲν
2686 3291 2953 3361 λέγουσιν,
2986 3294 3068 3347 ὅτι
3114 3295 3336 3359 εἰκότως

1761 3377 1936 3432 ταῦτα
1964 3377 2025 3431 οὐ
2066 3375 2378 3448 προερρήθη
2398 3392 2413 3409 ο
2461 3375 2522 3429 οὐ
2555 3376 2663 3447 γὰρ
2696 3371 2807 3447 εἶχε
2843 3378 3032 3449 χρόνον
3062 3380 3095 3449 ἠ
3131 3380 3335 3450 αἰχμα-

1762 3460 1936 3517 λωσία
1962 3461 2101 3532 αὕτη
2130 3461 2333 3516 λαϐεῖν.
2360 3459 2536 3515 Δώσω
2568 3461 2699 3532 γὰρ,
2727 3462 2879 3533 φησὶ.
2912 3462 3012 3515 καί
3050 3462 3193 3527 τοὺς
3233 3477 3339 3516 πο-

1764 3549 1986 3619 νηρσὺς
2014 3547 2146 3603 ἀντὶ
2181 3546 2291 3615 τῆς
2334 3545 2529 3615 ταφῆς
2570 3545 2775 3611 αὐτοῦ,
2825 3545 2923 3600 καὶ
2967 3545 3108 3612 τοὺς
3150 3550 3339 3601 πλου-

1766 3634 1943 3700 σίους
1970 3632 2102 3687 ἁντί
2135 3630 2241 3685 τοῦ
2261 3629 2519 3685 θανάτου
2545 3629 2749 3685 αὑτοῦ.
2774 3629 2884 3684 Kal
2909 3629 2990 3685 σὺ
3011 3629 3342 3699 σφράγισαι

1767 3716 1882 3783 τὴν
1909 3715 2123 3784 ὅρασιν
2149 3715 2392 3782 ταύτην,
2417 3714 2506 3768 ὅτι
2527 3716 2615 3781 εἰς
2639 3713 2863 3784 ἡμέρας
2886 3715 3121 3781 πολλὰς
3147 3714 3339 3770 ἔσται.

1767 3799 2044 3860 Τουτέστι,
2091 3795 2343 3867 φύλαξον,
2386 3796 2735 3867 διατήρησον,
2766 3798 2852 3851 ἵνα
2898 3797 2974 3869 μὴ
3021 3798 3099 3869 τῷ
3146 3799 3342 3871 μακρῷ

1767 3882 1943 3954 χρόνῳ
1970 3880 2411 3953 διαφθαρῇ.⁸¹ορα
2446 3882 2719 3952 πανταχοῦ
2751 3882 2843 3935 τὸν
2864 3881 2997 3935 Θεὸν
3029 3883 3341 3953 φειδόμενον

1769 3966 1967 4020 αὐτῶν.
1995 3965 2277 4036 Κατῆλθον
2307 3967 2387 4028 εἰς
2412 3964 2704 4033 Αἴγυπτον,
2736 3965 2980 4034 ἐγένοντο
3001 3967 3191 4035 φαῦλοι
3208 3983 3221 3998 ⁸
3242 3968 3343 4022 οὐκ

1769 4052 1999 4121 ἀπέστη,
2021 4050 2227 4121 ἢγαγεν
2249 4049 2329 4112 εἰς
2346 4047 2444 4120 τὴν
2471 4047 2693 4120 ἔρημον,
2711 4049 3030 4119 Ἐπέμειναν
3048 4052 3115 4120 τῇ
3142 4050 3310 4121 κακίᾳ
3325 4068 3339 4081 ο

1772 4136 1871 4188 οὐκ
1894 4133 2126 4202 ἀπέστη,
2157 4132 2447 4203 εἰσήγαγεν
2476 4132 2670 4194 αὐτοὺς
2695 4132 2774 4195 εἰς
2797 4133 2895 4203 τὴν
2920 4132 3024 4203 γῆν
3049 4134 3146 4204 τῆς
3171 4134 3343 4202 ἐπαγ-

1774 4217 1977 4287 γελίας.
1997 4215 2261 4285 Ἀνήγαγε
2293 4212 2453 4267 πάλιν
2484 4213 2679 4277 αὐτοὺς
2709 4213 2823 4267 ἐπὶι
2844 4215 3114 4286 Ἀντιόχου
3136 4233 3149 4246 ·
3182 4217 3343 4271 πάλιν

1773 4304 1821 4354 οἱ
1850 4299 2001 4354 αὐτοὶ
2026 4298 2235 4369 έμενον.
2252 4296 2377 4350 Ἐπὶ
2398 4295 2492 4349 τοῦ
2513 4298 2746 4369 Χριστοῦ
2773 4297 2933 4351 πάλιν
2956 4299 3007 4351 οἱ
3042 4300 3192 4352 αὐτοί
3213 4316 3225 4329 ο
3250 4298 3345 4352 xal

1774 4384 1893 4437 οὐδὲ
1937 4382 2108 4446 οὕτως
2146 4380 2377 4451 ἀπέστη,
2412 4379 2526 4433 ἀλλ’
2557 4380 2645 4433 ἀεὶ
2690 4381 2927 4453 κήδεται.
2959 4383 3065 4436 Kal
3096 4384 3347 4453 καθάπερ

1775 4468 1843 4522 τὰ
1884 4466 2085 4537 φυσικὰ
2131 4465 2230 4518 οὐκ
2281 4463 2346 4517 ἂν
2391 4463 2681 4533 ἀποσταίη,
2710 4462 2777 4517 τὰ
2818 4464 3029 4533 φύσεως
3078 4465 3349 4536 προσόντα

1774 4549 1927 4618 ἡμῖν,
1955 4546 2091 4616 ὅπερ
2115 4543 2181 4599 ἂν
2210 4542 2462 4613 γένηταιο
2506 4541 2678 4606 οὕτως
2703 4542 2823 4596 οὐδὲ
2860 4543 2991 4607 Θεός
3009 4559 3021 4571 ·
3058 4545 3256 4614 μᾶλλον
3288 4544 3347 4598 δὲ

1775 4630 1957 4682 ἐκεῖνα
1992 4626 2213 4681 δυνατὸν
2262 4625 2585 4696 ἀποστῆναι,
2615 4627 2775 4680 αὑτὸν
2819 4628 2875 4680 δὲ
2923 4628 3170 4697 οὐδαμῶς
3212 4645 3347 4699 προ-

1777 4711 2018 4775 νοοῦντα,
2068 4711 2160 4764 καὶ
2198 4710 2511 4780 κηδόμενον.
2557 4712 2625 4764 Εἰ
2676 4711 2784 4780 γὰρ
2838 4714 2934 4764 καὶ
2986 4712 3347 4776 ἐπιλάθοιτο.
3384 4758 3393 4781 ,

1779 4798 1931 4868 φησὶ,
1979 4794 2133 4864 γυνὴ
2176 4793 2283 4847 τοῦ
2312 4792 2563 4860 ἐλεῆσαι
2600 4794 2673 4847 τὰ
2713 4794 2930 4863 ἔκγονα
2970 4795 3079 4861 τῆς
3118 4796 3351 4860 κοιλίας

1777 4878 1982 4946 αὐτῆς,
1997 4878 2133 4933 ἀλλ’
2155 4876 2269 4945 ἐγὼ
2289 4877 2400 4930 οὐκ
2420 4876 2784 4944 ἐπιλήσομαί
2802 4891 2937 4930 σου.
2961 4878 3223 4950 Καθάπερ
3243 4878 3351 4951 γὰρ

1779 4964 1962 5032 ἐκείνη
2004 4963 2064 5015 οὐ
2120 4961 2255 5030 πρὸς
2302 4959 2400 5031 τὴν
2446 4961 2646 5030 ἀρετὴν
2674 4962 2775 5033 ὁρᾷ
2817 4961 2924 5014 τῶν
2959 4964 3185 5026 παίδων,
3216 4962 3353 5017 ἀλλὰ

1782 5049 1994 5117 φύσεως
2023 5047 2185 5117 νόμον
2210 5045 2314 5115 πλη
2325 5046 2432 5115 ροῖ’
2455 5043 2617 5107 οὕτω,
2639 5046 2731 5099 καὶ
2755 5044 2903 5117 [245]
2931 5046 3103 5118 πολλῷ
3132 5048 3352 5118 μᾶλλον,

1780 5134 1808 5185 ό
1838 5131 1968 5194 Θεὸς
1999 5129 2086 5183 ἀεὶ
2115 5128 2357 5199 κήδεται,
2384 5127 2638 5181 οὐδέποτε
2668 5129 2979 5198 ἀφίσταται,
3010 5131 3095 5184 ἀεὶ
3126 5131 3186 5183 τὸ
3223 5133 3356 5185 αὐτὸ

1785 5217 1977 5289 μέτρον
2020 5212 2399 5267 ἐπιδείκνυται.
2434 5212 2546 5266 Kal
2592 5211 2707 5282 ἐγὼ
2752 5213 2975 5281 Δανιὴλ
3007 5214 3352 5284 ἐκοιμήθην,

1783 5304 1881 5358 καὶ
1938 5300 2353 5371 ἐμαλακίσθην
2406 5298 2631 5369 ἡμέρας
2656 5316 2669 5329 ·
2730 5300 2829 5354 καί
2895 5301 3192 5365 ἀνέστην,
3257 5300 3356 5354 καί

1849 5515 2148 5585 {labelluth
2171 5513 2445 5585 ξραμερι-ίῳ
2465 5516 2759 5585 προσῆλρρν,
2781 5519 2834 5585 υιι
2852 5526 3018 5585 s_upra,
3054 5510 3253 5585 pagg],

1783 5576 1865 5626 Sic
1884 5577 1969 5625 lib.
1996 5578 2055 5624 20
2086 5576 2147 5627 de
2173 5573 2367 5629 Civilale
2387 5573 2617 5639 Deifcap.
2648 5577 2724 5637 9.5,
2746 5573 2973 5635 habetur,
3008 5573 3244 5623 accessit:
3285 5574 3357 5620 γι-

1786 5642 1911 5689 uase
1934 5638 2111 5688 forsan.
