3734 6278
368 314 473 373 257

364 434 609 489 ἐποίουν
627 429 698 483 τὰ
714 428 856 499 ἔργα
870 428 974 482 τοῦ
981 427 1288 493 βασιλέως
1307 443 1320 458 ⁸
1351 428 1447 481 καὶ
1478 424 1803 495 ἐθαύμαζον
1828 402 1939 490 τὴν

368 529 610 596 ὅρασιν·
653 522 753 577 καὶ
790 525 899 575 οὐκ
923 517 1002 592 ἦν
1027 524 1060 574 ὀ
1088 520 1333 573 συνιών.
1373 521 1541 572 Πόθεν
1566 514 1904 587 ἐμαλακίσθη
1922 532 1937 578 ;

380 619 517 673 Ὑπὸ
550 618 646 688 τῆς
680 615 915 683 ἀθυμίας
942 612 1072 675 ἴσως
1101 611 1208 665 τῶν
1240 611 1508 680 ἐσομένων
1553 608 1760 674 δεινῶν,
1793 606 1941 673 λογιε-

372 712 604 781 σάμενος
647 708 783 778 πρὸς
815 705 1026 770 ἐαυτὸν,
1060 704 1141 757 ὅτι
1169 704 1377 756 οὐδέπω
1404 702 1473 755 τὰ
1504 701 1748 772 παρόντα
1790 698 1942 760 τέλος

370 804 500 873 εχει.
538 801 648 854 Καὶ
672 798 928 859 τοσαῦτα,
958 796 1112 865 φησὶ,
1145 795 1306 848 πάλιν
1335 794 1580 846 δεινά.Ἢ
1612 789 1771 843 πάλιν
1793 787 1945 840 οῦπω

370 890 678 963 κατήλλαεα
710 891 890 952 αὐτοῖς
912 890 1002 942 τὸν
1025 889 1176 952 Θεὸν,
1207 887 1300 940 καὶ
1322 885 1475 940 αὐτοί
1503 879 1896 951 ἐκπολεμοῦσιν
1916 890 1944 919 ι

371 985 552 1040 αὐτόν.
579 983 688 1039 Καὶ
720 982 1005 1045 ἀνέστην,
1038 980 1134 1033 καί
1167 979 1414 1032 ἐποίουν
1436 976 1507 1028 τὰ
1534 974 1678 1041 ἔργα
1702 971 1807 1024 τοῦ
1832 970 1947 1032 ,βα-

371 1079 607 1142 σιλέως.
644 1074 953 1137 Τουτέστιν,
988 1070 1310 1141 ὑπηρέτουν.
1346 1068 1455 1121 Καὶ
1484 1061 1808 1132 ἐθαύμαζον
1833 1060 1948 1126 τὴν

371 1172 585 1240 ὅρασιν
604 1187 617 1197 ’
648 1167 747 1221 καὶ
771 1162 982 1235 οὑκξῆν
1007 1167 1039 1218 ό
1064 1160 1311 1217 συνιών.
1342 1159 1594 1213 Μάλιστα
1614 1154 1770 1210 τοῦτο
1790 1152 1947 1223 φέρει

371 1262 494 1318 τινά
539 1259 748 1328 ὀδύνην,
777 1259 903 1311 ὅταν
940 1256 1073 1327 μηδέ
1104 1253 1406 1321 ἐξενεγκεῖν
1452 1249 1545 1321 ἐξῇ
1597 1248 1677 1311 εῐς
1721 1262 1840 1299 τινα
1877 1242 1947 1296 τά

372 1352 623 1423 λυπηρά·
654 1351 687 1423 ἢ
717 1350 799 1403 ὅτι
833 1346 1057 1418 πονηροὶ
1080 1340 1242 1415 ἦσαν.
1273 1340 1380 1397 Καὶ
1406 1340 1673 1401 ἐποίουν,
1701 1336 1855 1406 φησὶ,
1876 1331 1949 1386 τά

374 1445 517 1513 ἔργα
565 1441 669 1496 τοῦ
722 1438 1045 1505 βασιλέως.
1082 1434 1389 1498 Τουτέστιν,
1418 1431 1570 1485 οὐδὲν
1600 1429 1944 1501 παρελίμπα-

375 1554 487 1600 νον,
524 1534 639 1590 ἀλλ⁹
670 1532 884 1586 ἐποίουν
913 1529 980 1582 τά
1010 1528 1166 1599 ἔργα.

973 1637 1226 1692 ΚΕΦΑΛ.
1268 1635 1346 1690 Θ¹.

459 1755 560 1808 Ἐν
583 1750 661 1817 τῷ
686 1749 889 1819 πρώτῳ
912 1747 1029 1800 ἔτει
1052 1745 1318 1813 Δαρείου,
1351 1742 1457 1798 τοῦ
1485 1738 1621 1797 υἱοῦ
1652 1735 1949 1801 Ἀσσουή-

368 1862 502 1914 ρου,
536 1842 651 1897 ἀπὸ
679 1840 785 1895 τοῦ
808 1838 1149 1908 σπέρματος
1184 1833 1423 1904 Μήδων,
1462 1829 1528 1897 ὃς
1554 1830 1950 1884 ἐϐασίλευσεν

374 1937 473 1990 ἐπὶ
507 1935 621 2003 τὴν
636 1932 964 1999 ,βασιλείαν
983 1928 1314 1991 Χαλδαίων,
1349 1925 1419 1978 ἐν
1442 1922 1560 1976 ἔτει
1591 1920 1682 1973 ἐνὶ
1704 1916 1778 1987 τῆ
1787 1940 1816 1985 ς
1836 1917 1952 1981 ,βα-

376 2027 610 2092 σιλείας
645 2022 851 2087 αὐτοῦ,
885 2021 999 2093 ἐγὼ
1033 2018 1258 2087 Δανιὴλ
1301 2013 1546 2083 συνῆκα
1585 2014 1654 2066 ὲν
1696 2010 1825 2075 ταῖς
1854 2008 1951 2074 βί-

377 2122 541 2183 ϐλοις
590 2116 697 2170 τόν
741 2113 988 2184 ἀριθμὸν
1032 2110 1150 2165 τῶν
1185 2108 1367 2172 ἐτῶν,
1410 2106 1539 2175 περὶ
1585 2099 1657 2159 οὗ
1701 2100 1952 2172 ἐγενήθη

375 2210 556 2278 λόγος
589 2206 809 2274 Κυρίου
854 2207 1002 2272 πρὸς
1041 2198 1314 2270 Ἰερεμίαν
1347 2198 1454 2249 τὸν
1484 2191 1817 2263 προφήτην,
1870 2192 1955 2255 εἰς

377 2297 817 2368 συμπλήρωσιν
842 2294 1189 2365 ἐρημώσεως
1234 2288 1343 2357 τῆς
1378 2285 1764 2357 Ἰερουσαλὴμ
1794 2281 1956 2336 ἑϐδο-

373 2392 643 2461 μήκοντα
669 2390 792 2456 ἐτη.
822 2387 933 2442 Καὶ
961 2384 1152 2438 ἔδωκα
1196 2383 1262 2436 τὸ
1308 2378 1633 2448 πρόσωπόν
1654 2393 1773 2446 μου
1806 2373 1954 2442 πρὸς

377 2483 597 2550 Κύριον
635 2480 743 2534 τὸν
781 2478 949 2544 Θεὸν,
984 2474 1090 2529 τοῦ
1129 2472 1451 2542 ἐκζητῆσαι
1476 2466 1829 2540 προσευχὴν
1854 2464 1952 2518 καί

376 2575 589 2644 δέησιν
626 2574 695 2626 ἐν
724 2571 1028 2639 νηστείαις
1057 2567 1151 2622 καὶ
1179 2565 1383 2629 σάκκῳ
1415 2564 1510 2617 καί
1536 2558 1761 2625 σποδῷ.
1787 2550 1953 2620 υῦτος

374 2668 407 2720 ὁ
434 2666 616 2737 Μῆδος
648 2667 889 2734 Δαρεῖος.
926 2660 1147 2732 Πρῶτον
1180 2659 1236 2711 δὲ
1265 2658 1380 2720 ἔτος
1407 2656 1528 2725 οὐχὶ
1552 2654 1649 2725 τῆς
1680 2650 1954 2721 βασιλείας

378 2758 540 2813 αὐτοῦ
586 2774 751 2827 φησι·
802 2754 861 2806 ού
896 2752 1005 2823 γὰρ
1038 2748 1211 2816 εἶπεν,
1239 2751 1295 2801 ἐν
1334 2746 1409 2817 τῷ
1452 2744 1651 2816 πρώτῳ
1675 2743 1774 2813 τῆς
1804 2741 1955 2811 βασι-

377 2850 525 2913 λείας
562 2846 748 2911 αὐτοῦ,
782 2844 1037 2908 ἀλλ’,Ἐν
1069 2840 1148 2907 τῷ
1189 2838 1394 2907 πρώτῳ
1432 2837 1550 2890 ἔτει
1582 2835 1846 2903 Δαρείου,
1885 2832 1954 2885 ἐν

377 2941 469 2995 ἐνί
502 2939 621 2993 ἔτει
657 2936 767 3006 τῆς
784 2920 1105 3002 ,βασιλείας
1133 2930 1339 2995 αὐτοῦ,
1371 2929 1508 2983 ὥστε
1546 2925 1771 2981 δυνατὸν
1797 2924 1955 2993 λέγι-

381 3032 505 3086 σθαι
538 3032 630 3085 καὶ
656 3028 870 3101 πρῶτον
894 3026 1032 3090 ἔτος,
1065 3022 1435 3095 βασιλεύοντος
1472 3020 1569 3090 μὲν
1614 3018 1801 3082 αὐτοῦ,
1835 3017 1954 3070 τότε

376 3124 433 3177 δὲ
458 3121 735 3184 ἀνελόντος
762 3120 891 3181 ῐσως
910 3118 1034 3180 τοὺς
1061 3116 1188 3186 περὶ
1218 3113 1523 3183 Βαλτάσαρ.
1544 3111 1685 3180 Ἐγὼ
1726 3109 1952 3177 Δανιὴλ

377 3214 620 3282 συνῆκα
662 3212 731 3266 ἐν
774 3209 901 3276 ταῖς
926 3208 1165 3274 βίϐλοις
1197 3206 1303 3259 τὸν
1334 3203 1583 3274 ἀριθμὸν
1627 3200 1744 3256 τῶν
1782 3199 1949 3255 ἐτῶν.

376 3306 657 3369 Τουτέστι,
699 3303 795 3375 τὴν
827 3301 1060 3372 σφαγήν.
1107 3298 1217 3353 Καὶ
1253 3296 1822 3367 ἀνελογισάμην.”ορα
1856 3294 1953 3345 αὐ-

375 3400 467 3454 τὸν
496 3399 601 3471 πρὸ
629 3398 730 3468 τῆς
765 3394 1103 3468 προθεσμίας
1136 3392 1195 3445 οὐ
1227 3390 1507 3461 τολμῶντα
1541 3387 1852 3458 προσελθεῖν
1879 3383 1956 3455 τῷ

377 3490 640 3563 Δεσπότῃ.
661 3487 798 3542 Ἀλλ’
830 3489 879 3541 οἱ
924 3488 1020 3559 μὲν
1062 3488 1209 3559 τρεῖς
1248 3483 1435 3546 παῖδες
1464 3479 1707 3534 ποιοῦσιν
1737 3478 1957 3535 αὐτὸ,ἐν

377 3585 445 3654 τῆ
471 3581 716 3653 καμίνῳ*
752 3574 903 3644 οὗτος
933 3578 988 3632 δέ
1014 3579 1070 3630 ἐν
1104 3575 1182 3646 τῷ
1217 3574 1403 3644 λάκκῳ
1433 3572 1583 3625 οὐδὲν
1616 3570 1859 3640 ἐποίησε.
1892 3567 1958 3620 Τί

378 3671 501 3741 οῦν;
549 3673 584 3745 ἢ
632 3673 828 3725 ἐκεῖνοι
871 3668 1077 3731 κακῶς,
1112 3668 1145 3737 ἢ
1191 3661 1375 3728 07510;;
1412 3662 1713 3729 Οὐδέτεροι.
1733 3661 1956 3713 Ἐκεῖνοι

383 3768 481 3836 μὲν
512 3766 620 3837 γάρ
647 3764 745 3835 τὴν
776 3758 1177 3833 φιλοστοργίαν,
1210 3750 1365 3818 οὗτος
1410 3754 1467 3806 δὲ
1493 3753 1590 3824 τὴν
1626 3752 1839 3805 σύνεσιν
1865 3750 1958 3805 τοῦ

380 3857 576 3930 καιροῦ
631 3852 1074 3927 παραγενομένου
1133 3848 1361 3901 ἐδείκνυ.
1405 3840 1533 3916 ’Ἆρ’
1573 3839 1666 3898 οῦν
1726 3842 1960 3906 συνετῶς

380 3948 715 4017 ἀνεγίνωσκε
766 3946 835 3998 τά
887 3940 1236 4013 προφητικά;
1280 3932 1448 4008 Οἶμαι
1484 3936 1528 3989 δ’
1564 3936 1723 3989 αὑτὸν
1759 3935 1859 3989 οὐκ
1897 3937 1962 3988 ἐκ

380 4044 478 4113 τῆς
528 4039 779 4099 ἁλώσεως
827 4034 1108 4105 ἀριθμεῖν,
1160 4031 1273 4086 ἀλλ’
1319 4030 1401 4085 ἐκ
1430 4029 1529 4100 τῆς
1581 4026 1960 4099 αἰχμαλωσίας

382 4135 512 4197 ἴσως
554 4130 646 4184 τοῦ
700 4127 933 4197 Ἰσραήλ.
990 4126 1298 4198 Ἐρήμωσιν
1339 4122 1447 4195 γὰρ
1498 4120 1721 4184 εἰκότως
1768 4119 1831 4173 ἀν
1878 4135 1963 4183 τις

381 4228 522 4281 εῐποι
560 4219 913 4294 Ἰερουσαλὴμ
948 4218 1043 4271 καὶ
1079 4217 1204 4281 τοὺς
1237 4215 1526 4286 πολέμους.
1563 4213 1704 4285 Ὅρα
1745 4212 1837 4264 καὶ
1870 4208 1961 4264 τὸν

381 4314 611 4388 ἀριθμὸν
664 4309 1008 4366 σαϐϐατικόν.
1059 4310 1271 4379 Ὥσπερ
1320 4305 1428 4377 γὰρ
1476 4306 1595 4358 τότε
1638 4301 1963 4374 τετρακόσια

381 4406 670 4477 τριάκοντα
719 4404 811 4457 καὶ
856 4402 1103 4457 διακόσια
1147 4399 1437 4452 δεκαπέντε
1483 4395 1753 4464 ἐποίησεν,
1790 4392 1963 4456 οὕτως

380 4493 533 4567 οἶμαι
563 4495 654 4549 καὶ
686 4493 779 4549 νῦν
814 4492 1016 4547 ἐλάττω
1048 4484 1203 4543 εἶναι.
1246 4485 1398 4560 [246]
1425 4486 1563 4555 Περί
1586 4480 1659 4540 οὗ
1686 4482 1959 4553 ἐγενήθη,

381 4586 550 4658 φησὶ,
601 4585 782 4654 λόγος
830 4581 980 4651 πρὸς
1034 4579 1317 4646 Ἰερεμίαν
1364 4577 1469 4630 τὸν
1510 4574 1844 4643 προφήτην,
1879 4574 1968 4638 είς

379 4676 820 4749 συμπλήρωσιν
872 4670 1221 4741 ἐρημώσεως
1277 4665 1664 4735 Ἰερουσαλὴμ
1717 4662 1965 4731 ἑϐδομή-

370 4789 563 4847 ,κοντα
589 4771 714 4837 ἐτη.
735 4769 842 4823 Καὶ
873 4765 1065 4821 ἔδωκα
1089 4762 1153 4816 τὸ
1184 4759 1508 4829 πρόσωπόν
1530 4776 1647 4827 μου
1675 4755 1821 4824 πρὸς
1847 4754 1964 4808 Κύ-

371 4882 510 4934 ριον
524 4863 627 4919 τὸν
641 4860 809 4926 Θεὸν,
826 4860 931 4913 τοῦ
949 4854 1263 4924 ὲκζητῆσαι
1280 4850 1630 4921 προσευχὴν
1642 4848 1737 4901 καὶ
1756 4846 1967 4914 δέησιν

379 4958 449 5010 ὲν
466 4956 773 5023 νηστείαις
790 4952 888 5006 καὶ
908 4950 1115 5015 σάκκῳ
1136 4947 1231 5001 καὶ
1252 4944 1477 5009 σποδῷ.
1499 4943 1639 5012 Ὅρα
1657 4938 1961 4993 εὐλάϐειαν.

383 5047 491 5101 Καὶ
518 5046 731 5109 ἔδωκα,
756 5042 910 5112 φησὶ,
942 5041 1008 5093 τὸ
1029 5037 1353 5106 πρόσωπόν
1371 5052 1509 5103 μου.
1534 5032 1810 5094 Τουτέστι,
1830 5047 1964 5082 κατ-

382 5135 731 5211 ῃσχυμμένοῖ
755 5134 902 5201 ἥμην
926 5129 1030 5201 πρὸ
1050 5128 1263 5187 τούτου.
1282 5124 1387 5195 πρὸ
1419 5124 1518 5193 τῆς
1550 5120 1928 5181 ταπεινώσεως
1948 5132 1963 5148 ο

381 5210 478 5281 νῦν
507 5224 563 5278 δὲ
588 5225 839 5285 Ἕδωκα,
867 5221 985 5273 ἀντὶ
1011 5218 1103 5271 τοῦ
1134 5217 1425 5285 ἐτόλμησα.
1452 5213 1512 5265 Εἰ
1538 5211 1594 5265 δὲ
1624 5210 1968 5280 ὀφειλόμενον

382 5318 610 5390 ἀπῄτει,
644 5315 745 5369 οὐκ
782 5314 849 5368 ἂν
881 5312 1063 5381 ἔλεγε,
1100 5308 1327 5362 Ἕδωκα
1361 5304 1425 5359 τὸ
1466 5304 1787 5374 πρόσωπόν
1822 5321 1966 5374 μου,

446 5583 470 5610 ⁸
498 5578 622 5627 Vide.
645 5574 862 5630 Suidam,
890 5570 1016 5632 apud
1040 5565 1259 5632 quemjn
1278 5563 1433 5613 verbo
1455 5562 1809 5632 ἐμπολεμῶσαι,
1844 5562 1965 5632 nihil

380 5624 835 5690 mularréﬁdebueral
851 5624 1113 5691 H.'Step'h.
1164 5629 1430 5691 Eleganter
1447 5624 1628 5691 amen],
1653 5626 1736 5685 qui
1756 5624 1966 5691 £0001“.

559 5686 864 5764 rcdlilegiltgx
886 5686 1187 5764 παρατάξεως
1224 5686 1504 5753 ἁμαρτάνειν
1528 5689 1576 5735 in
1598 5686 1687 5734 hac
1726 5687 1967 5747 signiﬁca-

383 5753 518 5815 tione
547 5753 871 5821 usurpit,'lib.
906 5753 1081 5818 καί),
1106 5753 1182 5802 25.

1072 313 1129 368 S.
1168 311 1450 401 195Nle
1488 306 1972 367 CHRYSOSTOMI
2022 305 2340 364 ARCHIEP.
2379 302 2920 363 CONSTANTINOP.
2982 285 2989 291 l

3509 293 3628 351 238

2050 423 2232 485 ὡςέπί
2257 420 2864 494 παρακεκινδυνευμένῳ
2886 416 3183 488 πράγματι.
3205 412 3271 467 Εἰ
3288 412 3427 481 ὑπὲρ
3448 410 3633 464 ἄλλων

2048 517 2283 590 τοσαύτῃ
2321 518 2516 588 χρῆται
2557 515 2782 585 σπουδῇ,
2825 514 2872 565 εἰ
2901 510 3189 573 τοσαύταις
3220 507 3504 561 ἀπολαύων
3531 508 3633 560 καὶ

2052 614 2201 684 παρά
2223 614 2315 666 τοῦ
2341 614 2476 667 Θεοῦ
2502 614 2593 668 καὶ
2622 612 2772 682 παρά
2794 608 2887 663 τοῦ
2917 607 3176 678 βασιλέως
3198 605 3429 672 εὐνοίαις
3453 604 3507 666 ιι,
3527 604 3635 657 οὐκ

2051 709 2161 778 ἔχει
2181 707 2303 761 τινά
2324 707 2574 777 αἴσθησιν
2596 707 2704 759 τῶν
2732 704 3090 775 πραγμάτων,
3117 701 3232 755 ἀλλ’
3263 699 3337 762 ὡς
3366 698 3528 762 αὐτὸς
3552 697 3635 751 ὣν

2051 808 2109 858 ἐν
2144 792 2255 866 τοῖς
2287 804 2498 868 δεινοῖς,
2539 803 2719 856 αὐτῶν
2749 801 2858 855 τῶν
2900 801 3069 853 όντων
3101 797 3299 869 μᾶλλον
3328 796 3585 849 ἐδάκνετο
3616 812 3631 819 ’

2054 900 2170 963 πῶς
2208 900 2272 953 ἀν
2314 917 2400 962 τις
2439 899 2600 953 αὐτὸν
2643 898 2763 951 κατ’
2796 896 2954 960 ἀξίαν
2986 894 3344 965 θαυμάσειενς
3392 891 3532 962 Ὅρα
3574 890 3637 943 δὲ

2052 998 2147 1049 καὶ
2192 997 2328 1067 μετὰ
2360 997 2457 1060 τὰς
2491 994 2698 1065 θλίψεις
2730 994 2937 1057 ἐκείνας
2966 994 3026 1046 οὐ
3062 989 3363 1062 θαρροῦντα
3398 989 3637 1060 προσελ-

2055 1096 2194 1160 θεῖν,
2237 1094 2343 1157 ἐως
2381 1088 2488 1146 εἶδε
2527 1092 2616 1146 τὸν
2658 1091 2846 1162 χρόνον
2886 1087 3257 1159 πληρωθέντα.
3306 1086 3414 1139 Ποῦ
3454 1084 3641 1141 τοίνυν

2054 1187 2349 1259 κεισόμεθα
2387 1187 2571 1241 λοιπὸν
2612 1189 2771 1258 ἡμεῖς
2802 1187 2850 1239 οἱ
2881 1184 3085 1250 ἀθλιοι;
3130 1184 3194 1236 Τί
3225 1182 3425 1251 λέγεις,
3456 1177 3502 1236 ὧ
3530 1186 3644 1236 Δαι-

2054 1283 2202 1355 νιήλ;
2235 1285 2291 1336 ἐν
2325 1282 2546 1351 ἀγαθοῖς
2574 1278 2623 1335 εἰ
2653 1283 2739 1345 σὺ,
2774 1283 2939 1351 τιμῆς
2972 1279 3261 1343 ἀπολαύεις
3294 1279 3444 1350 παρά
3472 1280 3639 1344 Θεοῦ,

2055 1379 2205 1449 παρά
2241 1377 2540 1450 ἀνθρώπων
2576 1395 2588 1409 ο
2632 1379 2684 1430 τί
2725 1394 2804 1430 σοι
2847 1376 3028 1449 μέλλει
3060 1376 3119 1447 (ί.
3160 1375 3329 1446 μέλει)
3362 1376 3491 1447 περὶ
3524 1377 3645 1429 τῶν

2055 1474 2259 1541 ἄλλων;
2295 1474 2450 1528 υῦτω
2477 1474 2571 1529 καὶ
2598 1475 2836 1544 Μωῦσῆς
2862 1473 3054 1525 ἐποίει.
3091 1473 3201 1526 Καὶ
3235 1472 3288 1525 τί
3329 1491 3495 1543 φησι;
3539 1475 3647 1528 Ἑν

2056 1574 2365 1640 νηστείαις
2415 1574 2514 1627 καὶ
2562 1572 2768 1639 σάκκῳ
2818 1570 3152 1637 καὶσποδῷ
3200 1571 3267 1625 τά
3314 1571 3647 1644 ὀφειλόμενα

2059 1668 2326 1723 ἀπαιτῶν.
2371 1668 2436 1720 Τί
2469 1668 2599 1740 γάρ,
2639 1668 2687 1721 εί
2724 1666 3015 1737 ώφείλετο;
3052 1668 3276 1740 Μήποτε
3319 1669 3412 1722 καὶ
3444 1670 3646 1724 τούτου

2059 1764 2309 1829 ἀναξίους
2352 1764 2577 1827 ἐαυτοὺς
2627 1763 2904 1832 ἐποίησαν.
2957 1761 3034 1818 Ob
3084 1764 3191 1833 γάρ
3234 1766 3379 1819 ἐστιν
3423 1766 3646 1838 ἀνάγκη

2061 1861 2209 1932 παρά
2232 1859 2350 1930 Θεῷ
2370 1877 2383 1889 ’
2411 1858 2679 1931 ἀνώτερος
2701 1858 2878 1929 νόμων
2899 1858 3032 1912 ἐστί.
3061 1858 3169 1915 Τοῦ
3190 1858 3454 1928 ζητῆσαι,
3480 1865 3645 1934 φησὶ,

2059 1957 2414 2027 προσευχὴν
2440 1956 2540 2010 καὶ
2576 1955 2805 2024 δέησιν.
2844 1955 3067 2027 Πρῶτον
3093 1956 3250 2009 τοῦτο
3274 1957 3539 2028 ἐπιζητεῖ.
3574 1960 3648 2012 El

2061 2055 2344 2127 ἐπιτρέπει
2387 2071 2496 2125 μοι,
2527 2054 2680 2123 φησὶ,
2719 2051 2976 2119 εὔξασθαι
3010 2053 3149 2124 ὑπὲρ
3187 2055 3365 2108 αὐτῶν
3400 2070 3415 2084 ⁸
3451 2056 3648 2128 ἐπειδὴ

2060 2155 2289 2225 ἤκουσεν
2322 2151 2582 2223 Ἱερεμίου
2610 2149 2767 2204 τοῦτο
2796 2149 3098 2214 ἀκούοντος,
3129 2151 3210 2204 ὅτι
3256 2151 3313 2206 Μ
3319 2152 3354 2220 ἡ
3387 2157 3648 2224 προσεύ-

2062 2266 2174 2318 χοι·
2213 2248 2362 2315 ὑπὲρ
2402 2248 2508 2302 τοῦ
2548 2246 2701 2301 λαοῦ
2742 2246 2974 2310 τούτου,
3018 2246 3114 2300 καί
3152 2247 3236 2316 μὴ
3276 2247 3450 2313 ἀξίου
3490 2250 3649 2320 ὑπὲρ

2061 2343 2276 2398 αὐτῶν.
2317 2345 2494 2414 Ἔχων
2530 2342 2603 2414 (Γ.
2653 2343 2777 2399 add.
2808 2342 2940 2415 τὴν)
2979 2343 3088 2396 ἀπὸ
3117 2343 3212 2414 τῆς
3244 2346 3644 2416 αἰχμαλωσίας,

2061 2439 2158 2511 τὴν
2209 2440 2317 2494 ἀπὸ
2373 2439 2480 2494 τῶν
2542 2441 2745 2512 χρόνων
2817 2439 3160 2510 συμμαχίαν,
3224 2439 3323 2511 τὴν
3376 2442 3489 2496 ἀπὸ
3548 2445 3649 2514 τῆς

2062 2537 2271 2601 οἰκείας
2296 2538 2512 2608 ἀρετῆς,
2542 2538 2632 2591 καὶ
2657 2536 2748 2590 τοῦ
2775 2537 2944 2608 μυρία
2966 2537 3174 2603 παθεῖν,
3194 2537 3404 2592 οὐδέπω
3428 2539 3645 2613 θαρρεῖ,

2062 2634 2197 2688 ἀλλά
2211 2635 2414 2706 τέφραν
2431 2636 2916 2707 ὑποστρωσάμενος
2927 2635 3022 2688 καὶ
3036 2637 3257 2699 σάκκον,
3271 2636 3444 2701 οὕτως
3455 2639 3647 2695 ἐδεῖτο.

2064 2733 2128 2786 Τί
2156 2733 2452 2803 ποιήσομεν
2474 2732 2633 2801 ἡμεῖς
2657 2731 2708 2783 οἱ
2734 2730 3024 2802 ἀνάλγητοι
3045 2750 3058 2798 ;
3085 2731 3284 2787 Τοῦτον
3307 2735 3454 2805 ἡμᾶς
3478 2737 3651 2809 ἐχρῆν

2067 2827 2367 2898 μιμεῖσθαι.
2402 2826 2519 2879 Ἵνα
2559 2826 2667 2898 γὰρ
2708 2826 2783 2897 μή
2818 2843 2902 2890 τις
2932 2826 3086 2900 λέγῃ,
3124 2828 3205 2882 ὃτι
3244 2829 3330 2882 διά
3368 2832 3565 2885 πενίαν
3603 2834 3651 2886 οἰ

2062 2924 2236 2977 λοιποὶ
2276 2925 2546 2995 προφῆται
2586 2922 2757 2977 ταῦτα
2794 2922 3006 2977 ἐποίουν
3038 2938 3056 2956 ⁸
3092 2925 3119 2976 ὁ
3158 2925 3389 2995 μάλιστα
3430 2929 3653 2985 πάντων

2065 3022 2200 3093 πρὸς
2247 3019 2568 3091 ἀξιωμάτων
2612 3019 2839 3090 μέγεθος
2883 3019 3165 3090 ἀναχθεὶς,
3213 3016 3365 3088 οὗτος
3412 3027 3654 3096 μάλιστα

2065 3118 2281 3171 πάντων
2303 3114 2667 3205 ταπεινοῦται.
2696 3117 2804 3168 Καὶ
2829 3113 2935 3169 ἀπὸ
2964 3115 3057 3170 τοῦ
3086 3117 3393 3189 σπέρματος
3422 3122 3528 3191 τῆς
3560 3122 3659 3192 βα-

2066 3216 2267 3279 σιλείας
2289 3212 2376 3286 ἦν,
2398 3215 2490 3268 καὶ
2518 3212 2781 3266 τοσούτων
2807 3213 3128 3270 ἀπέλαυσεν.
3151 3214 3305 3269 Οὕτω
3326 3216 3405 3269 δεῖ
3430 3219 3658 3273 πενθεῖν

2062 3311 2132 3364 τὰ
2150 3313 2321 3365 οἰκεῖα
2339 3309 2506 3373 δεινὰ,
2523 3308 2664 3361 οὕτω
2678 3309 2784 3361 τῶν
2808 3308 2981 3378 μελῶν
3004 3308 3271 3377 φείδεσθαι
3288 3313 3394 3365 τῶν
3408 3314 3655 3369 οἰκείων.

2064 3410 2234 3465 Τοῦτο
2258 3408 2568 3480 συμπάθεια
2590 3406 2696 3460 τῶν
2718 3407 3029 3478 προφητῶν.
3049 3408 3192 3480 Ὅρα
3211 3410 3382 3483 ταύτῃ
3414 3413 3661 3482 μάλιστα

2066 3505 2507 3577 θαυμασιώτερον
2549 3502 2695 3556 ὄντα.
2726 3503 2962 3572 Μωῡσῆς
2994 3503 3179 3572 ἔλεγεν
3212 3519 3224 3534 ·
3254 3508 3321 3559 Εἰ
3348 3506 3465 3576 μὲν
3490 3508 3661 3578 ἀφῇς

2065 3601 2290 3668 αὐτοῖς,
2323 3599 2451 3653 ἐπεὶ
2483 3598 2633 3668 κάμὲ
2660 3597 2985 3667 ἐξάλειψον
3003 3599 3071 3653 ἐκ
3094 3597 3205 3669 τῆς
3222 3602 3461 3666 βίϐλου.
3485 3599 3661 3669 Οὗτος

2066 3700 2125 3753 ἐν
2154 3697 2430 3769 νηστείαις
2458 3690 2526 3766 ἧν
2555 3695 2647 3749 καὶ
2675 3694 2903 3765 δάκρυσι
2930 3694 3210 3766 διηνεκῶς,
3243 3697 3450 3763 Παῦλος
3474 3700 3662 3771 διηνε..

2069 3789 2178 3852 κῶς
2212 3791 2269 3842 ἐν
2310 3788 2562 3859 δάκρυσι,
2612 3786 2705 3841 καὶ
2747 3786 2970 3857 γεέννης
3015 3788 3185 3857 αὐτῆς
3226 3791 3657 3862 κατετόλμησεν.

2068 3888 2257 3951 Οὐδεὶς
2279 3884 2457 3940 αὐτῶν
2484 3884 2596 3955 ἔχει
2617 3882 2723 3936 τῶν
2749 3883 2961 3936 οἰκείων
2985 3884 3202 3952 ἀγαθῶν
3228 3886 3477 3955 αἴσθησιν
3498 3905 3511 3919 ο
3538 3890 3662 3943 ἀλλ’

2067 3986 2254 4056 ὥσπερ
2284 3986 2341 4037 ἐν
2374 3980 2606 4053 σώματι,
2633 3978 2727 4033 τοῦ
2765 3979 3044 4050 ὀφθαλμοῦ
3083 3981 3246 4035 καλοῦ
3276 3985 3661 4053 τυγχάνοντος,

2067 4086 2168 4139 οὐκ
2201 4084 2267 4139 ἂν
2303 4081 2457 4136 λάϐοι
2490 4078 2585 4133 τοῦ
2619 4078 2847 4142 κάλλους
2883 4079 3152 4150 αἴσθησιν,
3197 4083 3510 4154 σεσηπότων
3550 4087 3663 4140 τῶν

2072 4182 2248 4238 ποδῶν
2285 4180 2380 4236 καὶ
2416 4176 2827 4249 διεφθαρμένων
2855 4195 2869 4207 '
2904 4177 3048 4233 οὕτω
3086 4180 3180 4233 καὶ
3213 4181 3333 4234 τότε
3375 4178 3463 4253 ἦν.
3499 4185 3664 4249 Τίνος

2069 4282 2253 4338 ἕνεκεν
2296 4284 2329 4352 ἡ
2372 4280 2596 4346 σποδός;
2647 4278 3077 4351 Ἀνεμίμνησκεν
3116 4281 3277 4335 αὐτὸν
3315 4282 3415 4352 τῆς
3446 4286 3665 4351 οἰκείας

2071 4378 2304 4450 φύσεως.
2330 4377 2485 4441 Τίνος
2514 4377 2699 4430 ἕνεκεν
2727 4376 2756 4428 ό
2783 4378 3016 4442 σάκκος;
3045 4378 3122 4448 Τῇ
3151 4378 3445 4449 τραχύτητι
3473 4399 3665 4437 ταπει.

2070 4476 2167 4529 νοῖ.
2202 4474 2357 4537 Τίνος
2382 4474 2566 4527 ἕνεκεν
2601 4473 2635 4542 ή
2668 4471 2921 4543 νηστείας
2945 4474 3056 4528 Καὶ
3083 4474 3220 4546 αὕτη
3244 4476 3351 4530 τῶν
3386 4479 3443 4531 ἐν
3477 4498 3662 4553 παρα-

2070 4573 2232 4644 δείσῳ
2253 4570 2678 4642 ἀνεμίμνησκεν.
2713 4568 2883 4623 Τοῦτο
2903 4570 3086 4634 αὐτοῖς
3109 4570 3226 4635 ἔθος
3247 4571 3398 4645 [247]
3427 4575 3567 4641 ἐστὶ,
3595 4580 3663 4633 τά

2076 4670 2429 4744 βασανίζοντα
2454 4668 2689 4723 διώκειν.
2718 4667 2850 4721 Οὐδὲ
2874 4667 2974 4737 τῆς
3002 4668 3103 4739 γῆς
3133 4669 3280 4733 ἄξιός
3307 4672 3439 4741 εἰμι,
3467 4675 3660 4744 φησὶν,

2072 4768 2191 4823 οὐδὲ
2219 4767 2326 4821 τῶν
2356 4764 2605 4836 ἱματίων,
2638 4763 2757 4817 οὐδὲ
2791 4762 2899 4817 τῶν
2929 4763 3069 4817 κατά
3101 4764 3258 4834 φύσιν
3291 4770 3659 4838 πραγμάτων,

2074 4866 2209 4921 ἀλλά
2240 4861 2619 4935 χαλεπωτέρας
2651 4859 2946 4930 τιμωρίας,
2983 4862 3011 4912 ὁ
3038 4860 3105 4914 τὰ
3147 4861 3393 4931 Περσικὰ
3430 4866 3660 4935 περιδε-

2075 4964 2339 5034 ὅλημένος
2375 4959 2690 5028 ὑφάσματα,
2734 4958 2764 5010 ὁ
2808 4957 3000 5028 τιάραν
3036 4958 3174 5028 ἔχων
3212 4960 3507 5032 Περσικήν.
3548 4966 3662 5017 Καὶ

2075 5064 2126 5116 τί
2157 5078 2320 5132 φησι;
2352 5058 2577 5127 ’Ἱδωμεν
2605 5056 2703 5127 τὴν
2735 5054 3135 5127 ἐξομολόγησιν.
3169 5058 3279 5111 Καὶ
3305 5062 3661 5127 προσηυξά-

2069 5177 2193 5230 μην
2220 5156 2369 5227 πρὸς
2408 5155 2627 5222 Κύριον
2657 5151 2762 5205 τὸν
2792 5150 2942 5205 Θεόν
2972 5168 3114 5221 μου.
3145 5154 3286 5224 Ὅρα
3326 5155 3389 5207 τὸ
3434 5156 3658 5228 φίλτρον

2074 5260 2133 5313 τὸ
2160 5257 2287 5328 περὶ
2313 5254 2403 5307 τὸν
2428 5250 2727 5322 Δεσπότην.
2774 5249 2886 5303 Τὸν
2911 5250 3061 5302 Θεόν
3086 5267 3225 5318 μου,
3266 5252 3397 5321 φησί
3421 5268 3434 5280 ·
3463 5252 3525 5305 ὃν
3555 5255 3655 5307 οὐκ

2076 5358 2272 5426 ἐτόλμα
2298 5350 2580 5415 ἱκετεύειν,
2604 5348 2788 5402 τοῦτον
2814 5346 2943 5401 Θεὸν
2968 5345 3130 5400 αὑτοῦ
3160 5346 3328 5401 καλεῖ.
3362 5349 3483 5402 Ἔτι
3508 5349 3654 5418 ἐμοῦ

2136 5615 2162 5652 b
2189 5615 2323 5688 [:ege
2338 5609 2577 5690 τοσαύτης
2706 5604 2902 5690 εὐνοίριὲ,
2930 5610 2983 5651 ul
3003 5603 3123 5690 inf”:
3146 5611 3290 5690 τιμῆςΙ
3312 5604 3587 5690 ἀπολαύεις,
3604 5612 3653 5690 (τι

2073 5666 2311 5784 τοσρόἓτῶν
2331 5673 2609 5722 ἀπέλαυσεν.
2647 5666 3059 5737 Ριδεεὶγὶιεεεειιτ.
3088 5666 3339 5715 Animadv.
3369 5667 3431 5716 ad
3456 5666 3649 5719 Daniel.

2074 5753 2120 5801 p.
2216 5772 2227 5786 .
