  <div class='ocr_page' id='page_1' title='image "/cluster/home/n/w/nwhite01/storage/ocr_20150623/56/hvd.32044019304435/238.png"; bbox 0 0 3724 6272; ppageno 0'>
   <div class='ocr_carea' id='block_1_1' title="bbox 130 170 228 227">
    <p class='ocr_par' dir='ltr' id='par_1_1' title="bbox 130 170 228 227">
     <span class='ocr_line' id='line_1_1' title="bbox 130 170 228 227; baseline -0.051 0"><span class='ocrx_word' id='word_1_1' title='bbox 130 170 228 227; x_wconf 72' lang='grc' dir='ltr'><strong>9-5ἷ</strong></span> 
     </span>
    </p>
   </div>
   <div class='ocr_carea' id='block_1_2' title="bbox 124 278 1695 349">
    <p class='ocr_par' dir='ltr' id='par_1_2' title="bbox 124 278 1695 349">
     <span class='ocr_line' id='line_1_2' title="bbox 124 278 1695 349; baseline 0.001 -18"><span class='ocrx_word' id='word_1_2' title='bbox 124 281 227 343; x_wconf 71' lang='lat' dir='ltr'><strong>tui,</strong></span> <span class='ocrx_word' id='word_1_3' title='bbox 254 287 308 333; x_wconf 75' lang='lat' dir='ltr'><strong>et</strong></span> <span class='ocrx_word' id='word_1_4' title='bbox 334 279 572 348; x_wconf 69' lang='lat' dir='ltr'><strong>agrotaoi</strong></span> <span class='ocrx_word' id='word_1_5' title='bbox 614 279 719 333; x_wconf 74' lang='lat' dir='ltr'><strong>dies</strong></span> <span class='ocrx_word' id='word_1_6' title='bbox 751 278 983 349; x_wconf 87' lang='lat' dir='ltr'><strong>aliquot:</strong></span> <span class='ocrx_word' id='word_1_7' title='bbox 1009 288 1056 332; x_wconf 84' lang='lat' dir='ltr'><strong>et</strong></span> <span class='ocrx_word' id='word_1_8' title='bbox 1093 280 1287 333; x_wconf 62' lang='lat' dir='ltr'><strong>surrexi</strong></span> <span class='ocrx_word' id='word_1_9' title='bbox 1309 319 1324 344; x_wconf 94' lang='lat'><strong>,</strong></span> <span class='ocrx_word' id='word_1_10' title='bbox 1366 285 1412 333; x_wconf 87' lang='lat' dir='ltr'><strong>et</strong></span> <span class='ocrx_word' id='word_1_11' title='bbox 1451 278 1695 349; x_wconf 77' lang='lat' dir='ltr'><strong>faciebam</strong></span> 
     </span>
    </p>
   </div>
   <div class='ocr_carea' id='block_1_3' title="bbox 124 368 1709 439">
    <p class='ocr_par' dir='ltr' id='par_1_3' title="bbox 124 368 1709 439">
     <span class='ocr_line' id='line_1_3' title="bbox 124 368 1709 439; baseline 0.002 -19"><span class='ocrx_word' id='word_1_12' title='bbox 124 383 275 434; x_wconf 75' lang='lat' dir='ltr'><strong>opera</strong></span> <span class='ocrx_word' id='word_1_13' title='bbox 317 369 454 439; x_wconf 71' lang='lat' dir='ltr'><strong>regis</strong></span> <span class='ocrx_word' id='word_1_14' title='bbox 480 380 567 423; x_wconf 89' lang='lat' dir='ltr'><strong>:et</strong></span> <span class='ocrx_word' id='word_1_15' title='bbox 605 368 895 429; x_wconf 78' lang='lat' dir='ltr'><strong>admirabar</strong></span> <span class='ocrx_word' id='word_1_16' title='bbox 942 369 1182 423; x_wconf 75' lang='lat' dir='ltr'><strong>visionem</strong></span> <span class='ocrx_word' id='word_1_17' title='bbox 1205 384 1225 423; x_wconf 88' lang='lat'><strong><em>:</em></strong></span> <span class='ocrx_word' id='word_1_18' title='bbox 1254 376 1299 421; x_wconf 87' lang='lat' dir='ltr'><strong>et</strong></span> <span class='ocrx_word' id='word_1_19' title='bbox 1341 384 1442 423; x_wconf 83' lang='lat' dir='ltr'><strong>non</strong></span> <span class='ocrx_word' id='word_1_20' title='bbox 1477 377 1584 422; x_wconf 87' lang='lat' dir='ltr'><strong>erat</strong></span> <span class='ocrx_word' id='word_1_21' title='bbox 1623 371 1709 439; x_wconf 83' lang='lat' dir='ltr'><strong>qui</strong></span> 
     </span>
    </p>
   </div>
   <div class='ocr_carea' id='block_1_4' title="bbox 124 455 1710 528">
    <p class='ocr_par' dir='ltr' id='par_1_4' title="bbox 124 455 1710 528">
     <span class='ocr_line' id='line_1_4' title="bbox 124 455 1710 528; baseline 0.003 -19"><span class='ocrx_word' id='word_1_22' title='bbox 124 455 450 528; x_wconf 70' lang='lat' dir='ltr'><strong>intelligeret.</strong></span> <span class='ocrx_word' id='word_1_23' title='bbox 497 457 650 514; x_wconf 86' lang='lat' dir='ltr'><strong>Unde</strong></span> <span class='ocrx_word' id='word_1_24' title='bbox 678 458 989 528; x_wconf 65' lang='lat' dir='ltr'><strong>mgrotavit?</strong></span> <span class='ocrx_word' id='word_1_25' title='bbox 1013 456 1279 512; x_wconf 77' lang='lat' dir='ltr'><strong>Fortassis</strong></span> <span class='ocrx_word' id='word_1_26' title='bbox 1307 474 1371 511; x_wconf 82' lang='lat' dir='ltr'><strong>ex</strong></span> <span class='ocrx_word' id='word_1_27' title='bbox 1403 457 1612 513; x_wconf 71' lang='lat' dir='ltr'><strong>tristitia</strong></span> <span class='ocrx_word' id='word_1_28' title='bbox 1641 459 1710 514; x_wconf 92' lang='lat' dir='ltr'><strong>ob</strong></span> 
     </span>
    </p>
   </div>
   <div class='ocr_carea' id='block_1_5' title="bbox 124 548 1708 620">
    <p class='ocr_par' dir='ltr' id='par_1_5' title="bbox 124 548 1708 620">
     <span class='ocr_line' id='line_1_5' title="bbox 124 548 1708 620; baseline 0.003 -19"><span class='ocrx_word' id='word_1_29' title='bbox 124 548 327 604; x_wconf 86' lang='lat' dir='ltr'><strong>futuras</strong></span> <span class='ocrx_word' id='word_1_30' title='bbox 360 550 719 617; x_wconf 71' lang='lat' dir='ltr'><strong>calamitates,</strong></span> <span class='ocrx_word' id='word_1_31' title='bbox 751 564 932 606; x_wconf 85' lang='lat' dir='ltr'><strong>secum</strong></span> <span class='ocrx_word' id='word_1_32' title='bbox 963 557 1250 620; x_wconf 89' lang='lat' dir='ltr'><strong>reputans,</strong></span> <span class='ocrx_word' id='word_1_33' title='bbox 1286 549 1520 603; x_wconf 90' lang='lat' dir='ltr'><strong>nondum</strong></span> <span class='ocrx_word' id='word_1_34' title='bbox 1549 549 1708 605; x_wconf 83' lang='lat' dir='ltr'><strong>tinem</strong></span> 
     </span>
    </p>
   </div>
   <div class='ocr_carea' id='block_1_6' title="bbox 126 638 1706 710">
    <p class='ocr_par' dir='ltr' id='par_1_6' title="bbox 126 638 1706 710">
     <span class='ocr_line' id='line_1_6' title="bbox 126 638 1706 710; baseline 0.002 -19"><span class='ocrx_word' id='word_1_35' title='bbox 126 639 318 695; x_wconf 81' lang='lat' dir='ltr'><strong>habere</strong></span> <span class='ocrx_word' id='word_1_36' title='bbox 362 657 453 695; x_wconf 83' lang='lat' dir='ltr'><strong>res</strong></span> <span class='ocrx_word' id='word_1_37' title='bbox 497 648 809 710; x_wconf 73' lang='lat' dir='ltr'><strong>prazsentes.</strong></span> <span class='ocrx_word' id='word_1_38' title='bbox 839 641 906 695; x_wconf 85' lang='lat' dir='ltr'><strong>Et</strong></span> <span class='ocrx_word' id='word_1_39' title='bbox 947 649 1054 706; x_wconf 88' lang='lat' dir='ltr'><strong>tot,</strong></span> <span class='ocrx_word' id='word_1_40' title='bbox 1084 640 1287 710; x_wconf 91' lang='lat' dir='ltr'><strong>inquit,</strong></span> <span class='ocrx_word' id='word_1_41' title='bbox 1314 638 1488 694; x_wconf 89' lang='lat' dir='ltr'><strong>adhuc</strong></span> <span class='ocrx_word' id='word_1_42' title='bbox 1516 654 1706 709; x_wconf 88' lang='lat' dir='ltr'><strong>super-</strong></span> 
     </span>
    </p>
   </div>
   <div class='ocr_carea' id='block_1_7' title="bbox 124 728 1707 796">
    <p class='ocr_par' dir='ltr' id='par_1_7' title="bbox 124 728 1707 796">
     <span class='ocr_line' id='line_1_7' title="bbox 124 728 1707 796; baseline 0.003 -15"><span class='ocrx_word' id='word_1_43' title='bbox 124 739 243 783; x_wconf 79' lang='lat' dir='ltr'><strong>sunt</strong></span> <span class='ocrx_word' id='word_1_44' title='bbox 268 728 433 784; x_wconf 86' lang='lat' dir='ltr'><strong>mala.</strong></span> <span class='ocrx_word' id='word_1_45' title='bbox 462 730 555 785; x_wconf 87' lang='lat' dir='ltr'><strong>Vel</strong></span> <span class='ocrx_word' id='word_1_46' title='bbox 584 732 800 796; x_wconf 81' lang='lat' dir='ltr'><strong>iterum,</strong></span> <span class='ocrx_word' id='word_1_47' title='bbox 832 730 1076 784; x_wconf 86' lang='lat' dir='ltr'><strong>Nondum</strong></span> <span class='ocrx_word' id='word_1_48' title='bbox 1099 729 1296 786; x_wconf 76' lang='lat' dir='ltr'><strong>Judaeis</strong></span> <span class='ocrx_word' id='word_1_49' title='bbox 1320 730 1487 785; x_wconf 91' lang='lat' dir='ltr'><strong>Deum</strong></span> <span class='ocrx_word' id='word_1_50' title='bbox 1513 746 1707 786; x_wconf 88' lang='lat' dir='ltr'><strong>recon—</strong></span> 
     </span>
    </p>
   </div>
   <div class='ocr_carea' id='block_1_8' title="bbox 123 820 1707 892">
    <p class='ocr_par' dir='ltr' id='par_1_8' title="bbox 123 820 1707 892">
     <span class='ocr_line' id='line_1_8' title="bbox 123 820 1707 892; baseline 0.002 -17"><span class='ocrx_word' id='word_1_51' title='bbox 123 820 318 886; x_wconf 70' lang='lat' dir='ltr'><strong>ciliari,</strong></span> <span class='ocrx_word' id='word_1_52' title='bbox 347 830 406 876; x_wconf 86' lang='lat' dir='ltr'><strong>et</strong></span> <span class='ocrx_word' id='word_1_53' title='bbox 432 822 535 891; x_wconf 83' lang='lat' dir='ltr'><strong>ipsi</strong></span> <span class='ocrx_word' id='word_1_54' title='bbox 563 837 685 877; x_wconf 89' lang='lat' dir='ltr'><strong>eum</strong></span> <span class='ocrx_word' id='word_1_55' title='bbox 719 822 783 877; x_wconf 93' lang='lat' dir='ltr'><strong>ad</strong></span> <span class='ocrx_word' id='word_1_56' title='bbox 812 821 1011 877; x_wconf 89' lang='lat' dir='ltr'><strong>bellum</strong></span> <span class='ocrx_word' id='word_1_57' title='bbox 1044 830 1350 892; x_wconf 90' lang='lat' dir='ltr'><strong>provocant,</strong></span> <span class='ocrx_word' id='word_1_58' title='bbox 1374 837 1437 877; x_wconf 89' lang='lat' dir='ltr'><strong>ac</strong></span> <span class='ocrx_word' id='word_1_59' title='bbox 1463 821 1562 877; x_wconf 90' lang='lat' dir='ltr'><strong>sibi</strong></span> <span class='ocrx_word' id='word_1_60' title='bbox 1584 822 1707 878; x_wconf 89' lang='lat' dir='ltr'><strong>red-</strong></span> 
     </span>
    </p>
   </div>
   <div class='ocr_carea' id='block_1_9' title="bbox 121 909 1704 987">
    <p class='ocr_par' dir='ltr' id='par_1_9' title="bbox 121 909 1704 987">
     <span class='ocr_line' id='line_1_9' title="bbox 121 909 1704 987; baseline 0.003 -24"><span class='ocrx_word' id='word_1_61' title='bbox 121 909 249 964; x_wconf 87' lang='lat' dir='ltr'><strong>dunt</strong></span> <span class='ocrx_word' id='word_1_62' title='bbox 278 910 576 965; x_wconf 90' lang='lat' dir='ltr'><strong>inimicum.</strong></span> <span class='ocrx_word' id='word_1_63' title='bbox 607 912 672 965; x_wconf 87' lang='lat' dir='ltr'><strong>Et</strong></span> <span class='ocrx_word' id='word_1_64' title='bbox 696 912 923 978; x_wconf 73' lang='lat' dir='ltr'><strong>surrexi,</strong></span> <span class='ocrx_word' id='word_1_65' title='bbox 948 922 994 965; x_wconf 87' lang='lat' dir='ltr'><strong>et</strong></span> <span class='ocrx_word' id='word_1_66' title='bbox 1025 912 1269 983; x_wconf 80' lang='lat' dir='ltr'><strong>faciebam</strong></span> <span class='ocrx_word' id='word_1_67' title='bbox 1289 928 1441 981; x_wconf 84' lang='lat' dir='ltr'><strong><em>opera</em></strong></span> <span class='ocrx_word' id='word_1_68' title='bbox 1464 913 1614 987; x_wconf 78' lang='lat' dir='ltr'><strong>regis.</strong></span> <span class='ocrx_word' id='word_1_69' title='bbox 1646 912 1704 968; x_wconf 90' lang='lat' dir='ltr'><strong>Id</strong></span> 
     </span>
    </p>
   </div>
   <div class='ocr_carea' id='block_1_10' title="bbox 124 1001 1703 1070">
    <p class='ocr_par' dir='ltr' id='par_1_10' title="bbox 124 1001 1703 1070">
     <span class='ocr_line' id='line_1_10' title="bbox 124 1001 1703 1070; baseline 0.001 -14"><span class='ocrx_word' id='word_1_70' title='bbox 124 1010 219 1066; x_wconf 88' lang='lat' dir='ltr'><strong>est,</strong></span> <span class='ocrx_word' id='word_1_71' title='bbox 254 1001 649 1058; x_wconf 77' lang='lat' dir='ltr'><strong>Ministrabam.</strong></span> <span class='ocrx_word' id='word_1_72' title='bbox 681 1003 746 1057; x_wconf 85' lang='lat' dir='ltr'><strong>Et</strong></span> <span class='ocrx_word' id='word_1_73' title='bbox 770 1003 1062 1057; x_wconf 85' lang='lat' dir='ltr'><strong>admirabar</strong></span> <span class='ocrx_word' id='word_1_74' title='bbox 1088 1004 1363 1070; x_wconf 82' lang='lat' dir='ltr'><strong>visionem;</strong></span> <span class='ocrx_word' id='word_1_75' title='bbox 1388 1013 1434 1058; x_wconf 86' lang='lat' dir='ltr'><strong>et</strong></span> <span class='ocrx_word' id='word_1_76' title='bbox 1471 1021 1572 1058; x_wconf 86' lang='lat' dir='ltr'><strong>non</strong></span> <span class='ocrx_word' id='word_1_77' title='bbox 1595 1014 1703 1059; x_wconf 88' lang='lat' dir='ltr'><strong>erat</strong></span> 
     </span>
    </p>
   </div>
   <div class='ocr_carea' id='block_1_11' title="bbox 121 1093 1701 1165">
    <p class='ocr_par' dir='ltr' id='par_1_11' title="bbox 121 1093 1701 1165">
     <span class='ocr_line' id='line_1_11' title="bbox 121 1093 1701 1165; baseline 0.004 -20"><span class='ocrx_word' id='word_1_78' title='bbox 121 1093 202 1162; x_wconf 77' lang='lat' dir='ltr'><strong>qui</strong></span> <span class='ocrx_word' id='word_1_79' title='bbox 244 1093 570 1165; x_wconf 80' lang='lat' dir='ltr'><strong>intelligeret.</strong></span> <span class='ocrx_word' id='word_1_80' title='bbox 612 1094 841 1150; x_wconf 70' lang='lat' dir='ltr'><strong>Maxime</strong></span> <span class='ocrx_word' id='word_1_81' title='bbox 885 1094 935 1150; x_wconf 92' lang='lat' dir='ltr'><strong>id</strong></span> <span class='ocrx_word' id='word_1_82' title='bbox 978 1094 1132 1149; x_wconf 75' lang='lat' dir='ltr'><strong>affert</strong></span> <span class='ocrx_word' id='word_1_83' title='bbox 1173 1095 1432 1162; x_wconf 89' lang='lat' dir='ltr'><strong>dolorem,</strong></span> <span class='ocrx_word' id='word_1_84' title='bbox 1472 1110 1595 1151; x_wconf 91' lang='lat' dir='ltr'><strong>cum</strong></span> <span class='ocrx_word' id='word_1_85' title='bbox 1633 1111 1701 1152; x_wconf 90' lang='lat' dir='ltr'><strong>ne</strong></span> 
     </span>
    </p>
   </div>
   <div class='ocr_carea' id='block_1_12' title="bbox 122 1182 1699 1257">
    <p class='ocr_par' dir='ltr' id='par_1_12' title="bbox 122 1182 1699 1257">
     <span class='ocr_line' id='line_1_12' title="bbox 122 1182 1699 1257; baseline 0.003 -20"><span class='ocrx_word' id='word_1_86' title='bbox 122 1182 324 1250; x_wconf 84' lang='lat' dir='ltr'><strong>quidem</strong></span> <span class='ocrx_word' id='word_1_87' title='bbox 352 1183 481 1239; x_wconf 90' lang='lat' dir='ltr'><strong>licet</strong></span> <span class='ocrx_word' id='word_1_88' title='bbox 524 1198 613 1240; x_wconf 86' lang='lat' dir='ltr'><strong>res</strong></span> <span class='ocrx_word' id='word_1_89' title='bbox 657 1186 835 1240; x_wconf 90' lang='lat' dir='ltr'><strong>tristes</strong></span> <span class='ocrx_word' id='word_1_90' title='bbox 873 1184 1062 1239; x_wconf 85' lang='lat' dir='ltr'><strong>ell&#39;erre</strong></span> <span class='ocrx_word' id='word_1_91' title='bbox 1094 1186 1144 1239; x_wconf 91' lang='lat' dir='ltr'><strong>in</strong></span> <span class='ocrx_word' id='word_1_92' title='bbox 1168 1185 1403 1257; x_wconf 88' lang='lat' dir='ltr'><strong>aliquem</strong></span> <span class='ocrx_word' id='word_1_93' title='bbox 1434 1205 1446 1240; x_wconf 87' lang='lat'><strong>:</strong></span> <span class='ocrx_word' id='word_1_94' title='bbox 1479 1202 1546 1239; x_wconf 91' lang='lat' dir='ltr'><strong>an</strong></span> <span class='ocrx_word' id='word_1_95' title='bbox 1576 1187 1699 1255; x_wconf 85' lang='lat' dir='ltr'><strong>quia</strong></span> 
     </span>
    </p>
   </div>
   <div class='ocr_carea' id='block_1_13' title="bbox 125 1274 1699 1346">
    <p class='ocr_par' dir='ltr' id='par_1_13' title="bbox 125 1274 1699 1346">
     <span class='ocr_line' id='line_1_13' title="bbox 125 1274 1699 1346; baseline 0.004 -21"><span class='ocrx_word' id='word_1_96' title='bbox 125 1274 342 1342; x_wconf 88' lang='lat' dir='ltr'><strong>improbi</strong></span> <span class='ocrx_word' id='word_1_97' title='bbox 385 1286 565 1330; x_wconf 86' lang='lat' dir='ltr'><strong>erant.</strong></span> <span class='ocrx_word' id='word_1_98' title='bbox 602 1274 667 1328; x_wconf 86' lang='lat' dir='ltr'><strong>Et</strong></span> <span class='ocrx_word' id='word_1_99' title='bbox 711 1274 975 1344; x_wconf 77' lang='lat' dir='ltr'><strong>faciebam,</strong></span> <span class='ocrx_word' id='word_1_100' title='bbox 1005 1275 1194 1345; x_wconf 90' lang='lat' dir='ltr'><strong>inquit,</strong></span> <span class='ocrx_word' id='word_1_101' title='bbox 1227 1293 1378 1345; x_wconf 81' lang='lat' dir='ltr'><strong>Opera</strong></span> <span class='ocrx_word' id='word_1_102' title='bbox 1408 1278 1555 1346; x_wconf 84' lang='lat' dir='ltr'><strong>regis.</strong></span> <span class='ocrx_word' id='word_1_103' title='bbox 1588 1276 1699 1331; x_wconf 82' lang='lat' dir='ltr'><strong>Hoc</strong></span> 
     </span>
    </p>
   </div>
   <div class='ocr_carea' id='block_1_14' title="bbox 126 1362 1692 1436">
    <p class='ocr_par' dir='ltr' id='par_1_14' title="bbox 126 1362 1692 1436">
     <span class='ocr_line' id='line_1_14' title="bbox 126 1362 1692 1436; baseline 0.003 -19"><span class='ocrx_word' id='word_1_104' title='bbox 126 1374 215 1431; x_wconf 89' lang='lat' dir='ltr'><strong>cst,</strong></span> <span class='ocrx_word' id='word_1_105' title='bbox 239 1362 384 1419; x_wconf 81' lang='lat' dir='ltr'><strong>Nihil</strong></span> <span class='ocrx_word' id='word_1_106' title='bbox 419 1366 917 1435; x_wconf 72' lang='lat' dir='ltr'><strong>prmtertnittcham,</strong></span> <span class='ocrx_word' id='word_1_107' title='bbox 946 1365 1039 1420; x_wconf 89' lang='lat' dir='ltr'><strong>sed</strong></span> <span class='ocrx_word' id='word_1_108' title='bbox 1066 1365 1324 1436; x_wconf 86' lang='lat' dir='ltr'><strong>fungehar</strong></span> <span class='ocrx_word' id='word_1_109' title='bbox 1348 1366 1523 1421; x_wconf 84' lang='lat' dir='ltr'><strong>ofﬁcio</strong></span> <span class='ocrx_word' id='word_1_110' title='bbox 1553 1382 1692 1422; x_wconf 89' lang='lat' dir='ltr'><strong>meo.</strong></span> 
     </span>
    </p>
   </div>
   <div class='ocr_carea' id='block_1_15' title="bbox 729 1497 1083 1554">
    <p class='ocr_par' dir='ltr' id='par_1_15' title="bbox 729 1497 1083 1554">
     <span class='ocr_line' id='line_1_15' title="bbox 729 1497 1083 1554; baseline -0.006 -1"><span class='ocrx_word' id='word_1_111' title='bbox 729 1497 953 1554; x_wconf 76' lang='lat' dir='ltr'><strong>CAPUT</strong></span> <span class='ocrx_word' id='word_1_112' title='bbox 993 1497 1083 1553; x_wconf 80' lang='lat' dir='ltr'><strong>IX.</strong></span> 
     </span>
    </p>
   </div>
   <div class='ocr_carea' id='block_1_16' title="bbox 187 1620 1693 1707">
    <p class='ocr_par' dir='ltr' id='par_1_16' title="bbox 187 1620 1693 1707">
     <span class='ocr_line' id='line_1_16' title="bbox 187 1620 1693 1707; baseline 0.003 -16"><span class='ocrx_word' id='word_1_113' title='bbox 187 1639 232 1691; x_wconf 89' lang='lat' dir='ltr'><strong>l.</strong></span> <span class='ocrx_word' id='word_1_114' title='bbox 262 1656 283 1689; x_wconf 70' lang='lat' dir='ltr'><strong>c</strong></span> <span class='ocrx_word' id='word_1_115' title='bbox 316 1637 372 1690; x_wconf 88' lang='lat' dir='ltr'><strong>ln</strong></span> <span class='ocrx_word' id='word_1_116' title='bbox 420 1637 593 1707; x_wconf 90' lang='lat' dir='ltr'><strong>primo</strong></span> <span class='ocrx_word' id='word_1_117' title='bbox 625 1651 765 1690; x_wconf 89' lang='lat' dir='ltr'><strong>anno</strong></span> <span class='ocrx_word' id='word_1_118' title='bbox 801 1620 963 1703; x_wconf 76' lang='lat' dir='ltr'><strong>Darii,</strong></span> <span class='ocrx_word' id='word_1_119' title='bbox 994 1635 1089 1691; x_wconf 83' lang='lat' dir='ltr'><strong>ﬁlii</strong></span> <span class='ocrx_word' id='word_1_120' title='bbox 1128 1636 1369 1705; x_wconf 86' lang='lat' dir='ltr'><strong>Assueri,</strong></span> <span class='ocrx_word' id='word_1_121' title='bbox 1400 1637 1467 1694; x_wconf 92' lang='lat' dir='ltr'><strong>de</strong></span> <span class='ocrx_word' id='word_1_122' title='bbox 1492 1639 1693 1695; x_wconf 89' lang='lat' dir='ltr'><strong>semine</strong></span> 
     </span>
    </p>
   </div>
   <div class='ocr_carea' id='block_1_17' title="bbox 124 1726 1695 1802">
    <p class='ocr_par' dir='ltr' id='par_1_17' title="bbox 124 1726 1695 1802">
     <span class='ocr_line' id='line_1_17' title="bbox 124 1726 1695 1802; baseline 0 -19"><span class='ocrx_word' id='word_1_123' title='bbox 124 1729 383 1783; x_wconf 76' lang='lat' dir='ltr'><strong>Hetlorum</strong></span> <span class='ocrx_word' id='word_1_124' title='bbox 413 1726 513 1802; x_wconf 89' lang='lat' dir='ltr'><strong>(a),</strong></span> <span class='ocrx_word' id='word_1_125' title='bbox 543 1729 631 1798; x_wconf 92' lang='lat' dir='ltr'><strong>qui</strong></span> <span class='ocrx_word' id='word_1_126' title='bbox 674 1727 914 1799; x_wconf 81' lang='lat' dir='ltr'><strong>regnavit</strong></span> <span class='ocrx_word' id='word_1_127' title='bbox 956 1742 1117 1796; x_wconf 88' lang='lat' dir='ltr'><strong>snper</strong></span> <span class='ocrx_word' id='word_1_128' title='bbox 1159 1743 1377 1798; x_wconf 87' lang='lat' dir='ltr'><strong>regnum</strong></span> <span class='ocrx_word' id='word_1_129' title='bbox 1418 1728 1695 1784; x_wconf 56' lang='lat' dir='ltr'><strong>Chaldaeo-</strong></span> 
     </span>
    </p>
   </div>
   <div class='ocr_carea' id='block_1_18' title="bbox 125 1819 1692 1889">
    <p class='ocr_par' dir='ltr' id='par_1_18' title="bbox 125 1819 1692 1889">
     <span class='ocr_line' id='line_1_18' title="bbox 125 1819 1692 1889; baseline 0.001 -14"><span class='ocrx_word' id='word_1_130' title='bbox 125 1838 227 1875; x_wconf 84' lang='lat' dir='ltr'><strong>rum</strong></span> <span class='ocrx_word' id='word_1_131' title='bbox 247 1863 263 1888; x_wconf 89' lang='lat'><strong>,</strong></span> <span class='ocrx_word' id='word_1_132' title='bbox 289 1821 348 1873; x_wconf 76' lang='grc'><strong>2.</strong></span> <span class='ocrx_word' id='word_1_133' title='bbox 387 1822 439 1874; x_wconf 91' lang='lat' dir='ltr'><strong>in</strong></span> <span class='ocrx_word' id='word_1_134' title='bbox 469 1836 608 1874; x_wconf 91' lang='lat' dir='ltr'><strong>anno</strong></span> <span class='ocrx_word' id='word_1_135' title='bbox 633 1836 738 1874; x_wconf 92' lang='lat' dir='ltr'><strong>uno</strong></span> <span class='ocrx_word' id='word_1_136' title='bbox 762 1819 909 1889; x_wconf 81' lang='lat' dir='ltr'><strong>regni</strong></span> <span class='ocrx_word' id='word_1_137' title='bbox 935 1820 1052 1889; x_wconf 83' lang='lat' dir='ltr'><strong>ejus</strong></span> <span class='ocrx_word' id='word_1_138' title='bbox 1075 1861 1089 1884; x_wconf 94' lang='lat'><strong>,</strong></span> <span class='ocrx_word' id='word_1_139' title='bbox 1118 1834 1216 1889; x_wconf 88' lang='lat' dir='ltr'><strong>ego</strong></span> <span class='ocrx_word' id='word_1_140' title='bbox 1243 1819 1429 1875; x_wconf 85' lang='lat' dir='ltr'><strong>Daniel</strong></span> <span class='ocrx_word' id='word_1_141' title='bbox 1454 1819 1692 1876; x_wconf 85' lang='lat' dir='ltr'><strong>intellexi</strong></span> 
     </span>
    </p>
   </div>
   <div class='ocr_carea' id='block_1_19' title="bbox 124 1909 1692 1980">
    <p class='ocr_par' dir='ltr' id='par_1_19' title="bbox 124 1909 1692 1980">
     <span class='ocr_line' id='line_1_19' title="bbox 124 1909 1692 1980; baseline 0.001 -16"><span class='ocrx_word' id='word_1_142' title='bbox 124 1910 333 1965; x_wconf 86' lang='lat' dir='ltr'><strong>inlibris</strong></span> <span class='ocrx_word' id='word_1_143' title='bbox 363 1926 649 1965; x_wconf 88' lang='lat' dir='ltr'><strong>numerum</strong></span> <span class='ocrx_word' id='word_1_144' title='bbox 670 1926 927 1965; x_wconf 88' lang='lat' dir='ltr'><strong>annorum</strong></span> <span class='ocrx_word' id='word_1_145' title='bbox 952 1950 966 1975; x_wconf 90' lang='lat'><strong>,</strong></span> <span class='ocrx_word' id='word_1_146' title='bbox 995 1910 1061 1965; x_wconf 90' lang='lat' dir='ltr'><strong>de</strong></span> <span class='ocrx_word' id='word_1_147' title='bbox 1087 1926 1192 1980; x_wconf 91' lang='lat' dir='ltr'><strong>quo</strong></span> <span class='ocrx_word' id='word_1_148' title='bbox 1219 1909 1385 1966; x_wconf 83' lang='lat' dir='ltr'><strong>factus</strong></span> <span class='ocrx_word' id='word_1_149' title='bbox 1411 1920 1492 1966; x_wconf 89' lang='lat' dir='ltr'><strong>est</strong></span> <span class='ocrx_word' id='word_1_150' title='bbox 1516 1927 1692 1967; x_wconf 80' lang='lat' dir='ltr'><strong>sermo</strong></span> 
     </span>
    </p>
   </div>
   <div class='ocr_carea' id='block_1_20' title="bbox 122 2001 1691 2073">
    <p class='ocr_par' dir='ltr' id='par_1_20' title="bbox 122 2001 1691 2073">
     <span class='ocr_line' id='line_1_20' title="bbox 122 2001 1691 2073; baseline 0.001 -17"><span class='ocrx_word' id='word_1_151' title='bbox 122 2003 315 2056; x_wconf 80' lang='lat' dir='ltr'><strong>Domini</strong></span> <span class='ocrx_word' id='word_1_152' title='bbox 338 2003 407 2056; x_wconf 90' lang='lat' dir='ltr'><strong>ad</strong></span> <span class='ocrx_word' id='word_1_153' title='bbox 423 2002 703 2057; x_wconf 85' lang='lat' dir='ltr'><strong>Jcremiam</strong></span> <span class='ocrx_word' id='word_1_154' title='bbox 720 2001 1049 2071; x_wconf 86' lang='lat' dir='ltr'><strong>prephetam,</strong></span> <span class='ocrx_word' id='word_1_155' title='bbox 1070 2002 1121 2056; x_wconf 91' lang='lat' dir='ltr'><strong>in</strong></span> <span class='ocrx_word' id='word_1_156' title='bbox 1136 2002 1580 2073; x_wconf 85' lang='lat' dir='ltr'><strong>complementum</strong></span> <span class='ocrx_word' id='word_1_157' title='bbox 1596 2004 1691 2059; x_wconf 89' lang='lat' dir='ltr'><strong>dc-</strong></span> 
     </span>
    </p>
   </div>
   <div class='ocr_carea' id='block_1_21' title="bbox 120 2094 1685 2167">
    <p class='ocr_par' dir='ltr' id='par_1_21' title="bbox 120 2094 1685 2167">
     <span class='ocr_line' id='line_1_21' title="bbox 120 2094 1685 2167; baseline 0.002 -20"><span class='ocrx_word' id='word_1_158' title='bbox 120 2094 386 2149; x_wconf 85' lang='lat' dir='ltr'><strong>solationis</strong></span> <span class='ocrx_word' id='word_1_159' title='bbox 406 2094 752 2166; x_wconf 74' lang='lat' dir='ltr'><strong>Jerosolymm</strong></span> <span class='ocrx_word' id='word_1_160' title='bbox 779 2096 1103 2164; x_wconf 84' lang='lat' dir='ltr'><strong>septuaginta</strong></span> <span class='ocrx_word' id='word_1_161' title='bbox 1124 2095 1246 2149; x_wconf 83' lang='lat' dir='ltr'><strong>anni</strong></span> <span class='ocrx_word' id='word_1_162' title='bbox 1275 2095 1293 2167; x_wconf 95' lang='lat'>(</span> <span class='ocrx_word' id='word_1_163' title='bbox 1308 2096 1418 2150; x_wconf 87' lang='lat' dir='ltr'><strong>Jer.</strong></span> <span class='ocrx_word' id='word_1_164' title='bbox 1440 2096 1530 2152; x_wconf 73' lang='lat'><strong>25.</strong></span> <span class='ocrx_word' id='word_1_165' title='bbox 1554 2099 1608 2152; x_wconf 79' lang='lat' dir='ltr'><strong>il</strong></span> <span class='ocrx_word' id='word_1_166' title='bbox 1646 2098 1685 2167; x_wconf 94' lang='lat'><strong>).</strong></span> 
     </span>
    </p>
   </div>
   <div class='ocr_carea' id='block_1_22' title="bbox 118 2186 1688 2252">
    <p class='ocr_par' dir='ltr' id='par_1_22' title="bbox 118 2186 1688 2252">
     <span class='ocr_line' id='line_1_22' title="bbox 118 2186 1688 2252; baseline 0.003 -13"><span class='ocrx_word' id='word_1_167' title='bbox 118 2186 167 2239; x_wconf 76' lang='lat'><strong>3.</strong></span> <span class='ocrx_word' id='word_1_168' title='bbox 198 2186 258 2239; x_wconf 85' lang='lat' dir='ltr'><strong>Et</strong></span> <span class='ocrx_word' id='word_1_169' title='bbox 282 2186 411 2240; x_wconf 87' lang='lat' dir='ltr'><strong>dedi</strong></span> <span class='ocrx_word' id='word_1_170' title='bbox 441 2187 628 2241; x_wconf 83' lang='lat' dir='ltr'><strong>faciem</strong></span> <span class='ocrx_word' id='word_1_171' title='bbox 664 2202 835 2241; x_wconf 87' lang='lat' dir='ltr'><strong>nteam</strong></span> <span class='ocrx_word' id='word_1_172' title='bbox 875 2186 940 2240; x_wconf 91' lang='lat' dir='ltr'><strong>ad</strong></span> <span class='ocrx_word' id='word_1_173' title='bbox 976 2186 1256 2242; x_wconf 88' lang='lat' dir='ltr'><strong>Dominum</strong></span> <span class='ocrx_word' id='word_1_174' title='bbox 1289 2188 1472 2252; x_wconf 90' lang='lat' dir='ltr'><strong>Deum,</strong></span> <span class='ocrx_word' id='word_1_175' title='bbox 1502 2198 1558 2243; x_wconf 91' lang='lat' dir='ltr'><strong>ut</strong></span> <span class='ocrx_word' id='word_1_176' title='bbox 1586 2205 1688 2244; x_wconf 82' lang='lat' dir='ltr'><strong>ex-</strong></span> 
     </span>
    </p>
   </div>
   <div class='ocr_carea' id='block_1_23' title="bbox 119 2278 1691 2350">
    <p class='ocr_par' dir='ltr' id='par_1_23' title="bbox 119 2278 1691 2350">
     <span class='ocr_line' id='line_1_23' title="bbox 119 2278 1691 2350; baseline 0.005 -21"><span class='ocrx_word' id='word_1_177' title='bbox 119 2282 376 2345; x_wconf 87' lang='lat' dir='ltr'><strong>quirerem</strong></span> <span class='ocrx_word' id='word_1_178' title='bbox 408 2279 701 2333; x_wconf 90' lang='lat' dir='ltr'><strong>orationem</strong></span> <span class='ocrx_word' id='word_1_179' title='bbox 743 2286 797 2333; x_wconf 89' lang='lat' dir='ltr'><strong>et</strong></span> <span class='ocrx_word' id='word_1_180' title='bbox 839 2278 1268 2349; x_wconf 85' lang='lat' dir='ltr'><strong>deprecationem</strong></span> <span class='ocrx_word' id='word_1_181' title='bbox 1309 2280 1359 2333; x_wconf 90' lang='lat' dir='ltr'><strong>in</strong></span> <span class='ocrx_word' id='word_1_182' title='bbox 1395 2280 1611 2350; x_wconf 89' lang='lat' dir='ltr'><strong>jejuniis</strong></span> <span class='ocrx_word' id='word_1_183' title='bbox 1637 2291 1691 2338; x_wconf 89' lang='lat' dir='ltr'><strong>et</strong></span> 
     </span>
    </p>
   </div>
   <div class='ocr_carea' id='block_1_24' title="bbox 119 2367 1688 2426">
    <p class='ocr_par' dir='ltr' id='par_1_24' title="bbox 119 2367 1688 2426">
     <span class='ocr_line' id='line_1_24' title="bbox 119 2367 1688 2426; baseline 0.004 -6"><span class='ocrx_word' id='word_1_184' title='bbox 119 2383 261 2422; x_wconf 84' lang='lat' dir='ltr'><strong>sacco</strong></span> <span class='ocrx_word' id='word_1_185' title='bbox 306 2378 365 2422; x_wconf 87' lang='lat' dir='ltr'><strong>et</strong></span> <span class='ocrx_word' id='word_1_186' title='bbox 408 2369 607 2423; x_wconf 90' lang='lat' dir='ltr'><strong>cinere.</strong></span> <span class='ocrx_word' id='word_1_187' title='bbox 638 2385 657 2420; x_wconf 76' lang='grc' dir='ltr'><strong><em>ι</em></strong></span> <span class='ocrx_word' id='word_1_188' title='bbox 706 2367 807 2423; x_wconf 82' lang='lat' dir='ltr'><strong>iste</strong></span> <span class='ocrx_word' id='word_1_189' title='bbox 851 2378 932 2423; x_wconf 90' lang='lat' dir='ltr'><strong>est</strong></span> <span class='ocrx_word' id='word_1_190' title='bbox 979 2369 1165 2423; x_wconf 90' lang='lat' dir='ltr'><strong>Darius</strong></span> <span class='ocrx_word' id='word_1_191' title='bbox 1201 2369 1402 2424; x_wconf 84' lang='lat' dir='ltr'><strong>Medus.</strong></span> <span class='ocrx_word' id='word_1_192' title='bbox 1454 2370 1688 2426; x_wconf 87' lang='lat' dir='ltr'><strong>Primum</strong></span> 
     </span>
    </p>
   </div>
   <div class='ocr_carea' id='block_1_25' title="bbox 120 2461 1685 2532">
    <p class='ocr_par' dir='ltr' id='par_1_25' title="bbox 120 2461 1685 2532">
     <span class='ocr_line' id='line_1_25' title="bbox 120 2461 1685 2532; baseline 0.003 -19"><span class='ocrx_word' id='word_1_193' title='bbox 120 2470 282 2517; x_wconf 87' lang='lat' dir='ltr'><strong>autem</strong></span> <span class='ocrx_word' id='word_1_194' title='bbox 315 2478 519 2517; x_wconf 88' lang='lat' dir='ltr'><strong>annum</strong></span> <span class='ocrx_word' id='word_1_195' title='bbox 549 2477 653 2516; x_wconf 92' lang='lat' dir='ltr'><strong>non</strong></span> <span class='ocrx_word' id='word_1_196' title='bbox 692 2462 837 2531; x_wconf 90' lang='lat' dir='ltr'><strong>regni</strong></span> <span class='ocrx_word' id='word_1_197' title='bbox 882 2461 1045 2532; x_wconf 86' lang='lat' dir='ltr'><strong>ipsius</strong></span> <span class='ocrx_word' id='word_1_198' title='bbox 1082 2462 1155 2515; x_wconf 88' lang='lat' dir='ltr'><strong>ait</strong></span> <span class='ocrx_word' id='word_1_199' title='bbox 1186 2478 1198 2514; x_wconf 90' lang='lat'><strong>:</strong></span> <span class='ocrx_word' id='word_1_200' title='bbox 1228 2476 1331 2515; x_wconf 90' lang='lat' dir='ltr'><strong>non</strong></span> <span class='ocrx_word' id='word_1_201' title='bbox 1363 2462 1503 2516; x_wconf 89' lang='lat' dir='ltr'><strong>enim</strong></span> <span class='ocrx_word' id='word_1_202' title='bbox 1534 2462 1685 2529; x_wconf 82' lang='lat' dir='ltr'><strong>dixit,</strong></span> 
     </span>
    </p>
   </div>
   <div class='ocr_carea' id='block_1_26' title="bbox 119 2550 1686 2624">
    <p class='ocr_par' dir='ltr' id='par_1_26' title="bbox 119 2550 1686 2624">
     <span class='ocr_line' id='line_1_26' title="bbox 119 2550 1686 2624; baseline 0.001 -18"><span class='ocrx_word' id='word_1_203' title='bbox 119 2554 170 2607; x_wconf 88' lang='lat' dir='ltr'><strong>in</strong></span> <span class='ocrx_word' id='word_1_204' title='bbox 194 2554 365 2623; x_wconf 89' lang='lat' dir='ltr'><strong>primo</strong></span> <span class='ocrx_word' id='word_1_205' title='bbox 392 2553 539 2624; x_wconf 83' lang='lat' dir='ltr'><strong>regni</strong></span> <span class='ocrx_word' id='word_1_206' title='bbox 569 2552 700 2623; x_wconf 85' lang='lat' dir='ltr'><strong>ejus,</strong></span> <span class='ocrx_word' id='word_1_207' title='bbox 731 2551 844 2616; x_wconf 90' lang='lat' dir='ltr'><strong>sed,</strong></span> <span class='ocrx_word' id='word_1_208' title='bbox 873 2551 940 2605; x_wconf 79' lang='lat' dir='ltr'><strong>In</strong></span> <span class='ocrx_word' id='word_1_209' title='bbox 965 2552 1127 2622; x_wconf 84' lang='lat' dir='ltr'><strong>primo</strong></span> <span class='ocrx_word' id='word_1_210' title='bbox 1149 2568 1281 2606; x_wconf 88' lang='lat' dir='ltr'><strong>anno</strong></span> <span class='ocrx_word' id='word_1_211' title='bbox 1309 2550 1474 2620; x_wconf 87' lang='lat' dir='ltr'><strong>Darii,</strong></span> <span class='ocrx_word' id='word_1_212' title='bbox 1502 2554 1554 2606; x_wconf 87' lang='lat' dir='ltr'><strong>in</strong></span> <span class='ocrx_word' id='word_1_213' title='bbox 1587 2570 1686 2608; x_wconf 85' lang='lat' dir='ltr'><strong>uno</strong></span> 
     </span>
    </p>
   </div>
   <div class='ocr_carea' id='block_1_27' title="bbox 117 2644 1687 2717">
    <p class='ocr_par' dir='ltr' id='par_1_27' title="bbox 117 2644 1687 2717">
     <span class='ocr_line' id='line_1_27' title="bbox 117 2644 1687 2717; baseline 0.002 -19"><span class='ocrx_word' id='word_1_214' title='bbox 117 2663 238 2700; x_wconf 76' lang='lat' dir='ltr'><strong>anno</strong></span> <span class='ocrx_word' id='word_1_215' title='bbox 252 2646 397 2716; x_wconf 81' lang='lat' dir='ltr'><strong>regni</strong></span> <span class='ocrx_word' id='word_1_216' title='bbox 417 2647 526 2717; x_wconf 78' lang='lat' dir='ltr'><strong>ejus</strong></span> <span class='ocrx_word' id='word_1_217' title='bbox 548 2660 568 2699; x_wconf 90' lang='lat'><strong><em>:</em></strong></span> <span class='ocrx_word' id='word_1_218' title='bbox 585 2645 651 2698; x_wconf 86' lang='lat' dir='ltr'><strong>ita</strong></span> <span class='ocrx_word' id='word_1_219' title='bbox 678 2654 735 2699; x_wconf 92' lang='lat' dir='ltr'><strong>ut</strong></span> <span class='ocrx_word' id='word_1_220' title='bbox 759 2653 811 2699; x_wconf 92' lang='lat' dir='ltr'><strong>et</strong></span> <span class='ocrx_word' id='word_1_221' title='bbox 835 2644 935 2699; x_wconf 90' lang='lat' dir='ltr'><strong>dici</strong></span> <span class='ocrx_word' id='word_1_222' title='bbox 965 2645 1129 2714; x_wconf 85' lang='lat' dir='ltr'><strong>possit</strong></span> <span class='ocrx_word' id='word_1_223' title='bbox 1152 2644 1350 2713; x_wconf 90' lang='lat' dir='ltr'><strong>primus</strong></span> <span class='ocrx_word' id='word_1_224' title='bbox 1370 2661 1561 2713; x_wconf 85' lang='lat' dir='ltr'><strong>annus,</strong></span> <span class='ocrx_word' id='word_1_225' title='bbox 1583 2661 1687 2715; x_wconf 89' lang='lat' dir='ltr'><strong>quo</strong></span> 
     </span>
    </p>
   </div>
   <div class='ocr_carea' id='block_1_28' title="bbox 116 2734 1685 2805">
    <p class='ocr_par' dir='ltr' id='par_1_28' title="bbox 116 2734 1685 2805">
     <span class='ocr_line' id='line_1_28' title="bbox 116 2734 1685 2805; baseline 0.001 -16"><span class='ocrx_word' id='word_1_226' title='bbox 116 2737 317 2805; x_wconf 82' lang='lat' dir='ltr'><strong>quidem</strong></span> <span class='ocrx_word' id='word_1_227' title='bbox 344 2737 433 2791; x_wconf 91' lang='lat' dir='ltr'><strong>ille</strong></span> <span class='ocrx_word' id='word_1_228' title='bbox 460 2734 732 2804; x_wconf 87' lang='lat' dir='ltr'><strong>regnabat,</strong></span> <span class='ocrx_word' id='word_1_229' title='bbox 766 2744 887 2789; x_wconf 91' lang='lat' dir='ltr'><strong>tunc</strong></span> <span class='ocrx_word' id='word_1_230' title='bbox 915 2750 1040 2789; x_wconf 91' lang='lat' dir='ltr'><strong>vero</strong></span> <span class='ocrx_word' id='word_1_231' title='bbox 1067 2734 1205 2789; x_wconf 89' lang='lat' dir='ltr'><strong>forte</strong></span> <span class='ocrx_word' id='word_1_232' title='bbox 1230 2735 1533 2790; x_wconf 88' lang='lat' dir='ltr'><strong>occiderant</strong></span> <span class='ocrx_word' id='word_1_233' title='bbox 1561 2736 1685 2791; x_wconf 84' lang='lat' dir='ltr'><strong>Bal-</strong></span> 
     </span>
    </p>
   </div>
   <div class='ocr_carea' id='block_1_29' title="bbox 117 2824 1683 2897">
    <p class='ocr_par' dir='ltr' id='par_1_29' title="bbox 117 2824 1683 2897">
     <span class='ocr_line' id='line_1_29' title="bbox 117 2824 1683 2897; baseline 0.001 -17"><span class='ocrx_word' id='word_1_234' title='bbox 117 2839 353 2882; x_wconf 84' lang='lat' dir='ltr'><strong>tasaretn.</strong></span> <span class='ocrx_word' id='word_1_235' title='bbox 388 2826 498 2897; x_wconf 81' lang='lat' dir='ltr'><strong>Ego</strong></span> <span class='ocrx_word' id='word_1_236' title='bbox 534 2824 718 2879; x_wconf 82' lang='lat' dir='ltr'><strong>Daniel</strong></span> <span class='ocrx_word' id='word_1_237' title='bbox 745 2826 966 2879; x_wconf 74' lang='lat' dir='ltr'><strong>intellexi</strong></span> <span class='ocrx_word' id='word_1_238' title='bbox 992 2826 1043 2879; x_wconf 85' lang='lat' dir='ltr'><strong>in</strong></span> <span class='ocrx_word' id='word_1_239' title='bbox 1065 2826 1205 2880; x_wconf 80' lang='lat' dir='ltr'><strong>libris</strong></span> <span class='ocrx_word' id='word_1_240' title='bbox 1230 2843 1495 2880; x_wconf 84' lang='lat' dir='ltr'><strong>numerum</strong></span> <span class='ocrx_word' id='word_1_241' title='bbox 1518 2843 1683 2881; x_wconf 87' lang='lat' dir='ltr'><strong>anno-</strong></span> 
     </span>
    </p>
   </div>
   <div class='ocr_carea' id='block_1_30' title="bbox 114 2916 1684 2987">
    <p class='ocr_par' dir='ltr' id='par_1_30' title="bbox 114 2916 1684 2987">
     <span class='ocr_line' id='line_1_30' title="bbox 114 2916 1684 2987; baseline 0.002 -16"><span class='ocrx_word' id='word_1_242' title='bbox 114 2936 234 2972; x_wconf 82' lang='lat' dir='ltr'><strong>runt.</strong></span> <span class='ocrx_word' id='word_1_243' title='bbox 263 2918 318 2972; x_wconf 91' lang='lat' dir='ltr'><strong>ld</strong></span> <span class='ocrx_word' id='word_1_244' title='bbox 348 2928 464 2982; x_wconf 87' lang='lat' dir='ltr'><strong>est,</strong></span> <span class='ocrx_word' id='word_1_245' title='bbox 496 2917 780 2972; x_wconf 74' lang='lat' dir='ltr'><strong>Baltasaris</strong></span> <span class='ocrx_word' id='word_1_246' title='bbox 809 2916 1030 2972; x_wconf 76' lang='lat' dir='ltr'><strong>cat-dem.</strong></span> <span class='ocrx_word' id='word_1_247' title='bbox 1076 2917 1141 2971; x_wconf 86' lang='lat' dir='ltr'><strong>Et</strong></span> <span class='ocrx_word' id='word_1_248' title='bbox 1177 2917 1437 2987; x_wconf 81' lang='lat' dir='ltr'><strong>reputavi.</strong></span> <span class='ocrx_word' id='word_1_249' title='bbox 1467 2917 1599 2973; x_wconf 90' lang='lat' dir='ltr'><strong>Vide</strong></span> <span class='ocrx_word' id='word_1_250' title='bbox 1629 2927 1684 2974; x_wconf 92' lang='lat' dir='ltr'><strong>ut</strong></span> 
     </span>
    </p>
   </div>
   <div class='ocr_carea' id='block_1_31' title="bbox 115 3008 1684 3079">
    <p class='ocr_par' dir='ltr' id='par_1_31' title="bbox 115 3008 1684 3079">
     <span class='ocr_line' id='line_1_31' title="bbox 115 3008 1684 3079; baseline 0.003 -18"><span class='ocrx_word' id='word_1_251' title='bbox 115 3019 226 3065; x_wconf 83' lang='lat' dir='ltr'><strong>ante</strong></span> <span class='ocrx_word' id='word_1_252' title='bbox 261 3009 583 3079; x_wconf 64' lang='lat' dir='ltr'><strong>praeﬁnitum</strong></span> <span class='ocrx_word' id='word_1_253' title='bbox 611 3018 820 3078; x_wconf 91' lang='lat' dir='ltr'><strong>tempus</strong></span> <span class='ocrx_word' id='word_1_254' title='bbox 845 3024 949 3063; x_wconf 92' lang='lat' dir='ltr'><strong>non</strong></span> <span class='ocrx_word' id='word_1_255' title='bbox 977 3008 1169 3063; x_wconf 89' lang='lat' dir='ltr'><strong>audeat</strong></span> <span class='ocrx_word' id='word_1_256' title='bbox 1200 3008 1453 3064; x_wconf 87' lang='lat' dir='ltr'><strong>accedere</strong></span> <span class='ocrx_word' id='word_1_257' title='bbox 1481 3010 1545 3065; x_wconf 88' lang='lat' dir='ltr'><strong>ad</strong></span> <span class='ocrx_word' id='word_1_258' title='bbox 1574 3011 1684 3065; x_wconf 85' lang='lat' dir='ltr'><strong>Do-</strong></span> 
     </span>
    </p>
   </div>
   <div class='ocr_carea' id='block_1_32' title="bbox 116 3099 1684 3170">
    <p class='ocr_par' dir='ltr' id='par_1_32' title="bbox 116 3099 1684 3170">
     <span class='ocr_line' id='line_1_32' title="bbox 116 3099 1684 3170; baseline 0 -14"><span class='ocrx_word' id='word_1_259' title='bbox 116 3103 327 3157; x_wconf 79' lang='lat' dir='ltr'><strong>niinum.</strong></span> <span class='ocrx_word' id='word_1_260' title='bbox 358 3102 425 3155; x_wconf 77' lang='lat' dir='ltr'><strong>At</strong></span> <span class='ocrx_word' id='word_1_261' title='bbox 451 3110 556 3155; x_wconf 91' lang='lat' dir='ltr'><strong>tres</strong></span> <span class='ocrx_word' id='word_1_262' title='bbox 577 3100 789 3170; x_wconf 89' lang='lat' dir='ltr'><strong>quidem</strong></span> <span class='ocrx_word' id='word_1_263' title='bbox 818 3100 963 3169; x_wconf 91' lang='lat' dir='ltr'><strong>pueri</strong></span> <span class='ocrx_word' id='word_1_264' title='bbox 984 3099 1034 3154; x_wconf 88' lang='lat' dir='ltr'><strong>id</strong></span> <span class='ocrx_word' id='word_1_265' title='bbox 1051 3110 1211 3170; x_wconf 88' lang='lat' dir='ltr'><strong>agunt</strong></span> <span class='ocrx_word' id='word_1_266' title='bbox 1237 3101 1286 3153; x_wconf 91' lang='lat' dir='ltr'><strong>in</strong></span> <span class='ocrx_word' id='word_1_267' title='bbox 1311 3099 1558 3165; x_wconf 84' lang='lat' dir='ltr'><strong>fornace;</strong></span> <span class='ocrx_word' id='word_1_268' title='bbox 1586 3102 1684 3157; x_wconf 87' lang='lat' dir='ltr'><strong>iste</strong></span> 
     </span>
    </p>
   </div>
   <div class='ocr_carea' id='block_1_33' title="bbox 117 3189 1684 3261">
    <p class='ocr_par' dir='ltr' id='par_1_33' title="bbox 117 3189 1684 3261">
     <span class='ocr_line' id='line_1_33' title="bbox 117 3189 1684 3261; baseline 0.001 -16"><span class='ocrx_word' id='word_1_269' title='bbox 117 3209 233 3249; x_wconf 72' lang='lat' dir='ltr'><strong>vero</strong></span> <span class='ocrx_word' id='word_1_270' title='bbox 255 3194 305 3247; x_wconf 92' lang='lat' dir='ltr'><strong>in</strong></span> <span class='ocrx_word' id='word_1_271' title='bbox 336 3193 453 3247; x_wconf 88' lang='lat' dir='ltr'><strong>lacu</strong></span> <span class='ocrx_word' id='word_1_272' title='bbox 484 3207 588 3246; x_wconf 91' lang='lat' dir='ltr'><strong>non</strong></span> <span class='ocrx_word' id='word_1_273' title='bbox 615 3189 759 3245; x_wconf 85' lang='lat' dir='ltr'><strong>fecit.</strong></span> <span class='ocrx_word' id='word_1_274' title='bbox 801 3190 937 3259; x_wconf 86' lang='lat' dir='ltr'><strong>Quid</strong></span> <span class='ocrx_word' id='word_1_275' title='bbox 962 3190 1155 3261; x_wconf 80' lang='lat' dir='ltr'><strong>igitur?</strong></span> <span class='ocrx_word' id='word_1_276' title='bbox 1186 3190 1265 3246; x_wconf 79' lang='lat' dir='ltr'><strong>vel</strong></span> <span class='ocrx_word' id='word_1_277' title='bbox 1298 3190 1369 3244; x_wconf 89' lang='lat' dir='ltr'><strong>illi</strong></span> <span class='ocrx_word' id='word_1_278' title='bbox 1398 3190 1535 3245; x_wconf 90' lang='lat' dir='ltr'><strong>male</strong></span> <span class='ocrx_word' id='word_1_279' title='bbox 1555 3233 1568 3256; x_wconf 91' lang='lat'><strong>,</strong></span> <span class='ocrx_word' id='word_1_280' title='bbox 1596 3192 1684 3246; x_wconf 85' lang='lat' dir='ltr'><strong>vel</strong></span> 
     </span>
    </p>
   </div>
   <div class='ocr_carea' id='block_1_34' title="bbox 117 3283 1683 3354">
    <p class='ocr_par' dir='ltr' id='par_1_34' title="bbox 117 3283 1683 3354">
     <span class='ocr_line' id='line_1_34' title="bbox 117 3283 1683 3354; baseline 0 -15"><span class='ocrx_word' id='word_1_281' title='bbox 117 3286 226 3342; x_wconf 86' lang='lat' dir='ltr'><strong>hic?</strong></span> <span class='ocrx_word' id='word_1_282' title='bbox 248 3285 455 3341; x_wconf 85' lang='lat' dir='ltr'><strong>Neutri.</strong></span> <span class='ocrx_word' id='word_1_283' title='bbox 480 3284 562 3339; x_wconf 90' lang='lat' dir='ltr'><strong>Illi</strong></span> <span class='ocrx_word' id='word_1_284' title='bbox 582 3283 838 3354; x_wconf 91' lang='lat' dir='ltr'><strong>siquidem</strong></span> <span class='ocrx_word' id='word_1_285' title='bbox 861 3298 1095 3337; x_wconf 89' lang='lat' dir='ltr'><strong>amorem</strong></span> <span class='ocrx_word' id='word_1_286' title='bbox 1116 3300 1235 3353; x_wconf 84' lang='lat' dir='ltr'><strong>erga</strong></span> <span class='ocrx_word' id='word_1_287' title='bbox 1262 3284 1481 3354; x_wconf 88' lang='lat' dir='ltr'><strong>patriam</strong></span> <span class='ocrx_word' id='word_1_288' title='bbox 1504 3293 1683 3339; x_wconf 85' lang='lat' dir='ltr'><strong>osten-</strong></span> 
     </span>
    </p>
   </div>
   <div class='ocr_carea' id='block_1_35' title="bbox 117 3375 1683 3445">
    <p class='ocr_par' dir='ltr' id='par_1_35' title="bbox 117 3375 1683 3445">
     <span class='ocr_line' id='line_1_35' title="bbox 117 3375 1683 3445; baseline 0 -14"><span class='ocrx_word' id='word_1_289' title='bbox 117 3380 316 3444; x_wconf 83' lang='lat' dir='ltr'><strong>debant,</strong></span> <span class='ocrx_word' id='word_1_290' title='bbox 352 3377 440 3431; x_wconf 91' lang='lat' dir='ltr'><strong>hic</strong></span> <span class='ocrx_word' id='word_1_291' title='bbox 476 3391 603 3432; x_wconf 89' lang='lat' dir='ltr'><strong>vero</strong></span> <span class='ocrx_word' id='word_1_292' title='bbox 641 3376 1042 3445; x_wconf 83' lang='lat' dir='ltr'><strong>intelligentiam</strong></span> <span class='ocrx_word' id='word_1_293' title='bbox 1075 3376 1326 3444; x_wconf 91' lang='lat' dir='ltr'><strong>temporis</strong></span> <span class='ocrx_word' id='word_1_294' title='bbox 1355 3375 1492 3445; x_wconf 91' lang='lat' dir='ltr'><strong>quod</strong></span> <span class='ocrx_word' id='word_1_295' title='bbox 1522 3375 1683 3431; x_wconf 88' lang='lat' dir='ltr'><strong>adve-</strong></span> 
     </span>
    </p>
   </div>
   <div class='ocr_carea' id='block_1_36' title="bbox 118 3466 1679 3539">
    <p class='ocr_par' dir='ltr' id='par_1_36' title="bbox 118 3466 1679 3539">
     <span class='ocr_line' id='line_1_36' title="bbox 118 3466 1679 3539; baseline 0 -16"><span class='ocrx_word' id='word_1_296' title='bbox 118 3479 273 3524; x_wconf 86' lang='lat' dir='ltr'><strong>nerat.</strong></span> <span class='ocrx_word' id='word_1_297' title='bbox 324 3468 515 3524; x_wconf 86' lang='lat' dir='ltr'><strong>Nonne</strong></span> <span class='ocrx_word' id='word_1_298' title='bbox 542 3483 668 3539; x_wconf 92' lang='lat' dir='ltr'><strong>ergo</strong></span> <span class='ocrx_word' id='word_1_299' title='bbox 692 3468 1049 3537; x_wconf 86' lang='lat' dir='ltr'><strong>intelligenter</strong></span> <span class='ocrx_word' id='word_1_300' title='bbox 1073 3466 1278 3537; x_wconf 84' lang='lat' dir='ltr'><strong>legebat</strong></span> <span class='ocrx_word' id='word_1_301' title='bbox 1305 3468 1679 3537; x_wconf 88' lang='lat' dir='ltr'><strong>prophetarum</strong></span> 
     </span>
    </p>
   </div>
   <div class='ocr_carea' id='block_1_37' title="bbox 115 3559 1681 3630">
    <p class='ocr_par' dir='ltr' id='par_1_37' title="bbox 115 3559 1681 3630">
     <span class='ocr_line' id='line_1_37' title="bbox 115 3559 1681 3630; baseline 0 -15"><span class='ocrx_word' id='word_1_302' title='bbox 115 3562 351 3617; x_wconf 75' lang='lat' dir='ltr'><strong>oracula?</strong></span> <span class='ocrx_word' id='word_1_303' title='bbox 378 3561 635 3615; x_wconf 80' lang='lat' dir='ltr'><strong>Existimo</strong></span> <span class='ocrx_word' id='word_1_304' title='bbox 657 3568 833 3614; x_wconf 89' lang='lat' dir='ltr'><strong>autem</strong></span> <span class='ocrx_word' id='word_1_305' title='bbox 859 3560 1007 3613; x_wconf 90' lang='lat' dir='ltr'><strong>illum</strong></span> <span class='ocrx_word' id='word_1_306' title='bbox 1029 3575 1133 3613; x_wconf 92' lang='lat' dir='ltr'><strong>non</strong></span> <span class='ocrx_word' id='word_1_307' title='bbox 1156 3559 1223 3613; x_wconf 90' lang='lat' dir='ltr'><strong>ab</strong></span> <span class='ocrx_word' id='word_1_308' title='bbox 1251 3561 1379 3614; x_wconf 90' lang='lat' dir='ltr'><strong>urbe</strong></span> <span class='ocrx_word' id='word_1_309' title='bbox 1403 3570 1554 3630; x_wconf 87' lang='lat' dir='ltr'><strong>capta</strong></span> <span class='ocrx_word' id='word_1_310' title='bbox 1585 3578 1681 3615; x_wconf 88' lang='lat' dir='ltr'><strong>nu-</strong></span> 
     </span>
    </p>
   </div>
   <div class='ocr_carea' id='block_1_38' title="bbox 116 3647 1677 3719">
    <p class='ocr_par' dir='ltr' id='par_1_38' title="bbox 116 3647 1677 3719">
     <span class='ocr_line' id='line_1_38' title="bbox 116 3647 1677 3719; baseline 0 -14"><span class='ocrx_word' id='word_1_311' title='bbox 116 3668 328 3717; x_wconf 86' lang='lat' dir='ltr'><strong>merare,</strong></span> <span class='ocrx_word' id='word_1_312' title='bbox 351 3650 447 3707; x_wconf 90' lang='lat' dir='ltr'><strong>sed</strong></span> <span class='ocrx_word' id='word_1_313' title='bbox 481 3650 615 3705; x_wconf 90' lang='lat' dir='ltr'><strong>forte</strong></span> <span class='ocrx_word' id='word_1_314' title='bbox 641 3664 670 3703; x_wconf 91' lang='lat' dir='ltr'><strong>a</strong></span> <span class='ocrx_word' id='word_1_315' title='bbox 699 3649 1002 3719; x_wconf 86' lang='lat' dir='ltr'><strong>captivitate</strong></span> <span class='ocrx_word' id='word_1_316' title='bbox 1029 3647 1234 3703; x_wconf 84' lang='lat' dir='ltr'><strong>lsraelis</strong></span> <span class='ocrx_word' id='word_1_317' title='bbox 1261 3649 1352 3719; x_wconf 85' lang='lat' dir='ltr'><strong>(b).</strong></span> <span class='ocrx_word' id='word_1_318' title='bbox 1382 3649 1509 3705; x_wconf 86' lang='lat' dir='ltr'><strong>Jure</strong></span> <span class='ocrx_word' id='word_1_319' title='bbox 1534 3652 1677 3705; x_wconf 87' lang='lat' dir='ltr'><strong>enim</strong></span> 
     </span>
    </p>
   </div>
   <div class='ocr_carea' id='block_1_39' title="bbox 114 3740 1673 3812">
    <p class='ocr_par' dir='ltr' id='par_1_39' title="bbox 114 3740 1673 3812">
     <span class='ocr_line' id='line_1_39' title="bbox 114 3740 1673 3812; baseline 0 -15"><span class='ocrx_word' id='word_1_320' title='bbox 114 3745 479 3799; x_wconf 83' lang='lat' dir='ltr'><strong>desolationem</strong></span> <span class='ocrx_word' id='word_1_321' title='bbox 508 3743 628 3812; x_wconf 87' lang='lat' dir='ltr'><strong>quis</strong></span> <span class='ocrx_word' id='word_1_322' title='bbox 655 3742 918 3795; x_wconf 89' lang='lat' dir='ltr'><strong>vocaverit</strong></span> <span class='ocrx_word' id='word_1_323' title='bbox 958 3740 1303 3811; x_wconf 69' lang='lat' dir='ltr'><strong>Jerosolyma:</strong></span> <span class='ocrx_word' id='word_1_324' title='bbox 1332 3742 1489 3795; x_wconf 90' lang='lat' dir='ltr'><strong>etiam</strong></span> <span class='ocrx_word' id='word_1_325' title='bbox 1518 3744 1673 3798; x_wconf 89' lang='lat' dir='ltr'><strong>bella.</strong></span> 
     </span>
    </p>
   </div>
   <div class='ocr_carea' id='block_1_40' title="bbox 116 3830 1677 3903">
    <p class='ocr_par' dir='ltr' id='par_1_40' title="bbox 116 3830 1677 3903">
     <span class='ocr_line' id='line_1_40' title="bbox 116 3830 1677 3903; baseline 0.001 -16"><span class='ocrx_word' id='word_1_326' title='bbox 116 3835 233 3891; x_wconf 75' lang='lat' dir='ltr'><strong>Vide</strong></span> <span class='ocrx_word' id='word_1_327' title='bbox 271 3846 324 3890; x_wconf 91' lang='lat' dir='ltr'><strong>et</strong></span> <span class='ocrx_word' id='word_1_328' title='bbox 364 3848 646 3888; x_wconf 88' lang='lat' dir='ltr'><strong>numerum</strong></span> <span class='ocrx_word' id='word_1_329' title='bbox 672 3832 1020 3885; x_wconf 86' lang='lat' dir='ltr'><strong>sabbaticum.</strong></span> <span class='ocrx_word' id='word_1_330' title='bbox 1049 3830 1179 3884; x_wconf 85' lang='lat' dir='ltr'><strong>Nam</strong></span> <span class='ocrx_word' id='word_1_331' title='bbox 1223 3833 1358 3886; x_wconf 88' lang='lat' dir='ltr'><strong>sicut</strong></span> <span class='ocrx_word' id='word_1_332' title='bbox 1396 3833 1677 3903; x_wconf 90' lang='lat' dir='ltr'><strong>aliquando</strong></span> 
     </span>
    </p>
   </div>
   <div class='ocr_carea' id='block_1_41' title="bbox 114 3922 1676 3997">
    <p class='ocr_par' dir='ltr' id='par_1_41' title="bbox 114 3922 1676 3997">
     <span class='ocr_line' id='line_1_41' title="bbox 114 3922 1676 3997; baseline -0.002 -14"><span class='ocrx_word' id='word_1_333' title='bbox 114 3929 511 3997; x_wconf 81' lang='lat' dir='ltr'><strong>quadringentos</strong></span> <span class='ocrx_word' id='word_1_334' title='bbox 531 3934 585 3979; x_wconf 92' lang='lat' dir='ltr'><strong>et</strong></span> <span class='ocrx_word' id='word_1_335' title='bbox 607 3924 816 3994; x_wconf 76' lang='lat' dir='ltr'><strong>triginta</strong></span> <span class='ocrx_word' id='word_1_336' title='bbox 846 3938 1014 3976; x_wconf 89' lang='lat' dir='ltr'><strong>annos</strong></span> <span class='ocrx_word' id='word_1_337' title='bbox 1044 3922 1235 3992; x_wconf 74' lang='lat' dir='ltr'><strong>(Exod.</strong></span> <span class='ocrx_word' id='word_1_338' title='bbox 1262 3924 1347 3978; x_wconf 74' lang='lat'><strong>12.</strong></span> <span class='ocrx_word' id='word_1_339' title='bbox 1378 3924 1468 3995; x_wconf 70' lang='grc'><strong>40)</strong></span> <span class='ocrx_word' id='word_1_340' title='bbox 1498 3925 1549 3978; x_wconf 90' lang='lat' dir='ltr'><strong>in</strong></span> <span class='ocrx_word' id='word_1_341' title='bbox 1574 3925 1676 3980; x_wconf 90' lang='lat' dir='ltr'><strong>du-</strong></span> 
     </span>
    </p>
   </div>
   <div class='ocr_carea' id='block_1_42' title="bbox 113 4015 1675 4089">
    <p class='ocr_par' dir='ltr' id='par_1_42' title="bbox 113 4015 1675 4089">
     <span class='ocr_line' id='line_1_42' title="bbox 113 4015 1675 4089; baseline -0.003 -13"><span class='ocrx_word' id='word_1_342' title='bbox 113 4032 274 4076; x_wconf 87' lang='lat' dir='ltr'><strong>centos</strong></span> <span class='ocrx_word' id='word_1_343' title='bbox 295 4030 353 4075; x_wconf 89' lang='lat' dir='ltr'><strong>et</strong></span> <span class='ocrx_word' id='word_1_344' title='bbox 374 4017 676 4089; x_wconf 88' lang='lat' dir='ltr'><strong>quindecim</strong></span> <span class='ocrx_word' id='word_1_345' title='bbox 705 4015 944 4082; x_wconf 86' lang='lat' dir='ltr'><strong>mutavit,</strong></span> <span class='ocrx_word' id='word_1_346' title='bbox 974 4016 1043 4069; x_wconf 90' lang='lat' dir='ltr'><strong>ita</strong></span> <span class='ocrx_word' id='word_1_347' title='bbox 1089 4024 1213 4085; x_wconf 91' lang='lat' dir='ltr'><strong>puto</strong></span> <span class='ocrx_word' id='word_1_348' title='bbox 1241 4024 1293 4070; x_wconf 86' lang='lat' dir='ltr'><strong>et</strong></span> <span class='ocrx_word' id='word_1_349' title='bbox 1336 4032 1474 4070; x_wconf 91' lang='lat' dir='ltr'><strong>nunc</strong></span> <span class='ocrx_word' id='word_1_350' title='bbox 1507 4031 1675 4072; x_wconf 90' lang='lat' dir='ltr'><strong>annos</strong></span> 
     </span>
    </p>
   </div>
   <div class='ocr_carea' id='block_1_43' title="bbox 113 4105 1673 4182">
    <p class='ocr_par' dir='ltr' id='par_1_43' title="bbox 113 4105 1673 4182">
     <span class='ocr_line' id='line_1_43' title="bbox 113 4105 1673 4182; baseline -0.003 -16"><span class='ocrx_word' id='word_1_351' title='bbox 113 4114 372 4182; x_wconf 83' lang='lat' dir='ltr'><strong>pauciores</strong></span> <span class='ocrx_word' id='word_1_352' title='bbox 391 4125 533 4165; x_wconf 88' lang='lat' dir='ltr'><strong>esse.</strong></span> <span class='ocrx_word' id='word_1_353' title='bbox 559 4127 576 4159; x_wconf 75' lang='grc' dir='ltr'>ι</span> <span class='ocrx_word' id='word_1_354' title='bbox 601 4108 674 4162; x_wconf 88' lang='lat' dir='ltr'><strong>De</strong></span> <span class='ocrx_word' id='word_1_355' title='bbox 695 4121 801 4177; x_wconf 89' lang='lat' dir='ltr'><strong>quo</strong></span> <span class='ocrx_word' id='word_1_356' title='bbox 828 4106 993 4160; x_wconf 87' lang='lat' dir='ltr'><strong>factus</strong></span> <span class='ocrx_word' id='word_1_357' title='bbox 1009 4115 1107 4170; x_wconf 87' lang='lat' dir='ltr'><strong>est,</strong></span> <span class='ocrx_word' id='word_1_358' title='bbox 1123 4124 1142 4157; x_wconf 74' lang='grc' dir='ltr'><strong><em>ι</em></strong></span> <span class='ocrx_word' id='word_1_359' title='bbox 1165 4106 1350 4176; x_wconf 87' lang='lat' dir='ltr'><strong>inquit,</strong></span> <span class='ocrx_word' id='word_1_360' title='bbox 1376 4121 1581 4162; x_wconf 70' lang='lat' dir='ltr'><strong>«sermo</strong></span> <span class='ocrx_word' id='word_1_361' title='bbox 1607 4105 1673 4161; x_wconf 91' lang='lat' dir='ltr'><strong>ad</strong></span> 
     </span>
    </p>
   </div>
   <div class='ocr_carea' id='block_1_44' title="bbox 161 4299 1672 4370">
    <p class='ocr_par' dir='ltr' id='par_1_44' title="bbox 161 4299 1672 4370">
     <span class='ocr_line' id='line_1_44' title="bbox 161 4299 1672 4370; baseline -0.003 -13"><span class='ocrx_word' id='word_1_362' title='bbox 161 4309 227 4370; x_wconf 84' lang='grc' dir='ltr'><strong>(α)</strong></span> <span class='ocrx_word' id='word_1_363' title='bbox 259 4309 373 4366; x_wconf 82' lang='lat' dir='ltr'><strong>Quis</strong></span> <span class='ocrx_word' id='word_1_364' title='bbox 395 4300 920 4370; x_wconf 79' lang='lat' dir='ltr'><strong>assentiatur_.tosepho</strong></span> <span class='ocrx_word' id='word_1_365' title='bbox 936 4299 1441 4370; x_wconf 59' lang='lat' dir='ltr'><strong>Saligeroasserenti</strong></span> <span class='ocrx_word' id='word_1_366' title='bbox 1460 4314 1672 4370; x_wconf 78' lang='lat' dir='ltr'><strong>progna-</strong></span> 
     </span>
    </p>
   </div>
   <div class='ocr_carea' id='block_1_45' title="bbox 113 4362 1674 4430">
    <p class='ocr_par' dir='ltr' id='par_1_45' title="bbox 113 4362 1674 4430">
     <span class='ocr_line' id='line_1_45' title="bbox 113 4362 1674 4430; baseline -0.005 -10"><span class='ocrx_word' id='word_1_367' title='bbox 113 4362 353 4419; x_wconf 52' lang='lat' dir='ltr'><strong>tum&#39;uedo</strong></span> <span class='ocrx_word' id='word_1_368' title='bbox 375 4379 567 4430; x_wconf 86' lang='lat' dir='ltr'><strong>genere</strong></span> <span class='ocrx_word' id='word_1_369' title='bbox 598 4364 790 4430; x_wconf 58' lang='lat' dir='ltr'><strong>Medum</strong></span> <span class='ocrx_word' id='word_1_370' title='bbox 814 4362 930 4430; x_wconf 74' lang='lat' dir='ltr'><strong>esse</strong></span> <span class='ocrx_word' id='word_1_371' title='bbox 949 4375 1045 4410; x_wconf 92' lang='lat' dir='ltr'><strong>non</strong></span> <span class='ocrx_word' id='word_1_372' title='bbox 1069 4362 1319 4430; x_wconf 76' lang='lat' dir='ltr'><strong>potuisse?</strong></span> <span class='ocrx_word' id='word_1_373' title='bbox 1350 4362 1674 4430; x_wconf 66' lang='lat' dir='ltr'><strong>Murdqcbieus</strong></span> 
     </span>
    </p>
   </div>
   <div class='ocr_carea' id='block_1_46' title="bbox 114 4423 1669 4493">
    <p class='ocr_par' dir='ltr' id='par_1_46' title="bbox 114 4423 1669 4493">
     <span class='ocr_line' id='line_1_46' title="bbox 114 4423 1669 4493; baseline -0.004 -12"><span class='ocrx_word' id='word_1_374' title='bbox 114 4434 237 4493; x_wconf 74' lang='lat' dir='ltr'><strong>igitur</strong></span> <span class='ocrx_word' id='word_1_375' title='bbox 258 4445 355 4480; x_wconf 89' lang='lat' dir='ltr'><strong>non</strong></span> <span class='ocrx_word' id='word_1_376' title='bbox 366 4423 489 4493; x_wconf 62' lang='lat' dir='ltr'><strong>Erat</strong></span> <span class='ocrx_word' id='word_1_377' title='bbox 518 4426 733 4493; x_wconf 54' lang='lat' dir='ltr'><strong>audietis,</strong></span> <span class='ocrx_word' id='word_1_378' title='bbox 758 4425 870 4493; x_wconf 78' lang='lat' dir='ltr'><strong>quia</strong></span> <span class='ocrx_word' id='word_1_379' title='bbox 898 4423 970 4493; x_wconf 69' lang='lat' dir='ltr'><strong>de</strong></span> <span class='ocrx_word' id='word_1_380' title='bbox 980 4424 1191 4493; x_wconf 75' lang='lat' dir='ltr'><strong>semine</strong></span> <span class='ocrx_word' id='word_1_381' title='bbox 1206 4423 1477 4493; x_wconf 63' lang='grc' dir='ltr'><strong>δυόωσι-ηερ</strong></span> <span class='ocrx_word' id='word_1_382' title='bbox 1493 4424 1669 4493; x_wconf 47' lang='lat' dir='ltr'><strong>illam.</strong></span> 
     </span>
    </p>
   </div>
   <div class='ocr_carea' id='block_1_47' title="bbox 113 4484 1673 4552">
    <p class='ocr_par' dir='ltr' id='par_1_47' title="bbox 113 4484 1673 4552">
     <span class='ocr_line' id='line_1_47' title="bbox 113 4484 1673 4552; baseline -0.004 -9"><span class='ocrx_word' id='word_1_383' title='bbox 113 4484 151 4551; x_wconf 66' lang='lat'><strong>6‘;</strong></span> <span class='ocrx_word' id='word_1_384' title='bbox 171 4496 238 4543; x_wconf 73' lang='grc' dir='ltr'><strong>ιδ.</strong></span> <span class='ocrx_word' id='word_1_385' title='bbox 258 4492 378 4552; x_wconf 74' lang='lat' dir='ltr'><strong>quid</strong></span> <span class='ocrx_word' id='word_1_386' title='bbox 404 4488 533 4552; x_wconf 89' lang='lat' dir='ltr'><strong>quod</strong></span> <span class='ocrx_word' id='word_1_387' title='bbox 569 4487 735 4552; x_wconf 82' lang='lat' dir='ltr'><strong>Darius</strong></span> <span class='ocrx_word' id='word_1_388' title='bbox 755 4484 849 4534; x_wconf 75' lang='lat' dir='ltr'><strong>iste</strong></span> <span class='ocrx_word' id='word_1_389' title='bbox 880 4484 1253 4552; x_wconf 76' lang='lat' dir='ltr'><strong>d_icitttr_Medus</strong></span> <span class='ocrx_word' id='word_1_390' title='bbox 1290 4492 1399 4534; x_wconf 90' lang='lat' dir='ltr'><strong>Dan.</strong></span> <span class='ocrx_word' id='word_1_391' title='bbox 1425 4486 1577 4552; x_wconf 64' lang='lat'><strong>5.31,</strong></span> <span class='ocrx_word' id='word_1_392' title='bbox 1617 4495 1673 4552; x_wconf 74' lang='lat' dir='ltr'><strong>et</strong></span> 
     </span>
    </p>
   </div>
   <div class='ocr_carea' id='block_1_48' title="bbox 116 4546 1669 4611">
    <p class='ocr_par' dir='ltr' id='par_1_48' title="bbox 116 4546 1669 4611">
     <span class='ocr_line' id='line_1_48' title="bbox 116 4546 1669 4611; baseline -0.003 -10"><span class='ocrx_word' id='word_1_393' title='bbox 116 4546 175 4610; x_wconf 79' lang='lat' dir='ltr'><strong>lt,</strong></span> <span class='ocrx_word' id='word_1_394' title='bbox 200 4557 254 4605; x_wconf 81' lang='lat' dir='ltr'><strong>t?</strong></span> <span class='ocrx_word' id='word_1_395' title='bbox 274 4546 446 4605; x_wconf 55' lang='lat' dir='ltr'><strong>&#39;Certé</strong></span> <span class='ocrx_word' id='word_1_396' title='bbox 477 4562 576 4611; x_wconf 89' lang='lat' dir='ltr'><strong>non</strong></span> <span class='ocrx_word' id='word_1_397' title='bbox 605 4548 757 4609; x_wconf 86' lang='lat' dir='ltr'><strong>majus</strong></span> <span class='ocrx_word' id='word_1_398' title='bbox 797 4546 980 4611; x_wconf 83' lang='lat' dir='ltr'><strong>pondus</strong></span> <span class='ocrx_word' id='word_1_399' title='bbox 1003 4546 1186 4611; x_wconf 80' lang='lat' dir='ltr'><strong>habent</strong></span> <span class='ocrx_word' id='word_1_400' title='bbox 1214 4552 1408 4611; x_wconf 57' lang='lat' dir='ltr'><strong>cetera:</strong></span> <span class='ocrx_word' id='word_1_401' title='bbox 1435 4549 1669 4611; x_wconf 69' lang='lat' dir='ltr'><strong>scaliger!</strong></span> 
     </span>
    </p>
   </div>
   <div class='ocr_carea' id='block_1_49' title="bbox 115 4606 1671 4676">
    <p class='ocr_par' dir='ltr' id='par_1_49' title="bbox 115 4606 1671 4676">
     <span class='ocr_line' id='line_1_49' title="bbox 115 4606 1671 4676; baseline -0.004 -10"><span class='ocrx_word' id='word_1_402' title='bbox 115 4606 417 4676; x_wconf 77' lang='lat' dir='ltr'><strong>probationes,</strong></span> <span class='ocrx_word' id='word_1_403' title='bbox 443 4612 523 4676; x_wconf 85' lang='lat' dir='ltr'><strong>qui</strong></span> <span class='ocrx_word' id='word_1_404' title='bbox 548 4610 662 4676; x_wconf 78' lang='lat' dir='ltr'><strong>dum</strong></span> <span class='ocrx_word' id='word_1_405' title='bbox 680 4606 975 4676; x_wconf 76' lang='lat' dir='ltr'><strong>sententiam</strong></span> <span class='ocrx_word' id='word_1_406' title='bbox 993 4618 1130 4676; x_wconf 83' lang='lat' dir='ltr'><strong>suam</strong></span> <span class='ocrx_word' id='word_1_407' title='bbox 1151 4606 1215 4655; x_wconf 88' lang='lat' dir='ltr'><strong>de</strong></span> <span class='ocrx_word' id='word_1_408' title='bbox 1232 4608 1512 4676; x_wconf 77' lang='lat' dir='ltr'><strong>_t\&#39;abonnido</strong></span> <span class='ocrx_word' id='word_1_409' title='bbox 1527 4606 1671 4660; x_wconf 72' lang='lat' dir='ltr'><strong>nobis</strong></span> 
     </span>
    </p>
   </div>
   <div class='ocr_carea' id='block_1_50' title="bbox 112 4668 1604 4739">
    <p class='ocr_par' dir='ltr' id='par_1_50' title="bbox 112 4668 1604 4739">
     <span class='ocr_line' id='line_1_50' title="bbox 112 4668 1604 4739; baseline -0.007 -11"><span class='ocrx_word' id='word_1_410' title='bbox 112 4668 475 4739; x_wconf 57' lang='lat' dir='ltr'><strong>pet-sumieat,&#39;id</strong></span> <span class='ocrx_word' id='word_1_411' title='bbox 491 4672 668 4739; x_wconf 68' lang='lat' dir='ltr'><strong>quibus</strong></span> <span class='ocrx_word' id='word_1_412' title='bbox 686 4668 841 4739; x_wconf 76' lang='lat' dir='ltr'><strong>modis</strong></span> <span class='ocrx_word' id='word_1_413' title='bbox 858 4672 1160 4739; x_wconf 76' lang='lat' dir='ltr'><strong>assequatur,</strong></span> <span class='ocrx_word' id='word_1_414' title='bbox 1178 4668 1425 4739; x_wconf 65' lang='lat' dir='ltr'><strong>minimpm</strong></span> <span class='ocrx_word' id='word_1_415' title='bbox 1451 4676 1604 4739; x_wconf 62' lang='lat' dir='ltr'><strong>ettrat.</strong></span> 
     </span>
    </p>
   </div>
   <div class='ocr_carea' id='block_1_51' title="bbox 158 4728 1669 4802">
    <p class='ocr_par' dir='ltr' id='par_1_51' title="bbox 158 4728 1669 4802">
     <span class='ocr_line' id='line_1_51' title="bbox 158 4728 1669 4802; baseline -0.006 -13"><span class='ocrx_word' id='word_1_416' title='bbox 158 4741 218 4802; x_wconf 79' lang='grc' dir='ltr'><strong>(ὸ)</strong></span> <span class='ocrx_word' id='word_1_417' title='bbox 253 4728 820 4802; x_wconf 55' lang='lat' dir='ltr'><strong>captivitatemjsraelis</strong></span> <span class='ocrx_word' id='word_1_418' title='bbox 856 4728 1170 4802; x_wconf 68' lang='lat' dir='ltr'><strong>interpretor,</strong></span> <span class='ocrx_word' id='word_1_419' title='bbox 1188 4741 1309 4802; x_wconf 48' lang='lat' dir='ltr'><strong>non.</strong></span> <span class='ocrx_word' id='word_1_420' title='bbox 1340 4728 1669 4802; x_wconf 77' lang='lat' dir='ltr'><strong>Israelitarum</strong></span> 
     </span>
    </p>
   </div>
   <div class='ocr_carea' id='block_1_52' title="bbox 110 4789 1669 4850">
    <p class='ocr_par' dir='ltr' id='par_1_52' title="bbox 110 4789 1669 4850">
     <span class='ocr_line' id='line_1_52' title="bbox 110 4789 1669 4850; baseline -0.004 -3"><span class='ocrx_word' id='word_1_421' title='bbox 110 4789 477 4850; x_wconf 66' lang='lat' dir='ltr'><strong>denti-tationem</strong></span> <span class='ocrx_word' id='word_1_422' title='bbox 500 4809 528 4842; x_wconf 85' lang='lat' dir='ltr'><strong>a</strong></span> <span class='ocrx_word' id='word_1_423' title='bbox 550 4791 875 4842; x_wconf 82' lang='lat' dir='ltr'><strong>Salmanasare</strong></span> <span class='ocrx_word' id='word_1_424' title='bbox 899 4789 1088 4847; x_wconf 84' lang='lat' dir='ltr'><strong>factam,</strong></span> <span class='ocrx_word' id='word_1_425' title='bbox 1113 4789 1201 4838; x_wconf 88' lang='lat' dir='ltr'><strong>sed</strong></span> <span class='ocrx_word' id='word_1_426' title='bbox 1223 4789 1495 4839; x_wconf 75' lang='lat' dir='ltr'><strong>Judzeot‘um</strong></span> <span class='ocrx_word' id='word_1_427' title='bbox 1514 4798 1669 4841; x_wconf 87' lang='lat' dir='ltr'><strong>trans-</strong></span> 
     </span>
    </p>
   </div>
   <div class='ocr_carea' id='block_1_53' title="bbox 108 4852 1666 4912">
    <p class='ocr_par' dir='ltr' id='par_1_53' title="bbox 108 4852 1666 4912">
     <span class='ocr_line' id='line_1_53' title="bbox 108 4852 1666 4912; baseline -0.006 -3"><span class='ocrx_word' id='word_1_428' title='bbox 108 4852 317 4912; x_wconf 73' lang='lat' dir='ltr'><strong>lationem</strong></span> <span class='ocrx_word' id='word_1_429' title='bbox 354 4859 449 4907; x_wconf 89' lang='lat' dir='ltr'><strong>sub</strong></span> <span class='ocrx_word' id='word_1_430' title='bbox 478 4852 937 4904; x_wconf 73' lang='lat' dir='ltr'><strong>Nabuchodonosoro</strong></span> <span class='ocrx_word' id='word_1_431' title='bbox 979 4852 1195 4912; x_wconf 85' lang='lat' dir='ltr'><strong>primam.</strong></span> <span class='ocrx_word' id='word_1_432' title='bbox 1239 4856 1385 4912; x_wconf 73' lang='lat' dir='ltr'><strong>[tecte</strong></span> <span class='ocrx_word' id='word_1_433' title='bbox 1414 4852 1563 4912; x_wconf 83' lang='lat' dir='ltr'><strong>igitur</strong></span> <span class='ocrx_word' id='word_1_434' title='bbox 1583 4865 1666 4901; x_wconf 83' lang='lat' dir='ltr'><strong>se-</strong></span> 
     </span>
    </p>
   </div>
   <div class='ocr_carea' id='block_1_54' title="bbox 106 4911 1664 4985">
    <p class='ocr_par' dir='ltr' id='par_1_54' title="bbox 106 4911 1664 4985">
     <span class='ocr_line' id='line_1_54' title="bbox 106 4911 1664 4985; baseline -0.007 -13"><span class='ocrx_word' id='word_1_435' title='bbox 106 4928 334 4985; x_wconf 82' lang='lat' dir='ltr'><strong>ptuaginta</strong></span> <span class='ocrx_word' id='word_1_436' title='bbox 355 4918 608 4985; x_wconf 76' lang='lat' dir='ltr'><strong>servitutis</strong></span> <span class='ocrx_word' id='word_1_437' title='bbox 628 4926 778 4985; x_wconf 86' lang='lat' dir='ltr'><strong>annos</strong></span> <span class='ocrx_word' id='word_1_438' title='bbox 798 4913 943 4985; x_wconf 81' lang='lat' dir='ltr'><strong>ordiri</strong></span> <span class='ocrx_word' id='word_1_439' title='bbox 969 4911 1159 4960; x_wconf 77' lang='lat' dir='ltr'><strong>videtur</strong></span> <span class='ocrx_word' id='word_1_440' title='bbox 1180 4912 1241 4985; x_wconf 81' lang='lat' dir='ltr'><strong>ab</strong></span> <span class='ocrx_word' id='word_1_441' title='bbox 1258 4911 1391 4985; x_wconf 77' lang='lat' dir='ltr'><strong>initio</strong></span> <span class='ocrx_word' id='word_1_442' title='bbox 1408 4911 1664 4985; x_wconf 75' lang='lat' dir='ltr'><strong>bellorum,</strong></span> 
     </span>
    </p>
   </div>
   <div class='ocr_carea' id='block_1_55' title="bbox 106 4973 1666 5047">
    <p class='ocr_par' dir='ltr' id='par_1_55' title="bbox 106 4973 1666 5047">
     <span class='ocr_line' id='line_1_55' title="bbox 106 4973 1666 5047; baseline -0.006 -14"><span class='ocrx_word' id='word_1_443' title='bbox 106 4973 145 5032; x_wconf 68' lang='lat' dir='ltr'><strong>et</strong></span> <span class='ocrx_word' id='word_1_444' title='bbox 174 4973 385 5047; x_wconf 51' lang='lat' dir='ltr'><strong>{prima</strong></span> <span class='ocrx_word' id='word_1_445' title='bbox 403 4979 700 5047; x_wconf 79' lang='lat' dir='ltr'><strong>captivitate,</strong></span> <span class='ocrx_word' id='word_1_446' title='bbox 717 4986 813 5047; x_wconf 49' lang='lat' dir='ltr'><strong>‘seu</strong></span> <span class='ocrx_word' id='word_1_447' title='bbox 835 4976 896 5047; x_wconf 62' lang='lat' dir='ltr'><strong>at)</strong></span> <span class='ocrx_word' id='word_1_448' title='bbox 918 4979 1234 5047; x_wconf 45' lang='lat' dir='ltr'><strong>anno&#39;quafto</strong></span> <span class='ocrx_word' id='word_1_449' title='bbox 1255 4973 1476 5047; x_wconf 37' lang='lat' dir='ltr'><strong>Joacimi.‘</strong></span> <span class='ocrx_word' id='word_1_450' title='bbox 1502 4974 1666 5047; x_wconf 68' lang='lat' dir='ltr'><strong>Atque</strong></span> 
     </span>
    </p>
   </div>
   <div class='ocr_carea' id='block_1_56' title="bbox 106 5031 1663 5102">
    <p class='ocr_par' dir='ltr' id='par_1_56' title="bbox 106 5031 1663 5102">
     <span class='ocr_line' id='line_1_56' title="bbox 106 5031 1663 5102; baseline -0.006 -11"><span class='ocrx_word' id='word_1_451' title='bbox 106 5031 151 5094; x_wconf 71' lang='lat' dir='ltr'><strong>ita</strong></span> <span class='ocrx_word' id='word_1_452' title='bbox 174 5031 379 5094; x_wconf 70' lang='lat' dir='ltr'><strong>censent</strong></span> <span class='ocrx_word' id='word_1_453' title='bbox 402 5031 484 5102; x_wconf 79' lang='lat' dir='ltr'><strong>qui</strong></span> <span class='ocrx_word' id='word_1_454' title='bbox 524 5040 651 5102; x_wconf 88' lang='lat' dir='ltr'><strong>inter</strong></span> <span class='ocrx_word' id='word_1_455' title='bbox 687 5031 1006 5102; x_wconf 71' lang='lat' dir='ltr'><strong>Chronologos</strong></span> <span class='ocrx_word' id='word_1_456' title='bbox 1049 5031 1271 5102; x_wconf 79' lang='lat' dir='ltr'><strong>familiam</strong></span> <span class='ocrx_word' id='word_1_457' title='bbox 1304 5033 1500 5102; x_wconf 81' lang='lat' dir='ltr'><strong>ducunt.</strong></span> <span class='ocrx_word' id='word_1_458' title='bbox 1535 5031 1663 5102; x_wconf 75' lang='lat' dir='ltr'><strong>Quod</strong></span> 
     </span>
    </p>
   </div>
   <div class='ocr_carea' id='block_1_57' title="bbox 103 5095 1664 5157">
    <p class='ocr_par' dir='ltr' id='par_1_57' title="bbox 103 5095 1664 5157">
     <span class='ocr_line' id='line_1_57' title="bbox 103 5095 1664 5157; baseline -0.005 -4"><span class='ocrx_word' id='word_1_459' title='bbox 103 5108 242 5154; x_wconf 84' lang='lat' dir='ltr'><strong>subdit</strong></span> <span class='ocrx_word' id='word_1_460' title='bbox 274 5106 345 5153; x_wconf 86' lang='lat' dir='ltr'><strong>de</strong></span> <span class='ocrx_word' id='word_1_461' title='bbox 384 5095 525 5151; x_wconf 78' lang='lat' dir='ltr'><strong>annis</strong></span> <span class='ocrx_word' id='word_1_462' title='bbox 559 5101 610 5147; x_wconf 89' lang='lat' dir='ltr'><strong>in</strong></span> <span class='ocrx_word' id='word_1_463' title='bbox 655 5098 907 5157; x_wconf 81' lang='lat' dir='ltr'><strong>pauciores</strong></span> <span class='ocrx_word' id='word_1_464' title='bbox 944 5095 1412 5157; x_wconf 33' lang='lat' dir='ltr'><strong>contractishmagis</strong></span> <span class='ocrx_word' id='word_1_465' title='bbox 1454 5098 1664 5146; x_wconf 88' lang='lat' dir='ltr'><strong>oratorie</strong></span> 
     </span>
    </p>
   </div>
   <div class='ocr_carea' id='block_1_58' title="bbox 104 5154 1665 5223">
    <p class='ocr_par' dir='ltr' id='par_1_58' title="bbox 104 5154 1665 5223">
     <span class='ocr_line' id='line_1_58' title="bbox 104 5154 1665 5223; baseline -0.005 -7"><span class='ocrx_word' id='word_1_466' title='bbox 104 5170 261 5217; x_wconf 66' lang='lat' dir='ltr'><strong>estimo</strong></span> <span class='ocrx_word' id='word_1_467' title='bbox 278 5166 482 5219; x_wconf 82' lang='lat' dir='ltr'><strong>dictum,</strong></span> <span class='ocrx_word' id='word_1_468' title='bbox 507 5154 825 5223; x_wconf 63' lang='lat' dir='ltr'><strong>quam&#39;vere;</strong></span> <span class='ocrx_word' id='word_1_469' title='bbox 849 5169 1003 5223; x_wconf 74' lang='lat' dir='ltr'><strong>quare</strong></span> <span class='ocrx_word' id='word_1_470' title='bbox 1032 5154 1437 5223; x_wconf 37' lang='lat' dir='ltr'><strong>verisimiliusiest</strong></span> <span class='ocrx_word' id='word_1_471' title='bbox 1464 5157 1592 5223; x_wconf 78' lang='lat' dir='ltr'><strong>quod</strong></span> <span class='ocrx_word' id='word_1_472' title='bbox 1615 5159 1665 5208; x_wconf 89' lang='lat' dir='ltr'><strong>in</strong></span> 
     </span>
    </p>
   </div>
   <div class='ocr_carea' id='block_1_59' title="bbox 101 5215 1663 5279">
    <p class='ocr_par' dir='ltr' id='par_1_59' title="bbox 101 5215 1663 5279">
     <span class='ocr_line' id='line_1_59' title="bbox 101 5215 1663 5279; baseline -0.006 -4"><span class='ocrx_word' id='word_1_473' title='bbox 101 5231 122 5275; x_wconf 76' lang='lat'><strong>3</strong></span> <span class='ocrx_word' id='word_1_474' title='bbox 136 5215 365 5278; x_wconf 77' lang='lat' dir='ltr'><strong>adversus</strong></span> <span class='ocrx_word' id='word_1_475' title='bbox 384 5215 592 5278; x_wconf 56' lang='lat' dir='ltr'><strong>Jnd&#39;aaos,</strong></span> <span class='ocrx_word' id='word_1_476' title='bbox 608 5224 661 5267; x_wconf 87' lang='lat' dir='ltr'><strong>et</strong></span> <span class='ocrx_word' id='word_1_477' title='bbox 677 5217 798 5266; x_wconf 82' lang='lat' dir='ltr'><strong>infra</strong></span> <span class='ocrx_word' id='word_1_478' title='bbox 811 5215 994 5277; x_wconf 77' lang='lat' dir='ltr'><strong>Scribit,</strong></span> <span class='ocrx_word' id='word_1_479' title='bbox 1006 5216 1231 5279; x_wconf 88' lang='lat' dir='ltr'><strong>quodque</strong></span> <span class='ocrx_word' id='word_1_480' title='bbox 1256 5215 1368 5264; x_wconf 88' lang='lat' dir='ltr'><strong>alibi</strong></span> <span class='ocrx_word' id='word_1_481' title='bbox 1386 5215 1663 5278; x_wconf 83' lang='lat' dir='ltr'><strong>scripserat,</strong></span> 
     </span>
    </p>
   </div>
   <div class='ocr_carea' id='block_1_60' title="bbox 101 5279 1664 5351">
    <p class='ocr_par' dir='ltr' id='par_1_60' title="bbox 101 5279 1664 5351">
     <span class='ocr_line' id='line_1_60' title="bbox 101 5279 1664 5351; baseline -0.003 -18"><span class='ocrx_word' id='word_1_482' title='bbox 101 5296 269 5351; x_wconf 73' lang='lat' dir='ltr'><strong>tempus</strong></span> <span class='ocrx_word' id='word_1_483' title='bbox 304 5288 460 5335; x_wconf 80' lang='lat' dir='ltr'><strong>fuisse</strong></span> <span class='ocrx_word' id='word_1_484' title='bbox 482 5280 775 5351; x_wconf 57' lang='lat' dir='ltr'><strong>etypplettun</strong></span> <span class='ocrx_word' id='word_1_485' title='bbox 798 5292 811 5327; x_wconf 90' lang='lat'><strong>:</strong></span> <span class='ocrx_word' id='word_1_486' title='bbox 855 5291 966 5349; x_wconf 62' lang='lat' dir='ltr'><strong>quae</strong></span> <span class='ocrx_word' id='word_1_487' title='bbox 990 5284 1069 5327; x_wconf 90' lang='lat' dir='ltr'><strong>est</strong></span> <span class='ocrx_word' id='word_1_488' title='bbox 1091 5279 1235 5351; x_wconf 88' lang='lat' dir='ltr'><strong>etiam</strong></span> <span class='ocrx_word' id='word_1_489' title='bbox 1259 5279 1420 5351; x_wconf 82' lang='lat' dir='ltr'><strong>opinio</strong></span> <span class='ocrx_word' id='word_1_490' title='bbox 1441 5280 1664 5351; x_wconf 71' lang='lat' dir='ltr'><strong>Origenis</strong></span> 
     </span>
    </p>
   </div>
   <div class='ocr_carea' id='block_1_61' title="bbox 102 5340 1661 5401">
    <p class='ocr_par' dir='ltr' id='par_1_61' title="bbox 102 5340 1661 5401">
     <span class='ocr_line' id='line_1_61' title="bbox 102 5340 1661 5401; baseline -0.004 -6"><span class='ocrx_word' id='word_1_491' title='bbox 102 5340 210 5398; x_wconf 77' lang='lat' dir='ltr'><strong>Itoni.</strong></span> <span class='ocrx_word' id='word_1_492' title='bbox 250 5352 282 5398; x_wconf 79' lang='grc'><strong>4</strong></span> <span class='ocrx_word' id='word_1_493' title='bbox 324 5351 374 5397; x_wconf 90' lang='lat' dir='ltr'><strong>in</strong></span> <span class='ocrx_word' id='word_1_494' title='bbox 412 5340 714 5394; x_wconf 84' lang='lat' dir='ltr'><strong>Ezechielem</strong></span> <span class='ocrx_word' id='word_1_495' title='bbox 738 5353 750 5388; x_wconf 92' lang='lat'><strong>:</strong></span> <span class='ocrx_word' id='word_1_496' title='bbox 776 5340 1012 5401; x_wconf 24' lang='lat' dir='ltr'><strong>quamvis»</strong></span> <span class='ocrx_word' id='word_1_497' title='bbox 1036 5350 1131 5386; x_wconf 90' lang='lat' dir='ltr'><strong>una</strong></span> <span class='ocrx_word' id='word_1_498' title='bbox 1163 5350 1281 5389; x_wconf 83' lang='lat' dir='ltr'><strong>vera</strong></span> <span class='ocrx_word' id='word_1_499' title='bbox 1316 5341 1558 5401; x_wconf 79' lang='lat' dir='ltr'><strong>sententia</strong></span> <span class='ocrx_word' id='word_1_500' title='bbox 1581 5342 1661 5399; x_wconf 87' lang='lat' dir='ltr'><strong>sit,</strong></span> 
     </span>
    </p>
   </div>
   <div class='ocr_carea' id='block_1_62' title="bbox 102 5398 1661 5472">
    <p class='ocr_par' dir='ltr' id='par_1_62' title="bbox 102 5398 1661 5472">
     <span class='ocr_line' id='line_1_62' title="bbox 102 5398 1661 5472; baseline -0.006 -15"><span class='ocrx_word' id='word_1_501' title='bbox 102 5414 202 5470; x_wconf 65' lang='lat' dir='ltr'><strong>quod</strong></span> <span class='ocrx_word' id='word_1_502' title='bbox 234 5408 549 5472; x_wconf 72' lang='lat' dir='ltr'><strong>septuaginta</strong></span> <span class='ocrx_word' id='word_1_503' title='bbox 589 5401 703 5450; x_wconf 85' lang='lat' dir='ltr'><strong>anni</strong></span> <span class='ocrx_word' id='word_1_504' title='bbox 734 5398 851 5449; x_wconf 82' lang='lat' dir='ltr'><strong>tunc</strong></span> <span class='ocrx_word' id='word_1_505' title='bbox 888 5398 1132 5472; x_wconf 52' lang='lat' dir='ltr'><strong>adfinem</strong></span> <span class='ocrx_word' id='word_1_506' title='bbox 1169 5399 1455 5472; x_wconf 71' lang='lat' dir='ltr'><strong>vergebant.</strong></span> <span class='ocrx_word' id='word_1_507' title='bbox 1493 5406 1661 5472; x_wconf 70' lang='lat' dir='ltr'><strong>locum</strong></span> 
     </span>
    </p>
   </div>
   <div class='ocr_carea' id='block_1_63' title="bbox 103 5458 1661 5528">
    <p class='ocr_par' dir='ltr' id='par_1_63' title="bbox 103 5458 1661 5528">
     <span class='ocr_line' id='line_1_63' title="bbox 103 5458 1661 5528; baseline -0.008 -12"><span class='ocrx_word' id='word_1_508' title='bbox 103 5458 219 5522; x_wconf 63' lang='lat' dir='ltr'><strong>Exodi</strong></span> <span class='ocrx_word' id='word_1_509' title='bbox 236 5458 324 5528; x_wconf 59' lang='lat' dir='ltr'><strong>li,</strong></span> <span class='ocrx_word' id='word_1_510' title='bbox 352 5458 443 5527; x_wconf 70' lang='grc' dir='ltr'><strong>ωῖ</strong></span> <span class='ocrx_word' id='word_1_511' title='bbox 458 5466 623 5520; x_wconf 80' lang='lat' dir='ltr'><strong>aliter,</strong></span> <span class='ocrx_word' id='word_1_512' title='bbox 647 5474 705 5510; x_wconf 84' lang='lat' dir='ltr'><strong>ac</strong></span> <span class='ocrx_word' id='word_1_513' title='bbox 725 5473 835 5510; x_wconf 88' lang='lat' dir='ltr'><strong>mea</strong></span> <span class='ocrx_word' id='word_1_514' title='bbox 860 5459 1057 5528; x_wconf 86' lang='lat' dir='ltr'><strong>quidem</strong></span> <span class='ocrx_word' id='word_1_515' title='bbox 1077 5458 1335 5528; x_wconf 66' lang='lat' dir='ltr'><strong>sententia</strong></span> <span class='ocrx_word' id='word_1_516' title='bbox 1362 5458 1508 5528; x_wconf 80' lang='lat' dir='ltr'><strong>longe</strong></span> <span class='ocrx_word' id='word_1_517' title='bbox 1530 5474 1661 5510; x_wconf 73' lang='lat' dir='ltr'><strong>cont.</strong></span> 
     </span>
    </p>
   </div>
   <div class='ocr_carea' id='block_1_64' title="bbox 103 5519 1660 5592">
    <p class='ocr_par' dir='ltr' id='par_1_64' title="bbox 103 5519 1660 5592">
     <span class='ocr_line' id='line_1_64' title="bbox 103 5519 1660 5592; baseline -0.014 -13"><span class='ocrx_word' id='word_1_518' title='bbox 103 5519 263 5581; x_wconf 52' lang='lat' dir='ltr'><strong>satis</strong></span> <span class='ocrx_word' id='word_1_519' title='bbox 284 5519 529 5592; x_wconf 76' lang='lat' dir='ltr'><strong>accepere</strong></span> <span class='ocrx_word' id='word_1_520' title='bbox 562 5519 678 5585; x_wconf 71' lang='lat' dir='ltr'><strong>uix,</strong></span> <span class='ocrx_word' id='word_1_521' title='bbox 702 5535 757 5573; x_wconf 84' lang='lat' dir='ltr'><strong>ac</strong></span> <span class='ocrx_word' id='word_1_522' title='bbox 781 5519 894 5584; x_wconf 67' lang='lat' dir='ltr'><strong>[rost</strong></span> <span class='ocrx_word' id='word_1_523' title='bbox 918 5532 1005 5571; x_wconf 88' lang='lat' dir='ltr'><strong>eos</strong></span> <span class='ocrx_word' id='word_1_524' title='bbox 1035 5519 1286 5585; x_wconf 77' lang='lat' dir='ltr'><strong>tosephus,</strong></span> <span class='ocrx_word' id='word_1_525' title='bbox 1308 5521 1556 5581; x_wconf 81' lang='lat' dir='ltr'><strong>Eusebius,</strong></span> <span class='ocrx_word' id='word_1_526' title='bbox 1581 5529 1660 5571; x_wconf 80' lang='lat' dir='ltr'><strong>Sc.</strong></span> 
     </span>
    </p>
   </div>
   <div class='ocr_carea' id='block_1_65' title="bbox 105 5592 583 5657">
    <p class='ocr_par' dir='ltr' id='par_1_65' title="bbox 105 5592 583 5657">
     <span class='ocr_line' id='line_1_65' title="bbox 105 5592 583 5657; baseline -0.013 -16"><span class='ocrx_word' id='word_1_527' title='bbox 105 5606 242 5657; x_wconf 69' lang='lat' dir='ltr'><strong>serus,</strong></span> <span class='ocrx_word' id='word_1_528' title='bbox 265 5592 583 5657; x_wconf 78' lang='lat' dir='ltr'><strong>Augustinus.</strong></span> 
     </span>
    </p>
   </div>
   <div class='ocr_carea' id='block_1_66' title="bbox 1528 163 1999 222">
    <p class='ocr_par' dir='ltr' id='par_1_66' title="bbox 1528 163 1999 222">
     <span class='ocr_line' id='line_1_66' title="bbox 1528 163 1999 222; baseline 0.013 -6"><span class='ocrx_word' id='word_1_529' title='bbox 1528 163 1592 218; x_wconf 88' lang='lat' dir='ltr'><strong>lN</strong></span> <span class='ocrx_word' id='word_1_530' title='bbox 1635 164 1999 222; x_wconf 76' lang='lat' dir='ltr'><strong>DANIELEM.</strong></span> 
     </span>
    </p>
   </div>
   <div class='ocr_carea' id='block_1_67' title="bbox 3277 178 3385 239">
    <p class='ocr_par' dir='ltr' id='par_1_67' title="bbox 3277 178 3385 239">
     <span class='ocr_line' id='line_1_67' title="bbox 3277 178 3385 239; baseline 0.074 -7"><span class='ocrx_word' id='word_1_531' title='bbox 3277 178 3385 239; x_wconf 74' lang='lat'><strong>9.58</strong></span> 
     </span>
    </p>
   </div>
   <div class='ocr_carea' id='block_1_68' title="bbox 1818 278 3398 353">
    <p class='ocr_par' dir='ltr' id='par_1_68' title="bbox 1818 278 3398 353">
     <span class='ocr_line' id='line_1_68' title="bbox 1818 278 3398 353; baseline 0.01 -20"><span class='ocrx_word' id='word_1_532' title='bbox 1818 278 2103 333; x_wconf 84' lang='lat' dir='ltr'><strong>Jeremiam</strong></span> <span class='ocrx_word' id='word_1_533' title='bbox 2130 280 2463 350; x_wconf 84' lang='lat' dir='ltr'><strong>prephetam,</strong></span> <span class='ocrx_word' id='word_1_534' title='bbox 2497 282 2548 336; x_wconf 90' lang='lat' dir='ltr'><strong>in</strong></span> <span class='ocrx_word' id='word_1_535' title='bbox 2576 284 3020 353; x_wconf 86' lang='lat' dir='ltr'><strong>complementum</strong></span> <span class='ocrx_word' id='word_1_536' title='bbox 3053 289 3398 349; x_wconf 85' lang='lat' dir='ltr'><strong>desolationis</strong></span> 
     </span>
    </p>
   </div>
   <div class='ocr_carea' id='block_1_69' title="bbox 1814 367 3395 441">
    <p class='ocr_par' dir='ltr' id='par_1_69' title="bbox 1814 367 3395 441">
     <span class='ocr_line' id='line_1_69' title="bbox 1814 367 3395 441; baseline 0.011 -18"><span class='ocrx_word' id='word_1_537' title='bbox 1814 367 2160 439; x_wconf 72' lang='lat' dir='ltr'><strong>Jerosolymre</strong></span> <span class='ocrx_word' id='word_1_538' title='bbox 2186 372 2519 441; x_wconf 86' lang='lat' dir='ltr'><strong>septuaginta</strong></span> <span class='ocrx_word' id='word_1_539' title='bbox 2546 374 2692 428; x_wconf 87' lang='lat' dir='ltr'><strong>anni.</strong></span> <span class='ocrx_word' id='word_1_540' title='bbox 2742 375 2809 429; x_wconf 86' lang='lat' dir='ltr'><strong>Et</strong></span> <span class='ocrx_word' id='word_1_541' title='bbox 2843 376 2963 431; x_wconf 88' lang='lat' dir='ltr'><strong>dedi</strong></span> <span class='ocrx_word' id='word_1_542' title='bbox 2996 378 3182 436; x_wconf 90' lang='lat' dir='ltr'><strong>faciem</strong></span> <span class='ocrx_word' id='word_1_543' title='bbox 3218 399 3395 441; x_wconf 86' lang='lat' dir='ltr'><strong>meam</strong></span> 
     </span>
    </p>
   </div>
   <div class='ocr_carea' id='block_1_70' title="bbox 1813 458 3392 532">
    <p class='ocr_par' dir='ltr' id='par_1_70' title="bbox 1813 458 3392 532">
     <span class='ocr_line' id='line_1_70' title="bbox 1813 458 3392 532; baseline 0.011 -20"><span class='ocrx_word' id='word_1_544' title='bbox 1813 458 1880 513; x_wconf 89' lang='lat' dir='ltr'><strong>ad</strong></span> <span class='ocrx_word' id='word_1_545' title='bbox 1911 460 2186 514; x_wconf 86' lang='lat' dir='ltr'><strong>Dominum</strong></span> <span class='ocrx_word' id='word_1_546' title='bbox 2220 461 2384 515; x_wconf 90' lang='lat' dir='ltr'><strong>Deum</strong></span> <span class='ocrx_word' id='word_1_547' title='bbox 2406 500 2421 526; x_wconf 91' lang='lat'><strong>,</strong></span> <span class='ocrx_word' id='word_1_548' title='bbox 2451 471 2507 516; x_wconf 92' lang='lat' dir='ltr'><strong>ut</strong></span> <span class='ocrx_word' id='word_1_549' title='bbox 2530 464 2865 532; x_wconf 81' lang='lat' dir='ltr'><strong>exquirerem</strong></span> <span class='ocrx_word' id='word_1_550' title='bbox 2891 470 3187 527; x_wconf 86' lang='lat' dir='ltr'><strong>orationem</strong></span> <span class='ocrx_word' id='word_1_551' title='bbox 3215 482 3270 528; x_wconf 89' lang='lat' dir='ltr'><strong>et</strong></span> <span class='ocrx_word' id='word_1_552' title='bbox 3294 473 3392 529; x_wconf 87' lang='lat' dir='ltr'><strong>de-</strong></span> 
     </span>
    </p>
   </div>
   <div class='ocr_carea' id='block_1_71' title="bbox 1813 550 3393 621">
    <p class='ocr_par' dir='ltr' id='par_1_71' title="bbox 1813 550 3393 621">
     <span class='ocr_line' id='line_1_71' title="bbox 1813 550 3393 621; baseline 0.012 -21"><span class='ocrx_word' id='word_1_553' title='bbox 1813 550 2170 617; x_wconf 82' lang='lat' dir='ltr'><strong>precationem</strong></span> <span class='ocrx_word' id='word_1_554' title='bbox 2210 550 2263 603; x_wconf 90' lang='lat' dir='ltr'><strong>in</strong></span> <span class='ocrx_word' id='word_1_555' title='bbox 2297 550 2509 621; x_wconf 85' lang='lat' dir='ltr'><strong>jcjuniis</strong></span> <span class='ocrx_word' id='word_1_556' title='bbox 2548 561 2603 608; x_wconf 88' lang='lat' dir='ltr'><strong>et</strong></span> <span class='ocrx_word' id='word_1_557' title='bbox 2645 568 2799 609; x_wconf 89' lang='lat' dir='ltr'><strong>sacco</strong></span> <span class='ocrx_word' id='word_1_558' title='bbox 2839 563 2890 609; x_wconf 88' lang='lat' dir='ltr'><strong>et</strong></span> <span class='ocrx_word' id='word_1_559' title='bbox 2930 557 3125 614; x_wconf 87' lang='lat' dir='ltr'><strong>cinere.</strong></span> <span class='ocrx_word' id='word_1_560' title='bbox 3158 580 3175 613; x_wconf 75' lang='grc' dir='ltr'>ι</span> <span class='ocrx_word' id='word_1_561' title='bbox 3221 562 3393 619; x_wconf 84' lang='lat' dir='ltr'><strong>Cerne</strong></span> 
     </span>
    </p>
   </div>
   <div class='ocr_carea' id='block_1_72' title="bbox 1813 640 3388 717">
    <p class='ocr_par' dir='ltr' id='par_1_72' title="bbox 1813 640 3388 717">
     <span class='ocr_line' id='line_1_72' title="bbox 1813 640 3388 717; baseline 0.01 -25"><span class='ocrx_word' id='word_1_562' title='bbox 1813 640 2119 710; x_wconf 84' lang='lat' dir='ltr'><strong>religionem</strong></span> <span class='ocrx_word' id='word_1_563' title='bbox 2160 641 2449 709; x_wconf 64' lang='lat' dir='ltr'><strong>prophetas.</strong></span> <span class='ocrx_word' id='word_1_564' title='bbox 2497 641 2566 696; x_wconf 85' lang='lat' dir='ltr'><strong>Et</strong></span> <span class='ocrx_word' id='word_1_565' title='bbox 2604 643 2740 709; x_wconf 87' lang='lat' dir='ltr'><strong>dedi,</strong></span> <span class='ocrx_word' id='word_1_566' title='bbox 2775 645 2960 714; x_wconf 89' lang='lat' dir='ltr'><strong>inquit,</strong></span> <span class='ocrx_word' id='word_1_567' title='bbox 2993 648 3174 717; x_wconf 77' lang='lat' dir='ltr'><strong>faciem</strong></span> <span class='ocrx_word' id='word_1_568' title='bbox 3206 668 3388 708; x_wconf 87' lang='lat' dir='ltr'><strong>meam.</strong></span> 
     </span>
    </p>
   </div>
   <div class='ocr_carea' id='block_1_73' title="bbox 1810 728 3390 808">
    <p class='ocr_par' dir='ltr' id='par_1_73' title="bbox 1810 728 3390 808">
     <span class='ocr_line' id='line_1_73' title="bbox 1810 728 3390 808; baseline 0.01 -27"><span class='ocrx_word' id='word_1_569' title='bbox 1810 728 1922 783; x_wconf 88' lang='lat' dir='ltr'><strong>lloc</strong></span> <span class='ocrx_word' id='word_1_570' title='bbox 1966 739 2066 795; x_wconf 85' lang='lat' dir='ltr'><strong>est,</strong></span> <span class='ocrx_word' id='word_1_571' title='bbox 2114 730 2325 784; x_wconf 83' lang='lat' dir='ltr'><strong>Rubore</strong></span> <span class='ocrx_word' id='word_1_572' title='bbox 2368 732 2596 787; x_wconf 79' lang='lat' dir='ltr'><strong>sutl‘usus</strong></span> <span class='ocrx_word' id='word_1_573' title='bbox 2635 748 2779 787; x_wconf 88' lang='lat' dir='ltr'><strong>eram</strong></span> <span class='ocrx_word' id='word_1_574' title='bbox 2824 744 2976 790; x_wconf 82' lang='lat' dir='ltr'><strong>antea</strong></span> <span class='ocrx_word' id='word_1_575' title='bbox 3003 778 3019 802; x_wconf 94' lang='lat'><strong>,</strong></span> <span class='ocrx_word' id='word_1_576' title='bbox 3048 753 3240 808; x_wconf 85' lang='lat' dir='ltr'><strong>nempe</strong></span> <span class='ocrx_word' id='word_1_577' title='bbox 3268 754 3390 797; x_wconf 87' lang='lat' dir='ltr'><strong>ante</strong></span> 
     </span>
    </p>
   </div>
   <div class='ocr_carea' id='block_1_74' title="bbox 1809 818 3386 889">
    <p class='ocr_par' dir='ltr' id='par_1_74' title="bbox 1809 818 3386 889">
     <span class='ocr_line' id='line_1_74' title="bbox 1809 818 3386 889; baseline 0.01 -19"><span class='ocrx_word' id='word_1_578' title='bbox 1809 818 2262 885; x_wconf 79' lang='lat' dir='ltr'><strong>ltumiliationem;</strong></span> <span class='ocrx_word' id='word_1_579' title='bbox 2296 837 2436 874; x_wconf 90' lang='lat' dir='ltr'><strong>nunc</strong></span> <span class='ocrx_word' id='word_1_580' title='bbox 2466 837 2591 876; x_wconf 90' lang='lat' dir='ltr'><strong>vero</strong></span> <span class='ocrx_word' id='word_1_581' title='bbox 2617 822 2767 887; x_wconf 88' lang='lat' dir='ltr'><strong>Dedi,</strong></span> <span class='ocrx_word' id='word_1_582' title='bbox 2798 824 2847 878; x_wconf 89' lang='lat' dir='ltr'><strong>id</strong></span> <span class='ocrx_word' id='word_1_583' title='bbox 2896 834 2997 889; x_wconf 89' lang='lat' dir='ltr'><strong>est,</strong></span> <span class='ocrx_word' id='word_1_584' title='bbox 3034 827 3210 882; x_wconf 91' lang='lat' dir='ltr'><strong>Ausus</strong></span> <span class='ocrx_word' id='word_1_585' title='bbox 3247 844 3386 885; x_wconf 90' lang='lat' dir='ltr'><strong>sum.</strong></span> 
     </span>
    </p>
   </div>
   <div class='ocr_carea' id='block_1_75' title="bbox 1808 908 3384 988">
    <p class='ocr_par' dir='ltr' id='par_1_75' title="bbox 1808 908 3384 988">
     <span class='ocr_line' id='line_1_75' title="bbox 1808 908 3384 988; baseline 0.01 -27"><span class='ocrx_word' id='word_1_586' title='bbox 1808 908 1956 974; x_wconf 86' lang='lat' dir='ltr'><strong>Quod</strong></span> <span class='ocrx_word' id='word_1_587' title='bbox 1988 910 2032 965; x_wconf 92' lang='lat' dir='ltr'><strong>si</strong></span> <span class='ocrx_word' id='word_1_588' title='bbox 2071 926 2184 966; x_wconf 86' lang='lat' dir='ltr'><strong>rem</strong></span> <span class='ocrx_word' id='word_1_589' title='bbox 2218 911 2449 966; x_wconf 86' lang='lat' dir='ltr'><strong>debitam</strong></span> <span class='ocrx_word' id='word_1_590' title='bbox 2491 914 2827 983; x_wconf 89' lang='lat' dir='ltr'><strong>postulasset,</strong></span> <span class='ocrx_word' id='word_1_591' title='bbox 2857 932 2985 972; x_wconf 91' lang='lat' dir='ltr'><strong>sane</strong></span> <span class='ocrx_word' id='word_1_592' title='bbox 3012 934 3117 973; x_wconf 89' lang='lat' dir='ltr'><strong>non</strong></span> <span class='ocrx_word' id='word_1_593' title='bbox 3144 921 3384 988; x_wconf 81' lang='lat' dir='ltr'><strong>dixisset,</strong></span> 
     </span>
    </p>
   </div>
   <div class='ocr_carea' id='block_1_76' title="bbox 1805 996 3384 1081">
    <p class='ocr_par' dir='ltr' id='par_1_76' title="bbox 1805 996 3384 1081">
     <span class='ocr_line' id='line_1_76' title="bbox 1805 996 3384 1081; baseline 0.011 -31"><span class='ocrx_word' id='word_1_594' title='bbox 1805 996 1941 1053; x_wconf 89' lang='lat' dir='ltr'><strong>Dedi</strong></span> <span class='ocrx_word' id='word_1_595' title='bbox 1966 1000 2145 1069; x_wconf 78' lang='lat' dir='ltr'><strong>faciem</strong></span> <span class='ocrx_word' id='word_1_596' title='bbox 2173 1017 2354 1064; x_wconf 85' lang='lat' dir='ltr'><strong>meam,</strong></span> <span class='ocrx_word' id='word_1_597' title='bbox 2378 1004 2529 1071; x_wconf 87' lang='lat' dir='ltr'><strong>quasi</strong></span> <span class='ocrx_word' id='word_1_598' title='bbox 2549 1003 2602 1057; x_wconf 92' lang='lat' dir='ltr'><strong>in</strong></span> <span class='ocrx_word' id='word_1_599' title='bbox 2632 1003 2767 1058; x_wconf 90' lang='lat' dir='ltr'><strong>facto</strong></span> <span class='ocrx_word' id='word_1_600' title='bbox 2793 1007 3087 1074; x_wconf 87' lang='lat' dir='ltr'><strong>periculose</strong></span> <span class='ocrx_word' id='word_1_601' title='bbox 3115 1021 3384 1081; x_wconf 81' lang='lat' dir='ltr'><strong>suscepto.</strong></span> 
     </span>
    </p>
   </div>
   <div class='ocr_carea' id='block_1_77' title="bbox 1804 1087 3386 1159">
    <p class='ocr_par' dir='ltr' id='par_1_77' title="bbox 1804 1087 3386 1159">
     <span class='ocr_line' id='line_1_77' title="bbox 1804 1087 3386 1159; baseline 0.011 -17"><span class='ocrx_word' id='word_1_602' title='bbox 1804 1087 1860 1143; x_wconf 91' lang='lat' dir='ltr'><strong>Si</strong></span> <span class='ocrx_word' id='word_1_603' title='bbox 1888 1104 1981 1159; x_wconf 92' lang='lat' dir='ltr'><strong>pro</strong></span> <span class='ocrx_word' id='word_1_604' title='bbox 2007 1090 2124 1144; x_wconf 90' lang='lat' dir='ltr'><strong>aliis</strong></span> <span class='ocrx_word' id='word_1_605' title='bbox 2149 1098 2290 1145; x_wconf 91' lang='lat' dir='ltr'><strong>tanto</strong></span> <span class='ocrx_word' id='word_1_606' title='bbox 2316 1093 2478 1146; x_wconf 90' lang='lat' dir='ltr'><strong>utitur</strong></span> <span class='ocrx_word' id='word_1_607' title='bbox 2504 1093 2701 1159; x_wconf 91' lang='lat' dir='ltr'><strong>studio,</strong></span> <span class='ocrx_word' id='word_1_608' title='bbox 2731 1094 2775 1149; x_wconf 91' lang='lat' dir='ltr'><strong>si</strong></span> <span class='ocrx_word' id='word_1_609' title='bbox 2801 1104 2941 1151; x_wconf 89' lang='lat' dir='ltr'><strong>tanta</strong></span> <span class='ocrx_word' id='word_1_610' title='bbox 2973 1113 3090 1153; x_wconf 92' lang='lat' dir='ltr'><strong>cum</strong></span> <span class='ocrx_word' id='word_1_611' title='bbox 3119 1100 3386 1159; x_wconf 86' lang='lat' dir='ltr'><strong>frueretur</strong></span> 
     </span>
    </p>
   </div>
   <div class='ocr_carea' id='block_1_78' title="bbox 1808 1181 3380 1261">
    <p class='ocr_par' dir='ltr' id='par_1_78' title="bbox 1808 1181 3380 1261">
     <span class='ocr_line' id='line_1_78' title="bbox 1808 1181 3380 1261; baseline 0.01 -27"><span class='ocrx_word' id='word_1_612' title='bbox 1808 1188 1911 1234; x_wconf 90' lang='lat' dir='ltr'><strong>tam</strong></span> <span class='ocrx_word' id='word_1_613' title='bbox 1943 1181 2079 1251; x_wconf 90' lang='lat' dir='ltr'><strong>apud</strong></span> <span class='ocrx_word' id='word_1_614' title='bbox 2113 1183 2300 1247; x_wconf 90' lang='lat' dir='ltr'><strong>Deum,</strong></span> <span class='ocrx_word' id='word_1_615' title='bbox 2329 1199 2484 1253; x_wconf 86' lang='lat' dir='ltr'><strong>quam</strong></span> <span class='ocrx_word' id='word_1_616' title='bbox 2528 1185 2667 1254; x_wconf 90' lang='lat' dir='ltr'><strong>apud</strong></span> <span class='ocrx_word' id='word_1_617' title='bbox 2709 1201 2884 1257; x_wconf 87' lang='lat' dir='ltr'><strong>regem</strong></span> <span class='ocrx_word' id='word_1_618' title='bbox 2914 1230 2929 1256; x_wconf 94' lang='lat'><strong>,</strong></span> <span class='ocrx_word' id='word_1_619' title='bbox 2974 1190 3339 1249; x_wconf 88' lang='lat' dir='ltr'><strong>benevolentia</strong></span> <span class='ocrx_word' id='word_1_620' title='bbox 3363 1237 3380 1261; x_wconf 92' lang='lat'><strong>,</strong></span> 
     </span>
    </p>
   </div>
   <div class='ocr_carea' id='block_1_79' title="bbox 1806 1271 3381 1355">
    <p class='ocr_par' dir='ltr' id='par_1_79' title="bbox 1806 1271 3381 1355">
     <span class='ocr_line' id='line_1_79' title="bbox 1806 1271 3381 1355; baseline 0.011 -31"><span class='ocrx_word' id='word_1_621' title='bbox 1806 1271 1991 1325; x_wconf 86' lang='lat' dir='ltr'><strong>harum</strong></span> <span class='ocrx_word' id='word_1_622' title='bbox 2015 1281 2186 1327; x_wconf 89' lang='lat' dir='ltr'><strong>tamen</strong></span> <span class='ocrx_word' id='word_1_623' title='bbox 2216 1289 2392 1328; x_wconf 88' lang='lat' dir='ltr'><strong>rerum</strong></span> <span class='ocrx_word' id='word_1_624' title='bbox 2420 1274 2619 1330; x_wconf 89' lang='lat' dir='ltr'><strong>nullum</strong></span> <span class='ocrx_word' id='word_1_625' title='bbox 2651 1290 2863 1331; x_wconf 88' lang='lat' dir='ltr'><strong>sensum</strong></span> <span class='ocrx_word' id='word_1_626' title='bbox 2893 1279 3087 1348; x_wconf 89' lang='lat' dir='ltr'><strong>habet,</strong></span> <span class='ocrx_word' id='word_1_627' title='bbox 3111 1284 3202 1338; x_wconf 88' lang='lat' dir='ltr'><strong>sed</strong></span> <span class='ocrx_word' id='word_1_628' title='bbox 3230 1287 3381 1355; x_wconf 92' lang='lat' dir='ltr'><strong>quasi</strong></span> 
     </span>
    </p>
   </div>
   <div class='ocr_carea' id='block_1_80' title="bbox 1803 1362 3381 1437">
    <p class='ocr_par' dir='ltr' id='par_1_80' title="bbox 1803 1362 3381 1437">
     <span class='ocr_line' id='line_1_80' title="bbox 1803 1362 3381 1437; baseline 0.011 -23"><span class='ocrx_word' id='word_1_629' title='bbox 1803 1362 1918 1430; x_wconf 91' lang='lat' dir='ltr'><strong>ipse</strong></span> <span class='ocrx_word' id='word_1_630' title='bbox 1941 1364 1991 1416; x_wconf 92' lang='lat' dir='ltr'><strong>in</strong></span> <span class='ocrx_word' id='word_1_631' title='bbox 2022 1363 2175 1418; x_wconf 87' lang='lat' dir='ltr'><strong>malis</strong></span> <span class='ocrx_word' id='word_1_632' title='bbox 2197 1374 2499 1419; x_wconf 71' lang='lat' dir='ltr'><strong>versoretur</strong></span> <span class='ocrx_word' id='word_1_633' title='bbox 2522 1406 2537 1433; x_wconf 95' lang='lat'><strong>,</strong></span> <span class='ocrx_word' id='word_1_634' title='bbox 2566 1367 2732 1437; x_wconf 87' lang='lat' dir='ltr'><strong>magis</strong></span> <span class='ocrx_word' id='word_1_635' title='bbox 2770 1369 3041 1425; x_wconf 88' lang='lat' dir='ltr'><strong>mordetur</strong></span> <span class='ocrx_word' id='word_1_636' title='bbox 3066 1386 3129 1427; x_wconf 88' lang='lat' dir='ltr'><strong>ac</strong></span> <span class='ocrx_word' id='word_1_637' title='bbox 3158 1375 3381 1433; x_wconf 85' lang='lat' dir='ltr'><strong>moleste</strong></span> 
     </span>
    </p>
   </div>
   <div class='ocr_carea' id='block_1_81' title="bbox 1800 1450 3377 1533">
    <p class='ocr_par' dir='ltr' id='par_1_81' title="bbox 1800 1450 3377 1533">
     <span class='ocr_line' id='line_1_81' title="bbox 1800 1450 3377 1533; baseline 0.01 -27"><span class='ocrx_word' id='word_1_638' title='bbox 1800 1450 1922 1519; x_wconf 88' lang='lat' dir='ltr'><strong>fert,</strong></span> <span class='ocrx_word' id='word_1_639' title='bbox 1956 1468 2112 1523; x_wconf 86' lang='lat' dir='ltr'><strong>quam</strong></span> <span class='ocrx_word' id='word_1_640' title='bbox 2156 1452 2188 1507; x_wconf 95' lang='lat' dir='ltr'><strong>ii</strong></span> <span class='ocrx_word' id='word_1_641' title='bbox 2236 1455 2325 1524; x_wconf 89' lang='lat' dir='ltr'><strong>qui</strong></span> <span class='ocrx_word' id='word_1_642' title='bbox 2371 1455 2439 1509; x_wconf 88' lang='lat' dir='ltr'><strong>ab</strong></span> <span class='ocrx_word' id='word_1_643' title='bbox 2477 1471 2538 1509; x_wconf 90' lang='lat' dir='ltr'><strong>ea</strong></span> <span class='ocrx_word' id='word_1_644' title='bbox 2583 1457 2884 1514; x_wconf 88' lang='lat' dir='ltr'><strong>calamitate</strong></span> <span class='ocrx_word' id='word_1_645' title='bbox 2911 1470 3063 1515; x_wconf 89' lang='lat' dir='ltr'><strong>erant</strong></span> <span class='ocrx_word' id='word_1_646' title='bbox 3093 1467 3377 1533; x_wconf 85' lang='lat' dir='ltr'><strong>oppressi:</strong></span> 
     </span>
    </p>
   </div>
   <div class='ocr_carea' id='block_1_82' title="bbox 1800 1544 3381 1620">
    <p class='ocr_par' dir='ltr' id='par_1_82' title="bbox 1800 1544 3381 1620">
     <span class='ocr_line' id='line_1_82' title="bbox 1800 1544 3381 1620; baseline 0.011 -24"><span class='ocrx_word' id='word_1_647' title='bbox 1800 1544 2065 1614; x_wconf 91' lang='lat' dir='ltr'><strong>quomodo</strong></span> <span class='ocrx_word' id='word_1_648' title='bbox 2108 1544 2226 1615; x_wconf 89' lang='lat' dir='ltr'><strong>quis</strong></span> <span class='ocrx_word' id='word_1_649' title='bbox 2264 1560 2384 1599; x_wconf 89' lang='lat' dir='ltr'><strong>eum</strong></span> <span class='ocrx_word' id='word_1_650' title='bbox 2427 1546 2584 1615; x_wconf 86' lang='lat' dir='ltr'><strong>digne</strong></span> <span class='ocrx_word' id='word_1_651' title='bbox 2624 1547 2881 1603; x_wconf 87' lang='lat' dir='ltr'><strong>miretur?</strong></span> <span class='ocrx_word' id='word_1_652' title='bbox 2919 1550 3052 1607; x_wconf 86' lang='lat' dir='ltr'><strong>Vide</strong></span> <span class='ocrx_word' id='word_1_653' title='bbox 3076 1563 3288 1620; x_wconf 87' lang='lat' dir='ltr'><strong>autem,</strong></span> <span class='ocrx_word' id='word_1_654' title='bbox 3322 1566 3381 1613; x_wconf 91' lang='lat' dir='ltr'><strong>ut</strong></span> 
     </span>
    </p>
   </div>
   <div class='ocr_carea' id='block_1_83' title="bbox 1800 1634 3371 1713">
    <p class='ocr_par' dir='ltr' id='par_1_83' title="bbox 1800 1634 3371 1713">
     <span class='ocr_line' id='line_1_83' title="bbox 1800 1634 3371 1713; baseline 0.008 -26"><span class='ocrx_word' id='word_1_655' title='bbox 1800 1634 1956 1711; x_wconf 87' lang='lat' dir='ltr'><strong>etiam</strong></span> <span class='ocrx_word' id='word_1_656' title='bbox 1996 1644 2115 1707; x_wconf 88' lang='lat' dir='ltr'><strong>post</strong></span> <span class='ocrx_word' id='word_1_657' title='bbox 2153 1635 2270 1689; x_wconf 91' lang='lat' dir='ltr'><strong>illas</strong></span> <span class='ocrx_word' id='word_1_658' title='bbox 2312 1634 2647 1703; x_wconf 82' lang='lat' dir='ltr'><strong>afﬂictiones,</strong></span> <span class='ocrx_word' id='word_1_659' title='bbox 2679 1653 2783 1692; x_wconf 90' lang='lat' dir='ltr'><strong>non</strong></span> <span class='ocrx_word' id='word_1_660' title='bbox 2815 1654 2974 1695; x_wconf 90' lang='lat' dir='ltr'><strong>ausus</strong></span> <span class='ocrx_word' id='word_1_661' title='bbox 3000 1642 3070 1695; x_wconf 88' lang='lat' dir='ltr'><strong>sit</strong></span> <span class='ocrx_word' id='word_1_662' title='bbox 3097 1643 3371 1713; x_wconf 88' lang='lat' dir='ltr'><strong>accedere,</strong></span> 
     </span>
    </p>
   </div>
   <div class='ocr_carea' id='block_1_84' title="bbox 1799 1724 3379 1802">
    <p class='ocr_par' dir='ltr' id='par_1_84' title="bbox 1799 1724 3379 1802">
     <span class='ocr_line' id='line_1_84' title="bbox 1799 1724 3379 1802; baseline 0.007 -23"><span class='ocrx_word' id='word_1_663' title='bbox 1799 1724 1973 1780; x_wconf 91' lang='lat' dir='ltr'><strong>donec</strong></span> <span class='ocrx_word' id='word_1_664' title='bbox 1994 1724 2122 1779; x_wconf 91' lang='lat' dir='ltr'><strong>vidit</strong></span> <span class='ocrx_word' id='word_1_665' title='bbox 2145 1733 2351 1795; x_wconf 90' lang='lat' dir='ltr'><strong>tempus</strong></span> <span class='ocrx_word' id='word_1_666' title='bbox 2371 1740 2488 1780; x_wconf 88' lang='lat' dir='ltr'><strong>esse</strong></span> <span class='ocrx_word' id='word_1_667' title='bbox 2517 1728 2859 1797; x_wconf 85' lang='lat' dir='ltr'><strong>completum.</strong></span> <span class='ocrx_word' id='word_1_668' title='bbox 2890 1730 2990 1786; x_wconf 89' lang='lat' dir='ltr'><strong>Ubi</strong></span> <span class='ocrx_word' id='word_1_669' title='bbox 3014 1747 3140 1802; x_wconf 84' lang='lat' dir='ltr'><strong>ergo</strong></span> <span class='ocrx_word' id='word_1_670' title='bbox 3170 1735 3379 1790; x_wconf 89' lang='lat' dir='ltr'><strong>deside-</strong></span> 
     </span>
    </p>
   </div>
   <div class='ocr_carea' id='block_1_85' title="bbox 1801 1816 3375 1887">
    <p class='ocr_par' dir='ltr' id='par_1_85' title="bbox 1801 1816 3375 1887">
     <span class='ocr_line' id='line_1_85' title="bbox 1801 1816 3375 1887; baseline 0.006 -16"><span class='ocrx_word' id='word_1_671' title='bbox 1801 1817 1971 1871; x_wconf 82' lang='lat' dir='ltr'><strong>bimus</strong></span> <span class='ocrx_word' id='word_1_672' title='bbox 2000 1816 2273 1887; x_wconf 82' lang='lat' dir='ltr'><strong>deinceps,</strong></span> <span class='ocrx_word' id='word_1_673' title='bbox 2318 1832 2415 1871; x_wconf 89' lang='lat' dir='ltr'><strong>nos</strong></span> <span class='ocrx_word' id='word_1_674' title='bbox 2452 1818 2670 1872; x_wconf 89' lang='lat' dir='ltr'><strong>miseri?</strong></span> <span class='ocrx_word' id='word_1_675' title='bbox 2712 1819 2849 1886; x_wconf 86' lang='lat' dir='ltr'><strong>Quid</strong></span> <span class='ocrx_word' id='word_1_676' title='bbox 2877 1821 2972 1886; x_wconf 83' lang='lat' dir='ltr'><strong>ais,</strong></span> <span class='ocrx_word' id='word_1_677' title='bbox 3007 1838 3040 1876; x_wconf 93' lang='lat' dir='ltr'><strong>o</strong></span> <span class='ocrx_word' id='word_1_678' title='bbox 3067 1823 3291 1879; x_wconf 88' lang='lat' dir='ltr'><strong>Daniel?</strong></span> <span class='ocrx_word' id='word_1_679' title='bbox 3322 1827 3375 1880; x_wconf 93' lang='lat' dir='ltr'><strong>in</strong></span> 
     </span>
    </p>
   </div>
   <div class='ocr_carea' id='block_1_86' title="bbox 1797 1908 3374 1979">
    <p class='ocr_par' dir='ltr' id='par_1_86' title="bbox 1797 1908 3374 1979">
     <span class='ocr_line' id='line_1_86' title="bbox 1797 1908 3374 1979; baseline 0.006 -18"><span class='ocrx_word' id='word_1_680' title='bbox 1797 1909 2065 1978; x_wconf 87' lang='lat' dir='ltr'><strong>prosperis</strong></span> <span class='ocrx_word' id='word_1_681' title='bbox 2098 1918 2151 1961; x_wconf 86' lang='lat' dir='ltr'><strong>tu</strong></span> <span class='ocrx_word' id='word_1_682' title='bbox 2178 1924 2263 1973; x_wconf 91' lang='lat' dir='ltr'><strong>es;</strong></span> <span class='ocrx_word' id='word_1_683' title='bbox 2296 1908 2555 1963; x_wconf 88' lang='lat' dir='ltr'><strong>honorem</strong></span> <span class='ocrx_word' id='word_1_684' title='bbox 2583 1910 2745 1965; x_wconf 88' lang='lat' dir='ltr'><strong>habes</strong></span> <span class='ocrx_word' id='word_1_685' title='bbox 2781 1926 2810 1965; x_wconf 88' lang='lat' dir='ltr'><strong>a</strong></span> <span class='ocrx_word' id='word_1_686' title='bbox 2854 1912 2996 1979; x_wconf 89' lang='lat' dir='ltr'><strong>Deo,</strong></span> <span class='ocrx_word' id='word_1_687' title='bbox 3025 1922 3079 1968; x_wconf 89' lang='lat' dir='ltr'><strong>et</strong></span> <span class='ocrx_word' id='word_1_688' title='bbox 3109 1916 3173 1969; x_wconf 89' lang='lat' dir='ltr'><strong>ah</strong></span> <span class='ocrx_word' id='word_1_689' title='bbox 3200 1915 3374 1971; x_wconf 89' lang='lat' dir='ltr'><strong>homi-</strong></span> 
     </span>
    </p>
   </div>
   <div class='ocr_carea' id='block_1_87' title="bbox 1799 2001 3373 2082">
    <p class='ocr_par' dir='ltr' id='par_1_87' title="bbox 1799 2001 3373 2082">
     <span class='ocr_line' id='line_1_87' title="bbox 1799 2001 3373 2082; baseline 0.006 -27"><span class='ocrx_word' id='word_1_690' title='bbox 1799 2001 1987 2065; x_wconf 91' lang='lat' dir='ltr'><strong>nibus;</strong></span> <span class='ocrx_word' id='word_1_691' title='bbox 2021 2001 2144 2069; x_wconf 90' lang='lat' dir='ltr'><strong>quid</strong></span> <span class='ocrx_word' id='word_1_692' title='bbox 2174 2001 2265 2056; x_wconf 92' lang='lat' dir='ltr'><strong>tibi</strong></span> <span class='ocrx_word' id='word_1_693' title='bbox 2292 2016 2433 2056; x_wconf 82' lang='lat' dir='ltr'><strong>cura:</strong></span> <span class='ocrx_word' id='word_1_694' title='bbox 2463 2011 2543 2057; x_wconf 89' lang='lat' dir='ltr'><strong>est</strong></span> <span class='ocrx_word' id='word_1_695' title='bbox 2564 2002 2630 2057; x_wconf 88' lang='lat' dir='ltr'><strong>de</strong></span> <span class='ocrx_word' id='word_1_696' title='bbox 2658 2004 2903 2059; x_wconf 60' lang='lat' dir='ltr'><strong>exteris?</strong></span> <span class='ocrx_word' id='word_1_697' title='bbox 2946 2005 3034 2061; x_wconf 91' lang='lat' dir='ltr'><strong>Sic</strong></span> <span class='ocrx_word' id='word_1_698' title='bbox 3072 2016 3126 2062; x_wconf 91' lang='lat' dir='ltr'><strong>et</strong></span> <span class='ocrx_word' id='word_1_699' title='bbox 3164 2009 3373 2082; x_wconf 73' lang='lat' dir='ltr'><strong>Moyses</strong></span> 
     </span>
    </p>
   </div>
   <div class='ocr_carea' id='block_1_88' title="bbox 1795 2093 3371 2167">
    <p class='ocr_par' dir='ltr' id='par_1_88' title="bbox 1795 2093 3371 2167">
     <span class='ocr_line' id='line_1_88' title="bbox 1795 2093 3371 2167; baseline 0.007 -20"><span class='ocrx_word' id='word_1_700' title='bbox 1795 2095 2006 2164; x_wconf 85' lang='lat' dir='ltr'><strong>agebat.</strong></span> <span class='ocrx_word' id='word_1_701' title='bbox 2034 2094 2099 2148; x_wconf 90' lang='lat' dir='ltr'><strong>Et</strong></span> <span class='ocrx_word' id='word_1_702' title='bbox 2123 2094 2247 2164; x_wconf 91' lang='lat' dir='ltr'><strong>quid</strong></span> <span class='ocrx_word' id='word_1_703' title='bbox 2277 2095 2384 2148; x_wconf 89' lang='lat' dir='ltr'><strong>ait?</strong></span> <span class='ocrx_word' id='word_1_704' title='bbox 2412 2093 2477 2149; x_wconf 87' lang='lat' dir='ltr'><strong>In</strong></span> <span class='ocrx_word' id='word_1_705' title='bbox 2496 2096 2708 2167; x_wconf 80' lang='lat' dir='ltr'><strong>jejuuiis</strong></span> <span class='ocrx_word' id='word_1_706' title='bbox 2739 2107 2785 2150; x_wconf 88' lang='lat' dir='ltr'><strong>ct</strong></span> <span class='ocrx_word' id='word_1_707' title='bbox 2822 2115 2966 2152; x_wconf 84' lang='lat' dir='ltr'><strong>sacco</strong></span> <span class='ocrx_word' id='word_1_708' title='bbox 2990 2110 3036 2153; x_wconf 88' lang='lat' dir='ltr'><strong>et</strong></span> <span class='ocrx_word' id='word_1_709' title='bbox 3058 2102 3243 2166; x_wconf 87' lang='lat' dir='ltr'><strong>cinere,</strong></span> <span class='ocrx_word' id='word_1_710' title='bbox 3273 2104 3371 2158; x_wconf 81' lang='lat' dir='ltr'><strong>de-</strong></span> 
     </span>
    </p>
   </div>
   <div class='ocr_carea' id='block_1_89' title="bbox 1796 2185 3366 2256">
    <p class='ocr_par' dir='ltr' id='par_1_89' title="bbox 1796 2185 3366 2256">
     <span class='ocr_line' id='line_1_89' title="bbox 1796 2185 3366 2256; baseline 0.006 -18"><span class='ocrx_word' id='word_1_711' title='bbox 1796 2185 1900 2238; x_wconf 91' lang='lat' dir='ltr'><strong>hita</strong></span> <span class='ocrx_word' id='word_1_712' title='bbox 1937 2186 2174 2256; x_wconf 82' lang='lat' dir='ltr'><strong>exigens.</strong></span> <span class='ocrx_word' id='word_1_713' title='bbox 2202 2185 2337 2252; x_wconf 90' lang='lat' dir='ltr'><strong>Quid</strong></span> <span class='ocrx_word' id='word_1_714' title='bbox 2378 2185 2542 2252; x_wconf 90' lang='lat' dir='ltr'><strong>enim,</strong></span> <span class='ocrx_word' id='word_1_715' title='bbox 2575 2186 2617 2239; x_wconf 93' lang='lat' dir='ltr'><strong>si</strong></span> <span class='ocrx_word' id='word_1_716' title='bbox 2648 2185 2976 2243; x_wconf 88' lang='lat' dir='ltr'><strong>debebatur?</strong></span> <span class='ocrx_word' id='word_1_717' title='bbox 3001 2190 3077 2245; x_wconf 89' lang='lat' dir='ltr'><strong>Ne</strong></span> <span class='ocrx_word' id='word_1_718' title='bbox 3108 2190 3243 2246; x_wconf 85' lang='lat' dir='ltr'><strong>forte</strong></span> <span class='ocrx_word' id='word_1_719' title='bbox 3271 2192 3366 2247; x_wconf 79' lang='lat' dir='ltr'><strong>Ju-</strong></span> 
     </span>
    </p>
   </div>
   <div class='ocr_carea' id='block_1_90' title="bbox 1795 2276 3369 2352">
    <p class='ocr_par' dir='ltr' id='par_1_90' title="bbox 1795 2276 3369 2352">
     <span class='ocr_line' id='line_1_90' title="bbox 1795 2276 3369 2352; baseline 0.006 -22"><span class='ocrx_word' id='word_1_720' title='bbox 1795 2276 1894 2330; x_wconf 72' lang='lat' dir='ltr'><strong>dmi</strong></span> <span class='ocrx_word' id='word_1_721' title='bbox 1934 2290 1992 2331; x_wconf 91' lang='lat' dir='ltr'><strong>se</strong></span> <span class='ocrx_word' id='word_1_722' title='bbox 2027 2276 2129 2331; x_wconf 89' lang='lat' dir='ltr'><strong>hoc</strong></span> <span class='ocrx_word' id='word_1_723' title='bbox 2164 2292 2376 2347; x_wconf 88' lang='lat' dir='ltr'><strong>quoque</strong></span> <span class='ocrx_word' id='word_1_724' title='bbox 2415 2277 2659 2349; x_wconf 86' lang='lat' dir='ltr'><strong>indignos</strong></span> <span class='ocrx_word' id='word_1_725' title='bbox 2702 2277 2968 2334; x_wconf 85' lang='lat' dir='ltr'><strong>fecissent.</strong></span> <span class='ocrx_word' id='word_1_726' title='bbox 3015 2282 3168 2352; x_wconf 85' lang='lat' dir='ltr'><strong>Apud</strong></span> <span class='ocrx_word' id='word_1_727' title='bbox 3201 2284 3369 2341; x_wconf 86' lang='lat' dir='ltr'><strong>Deum</strong></span> 
     </span>
    </p>
   </div>
   <div class='ocr_carea' id='block_1_91' title="bbox 1794 2368 3370 2440">
    <p class='ocr_par' dir='ltr' id='par_1_91' title="bbox 1794 2368 3370 2440">
     <span class='ocr_line' id='line_1_91' title="bbox 1794 2368 3370 2440; baseline 0.003 -19"><span class='ocrx_word' id='word_1_728' title='bbox 1794 2368 1989 2438; x_wconf 87' lang='lat' dir='ltr'><strong>quippe</strong></span> <span class='ocrx_word' id='word_1_729' title='bbox 2030 2382 2132 2421; x_wconf 91' lang='lat' dir='ltr'><strong>non</strong></span> <span class='ocrx_word' id='word_1_730' title='bbox 2181 2376 2262 2422; x_wconf 91' lang='lat' dir='ltr'><strong>est</strong></span> <span class='ocrx_word' id='word_1_731' title='bbox 2302 2370 2622 2432; x_wconf 89' lang='lat' dir='ltr'><strong>necessitas;</strong></span> <span class='ocrx_word' id='word_1_732' title='bbox 2652 2369 2899 2437; x_wconf 87' lang='lat' dir='ltr'><strong>superior</strong></span> <span class='ocrx_word' id='word_1_733' title='bbox 2925 2370 3125 2440; x_wconf 87' lang='lat' dir='ltr'><strong>legibus</strong></span> <span class='ocrx_word' id='word_1_734' title='bbox 3154 2381 3254 2426; x_wconf 90' lang='lat' dir='ltr'><strong>est.</strong></span> <span class='ocrx_word' id='word_1_735' title='bbox 3302 2372 3370 2428; x_wconf 91' lang='lat' dir='ltr'><strong>Ut</strong></span> 
     </span>
    </p>
   </div>
   <div class='ocr_carea' id='block_1_92' title="bbox 1793 2459 3367 2532">
    <p class='ocr_par' dir='ltr' id='par_1_92' title="bbox 1793 2459 3367 2532">
     <span class='ocr_line' id='line_1_92' title="bbox 1793 2459 3367 2532; baseline 0.004 -20"><span class='ocrx_word' id='word_1_736' title='bbox 1793 2476 2083 2530; x_wconf 71' lang='lat' dir='ltr'><strong>qua’rerem,</strong></span> <span class='ocrx_word' id='word_1_737' title='bbox 2113 2459 2300 2529; x_wconf 90' lang='lat' dir='ltr'><strong>inquit,</strong></span> <span class='ocrx_word' id='word_1_738' title='bbox 2328 2459 2605 2514; x_wconf 86' lang='lat' dir='ltr'><strong>orationem</strong></span> <span class='ocrx_word' id='word_1_739' title='bbox 2631 2468 2677 2512; x_wconf 85' lang='lat' dir='ltr'><strong>et</strong></span> <span class='ocrx_word' id='word_1_740' title='bbox 2706 2460 3125 2530; x_wconf 85' lang='lat' dir='ltr'><strong>deprecationem.</strong></span> <span class='ocrx_word' id='word_1_741' title='bbox 3171 2462 3225 2518; x_wconf 86' lang='lat' dir='ltr'><strong>Id</strong></span> <span class='ocrx_word' id='word_1_742' title='bbox 3258 2465 3367 2532; x_wconf 86' lang='lat' dir='ltr'><strong>pri-</strong></span> 
     </span>
    </p>
   </div>
   <div class='ocr_carea' id='block_1_93' title="bbox 1792 2551 3363 2623">
    <p class='ocr_par' dir='ltr' id='par_1_93' title="bbox 1792 2551 3363 2623">
     <span class='ocr_line' id='line_1_93' title="bbox 1792 2551 3363 2623; baseline 0.002 -15"><span class='ocrx_word' id='word_1_743' title='bbox 1792 2568 1935 2609; x_wconf 90' lang='lat' dir='ltr'><strong>mum</strong></span> <span class='ocrx_word' id='word_1_744' title='bbox 1960 2552 2149 2623; x_wconf 92' lang='lat' dir='ltr'><strong>poscit.</strong></span> <span class='ocrx_word' id='word_1_745' title='bbox 2177 2551 2233 2607; x_wconf 91' lang='lat' dir='ltr'><strong>Si</strong></span> <span class='ocrx_word' id='word_1_746' title='bbox 2255 2553 2525 2622; x_wconf 87' lang='lat' dir='ltr'><strong>permittat</strong></span> <span class='ocrx_word' id='word_1_747' title='bbox 2545 2551 2694 2619; x_wconf 89' lang='lat' dir='ltr'><strong>mihi,</strong></span> <span class='ocrx_word' id='word_1_748' title='bbox 2720 2551 2908 2621; x_wconf 88' lang='lat' dir='ltr'><strong>inquit,</strong></span> <span class='ocrx_word' id='word_1_749' title='bbox 2934 2567 3028 2622; x_wconf 91' lang='lat' dir='ltr'><strong>pro</strong></span> <span class='ocrx_word' id='word_1_750' title='bbox 3052 2553 3154 2608; x_wconf 91' lang='lat' dir='ltr'><strong>illis</strong></span> <span class='ocrx_word' id='word_1_751' title='bbox 3175 2568 3363 2621; x_wconf 73' lang='lat' dir='ltr'><strong>orare;</strong></span> 
     </span>
    </p>
   </div>
   <div class='ocr_carea' id='block_1_94' title="bbox 1792 2641 3364 2714">
    <p class='ocr_par' dir='ltr' id='par_1_94' title="bbox 1792 2641 3364 2714">
     <span class='ocr_line' id='line_1_94' title="bbox 1792 2641 3364 2714; baseline 0.004 -18"><span class='ocrx_word' id='word_1_752' title='bbox 1792 2643 2037 2714; x_wconf 85' lang='lat' dir='ltr'><strong>quoniam</strong></span> <span class='ocrx_word' id='word_1_753' title='bbox 2068 2643 2305 2697; x_wconf 90' lang='lat' dir='ltr'><strong>audierat</strong></span> <span class='ocrx_word' id='word_1_754' title='bbox 2333 2641 2616 2697; x_wconf 86' lang='lat' dir='ltr'><strong>Jeremiam</strong></span> <span class='ocrx_word' id='word_1_755' title='bbox 2644 2642 2742 2695; x_wconf 87' lang='lat' dir='ltr'><strong>ista</strong></span> <span class='ocrx_word' id='word_1_756' title='bbox 2772 2641 2935 2697; x_wconf 88' lang='lat' dir='ltr'><strong>verba</strong></span> <span class='ocrx_word' id='word_1_757' title='bbox 2963 2656 2992 2697; x_wconf 90' lang='lat' dir='ltr'><strong>a</strong></span> <span class='ocrx_word' id='word_1_758' title='bbox 3023 2642 3244 2699; x_wconf 92' lang='lat' dir='ltr'><strong>Domino</strong></span> <span class='ocrx_word' id='word_1_759' title='bbox 3275 2660 3364 2702; x_wconf 88' lang='lat' dir='ltr'><strong>re-</strong></span> 
     </span>
    </p>
   </div>
   <div class='ocr_carea' id='block_1_95' title="bbox 1792 2734 3362 2808">
    <p class='ocr_par' dir='ltr' id='par_1_95' title="bbox 1792 2734 3362 2808">
     <span class='ocr_line' id='line_1_95' title="bbox 1792 2734 3362 2808; baseline 0.003 -21"><span class='ocrx_word' id='word_1_760' title='bbox 1792 2736 1978 2808; x_wconf 79' lang='lat' dir='ltr'><strong>tulisse</strong></span> <span class='ocrx_word' id='word_1_761' title='bbox 2005 2751 2018 2788; x_wconf 88' lang='lat'><strong>:</strong></span> <span class='ocrx_word' id='word_1_762' title='bbox 2048 2735 2130 2788; x_wconf 85' lang='lat' dir='ltr'><strong>Ne</strong></span> <span class='ocrx_word' id='word_1_763' title='bbox 2155 2750 2263 2789; x_wconf 88' lang='lat' dir='ltr'><strong>ores</strong></span> <span class='ocrx_word' id='word_1_764' title='bbox 2290 2749 2382 2806; x_wconf 84' lang='lat' dir='ltr'><strong>pro</strong></span> <span class='ocrx_word' id='word_1_765' title='bbox 2413 2734 2599 2804; x_wconf 81' lang='lat' dir='ltr'><strong>populo</strong></span> <span class='ocrx_word' id='word_1_766' title='bbox 2624 2734 2740 2800; x_wconf 83' lang='lat' dir='ltr'><strong>isto,</strong></span> <span class='ocrx_word' id='word_1_767' title='bbox 2774 2744 2820 2788; x_wconf 91' lang='lat' dir='ltr'><strong>et</strong></span> <span class='ocrx_word' id='word_1_768' title='bbox 2846 2751 2907 2789; x_wconf 86' lang='lat' dir='ltr'><strong>ne</strong></span> <span class='ocrx_word' id='word_1_769' title='bbox 2929 2735 3147 2805; x_wconf 77' lang='lat' dir='ltr'><strong>postules</strong></span> <span class='ocrx_word' id='word_1_770' title='bbox 3177 2754 3267 2807; x_wconf 87' lang='lat' dir='ltr'><strong>pro</strong></span> <span class='ocrx_word' id='word_1_771' title='bbox 3291 2737 3362 2792; x_wconf 74' lang='lat' dir='ltr'><strong>eis</strong></span> 
     </span>
    </p>
   </div>
   <div class='ocr_carea' id='block_1_96' title="bbox 1792 2816 3397 2900">
    <p class='ocr_par' dir='ltr' id='par_1_96' title="bbox 1792 2816 3397 2900">
     <span class='ocr_line' id='line_1_96' title="bbox 1792 2816 3397 2900; baseline 0.004 -20"><span class='ocrx_word' id='word_1_772' title='bbox 1792 2825 1938 2900; x_wconf 82' lang='lat' dir='ltr'><strong>(Jer.</strong></span> <span class='ocrx_word' id='word_1_773' title='bbox 1962 2828 2015 2881; x_wconf 83' lang='lat'><strong>7.</strong></span> <span class='ocrx_word' id='word_1_774' title='bbox 2043 2825 2169 2897; x_wconf 75' lang='grc' dir='ltr'><strong>ιδ).</strong></span> <span class='ocrx_word' id='word_1_775' title='bbox 2217 2826 2552 2881; x_wconf 84' lang='lat' dir='ltr'><strong>Auxiliantur</strong></span> <span class='ocrx_word' id='word_1_776' title='bbox 2598 2826 2698 2896; x_wconf 92' lang='lat' dir='ltr'><strong>ipsi</strong></span> <span class='ocrx_word' id='word_1_777' title='bbox 2744 2828 3057 2896; x_wconf 73' lang='lat' dir='ltr'><strong>captivitas,</strong></span> <span class='ocrx_word' id='word_1_778' title='bbox 3088 2816 3397 2900; x_wconf 76' lang='lat' dir='ltr'><strong>tempora,</strong></span> 
     </span>
    </p>
   </div>
   <div class='ocr_carea' id='block_1_97' title="bbox 1790 2916 3358 2989">
    <p class='ocr_par' dir='ltr' id='par_1_97' title="bbox 1790 2916 3358 2989">
     <span class='ocr_line' id='line_1_97' title="bbox 1790 2916 3358 2989; baseline 0.001 -16"><span class='ocrx_word' id='word_1_779' title='bbox 1790 2919 1999 2989; x_wconf 83' lang='lat' dir='ltr'><strong>prepria</strong></span> <span class='ocrx_word' id='word_1_780' title='bbox 2030 2919 2212 2980; x_wconf 88' lang='lat' dir='ltr'><strong>virtus,</strong></span> <span class='ocrx_word' id='word_1_781' title='bbox 2237 2925 2291 2971; x_wconf 90' lang='lat' dir='ltr'><strong>ct</strong></span> <span class='ocrx_word' id='word_1_782' title='bbox 2318 2916 2459 2988; x_wconf 91' lang='lat' dir='ltr'><strong>quod</strong></span> <span class='ocrx_word' id='word_1_783' title='bbox 2482 2917 2754 2972; x_wconf 88' lang='lat' dir='ltr'><strong>innumera</strong></span> <span class='ocrx_word' id='word_1_784' title='bbox 2786 2933 2881 2987; x_wconf 87' lang='lat' dir='ltr'><strong>pro</strong></span> <span class='ocrx_word' id='word_1_785' title='bbox 2912 2918 3021 2973; x_wconf 87' lang='lat' dir='ltr'><strong>Deo</strong></span> <span class='ocrx_word' id='word_1_786' title='bbox 3043 2934 3228 2989; x_wconf 89' lang='lat' dir='ltr'><strong>passus</strong></span> <span class='ocrx_word' id='word_1_787' title='bbox 3254 2921 3358 2985; x_wconf 91' lang='lat' dir='ltr'><strong>sit;</strong></span> 
     </span>
    </p>
   </div>
   <div class='ocr_carea' id='block_1_98' title="bbox 1788 3008 3363 3074">
    <p class='ocr_par' dir='ltr' id='par_1_98' title="bbox 1788 3008 3363 3074">
     <span class='ocr_line' id='line_1_98' title="bbox 1788 3008 3363 3074; baseline -0.001 -8"><span class='ocrx_word' id='word_1_788' title='bbox 1788 3020 1843 3066; x_wconf 89' lang='lat' dir='ltr'><strong>et</strong></span> <span class='ocrx_word' id='word_1_789' title='bbox 1887 3019 2060 3065; x_wconf 88' lang='lat' dir='ltr'><strong>tamen</strong></span> <span class='ocrx_word' id='word_1_790' title='bbox 2097 3009 2328 3063; x_wconf 89' lang='lat' dir='ltr'><strong>nondum</strong></span> <span class='ocrx_word' id='word_1_791' title='bbox 2355 3008 2594 3074; x_wconf 88' lang='lat' dir='ltr'><strong>confidit,</strong></span> <span class='ocrx_word' id='word_1_792' title='bbox 2625 3008 2719 3063; x_wconf 89' lang='lat' dir='ltr'><strong>sed</strong></span> <span class='ocrx_word' id='word_1_793' title='bbox 2758 3009 2992 3064; x_wconf 84' lang='lat' dir='ltr'><strong>cinerem</strong></span> <span class='ocrx_word' id='word_1_794' title='bbox 3020 3011 3363 3065; x_wconf 84' lang='lat' dir='ltr'><strong>substernens</strong></span> 
     </span>
    </p>
   </div>
   <div class='ocr_carea' id='block_1_99' title="bbox 1789 3098 3362 3170">
    <p class='ocr_par' dir='ltr' id='par_1_99' title="bbox 1789 3098 3362 3170">
     <span class='ocr_line' id='line_1_99' title="bbox 1789 3098 3362 3170; baseline -0.003 -13"><span class='ocrx_word' id='word_1_795' title='bbox 1789 3115 1842 3158; x_wconf 90' lang='lat' dir='ltr'><strong>et</strong></span> <span class='ocrx_word' id='word_1_796' title='bbox 1870 3116 2102 3168; x_wconf 89' lang='lat' dir='ltr'><strong>saccum,</strong></span> <span class='ocrx_word' id='word_1_797' title='bbox 2134 3101 2205 3153; x_wconf 88' lang='lat' dir='ltr'><strong>ita</strong></span> <span class='ocrx_word' id='word_1_798' title='bbox 2234 3099 2564 3169; x_wconf 87' lang='lat' dir='ltr'><strong>precabatur.</strong></span> <span class='ocrx_word' id='word_1_799' title='bbox 2595 3098 2730 3163; x_wconf 88' lang='lat' dir='ltr'><strong>Quid</strong></span> <span class='ocrx_word' id='word_1_800' title='bbox 2760 3098 3010 3153; x_wconf 87' lang='lat' dir='ltr'><strong>faciemus</strong></span> <span class='ocrx_word' id='word_1_801' title='bbox 3039 3114 3135 3153; x_wconf 91' lang='lat' dir='ltr'><strong>nos</strong></span> <span class='ocrx_word' id='word_1_802' title='bbox 3162 3100 3249 3170; x_wconf 92' lang='lat' dir='ltr'><strong>qui</strong></span> <span class='ocrx_word' id='word_1_803' title='bbox 3283 3101 3362 3153; x_wconf 88' lang='lat' dir='ltr'><strong>in-</strong></span> 
     </span>
    </p>
   </div>
   <div class='ocr_carea' id='block_1_100' title="bbox 1787 3187 3358 3259">
    <p class='ocr_par' dir='ltr' id='par_1_100' title="bbox 1787 3187 3358 3259">
     <span class='ocr_line' id='line_1_100' title="bbox 1787 3187 3358 3259; baseline -0.003 -12"><span class='ocrx_word' id='word_1_804' title='bbox 1787 3193 2018 3249; x_wconf 89' lang='lat' dir='ltr'><strong>dolentia</strong></span> <span class='ocrx_word' id='word_1_805' title='bbox 2047 3205 2230 3245; x_wconf 89' lang='lat' dir='ltr'><strong>sumus</strong></span> <span class='ocrx_word' id='word_1_806' title='bbox 2257 3189 2500 3259; x_wconf 68' lang='lat' dir='ltr'><strong>praediti?</strong></span> <span class='ocrx_word' id='word_1_807' title='bbox 2528 3189 2679 3242; x_wconf 89' lang='lat' dir='ltr'><strong>llunc</strong></span> <span class='ocrx_word' id='word_1_808' title='bbox 2707 3189 2939 3258; x_wconf 88' lang='lat' dir='ltr'><strong>oportuit</strong></span> <span class='ocrx_word' id='word_1_809' title='bbox 2966 3187 3118 3243; x_wconf 91' lang='lat' dir='ltr'><strong>nobis</strong></span> <span class='ocrx_word' id='word_1_810' title='bbox 3144 3190 3358 3243; x_wconf 82' lang='lat' dir='ltr'><strong>imitan-</strong></span> 
     </span>
    </p>
   </div>
   <div class='ocr_carea' id='block_1_101' title="bbox 1786 3279 3358 3355">
    <p class='ocr_par' dir='ltr' id='par_1_101' title="bbox 1786 3279 3358 3355">
     <span class='ocr_line' id='line_1_101' title="bbox 1786 3279 3358 3355; baseline -0.003 -15"><span class='ocrx_word' id='word_1_811' title='bbox 1786 3286 1910 3341; x_wconf 91' lang='lat' dir='ltr'><strong>dum</strong></span> <span class='ocrx_word' id='word_1_812' title='bbox 1936 3298 2245 3355; x_wconf 90' lang='lat' dir='ltr'><strong>proponere.</strong></span> <span class='ocrx_word' id='word_1_813' title='bbox 2262 3281 2395 3336; x_wconf 88' lang='lat' dir='ltr'><strong>Nam</strong></span> <span class='ocrx_word' id='word_1_814' title='bbox 2416 3296 2483 3336; x_wconf 91' lang='lat' dir='ltr'><strong>ne</strong></span> <span class='ocrx_word' id='word_1_815' title='bbox 2504 3280 2620 3350; x_wconf 91' lang='lat' dir='ltr'><strong>quis</strong></span> <span class='ocrx_word' id='word_1_816' title='bbox 2644 3279 2802 3346; x_wconf 90' lang='lat' dir='ltr'><strong>dicat,</strong></span> <span class='ocrx_word' id='word_1_817' title='bbox 2824 3280 3055 3350; x_wconf 81' lang='lat' dir='ltr'><strong>reliquos</strong></span> <span class='ocrx_word' id='word_1_818' title='bbox 3072 3282 3358 3350; x_wconf 88' lang='lat' dir='ltr'><strong>prophetas</strong></span> 
     </span>
    </p>
   </div>
   <div class='ocr_carea' id='block_1_102' title="bbox 1786 3371 3356 3450">
    <p class='ocr_par' dir='ltr' id='par_1_102' title="bbox 1786 3371 3356 3450">
     <span class='ocr_line' id='line_1_102' title="bbox 1786 3371 3356 3450; baseline -0.005 -17"><span class='ocrx_word' id='word_1_819' title='bbox 1786 3388 1999 3450; x_wconf 87' lang='lat' dir='ltr'><strong>propter</strong></span> <span class='ocrx_word' id='word_1_820' title='bbox 2023 3384 2382 3449; x_wconf 82' lang='lat' dir='ltr'><strong>paupertatem</strong></span> <span class='ocrx_word' id='word_1_821' title='bbox 2405 3374 2500 3427; x_wconf 90' lang='lat' dir='ltr'><strong>ista</strong></span> <span class='ocrx_word' id='word_1_822' title='bbox 2525 3373 2711 3427; x_wconf 87' lang='lat' dir='ltr'><strong>fecisse</strong></span> <span class='ocrx_word' id='word_1_823' title='bbox 2736 3371 2853 3441; x_wconf 89' lang='lat' dir='ltr'><strong>:qui</strong></span> <span class='ocrx_word' id='word_1_824' title='bbox 2878 3372 3104 3425; x_wconf 83' lang='lat' dir='ltr'><strong>maxime</strong></span> <span class='ocrx_word' id='word_1_825' title='bbox 3124 3373 3356 3426; x_wconf 91' lang='lat' dir='ltr'><strong>omnium</strong></span> 
     </span>
    </p>
   </div>
   <div class='ocr_carea' id='block_1_103' title="bbox 1785 3460 3364 3534">
    <p class='ocr_par' dir='ltr' id='par_1_103' title="bbox 1785 3460 3364 3534">
     <span class='ocr_line' id='line_1_103' title="bbox 1785 3460 3364 3534; baseline -0.004 -10"><span class='ocrx_word' id='word_1_826' title='bbox 1785 3477 1997 3524; x_wconf 82' lang='lat' dir='ltr'><strong>evectus</strong></span> <span class='ocrx_word' id='word_1_827' title='bbox 2011 3467 2174 3521; x_wconf 88' lang='lat' dir='ltr'><strong>fuerat</strong></span> <span class='ocrx_word' id='word_1_828' title='bbox 2189 3466 2252 3519; x_wconf 89' lang='lat' dir='ltr'><strong>ad</strong></span> <span class='ocrx_word' id='word_1_829' title='bbox 2268 3464 2574 3534; x_wconf 85' lang='lat' dir='ltr'><strong>dignitatum</strong></span> <span class='ocrx_word' id='word_1_830' title='bbox 2587 3461 3009 3532; x_wconf 84' lang='lat' dir='ltr'><strong>amplitudinem,</strong></span> <span class='ocrx_word' id='word_1_831' title='bbox 3027 3461 3116 3517; x_wconf 87' lang='lat' dir='ltr'><strong>ille</strong></span> <span class='ocrx_word' id='word_1_832' title='bbox 3135 3460 3364 3518; x_wconf 79' lang='lat' dir='ltr'><strong>maxime</strong></span> 
     </span>
    </p>
   </div>
   <div class='ocr_carea' id='block_1_104' title="bbox 1785 3552 3357 3628">
    <p class='ocr_par' dir='ltr' id='par_1_104' title="bbox 1785 3552 3357 3628">
     <span class='ocr_line' id='line_1_104' title="bbox 1785 3552 3357 3628; baseline -0.007 -13"><span class='ocrx_word' id='word_1_833' title='bbox 1785 3561 2019 3615; x_wconf 90' lang='lat' dir='ltr'><strong>omnium</strong></span> <span class='ocrx_word' id='word_1_834' title='bbox 2040 3573 2098 3613; x_wconf 88' lang='lat' dir='ltr'><strong>se</strong></span> <span class='ocrx_word' id='word_1_835' title='bbox 2118 3554 2385 3628; x_wconf 85' lang='lat' dir='ltr'><strong>deprimit.</strong></span> <span class='ocrx_word' id='word_1_836' title='bbox 2413 3554 2482 3608; x_wconf 88' lang='lat' dir='ltr'><strong>Et</strong></span> <span class='ocrx_word' id='word_1_837' title='bbox 2501 3554 2568 3609; x_wconf 90' lang='lat' dir='ltr'><strong>de</strong></span> <span class='ocrx_word' id='word_1_838' title='bbox 2589 3554 2789 3608; x_wconf 88' lang='lat' dir='ltr'><strong>semine</strong></span> <span class='ocrx_word' id='word_1_839' title='bbox 2820 3552 2987 3622; x_wconf 83' lang='lat' dir='ltr'><strong>regni,</strong></span> <span class='ocrx_word' id='word_1_840' title='bbox 3010 3567 3073 3606; x_wconf 91' lang='lat' dir='ltr'><strong>ac</strong></span> <span class='ocrx_word' id='word_1_841' title='bbox 3100 3556 3168 3611; x_wconf 91' lang='lat' dir='ltr'><strong>de</strong></span> <span class='ocrx_word' id='word_1_842' title='bbox 3191 3555 3357 3621; x_wconf 85' lang='lat' dir='ltr'><strong>stirpe</strong></span> 
     </span>
    </p>
   </div>
   <div class='ocr_carea' id='block_1_105' title="bbox 1783 3645 3353 3725">
    <p class='ocr_par' dir='ltr' id='par_1_105' title="bbox 1783 3645 3353 3725">
     <span class='ocr_line' id='line_1_105' title="bbox 1783 3645 3353 3725; baseline -0.007 -16"><span class='ocrx_word' id='word_1_843' title='bbox 1783 3654 1927 3725; x_wconf 77' lang='lat' dir='ltr'><strong>regia</strong></span> <span class='ocrx_word' id='word_1_844' title='bbox 1966 3659 2099 3717; x_wconf 89' lang='lat' dir='ltr'><strong>erat,</strong></span> <span class='ocrx_word' id='word_1_845' title='bbox 2141 3658 2194 3705; x_wconf 91' lang='lat' dir='ltr'><strong>et</strong></span> <span class='ocrx_word' id='word_1_846' title='bbox 2238 3655 2314 3702; x_wconf 91' lang='lat' dir='ltr'><strong>tot</strong></span> <span class='ocrx_word' id='word_1_847' title='bbox 2360 3657 2607 3716; x_wconf 84' lang='lat' dir='ltr'><strong>tantaque</strong></span> <span class='ocrx_word' id='word_1_848' title='bbox 2648 3645 2816 3699; x_wconf 82' lang='lat' dir='ltr'><strong>fuerat</strong></span> <span class='ocrx_word' id='word_1_849' title='bbox 2862 3653 3238 3714; x_wconf 85' lang='lat' dir='ltr'><strong>consequutus.</strong></span> <span class='ocrx_word' id='word_1_850' title='bbox 3283 3646 3353 3700; x_wconf 87' lang='lat' dir='ltr'><strong>Ita</strong></span> 
     </span>
    </p>
   </div>
   <div class='ocr_carea' id='block_1_106' title="bbox 1783 3735 3350 3815">
    <p class='ocr_par' dir='ltr' id='par_1_106' title="bbox 1783 3735 3350 3815">
     <span class='ocr_line' id='line_1_106' title="bbox 1783 3735 3350 3815; baseline -0.008 -15"><span class='ocrx_word' id='word_1_851' title='bbox 1783 3751 1993 3815; x_wconf 89' lang='lat' dir='ltr'><strong>oportet</strong></span> <span class='ocrx_word' id='word_1_852' title='bbox 2012 3743 2190 3812; x_wconf 87' lang='lat' dir='ltr'><strong>lugere</strong></span> <span class='ocrx_word' id='word_1_853' title='bbox 2209 3754 2303 3794; x_wconf 89' lang='lat' dir='ltr'><strong>sua</strong></span> <span class='ocrx_word' id='word_1_854' title='bbox 2325 3737 2483 3804; x_wconf 84' lang='lat' dir='ltr'><strong>mala,</strong></span> <span class='ocrx_word' id='word_1_855' title='bbox 2504 3737 2579 3791; x_wconf 92' lang='lat' dir='ltr'><strong>sic</strong></span> <span class='ocrx_word' id='word_1_856' title='bbox 2600 3737 2823 3806; x_wconf 87' lang='lat' dir='ltr'><strong>propriis</strong></span> <span class='ocrx_word' id='word_1_857' title='bbox 2842 3735 3092 3790; x_wconf 87' lang='lat' dir='ltr'><strong>membris</strong></span> <span class='ocrx_word' id='word_1_858' title='bbox 3113 3751 3350 3807; x_wconf 77' lang='lat' dir='ltr'><strong>parcere.</strong></span> 
     </span>
    </p>
   </div>
   <div class='ocr_carea' id='block_1_107' title="bbox 1781 3827 3356 3899">
    <p class='ocr_par' dir='ltr' id='par_1_107' title="bbox 1781 3827 3356 3899">
     <span class='ocr_line' id='line_1_107' title="bbox 1781 3827 3356 3899; baseline -0.007 -6"><span class='ocrx_word' id='word_1_859' title='bbox 1781 3838 1907 3893; x_wconf 81' lang='lat' dir='ltr'><strong>Haec</strong></span> <span class='ocrx_word' id='word_1_860' title='bbox 1926 3843 2008 3891; x_wconf 88' lang='lat' dir='ltr'><strong>est</strong></span> <span class='ocrx_word' id='word_1_861' title='bbox 2028 3831 2417 3889; x_wconf 87' lang='lat' dir='ltr'><strong>commiseratio</strong></span> <span class='ocrx_word' id='word_1_862' title='bbox 2442 3828 2839 3899; x_wconf 88' lang='lat' dir='ltr'><strong>prophetarum.</strong></span> <span class='ocrx_word' id='word_1_863' title='bbox 2872 3827 2999 3881; x_wconf 88' lang='lat' dir='ltr'><strong>Vide</strong></span> <span class='ocrx_word' id='word_1_864' title='bbox 3028 3838 3268 3882; x_wconf 86' lang='lat' dir='ltr'><strong>nostrum</strong></span> <span class='ocrx_word' id='word_1_865' title='bbox 3291 3842 3356 3883; x_wconf 82' lang='lat' dir='ltr'><strong>ea</strong></span> 
     </span>
    </p>
   </div>
   <div class='ocr_carea' id='block_1_108' title="bbox 1782 3917 3351 3998">
    <p class='ocr_par' dir='ltr' id='par_1_108' title="bbox 1782 3917 3351 3998">
     <span class='ocr_line' id='line_1_108' title="bbox 1782 3917 3351 3998; baseline -0.008 -16"><span class='ocrx_word' id='word_1_866' title='bbox 1782 3937 1933 3998; x_wconf 89' lang='lat' dir='ltr'><strong>parte</strong></span> <span class='ocrx_word' id='word_1_867' title='bbox 1979 3923 2246 3996; x_wconf 76' lang='lat' dir='ltr'><strong>przecipue</strong></span> <span class='ocrx_word' id='word_1_868' title='bbox 2286 3935 2405 3976; x_wconf 87' lang='lat' dir='ltr'><strong>esse</strong></span> <span class='ocrx_word' id='word_1_869' title='bbox 2444 3917 2825 3973; x_wconf 71' lang='lat' dir='ltr'><strong>admirabilem.</strong></span> <span class='ocrx_word' id='word_1_870' title='bbox 2870 3917 3077 3988; x_wconf 80' lang='lat' dir='ltr'><strong>Moyses</strong></span> <span class='ocrx_word' id='word_1_871' title='bbox 3103 3918 3305 3974; x_wconf 87' lang='lat' dir='ltr'><strong>dicebat</strong></span> <span class='ocrx_word' id='word_1_872' title='bbox 3337 3936 3351 3969; x_wconf 90' lang='lat'>:</span> 
     </span>
    </p>
   </div>
   <div class='ocr_carea' id='block_1_109' title="bbox 1781 4004 3353 4091">
    <p class='ocr_par' dir='ltr' id='par_1_109' title="bbox 1781 4004 3353 4091">
     <span class='ocr_line' id='line_1_109' title="bbox 1781 4004 3353 4091; baseline -0.008 -17"><span class='ocrx_word' id='word_1_873' title='bbox 1781 4017 2042 4091; x_wconf 85' lang='lat' dir='ltr'><strong>Siquidem</strong></span> <span class='ocrx_word' id='word_1_874' title='bbox 2079 4015 2301 4068; x_wconf 75' lang='lat' dir='ltr'><strong>remittas</strong></span> <span class='ocrx_word' id='word_1_875' title='bbox 2343 4013 2411 4065; x_wconf 80' lang='lat' dir='ltr'><strong>eis</strong></span> <span class='ocrx_word' id='word_1_876' title='bbox 2441 4027 2459 4064; x_wconf 92' lang='lat'><strong><em>:</em></strong></span> <span class='ocrx_word' id='word_1_877' title='bbox 2483 4011 2558 4063; x_wconf 83' lang='lat' dir='ltr'><strong>sin</strong></span> <span class='ocrx_word' id='word_1_878' title='bbox 2601 4011 2799 4072; x_wconf 84' lang='lat' dir='ltr'><strong>minus,</strong></span> <span class='ocrx_word' id='word_1_879' title='bbox 2843 4012 2989 4062; x_wconf 88' lang='lat' dir='ltr'><strong>etiam</strong></span> <span class='ocrx_word' id='word_1_880' title='bbox 3028 4025 3104 4062; x_wconf 90' lang='lat' dir='ltr'><strong>me</strong></span> <span class='ocrx_word' id='word_1_881' title='bbox 3138 4004 3250 4059; x_wconf 87' lang='lat' dir='ltr'><strong>dele</strong></span> <span class='ocrx_word' id='word_1_882' title='bbox 3290 4009 3353 4062; x_wconf 85' lang='lat' dir='ltr'><strong>de</strong></span> 
     </span>
    </p>
   </div>
   <div class='ocr_carea' id='block_1_110' title="bbox 1778 4100 3349 4179">
    <p class='ocr_par' dir='ltr' id='par_1_110' title="bbox 1778 4100 3349 4179">
     <span class='ocr_line' id='line_1_110' title="bbox 1778 4100 3349 4179; baseline -0.009 -13"><span class='ocrx_word' id='word_1_883' title='bbox 1778 4110 1904 4166; x_wconf 86' lang='lat' dir='ltr'><strong>libro</strong></span> <span class='ocrx_word' id='word_1_884' title='bbox 1933 4107 2125 4179; x_wconf 80' lang='lat' dir='ltr'><strong>(Exod.</strong></span> <span class='ocrx_word' id='word_1_885' title='bbox 2156 4105 2244 4160; x_wconf 81' lang='grc'><strong>52.</strong></span> <span class='ocrx_word' id='word_1_886' title='bbox 2276 4103 2387 4174; x_wconf 61' lang='grc'><strong>59).</strong></span> <span class='ocrx_word' id='word_1_887' title='bbox 2418 4103 2513 4156; x_wconf 90' lang='lat' dir='ltr'><strong>Hic</strong></span> <span class='ocrx_word' id='word_1_888' title='bbox 2542 4103 2592 4155; x_wconf 92' lang='lat' dir='ltr'><strong>in</strong></span> <span class='ocrx_word' id='word_1_889' title='bbox 2618 4100 2833 4170; x_wconf 89' lang='lat' dir='ltr'><strong>jejuniis</strong></span> <span class='ocrx_word' id='word_1_890' title='bbox 2859 4110 2912 4154; x_wconf 89' lang='lat' dir='ltr'><strong>et</strong></span> <span class='ocrx_word' id='word_1_891' title='bbox 2937 4101 3181 4171; x_wconf 82' lang='lat' dir='ltr'><strong>lacrymis</strong></span> <span class='ocrx_word' id='word_1_892' title='bbox 3207 4115 3349 4155; x_wconf 89' lang='lat' dir='ltr'><strong>con-</strong></span> 
     </span>
    </p>
   </div>
   <div class='ocr_carea' id='block_1_111' title="bbox 1780 4193 3347 4267">
    <p class='ocr_par' dir='ltr' id='par_1_111' title="bbox 1780 4193 3347 4267">
     <span class='ocr_line' id='line_1_111' title="bbox 1780 4193 3347 4267; baseline -0.007 -9"><span class='ocrx_word' id='word_1_893' title='bbox 1780 4204 1925 4258; x_wconf 91' lang='lat' dir='ltr'><strong>tinue</strong></span> <span class='ocrx_word' id='word_1_894' title='bbox 1949 4199 2191 4267; x_wconf 87' lang='lat' dir='ltr'><strong>degebat.</strong></span> <span class='ocrx_word' id='word_1_895' title='bbox 2235 4196 2426 4251; x_wconf 85' lang='lat' dir='ltr'><strong>Paulus</strong></span> <span class='ocrx_word' id='word_1_896' title='bbox 2463 4193 2676 4248; x_wconf 82' lang='lat' dir='ltr'><strong>assidue</strong></span> <span class='ocrx_word' id='word_1_897' title='bbox 2717 4194 2767 4245; x_wconf 93' lang='lat' dir='ltr'><strong>in</strong></span> <span class='ocrx_word' id='word_1_898' title='bbox 2810 4193 3137 4262; x_wconf 86' lang='lat' dir='ltr'><strong>lacrymis,et</strong></span> <span class='ocrx_word' id='word_1_899' title='bbox 3164 4201 3347 4248; x_wconf 85' lang='lat' dir='ltr'><strong>contra</strong></span> 
     </span>
    </p>
   </div>
   <div class='ocr_carea' id='block_1_112' title="bbox 1776 4283 3350 4363">
    <p class='ocr_par' dir='ltr' id='par_1_112' title="bbox 1776 4283 3350 4363">
     <span class='ocr_line' id='line_1_112' title="bbox 1776 4283 3350 4363; baseline -0.006 -16"><span class='ocrx_word' id='word_1_900' title='bbox 1776 4293 2070 4363; x_wconf 88' lang='lat' dir='ltr'><strong>gehennam</strong></span> <span class='ocrx_word' id='word_1_901' title='bbox 2098 4290 2264 4359; x_wconf 84' lang='lat' dir='ltr'><strong>ipsam</strong></span> <span class='ocrx_word' id='word_1_902' title='bbox 2290 4301 2450 4341; x_wconf 88' lang='lat' dir='ltr'><strong>ausus</strong></span> <span class='ocrx_word' id='word_1_903' title='bbox 2476 4293 2574 4341; x_wconf 89' lang='lat' dir='ltr'><strong>est.</strong></span> <span class='ocrx_word' id='word_1_904' title='bbox 2617 4283 2854 4353; x_wconf 89' lang='lat' dir='ltr'><strong>Ipsorum</strong></span> <span class='ocrx_word' id='word_1_905' title='bbox 2884 4284 3057 4338; x_wconf 91' lang='lat' dir='ltr'><strong>nullus</strong></span> <span class='ocrx_word' id='word_1_906' title='bbox 3080 4299 3237 4339; x_wconf 86' lang='lat' dir='ltr'><strong>sensu</strong></span> <span class='ocrx_word' id='word_1_907' title='bbox 3268 4285 3350 4337; x_wconf 81' lang='lat' dir='ltr'><strong>af-</strong></span> 
     </span>
    </p>
   </div>
   <div class='ocr_carea' id='block_1_113' title="bbox 1775 4373 3347 4450">
    <p class='ocr_par' dir='ltr' id='par_1_113' title="bbox 1775 4373 3347 4450">
     <span class='ocr_line' id='line_1_113' title="bbox 1775 4373 3347 4450; baseline -0.008 -11"><span class='ocrx_word' id='word_1_908' title='bbox 1775 4383 1951 4439; x_wconf 86' lang='lat' dir='ltr'><strong>ﬁcitur</strong></span> <span class='ocrx_word' id='word_1_909' title='bbox 1973 4379 2305 4450; x_wconf 91' lang='lat' dir='ltr'><strong>propriorum</strong></span> <span class='ocrx_word' id='word_1_910' title='bbox 2339 4377 2630 4439; x_wconf 89' lang='lat' dir='ltr'><strong>bonorum;</strong></span> <span class='ocrx_word' id='word_1_911' title='bbox 2662 4373 2753 4429; x_wconf 89' lang='lat' dir='ltr'><strong>sed</strong></span> <span class='ocrx_word' id='word_1_912' title='bbox 2778 4382 2833 4427; x_wconf 92' lang='lat' dir='ltr'><strong>ut</strong></span> <span class='ocrx_word' id='word_1_913' title='bbox 2863 4373 2912 4426; x_wconf 91' lang='lat' dir='ltr'><strong>in</strong></span> <span class='ocrx_word' id='word_1_914' title='bbox 2940 4387 3180 4442; x_wconf 89' lang='lat' dir='ltr'><strong>corpore,</strong></span> <span class='ocrx_word' id='word_1_915' title='bbox 3217 4387 3347 4428; x_wconf 84' lang='lat' dir='ltr'><strong>ocu-</strong></span> 
     </span>
    </p>
   </div>
   <div class='ocr_carea' id='block_1_114' title="bbox 1773 4464 3349 4541">
    <p class='ocr_par' dir='ltr' id='par_1_114' title="bbox 1773 4464 3349 4541">
     <span class='ocr_line' id='line_1_114' title="bbox 1773 4464 3349 4541; baseline -0.007 -11"><span class='ocrx_word' id='word_1_916' title='bbox 1773 4476 1857 4531; x_wconf 91' lang='lat' dir='ltr'><strong>lus</strong></span> <span class='ocrx_word' id='word_1_917' title='bbox 1876 4474 1999 4528; x_wconf 91' lang='lat' dir='ltr'><strong>licet</strong></span> <span class='ocrx_word' id='word_1_918' title='bbox 2019 4471 2240 4541; x_wconf 88' lang='lat' dir='ltr'><strong>pulcher</strong></span> <span class='ocrx_word' id='word_1_919' title='bbox 2258 4468 2343 4533; x_wconf 90' lang='lat' dir='ltr'><strong>sit,</strong></span> <span class='ocrx_word' id='word_1_920' title='bbox 2372 4482 2475 4522; x_wconf 88' lang='lat' dir='ltr'><strong>non</strong></span> <span class='ocrx_word' id='word_1_921' title='bbox 2500 4475 2674 4520; x_wconf 88' lang='lat' dir='ltr'><strong>tamen</strong></span> <span class='ocrx_word' id='word_1_922' title='bbox 2700 4465 2948 4534; x_wconf 89' lang='lat' dir='ltr'><strong>percipiet</strong></span> <span class='ocrx_word' id='word_1_923' title='bbox 2970 4478 3078 4518; x_wconf 76' lang='lat' dir='ltr'><strong>sua:</strong></span> <span class='ocrx_word' id='word_1_924' title='bbox 3099 4464 3349 4519; x_wconf 90' lang='lat' dir='ltr'><strong>bonitatis</strong></span> 
     </span>
    </p>
   </div>
   <div class='ocr_carea' id='block_1_115' title="bbox 1773 4553 3347 4635">
    <p class='ocr_par' dir='ltr' id='par_1_115' title="bbox 1773 4553 3347 4635">
     <span class='ocr_line' id='line_1_115' title="bbox 1773 4553 3347 4635; baseline -0.009 -14"><span class='ocrx_word' id='word_1_925' title='bbox 1773 4581 1836 4621; x_wconf 91' lang='lat' dir='ltr'><strong>ac</strong></span> <span class='ocrx_word' id='word_1_926' title='bbox 1866 4560 2270 4635; x_wconf 84' lang='lat' dir='ltr'><strong>pulchritudinis</strong></span> <span class='ocrx_word' id='word_1_927' title='bbox 2308 4572 2545 4625; x_wconf 87' lang='lat' dir='ltr'><strong>sensum,</strong></span> <span class='ocrx_word' id='word_1_928' title='bbox 2582 4555 2627 4610; x_wconf 92' lang='lat' dir='ltr'><strong>si</strong></span> <span class='ocrx_word' id='word_1_929' title='bbox 2666 4555 2824 4625; x_wconf 84' lang='lat' dir='ltr'><strong>pedes</strong></span> <span class='ocrx_word' id='word_1_930' title='bbox 2852 4553 3126 4623; x_wconf 87' lang='lat' dir='ltr'><strong>putrefacti</strong></span> <span class='ocrx_word' id='word_1_931' title='bbox 3156 4554 3262 4608; x_wconf 86' lang='lat' dir='ltr'><strong>sint</strong></span> <span class='ocrx_word' id='word_1_932' title='bbox 3284 4568 3347 4608; x_wconf 87' lang='lat' dir='ltr'><strong>ac</strong></span> 
     </span>
    </p>
   </div>
   <div class='ocr_carea' id='block_1_116' title="bbox 1772 4640 3345 4723">
    <p class='ocr_par' dir='ltr' id='par_1_116' title="bbox 1772 4640 3345 4723">
     <span class='ocr_line' id='line_1_116' title="bbox 1772 4640 3345 4723; baseline -0.011 -11"><span class='ocrx_word' id='word_1_933' title='bbox 1772 4654 2044 4723; x_wconf 88' lang='lat' dir='ltr'><strong>corrupti;</strong></span> <span class='ocrx_word' id='word_1_934' title='bbox 2074 4652 2142 4705; x_wconf 92' lang='lat' dir='ltr'><strong>ita</strong></span> <span class='ocrx_word' id='word_1_935' title='bbox 2159 4659 2213 4705; x_wconf 90' lang='lat' dir='ltr'><strong>et</strong></span> <span class='ocrx_word' id='word_1_936' title='bbox 2235 4660 2359 4703; x_wconf 91' lang='lat' dir='ltr'><strong>tunc</strong></span> <span class='ocrx_word' id='word_1_937' title='bbox 2380 4655 2512 4701; x_wconf 88' lang='lat' dir='ltr'><strong>crat.</strong></span> <span class='ocrx_word' id='word_1_938' title='bbox 2544 4646 2649 4701; x_wconf 89' lang='lat' dir='ltr'><strong>Cur</strong></span> <span class='ocrx_word' id='word_1_939' title='bbox 2670 4640 2839 4699; x_wconf 87' lang='lat' dir='ltr'><strong>cinis?</strong></span> <span class='ocrx_word' id='word_1_940' title='bbox 2865 4643 3196 4697; x_wconf 86' lang='lat' dir='ltr'><strong>Admonebat</strong></span> <span class='ocrx_word' id='word_1_941' title='bbox 3221 4658 3345 4695; x_wconf 85' lang='lat' dir='ltr'><strong>eum</strong></span> 
     </span>
    </p>
   </div>
   <div class='ocr_carea' id='block_1_117' title="bbox 1772 4733 3348 4819">
    <p class='ocr_par' dir='ltr' id='par_1_117' title="bbox 1772 4733 3348 4819">
     <span class='ocr_line' id='line_1_117' title="bbox 1772 4733 3348 4819; baseline -0.01 -18"><span class='ocrx_word' id='word_1_942' title='bbox 1772 4747 1999 4819; x_wconf 82' lang='lat' dir='ltr'><strong>propriae</strong></span> <span class='ocrx_word' id='word_1_943' title='bbox 2016 4752 2236 4797; x_wconf 62' lang='lat' dir='ltr'><strong>naturai.</strong></span> <span class='ocrx_word' id='word_1_944' title='bbox 2258 4739 2364 4794; x_wconf 89' lang='lat' dir='ltr'><strong>Cur</strong></span> <span class='ocrx_word' id='word_1_945' title='bbox 2383 4736 2600 4793; x_wconf 86' lang='lat' dir='ltr'><strong>saccus?</strong></span> <span class='ocrx_word' id='word_1_946' title='bbox 2626 4735 2924 4804; x_wconf 82' lang='lat' dir='ltr'><strong>ASperitate</strong></span> <span class='ocrx_word' id='word_1_947' title='bbox 2944 4733 3213 4801; x_wconf 88' lang='lat' dir='ltr'><strong>deprimit.</strong></span> <span class='ocrx_word' id='word_1_948' title='bbox 3240 4734 3348 4789; x_wconf 87' lang='lat' dir='ltr'><strong>Cur</strong></span> 
     </span>
    </p>
   </div>
   <div class='ocr_carea' id='block_1_118' title="bbox 1770 4824 3344 4911">
    <p class='ocr_par' dir='ltr' id='par_1_118' title="bbox 1770 4824 3344 4911">
     <span class='ocr_line' id='line_1_118' title="bbox 1770 4824 3344 4911; baseline -0.011 -17"><span class='ocrx_word' id='word_1_949' title='bbox 1770 4836 2069 4911; x_wconf 86' lang='lat' dir='ltr'><strong>jejunium?</strong></span> <span class='ocrx_word' id='word_1_950' title='bbox 2098 4834 2165 4889; x_wconf 87' lang='lat' dir='ltr'><strong>Et</strong></span> <span class='ocrx_word' id='word_1_951' title='bbox 2190 4832 2361 4902; x_wconf 89' lang='lat' dir='ltr'><strong>ipsum</strong></span> <span class='ocrx_word' id='word_1_952' title='bbox 2391 4844 2452 4884; x_wconf 89' lang='lat' dir='ltr'><strong>ea</strong></span> <span class='ocrx_word' id='word_1_953' title='bbox 2479 4845 2595 4898; x_wconf 81' lang='lat' dir='ltr'><strong>quae</strong></span> <span class='ocrx_word' id='word_1_954' title='bbox 2617 4828 2667 4880; x_wconf 87' lang='lat' dir='ltr'><strong>in</strong></span> <span class='ocrx_word' id='word_1_955' title='bbox 2692 4826 2935 4896; x_wconf 85' lang='lat' dir='ltr'><strong>paradiso</strong></span> <span class='ocrx_word' id='word_1_956' title='bbox 2958 4834 3102 4895; x_wconf 85' lang='lat' dir='ltr'><strong>gesta</strong></span> <span class='ocrx_word' id='word_1_957' title='bbox 3124 4830 3268 4882; x_wconf 68' lang='lat' dir='ltr'><strong>sunt,</strong></span> <span class='ocrx_word' id='word_1_958' title='bbox 3291 4824 3344 4877; x_wconf 88' lang='lat' dir='ltr'><strong>in</strong></span> 
     </span>
    </p>
   </div>
   <div class='ocr_carea' id='block_1_119' title="bbox 1769 4917 3353 4986">
    <p class='ocr_par' dir='ltr' id='par_1_119' title="bbox 1769 4917 3353 4986">
     <span class='ocr_line' id='line_1_119' title="bbox 1769 4917 3353 4986; baseline -0.013 0"><span class='ocrx_word' id='word_1_959' title='bbox 1769 4928 2080 4986; x_wconf 89' lang='lat' dir='ltr'><strong>memoriam</strong></span> <span class='ocrx_word' id='word_1_960' title='bbox 2123 4923 2423 4979; x_wconf 89' lang='lat' dir='ltr'><strong>revocabat.</strong></span> <span class='ocrx_word' id='word_1_961' title='bbox 2464 4920 2562 4975; x_wconf 79' lang='lat' dir='ltr'><strong>llic</strong></span> <span class='ocrx_word' id='word_1_962' title='bbox 2595 4919 2721 4973; x_wconf 90' lang='lat' dir='ltr'><strong>viris</strong></span> <span class='ocrx_word' id='word_1_963' title='bbox 2759 4917 2957 4971; x_wconf 89' lang='lat' dir='ltr'><strong>sanctis</strong></span> <span class='ocrx_word' id='word_1_964' title='bbox 2996 4928 3111 4970; x_wconf 92' lang='lat' dir='ltr'><strong>mos</strong></span> <span class='ocrx_word' id='word_1_965' title='bbox 3151 4923 3255 4983; x_wconf 84' lang='lat' dir='ltr'><strong>est,</strong></span> <span class='ocrx_word' id='word_1_966' title='bbox 3284 4932 3353 4972; x_wconf 85' lang='lat' dir='ltr'><strong>ea</strong></span> 
     </span>
    </p>
   </div>
   <div class='ocr_carea' id='block_1_120' title="bbox 1768 5007 3336 5093">
    <p class='ocr_par' dir='ltr' id='par_1_120' title="bbox 1768 5007 3336 5093">
     <span class='ocr_line' id='line_1_120' title="bbox 1768 5007 3336 5093; baseline -0.013 -16"><span class='ocrx_word' id='word_1_967' title='bbox 1768 5036 1887 5093; x_wconf 70' lang='lat' dir='ltr'><strong>quae</strong></span> <span class='ocrx_word' id='word_1_968' title='bbox 1926 5017 2165 5088; x_wconf 82' lang='lat' dir='ltr'><strong>afﬂigunt</strong></span> <span class='ocrx_word' id='word_1_969' title='bbox 2202 5011 2519 5068; x_wconf 88' lang='lat' dir='ltr'><strong>consectari.</strong></span> <span class='ocrx_word' id='word_1_970' title='bbox 2568 5009 2750 5079; x_wconf 88' lang='lat' dir='ltr'><strong>Neque</strong></span> <span class='ocrx_word' id='word_1_971' title='bbox 2790 5016 2926 5061; x_wconf 90' lang='lat' dir='ltr'><strong>terra</strong></span> <span class='ocrx_word' id='word_1_972' title='bbox 2972 5007 3164 5081; x_wconf 87' lang='lat' dir='ltr'><strong>dignus</strong></span> <span class='ocrx_word' id='word_1_973' title='bbox 3202 5019 3336 5070; x_wconf 87' lang='lat' dir='ltr'><strong>sum,</strong></span> 
     </span>
    </p>
   </div>
   <div class='ocr_carea' id='block_1_121' title="bbox 1769 5094 3339 5185">
    <p class='ocr_par' dir='ltr' id='par_1_121' title="bbox 1769 5094 3339 5185">
     <span class='ocr_line' id='line_1_121' title="bbox 1769 5094 3339 5185; baseline -0.014 -15"><span class='ocrx_word' id='word_1_974' title='bbox 1769 5114 1956 5185; x_wconf 90' lang='lat' dir='ltr'><strong>inquit,</strong></span> <span class='ocrx_word' id='word_1_975' title='bbox 1986 5123 2157 5177; x_wconf 87' lang='lat' dir='ltr'><strong>neque</strong></span> <span class='ocrx_word' id='word_1_976' title='bbox 2198 5106 2448 5167; x_wconf 87' lang='lat' dir='ltr'><strong>vestibus,</strong></span> <span class='ocrx_word' id='word_1_977' title='bbox 2475 5117 2653 5174; x_wconf 89' lang='lat' dir='ltr'><strong>neque</strong></span> <span class='ocrx_word' id='word_1_978' title='bbox 2692 5098 2852 5155; x_wconf 90' lang='lat' dir='ltr'><strong>rebus</strong></span> <span class='ocrx_word' id='word_1_979' title='bbox 2894 5113 3012 5168; x_wconf 77' lang='lat' dir='ltr'><strong>qua:</strong></span> <span class='ocrx_word' id='word_1_980' title='bbox 3051 5094 3339 5151; x_wconf 87' lang='lat' dir='ltr'><strong>secundum</strong></span> 
     </span>
    </p>
   </div>
   <div class='ocr_carea' id='block_1_122' title="bbox 1770 5188 3342 5265">
    <p class='ocr_par' dir='ltr' id='par_1_122' title="bbox 1770 5188 3342 5265">
     <span class='ocr_line' id='line_1_122' title="bbox 1770 5188 3342 5265; baseline -0.013 -3"><span class='ocrx_word' id='word_1_981' title='bbox 1770 5215 2012 5262; x_wconf 83' lang='lat' dir='ltr'><strong>naturam</strong></span> <span class='ocrx_word' id='word_1_982' title='bbox 2054 5213 2198 5265; x_wconf 89' lang='lat' dir='ltr'><strong>sunt,</strong></span> <span class='ocrx_word' id='word_1_983' title='bbox 2238 5197 2331 5253; x_wconf 90' lang='lat' dir='ltr'><strong>sed</strong></span> <span class='ocrx_word' id='word_1_984' title='bbox 2374 5195 2601 5265; x_wconf 87' lang='lat' dir='ltr'><strong>graviori</strong></span> <span class='ocrx_word' id='word_1_985' title='bbox 2643 5192 2936 5262; x_wconf 85' lang='lat' dir='ltr'><strong>supplicio,</strong></span> <span class='ocrx_word' id='word_1_986' title='bbox 2983 5191 3072 5259; x_wconf 90' lang='lat' dir='ltr'><strong>qui</strong></span> <span class='ocrx_word' id='word_1_987' title='bbox 3112 5188 3342 5245; x_wconf 86' lang='lat' dir='ltr'><strong>Persicis</strong></span> 
     </span>
    </p>
   </div>
   <div class='ocr_carea' id='block_1_123' title="bbox 1767 5277 3339 5358">
    <p class='ocr_par' dir='ltr' id='par_1_123' title="bbox 1767 5277 3339 5358">
     <span class='ocr_line' id='line_1_123' title="bbox 1767 5277 3339 5358; baseline -0.013 -5"><span class='ocrx_word' id='word_1_988' title='bbox 1767 5298 1990 5352; x_wconf 90' lang='lat' dir='ltr'><strong>amictus</strong></span> <span class='ocrx_word' id='word_1_989' title='bbox 2014 5309 2133 5347; x_wconf 89' lang='lat' dir='ltr'><strong>sum</strong></span> <span class='ocrx_word' id='word_1_990' title='bbox 2163 5290 2419 5355; x_wconf 85' lang='lat' dir='ltr'><strong>vestibus,</strong></span> <span class='ocrx_word' id='word_1_991' title='bbox 2453 5288 2541 5358; x_wconf 91' lang='lat' dir='ltr'><strong>qui</strong></span> <span class='ocrx_word' id='word_1_992' title='bbox 2570 5287 2753 5341; x_wconf 88' lang='lat' dir='ltr'><strong>tiaram</strong></span> <span class='ocrx_word' id='word_1_993' title='bbox 2780 5292 2931 5355; x_wconf 89' lang='lat' dir='ltr'><strong>gesto</strong></span> <span class='ocrx_word' id='word_1_994' title='bbox 2951 5282 3240 5337; x_wconf 88' lang='lat' dir='ltr'><strong>Persicam.</strong></span> <span class='ocrx_word' id='word_1_995' title='bbox 3274 5277 3339 5332; x_wconf 87' lang='lat' dir='ltr'><strong>Et</strong></span> 
     </span>
    </p>
   </div>
   <div class='ocr_carea' id='block_1_124' title="bbox 1766 5366 3342 5460">
    <p class='ocr_par' dir='ltr' id='par_1_124' title="bbox 1766 5366 3342 5460">
     <span class='ocr_line' id='line_1_124' title="bbox 1766 5366 3342 5460; baseline -0.017 -15"><span class='ocrx_word' id='word_1_996' title='bbox 1766 5389 1891 5460; x_wconf 90' lang='lat' dir='ltr'><strong>quid</strong></span> <span class='ocrx_word' id='word_1_997' title='bbox 1916 5386 2025 5441; x_wconf 87' lang='lat' dir='ltr'><strong>ait?</strong></span> <span class='ocrx_word' id='word_1_998' title='bbox 2046 5383 2332 5439; x_wconf 83' lang='lat' dir='ltr'><strong>Videamus</strong></span> <span class='ocrx_word' id='word_1_999' title='bbox 2359 5378 2769 5435; x_wconf 76' lang='lat' dir='ltr'><strong>confessionem.</strong></span> <span class='ocrx_word' id='word_1_1000' title='bbox 2800 5375 2852 5429; x_wconf 72' lang='grc'><strong>4.</strong></span> <span class='ocrx_word' id='word_1_1001' title='bbox 2889 5373 2952 5427; x_wconf 88' lang='lat' dir='ltr'><strong>Et</strong></span> <span class='ocrx_word' id='word_1_1002' title='bbox 2976 5370 3115 5426; x_wconf 85' lang='lat' dir='ltr'><strong>oravi</strong></span> <span class='ocrx_word' id='word_1_1003' title='bbox 3140 5368 3206 5460; x_wconf 81' lang='lat' dir='ltr'><strong>ad</strong></span> <span class='ocrx_word' id='word_1_1004' title='bbox 3236 5366 3342 5419; x_wconf 85' lang='lat' dir='ltr'><strong>Do-</strong></span> 
     </span>
    </p>
   </div>
   <div class='ocr_carea' id='block_1_125' title="bbox 1765 5459 3337 5535">
    <p class='ocr_par' dir='ltr' id='par_1_125' title="bbox 1765 5459 3337 5535">
     <span class='ocr_line' id='line_1_125' title="bbox 1765 5459 3337 5535; baseline -0.017 0"><span class='ocrx_word' id='word_1_1005' title='bbox 1765 5459 1957 5535; x_wconf 80' lang='lat' dir='ltr'><strong>minum</strong></span> <span class='ocrx_word' id='word_1_1006' title='bbox 1997 5477 2160 5531; x_wconf 86' lang='lat' dir='ltr'><strong>Deum</strong></span> <span class='ocrx_word' id='word_1_1007' title='bbox 2201 5490 2383 5528; x_wconf 86' lang='lat' dir='ltr'><strong>meum.</strong></span> <span class='ocrx_word' id='word_1_1008' title='bbox 2425 5469 2595 5526; x_wconf 88' lang='lat' dir='ltr'><strong>Cerne</strong></span> <span class='ocrx_word' id='word_1_1009' title='bbox 2623 5481 2859 5523; x_wconf 89' lang='lat' dir='ltr'><strong>amorem</strong></span> <span class='ocrx_word' id='word_1_1010' title='bbox 2886 5478 3009 5533; x_wconf 81' lang='lat' dir='ltr'><strong>erga</strong></span> <span class='ocrx_word' id='word_1_1011' title='bbox 3039 5459 3337 5516; x_wconf 90' lang='lat' dir='ltr'><strong>Dominum.</strong></span> 
     </span>
    </p>
   </div>
   <div class='ocr_carea' id='block_1_126' title="bbox 1771 5548 3340 5637">
    <p class='ocr_par' dir='ltr' id='par_1_126' title="bbox 1771 5548 3340 5637">
     <span class='ocr_line' id='line_1_126' title="bbox 1771 5548 3340 5637; baseline -0.014 -10"><span class='ocrx_word' id='word_1_1012' title='bbox 1771 5573 1930 5629; x_wconf 82' lang='lat' dir='ltr'><strong>Deum</strong></span> <span class='ocrx_word' id='word_1_1013' title='bbox 1952 5584 2134 5635; x_wconf 71' lang='lat' dir='ltr'><strong>nicum,</strong></span> <span class='ocrx_word' id='word_1_1014' title='bbox 2159 5565 2347 5637; x_wconf 84' lang='lat' dir='ltr'><strong>inquit.</strong></span> <span class='ocrx_word' id='word_1_1015' title='bbox 2378 5561 2476 5619; x_wconf 85' lang='lat' dir='ltr'><strong>Cui</strong></span> <span class='ocrx_word' id='word_1_1016' title='bbox 2494 5575 2599 5617; x_wconf 91' lang='lat' dir='ltr'><strong>non</strong></span> <span class='ocrx_word' id='word_1_1017' title='bbox 2619 5557 2844 5615; x_wconf 88' lang='lat' dir='ltr'><strong>audebat</strong></span> <span class='ocrx_word' id='word_1_1018' title='bbox 2863 5553 3178 5626; x_wconf 87' lang='lat' dir='ltr'><strong>supplicare,</strong></span> <span class='ocrx_word' id='word_1_1019' title='bbox 3202 5548 3340 5605; x_wconf 74' lang='lat' dir='ltr'><strong>hunc</strong></span> 
     </span>
    </p>
   </div>
  </div>
