3724 6272
325 192 433 260 250

328 322 495 377 Deum
544 332 699 373 suum
741 327 912 371 vocat.
969 316 1057 370 20.
1098 336 1116 368 ι
1148 316 1334 371 Adhuc
1375 331 1461 370 me
1512 316 1796 385 loquente,
1844 328 1909 367 ac

326 420 513 468 orante
538 453 551 475 ,
584 418 637 466 et
676 409 963 464 confitente
994 416 1208 477 peccata
1243 421 1381 472 mea,
1410 415 1463 460 et
1493 414 1705 475 peccata
1734 405 1910 475 populi

326 506 431 560 mei
472 503 717 568 lsraelis,
760 512 812 556 et
856 510 1227 571 prosternente
1273 499 1689 554 misericordiam
1740 512 1911 552 meam

325 611 505 651 coram
551 595 775 649 Domino
817 594 927 648 Deo
956 607 1109 658 meo,
1154 593 1219 646 ad
1261 601 1492 645 montem
1534 601 1772 644 sanctum
1819 590 1911 643 Dei

327 687 433 740 mei
462 703 475 739 :
507 686 596 739 21.
630 695 685 739 et
711 684 886 739 adhuc
912 699 996 739 me
1023 684 1272 753 loquente
1314 682 1365 735 in
1408 681 1650 736 oratione
1669 722 1683 745 ,
1710 689 1765 735 et
1788 694 1913 735 ecce

331 780 414 831 vir
443 775 676 842 Gabriel,
710 790 866 846 quem
892 775 1126 831 videram
1158 777 1209 827 in
1237 774 1437 828 visione
1462 788 1490 826 a
1521 773 1799 843 principio,
1823 787 1914 828 vo-

329 868 443 921 lans
468 876 554 921 :et
585 868 750 937 tetigit
772 882 857 922 me
878 866 1090 922 circiter
1119 865 1302 921 horam
1330 865 1572 921 sacrilicii
1600 864 1907 935 vespertini.

328 959 418 1012 22.
450 958 516 1012 Et
537 958 832 1029 intelligere
856 957 976 1013 fecit
1008 972 1113 1022 me,
1146 966 1198 1011 et
1224 958 1473 1027 loquutus
1497 962 1579 1011 est
1605 971 1834 1022 mecum,
1859 963 1913 1010 et

328 1050 463 1103 dixit
494 1066 507 1102 :
540 1049 756 1117 Daniel,
779 1064 923 1106 nunc
942 1064 1186 1120 egressus
1209 1064 1347 1114 sum,
1370 1054 1430 1102 ut
1452 1044 1791 1102 conciliarem
1819 1048 1912 1101 tibi

331 1141 752 1211 intelligentiam.
785 1140 873 1195 23.
904 1141 959 1195 lu
993 1140 1251 1210 principio
1276 1139 1667 1210 deprecationis
1696 1148 1799 1193 tua:
1820 1154 1914 1194 ex-

329 1232 424 1286 ivit
446 1246 624 1287 sermo
658 1247 672 1284 :
700 1240 754 1287 et
782 1246 881 1302 ego
908 1233 1049 1296 veni,
1076 1240 1134 1286 ut
1158 1233 1526 1287 annuntiarem
1549 1232 1663 1300 tibi,
1685 1231 1806 1302 quia
1832 1232 1915 1286 vir

330 1320 715 1377 desideriorum
756 1332 810 1377 tu
854 1338 915 1378 es
952 1324 1051 1394 (ἀ).
1082 1322 1151 1378 Et
1179 1323 1547 1379 animadverte
1572 1324 1622 1378 in
1650 1324 1832 1391 verbo,
1859 1332 1914 1379 et

330 1419 563 1488 lntellige
591 1419 642 1473 in
670 1420 898 1474 visione.
933 1439 951 1470 ›
984 1419 1163 1490 Itaque
1184 1434 1302 1473 cum
1334 1416 1512 1474 dicent
1532 1418 1686 1474 nobis
1710 1417 1911 1473 Judrei:

330 1509 434 1562 Cur
464 1508 515 1563 in
545 1503 697 1575 lsaia,
718 1526 837 1566 cum
857 1510 1011 1565 Ozias
1039 1510 1104 1564 de
1134 1510 1273 1565 bello
1302 1510 1598 1577 timeret,et
1613 1510 1679 1564 de
1695 1509 1913 1580 expedi-

335 1602 476 1656 tione
504 1600 731 1661 duorum
764 1618 942 1671 regum
973 1602 1074 1672 (b),
1105 1601 1361 1673 propheta
1390 1618 1635 1673 egressus
1663 1603 1808 1659 dedit
1834 1603 1912 1660 eis

330 1708 357 1746 s
378 1708 537 1763 gnum
574 1693 723 1765 (Isai.
752 1695 829 1765 7),
865 1694 1003 1765 quod
1031 1704 1150 1763 post
1174 1695 1483 1750 innumeros
1502 1711 1670 1752 annos
1699 1697 1913 1753 evenit?

330 1787 571 1842 dicemus
600 1794 654 1843 et
679 1803 776 1843 nos
803 1789 869 1844 ad
896 1789 1054 1845 illos:
1087 1789 1195 1846 Cur
1227 1806 1347 1845 cum
1388 1792 1566 1845 Daniel
1606 1803 1914 1862 precaretur

331 1894 428 1947 pro
455 1878 648 1943 reditu,
680 1888 735 1935 et
779 1880 848 1936 de
893 1881 957 1935 iis
998 1881 1160 1937 rebus
1207 1882 1404 1953 aliquid
1441 1883 1627 1939 audire
1669 1896 1909 1955 cuperet,

329 1987 575 2042 egressus
602 1966 841 2043 angelus,
864 1973 933 2029 de
962 1974 1046 2031 his
1070 1975 1282 2045 quidem
1307 1976 1435 2030 nihil
1462 1978 1801 2042 renuntiavit,
1825 1993 1912 2033 res

329 2073 503 2118 autem
535 2063 693 2134 longo
726 2074 844 2133 post
871 2074 1110 2136 tempore
1133 2065 1337 2121 futuras
1368 2067 1616 2122 edocuit?
1644 2068 1749 2124 Sed
1776 2071 1914 2125 sicut

330 2152 417 2207 hic
454 2169 519 2208 ex
559 2155 844 2210 abundanti
873 2157 1219 2225 quaestionem
1248 2157 1443 2219 solvit;
1473 2159 1544 2212 ita
1572 2168 1626 2214 et
1651 2159 1779 2214 illic.
1818 2159 1911 2214 Fi-

331 2245 454 2300 dem
483 2247 625 2301 enim
658 2249 943 2302 maximam
969 2247 1095 2303 facit
1134 2249 1281 2306 urbis
1310 2250 1603 2321 erigendm,
1630 2252 1769 2322 quod
1808 2253 1912 2308 ite-

332 2352 448 2390 rum
476 2337 732 2407 capienda
761 2338 975 2392 dicitur.
1011 2339 1146 2407 Quid
1176 2340 1340 2411 ergo?
1366 2356 1433 2395 an
1463 2342 1603 2412 quod
1631 2343 1758 2397 velit
1785 2356 1911 2412 pro-

332 2431 545 2499 phetam
589 2432 942 2498 contristare,
984 2432 1036 2487 id
1085 2433 1231 2502 agit?
1272 2433 1508 2502 Minime,
1536 2433 1631 2489 sed
1661 2434 1913 2491 Hebraeos

331 2524 475 2592 cupit
505 2523 794 2577 timidiores
821 2522 1053 2579 efﬁcere.
1083 2524 1150 2578 Et
1170 2540 1273 2579 non
1296 2526 1482 2590 semel,
1508 2540 1680 2596 neque
1696 2526 1797 2593 bis,
1816 2528 1910 2583 sed

331 2628 474 2681 saepe
500 2613 711 2682 repetit.
749 2613 1189 2683 Quandoquidem
1218 2615 1359 2668 enim
1386 2613 1561 2670 futura
1590 2618 1911 2687 prostieritas

331 2704 604 2759 sul‘ticiens
626 2714 741 2759 erat
766 2705 836 2760 ad
861 2719 1049 2760 eorum
1075 2714 1310 2761 mentem
1338 2705 1621 2761 inﬂandam
1642 2749 1657 2774 ,
1687 2723 1791 2763 non
1819 2724 1910 2763 so-

332 2795 441 2850 lum
483 2797 771 2852 instaurata
808 2798 1057 2863 civitate,
1093 2796 1187 2853 sed
1235 2806 1290 2852 et
1334 2798 1581 2853 manibus
1621 2798 1912 2854 barbaricis

333 2886 609 2953 aediﬁcata,
642 2886 931 2942 barbaricis
969 2887 1075 2942 illis
1117 2902 1237 2958 qua:
1278 2903 1396 2942 eam
1436 2899 1758 2944 everterant.
1800 2888 1913 2945 lloc

331 2981 473 3035 enim
503 2981 662 3035 etiam
694 2981 855 3035 lsaias
875 2980 1039 3045 dicit,
1069 2980 1357 3036 ostendens
1383 2982 1818 3052 omnipotentiam
1850 2998 1914 3039 ac

331 3072 539 3127 divitias
569 3072 695 3137 Dei,
740 3072 1008 3142 quomodo
1048 3082 1234 3141 potens
1272 3072 1342 3127 sit
1379 3075 1554 3127 omnia
1583 3082 1636 3127 et
1662 3075 1835 3129 facere
1859 3084 1912 3129 et

330 3173 538 3217 mutare.
567 3161 719 3235 (Isai.
747 3163 838 3218 49.
874 3163 982 3233 17).
1016 3164 1275 3231 Quoniam
1315 3164 1473 3235 igitur
1510 3164 1741 3219 futurum
1774 3174 1909 3233 erat,

331 3266 389 3311 ut
411 3255 611 3311 Judaeis
636 3255 802 3325 patria
828 3254 966 3310 bona
991 3254 1363 3321 redderentur,
1397 3266 1556 3325 utque
1580 3264 1912 3325 reportarent

331 3350 563 3404 illustres
601 3347 986 3419 continuasque
1025 3347 1310 3415 victorias,
1356 3363 1490 3419 quas
1537 3356 1592 3402 et
1639 3346 1912 3418 propheta:

330 3456 521 3511 magna
566 3454 697 3494 voce
742 3438 1033 3508 praedicant
1064 3449 1162 3496 :ut
1203 3439 1447 3494 Ezechiel
1494 3439 1729 3509 quidem,
1770 3438 1912 3508 qttod

331 3540 535 3601 septem
558 3530 713 3584 armis
732 3532 1171 3586 comburerentur
1189 3546 1336 3586 arma
1358 3548 1542 3587 eorum
1566 3533 1651 3601 qui
1669 3532 1912 3603 capiendi

332 3635 487 3679 erant
534 3623 762 3695 (ΕιεεΙι.
796 3622 882 3679 59.
915 3622 1027 3694 9);
1059 3623 1147 3677 alii
1190 3634 1367 3678 autem
1414 3624 1684 3693 propheta:
1724 3622 1910 3679 eadem

332 3717 546 3772 assidue
573 3716 820 3771 dicebant
850 3732 861 3766 :
891 3730 959 3769 ne
990 3714 1071 3769 his
1090 3756 1105 3780 ,
1139 3715 1352 3785 inquam
1373 3756 1387 3779 ,
1424 3715 1581 3769 rebus
1610 3714 1731 3769 elati
1759 3714 1909 3769 dete-

332 3811 502 3864 riores
531 3808 796 3878 prioribus
837 3805 1023 3861 tierent
1048 3848 1064 3874 ,
1102 3814 1245 3860 metu
1275 3805 1648 3874 pra-dictionis,
1678 3814 1731 3859 et
1769 3804 1910 3875 quod

331 3903 519 3959 eadem
548 3901 773 3958 subinde
797 3901 1120 3964 dicerentur,
1151 3913 1245 3954 eos
1272 3898 1415 3952 velut
1442 3898 1507 3951 ad
1541 3898 1909 3952 necessitatem

332 3996 690 4054 inevitabilem
718 3995 942 4066 redigit,
970 4003 1028 4048 ut
1054 4009 1121 4048 ne
1146 3993 1386 4047 volentes
1411 3990 1622 4063 quidem
1655 3992 1909 4061 perirent.

334 4089 401 4144 Et
422 4098 637 4160 propter
659 4086 758 4141 hoc
778 4096 833 4141 et
858 4096 1065 4155 tempus
1086 4084 1344 4140 incertum
1373 4082 1629 4148 faciebat;
1661 4083 1909 4153 quoniam

331 4197 450 4251 qua:
472 4180 669 4235 utilitas
687 4187 803 4233 erat
822 4178 919 4233 ista
940 4175 1278 4232 annuntiari?
1306 4175 1372 4230 Et
1400 4175 1521 4230 vide
1547 4174 1758 4245 quando
1785 4190 1912 4244 pro-

332 4272 637 4342 phetentur.
662 4269 773 4326 Sub
798 4271 967 4339 ipsum
992 4269 1243 4334 reditum,
1265 4268 1424 4323 rebus
1449 4268 1661 4323 illorum
1686 4269 1911 4337 vigenti-

332 4364 433 4417 bus
478 4377 543 4418 ac
582 4361 914 4416 ﬂorentibus.
963 4358 1506 4428 Quemadmodumet
1535 4358 1761 4429 Moyses,
1790 4373 1913 4413 cum

332 4470 428 4510 eos
454 4453 851 4509 introducturus
868 4460 1012 4507 esset
1038 4452 1090 4505 in
1115 4460 1309 4505 terram
1335 4449 1720 4519 promissionis,
1748 4466 1913 4521 prepe

333 4549 505 4616 ipsam
550 4546 808 4601 bonorum
850 4543 1243 4613 perceptionem
1287 4541 1568 4612 prOphetat
1609 4542 1737 4612 ipsis
1776 4544 1913 4597 mala

333 4658 451 4711 quze
478 4654 621 4695 nunc
645 4639 931 4703 sustinent,
958 4637 1142 4692 dicens
1174 4651 1188 4689 :
1220 4635 1483 4691 Contestor
1503 4636 1637 4691 vobis
1666 4636 1842 4690 coelum
1869 4648 1914 4692 et

333 4745 519 4788 terram
544 4731 718 4803 (Deut.
740 4731 793 4787 4.
815 4728 940 4801 26);
974 4728 1297 4790 indolentiaz,
1321 4743 1478 4799 quam
1504 4727 1728 4783 felicitas
1754 4729 1912 4799 parit,

396 4892 471 4954 (a)
505 4893 589 4943 Vir
614 4889 985 4947 desideriorum,
1004 4887 1096 4954 hoc
1114 4892 1207 4946 est,
1235 4884 1307 4936 vir
1330 4884 1652 4954 desideratus,
1678 4883 1761 4954 vel
1783 4883 1913 4954 desi-

335 4947 531 5011 derans,
553 4958 611 5001 ut.
643 4955 894 5013 exponunt
916 4951 1071 5013 sancti
1107 4956 1288 5013 Patres.
1335 4947 1571 5013 Isidor-um
1612 4947 1743 5013 fugit
1769 4948 1913 5013 ratio,

332 5029 443 5064 cum
465 5007 821 5078 thiginuttt'lib.
845 5014 895 5071 7,
920 5024 964 5060 c.
989 5011 1223 5078 8,_scribit
1245 5009 1311 5058 de
1343 5008 1563 5078 Daniele.
1585 5021 1598 5056 :
1638 5007 1916 5078 Desiderio?-

332 5090 441 5140 rum
464 5078 537 5127 vir
547 5068 824 5140 appellatus
845 5068 1103 5140 est,_quia_
1119 5083 1290 5134 panem
1319 5068 1563 5140 desiderii
1581 5081 1693 5140 Anon
1715 5069 1918 5140 mandu-

332 5138 473 5197 cavit,
499 5143 546 5188 et
570 5130 730 5186 viuum
752 5130 1149 5197 concupiscemus
1183 5143 1278 5197 non
1315 5130 1445 5181 bibit.
1479 5137 1543 5197 ita
1570 5138 1742 5197 tamen
1766 5132 1918 5180 verba

333 5191 505 5262 postea
525 5204 696 5262 nactus
715 5210 824 5262 sum
848 5197 896 5244 in
906 5191 972 5262 '_s.
995 5194 1267 5262 Augustino
1286 5199 1438 5241 Serm.
1470 5194 1539 5262 6:}.
1553 5191 1618 5262 de
1637 5199 1913 5262 Tempore:

335 5251 524 5321 'Dwtiel,
550 5258 858 5330 inquittideo
882 5257 953 5307 vir
991 5251 1649 5330 desideriorumuappettatgus
1664 5251 1793 5330 gesti
1805 5252 1920 5330 quia

332 5317 762 5387 ptatem'desiderii
779 5331 871 5387 non
894 5317 1117 5387 comedit,
1142 5324 1187 5366 et
1212 5323 1373 5387 potum
1395 5317 1794 5387 concupiscentia:
1825 5328 1920 5365 non

335 5376 464 5442 bibit,
493 5384 609 5444 quia
626 5381 782 5444 nugis
802 5378 1045 5444 Christum
1058 5376 1401 5444 guam‘eputas
1426 5376 1749 5444 desiderabat.

397 5436 468 5510 (b)
504 5436 611 5510 imo
628 5436 787 5510 Aelius
810 5443 950 5510 Is.__7,
975 5442 1022 5492 1.
1048 5436 1223 5510 Contra
1253 5436 1493 5510 Origenes
1530 5438 1686 5510 initio_
1706 5436 1920 5510 homines

336 5498 503 5573 prith
526 5510 574 5558 in
598 5507 790 5573 librum‘
805 5498 1040 5573 Judic'um‘
1060 5503 1285 5573 Achazum
1310 5498 1456 5573 (nian
1472 5502 1619 5573 enim
1656 5498 1920 5573 ibi_l_eg_ere

336 5563 513 5629 lic/nu,
538 5583 682 5633 quam
710 5567 886 5633 Achab)
906 5567 1075 5633 posuit
1088 5578 1174 5633 pro
1194 5564 1319 5621 (nia,
1345 5564 1580 5633 utetiam
1608 5563 1921 5632 manifestum

340 5640 417 5684 est
443 5622 511 5684 ei
532 5622 748 5695 ejusdem
774 5622 1042 5679 Adattiantii
1067 5622 1219 5685 initio,
1246 5633 1377 5675 ttom.
1410 5625 1429 5674 1
1454 5625 1500 5672 in
1526 5622 1714 5673 lsaiam.

1032 197 1087 252 S.
1127 196 1404 255 JOANNIS
1434 186 1906 252 CllRYSOSTOMI
1945 188 2261 250 ARCHlEP.
2302 195 2836 255 CONSTA’NTINOP.

3502 198 3623 258 2l0

2020 314 2346 381 atquilibrem
2377 330 2580 385 ponens
2612 317 2938 387 punitionem
2964 334 3120 389 quam
3159 316 3419 386 minatur;
3452 322 3527 374 ita
3561 335 3620 376 et

2020 403 2119 457 iste
2145 406 2378 459 continet
2408 407 2553 476 ipsos
2580 408 2634 461 in
2665 419 2829 463 metu.
2861 409 2986 465 ldeo
3027 420 3081 464 et
3118 411 3401 466 Zacharias
3445 414 3616 481 pluri-

2021 508 2165 549 mum
2201 497 2252 550 in
2296 498 2411 551 istis
2451 499 2609 556 rebus
2646 510 2904 563 moratur,
2936 503 3229 574 eademque
3269 506 3613 560 manifestius

2020 584 2165 639 dicit.
2188 585 2328 640 Nihil
2351 590 2544 658 quippe
2567 589 2794 645 humana
2819 600 3002 646 natura
3031 595 3202 650 minus
3222 607 3401 665 aptum
3426 606 3513 651 est
3536 598 3607 651 ad

2021 680 2426 747 prOSperitatem
2465 694 2526 735 ac
2569 682 2947 739 laxamentum.
2994 666 3170 741 Adhuc
3211 704 3290 741 me
3333 689 3612 755 loquente,

2023 768 2212 838 inquit,
2236 771 2288 823 in
2309 773 2552 837 oratione,
2578 773 2709 826 venit
2735 776 2944 845 angelus
2966 775 3189 845 Gabriel,
3208 778 3278 833 illi
3308 778 3611 846 familiaris,

2018 860 2193 913 volans
2214 875 2233 914 :
2260 872 2308 914 et
2336 863 2493 915 tenuit
2517 876 2596 917 me
2621 865 2820 919 circiter
2845 865 3019 920 horam
3047 870 3284 937 sacriﬁcii
3310 875 3611 941 vespertini.

2019 947 2115 1004 Vel
2143 966 2210 1005 ne
2238 967 2299 1006 ex
2321 951 2522 1007 visione
2548 954 2942 1024 obstupeﬁerct,
2965 957 3046 1012 vel
3070 969 3123 1013 ut
3146 961 3463 1030 intelligeret
3486 978 3613 1032 qua:

2020 1036 2348 1098 dicerentur.
2398 1044 2465 1100 Et
2493 1048 2613 1116 quia
2646 1063 2750 1102 non
2783 1050 2974 1105 licebat
2999 1068 3059 1106 ea
3085 1052 3225 1109 clare
3255 1066 3478 1126 pr0pter
3514 1072 3611 1112 re-

2020 1132 2191 1202 liquos
2217 1136 2476 1204 proferre,
2512 1137 2631 1205 jure
2676 1142 2842 1208 tangit
2879 1158 3021 1196 eum.
3073 1162 3090 1195 ι
3119 1142 3183 1197 Ει
3211 1144 3389 1199 docuit
3421 1161 3507 1202 tne
3530 1189 3547 1213 ,
3585 1164 3606 1198 ι

2020 1223 2208 1292 inquit,
2260 1243 2277 1276 ι
2303 1240 2365 1280 ac
2411 1226 2659 1297 loquutus
2700 1242 2783 1286 est
2824 1247 3070 1297 mecum,
3117 1244 3173 1288 et
3201 1235 3334 1289 dixit
3366 1254 3380 1290 :
3416 1236 3611 1297 Daniel

2019 1328 2162 1369 nunc
2186 1315 2347 1384 exivi,
2376 1328 2433 1372 ut
2453 1320 2789 1377 conciliarem
2813 1322 2906 1377 tibi
2928 1324 3348 1394 intelligentiam.
3378 1328 3432 1381 in
3459 1329 3613 1397 prin-

2019 1407 2159 1476 cipio
2186 1407 2581 1478 deprecationis
2606 1421 2709 1469 tua:
2730 1416 2893 1470 exivit
2921 1433 3097 1472 sermo
3122 1437 3135 1472 :
3169 1429 3221 1475 et
3248 1436 3346 1491 ego
3374 1424 3516 1486 veni,
3553 1432 3615 1479 ut

2020 1503 2379 1557 renuntiarent
2405 1504 2518 1571 tibi,
2538 1505 2658 1575 quia
2682 1508 2762 1561 vir
2779 1508 3160 1565 desideriorum
3187 1522 3238 1566 tu
3264 1528 3338 1567 es.
3358 1513 3422 1568 Et
3438 1515 3613 1569 animo

2018 1592 2235 1648 adverte
2263 1593 2313 1648 in
2347 1595 2528 1663 verbo,
2556 1606 2611 1653 et
2649 1598 2882 1671 intellige
2929 1602 2981 1656 in
3027 1602 3250 1658 visione.
3290 1623 3309 1657 ι
3343 1607 3607 1669 Attende.

2019 1683 2209 1754 inquit,
2237 1700 2299 1741 ea
2326 1701 2447 1757 quae
2472 1687 2739 1743 dicuntur.
2789 1690 2921 1746 Cum
2961 1693 3101 1747 enim
3145 1694 3335 1765 aliquis
3370 1695 3440 1752 de
3480 1698 3611 1754 aliis

2018 1777 2233 1847 quidem
2263 1787 2435 1849 rogat,
2463 1780 2567 1835 alia
2593 1796 2719 1837 vero
2746 1782 2913 1849 audit,
2938 1785 3103 1841 multa
3136 1794 3261 1842 tunc
3289 1788 3489 1859 indiget
3514 1799 3597 1843 at-

2020 1869 2273 1924 tentione.
2300 1868 2391 1925 25.
2420 1868 2489 1924 Et
2509 1872 2709 1941 redibit,
2738 1884 2783 1929 et
2803 1874 3138 1944 wdiﬁcabitur
3158 1879 3323 1949 platea
3346 1890 3393 1933 et
3420 1898 3608 1933 muro-

2017 1977 2130 2015 rum
2179 1963 2411 2017 ambitus.
2463 1963 2686 2041 Quidam
2744 1980 2866 2022 esse
2920 1966 3103 2023 dicunt
3150 1986 3396 2037 murum,
3439 1990 3606 2043 quem

2018 2055 2246 2125 Agrippa
2270 2057 2501 2112 condidit
2534 2056 2631 2130 (a).
2667 2077 2686 2111 ι
2713 2058 2782 2114 Et
2801 2062 3195 2117 evacuabuutur
3218 2073 3477 2135 tempora.
3505 2067 3605 2120 26.

2019 2148 2086 2201 Et
2111 2157 2231 2217 post
2272 2149 2632 2207 hebdomadas
2672 2153 2946 2223 sexaginta
2984 2153 3116 2211 duas
3155 2158 3605 2212 exterminabitur

2019 2241 2228 2305 unctio;
2257 2240 2593 2311 etjudieium
2634 2258 2738 2297 non
2780 2254 2863 2299 est
2907 2244 2959 2300 in
2998 2261 3064 2301 eo
3092 2264 3107 2301 :
3140 2256 3196 2303 et
3232 2248 3498 2305 civitatem
3550 2262 3607 2306 ct

2017 2335 2375 2390 sanctuarium
2402 2336 2677 2392 labefacict
2704 2351 2823 2391 cum
2851 2336 3020 2403 duce;
3052 2350 3105 2394 et
3129 2342 3438 2397 excidcntur
3463 2344 3605 2398 sicut

2017 2423 2069 2478 in
2091 2424 2308 2492 diluvio,
2343 2437 2396 2482 et
2422 2442 2589 2497 usque
2615 2427 2681 2482 ad
2711 2426 2867 2483 ﬁnem
2899 2429 3023 2484 belli
3051 2433 3251 2486 concisi
3278 2434 3603 2489 calamitati-

2016 2517 2136 2573 bus.
2166 2518 2257 2572 27.
2299 2520 2363 2574 Et
2401 2520 2735 2575 confirmabit
2777 2530 3148 2577 testamentum
3183 2526 3362 2580 multis
3392 2524 3604 2581 hebdo-

1984 2661 1986 2664 ,
2018 2625 2131 2665 mas
2177 2627 2300 2666 una.
2332 2631 2351 2664 ι
2401 2612 2531 2669 Vide
2577 2623 2634 2668 ut
2673 2613 2979 2670 terribiliter
3014 2616 3153 2671 mala
3182 2628 3411 2672 enarret.
3451 2638 3471 2671 ι
3504 2620 3605 2676 Vel

2017 2703 2293 2759 dimidittm
2335 2703 2713 2774 hebdomadis,
2744 2720 2955 2762 cessare
2995 2708 3149 2763 faciet
3193 2710 3479 2780 thymiama
3502 2753 3517 2775 ,
3546 2724 3607 2769 et

2016 2796 2354 2864 sacriﬁcium,
2373 2806 2427 2852 et
2451 2796 2677 2853 libamen
2699 2814 2714 2865 ;
2743 2806 2797 2852 et
2814 2814 2974 2868 super
3000 2800 3251 2869 templum
3273 2802 3607 2859 abuminalio

2017 2887 2358 2944 desolationis
2376 2928 2392 2953 ,
2424 2897 2480 2944 et
2508 2903 2674 2959 usque
2702 2889 2768 2944 ad
2798 2892 3310 2947 consummationem
3340 2896 3607 2962 temporis

2017 2981 2471 3036 consummabitur
2500 2982 2551 3035 in
2580 2980 2982 3038 desolationem.
3014 3001 3033 3034 ι
3082 2981 3210 3038 Vide
3251 2993 3307 3037 ut
3346 2984 3396 3037 in
3439 2984 3609 3039 rebus

2018 3073 2252 3128 tristibus
2273 3073 2505 3127 sermoni
2528 3075 2687 3127 linem
2715 3073 3044 3144 imposuerit,
3069 3085 3121 3128 et
3146 3090 3207 3129 ea
3235 3075 3447 3145 qttidctn
3480 3094 3609 3146 qua:

2015 3162 2153 3220 bona
2175 3170 2328 3218 erant
2355 3162 2582 3219 obscure
2609 3163 2829 3231 dixerit;
2861 3164 2963 3219 hoc
2984 3165 3123 3218 enim
3155 3164 3255 3219 sibi
3284 3167 3394 3220 vult
3418 3167 3552 3221 illud
3588 3186 3604 3221 :

2017 3255 2341 3326 Conﬁrmabil
2360 3258 2531 3311 multis
2557 3268 2903 3312 testamentum
2940 3257 3211 3312 hebdoma:
3249 3275 3385 3323 una;
3428 3261 3607 3315 tristia

2014 3363 2165 3412 vero,
2196 3348 2500 3419 frequenter
2527 3357 2582 3403 et
2618 3364 2781 3419 saepe.
2810 3346 2879 3402 Et
2902 3348 3205 3403 abominatio
3231 3350 3559 3406 desolatiouis
3586 3368 3608 3406 :

2017 3441 2069 3496 id
2099 3450 2201 3508 est,
2231 3457 2350 3511 qua:
2386 3441 2455 3495 ab
2489 3440 2727 3496 Adriano
2764 3439 2903 3496 facta
2939 3451 3023 3496 est
3061 3439 3155 3513 (b).
3198 3440 3323 3496 Haec
3362 3443 3610 3512 apertius

2018 3533 2304 3589 Zacharias
2326 3575 2341 3600 ,
2368 3534 2456 3604 qui
2484 3533 2643 3590 etiam
2670 3550 2757 3589 res
2782 3532 3090 3589 commodas
3118 3534 3355 3603 praedicit
3384 3544 3611 3605 [ποριεῖ

2016 3642 2111 3683 eos
2139 3628 2227 3698 qui
2252 3636 2635 3682 remanserant.
2666 3625 2929 3682 Fortassis
2957 3635 3010 3681 et
3030 3627 3081 3680 in
3113 3624 3345 3699 Egypto
3374 3626 3605 3682 totidem

2017 3735 2186 3774 annos
2211 3717 2337 3773 fecit
2363 3718 2468 3790 (c);
2509 3728 2563 3773 et
2599 3734 2702 3772 non
2734 3717 3031 3773 labelactati
3052 3727 3175 3773 sunt
3206 3736 3219 3771 :
3250 3734 3388 3772 nunc
3412 3727 3605 3774 autem

2017 3826 2125 3866 non
2159 3810 2385 3881 amplius
2425 3820 2702 3881 exspectas
2735 3809 2856 3866 ista.
2897 3808 3027 3865 Vide
3051 3819 3105 3864 et
3134 3807 3255 3863 alia.
3295 3808 3511 3865 Judaeus
3544 3810 3608 3866 in

2079 4012 2151 4074 (a)
2185 4011 2321 4074 Adito
2342 4011 2412 4060 sis
2432 4008 2491 4074 ad
2512 4008 2777 4074 Josephum
2797 4006 2963 4074 Antiq.
2988 4005 3166 4074 Judaic.
3194 4006 3278 4074 lib.
3308 4005 3385 4074 l9,
3406 4019 3512 4067 mp.
3550 4009 3608 4067 7,

2018 4082 2070 4125 et
2087 4066 2177 4138 lib.
2201 4071 2232 4121 2
2267 4073 2331 4122 de
2370 4071 2502 4138 Bello
2537 4066 2743 4138 Judaioo,
2769 4082 2874 4138 cap.
2894 4066 2981 4138 19,
3002 4080 3112 4131 qua:
3133 4068 3230 4138 duo
3246 4066 3351 4138 loca
3374 4066 3502 4138 inter
3543 4066 3612 4120 se

2016 4136 2241 4186 conferre
2264 4136 2475 4197 pretium
2485 4145 2649 4195 operte
2664 4133 2774 4180 erit.
2789 4130 3046 4197 Veriorem
3067 4131 3420 4197 expositionem
3436 4130 3615 4181 disces

2018 4211 2083 4247 ex
2106 4199 2229 4259 aliis,
2254 4192 2402 4259 atque
2425 4192 2548 4259 adeo
2563 4208 2634 4259 ex
2666 4200 2836 4259 _t\jostro
2859 4194 3005 4242 tertio
3025 4200 3192 4242 contra
3221 4192 3427 4241 Judteos.
3468 4198 3612 4255 Lege

2014 4255 2272 4312 Oriaeaem
2290 4255 2350 4308 ad
2371 4258 2529 4307 Matth.
2556 4256 2632 4304 2i.
2662 4255 2735 4304 15.

2135 4326 2153 4386 )
2187 4330 2239 4372 Et
2260 4324 2554 4386 hicquoque
2574 4330 2684 4386 cum
2710 4314 3156 4386 cteterisvidendus
3170 4321 3219 4362 Β.
3236 4313 3613 4386 Chrysostomus

2016 4377 2159 4435 allata
2195 4377 2414 4443 bomilia;
2441 4377 2797 4446 notandumque
2820 4377 2972 4446 multo
2994 4387 3108 4446 ante
3134 4378 3611 4446 teniporatttadriani

2016 4450 2224 4509 (vastasse
2248 4438 2480 4509 vastitatis
2499 4442 2918 4509 abominationem.
2949 4439 3038 4488 Sed
3059 4438 3123 4509 de
3147 4439 3227 4509 his
3244 4438 3467 4509 munibus
3491 4440 3612 4509 inse

2018 4499 2331 4571 iutérpretes,
2354 4507 2665 4571 maximeque
2680 4506 3073 4571 s._t_tieronymu_s.
3100 4499 3120 4560 (
3146 4506 3261 4571 [tota
3282 4499 3494 4571 αἱρεθείη
3517 4499 3611 4571 qi-

2022 4581 2130 4619 cere
2146 4560 2558 4631 'Chrysostomum
2584 4560 3100 4631 'Homittaﬁjcontra
3134 4560 3374 4631 judazos,
3424 4560 3483 4631 Τ.
3530 4561 3609 4631 l_:

2025 4623 2287 4693 βδέλυγμα”
2302 4630 2354 4679 δὲ
2397 4630 2683 4693 ἐρημώσεως
2714 4628 2805 4693 rev
2830 4626 3094 4693 ἀνδριάνῖα,
3131 4624 3201 4693 ὃνΔ
3223 4623 3418 4693 laruas)!
3445 4623 3485 4689 ,ὁ
3516 4624 3616 4677 τήν

2022 4681 2158 4756 iter“
2175 4681 2539 4756 iussisseist
2564 4692 2611 4740 ἐν
2630 4692 2699 4751 τῷ
2717 4690 2846 4756 vaga;
2868 4681 3077 4749 et'pauto
3095 4688 3203 4747 post
3224 4681 3310 4741 ait,
3331 4681 3617 4733 Adrianum

2022 4750 2172 4813 fuisse
2190 4765 2297 4801 eum
2318 4751 2400 4817 qui
2421 4758 2628 4802 statuam
2650 4748 2847 4810 erexit).

2081 4820 2152 4882 (ε)
2187 4820 2244 4868 ιιι
2275 4806 2577 4882 crimes
2598 4821 2771 4882 καιναῖσι
2808 4806 2983 4882 Aw
3004 4806 3613 4882 intrari???

2018 4860 2579 4944 bicvperquawm—ditliciiis
2601 4860 2693 4920 est:
2719 4860 2868 4944 Quod
2883 4860 3398 4944 pnaproupostﬂtt:
3408 4860 3609 4944 fulgo,

2018 4924 2391 5006 585581336
2420 4936 2618 4990 veritas,
2662 4924 2754 5006 "9‘3
2771 4924 3609 5006 ﬁettettff°ﬂi9ﬂhcﬁﬂiiﬁékiﬂ

2019 4987 2117 5067 εἶιξῖ
2125 4987 2263 5054 rid-Eli)
2282 4987 2394 5050 esse
2414 5011 2470 5047 ac
2484 5008 2597 5052 κατά,
2609 4987 3018 5067 quemadmodum
3023 4987 3284 5067 intermitti
3282 4991 3577 5067 ἒὶιξῖἓεῖξιξῐ
3559 4999 3610 5067 ἐ

2019 5046 2691 5120 adeo—dthI‘Cbrysostoinits
2724 5052 2934 5102 voluerit
2963 5056 3257 5120 praesentem
3269 5046 3611 5120 calamitatem

2018 5105 2307 5184 36521303113;
2336 5105 2603 5172 linearum
2625 5122 2947 5184 accepturam,
2965 5105 3101 5184 sicut
3114 5110 3305 5184 accepit
3322 5105 3613 5184 @gvptiaea

2022 5168 2536 5252 iiiEJ'a'rEéxiiédiam
2561 5181 2707 5250 tertio
2742 5168 2982 5252 adversus
3013 5168 3610 5252 fid'aios'tziil‘igentt‘issi'me

2058 5229 2786 5313 ὲῖθέἓίῦἱίῗιὲῑῐὲεὲξρειενξιίιυεξ
2812 5229 3354 5313 as_!9°939£__.°<1"1.'3’
3378 5229 3611 5313 ⁴9ὶ..ἑ¹ἔέ’

2051 5298 2373 5371 saevum
2403 5298 2614 5371 micarum
2641 5298 2826 5371 leves.
2850 5310 2947 5371 φια
3368 5298 3609 5371 £29129:

2021 5374 2118 5439 fuit
2134 5366 2593 5439 ηιιαάνὶἔτιιβῑξιονυτέι
2627 5369 2674 5413 ⁸⁸
2698 5366 3215 5439 κίἾΨΗΡ-ῩΨΡΠἨᾹ
3246 5367 3331 5439 Ἦ
3352 5366 3612 5439 ,ΕἫΞΣἮ

2023 5420 2275 5486 adlatam
2307 5420 2716 5488 b'ébdomadarum
2748 5420 3003 5488 nitmerutn
3024 5420 3227 5488 accedit.
3253 5420 3324 5488 ita
3350 5426 3613 5488 exponen-

2023 5473 2288 5548 5353361;
2308 5473 2592 5543 Heilm—non
2609 5486 2736 5552 male
2759 5484 2919 5552 forsan
2941 5480 3165 5552 divinavi.
3181 5479 3265 5552 Qui
3289 5473 3611 5552 meliortba.‘

2026 5539 2226 5616 £56111,”
2230 5539 2460 5604 candidus
2481 5550 2737 5611 impertiat.
2762 5551 2928 5596 Posset
2946 5543 3092 5592 etiam
3125 5541 3286 5601 scribi,
3303 5540 3542 5602 fixerunt.
3568 5539 3615 5586 i-t

2032 5631 2124 5679 est,
2144 5623 2432 5669 uumserunt.
