3724 6272
329 188 430 246 ΞΗ

331 320 490 378 τερον
520 300 620 372 τῆς
647 298 874 361 πόλεως.
907 293 1002 360 Τίς
1033 295 1091 348 δὲ
1117 294 1253 358 ὅλως
1281 293 1412 365 περὶ
1437 290 1694 346 ἐπανόδου
1728 283 1912 352 εἶπεν;

333 391 546 455 οὐδείς.

961 469 1204 524 ΚΕΨΑΛ.
1246 471 1303 522 l'.

419 567 516 618 ‘Er
547 565 664 618 ἔτει
705 560 879 628 τρίτῳ
921 558 1026 612 τοῦ
1073 553 1383 621 ,βασιλέως
1427 551 1676 623 Περσῶν
1722 550 1920 620 Κύρου

338 655 520 724 λόγος
557 648 954 716 ἀπεκαλύφθη
992 644 1072 710 τῷ
1101 643 1345 712 Δανιὴλ,
1377 638 1448 699 οὗ
1493 641 1559 695 τὸ
1597 641 1784 708 ὄνομα
1821 639 1925 724 ἐπέ

340 723 570 808 ἐκλήθη
627 733 966 802 Βαλτάσαρ.
1019 731 1130 786 Kal
1161 729 1450 798 ἀληθινὸς
1492 732 1526 783 ό
1575 729 1791 796 λόγος·
1825 723 1925 778 καὶ

345 828 600 895 δύναμις
626 819 858 892 μεγάλη
890 819 988 872 xal
1037 819 1291 882 σύνεσις
1331 816 1506 884 ἐδόθη
1547 813 1707 878 αὐτῷ
1751 811 1821 864 ἐν
1850 809 1928 879 τῇ

344 911 622 977 ὀπτασίας
659 910 754 962 Ἐν
798 906 927 972 ταῖς
966 905 1213 974 ἡμέραις
1257 903 1515 968 ἐκείναις
1551 899 1666 971 ἐγὼ
1703 897 1930 966 Δανιὴλ

345 998 508 1068 ἤμην
538 993 772 1049 πενθῶν
801 990 956 1060 τρεῖς
983 990 1330 1058 ἑϐδομάδας.
1374 991 1580 1058 Ἄρτον
1609 983 1930 1055 ἐπιθυμιῶν

348 1089 458 1140 οὐκ
489 1085 735 1154 ἔφαγον,
765 1083 861 1135 καὶ
898 1079 1041 1150 κρέα
1068 1079 1165 1132 καὶ
1197 1079 1362 1145 οἶνος
1389 1080 1501 1132 οὐκ
1531 1073 1817 1144 εἰσῆλθον
1843 1074 1931 1140 είς

350 1174 415 1229 τὸ
448 1174 641 1242 στόμα
672 1188 813 1241 μου,
853 1169 949 1223 καὶ
991 1168 1247 1238 ᾶλειμμα
1289 1167 1401 1220 οὐκ
1444 1162 1794 1234 ήλειψάμην
1823 1160 1933 1228 ἕως

351 1261 528 1330 τριῶν
558 1257 898 1329 ἑϐδομάδων
923 1254 1177 1326 ἡμερῶν.
1213 1253 1372 1318 Τίνος
1402 1253 1588 1307 ἕνεκεν
1618 1250 1780 1304 πάλιν
1808 1264 1935 1302 πεν-

354 1350 462 1414 θεῖ;
491 1349 553 1401 El
579 1347 687 1418 γὰρ
711 1345 770 1398 τὸ
795 1343 1010 1415 πρῶτον
1030 1344 1147 1405 ἔτος
1169 1341 1354 1412 Κύρου
1376 1339 1565 1410 ἀνέϐη,
1587 1337 1732 1400 τινος
1751 1336 1936 1390 ἐνεκεν

355 1435 572 1500 πενθεῖ;
601 1435 696 1488 καὶ
726 1431 904 1495 πάσας
933 1430 1166 1501 ἡμέρας,
1195 1428 1343 1492 εἰκὸς
1389 1428 1518 1499 μίαν
1543 1444 1560 1495 ;
1594 1425 1755 1480 πάλιν
1785 1423 1938 1476 οὐδὲν

357 1524 576 1592 ἀκούει,
607 1522 750 1592 ὑπὲρ
795 1514 868 1575 ὧν
903 1518 1142 1590 εὔχεται.
1184 1517 1338 1588 Ἐμοὶ
1383 1517 1559 1578 δοκεῖ,
1602 1515 1683 1569 ὅτι
1721 1511 1938 1583 εὔχεται

359 1616 500 1670 ὥστε
531 1613 757 1682 λυθῆναι
786 1609 853 1664 τὰ
881 1609 1028 1663 δεινὰ
1053 1608 1246 1661 ταῦτα.
1287 1605 1425 1659 Ἀλλ’
1463 1604 1615 1658 οὐδὲν
1647 1601 1885 1656 τοιοῦτον
1912 1600 1940 1653 ὁ

360 1703 522 1766 Θεός·
566 1701 661 1755 καὶ
691 1699 838 1768 λέγει
890 1696 1220 1766 σαφέστερον
1265 1693 1415 1748 αὐτό.
1449 1691 1665 1746 Μᾶλλον
1698 1691 1754 1744 δέ
1797 1688 1941 1742 ὥστε

362 1791 570 1851 πάντας
615 1784 855 1840 ἀνελθεῖν
883 1781 1122 1854 εὔχεται.
1171 1780 1234 1834 El
1266 1779 1362 1834 καὶ
1395 1778 1608 1850 μεγάλα
1647 1777 1718 1831 τὰ
1762 1775 1940 1842 δεινὰ,

364 1873 459 1928 καὶ
489 1869 740 1924 ἐϐούλετο
771 1867 1065 1922 ἀποϐαλεῖν
1106 1867 1206 1939 τὴν
1247 1863 1503 1936 πατρίδα.
1534 1861 1720 1926 Οὕτως
1759 1861 1815 1914 δὲ
1849 1877 1946 1915 σαο

366 1959 625 2030 φέστερον
650 1955 783 2010 αὐτὸ
806 1955 974 2024 λέγει,
1002 1955 1096 2008 καὶ
1120 1952 1528 2026 ἀκριϐέστερον.
1554 1951 1698 2022 Ὅρα
1725 1949 1789 2019 δὴ
1817 1965 1949 2004 παν·

366 2045 531 2118 ταχοῦ
577 2046 667 2099 τὸν
719 2042 916 2114 Δανιὴλ
962 2043 1062 2112 ούχ
1113 2039 1299 2104 ἁπλῶς
1351 2038 1777 2109 ἐπιτυγχάνοντα
1835 2034 1944 2089 τῶν

367 2119 561 2204 δλᾲεων,
605 2132 741 2185 ἀλλὰ
790 2132 927 2202 μετὰ
958 2127 1238 2199 νηστειῶν.
1266 2127 1396 2180 Ὅτε
1431 2126 1534 2178 ἔδει
1573 2124 1634 2178 τὸ
1672 2124 1806 2196 ὄναρ
1840 2140 1944 2196 μα-

370 2224 506 2286 θεῖν,
539 2219 761 2291 νηστεία
790 2218 1161 2288 προηγὴσατο.
1190 2215 1318 2269 Ὅτε
1348 2211 1589 2284 Γαϐριὴλ
1620 2213 1815 2282 ἐφάνη,
1857 2229 1949 2281 νη-

374 2310 522 2360 στεία
559 2307 719 2360 πάλιν
747 2306 838 2358 καὶ
873 2303 1062 2365 σποδὸς
1092 2301 1186 2355 καὶ
1220 2301 1442 2362 σάκκος.
1465 2301 1593 2352 Ὅτε
1627 2292 1780 2361 οὗτος
1819 2298 1947 2366 φαί-

371 2411 541 2460 νεται,
585 2394 677 2448 καὶ
716 2391 938 2462 νηστεία
979 2390 1075 2443 καὶ
1111 2390 1267 2459 εὐχή.
1310 2387 1448 2441 Ἀλλ’
1485 2388 1588 2457 δρα
1627 2387 1721 2439 καὶ
1763 2385 1953 2438 τοῦτον

373 2483 805 2550 ἀπολογούμενον
830 2477 977 2549 αύτῷ
1008 2476 1210 2547 σχεδόν.
1243 2474 1351 2529 Καὶ
1383 2475 1451 2528 ἐν
1487 2474 1674 2543 ἡμέρᾳ
1706 2472 1952 2542 εἰκοστῇ

357 2571 473 2624 ’καὶ
519 2569 764 2637 τετάρτῃ
799 2567 906 2621 τοῦ
947 2565 1142 2634 μηνὸς
1194 2563 1299 2618 τοῦ
1337 2562 1591 2630 πρώτου,
1637 2560 1750 2632 ἐγὼ
1792 2561 1954 2631 ἤμην

375 2660 658 2729 ἐχόμενος
700 2655 805 2710 τοῦ
839 2653 1106 2722 ποταμοῦ
1144 2653 1248 2706 τοῦ
1288 2650 1577 2721 μεγάλου,
1606 2647 1784 2714 οὗτός
1823 2651 1954 2704 ἐστι

384 2749 594 2816 Τίγρις.
628 2745 736 2800 Καὶ
769 2740 881 2814 ἦρα
914 2742 1055 2808 τοὺς
1089 2741 1433 2810 ὀφθαλμούς
1466 2757 1606 2809 μου,
1639 2739 1736 2793 καὶ
1759 2735 1952 2793 εἷδον·

381 2835 477 2888 καὶ
504 2833 635 2888 ἰδοὺ
661 2831 815 2900 ἀνὴρ
860 2828 1249 2900 ἐνδεδυμένος
1276 2827 1465 2897 ,βαδὶμ
1485 2865 1500 2891 ,
1542 2826 1640 2882 καὶ
1673 2829 1711 2898 ἠ
1756 2827 1953 2897 ὀσφὺς

382 2921 569 2977 αὐτοῦ
600 2915 1028 2989 περιεζωσμένη
1068 2916 1299 2986 χρυσίῳ
1321 2913 1508 2985 Ὀφὰζ,
1551 2914 1649 2968 καὶ
1679 2913 1744 2968 τὸ
1786 2912 1959 2984 σῶμα

382 3009 571 3064 αὑτοῦ
593 3007 735 3061 ὡσεὶ
760 3004 1030 3074 Θαρσεῖς,
1052 3003 1150 3058 καὶ
1174 3004 1239 3057 τὸ
1262 3003 1586 3072 πρόσωπον
1606 3001 1793 3058 αὑτοῦ
1815 3001 1959 3056 ὡσεὶ

383 3097 590 3168 ὅρασις
645 3093 980 3163 ἀστραπῆς,
1016 3092 1115 3146 καὶ
1168 3094 1220 3145 οί
1249 3091 1543 3161 ὀφθαλμοὶ
1594 3089 1781 3145 αὐτοῦ
1815 3090 1958 3145 ὡσεὶ

385 3183 696 3253 λαμπάδες
725 3181 935 3249 πυρὸς,
967 3179 1065 3233 καὶ
1091 3182 1145 3232 οί
1168 3179 1493 3248 βραχίονες
1541 3177 1728 3232 αὑτοῦ
1759 3178 1855 3232 καὶ
1887 3177 1961 3231 τὰ

385 3271 578 3340 σκέλη
602 3273 678 3337 ὡς
703 3269 904 3338 ὅρασις
934 3266 1164 3336 χαλκοῦ
1193 3267 1563 3331 στίλϐοντος,
1596 3265 1694 3322 καὶ
1721 3265 1760 3332 ὴ
1789 3267 1959 3334 φωνὴ

389 3359 505 3414 τῶν
535 3361 732 3429 λόγων
757 3355 943 3412 αὐτοῦ
971 3356 1052 3423 ὠς
1081 3353 1251 3424 φωνὴ
1281 3354 1490 3424 ὄχλου.
1520 3353 1630 3408 Kal
1657 3347 1823 3407 εἶδον
1847 3353 1962 3424 ἐγὼ

389 3447 612 3516 Δανιὴλ
649 3446 836 3515 μόνος
883 3443 999 3510 τὴν
1046 3445 1366 3507 ὀπτασίαν,
1411 3442 1508 3496 καὶ
1543 3445 1598 3496 οὶ
1649 3440 1858 3509 ἄνδρες
1881 3482 1884 3484 -
1908 3443 1963 3494 οί

383 3537 509 3605 μετ’
539 3534 684 3604 ἐμοῦ
725 3534 836 3587 οὐκ
881 3527 1044 3584 εἶδον
1089 3529 1204 3597 τὴν
1255 3529 1572 3592 ὀπτασίαν,
1615 3527 1752 3583 ἀλλ’
1792 3527 1831 3596 ἢ
1867 3527 1966 3582 έκ-

391 3637 609 3686 στασις
637 3618 869 3690 μεγάλη
895 3617 1193 3671 ἐπέπεσεν
1220 3615 1312 3669 ἐπ’
1337 3615 1579 3683 αὐτοὺς,
1616 3616 1711 3669 καὶ
1740 3614 1968 3684 ἔφυγον

394 3713 463 3766 ἐν
499 3711 681 3780 φόϐῳ.
723 3707 827 3762 Kal
858 3706 973 3776 ἐγὼ
1015 3706 1388 3774 ἀπελείφθην
1421 3705 1630 3775 μόνος,
1673 3704 1771 3758 καί
1804 3700 1969 3758 εἶδον

398 3799 512 3866 τὴν
557 3795 857 3851 ὀπτασίαν
913 3792 1031 3862 τὴν
1070 3791 1344 3863 μεγάλην
1391 3793 1646 3860 ταύτην,
1701 3791 1800 3846 καὶ
1854 3793 1968 3861 οὐχ

397 3885 726 3954 ὑπελείφθη
764 3882 833 3936 ἐν
865 3881 997 3951 ἐμοὶ
1031 3879 1240 3950 ἰσχὺς,
1273 3879 1368 3934 καὶ
1410 3880 1449 3946 ὴ
1482 3879 1630 3944 δόξα
1675 3896 1794 3948 μου
1835 3896 1972 3949 μετ-

396 3971 666 4040 εστράφη
691 3972 772 4037 είς
795 3968 1144 4038 διαφθορὰν,
1166 3966 1263 4021 καὶ
1284 3968 1394 4021 οὐκ
1411 3966 1714 4036 ἐκράτησα
1734 3967 1966 4036 ίσχύος.

398 4059 508 4115 Kal
547 4057 786 4127 ἤκουσα
825 4073 939 4125 την
977 4055 1186 4125 φωνὴν
1226 4052 1344 4108 τῶν
1375 4055 1574 4123 λόγων
1618 4053 1834 4108 αὐτοῦ’
1872 4053 1972 4108 καὶ

398 4146 468 4200 ἐν
491 4145 568 4212 τῷ
589 4144 848 4200 ἀκοῦσαί
864 4159 940 4213 με
957 4142 1117 4211 ἢμην
1140 4139 1653 4212 κατανενυγμένος
1676 4142 1772 4196 ἐπὶ
1796 4141 1975 4209 πρόσ⁶

400 4235 566 4287 ωπόν
599 4251 741 4302 μου,
785 4231 883 4285 καὶ
916 4231 982 4284 τὸ
1028 4230 1353 4299 πρόσωπόν
1378 4247 1497 4299 μου
1547 4229 1645 4282 ἐπὶ
1679 4228 1793 4298 τὴν
1834 4227 1972 4298 γῆν.

403 4323 510 4377 Kal
545 4321 673 4376 ίδοὺ
707 4319 834 4390 χεὶρ
879 4319 1182 4388 ἁπτομένη
1211 4335 1353 4387 μου,
1396 4319 1494 4372 καὶ
1537 4316 1734 4387 ἢγειρέ
1768 4335 1845 4386 με
1876 4317 1974 4371 ἐπὶ

402 4411 476 4463 τὰ
503 4409 724 4478 γόνατά
746 4425 886 4477 μου,
916 4406 1013 4460 καὶ
1040 4406 1137 4459 ἐπὶ
1165 4406 1235 4459 τὰ
1261 4407 1401 4475 ῖχνη
1425 4405 1544 4459 τῶν
1571 4405 1813 4460 ποδῶνι
1835 4423 1976 4474 μου.

407 4497 516 4552 Kal
536 4492 665 4550 εἷπε
690 4497 839 4562 πρός
855 4511 932 4563 με
948 4510 961 4523 ·
984 4493 1226 4563 Δανιὴλ,
1253 4492 1408 4562 ἀνὴρ
1431 4492 1772 4562 ἐπιθυμιῶν,
1795 4494 1981 4556 σύνες

405 4589 476 4641 ἐν
511 4585 633 4651 τοῖς
669 4585 892 4653 λόγοις,
918 4579 1006 4649 οἷς
1039 4582 1152 4652 ἐγὼ
1179 4579 1348 4636 λαλῶ
1374 4581 1522 4650 πρὸς
1547 4584 1641 4646 σέ,
1669 4583 1765 4635 καὶ
1803 4579 1982 4646 στῆθι

406 4676 477 4730 ἐν
504 4671 578 4742 τῇ
607 4672 819 4726 στάσει
851 4686 986 4733 σου,
1020 4670 1107 4724 ὅτι
1147 4669 1264 4723 νῦν
1295 4669 1650 4738 ἀπεστάλην
1685 4668 1799 4739 ἐγὼ
1835 4667 1984 4736 πρὸς

409 4763 505 4819 σέ.
531 4761 640 4815 Kal
669 4760 738 4813 ἐν
772 4757 851 4825 τῷ
877 4758 1148 4826 λαλῆσαι
1177 4759 1366 4812 αὐτον
1385 4757 1536 4828 πρὸς
1556 4757 1636 4826 μὲ
1665 4757 1770 4811 τὸν
1798 4757 1986 4824 λόγον

410 4850 646 4913 τοῦτον,
685 4848 953 4915 ἀνέστην
983 4849 1291 4915 ἔντρομος.
1329 4846 1438 4900 Kal
1480 4841 1609 4900 εἷπε
1648 4844 1798 4918 [250]
1837 4844 1984 4912 πρός

407 4958 511 5011 με·
543 4938 642 5006 Μὴ
682 4937 889 5007 φοϐοῦ,
923 4937 1168 5005 Δανιὴλ,
1197 4935 1284 4990 ὅτι
1323 4935 1441 4990 ἀπὸ
1471 4934 1582 5003 τῆς
1619 4934 1843 5004 ἡμέρας
1876 4933 1988 5002 τῆς

413 5025 670 5094 πρώτης,
710 5020 785 5094 ἧς
807 5025 1033 5091 ἔδωκας
1066 5023 1180 5092 τὴν
1208 5023 1462 5091 καρδίαν
1495 5039 1612 5077 σου
1637 5022 1744 5077 τοῦ
1783 5020 1988 5076 συνεῖ-

413 5130 513 5168 ναι
551 5111 650 5165 καὶ
683 5110 1022 5180 κακωθῆναι
1059 5112 1260 5165 ἐναντι
1292 5109 1511 5177 Κυρίου
1545 5108 1650 5163 τοῦ
1676 5108 1822 5168 Θεοῦ
1847 5122 1988 5172 σου,

415 5201 815 5268 ὴκούσθησαν
843 5201 895 5252 οὶ
918 5199 1085 5267 λόγοι
1118 5211 1257 5263 σου,
1284 5197 1382 5250 καὶ
1415 5194 1530 5266 ἐγὼ
1555 5191 1745 5267 ἦλθον
1768 5195 1838 5250 ἐν
1866 5194 1992 5262 τοῖς

414 5291 620 5358 λόγοις
653 5302 792 5340 σου.
828 5283 989 5356 Ὁρᾷς
1021 5285 1157 5356 ὅπερ
1185 5283 1339 5355 ἔφην,
1373 5283 1466 5337 καὶ
1490 5281 1676 5337 τοῦτον
1699 5280 1994 5351 ἀπολογού-

423 5393 581 5448 μενον
623 5373 772 5445 αύτῷ
804 5373 1018 5444 σχεδόν;
1057 5371 1189 5429 Ἀπὸ
1235 5371 1471 5441 πρώτης
1512 5371 1758 5441 ὴμέρας,
1806 5370 1991 5441 φησὶν,

482 5614 510 5647 ³
531 5615 870 5664 'l‘lxcodorelus
889 5610 1079 5675 χειρῶν.

1001 177 1061 234 S.
1099 173 1386 234 JOANNIS
1419 167 1916 230 CHRYSUSTOMI
1949 166 2274 225 ARCHIEP.
2312 165 2858 226 CONSTANTINOP.

3514 155 3690 218 242

2017 285 2391 356 ἀπεστάλην.
2416 287 2573 351 Τίνος
2590 281 2684 342 οὖν
2716 283 2902 341 ἕνεκεν
2929 282 3258 357 ἐδράδυναςς
3293 281 3408 336 Kal
3439 283 3483 337 ό
3524 275 3688 345 ἄρ-

2015 391 2140 444 κων
2161 375 2485 440 βασιλείας
2517 375 2765 444 Περσῶν
2784 373 3051 440 ειστήκει
3083 373 3154 437 ἐξ
3177 371 3464 436 ἐναντίας
3488 379 3684 438 μου

2017 467 2214 521 εἰκοσι
2270 466 2370 520 καὶ
2417 467 2566 537 μίαν
2611 466 2860 536 ἡμέραν.
2911 467 3189 528 Ἤκουσας
3231 464 3314 517 δτι
3344 462 3684 527 Ἐθηκεν

2020 554 2150 623 ὅρια
2205 555 2394 609 ἐθνῶν
2431 555 2578 610 κατὰ
2618 556 2868 626 ἀριθμὸν
2903 554 3175 627 ἀγγέλων
3229 551 3418 609 αὑτοῦ
3433 567 3454 614 ;
3511 543 3676 600 Καὶ

2020 643 2247 696 ἕκαστον
2272 639 2421 707 ἔθνος
2451 643 2563 714 ἔχει
2589 644 2680 698 τὸν
2711 643 3011 712 ἐφεστῶτα,
3043 642 3137 696 καὶ
3167 640 3417 712 βούλεται
3444 632 3674 714 αὐτὸς

2024 723 2161 782 εἶναι
2193 713 2576 801 δυνατώτερος.
2610 731 2718 784 Kal
2744 731 2998 794 σύνεσις
3029 727 3208 796 ἐδόθη
3233 725 3395 790 αὐτῷ
3433 723 3521 776 ἐν·
3560 713 3674 783 τῇ

2025 817 2303 884 ὀπτασίᾳ.
2333 818 2409 871 Οὐ
2441 815 2551 888 γὰρ
2576 817 2734 889 ἢρκει
2767 816 2836 871 τὰ
2868 818 3089 888 ῥήματα
3117 811 3324 877 διδάξαι
3351 810 3427 865 τὰ
3457 804 3674 874 λεγό-

2030 921 2186 975 μενα.
2227 904 2388 976 Ὁρᾷς
2431 904 2633 976 ἑτέρως
2672 904 3091 975 παιδευομένους
3121 902 3249 964 τοὺς
3285 899 3623 971 προφήτας
3644 908 3669 958 ἶ

2027 995 2138 1048 Kal
2171 993 2423 1064 δύναμις
2453 993 2688 1064 μεγάλη
2735 994 2836 1064 τῆς
2882 991 3078 1062 ὅψεως.
3108 993 3317 1054 Ὄντως
3347 989 3467 1060 γὰρ
3527 1001 3676 1058 με-

2029 1083 2193 1156 γάλη,
2222 1083 2282 1136 τὸ
2316 1084 2444 1148 τοὺς
2480 1083 2848 1155 ἠσθενηκότας
2886 1081 3095 1136 ἐκείνου
3122 1079 3217 1134 τοῦ
3248 1077 3493 1134 τοσαῦτα
3527 1090 3678 1127 περ

2033 1170 2376 1243 ριγενομένου
2414 1169 2792 1241 περιγενέσθαι
2826 1169 3120 1240 Ἀντιόχου.
3161 1166 3271 1222 Kal
3317 1161 3678 1234 ἀληθινὸς

2033 1262 2066 1314 ό
2107 1260 2305 1328 λόγος.
2345 1257 2562 1329 Ἐπειδή
2607 1274 2749 1322 τινες
2815 1256 3035 1328 ἔμελλον
3089 1257 3356 1311 ἀπιστεῖν.
3417 1247 3506 1307 Οὗ
3575 1246 3677 1302 τὸ

2035 1345 2222 1416 ὄνομα
2261 1344 2600 1414 Βαλτάσαρ.
2638 1345 3061 1416 Ἀναμιμνήσκει
3106 1360 3166 1397 σε
3204 1341 3311 1396 τῶν
3352 1339 3676 1412 πρώτων.

2037 1434 2123 1487 ἵνα
2167 1433 2476 1500 ἀξιόπιστος
2514 1436 2677 1505 φανῇ.
2711 1433 2844 1486 Ἰδοὺ
2882 1433 2974 1486 καὶ
2999 1432 3058 1485 τὸ
3087 1431 3270 1501 πάσχα
3303 1429 3528 1482 ἔλυσεν.
3580 1422 3677 1476 Εἰ

2035 1521 2144 1594 γὰρ
2176 1524 2233 1576 ἐν
2262 1520 2341 1592 τῷ
2368 1520 2571 1593 πρώτῳ
2614 1519 2746 1593 μηνὶ
2786 1519 2847 1573 τὸ
2882 1520 3064 1591 πάσχα
3095 1519 3323 1589 γίνεται,
3361 1511 3538 1578 οὗτος
3589 1512 3676 1565 δὲ

2042 1611 2202 1684 μέχρι
2245 1609 2346 1681 τῆς
2386 1609 2651 1682 τετάρτης
2678 1609 2890 1673 εἰκάδος
2929 1607 3024 1662 τοῦ
3061 1607 3229 1679 μηνὸς
3264 1606 3672 1678 ἐνήστευσεν.

2052 1697 2340 1769 Ἐμπίπτει
2377 1696 2434 1752 δέ
2468 1699 2546 1762 εἰς
2576 1696 2674 1768 τὴν
2712 1695 3327 1769 τεσσαρεσκαιδεκάτην,
3357 1693 3471 1747 ἀπὸ
3524 1693 3671 1759 τῆς

2039 1784 2626 1857 τεσσαρεσκαιδεκάτης
2651 1783 2741 1838 ἐπὶ
2768 1782 2864 1856 τὴν
2895 1782 3117 1855 πρώτην
3147 1782 3353 1843 εἰκάδα,
3381 1779 3481 1834 καὶ
3515 1777 3677 1832 ἑτέ-

2043 1891 2144 1944 ρας
2179 1872 2272 1926 δύο
2298 1874 2527 1944 ἡμέρας.
2556 1871 2699 1945 Ὀρα
2740 1873 2810 1927 τὰ
2835 1871 3042 1942 νόμιμα
3081 1870 3179 1941 ἤδη
3215 1868 3664 1938 καταλυόμενα.

2043 1961 2158 2014 Ούκ
2183 1959 2435 2032 ἐνέτρεψὲ
2463 1977 2521 2012 σε
2550 1959 2578 2012 δ
2601 1958 2782 2028 φόϐος,
2807 1951 2851 2012 ὦ
2875 1957 3102 2028 Δανιήλ;
3131 1956 3444 2027 Οὐχὶ,φησί.
3473 1955 3562 2006 '0
3571 1970 3672 2025 ρα

2045 2047 2148 2100 ποῦ
2180 2048 2279 2118 τὴν
2305 2047 2570 2101 ὀπτασίαν
2601 2045 2819 2116 βλέπει·
2853 2046 2946 2100 ἐπὶ
2976 2047 3076 2116 τῆς
3106 2046 3332 2117 ἐρήμου,
3362 2043 3667 2112 καθάπερ

2046 2134 2142 2188 καὶ
2169 2135 2426 2205 Μωῦσῆς.
2455 2135 2522 2188 Al
2551 2135 2660 2206 γὰρ
2716 2133 2898 2198 πόλεις
2956 2131 3197 2204 θορύϐων
3241 2130 3502 2202 γέμουσι,
3537 2128 3671 2182 καὶ

2045 2222 2308 2293 ταραχῆς.
2339 2221 2494 2276 Οὖτω
2525 2221 2621 2276 καὶ
2662 2225 2691 2275 δ
2728 2221 2960 2291 Χριστὸς
2987 2221 3080 2274 ἐπὶ
3119 2218 3212 2273 τοῦ
3242 2220 3400 2292 ὅρους
3458 2232 3673 2288 μετα-ν

2052 2309 2369 2382 μορφοῦται.
2421 2309 2534 2364 Kal
2587 2307 2715 2363 ίδοὺ
2781 2306 3022 2377 Μιχαὴλ
3081 2301 3169 2373 εἷς
3227 2305 3346 2359 τῶν
3400 2306 3672 2374 ἀρχόν-

2048 2413 2166 2450 των
2206 2395 2447 2465 πμὲιτων
2485 2392 2629 2466 ἦλθε
2657 2393 2961 2463 ,βοηθῆσαί
2985 2411 3105 2464 μοι,
3134 2394 3230 2448 καὶ
3255 2393 3444 2448 αὑτὸν
3491 2409 3672 2446 κατ-

2049 2483 2262 2540 ἐλιπον
2291 2482 2416 2538 ἐκεῖ
2457 2484 2606 2551 μετὰ
2646 2483 2753 2536 τοῦ
2798 2481 3089 2550 ἄρχοντος
3125 2480 3437 2546 βασιλέως
3481 2483 3669 2548 Περ-

2050 2570 2198 2626 σῶν.
2243 2573 2352 2626 Kal
2393 2571 2585 2640 ἦλθον
2615 2572 2929 2625 συνετίσαι
2972 2586 3045 2624 σε
3076 2569 3194 2624 ὅσα
3217 2570 3676 2634 ἀπαντήσεται

2051 2658 2132 2726 τῷ
2171 2659 2298 2726 λαῷ
2318 2676 2435 2715 σου
2459 2661 2553 2714 ἐπ’
2583 2659 2857 2729 ἐσχάτων
2882 2659 3002 2714 τῶν
3026 2657 3281 2728 ἡμερῶν,
3317 2657 3406 2712 ὅτι
3428 2656 3580 2711 ιδοὺ
3619 2656 3668 2721 ἠ

2054 2749 2264 2818 ὅρασις
2284 2751 2371 2816 είς
2394 2749 2635 2818 ἡμέρας.
2668 2749 2776 2803 Kal
2805 2748 2876 2802 ἐν
2895 2746 2978 2813 τῷΔ
2992 2747 3261 2816 λαλῆσαι
3292 2746 3484 2800 αὐτὸν
3504 2747 3673 2816 μετ’

2053 2838 2199 2908 ἐμοῦ
2252 2836 2482 2903 πάντας
2527 2837 2668 2903 τοὺς
2721 2837 2941 2907 λόγους
2989 2837 3271 2901 τούτους,
3315 2834 3516 2888 ἔδωκα
3592 2832 3672 2886 τὸ

2055 2925 2376 2994 πρόσωπόν
2396 2941 2516 2994 μου
2553 2923 2649 2978 ἐπὶ
2680 2923 2794 2991 τὴν
2823 2922 2966 2994 γῆν,
3003 2922 3102 2976 καὶ
3128 2923 3487 2992 κατενύγην.
3531 2921 3674 2975 Καὶ

2058 3015 2186 3068 ἰδοὺ
2200 3014 2281 3080 ὠς
2295 3014 2554 3083 ὁμοίωμα
2572 3012 2705 3067 υίοῦ
2718 3010 3030 3081 ἀνθρώπου
3041 3010 3239 3080 ἥψατο
3254 3007 3374 3064 τῶν
3386 3008 3678 3080 χειλέων

2052 3121 2191 3172 μου.
2229 3101 2336 3156 Kal
2367 3101 2580 3170 ἧνοιξα
2607 3101 2671 3154 τὸ
2692 3101 2886 3170 στόμα
2911 3117 3052 3172 μου,
3085 3099 3185 3153 καὶ
3208 3099 3510 3166 ἐλάλησα,
3549 3098 3680 3152 καὶ

2058 3187 2230 3245 εἷπον
2243 3190 2393 3259 πρὸς
2417 3188 2523 3243 τὸν
2540 3187 2769 3243 ἑστῶτα
2787 3188 3066 3243 ἐναντίον
3076 3201 3217 3259 μου·
3247 3187 3446 3254 Κύριε,
3471 3186 3553 3245 ἐν
3581 3183 3678 3255 τῇ

2059 3277 2263 3345 δράσει
2304 3292 2422 3331 σου
2452 3275 2722 3345 ἐστράφη
2763 3275 2832 3330 τὰ
2875 3275 3047 3343 ἐντός
3072 3294 3189 3346 μου
3237 3274 3307 3329 ἐν
3339 3273 3493 3344 ἐμοὶ,
3550 3273 3673 3328 καὶ

2061 3364 2192 3419 ιδοὺ
2232 3365 2343 3418 οὐκ
2371 3363 2489 3433 ἔχω
2523 3360 2736 3434 ἱσχύνξ
2760 3362 2871 3417 Kal
2901 3361 3026 3429 πῶς
3059 3362 3386 3429 δυνήσεται
3425 3363 3461 3416 ό
3500 3360 3676 3427 παῖς

2063 3469 2200 3517 σου,
2234 3453 2429 3519 Κύριε,
2463 3450 2734 3517 λαλῆσαι
2770 3452 2919 3520 μετὰ
2950 3452 3056 3505 τοῦ
3093 3451 3310 3518 Κυρίου
3358 3468 3479 3519 μου
3508 3450 3675 3503 τού-

2063 3557 2205 3605 του;
2230 3539 2338 3594 Kal
2368 3537 2504 3608 ἐγὼ,
2543 3537 2663 3593 ἀπὸ
2688 3538 2796 3593 τοῦ
2831 3538 2948 3592 νῦν
2983 3541 3056 3592 οὑ
3089 3537 3377 3606 στήσεται
3412 3537 3486 3589 ἐν
3513 3536 3673 3606 ἐμοὶ

2065 3626 2264 3696 ἰσχὺς,
2283 3626 2380 3680 καὶ
2399 3625 2554 3692 πνοὴ
2580 3627 2691 3694 οὐχ
2711 3625 3040 3694 ὑπελείφθη
3061 3625 3131 3679 ἐν
3155 3624 3302 3694 ἐμοί.
3329 3623 3438 3678 Kal
3459 3639 3676 3692 προσ-

2065 3714 2251 3778 έθετο,
2295 3713 2394 3768 καὶ
2427 3712 2632 3781 ἣψατό
2661 3730 2780 3781 μου
2819 3713 2899 3778 ὡς
2932 3712 3142 3781 ὅρασις
3171 3711 3510 3779 ἀνθρώπου,
3552 3711 3676 3766 καὶ

2065 3801 2359 3872 ἐνίσχυσέ
2384 3818 2480 3872 με,
2510 3801 2605 3855 καὶ
2632 3797 2762 3854 εἶπέ
2778 3818 2878 3871 μοι
2907 3817 2922 3830 ο
2950 3804 3045 3872 Μὴ
3077 3799 3284 3869 φοϐοῦ,
3323 3800 3478 3870 ἀνὴρ
3515 3802 3666 3854 ἐπι·

2069 3890 2312 3960 θυμιῶν,
2342 3888 2546 3958 ειρήνη
2588 3903 2706 3954 σοι,
2738 3887 3035 3956 άνδρίζου,
3076 3885 3174 3940 καὶ
3204 3888 3399 3956 ισχυε.
3434 3887 3555 3941 Kal
3592 3889 3675 3940 ἐν

2069 3979 2150 4046 τῷ
2202 3978 2471 4048 λαλῆσαι
2517 3977 2706 4034 αὑτὸν
2724 3976 2853 4049 μετ’
2906 3977 3054 4047 ἐμοῦ
3083 4018 3097 4043 ,
3143 3976 3446 4047 ἐνίσχυσα
3474 4017 3490 4039 ,
3549 3975 3674 4030 καὶ

2071 4066 2272 4123 εἷπον·
2299 4067 2550 4134 Λαλήτω
2579 4069 2612 4121 ὁ
2652 4067 2868 4136 Κύριός
2890 4083 3032 4134 μου,
3065 4065 3155 4119 ὅτι
3175 4064 3516 4134 ἐνίσχυσάς
3550 4083 3670 4134 με.

2073 4157 2184 4212 Kal
2213 4155 2402 4221 εἶπεν,
2419 4156 2489 4210 El
2511 4149 2678 4220 οἶδας
2717 4153 2773 4208 τί
2815 4149 3007 4223 ἦλθον
3043 4152 3195 4222 πρὸς
3225 4153 3338 4217 σέ;
3376 4154 3487 4208 Kal
3533 4154 3678 4209 νῦν

2074 4245 2416 4316 ἐπιστρέψω
2455 4244 2561 4298 τοῦ
2607 4241 2944 4312 πολεμῆσαι
3003 4243 3151 4313 μετὰ
3201 4243 3307 4298 τοῦ
3355 4243 3677 4312 ἄρχοντος

2076 4333 2341 4404 Περσῶν.
2366 4333 2474 4389 Kal
2507 4332 2621 4401 ἐγὼ
2645 4331 3106 4401 ἐξεπορευόμην,
3128 4331 3228 4386 καὶ
3250 4335 3282 4386 ό
3304 4332 3504 4402 ἅρχων
3531 4332 3677 4387 τῶν

2091 4423 2396 4491 Ἐλλήνων
2416 4421 2652 4491 ἤρχετο.
2687 4420 2837 4494 [251]
2879 4421 3032 4476 Ἀλλ’
3064 4421 3102 4490 ἣ
3137 4421 3444 4493 ἀναγγελῶ
3467 4439 3574 4476 σοι
3600 4424 3676 4478 τὸ

2079 4512 2439 4584 τεταγμένον
2474 4511 2545 4566 ἐν
2596 4509 2795 4581 γραφῇ
2821 4511 3134 4578 ἀληθείαςο
3176 4511 3274 4566 καὶ
3321 4513 3431 4566 οὐκ
3483 4513 3678 4566 ἐστιν

2081 4597 2168 4668 εἷς
2204 4600 2604 4670 ἀντεχόμενος
2625 4600 2752 4668 μετ’
2791 4597 2937 4668 ἐμοῦ
2985 4597 3118 4667 περὶ
3144 4598 3369 4652 τούτων
3390 4638 3405 4661 ,
3451 4599 3602 4653 ἀλλ’
3632 4600 3674 4669 ἢ

2085 4687 2329 4754 Μιχαὴλ
2343 4689 2375 4740 ό
2393 4685 2594 4754 ἄρχων
2612 4685 2798 4754 ὑμῶν.
2813 4684 2922 4738 Kal
2937 4683 3066 4739 ἰδοὺ
3085 4685 3242 4753 ἀνηρ
3261 4685 3677 4754 ἐνδεδυμένος

2084 4773 2336 4842 στολήν.
2355 4775 2514 4836 Ἴσως
2535 4772 2827 4844 ἱερατικὴν.
2857 4772 2917 4826 Ἠ
2931 4770 3069 4840 ὄψις
3081 4773 3267 4828 αὐτοῦ
3280 4773 3360 4838 ὡς
3374 4774 3673 4843 ἀστραπὴ

2084 4857 2165 4932 ἦν
2193 4860 2384 4929 πυρὸς
2409 4859 2528 4913 ἀπὸ
2571 4858 2892 4927 ὀφθαλμῶν
2921 4859 3130 4917 αὐτοῦ.
3167 4859 3291 4924 Πῶς
3316 4863 3373 4913 ἐν
3402 4861 3672 4932 ἀστραπῇ

2087 4947 2315 5010 ἐκείνοις
2337 4946 2520 5015 ἔφαινε
2541 4962 2556 5011 ;
2577 4945 2718 5009 τίνος
2739 4945 2924 4999 ἕνεκεν
2943 4945 3084 4999 οὕτω
3111 4947 3356 5016 φαίνεται
3380 4949 3408 5001 ὁ
3433 4948 3678 5016 ἄγγελος

2088 5035 2277 5106 οὗτος
2315 5033 2402 5108 ἆρ’
2425 5038 2512 5090 ἴνα
2537 5036 2781 5110 ἐκπλήξῃ
2811 5037 2901 5090 τὸν
2925 5037 3094 5108 δῆμον
3118 5055 3135 5105 ;
3161 5038 3252 5091 καὶ
3276 5037 3328 5092 τί
3348 5039 3408 5092 τὸ
3428 5039 3635 5111 κέρδος
3666 5062 3678 5108 ;

2091 5132 2210 5186 Ἵνα
2254 5131 2420 5202 πείσῃ
2471 5128 2668 5201 μηκέτι
2711 5128 2926 5182 πενθεῖν
2985 5129 3046 5182 τὸ
3107 5129 3187 5200 (f.
3233 5129 3351 5200 τῷ)
3404 5129 3683 5197 πολλάκις

2091 5224 2262 5279 ταῦτα
2305 5221 2589 5293 λέγεσθαι·
2647 5220 2939 5294 μαρτυρῶν
2989 5224 3254 5294 μαρτυρεῖ
3282 5221 3510 5293 δυνάμει
3563 5225 3681 5276 τῶν

2093 5316 2399 5387 ἐσομένων·
2451 5314 2485 5384 ἢ
2542 5313 2629 5366 ῖνα
2660 5311 3000 5383 πιστώσηται
3045 5313 3227 5367 αὐτόν.
3273 5311 3388 5367 Kal
3419 5315 3458 5382 ἠ
3498 5315 3680 5384 φωνὴ

2088 5408 2344 5481 μεγάλη.
2375 5406 2536 5458 Ὥστε
2571 5403 2666 5458 καὶ
2693 5403 2864 5474 τούτῳ
2901 5402 3378 5475 καταπλήξασθαι.
3427 5405 3679 5471 Ἐξίστα-

2097 5519 2206 5567 ται,
2238 5500 2333 5553 καὶ
2380 5496 2542 5551 πάλιν
2579 5495 2895 5566 ὁμιλοῦντος
2925 5494 3224 5563 ἐξίσταται,
3263 5496 3679 5566 συγχωροῦντος

2100 5594 2251 5660 ἴσως,
2285 5591 2386 5648 οὐκ
2411 5589 2827 5655 ὰδυνατοῦντοςο
2859 5587 2981 5642 ἐπεὶ
3023 5587 3288 5661 πρότερον
3320 5583 3508 5643 εἶπεν·
3553 5587 3678 5646 ’Ar-
