3724 6272
42 185 137 242 211

52 302 232 356 urbem
257 311 378 352 non
398 296 675 366 remigi-at,
699 302 756 351 ut
774 304 929 351 antea
949 293 1048 366 (a).
1078 292 1209 363 Quis
1229 299 1407 348 autem
1427 292 1647 347 omnino

60 394 110 446 de
137 389 322 445 reditu
353 390 615 461 liquutus
641 388 762 445 est?
787 387 977 443 Nemo.

725 523 879 579 CAP.
919 522 987 578 Χ.

121 658 143 712 1
208 674 229 707 1
268 655 331 710 111
358 671 510 715 anno
536 656 693 712 tertio
713 655 834 727 Cyri
854 654 994 725 regis
1019 653 1300 709 Persarum
1328 650 1402 724 (ὁ)
1431 651 1651 708 verbum
1680 680 1683 687 -

65 750 359 804 revelatum
390 759 474 805 est
502 748 724 813 Danieli,
752 747 840 817 qui
866 746 1167 801 nominatus
1187 754 1273 800 est
1296 745 1553 798 Baltasar.
1586 744 1654 798 Et

65 857 237 897 verum
264 850 398 897 erat
424 841 643 896 verbum
667 857 683 905 ;
714 849 771 895 et
791 840 1028 910 potentia
1052 853 1242 907 magna
1267 847 1323 892 et
1350 837 1656 906 intelligen-

65 940 121 991 tia
144 936 270 990 data
299 945 395 990 est
417 936 467 992 ei
497 936 549 989 in
572 935 796 989 visione.
823 933 877 987 2.
909 933 965 986 111
987 931 1174 986 diebus
1202 930 1306 984 illis
1333 945 1432 999 ego
1462 929 1647 983 Daniel

65 1031 106 1081 iu
127 1030 272 1082 luctu
303 1042 464 1081 erant
496 1035 601 1081 tres
627 1023 1008 1080 hebdomadas.
1032 1024 1085 1077 5.
1126 1022 1323 1075 Panem
1357 1020 1653 1075 desiderio-

66 1137 171 1176 rum
196 1136 311 1176 non
345 1119 592 1184 comedi,
621 1129 675 1173 et
707 1131 898 1173 carnes
923 1131 986 1170 ac
1007 1115 1186 1168 vinum
1207 1128 1313 1168 non
1337 1113 1657 1167 introierunt

67 1217 113 1269 in
150 1230 211 1268 os
238 1230 435 1269 meum
465 1253 481 1279 ,
513 1224 567 1267 et
597 1219 864 1282 unguento
902 1223 1009 1264 non
1038 1215 1229 1263 unctus
1254 1220 1371 1260 sum
1404 1219 1569 1274 usque
1591 1203 1655 1258 ad

68 1317 167 1361 tres
195 1303 579 1360 hebdomadas
608 1302 813 1358 dierum
853 1318 872 1352 1
908 1299 1004 1369 (c).
1034 1298 1210 1364 Quare
1246 1295 1439 1351 iterum
1468 1293 1658 1363 luget?

69 1398 189 1452 Nam
228 1397 278 1452 si
312 1397 526 1467 primus
554 1411 727 1450 annus
758 1394 882 1465 Cyri
924 1392 1248 1456 advenerat,
1277 1403 1374 1444 cur
1401 1387 1662 1457 lugetlet

74 1506 248 1545 euntes
274 1490 402 1545 dies
423 1532 440 1557 ,
471 1504 590 1544 cum
628 1503 790 1542 unum
825 1486 1097 1540 dumtaxat
1129 1483 1310 1552 lugere
1349 1478 1660 1535 debuisset?

75 1583 271 1637 Rursus
302 1580 447 1634 nillil
474 1578 621 1634 audit
642 1578 706 1632 de
731 1577 795 1630 iis
820 1575 999 1640 rebus,
1034 1589 1131 1643 pro
1161 1571 1351 1642 quibus
1372 1577 1510 1625 orat.
1530 1567 1661 1622 Mihi

79 1674 277 1728 videtur
319 1671 471 1743 quod
505 1685 601 1740 pro
637 1668 900 1723 solutione
933 1664 1291 1721 calamitatum
1317 1659 1661 1731 prmsentium

83 1773 342 1836 precatur.
376 1764 445 1818 At
467 1763 606 1818 Deus
626 1760 756 1815 nihil
788 1760 913 1825 tale,
946 1756 1041 1813 sed
1066 1756 1295 1825 idipsum
1321 1751 1463 1823 quod
1479 1765 1659 1820 supra,

81 1867 229 1926 atque
252 1857 503 1927 apertius
526 1856 674 1910 dicit.
698 1854 808 1907 lmo
831 1860 887 1905 ut
905 1863 1095 1905 omnes
1119 1846 1375 1909 redeant,
1402 1851 1523 1898 orat
1554 1843 1664 1897 Da-

82 1950 198 2003 niel.
252 1949 412 2002 Licet
448 1947 593 2003 enim
622 1958 810 2014 magna
840 1949 1021 1997 essent
1063 1940 1200 1993 mala
1224 1978 1239 2001 ,
1269 1937 1460 2006 quibus
1492 1933 1663 1989 Judaei

82 2042 512 2111 premebantur,
573 2054 680 2093 non
736 2046 912 2091 tamen
982 2033 1105 2088 ideo
1164 2029 1374 2085 volebat
1436 2026 1664 2097 patriam

80 2140 343 2189 amittere.
390 2132 497 2187 Iste
536 2140 716 2187 autem
756 2127 977 2198 angelus
1017 2124 1213 2189 clarius
1249 2138 1312 2178 ac
1339 2121 1577 2177 exactius
1611 2118 1664 2172 id

84 2226 220 2281 dicit.
251 2223 395 2279 Vide
417 2232 596 2277 autem
628 2220 820 2290 ubique
842 2217 1114 2273 Danielem
1140 2230 1246 2269 non
1272 2212 1581 2282 simpliciter
1602 2224 1666 2263 ac

85 2320 193 2372 sine
218 2317 412 2371 labore
431 2315 674 2370 obtinere
696 2312 947 2375 visiones,
976 2308 1071 2363 sed
1087 2305 1458 2376 cumjejuniis.
1485 2304 1667 2371 Quatt-

86 2409 148 2462 do
185 2408 432 2477 Oport'tit
479 2404 747 2461 somnium
791 2402 1036 2464 discere,
1078 2398 1337 2468 jejunium
1368 2395 1662 2465 praecessit.

87 2500 205 2554 Cum
227 2498 453 2555 Gabriel
480 2496 747 2567 apparuit,
766 2491 1027 2563 jejunium
1063 2491 1256 2545 iterum
1280 2529 1299 2555 ,
1334 2498 1390 2542 et
1417 2487 1549 2542 cinis
1568 2528 1583 2550 ,
1613 2493 1669 2541 et

88 2606 267 2647 saccus
299 2610 313 2644 :
339 2606 467 2645 eum
499 2590 598 2645 iste
624 2587 950 2656 conspicitur
974 2624 989 2650 ,
1028 2592 1082 2638 et
1101 2583 1365 2653 jejunium
1390 2592 1445 2636 et
1471 2580 1664 2634 oratio.

88 2686 182 2741 Sed
205 2684 333 2740 vide
358 2683 608 2753 angelum
647 2697 707 2736 se
750 2677 1133 2749 propemodum
1160 2689 1415 2731 excusare
1442 2674 1665 2729 Danieli.

90 2779 134 2831 4.
161 2796 179 2826 1
217 2778 283 2831 Et
305 2777 363 2831 in
394 2777 482 2829 die
510 2774 759 2844 vigesima
783 2780 971 2842 quarta
999 2770 1196 2824 mensis
1220 2769 1375 2837 primi
1401 2784 1496 2838 ego
1520 2784 1664 2823 eram

85 2869 221 2935 juxta
259 2867 486 2921 ﬂuvium
518 2879 762 2932 magnum
784 2904 799 2928 ,
833 2862 920 2917 hic
949 2872 1032 2915 est
1062 2861 1253 2929 Tigris.
1295 2860 1348 2914 5.
1394 2860 1457 2913 Et
1501 2860 1669 2914 levavi

88 2960 266 3015 uetitos
294 2973 451 3013 meos
470 3000 486 3024 ,
511 2967 564 3013 et
586 2955 691 3011 vidi
720 2973 733 3010 :
766 2963 820 3010 et
860 2968 987 3010 ecce
1014 2953 1095 3007 vir
1117 2952 1330 3007 indutus
1356 2950 1538 3005 Badim
1568 2993 1581 3015 ,
1615 2959 1671 3005 et

90 3052 296 3106 lumbus
316 3051 438 3121 ejus
461 3049 773 3119 praecinctus
791 3061 921 3102 auro
944 3045 1140 3116 Ophaz,
1163 3045 1217 3101 6.
1247 3054 1300 3100 et
1315 3059 1509 3114 corpus
1530 3044 1666 3113 ejus,

94 3146 232 3213 quasi
261 3144 512 3208 Tharsis,
539 3151 592 3196 et
620 3141 782 3196 facies
802 3140 918 3209 ejus
939 3180 953 3204 ,
978 3148 1035 3193 ut
1058 3146 1306 3207 aspectus
1329 3135 1549 3207 fulguris
1569 3176 1585 3203 ,
1604 3143 1670 3193 et

95 3237 216 3290 oculi
262 3236 386 3306 ejus
405 3276 420 3301 ,
452 3235 599 3289 velut
634 3232 904 3303 lampades
931 3231 1067 3301 ignis
1087 3272 1103 3298 ,
1134 3239 1189 3286 et
1215 3230 1430 3284 brachia
1460 3230 1577 3297 ejus
1604 3245 1669 3284 ac

97 3343 260 3394 crura,
284 3328 428 3382 sicut
454 3327 589 3381 visio
612 3326 735 3380 :cris
760 3324 1087 3379 coruscantis
1111 3366 1125 3391 ,
1149 3332 1199 3378 et
1230 3338 1328 3377 vox
1361 3337 1666 3377 sermonum

95 3421 217 3489 ejus,
250 3420 408 3490 quasi
431 3435 532 3473 vox
560 3419 748 3474 turbte.
779 3418 830 3471 7.
858 3419 922 3472 Et
949 3417 1053 3472 vidi
1080 3432 1179 3487 ego
1210 3418 1391 3471 Daniel
1413 3418 1559 3472 solus
1591 3417 1669 3471 vi—

96 3515 289 3567 sionem
312 3554 330 3577 ,
368 3521 423 3567 et
459 3513 558 3566 viri
583 3513 671 3583 qui
705 3520 858 3567 erant
892 3526 1101 3566 mecura
1141 3510 1397 3565 visionem
1440 3527 1545 3565 non
1588 3512 1671 3565 vi-

98 3603 297 3669 derunt,
333 3603 431 3658 sed
455 3614 627 3657 terror
649 3604 825 3673 gravis
851 3602 1002 3657 irruit
1022 3618 1185 3671 super
1204 3617 1318 3668 eos,
1346 3611 1402 3657 et
1423 3601 1670 3673 fugerunt

99 3698 141 3749 in
164 3698 381 3752 timore.
404 3697 458 3751 8.
491 3696 561 3750 Et
588 3711 687 3766 ego
709 3697 925 3751 relictus
947 3709 1064 3751 sum
1086 3696 1255 3762 solus,
1277 3706 1333 3751 et
1358 3695 1465 3750 vidi
1494 3695 1667 3751 visio-

98 3806 205 3844 nem
236 3805 488 3860 magnam
513 3790 668 3854 hanc,
697 3798 752 3844 et
780 3804 882 3844 non
910 3789 1166 3844 remansit
1196 3789 1246 3843 in
1276 3804 1363 3843 me
1390 3788 1666 3857 fortitudo,

98 3890 144 3934 et
166 3881 340 3951 gloria
388 3896 505 3935 mea
531 3895 788 3935 conversa
818 3890 900 3936 est
928 3881 979 3935 in
1017 3880 1412 3949 corruptionem
1438 3921 1452 3944 ,
1481 3890 1534 3936 et
1559 3896 1666 3936 non

99 3974 281 4027 retinui
308 3972 496 4027 robttr.
521 3972 575 4027 9.
603 3972 669 4026 Et
687 3971 865 4026 audivi
886 3986 1069 4027 vocem
1095 3986 1402 4027 sermonum
1432 3972 1583 4039 ejus:
1614 3980 1669 4027 et

98 4078 203 4117 cum
229 4080 336 4134 ego
376 4065 616 4119 audirem
647 4105 663 4130 ,
701 4080 845 4119 eram
887 4073 1236 4134 compunctus
1275 4078 1436 4133 super
1477 4063 1666 4120 faciem

99 4172 257 4212 meam
282 4198 299 4223 ,
331 4167 390 4211 et
420 4156 585 4212 facies
611 4172 726 4211 mea
753 4170 914 4225 super
940 4164 1157 4209 terram.
1189 4155 1274 4210 10.
1304 4156 1370 4209 Et
1394 4170 1518 4209 ecce
1549 4171 1665 4210 ma-

101 4264 188 4303 nus
207 4249 381 4318 tetigit
414 4264 523 4313 me,
553 4263 615 4302 ac
642 4248 815 4303 erexit
836 4262 922 4302 me
945 4261 1104 4315 super
1131 4261 1301 4316 genua
1325 4261 1466 4311 mea,
1492 4256 1546 4302 et
1570 4262 1666 4302 su-

102 4354 181 4408 per
222 4340 449 4410 vestigia
493 4340 690 4409 pedum
737 4354 973 4393 meorum
1008 4339 1046 4390 ί.
1073 4339 1159 4391 11.
1194 4338 1258 4392 Et
1282 4337 1416 4391 dixit
1439 4337 1507 4393 ad
1536 4353 1663 4394 me:

104 4432 311 4497 Daniel,
360 4431 442 4485 vir
469 4430 901 4494 desideriorum,
948 4429 1182 4499 intelligo
1229 4428 1281 4483 in
1329 4429 1667 4485 sermonibus

102 4539 217 4592 quos
249 4540 357 4595 ego
387 4524 576 4594 loquor
614 4522 680 4576 ad
715 4532 793 4582 te.
826 4533 880 4577 et
914 4530 992 4577 sta
1029 4522 1083 4576 in
1129 4523 1357 4576 statione
1387 4529 1474 4575 tua
1496 4563 1511 4588 ,
1539 4522 1666 4592 quia

152 4705 164 4733 '
202 4702 543 4752 Theodoretus
562 4700 702 4763 legit,
721 4711 944 4749 manuum
967 4711 1200 4759 mearum,
1215 4710 1320 4761 pro,
1341 4696 1521 4761 pedum
1535 4712 1666 4750 meo-

100 4776 207 4813 mn.

149 4828 216 4890 (α)
249 4826 623 4890 Interdixerant
644 4824 826 4886 quippe
865 4823 1051 4871 Romani
1082 4821 1273 4890 .Iudaeis,
1322 4834 1386 4871 ne
1421 4821 1664 4890 AJerosoly-

96 4880 210 4935 mani
246 4880 861 4949 ingrederenturfTes'tes
890 4892 1005 4949 sunt
1043 4886 1283 4941 Justinus,
1323 4880 1660 4946 'rertullianu's,

97 4946 339 5019 linebius',
360 4948 579 5009 Hilarius,
603 4948 861 5010 Gregorius
893 4946 1228 5007 Nazianzenus,
1269 4952 1478 4995 Severus
1515 4951 1665 5009 atque

95 5016 416 5070 Hieronymus.

146 5073 214 5134 (ὑ)
256 5068 273 5070 “
288 5084 351 5121 oc
374 5074 521 5134 igitur
545 5076 763 5133 tempore
786 5069 836 5120 in
854 5077 1073 5121 extrema
1095 5068 1662 5134 senectute_erat__naniel.

92 5139 129 5181 Et
156 5129 318 5196 tamen
343 5129 792 5196 S.'Cliqmt®us,
822 5136 967 5183 tertio
988 5134 1051 5181 de
1084 5129 1551 5196 incomprehensibili
1580 5132 1664 5179 Dei

94 5206 264 5249 natura.
282 5193 662 5256 juvenmn’facit.
690 5194 899 5256 (Nempe
928 5203 974 5243 T.
1003 5196 1049 5256 1.
1077 5199 1130 5242 et
1164 5193 1524 5256 Cltrysostomus
1546 5205 1663 5254 par-

93 5270 200 5315 tem,
223 5253 428 5319 etg‘stepe
450 5255 633 5319 nullam
656 5253 923 5319 teniporum
945 5254 1175 5319 rationem
1196 5253 1375 5319 habet.)

141 5314 206 5378 (ι)
236 5314 578 5367 1heddoretus
600 5318 697 5376 hic,
715 5314 761 5365 si
780 5316 978 5364 Basilius
992 5315 1188 5364 Homilia
1212 5316 1360 5377 prima
1371 5314 1436 5362 de
1456 5314 1660 5378 Jejuuio,

92 5388 133 5448 et
152 5376 321 5429 auster
344 5381 558 5429 secunda
580 5378 978 5448 contra_.lttd:eos.
1000 5378 1104 5426 cibo
1136 5376 1330 5448 penitus
1354 5383 1406 5447 et
1421 5382 1539 5448 potu
1557 5376 1664 5448 abs-

91 5442 296 5491 tinentem
350 5454 438 5502 per
482 5450 585 5491 tres
634 5439 963 5502 hebdomadas
997 5434 1232 5502 mansisse
1272 5434 1658 5502 Danielemhopi-

94 5514 248 5552 tantur
277 5518 289 5551 :
319 5499 373 5553 ut
394 5503 459 5551 de
483 5510 612 5551 lose
634 5500 815 5561 legitur
837 5501 1086 5557 1111011154,
1112 5501 1192 5549 28.
1220 5500 1349 5557 Quod
1370 5512 1479 5546 cum
1500 5499 1664 5548 divino

95 5565 603 5676 mquidversari
629 5563 865 5625 videatur,
894 5562 943 5611 in
972 5563 1268 5615 sententiam
1301 5570 1346 5611 s.
1385 5562 1661 5625 Hieronymi

401 5640 475 5676 ns.
1204 5646 1207 5647 ν

96 5624 276 5678 Φαεωο
300 5627 475 5677 libens.
1204 5646 1207 5647 ν

1446 174 1515 232 IN
1554 173 1900 233 DANIELEM

3234 177 3355 235 911-

1762 307 1903 347 nunc
1930 305 2033 361 ego
2055 290 2252 347 missus
2280 307 2397 347 sum
2423 292 2490 347 ad
2518 300 2592 347 te.
2618 292 2865 362 Cumque
2897 272 3208 364 loqueretur
3228 296 3346 365 ipse

1756 382 1822 437 ad
1851 398 1939 438 me
1956 396 2265 438 sermonem
2294 383 2477 446 istum,
2504 385 2713 438 surrexi
2740 391 2992 438 tremens.
3048 384 3137 440 12.
3166 384 3237 439 Et
3262 386 3345 439 di-

1760 474 1838 528 xit
1864 473 1930 526 ad
1954 489 2039 528 me
2063 491 2078 529 :
2107 473 2187 529 Ne
2214 474 2418 539 timeas,
2463 474 2665 537 Daniel,
2693 476 2816 544 quia
2844 491 2873 529 a
2895 476 2982 529 die
3003 476 3171 544 prima
3194 517 3209 542 ,
3238 492 3357 546 qua.

1760 566 1952 621 dedisti
1983 580 2081 619 cor
2102 574 2249 619 tuum
2277 565 2342 618 ad
2374 564 2800 633 intelligendum,
2832 574 2885 619 et
2913 565 2978 621 ad
3007 566 3347 636 allligendnm

1766 669 1816 713 te
1838 672 2020 712 coram
2057 658 2280 713 Domino
2312 658 2421 711 Deo
2448 666 2544 711 tuo
2563 698 2579 722 ,
2609 656 2788 711 audita
2810 667 2933 711 sunt
2961 658 3119 712 verba
3152 668 3258 722 tua,
3293 669 3350 713 et

1763 766 1864 821 ego
1883 751 2002 806 veni
2029 752 2081 805 in
2101 752 2281 807 verbis
2315 750 2438 805 tuis.
2469 768 2491 802 ι
2523 749 2687 804 Vides
2714 750 2855 818 quod
2884 749 3031 815 dixi,
3065 751 3206 804 hunc
3227 762 3344 804 tan—

1762 852 1873 898 tum
1895 859 2000 897 non
2041 858 2101 899 se
2137 858 2393 899 excusare
2424 842 2624 896 Danieli
2653 842 2676 895 ‘l
2708 840 2750 895 A
2781 842 2944 912 prima
2972 841 3054 894 die
3076 882 3091 907 ,
3138 842 3305 911 inquit
3332 882 3349 905 ,

1764 936 1943 989 missus
1969 951 2099 987 sum.
2129 934 2304 1000 Quare
2332 949 2461 1003 ergo
2487 943 2725 988 moratus
2751 934 2853 988 es?
2883 934 2967 987 15.
2998 931 3068 987 Et
3098 918 3344 1003 princeps

1764 1028 1906 1098 regni
1934 1025 2205 1080 Persarum
2245 1027 2380 1080 stetit
2428 1043 2490 1080 ea:
2526 1025 2738 1079 adverso
2766 1026 2864 1079 mei
2906 1041 3065 1078 unum
3101 1036 3147 1078 et
3173 1026 3351 1094 viginti

1766 1118 1893 1172 dies.
1912 1117 2120 1172 Audisti
2152 1118 2305 1183 illud,
2339 1116 2518 1172 Posuit
2563 1117 2801 1172 terminos
2826 1118 3048 1188 gentium
3073 1119 3349 1172 secundum

1765 1226 2030 1263 numerum
2046 1212 2342 1279 angelorum
2358 1226 2564 1264 suorum
2587 1209 2761 1281 (Deut.
2785 1209 2874 1264 52.
2900 1207 2993 1282 8)?
3014 1210 3080 1264 Et
3106 1225 3350 1280 unaquae-

1766 1316 1871 1372 que
1897 1317 2026 1372 gens
2049 1300 2355 1371 praefectum
2384 1300 2545 1356 habet
2579 1301 2825 1371 angelum
2849 1342 2863 1365 ,
2901 1301 2990 1370 qui
3021 1300 3133 1355 vult
3161 1309 3351 1369 poten-

1768 1397 1871 1451 tior
1895 1412 2018 1451 esse
2046 1396 2282 1466 reliquis.
2306 1395 2372 1449 Et
2392 1395 2720 1466 intelligentia
2750 1395 2871 1448 data
2894 1405 2966 1447 est
2992 1395 3039 1448 ei
3061 1396 3113 1448 in
3140 1395 3349 1449 visione.

1767 1488 1881 1543 Non
1928 1488 2069 1544 enim
2124 1487 2423 1542 sufliciehat
2466 1486 2717 1542 docuisse
2758 1502 2821 1541 ea
2860 1501 2981 1556 quae
3017 1485 3343 1541 dicebantur.

1768 1580 1954 1637 Cernis
1981 1582 2136 1636 aliter
2162 1581 2361 1636 institui
2406 1579 2735 1650 prophetas?
2766 1578 2835 1632 Et
2870 1581 3029 1633 virtus
3059 1596 3246 1650 magna
3268 1579 3350 1633 vi-

1770 1675 1956 1731 sionis.
1982 1674 2122 1731 Vere
2147 1675 2288 1729 enim
2312 1690 2516 1744 magnae
2546 1674 2827 1745 potestatis
2854 1671 2970 1739 fuit,
2998 1673 3140 1743 quod
3167 1672 3343 1727 homi-

1771 1784 1867 1823 nes
1890 1768 2087 1822 inlirmi
2118 1767 2342 1821 vicerint
2373 1767 2521 1820 illum
2566 1764 2889 1819 Antiochum
2911 1804 2926 1829 ,
2960 1764 3049 1833 qui
3073 1772 3148 1818 tot
3172 1772 3351 1817 tanta-

1770 1874 1876 1929 que
1915 1866 2277 1928 superaverat.
2324 1857 2389 1911 Et
2428 1873 2600 1911 rerum
2644 1855 2867 1909 verbum.
2911 1854 3352 1922 Quandoquidem

1774 1950 2012 2004 nonnulli
2041 1949 2296 2004 credituri
2337 1963 2441 2002 non
2471 1956 2646 2002 erant.
2688 1945 2848 2016 Cujus
2875 1962 3055 2000 nomen
3090 1944 3350 1999 Baltasar.

1771 2046 2168 2099 Commemorat
2197 2042 2287 2096 tibi
2330 2042 2540 2111 priora,
2589 2052 2645 2094 ut
2688 2041 2792 2094 fide
2835 2040 3029 2108 dignus
3070 2038 3351 2094 habeatur.

1775 2138 1854 2192 En
1901 2148 1955 2193 et
2009 2138 2212 2191 Pascha
2254 2136 2419 2190 solvit
2464 2134 2562 2206 (a).
2621 2133 2753 2188 Nam
2810 2133 3015 2187 Pascha
3072 2132 3123 2185 in
3179 2131 3352 2200 primo

1773 2229 2075 2283 celebratur
2101 2242 2283 2281 mense
2309 2242 2325 2291 ;
2353 2227 2452 2280 iste
2483 2239 2609 2277 vero
2631 2239 2799 2293 usque
2829 2224 2893 2276 ad
2920 2233 3165 2292 quartam
3196 2231 3251 2276 et
3276 2222 3355 2275 vi-

1773 2322 2025 2376 cesimam
2068 2320 2266 2373 mensis
2286 2317 2567 2387 jejunavit.
2601 2315 2789 2370 Incidit
2809 2324 2986 2368 autem
3015 2315 3067 2367 in
3090 2313 3355 2367 decimam

1773 2421 2013 2482 quartam
2040 2410 2300 2480 jejunium
2332 2408 2470 2462 illius
2490 2448 2503 2470 ,
2533 2415 2588 2461 et
2613 2421 2642 2459 a
2669 2404 2875 2459 decima
2899 2415 3088 2473 quarta
3116 2401 3179 2456 ad
3206 2402 3356 2457 vice-

1773 2506 1963 2559 simam
1988 2504 2232 2573 primam,
2260 2509 2314 2556 et
2334 2500 2467 2554 duos
2498 2500 2628 2552 alios
2658 2498 2775 2553 dies
2800 2497 2972 2551 durat.
3006 2495 3137 2549 Vide
3162 2493 3352 2563 legalia

1769 2598 1877 2666 jam
1895 2606 2022 2651 tunc
2048 2595 2209 2650 fuisse
2235 2595 2507 2663 abrogata.
2538 2592 2725 2646 Nonne
2754 2605 2860 2660 prre
2882 2588 3163 2643 formidine
3187 2588 3239 2640 in
3269 2586 3355 2641 fu-

1773 2706 1891 2761 gam
1913 2702 2204 2747 conversus
2228 2702 2306 2749 es,
2335 2700 2368 2740 o
2398 2684 2614 2739 Daniel?
2642 2682 2875 2744 Minime,
2904 2681 3090 2750 inquit.
3121 2678 3358 2733 AthCI‘lC

1775 2797 1881 2850 quo
1910 2780 2012 2835 loci
2039 2779 2210 2833 visom
2239 2776 2417 2830 videat
2455 2793 2468 2829 :
2503 2775 2555 2829 in
2585 2774 2800 2828 deserto
2826 2814 2841 2837 ,
2871 2772 3010 2825 sicut
3042 2778 3097 2824 ct
3124 2768 3354 2837 Moyses.

1780 2871 1948 2929 Urbes
1967 2885 2197 2941 namque
2217 2867 2533 2923 tumultibus
2558 2874 2612 2921 et
2634 2864 3029 2932 perturbatione
3054 2861 3221 2930 plenae
3233 2867 3359 2914 sunt

1777 2961 1899 3036 (b).
1930 2962 2020 3019 Sic
2044 2962 2203 3017 etiam
2233 2957 2478 3013 Christus
2508 2957 2561 3012 in
2593 2963 2774 3012 monte
2804 2952 3235 3022 transﬁguratur.
3268 2951 3354 3005 15.

1782 3076 1800 3111 1
1839 3058 1907 3111 Et
1942 3070 2069 3111 ecce
2106 3053 2329 3108 Michael
2366 3067 2507 3108 unus
2533 3051 2600 3106 de
2641 3047 2972 3120 principibus
3001 3046 3188 3115 primis
3214 3043 3359 3099 venit

1775 3149 1843 3205 ad
1879 3147 2239 3203 auxiliandum
2278 3143 2406 3200 mihi
2441 3152 2536 3199 :et
2574 3157 2662 3197 me
2707 3141 3038 3210 reliquerunt
3072 3137 3143 3192 ibi
3186 3136 3198 3167 '
3229 3150 3351 3191 cum

1776 3241 2015 3312 principe
2041 3240 2181 3307 regis
2200 3238 2505 3292 Persarum.
2545 3235 2632 3289 14.
2668 3233 2736 3287 Et
2767 3232 2886 3286 veni
2924 3240 2981 3284 ut
3023 3229 3274 3284 docerem
3302 3236 3357 3283 to

1776 3346 2123 3404 quaecumque
2160 3338 2417 3385 eventura
2458 3334 2583 3382 sunt
2612 3324 2808 3395 populo
2843 3332 2934 3377 tuo
2964 3322 3015 3376 in
3055 3320 3357 3375 novissimis

1776 3427 1963 3483 diebus
1983 3467 1999 3493 ,
2025 3425 2147 3495 quia
2171 3438 2298 3478 ecce
2325 3422 2458 3476 visio
2489 3420 2542 3474 in
2573 3419 2709 3473 dies.
2737 3417 2825 3472 l5.
2859 3417 2924 3469 Et
2948 3431 3068 3472 cum
3099 3414 3348 3483 loquere-

1777 3530 1862 3574 tur
1884 3519 1996 3588 ipse
2017 3531 2227 3572 mecum
2252 3514 2431 3569 omnia
2458 3510 2618 3565 verba
2647 3508 2779 3573 hinc,
2814 3506 2936 3562 dedi
2964 3505 3153 3560 faciem
3180 3519 3353 3564 meam

1774 3625 1934 3679 super
1961 3618 2178 3669 terram,
2210 3616 2265 3661 et
2287 3609 2642 3673 compunctus
2665 3615 2806 3654 sum.
2839 3598 2927 3654 16.
2961 3597 3029 3651 Et
3054 3611 3181 3652 ecce
3205 3596 3357 3665 quasi

1774 3700 2067 3758 similitudo
2095 3698 2186 3752 lilii
2210 3696 2441 3751 hominis
2469 3693 2639 3761 tetigit
2670 3690 2806 3745 labia
2838 3705 2977 3744 mea.
3013 3690 3074 3743 Et
3094 3688 3375 3756 apernios.

1774 3794 2034 3850 meum,et
2046 3784 2301 3853 loquutus
2313 3786 2515 3843 sum,et
2528 3776 2637 3833 dixi
2653 3775 2720 3831 ad
2735 3790 2861 3829 eum
2877 3774 2966 3844 qui
2982 3775 3159 3828 stabat
3170 3789 3353 3830 coram

1772 3894 1890 3933 me:
1913 3876 2156 3940 Domine,
2192 3874 2249 3927 in
2277 3872 2490 3927 visione
2525 3877 2612 3922 tua
2640 3881 2902 3921 conversa
2934 3874 3062 3919 sunt
3093 3865 3348 3921 interiora

1772 3987 1892 4026 mea
1917 3971 1971 4024 in
2001 3983 2106 4031 me,
2141 3974 2199 4021 et
2229 3979 2357 4020 ecce
2383 3977 2493 4016 non
2530 3960 2705 4015 habeo
2738 3957 3130 4012 fortitudinem.
3168 3957 3253 4011 17.
3281 3956 3353 4013 Et

1773 4065 2043 4139 quomodo
2070 4061 2263 4133 poterit
2285 4072 2472 4115 servus
2493 4064 2636 4121 tuus,
2661 4053 2902 4117 Domine,
2931 4051 3073 4120 loqui
3096 4064 3217 4104 cum
3246 4049 3355 4102 Do.-

1773 4160 1919 4213 mino
1936 4172 2055 4211 meo
2084 4153 2224 4209 isto?
2248 4152 2312 4206 Et
2339 4166 2404 4204 ex
2430 4161 2571 4203 nunc
2588 4161 2692 4201 non
2713 4143 2874 4201 stabit
2895 4143 2946 4197 in
2969 4158 3054 4196 me
3080 4138 3357 4203 fortitudo,

1773 4260 1830 4307 et
1851 4250 2048 4304 halitus
2076 4261 2181 4301 non
2206 4253 2290 4300 est
2315 4242 2534 4298 relictus
2573 4241 2625 4294 in
2666 4253 2771 4293 me.
2800 4237 2889 4292 18.
2933 4235 3002 4289 Et
3040 4233 3275 4300 addidit,
3303 4240 3361 4287 et

1774 4343 1946 4414 tetigit
1969 4356 2057 4397 me
2084 4338 2236 4410 quasi
2262 4335 2402 4392 visio
2435 4332 2668 4389 hominis
2700 4372 2715 4398 ,
2754 4338 2809 4385 et
2837 4327 3203 4384 corroboravit
3245 4340 3352 4380 me.

1780 4440 1861 4496 l9.
1897 4439 1962 4494 Et
1980 4436 2115 4493 dixit
2141 4433 2304 4489 mihi:
2328 4431 2406 4487 Ne
2438 4431 2646 4493 timeas,
2678 4427 2761 4482 vir
2787 4425 3173 4481 desideriorum
3202 4463 3218 4490 ,
3247 4438 3355 4493 pax

1776 4532 1868 4588 tibi
1898 4573 1914 4597 ,
1954 4529 2177 4586 viriliter
2204 4541 2323 4597 age,
2360 4540 2426 4580 ac
2453 4530 2569 4579 esto
2601 4521 2770 4575 fortis.
2805 4518 3016 4573 Etcum
3048 4516 3359 4586 loqueretur

1774 4624 1889 4694 ipse
1918 4636 2127 4678 mecum
2151 4659 2167 4686 ,
2197 4616 2578 4674 corroboratus
2609 4628 2727 4667 sum
2762 4652 2776 4674 ,
2808 4619 2862 4665 et
2886 4610 2993 4664 dixi
3027 4626 3041 4661 :
3082 4607 3358 4677 Loquatur

1776 4715 2032 4770 Dominus
2059 4726 2212 4767 meus
2238 4751 2253 4777 ,
2288 4708 2410 4778 quia
2447 4703 2807 4762 corroborasti
2834 4699 3058 4756 1111190.
3090 4699 3307 4753 Etdixit
3336 4716 3352 4753 :

1773 4808 1855 4862 An
1884 4805 2021 4860 nosti
2048 4818 2144 4860 cur
2162 4800 2284 4857 veni
2311 4799 2378 4854 ad
2406 4798 2496 4854 te?
2518 4797 2586 4851 Et
2613 4808 2755 4850 nunc
2775 4803 3035 4857 revertar,
3067 4800 3120 4845 ut
3141 4790 3354 4859 praelier

1772 4914 1893 4953 cum
1923 4895 2160 4966 principe
2187 4895 2491 4949 Persarum.
2520 4891 2693 4959 Atque
2717 4885 3066 4958 egrediebar;
3103 4884 3346 4955 princeps

1773 5006 1904 5047 vero
1925 4990 2231 5046 Grtrcorum
2249 4984 2511 5041 veniebat.
2526 4983 2588 5037 21
2602 5022 2616 5035 .
2636 4980 3009 5035 Verumtamen
3025 4975 3355 5033 annuntiaho

1836 5127 1852 5159 ι
1888 5124 2167 5173 1111111111ωο
2190 5120 2311 5171 etin
2333 5118 2540 5182 Vulgata
2561 5116 2763 5182 legitur,
2786 5119 2834 5165 et
2854 5126 2940 5177 ego
2961 5112 3178 5182 remansi
3196 5110 3279 5182 itii.

1834 5187 1906 5247 (α)
1940 5176 2764 5250 Hujusargumentiinterpretatio.
2793 5176 3003 5250 petenda
3030 5185 3107 5250 cst
3130 5190 3191 5250 ex
3219 5176 3354 5224 libris

1770 5238 2227 5303 adve't'sus'Judzco's,
2254 5246 2304 5294 in
2326 5244 2503 5306 quibus
2525 5238 2613 5306 ista
2635 5238 2969 5306 omniafus‘itts
2987 5246 3268 5306 tractantur.

1832 5296 1905 5372 (lt)
1942 5296 2132 5358 Urbium
2168 5296 2405 5372 tumultus
2441 5319 2499 5372 ac
2537 5302 2837 5372 incommoda
2882 5299 3227 5372 pereleganter
3259 5296 3352 5372 de-

1768 5357 2027 5434 scriptaet
2046 5372 2147 5419 suis
2170 5368 2414 5434 coloribus
2434 5367 2627 5429 depicta
2650 5365 2804 5434 babes
2825 5357 2950 5434 aliud
2971 5357 3352 5434 stt-alluentcdulf

1771 5422 1883 5482 latn'
1903 5434 2185 5495 Gregorium
2216 5422 2818 5495 Sanametittin__0ratione
2982 5422 3353 5495 Christianorum

1770 5485 2143 5544 Demosthénetn
2170 5492 2388 5541 Basilium
2420 5488 2616 5539 Humilia
2655 5488 2719 5537 de
2746 5485 2916 5536 Gordio
2939 5492 3177 5545 martyre;
3202 5493 3353 5545 atque

1770 5540 2258 5619 Eunomianam
2465 5551 2709 5602 miscenda
2748 5555 2879 5609 sunt,
2905 5545 3031 5609 apud
3065 5540 3352 5595 iuvenalem

1770 5627 1864 5669 sat.
1888 5621 1936 5669 5.
