3734 6278
58 294 153 351 ω
1502 296 1569 355 nv
1609 299 1979 361 DANIELEM.

60 405 236 461 Daniel
268 405 499 460 conviva
529 404 671 475 regis
692 447 705 468 ,
730 412 785 460 et
811 404 1076 476 gloriosus
1100 417 1263 473 super
1288 424 1476 465 omnes
1504 413 1641 465 ami-

54 510 144 552 cos
166 498 309 564 ejus.
348 514 368 548 ι
406 497 539 562 Quae
567 497 631 551 ad
664 497 849 552 Belum
893 506 1136 568 spectant
1166 496 1448 572 descripsit
1492 497 1647 558 nobis

55 592 257 646 Daniel.
294 591 347 646 5.
382 589 571 644 Nonne
594 592 752 657 vides,
786 590 995 661 inquit,
1024 601 1214 661 quanta
1243 594 1468 647 comedat
1490 605 1536 647 et
1566 594 1645 648 bi-

55 686 133 735 bat
149 682 174 734 .’
198 682 266 735 Pa
277 697 380 751 pm,
405 682 561 751 quale
581 690 952 751 argumentum
971 697 1036 738 ac
1054 682 1306 738 indicium
1327 685 1638 753 divinitatis,

54 774 217 827 multa
249 772 415 827 edere
445 787 509 827 ac
551 772 772 827 bibere!
811 773 993 829 Daniel
1026 789 1129 829 non
1165 774 1299 829 dixit
1329 792 1342 829 :
1377 776 1643 845 lloccine,

50 879 270 935 qum,
300 875 382 918 est
412 864 592 919 Deus?
618 862 919 919 imbecillus
946 864 1089 921 enim
1122 876 1238 920 erat
1279 882 1380 937 rex
1410 884 1423 921 :
1454 866 1551 921 sed
1578 882 1647 925 ex

48 953 344 1010 abundanti
371 954 519 1009 vicit.
553 955 663 1025 Ego
694 953 786 1009 tibi
835 957 996 1010 Deum
1024 954 1165 1024 dico,
1194 958 1284 1027 qui
1309 958 1509 1014 creavit
1537 974 1647 1013 cae-

50 1047 159 1100 lum
189 1056 245 1101 et
266 1055 502 1110 terram;
538 1056 593 1099 tu
622 1060 752 1100 vero
781 1045 909 1099 mihi
944 1056 1183 1101 ventrem
1214 1048 1426 1103 avidum
1455 1048 1647 1119 produ-

49 1140 127 1193 cis
170 1139 223 1193 in
278 1137 551 1193 medium?
582 1137 693 1192 Hoc
742 1138 973 1193 maxime
1003 1138 1095 1194 Dei
1123 1154 1244 1194 esse
1291 1155 1395 1195 non
1422 1148 1642 1211 potest:

49 1232 192 1285 Deus
236 1229 504 1300 siquidem
550 1245 656 1284 non
685 1229 906 1297 esuriet,
938 1247 1044 1285 non
1087 1231 1412 1303 fatigabitur.
1446 1234 1642 1290 Verum

52 1322 354 1375 rationibus
383 1321 711 1377 contendere
752 1337 857 1376 non
884 1322 1034 1389 vult,
1065 1323 1158 1377 sed
1183 1325 1343 1380 rebus
1372 1325 1554 1382 vincit.
1580 1326 1647 1382 Et

57 1414 375 1484 supplicium
424 1414 538 1482 ipse
584 1428 679 1468 rex
726 1412 988 1469 definivit.
1031 1412 1147 1481 Qua
1190 1414 1258 1470 de
1285 1430 1446 1471 causa
1486 1416 1644 1473 Belus

51 1560 173 1596 rem
189 1560 256 1596 ex
282 1546 493 1613 Vulgata
510 1548 798 1613 apposuisse
818 1552 983 1598 notam
1000 1549 1219 1613 capitis;
1248 1548 1297 1613 id
1330 1549 1478 1599 etiam
1508 1557 1647 1613 patet

52 1622 114 1657 ex
141 1622 204 1673 eo
218 1610 357 1673 quod
377 1610 522 1671 capiti
550 1610 612 1673 12Δ
629 1610 878 1673 praefixum
897 1617 973 1659 est
995 1610 1169 1660 iumeo
1186 1610 1379 1673 Codice,
1394 1625 1457 1673 ιβ’.
1476 1610 1542 1670 af.
1557 1614 1647 1665 hoc

52 1680 146 1727 est,
184 1669 263 1719 12⁷.
308 1670 402 1734 ll.
429 1669 697 1718 Secundum
737 1672 865 1734 quod
902 1679 1116 1721 notatum
1138 1671 1305 1732 velim,
1335 1669 1382 1722 in
1409 1669 1467 1722 ea
1489 1669 1646 1726 videri

50 1746 166 1781 esse
186 1733 437 1781 senbentia
461 1741 679 1780 nostrum
701 1733 948 1791 Joannem,
971 1741 1027 1783 ut
1071 1735 1320 1785 existimet
1341 1736 1469 1784 hunc
1489 1739 1645 1787 versi-

52 1794 211 1841 culum
232 1794 494 1869 pertinere
521 1794 586 1869 ad
598 1795 855 1869 historiam
894 1795 1012 1856 Beli,
1040 1802 1115 1869 ‘et
1139 1798 1213 1869 ‘ad
1244 1796 1363 1869 Cyri.
1390 1805 1643 1868 tempora;

51 1868 146 1902 non
166 1854 335 1903 autem
359 1854 419 1903 ad
442 1855 688 1904 historiam
727 1863 970 1916 Susannze,
999 1854 1057 1906 et
1095 1858 1154 1905 ad
1186 1854 1394 1907 Danielis
1409 1854 1644 1916 juv'entul

52 1923 152 1987 tem
175 1930 190 1965 :
210 1917 353 1987 “atqui
375 1929 521 1987 supra
543 1924 693 1987 'ljorm
710 1919 759 1976 2,
787 1926 839 1967 et
861 1919 1060 1968 Humilia
1083 1921 1305 1987 prima__i_n
1329 1917 1561 1987 Psalmnm
1583 1923 1646 1974 50

54 1986 183 2052 Tum.
209 1980 267 2052 5,Δ
284 1980 335 2027 in
361 1980 600 2052 contraria
618 1980 734 2052 abit,
756 1992 816 2052 ac
836 1994 1008 2052 parum
1030 1981 1358 2052 verisimiliter
1375 1984 1543 2052 scribit
1560 1991 1647 2052 Da:-

53 2038 235 2106 aieletn
254 2046 372 2088 tunc
391 2040 622 2106 temporis
643 2038 980 2106 duodecimum
1001 2042 1157 2091 aetatis
1170 2056 1349 2092 annum
1366 2046 1645 2106 egisse,qui

3232 328 3338 387 2&0

1754 414 1929 483 palam
1953 424 2005 471 et
2025 425 2151 473 ante
2173 419 2357 475 oculos
2380 423 2617 480 omnium
2641 442 2746 483 non
2764 432 3014 503 comedit,
3040 438 3135 493 sed
3154 443 3338 498 noctu?

1754 500 2031 571 Quomodo
2054 510 2360 566 sacerdotes
2404 529 2509 569 non
2545 518 2934 588 perspiciebant
2979 500 3038 582 se
3065 543 3162 598 per
3188 546 3335 590 suam

1754 598 2012 654 fallaciam
2039 603 2338 658 convictum
2363 605 2463 659 iri?
2486 607 2710 673 Quando
2734 611 2872 668 Deus
2889 615 3179 688 dispensat,
3203 624 3336 680 nihil

1753 689 1983 745 mireris.
2015 691 2103 747 2i.
2133 693 2200 747 Et
2225 696 2563 763 occidieillos,
2595 700 2786 771 inquit.
2814 704 2950 771 Quid
2978 708 3138 777 igitur
3164 713 3338 770 adhuc

1752 780 1819 834 de
1847 780 2115 861 dracone?
2163 784 2394 840 belluam
2442 789 2635 859 aliquis
2683 792 2908 848 adorat?
2947 795 3101 855 Illum
3149 802 3335 861 Daniel

1752 873 2037 931 interfecit.
2070 875 2232 932 Vides
2258 894 2417 949 quam
2461 880 2773 948 dementes,
2822 903 2980 957 quam
3010 891 3185 962 ignavi
3228 897 3336 952 sint

1750 978 1904 1033 reges
1920 966 2200 1024 Persarum
2212 973 2237 1023 '9
2252 972 2342 1028 29.
2371 971 2600 1027 Tradidit
2620 973 2899 1033 Daniefem.
2918 982 3085 1047 Quam
3105 985 3174 1040 ob
3196 1002 3333 1056 rem,

1751 1065 1873 1127 post
1897 1057 2171 1114 victoriam
2195 1062 2327 1119 adeo
2350 1065 2647 1121 illustrem?
2669 1068 2753 1124 55.
2787 1071 3122 1130 Ambacumus
3142 1088 3331 1148 autent,

1753 1148 1956 1218 inquit,
1991 1154 2261 1220 prandium
2288 1158 2455 1210 attulit
2496 1157 2716 1213 Danieli.
2768 1161 2940 1217 Cerne
2988 1167 3330 1225 miraculum.

1750 1239 1938 1297 Nonne
1965 1246 2105 1297 enim
2138 1255 2343 1314 poterat
2370 1247 2445 1302 illi
2474 1249 2687 1306 aliunde
2730 1250 2906 1310 afferri
2935 1255 3083 1312 cibus
3102 1299 3116 1323 ,
3158 1276 3319 1330 quam

1752 1350 1780 1389 a
1811 1335 2041 1391 Judtea?
2085 1338 2198 1393 Hoc
2240 1350 2449 1410 gratum
2498 1354 2614 1397 erat
2668 1346 2981 1416 prophetae,
3029 1366 3095 1406 ne
3144 1353 3331 1410 eadem

1752 1428 1944 1484 iterum
1967 1440 2150 1501 ageret
2174 1475 2188 1501 ,
2213 1449 2331 1504 qurc
2358 1437 2457 1490 sub
2482 1437 2729 1493 eunucho
2749 1439 2969 1509 fecerat,
2994 1458 3130 1499 neve
3151 1447 3334 1501 existi—

1751 1534 1904 1576 mans
1956 1537 2195 1579 mensam
2248 1526 2503 1595 pollutam
2553 1544 2713 1596 esse,
2766 1531 2961 1587 famem
3008 1535 3331 1593 intenderet.

1752 1610 1905 1668 Unde
1931 1615 2149 1682 agnovit
2176 1614 2591 1673 Ambacumum?
2620 1620 2696 1675 Ex
2741 1621 3001 1679 affinitate
3032 1626 3224 1696 lingua:
3270 1643 3333 1682 ac

1752 1701 1923 1758 vocis.
1952 1703 2183 1761 Futurus
2208 1714 2325 1762 erat
2356 1708 2443 1763 ille
2468 1710 2700 1766 maxime
2726 1712 2965 1768 miraculi
2992 1732 3167 1785 praeco
3193 1720 3331 1787 apud

1750 1810 1844 1852 eos
1887 1797 1976 1867 qui
2022 1798 2074 1851 in
2102 1797 2288 1854 Judaaa
2335 1799 2667 1859 habitabant.
2703 1803 2801 1872 Qui
2832 1807 3000 1875 potuit
3038 1808 3199 1865 homo
3227 1826 3331 1866 non

1750 1888 1940 1944 timere
1966 1888 2147 1945 feras?
2174 1890 2271 1946 Hic
2299 1891 2512 1961 quidem
2540 1896 2872 1961 comedebat,
2908 1899 3012 1953 illa:
3039 1916 3163 1955 vero
3186 1901 3330 1970 jeju-

1751 1979 1967 2034 nahaut.
1999 1981 2167 2048 Esto,
2197 1997 2421 2052 corpore
2450 1984 2551 2039 viri
2574 1985 2703 2054 justi
2747 1988 3137 2045 abstinuerint:
3166 2007 3332 2061 quare

1751 2070 1911 2125 etiam
1957 2070 2298 2127 abstinebant
2344 2074 2506 2129 cibo?
2557 2075 2730 2131 Veluti
2782 2093 2967 2134 camus
3017 2081 3231 2151 quidam
3262 2097 3325 2137 ac

48 2108 128 2166 est
150 2101 708 2166 Pseudo-lgnatii
726 2114 892 2166 error.
906 2112 1001 2153 Nec
1022 2116 1313 2166 quemquam
1335 2101 1647 2157 m6vere'de-

49 2164 134 2211 bet
158 2163 270 2213 haec
289 2158 583 2222 diversitas;
598 2165 648 2211 in
668 2176 727 2213 re
749 2165 998 2229 praecipue
1016 2158 1145 2215 a'deo
1158 2158 1393 2217 obscura.
1751 2158 1958 2216 frenum
1988 2162 2105 2218 illas
2139 2165 2466 2221 continebat.

62 2309 3285 2353 W

1042 2665 1051 2675 ·
1128 2662 1230 2723 AD
1279 2662 1698 2725 HOMILIAM
1740 2648 2249 2739 ’SEQUENTEM.

45 2911 155 2979 ille,
182 2913 354 2983 cuius
396 2912 803 2977 strenuitatem,
845 2926 1079 2968 acumen
1107 2911 1332 2983 ingenii,
1379 2921 1543 2983 atque
1564 2912 1913 2986 διαλεκτικὴν
1941 2915 2150 2985 experti
2184 2931 2332 2989 sape
2368 2900 2603 2975 fuerant.
2634 2919 2790 2977 Unde
2825 2920 3043 2977 mireris
3072 2920 3313 2979 Flaviani

42 3052 397 3120 mrdestiam,
434 3053 713 3122 pietatem,
765 3051 930 3106 animi
962 3051 1370 3124 ingenuitatem,
1419 3052 1511 3121 qui
1551 3066 1609 3107 se
1637 3068 1668 3107 a
1710 3054 2023 3126 presbytero
2064 3071 2164 3111 suo
2196 3057 2298 3113 sibi
2328 3059 2548 3114 subdito
2591 3061 2665 3115 ita
2694 3061 2928 3117 libenter
2964 3061 3228 3118 fateretur
3256 3074 3312 3120 et

39 3190 293 3245 doctrina
324 3199 381 3244 et
409 3189 721 3259 eloquentia
750 3186 1017 3258 superari.
1053 3185 1470 3257 Chrysostomus
1501 3200 1654 3251 vero,
1688 3194 1748 3241 ut
1771 3196 1889 3242 erat
1915 3189 2248 3255 moderatus,
2280 3198 2336 3245 et
2362 3205 2392 3244 a
2422 3191 2640 3261 propria
2684 3192 2843 3247 laude
2867 3193 3103 3261 alienus,
3151 3195 3310 3251 initio

44 3328 407 3383 vehementer
430 3326 677 3398 queritur
719 3324 823 3380 sibi
848 3324 1089 3379 delatum
1136 3340 1336 3380 munus
1370 3339 1491 3381 esse
1525 3341 1556 3380 a
1586 3325 1810 3382 doctore
1850 3341 1970 3393 suo,
2000 3326 2092 3398 qui
2117 3342 2249 3383 vere
2280 3328 2402 3385 fons
2427 3329 2689 3385 doctrinae
2729 3340 2893 3396 esset,
2927 3340 2983 3386 et
3009 3331 3152 3388 hanc
3178 3348 3313 3405 pro-

40 3469 281 3524 vinciam
318 3469 491 3540 probe
520 3470 798 3541 suscipere
826 3481 1031 3543 posset.
1064 3471 1272 3527 Deinde
1298 3484 1428 3526 vero
1456 3479 1837 3542 argumentum
1863 3470 2301 3528 adversariorum
2329 3481 2440 3529 tam
2474 3480 2719 3542 strenue,
2751 3482 2863 3530 tam
2887 3475 3033 3533 clare
3064 3476 3309 3548 depellit,

41 3618 97 3663 ut
132 3609 363 3665 nescias
398 3617 575 3664 utram
607 3611 778 3683 magis
811 3612 1057 3678 mireris,
1077 3610 1443 3680 eloquentiam
1468 3626 1533 3665 an
1559 3609 1857 3666 dialectica:
1888 3611 2022 3667 vim.

99 3749 338 3805 Certum
365 3750 533 3821 igitur
576 3760 662 3805 est
690 3752 833 3807 hanc
878 3752 1200 3807 concionem
1229 3750 1533 3811 Antiochia:
1574 3749 1631 3805 in
1659 3766 1852 3823 magna
1878 3752 2131 3817 ecclesia,
2172 3762 2236 3810 ut
2261 3752 2367 3810 fert
2397 3754 2611 3824 titulus,
2647 3762 3026 3828 prasenteque
3051 3757 3311 3813 Flaviano

35 3889 275 3944 habitam
308 3888 504 3951 fuisse,
537 3905 659 3944 cum
682 3891 793 3960 jam
819 3889 1236 3962 Chrysostomus
1267 3891 1325 3945 in
1351 3905 1541 3961 magna
1568 3897 1714 3945 esset
1743 3892 1886 3961 apud
1920 3891 2291 3949 Antiochenos
2317 3893 2736 3951 existimatione.
2763 3895 2903 3950 Hinc
2930 3904 3014 3951 est
3044 3895 3188 3966 quod
3219 3895 3308 3951 illa

32 4029 130 4083 alia
160 4027 834 4102 homilia-Chrysostomi,
864 4044 986 4099 quze
1024 4028 1188 4098 hujus
1218 4027 1485 4083 habendae
1515 4026 1732 4081 occasio
1756 4024 1879 4093 fuit,
1920 4027 2187 4097 cujusque
2215 4035 2373 4081 notas
2402 4026 2605 4096 aliquot
2649 4028 2707 4082 in
2756 4029 2859 4084 hac
2885 4030 3310 4101 Chrysostomus

31 4173 279 4239 exhibet,
314 4182 377 4227 ut
406 4188 509 4228 nos
537 4189 702 4244 supra
726 4174 983 4238 diximus,
1022 4172 1134 4243 jam
1161 4187 1273 4227 non
1302 4180 1614 4243 compareat
1640 4171 1782 4227 inter
1824 4171 1942 4226 illas
1968 4170 2219 4225 homilias
2251 4186 2384 4242 quas
2427 4180 2614 4226 contra
2661 4171 2957 4228 Anomoeos
2994 4172 3127 4229 Anti
3140 4174 3305 4231 )clii:e

29 4314 415 4385 pronuntiavit
465 4312 885 4385 Chrysostomus
942 4313 1131 4367 decem
1194 4323 1475 4365 numero:
1520 4323 1761 4379 quasque
1801 4307 2070 4363 edidimus
2128 4308 2305 4378 primo
2362 4307 2568 4375 Tomo,
2631 4309 2831 4365 additis
2895 4310 3184 4366 undecima
3249 4321 3305 4367 et

33 4461 388 4527 duodecima,
418 4474 542 4530 quae
570 4454 1062 4528 Constantinopoli,
1093 4454 1222 4511 item
1255 4462 1444 4510 contra
1466 4451 1780 4518 Anommos,
1824 4450 2023 4507 habitae
2064 4458 2212 4505 sunt.
2254 4449 2362 4505 Illae
2395 4449 2540 4506 enim
2574 4451 2761 4506 decem
2799 4450 3035 4506 humilia:
3063 4468 3128 4508 eo
3158 4468 3304 4507 anno

37 4611 189 4665 dictae
222 4612 372 4663 sunt
400 4618 510 4675 quo
536 4602 654 4673 ipse
682 4601 969 4673 presbyter
1000 4596 1176 4653 factus
1200 4605 1303 4661 est,
1329 4603 1384 4651 et
1413 4594 1723 4651 concionari
1751 4592 1936 4663 ccepit,
1969 4607 2165 4661 nempe
2198 4607 2343 4647 anno
2365 4589 2491 4656 586,
2533 4598 2587 4645 et
2613 4607 2758 4648 anno
2788 4591 3037 4662 sequenti
3076 4593 3200 4648 587.
3236 4592 3306 4646 At

32 4739 143 4795 haec
166 4740 435 4807 homilia,
462 4748 523 4796 ut
549 4747 605 4795 et
634 4754 699 4793 ea
745 4752 867 4809 qua:
908 4736 1082 4808 ipsam
1112 4732 1476 4807 praecedebat,
1506 4740 1631 4802 post
1658 4730 1777 4785 illas
1818 4729 2003 4785 habita
2051 4728 2174 4794 fuit,
2209 4744 2333 4783 cum
2363 4743 2430 4782 ex
2479 4724 2703 4782 assiduo
2729 4721 3093 4779 concionandi
3128 4720 3307 4775 cilicio

30 4892 284 4949 mgnum
335 4875 445 4934 sibi
473 4876 774 4933 Antiochia:
799 4892 1003 4933 nomen
1040 4874 1344 4948 peperisset
1363 4873 1804 4945 Chrysostomus.
1835 4871 1906 4925 De
1933 4884 2077 4925 anno
2106 4876 2290 4923 autem
2310 4867 2447 4922 nihil
2480 4880 2703 4939 prorsus
2728 4865 3014 4920 habemus.

88 5018 624 5093 interpretationem
651 5022 897 5075 nostram
916 5014 1165 5072 Latinam
1186 5014 1256 5071 ad
1280 5013 1444 5071 ﬁdem
1474 5010 1825 5071 Ottoboniani
1854 5007 2179 5082 exemplaris
2208 5005 2496 5064 edidimus.
