3734 6278
429 290 534 346 217

1135 280 1190 338 8.
1227 278 1504 338 JOANNIS
1540 275 2010 335 CllttYSOSTOMl
2048 277 2367 336 ARCHIEP.
2407 280 2941 342 CONSTANTINOP.

3610 295 3711 348 ειε

1417 513 1426 515 -
1443 512 1458 516 _
1473 505 1517 516 ._;.
1533 512 1594 515 ___
1607 511 1624 514 -
1637 505 2350 516 _-.A.—.—————-—-—.—-o——-—-———-——-———-’-—
2369 505 2412 515 -—'
2425 510 2462 516 ν-
2477 511 2492 516 -.

452 500 1394 521 W—
1417 513 1426 515 —
1443 512 1458 516 —
1473 500 1517 516 -——-'
1533 500 3710 521 ———--—rAd—W—Jm

479 518 1202 526 ~_——————_v—-—_——iriri
2933 518 2941 520 -
2987 518 3570 528 7‘————————--~—-_—--
3625 521 3654 528 ἦ
3681 518 3710 525 Ἴ

2503 511 2550 518 ,η
2587 509 2840 518 μην-..-ἡν
2853 509 3654 528 μ--.ἀ.ἰ..;-ῑ;.ῗ“π.ᾐτιτ,τη-ξ

1325 713 1328 716 ,
1413 649 1788 722 SANCTI
1855 646 2249 718 PATRIS
2289 648 2432 720 ΝΟ
2449 649 2703 723 STBI

817 852 907 989 J
924 843 1474 992 OANN
1491 838 1670 983 IS
1765 833 3279 1004 CHRYSOSTOMI,

432 1126 491 1168 IN
542 1124 758 1168 suam
806 1118 1124 1171 ECCLESIA,
1171 1111 1303 1156 CUM
1345 1104 1546 1149 PAUCA
1590 1097 1929 1143 PREFATUS
1973 1095 2161 1138 assu'r
2205 1094 2558 1149 EPISCOPUS,
2604 1096 2669 1138 IN
2714 1096 2902 1139 ILLUD
2946 1099 3308 1146 EVANGEL".
3358 1103 3570 1146 FILIUS
3622 1105 3693 1147 ει

714 1221 786 1266 sa
829 1217 966 1262 IPSO
1010 1214 1188 1260 NIHIL
1228 1208 1440 1262 FACI‘I‘,
1483 1202 1607 1247 ms:
1650 1198 1820 1252 QUOD
1864 1196 2128 1239 vmuutr
2172 1195 2425 1239 parum
2470 1195 2835 1240 mersuras:
2883 1178 3096 1261 (Joan.
3144 1182 3204 1242 5.
3258 1185 3377 1265 19).

1852 1389 2253 1424 Μηνυ-

497 1559 548 1614 1.
594 1555 640 1612 0
676 1551 1019 1609 violentiam!
1066 1565 1098 1603 ο
1129 1544 1500 1620 tyrannidem!
1546 1540 1746 1596 Doctor
1790 1543 2004 1598 noster,

423 1653 512 1720 qui
539 1665 585 1703 ai
611 1659 665 1704 te
692 1662 788 1700 nos
830 1643 1078 1713 przefatus
1099 1649 1200 1703 est,
1231 1639 1438 1707 plenam
1467 1649 1586 1688 cum
1618 1630 1837 1684 haberet
1859 1626 2006 1695 phia-

423 1744 563 1804 lam,
593 1739 814 1795 summis
863 1745 1063 1791 tantum
1111 1733 1274 1786 labris
1319 1729 1566 1799 poculmn
1618 1720 2003 1792 degustandum

424 1834 576 1889 nobis
603 1831 898 1902 propinavit
923 1846 934 1881 :
968 1828 1017 1882 id
1040 1835 1218 1880 autem
1247 1824 1366 1878 fecit
1394 1837 1496 1874 non
1527 1820 1596 1873 ob
1623 1815 1879 1870 doctrinae
1909 1829 2004 1882 pc-

424 1927 663 1980 nuriam:
695 1939 814 1978 nam
843 1921 1001 1975 fontis
1025 1921 1187 1973 instar
1209 1915 1467 1970 scaturire
1491 1912 1660 1973 solet;
1693 1908 1784 1963 sed
1813 1923 2001 1976 quem-

419 2019 704 2075 admodum
733 2016 877 2078 dixi,
912 2023 966 2067 ut
989 2021 1176 2066 vestra:
1201 2007 1434 2062 caritatis
1465 2002 1796 2076 tyrannidem
1829 1999 2001 2068 palam

421 2111 652 2173 faceret,
679 2123 833 2176 quam
858 2119 980 2173 erga
1010 2102 1317 2156 tenuitatem
1351 2108 1587 2151 nostram
1634 2092 1889 2146 exhibere
1911 2104 2001 2140 so-

421 2204 575 2258 lctis:
604 2217 662 2254 ca
690 2199 756 2254 de
773 2212 932 2252 causa
962 2196 1068 2248 cito
1100 2192 1261 2246 tacuit
1281 2200 1689 2253 sermonemque
1715 2179 1998 2242 conclusit,

420 2303 471 2346 ut
499 2301 676 2345 vestro
699 2287 965 2344 desiderio
985 2282 1402 2354 gratificaretur;
1431 2287 1485 2333 et
1511 2276 1603 2331 toti
1631 2271 1884 2330 solvendo
1909 2271 2005 2324 de-

421 2385 530 2438 bito
574 2397 671 2436 nos
706 2378 965 2432 obnoxios
989 2374 1282 2431 constituit.
1315 2372 1446 2438 Quia
1475 2369 1634 2438 igitur
1663 2375 1716 2419 et
1756 2364 1800 2418 is
1847 2361 2001 2416 nobis

419 2473 628 2529 dicendi
657 2473 772 2526 loco
801 2468 960 2525 cessit
985 2509 1000 2533 ,
1023 2476 1078 2521 et
1119 2479 1215 2518 vos
1243 2471 1426 2518 nostro
1453 2461 1519 2514 ab
1549 2474 1640 2512 ore
1662 2455 1894 2526 pendere
1921 2454 2002 2506 vi-

416 2568 538 2620 deo.
569 2577 788 2618 necesse
827 2559 1038 2614 tandem
1077 2565 1158 2611 est
1195 2565 1252 2610 ut
1292 2553 1357 2606 ad
1396 2549 1687 2605 certamina
1718 2560 1814 2600 nos
1840 2560 2001 2598 exua-

419 2671 536 2711 mus
576 2672 588 2708 :
620 2670 715 2707 vos
737 2662 914 2707 autem
947 2649 1075 2704 mihi
1107 2662 1262 2717 Opem
1305 2644 1458 2705 ferte,
1487 2650 1542 2696 et
1580 2653 1796 2694 manum
1825 2635 1998 2706 porri-

415 2746 524 2814 gite
544 2785 559 2810 ,
603 2743 850 2814 precibus
882 2749 1119 2794 nostram
1146 2737 1437 2792 excitantes
1458 2732 1709 2800 linguam,
1739 2738 1794 2780 et
1820 2735 1996 2780 atten-

417 2840 562 2891 tione
584 2836 743 2889 animi
773 2833 977 2886 facilem
1010 2837 1256 2900 parantes
1281 2825 1536 2882 doctrinae
1559 2823 1718 2875 viam.
1747 2817 1998 2886 Quando-

413 2927 627 2997 quidem
647 2924 903 2994 propheta
925 2938 1026 2976 non
1045 2918 1411 2974 admirabilem
1431 2914 1589 2972 modo
1605 2910 1991 2973 consiliarium,

413 3017 510 3074 sed
539 3017 697 3072 etiam
726 3015 1038 3087 prudentem
1069 3013 1365 3066 auditorem
1391 3006 1621 3079 postulat
1649 3002 1809 3074 (lsai.
1836 3001 1888 3054 3.
1914 2999 1992 3070 5).

414 3110 526 3166 Non
556 3109 697 3164 enim
747 3108 862 3162 leve
915 3106 1066 3162 nobis
1098 3114 1370 3159 certamen
1404 3098 1561 3154 hodie
1607 3105 1842 3167 paratum
1874 3102 1953 3147 est
1975 3132 1989 3157 ,

411 3203 505 3257 sed
539 3201 679 3272 quod
713 3199 893 3254 multis
914 3205 1067 3266 egeat
1093 3196 1368 3266 precibus,
1397 3191 1560 3246 multa
1587 3189 1889 3244 auditorum
1916 3186 1995 3238 vi-

409 3293 665 3365 gilantia,
699 3291 864 3346 nuilta
907 3288 1273 3344 concionantis
1321 3282 1621 3354 diligentia,
1671 3288 1726 3333 ut
1761 3295 1880 3350 quae
1906 3277 1992 3330 di-

407 3384 577 3439 cenda
605 3393 728 3437 sunt
748 3392 799 3435 et
817 3390 1061 3436 accurate
1086 3380 1438 3449 proferantur,
1463 3385 1515 3430 et
1538 3383 1649 3428 tuto
1677 3373 1726 3426 in
1754 3369 1994 3425 caritatis

409 3484 604 3528 vestra:
620 3473 814 3525 animis
840 3472 1162 3524 inserantur.
1194 3467 1364 3536 Cupio
1389 3478 1619 3533 namque
1648 3476 1743 3515 vos
1766 3475 1871 3514 non
1899 3476 1992 3512 an-

409 3566 525 3618 dire
567 3572 770 3617 tantum
793 3603 808 3627 ,
852 3562 946 3616 sed
971 3561 1129 3615 etiam
1158 3556 1392 3620 institui;
1425 3571 1529 3609 non
1555 3555 1760 3609 discere
1797 3551 1954 3606 modo
1975 3592 1989 3616 ,

409 3654 504 3709 scd
529 3657 687 3707 etiam
717 3651 946 3716 docere;
978 3664 1081 3703 non
1113 3649 1352 3716 accipere
1377 3646 1581 3712 solum,
1612 3644 1702 3698 sed
1747 3645 1904 3696 etiam
1939 3643 1988 3695 iu

409 3747 542 3800 alios
570 3745 950 3799 transmittere.
971 3741 1060 3798 Sic
1082 3743 1222 3797 enim
1247 3750 1300 3794 et
1318 3737 1649 3808 splendidius
1672 3737 1821 3791 nobis
1839 3736 1990 3791 thea-

412 3849 586 3899 trum,
619 3845 674 3891 et
716 3835 884 3906 major
928 3846 1098 3890 cretus
1135 3834 1265 3899 erit,
1299 3829 1510 3902 quando
1537 3846 1629 3883 vos
1660 3845 1754 3898 per
1782 3844 1842 3881 ca
1873 3843 1990 3897 qua:

411 3930 685 3984 audieritis
710 3970 724 3991 ,
767 3928 900 3981 alios
940 3929 1099 3981 etiam
1143 3924 1393 3980 inducere
1439 3921 1697 3991 poteritis.
1731 3920 1786 3974 ln
1816 3921 1989 3988 priore

410 4025 588 4092 itaque
624 4021 882 4075 concione
903 4018 1005 4072 hoc
1034 4017 1176 4071 dicto
1217 4014 1520 4086 evangelico
1551 4014 1601 4068 in
1637 4013 1866 4067 medium
1889 4010 1985 4064 ad-

406 4117 566 4170 ducto
587 4157 601 4179 ,
635 4113 791 4168 Pater
815 4129 952 4167 meus
976 4128 1130 4182 usque
1159 4111 1304 4164 modo
1329 4118 1586 4178 aperatur,
1616 4117 1661 4162 et
1687 4123 1775 4177 ego
1807 4120 1988 4174 aperor

411 4203 593 4273 (Joan.
628 4204 680 4258 5.
714 4204 803 4274 17)
828 4244 842 4266 ,
874 4218 995 4256 cum
1045 4200 1167 4254 hinc
1197 4199 1548 4253 ostendissent
1581 4197 1694 4263 ejus
1733 4211 1853 4248 cum
1885 4193 1989 4248 Ge-

408 4297 582 4349 nitore
630 4295 1022 4362 aequalitatem,
1051 4293 1189 4360 quod
1217 4301 1269 4346 et
1299 4306 1458 4360 supra
1500 4289 1734 4344 declarat
1759 4301 1989 4354 evange-

410 4389 530 4442 lista
559 4388 644 4440 his
673 4387 878 4448 verbis,
913 4385 1190 4452 Propterea
1210 4384 1369 4451 magis
1397 4381 1816 4452 persequebantur
1837 4395 1947 4432 eum
1970 4418 1986 4444 ,

408 4494 508 4531 non
534 4479 698 4530 solum
718 4477 834 4545 quia
863 4477 1077 4529 solvebat
1096 4475 1356 4526 sabbatum
1378 4515 1392 4536 ,
1421 4473 1508 4525 sed
1535 4481 1582 4524 et
1611 4472 1815 4524 Patrem
1843 4485 1988 4524 suum

407 4569 608 4623 dicebat
656 4566 840 4632 Deum,
872 4567 1114 4634 (aqualem
1138 4581 1192 4618 se
1211 4565 1400 4633 faciens
1436 4563 1544 4616 Deo
1576 4562 1756 4631 (Joau.
1791 4562 1842 4616 5.
1873 4560 1985 4627 18),

408 4664 477 4716 ita
523 4675 826 4717 sermonem
871 4660 1057 4714 clausi.
1113 4657 1278 4712 Hodie
1305 4667 1482 4710 autem
1515 4669 1650 4725 opus
1680 4665 1761 4708 est
1786 4669 1847 4708 ea
1888 4653 1990 4707 sol-

405 4771 528 4810 vere
549 4796 563 4820 ,
597 4769 716 4825 qua:
737 4751 992 4806 adversus
1026 4751 1140 4804 hzec
1168 4749 1424 4818 objiciunt
1451 4746 1708 4802 haeretici.
1737 4746 1988 4812 Quamvis

403 4849 546 4901 cnim
580 4847 717 4900 inter
744 4847 944 4898 amicos
970 4853 1270 4904 certemus,
1311 4849 1453 4894 tanta
1486 4849 1660 4894 tamen
1689 4836 1986 4892 adhibenda

403 4939 674 5008 diligentia
708 4945 792 5002 est
812 4979 824 4999 ,
855 4947 910 4990 ut
939 4935 1170 5005 undique
1192 4951 1219 4987 a
1251 4934 1437 4988 fraude
1467 4941 1573 4986 tuta
1613 4941 1663 4986 et
1699 4932 1888 4987 invicta
1919 4932 1988 4985 sit

403 5031 578 5084 oratio
597 5068 613 5093 ,
644 5028 852 5082 etiamsi
894 5028 946 5081 in
973 5026 1164 5082 mediis
1195 5026 1436 5080 hostibus
1455 5035 1718 5079 versetur.
1749 5024 1814 5080 Ut
1843 5025 1985 5079 enim

404 5131 528 5175 ante
555 5120 819 5184 dicebam,
850 5133 954 5173 non
984 5119 1169 5173 audire
1192 5128 1392 5172 tantum
1417 5133 1511 5172 vos
1535 5117 1676 5184 volo,
1708 5118 1802 5173 sed
1825 5119 1985 5174 etiam

404 5212 537 5264 alios
565 5210 860 5264 instituere.
893 5209 1017 5264 Ideo
1059 5209 1288 5264 sollicite
1328 5209 1506 5264 studui
1555 5225 1652 5266 vos
1682 5211 1846 5266 armis
1873 5211 1986 5280 spi-

411 5302 692 5357 ritualibus
721 5301 1174 5365 circummunire,
1218 5309 1274 5354 ut
1299 5301 1500 5355 nullum
1544 5301 1842 5357 membrum
1888 5318 1987 5358 nu-

403 5397 534 5450 dum
570 5401 842 5470 appareat,
876 5392 962 5448 vel
994 5393 1139 5448 letali
1170 5393 1390 5448 vulnere
1414 5393 1764 5448 coniodiatur.
1795 5394 1988 5448 Armo-

407 5504 523 5542 rum
552 5487 748 5556 quippe
780 5484 897 5540 loco
925 5485 1078 5540 nobis
1107 5495 1189 5539 est
1219 5500 1417 5548 sermo,
1446 5486 1534 5555 qui
1561 5495 1770 5540 nostros
1793 5485 1984 5551 munit,

404 5592 458 5635 et
483 5583 665 5636 hostes
696 5579 834 5644 ferit;
864 5577 1014 5645 ferit,
1048 5579 1299 5649 inquam,
1332 5594 1436 5634 non
1465 5590 1522 5633 ut
1547 5579 1782 5648 dejiciat,
1811 5577 1905 5633 sed
1932 5587 1989 5632 ut

405 5676 649 5743 jar-entes
680 5674 866 5743 erigat.
899 5672 1209 5743 Hujusmodi
1249 5673 1391 5728 enim
1434 5687 1622 5742 pugnze
1660 5686 1829 5741 genus
1867 5681 1982 5740 est,

409 5765 552 5835 quod
580 5766 631 5820 in
657 5765 880 5821 Salutem
907 5774 1091 5821 contra
1122 5765 1467 5837 pugnantium
1505 5774 1762 5835 tropaaum
1792 5765 1981 5835 erigat.

2117 1529 2187 1587 Ut
2219 1531 2379 1599 igitur
2405 1531 2506 1587 hoc
2531 1531 2658 1599 fiat,
2682 1541 2888 1590 attento
2911 1535 3096 1592 adeste
3115 1538 3294 1593 animo
3312 1582 3327 1606 ,
3351 1543 3500 1597 omni
3533 1544 3636 1613 ejei
3656 1555 3694 1601 ta

2111 1622 2354 1676 saeculari
2380 1638 2507 1676 cura
2527 1625 2763 1679 animum
2787 1627 3034 1696 excitate,
3059 1638 3213 1684 acute
3233 1642 3549 1688 cernentem
3581 1652 3695 1690 ocu-

2109 1711 2219 1766 lum
2247 1713 2478 1781 prtcbete
2506 1716 2658 1770 mihi.
2688 1717 2844 1772 Dives
2866 1735 2932 1774 ne
2958 1721 3199 1774 socordia
3222 1723 3427 1777 difﬂuat
3451 1743 3466 1779 :
3495 1741 3695 1794 pauper

2112 1819 2178 1857 ne
2206 1806 2455 1875 egestatis
2498 1807 2644 1862 curis
2687 1809 3046 1878 opprimatur;
3070 1811 3163 1866 sed
3207 1815 3368 1867 missa
3397 1817 3548 1870 omni
3579 1819 3695 1872 vita-

2110 1896 2500 1966 inaequalitate,
2550 1901 2772 1971 quisque
2815 1917 2875 1957 se
2921 1912 3160 1970 paratum
3206 1905 3507 1963 auditorem
3555 1925 3693 1978 pne-

2111 1987 2231 2042 beat
2266 2005 2279 2040 :
2311 2006 2482 2059 neque
2521 1991 2664 2045 cnim
2707 1993 2852 2063 parvi
2883 1995 3032 2062 pretii
3075 2005 3229 2060 sunt,
3258 2013 3376 2065 qua:
3405 2015 3551 2053 nunc
3581 2009 3692 2054 tra-

2107 2088 2338 2135 ctantur.
2388 2081 2512 2138 ideo
2554 2083 2676 2138 haec
2724 2083 3027 2154 frequenter
3070 2101 3262 2141 moueo
3295 2103 3309 2142 :
3342 2089 3462 2143 novi
3493 2093 3691 2160 quippe

2105 2185 2262 2239 quam
2289 2173 2549 2240 profundo
2571 2175 2622 2227 in
2649 2175 2831 2244 pelago
2853 2177 3178 2246 navigemus.
3211 2179 3285 2234 Ne
3311 2180 3549 2236 turberis
3572 2199 3691 2252 pro-

2108 2263 2326 2318 fundum
2375 2267 2865 2338 audiens:Spiritu
2914 2286 3145 2341 namque
3187 2272 3355 2339 duce,
3403 2291 3512 2330 non
3569 2291 3686 2335 sun:

2102 2369 2255 2424 aqua:
2283 2357 2496 2428 caligini
2524 2360 2791 2425 obnoxiae,
2822 2362 2916 2420 sed
2945 2361 3200 2418 facillima
3225 2366 3329 2420 erit
3352 2368 3455 2431 via,
3490 2371 3535 2425 si
3563 2387 3677 2426 eam

2105 2449 2494 2514 tantummodo,
2533 2465 2693 2519 quam
2730 2452 2915 2528 iubeo,
2953 2456 3202 2510 teneatis.
3237 2455 3314 2511 Ne
3358 2461 3675 2525 turbemini,

2102 2554 2279 2608 neque
2302 2542 2644 2596 moveamini.
2665 2543 2797 2608 Quae
2818 2545 2961 2599 enim
2985 2547 3143 2602 hodie
3163 2550 3453 2618 agitantur,
3474 2555 3679 2607 audito-

2105 2642 2216 2682 rem
2244 2631 2396 2686 initio
2417 2633 2655 2697 turbant,
2680 2634 2842 2704 inque
2861 2635 3254 2693 dubitationem
3275 2641 3609 2710 conjiciunt:
3636 2647 3675 2700 si

2101 2735 2230 2773 vero
2260 2721 2420 2774 finem
2445 2735 2744 2792 exspectet,
2773 2725 2859 2778 ubi
2891 2739 3309 2784 consentaneum
3347 2733 3676 2790 solutionem

2101 2809 2320 2877 videbit,
2347 2814 2583 2882 jucunda
2612 2815 2822 2870 fruetur
2856 2820 3261 2888 tranquillitate,
3288 2832 3343 2876 et
3372 2824 3426 2877 in
3454 2838 3676 2894 portum

2097 2903 2261 2957 nullis
2277 2904 2534 2974 agitatum
2553 2905 2808 2961 ﬂuctibus
2822 2909 3062 2964 animum
3082 2915 3350 2982 appellere
3369 2919 3595 2984 poterit.
3614 2919 3678 2972 υι

2099 3010 2227 3065 ergo
2253 2995 2366 3051 haec
2397 2997 2469 3050 ita
2495 3012 2553 3051 se
2586 2998 2838 3064 habeant,
2875 3016 2943 3054 ne
2979 3003 3296 3070 turbemini,
3331 3022 3400 3060 ne
3428 3022 3676 3062 commo-

2099 3088 2355 3155 veamini,
2398 3089 2490 3143 sed
2525 3105 2646 3143 cum
2689 3091 2836 3144 omni
2886 3092 3142 3160 patientia
3182 3103 3236 3148 ct
3269 3103 3675 3165 perseverantia

2097 3180 2238 3234 viam
2261 3181 2568 3250 sequimini,
2608 3197 2770 3252 quam
2802 3183 2949 3236 verbi
2979 3184 3223 3240 doctrina
3246 3189 3509 3244 ostendit.

2169 3274 2517 3328 Anomaeorum
2533 3275 2760 3346 objectio,
2783 3291 2894 3344 qua!
2912 3279 3083 3345 fucum
3107 3280 3270 3346 facere
3291 3287 3508 3345 poterat,
3534 3281 3682 3348 refel-

2097 3368 2325 3421 litur.——
2352 3370 2479 3434 Qua:
2507 3380 2630 3424 sunt
2649 3385 2775 3440 ergo
2799 3386 2916 3439 qua:
2943 3370 3095 3424 nobis
3116 3370 3181 3425 ab
3199 3371 3300 3424 illis
3324 3372 3680 3442 objiciuntur?

2101 3459 2250 3513 Nihil
2281 3470 2464 3529 potest,
2506 3461 2767 3530 inquiunt,
2808 3464 2974 3532 facere
3014 3460 3201 3526 Filius,
3234 3462 3332 3516 nisi
3358 3463 3543 3518 viderit
3583 3465 3682 3519 Pa»

2097 3563 2223 3606 trem
2272 3554 2536 3622 facientem
2584 3552 2760 3623 (Joan.
2793 3555 2847 3609 5.
2892 3554 3004 3622 19).
3051 3556 3209 3623 Atqui
3257 3553 3368 3609 lucc
3407 3555 3682 3626 Scriptura

2095 3646 2244 3701 dixit.
2272 3646 2534 3714 Quorsum
2563 3662 2690 3716 ergo
2711 3646 2824 3701 haec
2850 3647 3000 3700 nobis
3022 3646 3309 3716 objiciunt?
3329 3646 3442 3701 Non
3467 3662 3538 3703 eo
3565 3664 3683 3702 seu-

2095 3753 2178 3803 su,
2209 3754 2314 3807 quo
2337 3753 2369 3792 a
2395 3739 2666 3806 Scriptura
2689 3737 2827 3792 dicta
2847 3748 2991 3799 sunt,
3019 3736 3333 3792 aﬂeruntur.
3355 3737 3494 3804 Quid
3537 3740 3677 3794 hinc.

2094 3830 2264 3895 aiunt,
2288 3829 2612 3884 concludere
2638 3830 2858 3882 volunt?
2890 3829 3050 3885 V’idcs
3073 3829 3340 3898 quomodo
3374 3829 3544 3883 Filius
3571 3832 3680 3894 Dei,

2096 3921 2356 3990 inquiunt.
2391 3921 2531 3974 illam
2556 3922 2874 3991 mqualitatis
2903 3922 3259 3991 suspicionem
3290 3923 3531 3977 auferat?
3552 3925 3680 3993 Quia

2093 4017 2234 4070 enim
2262 4014 2429 4070 Judmi
2456 4015 2508 4070 id
2537 4016 2959 4086 suspicabantur,
2992 4032 3180 4084 nempe
3209 4033 3329 4071 eum
3358 4017 3468 4074 Deo
3496 4035 3678 4088 mqua-

2096 4109 2196 4161 lcm
2228 4123 2286 4162 se
2315 4109 2508 4173 facere,
2533 4108 2653 4163 ideo
2691 4110 2864 4163 intulit
2895 4109 2975 4163 his
3001 4110 3198 4175 verbis,
3232 4108 3350 4163 Non
3377 4121 3543 4177 potest
3592 4112 3676 4164 F5-

2095 4200 2192 4254 lius
2221 4217 2251 4252 a
2272 4201 2435 4270 seipso
2457 4204 2623 4271 facere
2646 4202 2817 4271 quidqr
2836 4218 2943 4256 am.

2163 4291 2216 4344 2.
2259 4290 2393 4345 Num
2424 4291 2620 4348 frustra
2663 4291 2924 4359 dicebam,
2978 4293 3091 4347 lucc
3135 4294 3293 4349 verba
3328 4309 3424 4349 vos
3466 4295 3680 4352 turbare

2095 4398 2272 4451 posse,
2300 4392 2460 4452 atque
2489 4383 2641 4437 initio
2667 4383 2967 4438 auditorem
2998 4386 3321 4454 percellere?
3356 4386 3558 4440 Verum
3589 4406 3679 4442 ex-

2095 4481 2347 4542 spectate,
2376 4482 2430 4528 et
2454 4473 2698 4529 videbitis
2717 4490 2810 4529 eos
2841 4477 3065 4544 propriis
3089 4474 3361 4531 confectos
3384 4478 3526 4532 telis.
3549 4480 3679 4534 Cum

2095 4565 2278 4632 primis
2303 4566 2444 4620 enim
2473 4566 2860 4622 observandum
2886 4567 2959 4634 id,
2981 4567 3121 4637 quod
3143 4566 3359 4632 dicitur,
3384 4584 3489 4622 non
3516 4570 3681 4624 fuisse

2093 4658 2392 4713 Judaeorum
2438 4659 2998 4728 suspicionemzquod
3043 4660 3201 4714 etiam
3247 4661 3300 4714 in
3353 4663 3678 4729 praecedenti

2093 4752 2448 4823 disputatione
2463 4768 2582 4807 cum
2593 4754 2745 4806 omni
2774 4754 3146 4824 perspicuitate
3169 4753 3542 4819 ostendimus;
3564 4771 3680 4824 qua

2096 4861 2162 4900 ne
2185 4847 2371 4899 iterum
2391 4844 2677 4912 agitentur,
2697 4860 2762 4899 eo
2781 4845 3100 4900 remittimus
3125 4844 3442 4909 auditorem,
3467 4855 3521 4899 et
3539 4847 3681 4915 quod

2095 4955 2233 4994 nunc
2259 4939 2509 5007 ohjicitur
2525 4937 2735 4992 solvere
2749 4937 3081 4997 conabimur,
3098 4937 3486 5007 ostendereque
3505 4938 3680 5010 ipsum

2094 5046 2199 5085 non
2229 5039 2287 5084 ut
2311 5038 2572 5084 everteret
2599 5043 2783 5083 eorum
2815 5028 3169 5096 suspicionem
3199 5027 3313 5082 haec
3337 5029 3562 5092 dixisse,
3592 5029 3680 5083 scd

2093 5134 2149 5177 ut
2173 5137 2290 5176 eam
2317 5119 2715 5176 accuratissime
2744 5119 2983 5173 firmaret
3013 5134 3075 5173 ac
3104 5119 3383 5182 stabiliret,
3416 5119 3681 5188 nobisque

2093 5222 2462 5283 argumentum
2495 5210 2758 5280 praeberet
2777 5225 2887 5265 sua:
2913 5225 3033 5265 cum
3061 5209 3215 5264 Patre
3245 5210 3679 5280 propinquitatis.

2097 5301 2351 5358 naturalis
2378 5301 2796 5372 conjunctionis,
2840 5308 3002 5370 atque
3042 5300 3364 5355 concordim.
3414 5300 3488 5354 Ita
3537 5304 3678 5357 enim

2097 5396 2218 5449 huic
2237 5395 2380 5449 dicto
2399 5393 2631 5457 confido,
2657 5402 2715 5447 ut
2743 5393 2835 5448 illo
2861 5394 3091 5448 maxime
3121 5394 3291 5448 dicam
3317 5393 3678 5449 demonstrari

2095 5488 2210 5557 ejus
2235 5502 2355 5541 cum
2389 5485 2544 5540 Patre
2581 5487 3033 5552 conjunctionem,
3065 5496 3119 5540 et
3144 5486 3458 5541 substantiae
3500 5489 3679 5542 unita-

2097 5587 2222 5633 tem.
2256 5578 2438 5647 Neque
2466 5575 2850 5647 perturbemini
2873 5592 2938 5631 ex
2964 5577 3254 5631 ratiociniis
3280 5576 3678 5634 haereticorum.

2094 5673 2276 5742 Neque
2300 5672 2443 5726 enim
2464 5669 2622 5739 gladii
2653 5669 2704 5723 in
2735 5670 2899 5725 Inuris
2926 5670 3137 5740 depicti,
3168 5686 3341 5742 neque
3366 5670 3552 5734 hastae,
3592 5688 3680 5726 ne-

2095 5780 2198 5836 que
2225 5763 2424 5833 spicula
2447 5761 2626 5818 hostes
2648 5762 2861 5816 turbare
2891 5770 3128 5833 pOSsent,
3155 5771 3362 5818 torvum
3390 5774 3444 5820 et
3470 5766 3677 5822 terribi-
