3724 6272
112 284 211 341 219

109 400 209 455 lem
234 409 507 469 aSpectum
526 397 886 471 praeferentes.
922 386 1181 466 Quidquid
1206 396 1346 451 enim
1368 388 1668 463 hujusmedi

110 496 215 551 cst,
238 491 430 545 umbra
452 489 695 560 quaedam
711 500 765 546 et
786 489 963 559 imago
980 493 1085 553 est,
1122 501 1228 542 non
1248 500 1427 541 rerum
1454 484 1669 539 veritas.

105 578 249 632 Talia
267 594 395 635 sunt
420 578 786 638 htcreticomm
812 577 1083 632 ratiocinia
1107 598 1119 631 :
1139 593 1258 648 quze
1278 587 1335 632 ut
1360 576 1670 639 refutemus,

105 671 259 725 dictis
284 687 316 727 e
344 672 566 741 vestigio
610 671 928 737 hmreamus,
976 670 1185 724 assidue
1224 670 1311 724 illa
1352 676 1625 723 versantes
1656 687 1669 723 :

105 762 427 834 interimque
452 763 520 817 ab
546 762 647 817 illis
674 775 994 832 qureramus,
1022 760 1287 830 quomodo
1327 761 1492 815 velim
1534 758 1673 814 hunc

105 855 277 909 locum
308 854 664 923 interpretari.
695 852 877 921 Neque
919 852 1060 907 enim
1106 852 1216 905 sola
1266 851 1425 905 lectio
1454 849 1669 905 sufﬁcit.

102 944 233 999 Nam
259 946 305 1001 si
334 945 490 1000 lectio
518 943 803 1007 sufﬁceret,
838 957 935 996 cur
960 942 1230 1011 Philippus
1258 940 1503 994 eunucho
1529 939 1675 995 dice-

102 1035 212 1098 bat,
238 1034 379 1089 Num
397 1035 632 1104 intelligis
654 1049 763 1102 qua:
787 1033 908 1103 legis
933 1034 1068 1109 (Act.
1096 1033 1149 1086 8.
1182 1031 1304 1100 50)?
1333 1031 1482 1086 Unde
1508 1030 1673 1099 liquet

102 1142 224 1180 eum
252 1128 354 1181 etsi
382 1127 602 1195 legeret,
634 1125 760 1178 nihil
787 1140 851 1179 ex
891 1124 1102 1194 scriptis
1146 1123 1497 1177 intellexisse:
1528 1122 1674 1176 ideo—

102 1235 205 1287 que
228 1218 473 1274 dicebat:
500 1218 577 1271 De
602 1234 718 1285 quo,
746 1232 934 1286 quaeso,
968 1216 1185 1285 loquitur
1213 1217 1477 1284 propheta,
1498 1214 1561 1267 de
1591 1230 1672 1267 se-

102 1310 232 1377 ipse,
260 1325 326 1361 an
352 1308 414 1361 de
435 1310 537 1362 alio
559 1305 717 1375 (Ibid.
742 1322 787 1359 υ.
812 1307 901 1374 54)
916 1306 938 1357 ?
954 1305 1009 1360 Si
1039 1305 1193 1359 lectio
1213 1304 1525 1368 sufficiebat,
1543 1316 1673 1370 quo-

104 1400 260 1455 modo
280 1400 451 1455 Judaei
478 1399 604 1453 dum
630 1399 793 1453 Vetus
817 1398 1213 1452 Testamentum
1247 1398 1444 1464 legunt,
1475 1411 1534 1448 ea
1551 1410 1670 1464 quae

105 1491 169 1547 de
195 1490 702 1555 Christi'nalalibus,
724 1490 791 1544 de
818 1489 1002 1559 signis,
1031 1489 1097 1542 de
1125 1488 1411 1552 miraculis,
1442 1487 1666 1553 deloco,

103 1584 167 1638 de
194 1592 453 1652 tempore,
475 1582 542 1637 de
561 1595 739 1648 cruce,
762 1580 827 1635 de
847 1579 1136 1649 sepultura,
1165 1578 1231 1633 de
1257 1578 1665 1642 resurrectione,

103 1675 166 1729 de
193 1675 578 1743 assumptione,
624 1673 691 1727 de
738 1672 975 1727 sessione
1013 1687 1043 1725 a
1071 1670 1324 1736 dexteris,
1352 1670 1419 1725 de
1441 1670 1669 1740 Spiritus

103 1766 263 1819 sancti
288 1765 569 1831 descensu,
591 1763 657 1818 de
684 1763 1043 1833 apostolorum
1074 1768 1223 1817 exitu
1251 1777 1346 1831 per
1368 1762 1666 1817 universam

103 1864 316 1918 terram,
338 1854 407 1909 de
430 1855 690 1923 ejectione
709 1866 1007 1924 synagogas,
1037 1852 1103 1907 de
1124 1852 1375 1907 Ecclesia:
1397 1853 1667 1907 nobilitate

101 1945 366 2012 dicuntur,
391 1944 625 2000 nondum
651 1944 807 1999 hodie
834 1943 1202 1998 crediderunt?
1231 1942 1346 1997 Non
1372 1958 1496 2013 ergo
1521 1942 1668 1997 sufﬁ-

100 2039 168 2091 cit
193 2038 374 2101 lectio,
408 2037 506 2091 nisi
532 2037 670 2091 adsit
696 2047 749 2091 et
772 2036 1021 2105 cognitio.
1054 2036 1506 2103 Quemadmodum
1523 2037 1664 2091 enim

99 2130 141 2183 si
166 2130 286 2198 quis
312 2128 435 2184 edat
476 2128 712 2198 quidem,
744 2127 837 2182 sed
867 2128 1045 2182 cibum
1082 2142 1189 2182 non
1230 2136 1442 2197 coquat,
1484 2128 1530 2181 is
1557 2142 1663 2182 non

97 2222 266 2275 vivet:
300 2221 376 2276 sic
402 2220 445 2273 si
475 2221 599 2288 quis
617 2220 776 2291 legat,
793 2216 927 2271 nihil
942 2230 1067 2272 vero
1094 2219 1353 2274 dictorum
1384 2218 1660 2289 intelligat,

98 2312 138 2365 is
164 2312 237 2365 rei
279 2311 556 2377 veritatem
583 2326 689 2365 non
722 2311 994 2380 percipiet.
1025 2310 1102 2364 Ne
1141 2310 1270 2364 mihi
1313 2326 1441 2380 ergo
1487 2311 1659 2367 locum

97 2404 454 2473 evangelicum
485 2404 763 2473 proponite
789 2411 1015 2469 tantum,
1046 2403 1137 2459 sed
1165 2403 1310 2458 illum
1345 2403 1663 2474 interprete-

98 2498 238 2551 mini.
273 2498 385 2552 lloc
410 2504 582 2552 autem
607 2497 673 2551 ab
703 2497 829 2566 ipsis
858 2496 1093 2567 postulo,
1120 2506 1175 2551 ut
1203 2512 1322 2551 cum
1354 2511 1541 2566 pravas
1571 2511 1663 2553 eo-

97 2604 204 2642 rum
225 2588 613 2658 explieationes
641 2589 1003 2655 cenfutavero,
1035 2598 1143 2642 tum
1184 2589 1424 2644 veritatis
1467 2588 1658 2643 funda-

94 2691 327 2735 mentum
370 2682 583 2750 jaciam.
630 2680 719 2736 Sic
761 2682 920 2735 etiam
967 2680 1248 2735 architecti
1294 2682 1510 2746 faciunt,
1552 2696 1657 2737 non

95 2774 236 2841 prius
278 2772 628 2827 :cdiﬁciorum
677 2771 1018 2826 fundamenta
1062 2772 1289 2840 jaciunt,
1338 2788 1495 2842 quam
1537 2788 1657 2827 ser-

92 2864 181 2918 des
203 2863 485 2931 eiecerint,
516 2872 571 2917 ut
594 2871 713 2918 tuto
740 2862 1024 2918 aedificent.
1072 2863 1181 2919 llos
1218 2871 1274 2919 et
1312 2878 1411 2918 nos
1449 2879 1658 2935 quoque

92 2957 375 3011 imitemur.

156 3050 439 3121 Responsio
462 3049 801 3122 Chrysostomi
828 3051 894 3104 ad
918 3051 1262 3106 hereticorum
1286 3061 1649 3123 argumentum.

92 3172 155 3183 -—
174 3143 270 3198 Dic
296 3158 446 3211 ergo,
472 3141 675 3196 nihilne
702 3150 875 3211 potest
904 3142 1075 3197 Filius
1104 3158 1133 3196 a
1159 3144 1335 3213 seipse
1361 3142 1555 3209 facere,
1577 3142 1657 3196 ni-

91 3234 225 3288 hiine
255 3232 505 3303 prorsus?
542 3232 723 3301 Neque
750 3233 892 3287 enim
934 3231 1087 3299 dixit,
1135 3248 1194 3288 se
1238 3232 1452 3303 quidem
1492 3247 1648 3303 posse

92 3324 327 3378 homines
354 3322 550 3387 facere,
578 3322 672 3376 sed
701 3322 918 3389 angelos
947 3338 1053 3376 non
1085 3337 1269 3392 posse;
1300 3339 1470 3393 neque
1496 3339 1655 3393 ange-

92 3414 163 3469 los
187 3430 367 3484 pesse,
399 3414 491 3468 sed
515 3413 857 3484 archangelos
884 3408 1204 3483 non‘posse;
1228 3431 1409 3471 verum
1435 3417 1653 3471 omnino

91 3507 235 3563 nihil.
265 3507 686 3562 lmbecillitatem
736 3521 862 3576 ergo
908 3505 1010 3561 hoc
1045 3506 1243 3561 dictum
1303 3505 1652 3564 testiﬁcatur?

88 3603 127 3656 si
148 3600 365 3671 quidem
399 3598 687 3654 secundum
719 3599 1023 3668 opinionem
1056 3608 1197 3654 tuam
1238 3613 1343 3653 non
1375 3608 1567 3669 potest,
1602 3600 1651 3656 vi

88 3703 134 3746 et
158 3692 479 3748 necessitate
508 3691 801 3755 cohibitus;
834 3692 877 3746 si
923 3706 1115 3761 nempe
1138 3706 1169 3746 a
1206 3693 1384 3762 seipse
1413 3692 1544 3747 nihil
1570 3693 1649 3748 fa-

89 3784 173 3845 cit,
202 3783 306 3837 nisi
332 3796 453 3851 qua:
482 3782 676 3837 viderit
702 3780 911 3837 Patrem
941 3782 1242 3841 facientem.
1271 3784 1349 3839 En
1374 3784 1471 3840 hac
1501 3794 1650 3856 post-

88 3874 295 3930 modum
333 3883 548 3945 reperta
589 3873 852 3939 doctrina,
894 3889 1014 3943 qua:
1059 3882 1235 3929 tamen
1262 3876 1442 3929 omnia
1474 3877 1648 3931 aliena

89 3975 202 4020 sunt
229 3965 299 4019 ab
322 3966 635 4021 intemerata
661 3964 767 4029 illa,
800 3964 1104 4032 immortali,
1137 3965 1493 4032 inenarrabili,
1519 3966 1653 4022 incf-

89 4057 243 4121 fabili,
290 4065 344 4112 et
383 4054 903 4125 incomprehensibili
948 4055 1261 4111 substantia.
1305 4058 1370 4112 Et
1413 4058 1537 4127 quid
1582 4059 1649 4115 de

87 4146 289 4203 Christo
316 4147 537 4217 loquor?
565 4146 745 4215 Neque
786 4147 925 4201 enim
953 4148 1020 4203 de
1066 4148 1269 4217 meipso
1297 4148 1498 4215 inﬁmo,
1533 4149 1645 4213 vili,

90 4249 297 4295 terreno
322 4239 436 4293 haec
456 4238 577 4293 licet
603 4237 769 4303 cﬁ‘ari,
800 4256 903 4293 non
933 4254 1087 4309 posse
1115 4254 1199 4293 me
1218 4255 1247 4292 a
1275 4240 1479 4313 meipso
1498 4241 1651 4309 quid-

84 4345 234 4398 quam
274 4330 479 4384 facere:
508 4343 605 4383 nec
631 4329 698 4383 de
728 4338 779 4384 te
824 4329 924 4383 hoc
955 4329 1059 4383 dici
1099 4338 1294 4399 potest,
1327 4344 1424 4384 nec
1452 4330 1519 4385 de
1544 4330 1647 4386 alio

89 4421 320 4489 quopiam
352 4420 648 4475 hominum.
690 4419 819 4475 Nam
850 4420 892 4473 si
935 4418 1035 4474 hoc
1079 4436 1263 4475 verum
1303 4430 1406 4483 est,
1453 4421 1647 4476 frustra

91 4512 314 4578 gebenna
342 4520 398 4567 et
424 4513 738 4581 supplicium
756 4521 808 4567 et
834 4527 1019 4581 ptena;
1040 4512 1234 4568 frustra
1254 4528 1489 4579 coronae,
1512 4529 1651 4584 prte-

94 4605 204 4667 mia,
233 4604 392 4658 bona.
423 4603 605 4674 Neque
640 4605 780 4660 enim
831 4604 917 4659 illa
960 4604 1359 4669 sustinebimus,
1388 4606 1433 4660 si
1464 4620 1648 4676 pecce-

92 4710 226 4759 mus;
254 4711 428 4766 neque
444 4680 536 4750 iliis
565 4696 820 4761 fruemur,
844 4696 889 4751 si
917 4708 1061 4752 recte
1077 4699 1360 4766 egerimus,
1384 4699 1643 4767 siquidem

88 4800 115 4837 a
133 4788 275 4842 nobis
291 4789 418 4857 ipsis
444 4787 575 4842 nihil
597 4788 837 4843 facimus.
865 4788 1084 4842 Prarmia
1108 4790 1250 4843 enim
1274 4805 1378 4843 non
1397 4791 1644 4860 operibus

89 4881 307 4947 proprie,
338 4880 707 4935 sedvolunlati
728 4882 955 4949 reposita
987 4892 1131 4949 sunt.
1167 4881 1408 4950 Exempli
1438 4896 1594 4936 causa
1626 4901 1639 4936 :

84 4983 195 5024 cum
219 4972 336 5038 quis
358 4987 389 5025 a
418 4970 595 5040 seipse
623 4971 816 5025 bonum
836 4982 1104 5040 operatur,
1136 4981 1259 5026 tunc
1283 4981 1569 5028 coronatur
1584 4988 1645 5028 ac

84 5059 406 5124 celebratur;
446 5076 552 5114 non
594 5076 712 5114 cum
745 5062 910 5129 egerit
938 5061 1268 5130 simpliciter,
1310 5062 1403 5118 sed
1434 5064 1643 5132 quando

83 5166 192 5201 cum
221 5151 491 5206 voluntate
515 5160 568 5205 et
599 5153 893 5221 proposito.
928 5154 1098 5221 Atque
1128 5161 1185 5206 ut
1234 5153 1345 5207 haec
1371 5168 1493 5208 vera
1525 5170 1644 5210 esse

81 5240 321 5295 discatis:
346 5242 481 5297 Sunt
510 5244 743 5309 eunuchi,
773 5244 959 5313 inquit,
991 5245 1072 5313 qui
1093 5247 1300 5298 castrati
1321 5256 1439 5298 sunt
1462 5246 1524 5300 ab
1552 5247 1643 5300 Ito-

83 5334 318 5398 minibus;
341 5342 392 5387 et
416 5343 532 5388 sunt
557 5335 788 5396 eunuchi.
817 5336 903 5405 qui
930 5337 1117 5405 seipsos
1146 5346 1486 5389 castraverunt
1520 5353 1643 5407 pro-

84 5435 181 5489 pter
205 5442 415 5496 regnum
451 5425 685 5479 actorum
725 5425 935 5495 (Matth.
975 5426 1061 5480 19.
1110 5426 1218 5492 12).
1251 5427 1536 5481 Eunuchos
1560 5427 1644 5481 hic

84 5527 221 5570 \ecat
247 5533 354 5571 non
384 5532 477 5571 eos
503 5517 589 5587 qui
617 5518 715 5572 sibi
745 5518 980 5572 membra
1026 5518 1382 5583 absciderunt,
1412 5518 1503 5573 sed
1554 5518 1641 5587 qui

82 5607 446 5673 rogitationem
471 5623 684 5677 pravam
709 5623 770 5664 ac
800 5608 1017 5663 libidine
1048 5609 1254 5678 plenam
1278 5617 1639 5671 resecuerunt,

88 5710 176 5750 non
198 5700 379 5773 gladio
404 5699 602 5770 ferreo,
625 5700 717 5757 sed
742 5700 1021 5757 ratiocinio
1038 5709 1089 5755 ct
1116 5698 1472 5770 pliilOSOphia,
1494 5708 1546 5754 et
1572 5699 1638 5754 ad

1056 282 1121 337 ΙΝ
1162 280 1381 351 ILLUD,
1424 280 1643 336 FILIUS
1684 275 1773 332 EX
1811 277 1893 333 SE
1934 276 2123 332 NIHIL
2162 277 2382 337 FACIT.
3252 283 3356 336 250

1783 390 1910 444 illud
1938 390 2031 445 Dei
2059 391 2255 446 auxilio
2282 393 2360 446 usi
2389 404 2531 446 sunt.
2565 392 2704 450 Ecce
2734 394 2839 449 duo
2866 395 3233 452 cunuchorum
3260 413 3354 468 ge-

1780 496 1927 548 nera,
1959 497 2183 552 quorum
2226 484 2316 537 alii
2358 484 2426 538 ab
2471 485 2773 541 hominibus
2817 490 3015 545 exsecti
3068 500 3210 555 sunt,
3263 492 3353 547 alii

1780 573 1971 642 pietate
2023 574 2247 642 permeti
2296 589 2512 644 pravam
2559 577 2939 646 cogitationem
2991 590 3351 650 amputarunt.

1770 663 2153 719 Verumtamen
2185 666 2286 720 etsi
2326 667 2538 722 diverso
2566 668 2726 722 modo
2758 672 2976 724 castrati
3023 682 3167 739 sunt,
3195 674 3355 729 ambo

1778 764 1954 811 tamen
1981 757 2223 825 similiter
2249 773 2277 811 a
2306 759 2587 814 mulierum
2627 760 2910 815 concubitu
2952 761 3239 818 abstinent.
3271 765 3357 819 Si-

1777 848 1975 903 militer
2018 850 2149 916 dixi,
2200 864 2304 904 non
2352 851 2642 906 secundum
2674 854 3003 923 propositum
3044 855 3351 920 voluntatis.

1776 939 1868 994 sed
1889 941 2177 995 secundum
2205 943 2278 996 rei
2298 953 2561 998 naturam.
2580 943 2762 1014 Neque
2784 945 2923 1000 enim
2942 945 3215 1001 eunuchus
3232 963 3352 1003 cum

1775 1032 2001 1086 muliere
2045 1048 2158 1087 rem
2204 1034 2398 1089 habere
2442 1037 2630 1105 possit,
2680 1051 2853 1106 neque
2899 1037 3215 1105 monachus,
3262 1041 3353 1109 qui

1776 1124 2009 1193 seipsum
2034 1127 2302 1180 castravit.
2324 1127 2431 1182 Res
2450 1127 2661 1197 quidem
2685 1143 2788 1183 una
2804 1128 3096 1200 eademque
3120 1138 3221 1199 est,
3246 1147 3351 1186 non

1776 1215 1899 1270 item
1932 1216 2069 1271 ﬁnis.
2120 1217 2243 1271 Ideo
2288 1232 2409 1272 cum
2449 1219 2515 1275 de
2560 1219 2664 1273 illis
2691 1219 2933 1285 dixisset,
2966 1221 3104 1290 quod
3135 1225 3353 1278 castrati

1774 1307 1883 1361 sint
1919 1308 1986 1362 ab
2017 1308 2338 1373 hominibus,
2388 1311 2591 1365 nullum
2636 1312 2706 1367 ob
2736 1312 2787 1367 id
2819 1313 2948 1381 ipsis
2976 1314 3183 1370 addidit
3210 1332 3348 1385 prae-

1774 1395 1971 1450 mium:
2004 1407 2207 1453 naturte
2236 1400 2450 1469 quippe,
2499 1416 2602 1455 non
2643 1403 3037 1459 exercitationis
3080 1405 3211 1460 illud
3237 1416 3353 1460 erat

1773 1499 1926 1555 opus.
1958 1487 2065 1542 llos
2089 1498 2265 1544 autem
2292 1489 2345 1543 in
2375 1489 2608 1545 medium
2629 1491 2885 1548 adductos
2912 1509 3077 1563 regno
3097 1495 3348 1550 caelorum

1772 1580 2063 1644 coronavit,
2088 1579 2293 1647 dicens,
2322 1580 2535 1651 PrOpler
2560 1599 2767 1653 regnum
2788 1585 3044 1638 actorum.
3074 1587 3233 1656 Atqui
3257 1603 3354 1641 ne-

1770 1684 1875 1739 que
1902 1670 2008 1734 hic,
2033 1686 2204 1740 neque
2232 1672 2320 1727 ille
2344 1687 2464 1727 cum
2487 1674 2709 1729 muliere
2735 1690 2847 1729 rem
2870 1675 3064 1731 habet:
3091 1676 3187 1732 sed
3207 1678 3345 1732 alter

1770 1762 2108 1829 necessitate,
2131 1763 2270 1818 alter
2289 1779 2417 1819 vero
2438 1766 2709 1835 proposito
2730 1776 2874 1823 recte
2894 1769 3019 1838 agit,
3043 1778 3099 1825 et
3117 1786 3145 1822 a
3171 1772 3350 1842 seipse

1771 1853 1895 1907 illud
1919 1863 2151 1923 przestat.
2170 1855 2512 1921 Hominesne,
2536 1857 2621 1912 dic
2640 1856 2790 1925 mihi,
2811 1872 2840 1911 a
2861 1860 2935 1914 sei
2941 1860 3052 1929 psis
3072 1859 3172 1915 hoc
3191 1876 3350 1931 agere

1768 1953 2011 2012 possunt,
2052 1953 2108 1999 et
2151 1944 2535 2016 philosophari,
2567 1956 2621 2003 et
2650 1948 2814 2018 loqui,
2860 1960 3216 2019 sexcentaque
3239 1952 3342 2007 alia

1768 2037 2059 2106 perficere:
2087 2038 2394 2106 angelorum
2426 2054 2552 2095 vero
2580 2040 2833 2095 Dominus
2862 2058 2960 2096 nec
2998 2059 3217 2112 parvum
3246 2058 3349 2099 nec

1768 2143 2017 2198 magnum
2048 2129 2171 2199 quid
2194 2145 2223 2183 a
2248 2130 2423 2199 seipse
2450 2146 2608 2202 agere
2634 2133 2865 2202 poterit?
2888 2134 2951 2187 Et
2978 2135 3097 2204 quis
3128 2136 3243 2191 lucc
3264 2136 3343 2191 fe-

1766 2222 1887 2275 rat?
1915 2221 2028 2276 Non
2058 2221 2207 2275 audis
2240 2222 2459 2277 Paulum
2492 2222 2753 2278 dicentem
2780 2240 2794 2277 :
2829 2242 2848 2275 ι
2882 2223 2937 2278 in
2969 2241 3157 2296 magna
3185 2227 3345 2282 domo

1767 2328 1874 2368 non
1902 2315 2073 2369 solum
2104 2324 2229 2369 sunt
2257 2330 2381 2370 vasa
2402 2330 2559 2369 aurea
2589 2324 2643 2369 et
2671 2325 2941 2386 argentea,
2976 2317 3068 2372 sed
3094 2318 3254 2372 etiam
3276 2319 3342 2372 li-

1764 2420 1897 2476 gnea
1926 2414 1981 2461 et
2002 2405 2199 2471 ﬁctilia,
2224 2405 2463 2476 quaidatn
2497 2407 2546 2460 in
2578 2406 2857 2473 honorem,
2880 2408 3122 2477 quaedam
3164 2420 3340 2465 autem

1764 2498 1816 2553 in
1847 2498 2237 2561 contumeliam.
2267 2498 2322 2552 Si
2349 2499 2465 2569 quis
2486 2514 2610 2568 ergo
2630 2500 2994 2556 emundaverit
3023 2516 3080 2557 se
3099 2502 3165 2557 ab
3191 2504 3339 2574 ipsis,

1764 2590 1864 2644 erit
1890 2593 2053 2646 vasin
2082 2590 2357 2657 honorem,
2388 2591 2769 2647 sanctiﬁcatum
2789 2592 3011 2649 Domino
3047 2613 3066 2647 ι
3095 2595 3172 2666 (2.
3204 2595 3338 2651 Tim.

1761 2684 1814 2738 2.
1844 2684 1935 2738 ao.
1965 2682 2079 2754 at).

1832 2776 1891 2855 δε
1929 2774 2089 2830 Vides
2114 2773 2209 2829 hos
2234 2775 2391 2831 etiam
2436 2791 2494 2831 se
2519 2791 2584 2831 ex
2626 2777 2814 2846 seipsis
2841 2776 3162 2833 emendare?
3202 2778 3338 2834 Illud

1760 2866 1903 2921 enim
1948 2866 2249 2936 signiﬁcant
2296 2865 2440 2921 haec:
2467 2865 2528 2921 Si
2556 2867 2666 2936 quis
2712 2868 2932 2935 seipsum
2975 2869 3333 2925 emundaverit.

1758 2956 1895 3026 Quid
1922 2972 2049 3026 ergo
2076 2956 2205 3011 illud
2236 2967 2317 3010 est
2339 2957 2478 3027 quod
2503 2957 2733 3012 dicitur?
2754 2956 2809 3013 Si
2840 2974 2959 3013 cum
2988 2958 3337 3016 familiaribus

1762 3058 1965 3104 tantum
1992 3058 2047 3104 et
2086 3049 2268 3105 amicis
2296 3064 2472 3104 sermo
2501 3059 2664 3117 esset,
2704 3054 2813 3120 jam
2858 3050 3172 3108 solutionem
3199 3063 3337 3108 attu-

1757 3140 1935 3195 lissem
1959 3157 1971 3193 :
1995 3140 2116 3210 quia
2141 3155 2267 3195 vero
2288 3156 2410 3195 cum
2442 3141 2669 3195 inimicis
2708 3150 2762 3197 et
2801 3141 3042 3199 hostibus
3068 3158 3154 3199 res
3184 3145 3337 3200 neb's

1756 3238 1858 3297 est,
1891 3245 2073 3285 eorum
2105 3246 2314 3301 quoque
2354 3242 2662 3302 argumenta
2703 3232 3026 3288 confutanda
3062 3244 3207 3302 sunt,
3234 3236 3333 3289 ad-

1754 3320 1912 3385 ducta
1944 3320 2122 3375 denuo
2150 3321 2200 3374 in
2225 3320 2456 3375 medium
2485 3322 2740 3389 clausula,
2767 3332 2823 3377 ut
2859 3339 2974 3378 eam
3019 3326 3097 3379 sic
3125 3329 3332 3396 perSpi-

1756 3428 1909 3467 cuam
1932 3409 2235 3467 reddamus.
2267 3413 2420 3479 Quod
2442 3414 2582 3468 enim
2610 3415 2876 3484 pessimus
2913 3432 2977 3471 ex
3019 3417 3171 3472 nobis
3201 3418 3334 3487 ipsis
3418 3415 3426 3421 ’

1756 3503 1930 3558 facere
1951 3511 2005 3558 et
2042 3502 2238 3569 dicere,
2265 3504 2395 3558 satis
2421 3514 2893 3559 commonstratum
2920 3516 3021 3562 est.
3050 3506 3163 3562 Nisi
3190 3509 3332 3563 enim

1757 3594 1884 3648 illud
1914 3603 2074 3658 esset,
2099 3610 2430 3664 nequaquam
2457 3609 2553 3666 pro
2583 3594 2735 3650 bonis
2769 3596 3019 3665 operibus
3043 3610 3333 3653 coronare-

1755 3702 1891 3739 mur.
1935 3680 2343 3755 lnterrogandus
2384 3685 2573 3740 iterum
2604 3696 2686 3740 est
2713 3685 3190 3754 bterctieuszQuid
3230 3700 3332 3753 est,

1755 3776 1872 3831 Nisi
1901 3777 2023 3847 quid
2048 3778 2222 3832 viderit
2250 3775 2454 3831 Patrem
2497 3778 2778 3847 facientem,
2811 3776 2938 3832 nihil
2980 3795 3012 3832 a
3054 3776 3217 3848 seipse
3250 3781 3333 3850 [u-

1754 3884 1864 3921 ccre
1888 3868 2086 3938 potest?
2110 3866 2191 3922 Ab
2231 3867 2331 3922 hoc
2356 3868 2496 3921 enim
2537 3867 2701 3934 dicto,
2728 3867 2962 3937 inquam,
2988 3885 3093 3922 non
3119 3867 3184 3923 ab
3216 3868 3333 3938 ejus

1755 3956 2223 4031 interpretatione;
2255 3956 2360 4013 imo
2392 3961 2567 4027 potius
2597 3975 2769 4029 neque
2791 3975 2820 4013 a
2846 3959 3008 4024 dicte,
3034 3959 3127 4014 sed
3155 3975 3182 4012 a
3208 3976 3332 4030 pra-

1753 4069 1815 4107 va
1862 4052 2232 4107 haereticorum
2277 4049 2732 4120 interpretatione,
2780 4052 2976 4122 deplcx
3026 4054 3331 4108 necessarie

1752 4146 2027 4201 statuenda
2058 4146 2257 4200 creatie
2287 4146 2410 4199 erit.
2441 4145 2717 4212 Quomodo
2747 4154 2801 4200 et
2822 4161 2922 4215 qua
2948 4145 3187 4201 ratione?
3212 4145 3331 4200 Nisi

1750 4239 1870 4307 quid
1891 4238 2087 4299 viderit,
2120 4236 2307 4307 inquit,
2338 4232 2543 4290 Patrem
2568 4236 2852 4306 facientem,
2881 4235 3008 4291 nihil
3033 4241 3201 4308 facere
3233 4255 3328 4308 po-

1753 4339 1862 4383 test.
1893 4329 2032 4398 Erge
2059 4342 2278 4381 necesse
2302 4341 2517 4396 prorsus
2542 4327 2666 4392 erit,
2688 4340 2809 4381 esse
2832 4341 2993 4395 opera
3017 4325 3186 4382 Patris
3206 4342 3327 4397 per-

1753 4420 1917 4483 fecta;
1942 4427 1994 4473 et
2014 4432 2131 4473 esse
2153 4416 2252 4471 alia
2274 4414 2414 4482 Filii,
2441 4432 2557 4486 quae
2581 4417 2693 4486 ipse
2713 4415 2776 4471 ad
2799 4426 3012 4485 paterna
3038 4417 3329 4486 respiciens

1753 4511 2029 4566 creaverit.
2061 4506 2169 4564 Nisi
2215 4508 2506 4579 quidpiam,
2554 4508 2742 4578 inquit,
2785 4508 3063 4562 facientem
3115 4508 3323 4572 viderit,

1750 4618 1858 4657 non
1889 4601 2030 4656 facit.
2056 4598 2123 4656 Ut
2139 4615 2265 4670 ergo
2286 4599 2481 4665 videat,
2509 4613 2727 4654 necesse
2743 4607 2825 4654 est
2850 4614 3009 4669 opera
3028 4614 3167 4653 esse.
3191 4598 3325 4664 Quid

1749 4696 1915 4766 ergo?
1939 4709 2117 4765 quaeso
2137 4704 2218 4749 te:
2246 4709 2405 4747 unum
2429 4691 2666 4746 videmus
2688 4694 2877 4754 solem,
2905 4707 3027 4746 num
3047 4691 3179 4745 duos
3196 4691 3325 4744 mihi

1749 4797 2046 4842 monstrare
2088 4792 2259 4853 potes,
2301 4792 2355 4837 ut
2394 4795 2555 4837 unum
2583 4797 2611 4835 a
2648 4783 2801 4836 Patre
2848 4782 3060 4846 factum,
3090 4781 3249 4835 alium
3294 4798 3323 4835 a

1749 4876 1883 4931 Filio
1921 4874 2193 4944 suspicer?
2224 4888 2345 4927 num
2374 4874 2506 4926 duas
2549 4872 2722 4937 lunas,
2762 4870 2846 4925 vel
2890 4880 3078 4935 terras,
3107 4871 3191 4925 vel
3219 4871 3323 4925 duo

1748 4969 1952 5024 maria?
1979 4977 2031 5022 et
2062 4967 2139 5021 sic
2167 4965 2232 5021 de
2260 4966 2468 5020 caeteris
2506 4963 2791 5019 omnibus?
2820 4964 3013 5019 Verum
3041 4963 3143 5019 hoc
3172 4981 3324 5019 num.

1747 5077 1902 5135 quam
1948 5058 2180 5115 dixeris:
2203 5071 2340 5112 unus
2378 5058 2574 5127 quippe
2603 5057 2683 5111 sol
2726 5066 2829 5112 est.
2860 5056 3136 5124 Quomodo
3167 5057 3324 5127 igitur

1748 5153 1873 5208 nihil
1906 5151 2046 5216 facit,
2076 5150 2173 5205 nisi
2194 5148 2384 5204 viderit
2404 5148 2613 5202 Patrem
2643 5147 2955 5204 facientem?
2976 5148 3152 5203 Solem
3174 5148 3324 5216 cujus

1748 5259 1880 5314 opus
1906 5258 2024 5298 esse
2051 5242 2163 5295 vis?
2189 5257 2256 5295 an
2288 5240 2492 5295 Patris?
2522 5239 2622 5294 Ubi
2652 5254 2780 5309 ergo
2815 5240 2933 5294 Filii
2960 5240 3075 5294 sel?
3119 5240 3199 5294 An
3232 5239 3319 5294 Fi-

1748 5335 1837 5389 lii?
1863 5333 1962 5389 Ubi
1993 5346 2119 5401 erge
2144 5331 2220 5385 sol
2248 5330 2440 5396 Patris,
2462 5345 2618 5399 quem
2650 5330 2833 5384 videns
2854 5330 3041 5392 Filius,
3072 5330 3232 5382 alium
3252 5330 3323 5382 si-

1747 5425 1924 5480 milem
1953 5422 2169 5479 fecerit?
2189 5420 2464 5489 Quomodo
2488 5421 2648 5475 stabit
2667 5420 2815 5482 illud,
2844 5419 3027 5473 Omnia
3052 5435 3140 5489 per
3156 5420 3318 5488 ipsum

1748 5521 1883 5589 facta
1911 5525 2045 5579 sunt,
2075 5525 2119 5568 et
2140 5515 2246 5567 sine
2264 5513 2374 5582 ipso
2403 5517 2592 5584 factum
2619 5522 2688 5566 est
2715 5510 2842 5564 nihil
2871 5509 3046 5580 (Joan.
3074 5510 3121 5562 1.
3151 5509 3242 5576 5)?
3261 5507 3319 5562 Si

1748 5607 1887 5662 enim
1916 5608 2091 5659 omnia
2121 5619 2213 5671 per
2260 5603 2454 5673 ipsum,
2486 5601 2622 5669 quod
2653 5612 2861 5669 tempus
2886 5598 3114 5653 adscribi
3147 5606 3321 5666 potest

1748 5698 1869 5753 huic
1927 5694 2222 5751 divisioni?
2275 5692 2456 5750 Viden’
2502 5689 2823 5747 ratiocinia?
2884 5687 3149 5760 quomodo
3225 5701 3319 5743 vos
