3724 6272
374 257 472 311 ἳΓῖΙ

377 376 521 444 ipsos
556 368 872 442 implicatis,
915 381 978 422 ac
1020 365 1356 423 mendacium
1401 363 1638 435 seipsum
1681 361 1952 433 coarguit?

447 464 600 520 Aliud
627 471 976 535 argumentaun
1012 468 1190 513 contra
1235 457 1521 512 Anomaeos.
1572 454 1685 521 Quo
1723 455 1778 509 in
1821 462 1959 509 statu

373 560 507 615 orbis
527 557 679 629 fuerit
705 565 823 609 ante
853 554 1038 608 Christi
1067 550 1482 605 incarnationem.
1510 578 1582 589 ——
1607 548 1746 603 Ecce
1772 561 1958 603 eorum

372 651 532 706 allata
577 647 1032 719 interpretatione,
1077 642 1343 713 quomodo
1371 639 1957 710 demonstravi,ipsam

373 759 403 797 a
433 742 610 813 seipse
638 739 843 811 impeti.
872 737 976 794 Sed
1003 746 1057 792 et
1084 734 1209 790 illud
1233 734 1404 789 libens
1432 731 1604 799 adhuc
1628 745 1955 803 quaererem:

372 836 505 905 Quis
551 849 766 891 carnem
816 841 1050 887 nostram
1099 828 1405 897 assumpsit,
1454 835 1508 881 et
1555 826 1608 881 in
1648 825 1959 896 virginalem

373 930 583 984 vulvam
607 925 1220 983 descendit?Paternean
1242 920 1444 976 Filius?
1461 919 1546 975 dic
1572 918 1723 973 mihi.
1747 916 1958 984 Nonne,

374 1033 435 1077 ut
461 1021 706 1076 omnibus
726 1020 898 1088 palam
925 1027 1026 1084 est,
1068 1015 1373 1086 unigenitus
1399 1014 1492 1068 Dei
1518 1011 1720 1067 Filius?
1748 1008 1960 1065 Etenim

377 1114 569 1168 Paulus
595 1113 672 1167 sic
696 1102 772 1166 ait
801 1129 813 1165 :
848 1128 867 1163 ‹
906 1110 1019 1165 lloc
1051 1111 1265 1179 sentite?
1292 1105 1343 1160 in
1386 1104 1569 1168 vobis,
1612 1099 1755 1172 quod
1802 1107 1857 1155 et
1908 1099 1959 1152 in

373 1206 588 1261 Christo
633 1202 782 1268 Jesu,
813 1202 905 1274 qui
931 1216 1052 1257 cum
1090 1199 1143 1254 in
1173 1197 1338 1253 forma
1367 1196 1460 1250 Dei
1489 1202 1652 1256 esset,
1684 1206 1793 1247 non
1821 1190 1963 1260 rapi-

376 1314 502 1353 nam
525 1297 812 1352 arbitratus
830 1302 913 1350 est
934 1306 1053 1349 esse
1075 1306 1136 1346 se
1167 1289 1425 1360 aequalem
1458 1286 1599 1350 Deo;
1644 1284 1739 1339 sed
1760 1291 1959 1337 semet-

377 1391 549 1459 ipsum
576 1387 865 1443 exinanivit
889 1385 1110 1440 formam
1139 1382 1279 1439 servi
1304 1379 1569 1451 accipiens
1598 1396 1616 1429 ι
1651 1375 1879 1447 (Philip.
1901 1374 1957 1430 2.

376 1483 555 1553 5-7).
587 1481 674 1547 Et,
712 1498 731 1533 ‹
760 1478 1061 1534 MisitDeus
1081 1476 1271 1531 Filium
1302 1488 1454 1528 suum
1483 1470 1833 1541 unigenitum,
1884 1466 1963 1523 fa-

376 1583 519 1629 ctum
569 1589 635 1628 ex
678 1571 918 1635 muliere,
964 1568 1159 1623 factum
1205 1565 1306 1620 sub
1357 1564 1472 1634 lege
1505 1580 1525 1614 ι
1579 1560 1735 1633 (Gal.
1782 1556 1955 1626 LL).

378 1665 666 1735 Omnisque
689 1664 980 1734 Scriptura,
1010 1670 1121 1715 tum
1146 1665 1300 1713 vetus
1328 1665 1438 1711 tum
1465 1669 1623 1720 nova,
1656 1649 1962 1722 hujusmodi

376 1757 700 1813 testimoniis
721 1755 877 1826 plena
910 1760 1014 1819 est,
1042 1752 1264 1822 ipsaque
1292 1763 1453 1818 Opera
1481 1748 1734 1810 clamant,
1766 1743 1962 1814 Unige-

377 1850 549 1905 nilum
587 1850 920 1904 incarnatum
958 1858 1103 1911 esse,
1158 1857 1264 1897 non
1292 1841 1523 1895 Patrem.
1578 1837 1767 1894 Utrum
1804 1835 1962 1906 igitur

376 1943 565 2009 Filius,
596 1945 713 1997 viso
739 1940 893 1996 Patre
908 1940 1182 1994 incarnato
1202 1936 1506 1990 incarnatus
1524 1941 1585 1988 et
1608 1932 1725 2002 ipse
1744 1938 1825 1985 est
1841 1933 1865 1984 Υ
1881 1928 1956 2000 (α)

379 2034 402 2108 [
430 2035 611 2106 Neque
636 2034 777 2089 enim
809 2034 1113 2088 incarnatus
1139 2028 1367 2102 fuisset],
1408 2026 1509 2083 nisi
1538 2025 1756 2080 vidisset
1788 2024 1961 2096 ipsum

376 2129 707 2183 incarnatum
740 2143 753 2178 :
779 2123 1040 2195 siquidem
1062 2120 1180 2175 Non
1209 2128 1368 2191 potest
1385 2136 1416 2173 a
1436 2119 1601 2188 seipso
1626 2118 1792 2187 facere
1815 2115 1965 2184 quid-

376 2235 551 2287 quam,
582 2217 682 2272 nisi
703 2215 881 2269 viderit
920 2213 1127 2268 Patrem
1156 2213 1441 2284 facientem.
1487 2208 1835 2277 Quandonam
1862 2206 1963 2262 hoc

379 2309 592 2365 Patrem
632 2308 912 2363 facientem
957 2304 1168 2372 viderit,
1224 2304 1406 2360 dicere
1456 2318 1564 2357 non
1612 2300 1804 2373 possis.
1852 2298 1963 2356 Nec

378 2414 508 2457 vero
551 2408 706 2471 putes
747 2412 969 2470 parvum
1021 2395 1075 2452 id
1127 2409 1265 2463 esse,
1306 2393 1448 2466 quod
1477 2394 1673 2449 factum
1701 2400 1802 2449 est.
1828 2391 1962 2448 Nam

366 2502 535 2566 caput
557 2494 741 2550 salutis
766 2501 962 2547 nostra:
996 2490 1287 2547 incarnatio
1317 2487 1583 2561 Unigeniti
1613 2496 1714 2555 est,
1745 2494 1800 2543 et
1846 2485 1963 2557 ejus

365 2588 442 2643 ad
472 2602 571 2643 nos
594 2601 759 2658 usque
786 2584 1056 2642 demissio.
1101 2586 1397 2655 Antequam
1428 2582 1570 2639 enim
1594 2581 1757 2638 homo
1787 2581 1959 2646 fieret,

372 2682 576 2737 malitia
600 2679 934 2754 tyrannidem
957 2676 1260 2745 exercebat,
1298 2684 1353 2732 et
1396 2675 1807 2747 profundissima
1855 2689 1962 2730 nox

377 2772 891 2843 mitriaoccupabat,
914 2780 1075 2843 atque
1104 2768 1300 2840 ubique
1341 2782 1449 2824 ara:
1474 2777 1528 2823 et
1566 2767 1762 2838 templa
1795 2765 1964 2837 idolo-

377 2882 519 2934 rum,
547 2864 721 2931 nidor,
754 2864 931 2919 fumus
959 2872 1014 2919 et
1058 2870 1324 2917 torrentes
1345 2859 1637 2931 sanguinis,
1670 2874 1774 2915 non
1803 2859 1963 2915 modo

377 2958 554 3013 ovium
576 2957 864 3027 boumque,
895 2954 991 3011 sed
1026 2954 1184 3009 ctiam
1207 2952 1504 3008 hominum.
1529 2951 1659 3007 Nam
1683 2951 1964 3021 Sacriﬁca-

379 3058 556 3105 reruut
584 3048 717 3118 ﬁlios
737 3064 855 3102 suos
898 3055 947 3102 et
991 3046 1128 3116 ﬁlias
1168 3061 1287 3100 suas
1313 3044 1576 3099 dretttouiis
1618 3043 1635 3113 (
1663 3041 1805 3099 Psal.
1837 3044 1961 3100 105.

376 3126 489 3214 37)
521 3158 535 3196 :
567 3150 617 3197 et
644 3140 760 3196 lucc
782 3140 1025 3211 populus,
1067 3139 1157 3210 qui
1201 3138 1488 3210 prophetas
1526 3136 1756 3193 habebat
1804 3146 1965 3208 atque

378 3234 571 3305 legem,
602 3233 691 3304 qui
722 3232 814 3287 Dei
843 3231 959 3286 visu
998 3230 1293 3298 fruebatur,
1338 3231 1428 3301 qui
1482 3229 1533 3284 in
1575 3237 1653 3284 tot
1695 3229 1963 3285 miraculis

378 3328 663 3401 innutritus
710 3334 843 3381 erat.
898 3323 1050 3392 Quod
1091 3324 1135 3379 si
1178 3322 1232 3378 hi
1260 3324 1390 3379 tales
1416 3331 1588 3389 erant,
1630 3323 1800 3394 cogita
1833 3337 1966 3393 quo-

377 3422 538 3479 modo
567 3422 786 3491 reliquie
828 3419 974 3475 orbis
1003 3428 1178 3491 partes
1205 3417 1409 3473 auectas
1433 3416 1653 3484 fuerint,
1701 3430 1731 3469 a
1760 3415 1964 3470 daemo-

382 3514 537 3569 nibus
561 3513 857 3583 exagitatze,
908 3511 1009 3565 sub
1038 3508 1286 3581 nequitia?
1318 3508 1648 3580 tyrannidem
1701 3505 1964 3574 redacta),

380 3606 544 3666 animi
572 3604 772 3660 morbis
792 3604 1039 3658 omnibus
1057 3603 1329 3673 subjectzc,
1357 3603 1494 3673 ligna
1522 3602 1780 3669 colentes,
1829 3601 1965 3672 lapi-

381 3698 477 3752 des
504 3697 809 3761 adorantes,
836 3705 1062 3761 montes,
1089 3696 1274 3763 colles,
1306 3695 1492 3761 saltus,
1523 3695 1763 3761 arbores,
1796 3696 1963 3771 lacus,

383 3791 575 3856 fontes,
607 3790 816 3846 fluvios.
862 3790 1063 3861 Ecquid
1084 3798 1283 3845 cwtcra
1304 3790 1834 3845 commemoremus?
1881 3790 1965 3845 Ex

385 3882 694 3939 Judrcorum
720 3883 861 3938 enim
887 3882 1040 3938 malis
1065 3891 1259 3953 quanta
1276 3891 1458 3938 essent
1487 3882 1711 3937 aliorum
1727 3880 1967 3938 facinora

382 3975 566 4033 videre
595 3985 697 4032 est.
736 3995 756 4029 ι
793 3976 925 4047 Equi
969 3976 1205 4031 furentes
1251 3975 1302 4030 in
1347 3973 1571 4030 feminas
1594 3984 1767 4043 erant,
1800 3990 1968 4031 unus-

381 4068 603 4140 quisque
620 4067 685 4124 ad
708 4084 929 4124 uxorem
953 4067 1176 4139 proximi
1198 4067 1280 4122 sui
1305 4066 1574 4122 hinniebat
1590 4065 1775 4140 s(.ler.
1794 4067 1849 4123 5.
1871 4066 1966 4139 8).

391 4182 410 4215 ι
432 4162 697 4234 Cognovit
718 4162 815 4217 bos
848 4175 1210 4232 possessorem
1234 4175 1415 4226 suum,
1444 4168 1498 4214 et
1523 4160 1702 4215 asinus
1730 4174 1970 4231 praesepe

383 4253 587 4310 domini
617 4254 720 4322 sui,
747 4253 910 4310 Israel
932 4263 1107 4310 autem
1135 4268 1223 4310 me
1241 4270 1352 4309 non
1377 4253 1623 4324 cognovit
1656 4272 1675 4305 ι
1704 4251 1865 4327 (Isai.
1913 4254 1967 4310 1.

385 4349 464 4420 5).
487 4367 505 4400 ι
530 4348 705 4403 Canes
730 4347 882 4413 muti,
905 4347 993 4417 qui
1016 4362 1119 4402 non
1135 4354 1419 4418 potuerunt
1439 4346 1636 4401 latrare
1656 4363 1674 4398 ι
1699 4344 1850 4416 (lsai.
1875 4344 1967 4401 56.

389 4441 526 4511 10).
555 4459 573 4493 ε
611 4440 799 4496 Facies
829 4439 1125 4495 meretricis
1167 4440 1307 4494 facta
1329 4448 1411 4495 est
1436 4437 1552 4505 tibi,
1602 4438 1742 4509 apud
1785 4453 1971 4496 omnes

388 4532 725 4602 impudenter
744 4530 938 4602 agebas
966 4549 986 4584 ν
1020 4529 1164 4603 (Jer.
1194 4529 1248 4586 3.
1273 4532 1364 4601 5).
1400 4548 1421 4583 ι
1444 4529 1557 4585 Non
1575 4530 1973 4602 estintelligeus

385 4632 476 4679 aut
524 4623 800 4695 requirens
844 4623 1056 4678 Deum:
1096 4637 1282 4678 sumes
1329 4622 1747 4690 declinaverunt,
1813 4623 1971 4679 simul

389 4716 602 4773 inutiles
629 4717 749 4773 facti
780 4726 905 4773 sunt
935 4735 954 4769 ι
988 4715 1179 4791 (Psal.
1211 4718 1297 4773 13.
1330 4716 1385 4773 2.
1410 4718 1497 4788 5).
1534 4717 1764 4773 Rursum
1786 4718 1923 4773 alius
1952 4735 1970 4776 :

393 4828 412 4862 ι
453 4810 669 4865 Frustra
700 4810 1030 4881 argentarius
1058 4818 1334 4881 argentum
1361 4809 1555 4865 confiat
1582 4827 1597 4867 :
1638 4810 1853 4866 malitia:
1872 4826 1973 4866 eo-

389 4921 507 4960 rum
566 4920 670 4960 uon
718 4914 841 4960 sunt
893 4914 1222 4976 consumptae
1257 4924 1276 4957 ι
1316 4903 1459 4979 (Jer.
1508 4905 1563 4963 6.
1596 4904 1725 4979 29).
1777 4904 1974 4962 lterum

388 4998 569 5052 alius:
605 5018 620 5048 ι
660 4997 988 5063 Exsecratio,
1038 5006 1094 5054 et
1136 4997 1491 5067 mendacium,
1549 5007 1605 5054 et
1648 4998 1868 5066 furtum,
1920 5007 1977 5056 et

382 5087 681 5153 'c:edes,et
713 5087 1029 5143 adulterium
1060 5088 1224 5144 effusa
1270 5098 1395 5143 sunt
1438 5104 1602 5159 super
1644 5098 1838 5145 terram
1863 5132 1878 5155 ,
1922 5098 1978 5146 et

390 5179 700 5249 sanguinem
729 5178 780 5232 in
811 5179 1069 5248 sanguine
1106 5180 1331 5234 miscent
1359 5198 1379 5233 ι
1425 5180 1599 5251 (Osee
1636 5182 1688 5237 4.
1711 5182 1803 5251 2).
1839 5181 1978 5236 Rur-

390 5286 510 5326 sum
566 5271 749 5326 alius:
783 5270 881 5327 «Si
917 5271 1409 5343 mutabitiiElhiops
1462 5273 1650 5342 pellem
1702 5289 1875 5342 suam,
1924 5282 1979 5329 et

395 5362 590 5435 pardus
630 5364 870 5421 maculas
898 5379 1043 5432 suas,
1067 5374 1121 5421 et
1142 5366 1367 5436 populus
1395 5366 1481 5421 hic
1511 5368 1704 5436 poterit
1721 5366 1978 5437 judicium

392 5460 585 5527 facere,
603 5474 724 5514 cum
737 5458 980 5515 didicerit
997 5459 1130 5514 mala
1154 5479 1171 5512 ι
1195 5458 1433 5532 (Jer.15.
1450 5459 1566 5532 23).
1587 5460 1734 5516 Alius
1752 5462 1937 5516 iterum
1960 5477 1975 5516 :

455 5636 529 5697 (τι)
545 5708 551 5710 _
563 5641 758 5710 puclms
780 5635 964 5710 inclusa
989 5651 1053 5688 ex
1076 5641 1355 5705 conjectura
1372 5641 1685 5705 adjiciuntur;
1704 5642 1781 5694 lus
1802 5646 1983 5710 quippe

392 5697 602 5760 demptis
627 5714 718 5749 non
743 5706 835 5750 stat
859 5714 1052 5753 sensus.

992 323 1000 331 υ
1095 250 1155 307 S.
1186 248 1465 306 JOANNIS
1498 245 1978 305 CHRYSOSTOMI
2004 243 2321 303 ARCHIEP.
2360 239 2896 300 CONSTANTINOP.

3533 236 3639 290 τῖε

2070 374 2090 412 ι
2131 358 2219 413 Vae
2245 357 2397 425 mihi,
2419 372 2452 411 ο
2480 357 2679 424 anima,
2716 356 2838 427 quia
2865 351 3020 425 periit
3047 350 3164 423 pius
3190 349 3258 405 de
3288 356 3450 414 terra,
3472 358 3526 405 et
3551 354 3640 421 qui

2063 461 2210 508 recte
2239 450 2395 507 faciat
2410 450 2462 505 in
2480 448 2783 504 hominibus
2802 461 2906 502 non
2927 455 3041 501 est:
3059 459 3244 500 omnes
3266 444 3316 497 iu
3332 444 3640 512 sanguinem

2059 543 2300 614 judicant
2328 561 2348 596 ι
2382 542 2403 613 (
2420 541 2581 597 Μὶοιι.
2612 541 2665 595 7.
2693 540 2786 610 2).
2817 540 2958 595 Deus
2983 539 3173 593 iterum
3201 553 3214 590 :
3245 554 3265 591 ι
3297 535 3436 591 Odia
3462 534 3641 597 habui,

2069 636 2241 708 repuli
2266 635 2583 692 festivitates
2626 642 2853 699 vestras,
2892 639 2950 688 et
2996 646 3102 686 non
3144 627 3411 685 odorabor
3442 626 3643 682 hostias

2066 728 2119 785 in
2147 728 2497 787 conventibus
2523 725 2714 783 vestris
2743 744 2763 779 ι
2792 724 2985 796 (Amos
3014 724 3067 779 5.
3095 720 3159 778 21
3185 720 3226 791 ).
3256 720 3400 776 Elias
3428 726 3605 774 autem
3629 735 3642 771 :

2071 838 2090 874 ι
2125 820 2325 876 Altaria
2353 830 2441 876 tua
2458 819 2850 882 subverterunt,
2878 826 2931 871 et
2966 814 3250 887 pr0pbetas
3291 822 3410 869 tuos
3433 812 3644 868 occide-

2065 921 2218 973 runt;
2251 919 2304 965 et
2322 925 2424 981 ego
2460 910 2679 966 relictus
2699 922 2816 965 sum
2840 906 3007 971 solus,
3051 914 3107 961 et
3146 903 3645 975 qumruntauimatu

2064 1017 2237 1054 meam
2274 1019 2294 1054 ι
2331 1002 2420 1071 (5.
2455 1002 2581 1073 Reg.
2611 1000 2700 1057 19.
2736 998 2861 1073 10).
2911 998 3143 1054 Rursum
3173 996 3348 1052 Deus:
3381 1013 3401 1047 ι
3438 993 3646 1065 Reliqui

2062 1091 2281 1146 dunmm
2304 1107 2499 1160 meam,
2540 1090 2718 1147 dimisi
2748 1088 3097 1147 hereditatem
3125 1102 3319 1154 meam,
3346 1085 3471 1142 dedi
3514 1084 3647 1141 dile-

2064 1190 2205 1235 ctam
2226 1184 2457 1237 animam
2472 1197 2644 1237 meam
2661 1182 2715 1237 in
2740 1195 2928 1237 manus
2951 1180 3283 1235 inimicorum
3307 1177 3427 1248 ejus
3445 1196 3471 1230 ι
3501 1176 3647 1247 (Jer.

2068 1271 2155 1325 12.
2188 1272 2281 1341 7).
2336 1272 2501 1328 David
2544 1273 2784 1328 iterum:
2834 1270 3289 1327 «Immolaverunt
3335 1268 3477 1325 filios
3520 1283 3650 1324 suos

2066 1370 2122 1417 et
2148 1362 2285 1418 tilias
2324 1378 2449 1419 suas
2472 1362 2771 1430 daemoniis,
2794 1370 2849 1417 et
2886 1361 3188 1419 effuderunt
3209 1360 3524 1433 sanguinem
3565 1361 3650 1414 in-

2066 1461 2377 1521 nocentem,
2426 1456 2737 1525 sanguinem
2774 1454 3002 1511 ﬁliorum
3042 1469 3259 1511 suorum
3288 1462 3345 1511 et
3363 1453 3595 1510 ﬁliarum
3621 1472 3647 1506 ν

2068 1543 2247 1615 (Psal.
2273 1545 2395 1601 106.
2423 1546 2656 1617 57.58).

2141 1636 2196 1690 4.
2227 1635 2471 1691 Vidistin‘
2507 1635 2725 1691 malitia:
2753 1635 3128 1707 tyrannidem?
3155 1632 3330 1691 Canes
3355 1632 3577 1691 fuerunt
3599 1645 3657 1691 ct

2067 1728 2211 1800 equi,
2240 1737 2297 1785 et
2314 1730 2478 1784 asinis
2509 1727 2851 1799 stupidiores,
2889 1727 3161 1799 bobusque
3204 1727 3654 1792 insensibiliores,

2067 1817 2124 1874 in
2154 1819 2425 1890 ipsamque
2451 1830 2692 1875 naturam
2733 1819 3079 1875 insanierunt.
3102 1818 3208 1875 Sed
3254 1828 3375 1890 post
3401 1820 3655 1874 incarna—

2069 1912 2269 1968 tionem
2295 1911 2492 1969 Christi
2516 1912 2642 1984 quid
2668 1912 2743 1968 ait
2765 1911 3081 1983 Scriptura?
3105 1911 3264 1967 Pater
3281 1921 3471 1980 noster,
3490 1912 3585 1982 qui
3604 1927 3656 1966 es

2066 2004 2120 2059 in
2141 2006 2276 2060 cwtis
2316 2005 2546 2077 (Matth.
2577 2005 2631 2062 6.
2660 2004 2755 2078 9).
2805 2003 3044 2061 Antehac
3081 2004 3289 2060 dicebat
3320 2004 3597 2076 Scriptura
3636 2021 3653 2057 :

2079 2097 2302 2152 Vadead
2323 2099 2607 2169 formicam,
2632 2097 2775 2169 piger
2798 2098 2817 2169 (
2842 2095 2996 2151 Prov.
3032 2098 3087 2152 6.
3117 2095 3221 2168 6);
3249 2106 3368 2168 post
3386 2084 3657 2152 haecvero

2068 2190 2229 2245 etiam
2259 2188 2549 2261 adoptione
2587 2187 2785 2259 dignati
2834 2202 3038 2253 sumus,
3085 2198 3139 2243 et
3183 2189 3315 2243 caelo
3362 2186 3655 2257 adscripti,

2066 2296 2189 2339 enim
2209 2282 2413 2353 angelis
2432 2280 2626 2337 choros
2653 2281 2878 2353 agimus,
2904 2290 2959 2336 et
2986 2282 3224 2352 ipsus-tau
3264 2288 3453 2336 cantus
3484 2281 3657 2351 parti-

2062 2375 2215 2446 cipes
2239 2388 2443 2441 sumus,
2464 2389 2529 2430 ac
2552 2389 2677 2431 cum
2708 2373 3036 2445 lncorporeis
3052 2373 3406 2444 potestatibus
3433 2386 3661 2427 concer-

2064 2478 2266 2525 tamus.
2292 2468 2496 2526 Sublati
2523 2477 2647 2524 sunt
2672 2467 2866 2535 colles,
2896 2467 3070 2523 diruta
3097 2475 3223 2522 sunt
3252 2466 3469 2537 templa.
3497 2465 3661 2535 Lapis

2063 2575 2191 2617 esse
2214 2560 2349 2631 lapis
2369 2561 2513 2617 visus
2538 2569 2637 2627 est,
2667 2567 2723 2616 et
2751 2560 2951 2631 lignum
2978 2574 3100 2616 esse
3128 2560 3325 2630 lignum
3350 2558 3663 2630 deprehen-

2066 2669 2186 2710 sum
2229 2662 2344 2721 est,
2392 2654 2723 2725 arboresque
2759 2653 3012 2719 arbores;
3060 2653 3235 2709 fontes
3280 2652 3408 2709 item
3455 2652 3659 2708 fontes.
3694 2680 3695 2685 η

2061 2746 2202 2815 Quia
2230 2748 2374 2803 enim
2421 2747 2515 2803 Sol
2559 2746 2782 2819 justitite
2824 2747 2997 2803 illuxit
3041 2747 3212 2818 (Hal.
3241 2747 3423 2826 ιε),
3474 2761 3662 2803 rerum

2058 2839 2301 2897 ostendit
2325 2849 2591 2909 naturam,
2613 2855 2772 2911 quam
2791 2842 2939 2911 prius
2962 2840 3348 2897 obtenebrahat
3367 2855 3473 2896 nox
3500 2855 3663 2895 erro-

2068 2933 2165 3001 ris,
2214 2941 2270 2988 et
2294 2933 2607 3004 ignorantia:
2634 2932 2892 3003 profunda
2941 2934 3147 3004 caligo,
3193 2948 3313 3004 quas
3352 2948 3545 2989 eorum
3572 2934 3665 3004 qui

2069 3024 2276 3097 decepti
2298 3035 2461 3080 erant
2511 3025 2696 3080 oculos
2724 3023 3035 3081 oil'uscahat.
3068 3023 3176 3080 Sed
3207 3032 3487 3095 postquam
3522 3023 3663 3080 den-

2068 3133 2184 3173 sam
2214 3117 2415 3174 erroris
2441 3117 2634 3173 nubem
2674 3116 2823 3174 Solis
2843 3116 3067 3187 justitite
3112 3117 3295 3172 radius
3343 3115 3665 3187 dissipavit,

2069 3212 2269 3282 ubique
2290 3211 2379 3265 lux
2403 3222 2487 3267 est
2510 3220 2564 3266 et
2584 3210 2721 3276 dies,
2761 3210 2869 3265 imo
2897 3209 3171 3280 splendida
3206 3209 3525 3281 stabilisque
3576 3210 3667 3263 lux

2070 3302 2386 3358 meridiana.
2434 3301 2613 3357 Persa:
2649 3301 2832 3368 etiam,
2863 3301 2953 3372 qui
2986 3311 3183 3357 matres
3228 3315 3354 3357 suas
3381 3302 3436 3356 in
3460 3316 3673 3356 uxores

2065 3397 2371 3465 ducebant,
2425 3397 2779 3467 virginitatem
2818 3409 2964 3450 nunc
3007 3405 3275 3451 eaeis:an
3321 3394 3389 3451 Et
3408 3394 3512 3465 qui
3541 3406 3673 3449 ante

2070 3490 2211 3546 filios
2228 3506 2359 3547 suos
2385 3492 2539 3561 quasi
2556 3505 2661 3546 non
2690 3497 3037 3561 agnoscentes
3062 3490 3382 3553 mactabam.
3414 3490 3673 3545 omnium

2071 3583 2483 3639 mansuetissimi
2515 3592 2571 3638 et
2614 3582 2883 3638 mitissimi
2923 3592 3064 3636 sunt.
3098 3581 3229 3653 Lupi
3256 3582 3434 3636 ovium
3490 3582 3678 3639 instar

2071 3676 2335 3731 mansueti
2384 3682 2699 3741 evaserunt;
2744 3673 2853 3729 imo
2901 3672 3062 3729 etiam
3111 3673 3144 3727 ii
3194 3672 3287 3744 qui
3333 3671 3473 3743 lupis

2070 3768 2415 3824 humaniores
2443 3776 2615 3824 erant.
2640 3766 2827 3839 Lupus
2851 3767 2993 3822 enim
3032 3774 3275 3822 naturam
3296 3779 3402 3822 non
3420 3768 3677 3837 ignorat,

2072 3860 2166 3915 sed
2181 3861 2427 3931 agnoscit
2448 3858 2620 3915 fetum
2646 3879 2669 3915 τ
2703 3859 2949 3915 homines
2966 3869 3142 3914 autem
3176 3860 3340 3915 etiam
3377 3859 3490 3915 illis
3522 3859 3695 3919 feros

2072 3953 2249 4009 ciores
2272 3961 2445 4009 erant.
2472 3952 2577 4010 Sed
2617 3960 2740 4023 post
2775 3951 3193 4009 incarnationem
3213 3951 3489 4023 Unigeniti
3524 3954 3695 4024 θεας-η

2072 4059 2179 4116 que
2207 4044 2679 4115 dispensationem,
2704 4042 2875 4115 ejecta
2916 4042 3146 4111 feritate,
3187 4043 3252 4099 ad
3281 4044 3528 4115 priorem
3586 4061 3681 4101 re-

2074 4136 2215 4191 versi
2242 4144 2369 4192 sunt
2388 4133 2905 4202 eobilitatem;imo
2952 4134 3021 4191 ad
3066 4135 3357 4207 angelicam
3406 4136 3684 4194 virtutem

2072 4228 2245 4284 evecti
2266 4238 2409 4283 sunt.
2430 4227 2504 4283 Et
2526 4226 2754 4282 antehac
2775 4226 2933 4282 urbes
2962 4226 3174 4297 quidem
3200 4235 3360 4282 erant
3382 4227 3695 4297 impietate

2076 4320 2251 4392 plena
2301 4337 2315 4375 :
2362 4318 2522 4375 hodie
2561 4328 2739 4374 autem
2766 4318 2925 4374 etiam
2960 4317 3193 4374 solitudo
3218 4317 3686 4388 philosophatur,

2077 4426 2286 4467 necnon
2312 4410 2518 4482 tuguria
2548 4408 2931 4466 monachorum
2954 4409 3010 4464 in
3037 4410 3305 4465 montibus
3327 4418 3387 4464 et
3411 4410 3695 4476 saltibus,

2076 4503 2395 4558 imitantium
2442 4502 2609 4572 ipsam
2646 4501 2957 4572 angelorum
2991 4502 3172 4568 vitam,
3202 4509 3490 4572 postquam
3539 4518 3695 4573 φημι

2076 4605 2278 4651 sentem
2304 4604 2583 4650 exuerunt.
2611 4595 2678 4649 At
2718 4591 2845 4664 quid
2870 4606 3005 4663 opus
3046 4602 3129 4649 est
3180 4592 3461 4647 verborum
3498 4610 3695 4664 appa-

2078 4697 2218 4754 ratu,
2245 4703 2368 4744 cum
2400 4703 2488 4742 res
2519 4687 2649 4758 ipsae
2684 4686 2989 4756 loquantur,
3015 4694 3069 4740 et
3097 4685 3210 4741 sole
3237 4685 3433 4739 clarius
3474 4698 3695 4742 osten-l

2077 4781 2207 4838 dant
2235 4780 2515 4846 beneﬁcia,
2539 4795 2658 4851 quae
2684 4787 2804 4850 post
2837 4777 3204 4834 admirandum
3251 4776 3395 4831 illum
3449 4788 3513 4833 et
3574 4780 3696 4849 spi-

2080 4873 2326 4929 ritualem
2368 4871 2588 4944 virginis
2637 4881 2846 4941 partum
2872 4911 2887 4935 ,
2942 4886 3005 4925 ac
3050 4878 3170 4941 post
3213 4868 3695 4940 dispensationem

2081 4963 2626 5035 iucarnationemque,
2650 4971 2818 5020 totum
2836 4962 3018 5018 orbem
3040 4960 3401 5031 occuparunt?
3420 4964 3696 5017 Attamen

2082 5066 2283 5113 tantum
2316 5064 2527 5126 tamque
2555 5055 2867 5126 prmclarum
2898 5068 3031 5124 opus
3052 5072 3080 5107 a
3107 5053 3283 5123 seipse
3334 5052 3483 5113 fecit.
3542 5054 3696 5125 quod

2081 5156 2136 5204 et
2159 5148 2353 5203 clamat
2380 5147 2573 5202 Paulus
2600 5145 2784 5202 dicens
2810 5163 2825 5199 :
2857 5145 2956 5212 Qui
2979 5162 3091 5200 cunt
3112 5146 3163 5198 in
3186 5149 3349 5216 forma
3386 5142 3494 5199 Dei
3533 5158 3696 5213 esset,

2083 5258 2183 5296 non
2221 5241 2456 5311 rapinam
2490 5238 2762 5293 arbitratus
2796 5246 2871 5292 est
2915 5253 3022 5292 esse
3053 5254 3105 5291 se
3143 5238 3383 5308 a’qualem
3430 5235 3573 5303 Deo,
3606 5239 3696 5293 sed

2083 5332 2407 5401 semetipsum
2428 5330 2719 5397 exinanivit,
2746 5329 2966 5400 formam
2994 5329 3125 5383 send
3149 5328 3400 5400 accipiens
3430 5328 3451 5397 (
3474 5328 3696 5399 Philip.

2083 5423 2138 5477 2.
2167 5422 2221 5478 6.
2250 5420 2342 5492 7).
2367 5420 2557 5489 Audis,
2583 5418 2851 5486 hzcretice,
2877 5417 3017 5490 quod
3033 5419 3265 5488 seipsum
3281 5419 3696 5477 exinaniveritl

2087 5518 2165 5573 Ac
2189 5531 2376 5572 rursus
2396 5516 2559 5572 alibi:
2608 5533 2627 5570 ι
2661 5515 2814 5573 Sicut
2838 5521 2894 5570 et
2939 5511 3186 5585 Christus
3237 5511 3431 5568 dilexit
3472 5529 3614 5581 nos,
3646 5525 3696 5571 ct

2089 5607 2304 5663 tradidit
2330 5607 2675 5679 semetipsum
2710 5621 2807 5678 pro
2835 5603 2989 5660 nobis
3013 5602 3335 5659 oblationem
3364 5612 3422 5659 et
3447 5602 3696 5662 hostiam

2094 5699 2202 5756 Deo
2226 5699 2278 5755 in
2303 5698 2522 5757 odorem
2550 5697 2826 5757 suavitatis
2861 5715 2881 5752 ι
2917 5694 3141 5770 (Ephes.
3171 5695 3225 5753 5.
3251 5694 3345 5769 2).
3374 5696 3479 5765 Qui
3521 5700 3696 5757 etiam
