3724 6272
89 346 209 405 τες

88 483 114 521 a
134 466 312 536 seipse
346 464 637 522 crucillitus-
655 473 707 519 et
734 481 764 519 a
793 465 970 534 seipse
997 463 1299 517 immolatus
1327 470 1408 516 est
1436 478 1450 514 :
1484 476 1681 531 quam-v

88 559 268 611 nbrem
290 558 403 626 ipse
420 556 628 611 dicebat
657 572 670 608 :
701 573 720 606 ι
751 556 1073 609 Potestatem
1107 552 1275 606 habeo
1304 552 1533 621 ponendi
1556 551 1679 605 ani-

88 667 229 706 mam
272 666 470 714 meam,
515 660 583 704 et.
612 656 927 718 potestatem
972 645 1144 700 habeo
1185 646 1375 698 iterum
1428 642 1685 698 sumendi"

88 756 231 796 eam.
279 741 447 795 Nemo
489 739 628 794 tollit
664 753 780 794 eam
812 753 841 792 a
882 751 969 792 me
1001 752 1016 789 :
1048 750 1146 806 ego
1174 749 1316 805 pono
1341 750 1457 789 eam
1496 749 1525 787 a
1554 750 1670 788 nte-

89 832 206 900 ipso
235 850 267 884 ι-
304 831 489 902 (ιοση.
537 830 625 886 to.
658 829 725 884 ts
747 829 787 899 ).
816 828 953 896 Quid
980 826 1067 881 hic
1095 827 1248 893 dicis,
1287 825 1555 890 haeretice,
1582 825 1671 895 qui

91 923 193 978 hoc
210 923 405 978 dictum
428 921 813 992 Evangelicum‘
852 920 1170 989 detorques,
1223 917 1391 972 Filius
1433 934 1464 971 a
1506 918 1670 985 seipse

90 1014 218 1068 nihil
244 1013 446 1083 potest?
470 1013 606 1068 Ecce
635 1012 749 1081 ipse
764 1011 857 1076 ait,
890 1009 999 1080 Ego
1024 1024 1154 1079 pono
1173 1022 1282 1061 eam
1324 1023 1357 1059 a
1393 1006 1599 1077 meipso,
1624 1014 1669 1060 et

91 1123 288 1161 assume
317 1123 489 1160 eamea
508 1106 718 1176 meipso.
760 1103 943 1173 Neque
969 1116 1096 1158 vero
1127 1102 1272 1170 parvi
1310 1101 1562 1154 momenti
1588 1108 1673 1155 est

92 1200 199 1256 hoc
233 1200 453 1263 dictum,
490 1199 585 1254 sed
628 1198 866 1253 maximi.
920 1196 996 1250 De
1034 1195 1203 1249 Patre
1236 1208 1445 1263 quoque
1469 1192 1677 1247 dictum

91 1298 190 1355 est,
214 1290 389 1359 ipsum
410 1288 606 1343 habere
629 1295 955 1357 potestatem
992 1284 1114 1338 vita:
1145 1291 1199 1337 et
1228 1283 1433 1336 mortis.
1484 1281 1671 1336 Viden’

95 1381 357 1449 quomodo
388 1381 441 1435 in
476 1381 607 1436 retia
634 1377 905 1433 incidisti?
923 1376 1062 1444 Quid
1088 1375 1229 1430 enim
1251 1374 1316 1429 ad
1345 1374 1446 1429 hoc
1470 1373 1666 1427 dictum

98 1470 474 1541 respondebis?
498 1469 614 1541 Ego
634 1485 768 1538 pone
795 1484 904 1522 eam
938 1484 968 1520 α
994 1467 1205 1537 "teipse,
1236 1474 1282 1519 et
1329 1480 1530 1517 assumo
1559 1480 1668 1517 eam

97 1581 124 1613 a
148 1564 348 1632 naeipso.
371 1561 484 1628 Qua
511 1575 640 1630 ergo
666 1560 874 1613 ratione
903 1557 1079 1612 dixisti
1105 1556 1274 1625 ipsum
1302 1555 1436 1608 nihil
1495 1556 1667 1609 facere

95 1656 311 1723 aseipso
326 1653 598 1719 ?"Verum,
631 1660 689 1706 ut
716 1650 959 1705 dicebam
979 1690 994 1715 ,
1037 1649 1082 1702 si
1117 1648 1327 1718 quidem
1354 1646 1419 1701 ad
1452 1646 1666 1700 lucreti-

96 1761 181 1801 cos
205 1745 361 1800 nobis
382 1758 560 1800 sermo
586 1750 749 1807 esset,
774 1741 904 1810 ipsis
940 1740 991 1794 in
1015 1739 1284 1809 angustias
1333 1746 1386 1791 et
1434 1737 1485 1790 in
1533 1737 1665 1791 retia

97 1836 363 1906 conjectis,
414 1836 492 1890 sic
543 1833 877 1899 resiliissem,
925 1832 1053 1886 satis
1093 1828 1366 1900 splendida
1398 1837 1665 1899 reportata

98 1929 325 1994 victoria,
349 1934 401 1984 et
432 1926 622 1997 insigni
656 1932 838 1980 erecto
883 1933 1108 1993 tropmo,
1140 1921 1477 1991 maximoque
1504 1921 1666 1976 allato

97 2036 268 2075 coram
310 2019 531 2075 insaniae
575 2025 920 2088 argumento;
948 2024 999 2068 at
1027 2013 1145 2084 quia
1172 2027 1276 2067 non
1306 2012 1465 2067 modo
1496 2011 1663 2066 hosti-

96 2112 187 2165 bus
210 2123 271 2163 os
291 2107 574 2163 eceludere
599 2107 723 2161 volo
744 2146 759 2172 ,
810 2105 904 2160 sed
947 2105 1106 2160 etiam
1136 2118 1247 2169 eos,
1272 2103 1360 2174 qui
1391 2103 1665 2158 nobiscum

96 2212 228 2267 sunt,
253 2201 548 2266 instituere,
579 2199 921 2268 membraque
951 2207 1143 2257 nostra.
1177 2197 1414 2261 erudire,
1445 2211 1549 2249 non
1580 2195 1667 2250 hic

98 2296 245 2349 ﬁnem
276 2293 485 2349 dicendi
516 2293 727 2359 faciam,
757 2291 851 2345 sed
880 2290 1104 2345 ulterius
1129 2288 1373 2359 progredi
1396 2290 1663 2355 conabor,

99 2385 227 2440 aliud
252 2385 431 2440 denuo
457 2397 592 2455 opus
614 2384 665 2438 in
692 2382 924 2438 medium
951 2380 1238 2447 adducens,
1266 2380 1409 2450 quod
1451 2389 1668 2434 contra-

100 2476 379 2530 tlicentium
422 2472 803 2544 impudentiam
850 2480 1119 2542 coarguat.
1173 2469 1311 2536 Quid
1356 2469 1499 2524 enim
1548 2469 1666 2523 ait?

92 2564 742 2635 .Pata'neminanjudicat,
769 2563 858 2618 sed
878 2578 1050 2617 omnes
1076 2560 1241 2616 Filius
1269 2559 1447 2633 (Jean.
1469 2561 1524 2615 5.
1543 2560 1662 2631 22).

159 2660 208 2714 5.
230 2658 388 2713 Aliud
417 2666 599 2709 contra
626 2656 895 2710 Anommos
922 2660 1310 2725 argumentum.
1337 2648 1531 2705 Christi
1563 2664 1660 2718 po-

100 2760 266 2805 testas.
300 2779 369 2789 —
412 2748 610 2814 Οιιωτο
651 2748 814 2819 igitur
861 2748 931 2802 ab
973 2744 1229 2801 haeretico
1257 2761 1270 2796 :
1303 2740 1358 2795 Si
1390 2741 1673 2796 neminem.

98 2843 294 2914 judicat
333 2843 517 2904 Pater,
552 2842 647 2895 sed
673 2838 845 2893 Filius
864 2838 1094 2908 judicat,
1126 2833 1671 2905 quomodo‘judicat?

103 2935 152 2987 Si
183 2934 330 2988 enim
369 2949 479 2987 non
506 2937 688 3002 potest
724 2930 907 2984 facere
944 2928 1240 2999 quidquam
1266 2941 1311 2979 a.
1336 2925 1534 2994 seipso,
1566 2923 1675 2978 nisi

101 3026 289 3080 viderit
327 3024 542 3078 Patrem
577 3022 890 3083 facientem.
912 3031 969 3075 et
1004 3020 1162 3074 Pater
1188 3033 1298 3072 non
1330 3016 1559 3087 judicat,
1580 3014 1678 3073 sed

102 3119 211 3184 ipse
258 3129 450 3169 omnes
498 3113 725 3183 judicat,
777 3111 1063 3182 quomodo.
1110 3109 1163 3163 id
1201 3107 1346 3178 quod
1386 3121 1499 3161 non
1544 3103 1679 3160 vidit

105 3210 272 3263 facere
314 3206 535 3278 potest?
576 3204 658 3260 Ne
702 3219 833 3259 vero
874 3203 981 3257 hoc
1022 3201 1217 3255 leviter
1249 3205 1676 3269 praetercurras;

108 3316 270 3370 neque
304 3301 451 3354 enim
490 3300 593 3354 hoc
630 3312 858 3369 parvum
898 3303 1005 3360 est,
1036 3295 1131 3350 sed
1162 3292 1407 3348 maximae
1440 3288 1677 3346 virtutis.

109 3392 281 3462 Cogita
318 3402 582 3462 quantum
618 3391 701 3446 sitv
728 3404 918 3444 omnes
956 3389 1046 3459 qui
1086 3388 1152 3442 ab
1187 3386 1395 3441 Adamo
1432 3382 1498 3438 ad
1545 3396 1683 3437 con-

110 3484 515 3538 summationem
558 3483 955 3553 usqueszeculi
986 3480 1241 3543 vixerint,
1285 3475 1539 3548 gentiles,
1581 3473 1682 3530 Ju-

112 3577 265 3640 datos,
305 3576 619 3644 haereticos,
650 3592 847 3632 omnes
868 3576 1129 3644 denique,
1157 3572 1249 3642 qui
1283 3571 1352 3625 ab
1382 3567 1684 3625 orthodoxa

112 3667 206 3720 ﬁde
265 3668 625 3735 aberrarunt,
684 3668 771 3722 illa
823 3668 911 3723 die
967 3666 1270 3726 adducere,
1331 3660 1685 3727 omniumque

112 3758 381 3810 arcana—in
418 3758 911 3822 medium-efferre,
960 3765 1128 3828 gesta,
1177 3754 1339 3816 dicta.
1376 3751 1549 3813 (1010³,
1595 3748 1682 3801 inv

114 3847 285 3911 sidias,
311 3858 523 3904 secreta
552 3851 783 3918 mentis;
811 3866 919 3904 non
947 3847 1181 3920 prolatis.
1204 3842 1545 3906 testimoniis,
1568 3855 1680 3895 non

115 3939 536 4006 probationibus,
591 3958 702 3996 non
759 3941 1107 4012 imaginibus,
1154 3952 1265 3992 non
1318 3932 1679 3996 documentis,

115 4034 215 4083 neu
237 4031 353 4085 aliis
375 4033 465 4101 huj
475 4034 715 4101 usmodi;
743 4035 838 4088 sed
862 4033 1077 4103 prepria
1096 4031 1173 4086 uti
1196 4035 1463 4101 potestate
1481 4024 1547 4078 ad
1566 4036 1686 4078 omn

111 4134 204 4173 nes
240 4126 628 4194 coarguendos.
664 4126 921 4179 Attamen
969 4134 1178 4179 tantum
1211 4131 1429 4189 tamque
1461 4114 1686 4187 ιπωθὶεισ

112 4219 217 4256 rum
241 4219 377 4273 opus
398 4218 511 4272 Ipse
527 4205 785 4270 perficiet,
811 4202 931 4255 licet
948 4201 1159 4254 Patrem
1179 4198 1231 4252 id
1252 4206 1375 4253 ante
1397 4196 1679 4253 facientem

113 4311 211 4349 non
238 4296 447 4359 viderit,
476 4309 575 4348 nec
606 4293 754 4347 illum
780 4293 846 4347 sit
873 4292 1108 4346 imitatus
1144 4307 1156 4342 :
1188 4304 1310 4343 nam
1337 4287 1492 4342 Pater
1518 4288 1680 4342 nemi-

110 4402 220 4438 uem
250 4387 473 4455 judicat.
517 4384 651 4438 Vide
700 4398 910 4452 quoque
960 4382 1109 4435 illum
1156 4380 1284 4434 alibi
1336 4379 1512 4433 omnia
1561 4394 1682 4433 cum

120 4486 363 4545 potestate
382 4483 717 4545 operantem,
744 4474 794 4526 in
818 4470 1110 4537 miraculis,
1133 4471 1185 4525 in
1210 4471 1438 4527 ferendis
1453 4470 1679 4541 legibus,

120 4568 328 4638 aliisque
350 4566 626 4622 omnibus.
655 4564 787 4619 Cum
820 4563 960 4619 enim
985 4562 1318 4618 ascendisset
1344 4563 1395 4617 in
1424 4571 1681 4631 montem,

122 4673 299 4713 novum
326 4664 708 4713 teStamentum
748 4654 967 4709 daturus
989 4654 1064 4706 ait
1112 4671 1126 4708 :
1176 4671 1193 4704 ι
1256 4652 1508 4723 Audistis,
1560 4652 1685 4721 quia

121 4749 303 4804 dictum
323 4759 408 4805 est
433 4748 666 4816 antiquis
693 4764 705 4799 :
728 4745 844 4800 Non
871 4745 1085 4799 occides
1112 4762 1127 4799 :
1159 4743 1250 4813 qui
1274 4752 1446 4796 autem
1477 4742 1687 4796 occide-

120 4843 199 4905 rit,
228 4855 351 4895 reus
375 4840 478 4895 erit
518 4837 750 4908 judicio;
783 4836 872 4906 qui
908 4846 1085 4890 autem
1116 4834 1328 4900 dixerit,
1350 4833 1534 4899 Fatue,
1565 4848 1688 4887 reus

120 4936 208 4987 erit
232 4934 493 5004 gehennze
522 4929 677 5001 ignis.
720 4928 797 4999 (a)
841 4929 950 4997 Ego
979 4938 1157 4981 autem
1202 4926 1322 4980 dico
1347 4925 1518 4991 vobis,
1548 4923 1687 4995 quod

116 5025 346 5094 quisquis
382 5023 632 5078 irascitur
656 5019 803 5074 fratri
824 5033 925 5075 suo
953 5028 1172 5083 temere,
1205 5031 1329 5071 reus
1353 5015 1685 5084 eritjudicio.

118 5117 344 5173 Audistis
368 5114 496 5185 quia
534 5112 735 5168 dictum
761 5119 862 5176 est,
896 5109 1118 5165 Oculum
1155 5122 1252 5177 pro
1281 5107 1455 5172 oculo,
1484 5115 1538 5160 et
1557 5105 1689 5159 den-

118 5217 215 5262 tem
246 5222 341 5276 pro
370 5205 533 5260 dente
565 5221 579 5257 :
607 5217 705 5273 ego
746 5210 923 5255 autem
964 5199 1085 5254 dico
1115 5198 1285 5263 vobis,
1312 5211 1416 5250 non
1442 5196 1692 5251 resistere

118 5298 273 5362 main,
293 5295 388 5351 sed
408 5295 455 5350 si
475 5294 596 5364 quis
611 5301 663 5347 te
683 5290 1007 5362 percusserit
1025 5290 1075 5343 in
1108 5288 1376 5342 maxillam
1395 5286 1689 5352 dexteram,

118 5389 393 5459 przebeilli
416 5397 470 5442 et
495 5387 714 5440 alteram
737 5402 755 5435 ι
774 5384 796 5454 ν(
818 5382 1003 5436 Matth.
1031 5382 1085 5436 5.
1102 5381 1192 5435 21.
1208 5379 1297 5433 22.
1319 5379 1407 5434 58.
1423 5378 1537 5449 59).
1558 5377 1693 5447 Quid

118 5481 214 5535 hoc
229 5479 344 5535 est?
360 5479 453 5549 qui
470 5476 603 5531 nihil
616 5492 655 5529 ta
674 5475 851 5544 seipse
868 5473 992 5527 facit
1007 5473 1168 5528 etiam
1184 5464 1357 5527 Patris
1375 5479 1566 5526 statuta
1584 5485 1697 5524 cor-

118 5572 256 5641 rigit,
287 5579 343 5625 et
361 5570 537 5638 legem
560 5568 618 5621 in
640 5566 831 5621 melius
852 5563 1133 5635 provehit?
1169 5563 1303 5618 Cum
1328 5571 1508 5617 autem
1535 5561 1656 5616 dico
1674 5602 1689 5625 ,

120 5661 349 5731 corrigit,
380 5675 448 5715 ne
477 5658 848 5728 blasphemum
871 5655 997 5727 quid
1032 5652 1339 5723 suspiceris,
1365 5652 1515 5724 quasi
1540 5651 1696 5708 Pater

118 5822 123 5826 _
182 5768 259 5831 (a)
289 5769 377 5819 Hic
401 5772 571 5819 textus
592 5765 753 5816 deﬁcit
769 5768 815 5816 in
836 5764 954 5828 Edit.
979 5760 1169 5813 Benzel.
1270 5754 1273 5757 λ

1031 345 1101 403 IN
1132 345 1357 414 ILLUD,
1398 344 1621 401 FILIUS
1660 344 1757 401 EX
1793 345 1874 403 SE
1911 346 2098 403 NIHIL
2136 347 2359 405 FACIT.

3249 358 3318 414 9:3
3335 360 3379 413 i4

1778 462 2039 516 infirmior
2068 463 2154 517 sit.
2178 463 2443 531 Quamvis
2457 464 2598 519 enim
2643 466 2727 521 lex
2754 467 2925 526 minor
2943 471 3043 539 sit,
3079 469 3132 528 id
3179 483 3352 531 tamen

1776 569 1897 608 non-
1914 555 2042 620 Deo,
2073 556 2165 611 sed
2189 557 2567 626 recipientibus
2595 560 2760 629 legem
2784 560 3212 621 adscribendum.
3245 568 3356 623 lmo

1775 646 1935 699 etiam
1974 646 2140 702 Vetus
2188 647 2590 704 Testamentum
2622 650 2885 721 Unigeniti
2917 663 3018 721 est,
3062 663 3118 711 et
3150 656 3351 713 Novum

1775 734 1966 788 Patris.
2000 735 2283 802 Quomodo
2323 738 2501 807 igitur,
2532 754 2733 808 quaeso,
2761 740 2892 796 nihil
2919 757 2969 797 at
2993 744 3171 815 seipse
3200 748 3353 811 facit,

1773 824 1863 892 qui
1888 826 2050 879 veteri
2078 826 2178 897 legi
2200 828 2413 897 adjecit,
2435 831 2525 899 qui
2546 837 2747 885 tantam
2771 831 2985 889 exhibet
3011 844 3357 905 potestatem?

1775 913 1974 970 Verum
2002 917 2125 986 quid
2156 918 2420 975 haereticis
2450 922 2765 978 imbecillius
2787 924 2986 980 fuerit?
3009 927 3178 985 Judaei
3206 946 3359 986 nam-

1774 1022 1877 1077 que
1905 1011 2208 1079 stupebant,
2237 1013 2379 1083 quod
2406 1013 2520 1069 haec
2540 1014 2758 1071 doceret
2785 1032 2877 1073 eos
2925 1019 3084 1087 Quasi
3132 1032 3356 1093 potesta-

1775 1111 1874 1154 tem
1894 1102 2100 1170 habens,
2131 1114 2177 1158 et
2202 1121 2301 1158 non
2321 1106 2450 1159 sicut
2475 1107 2652 1161 scribta
2675 1118 2724 1162 et
2761 1108 3015 1165 Pharisazi
3044 1113 3064 1184 (
3088 1112 3274 1169 Matth.
3302 1118 3355 1172 7.

1773 1190 1876 1261 28)
1908 1191 2112 1247 :Judaei
2143 1204 2459 1263 potestatem
2490 1199 2605 1266 ejus
2645 1200 3025 1269 testificantur;
3075 1205 3127 1259 hi
3172 1210 3362 1263 testili-

1774 1291 1963 1335 cantur
1987 1282 2157 1351 ipsum
2185 1300 2214 1338 a
2261 1300 2320 1340 se
2356 1286 2488 1341 nihil
2537 1303 2712 1358 posse.
2744 1290 2927 1363 Neque
2970 1295 3217 1352 dixerunt
3246 1301 3352 1369 illi,

1775 1370 1933 1439 Quasi
1976 1382 2293 1443 potestatem
2350 1376 2649 1447 habiturus,
2684 1381 2797 1448 sed,
2856 1384 3015 1449 Quasi
3065 1398 3355 1458 potestatem

1774 1462 1977 1518 habens.
2003 1464 2117 1520 Non
2140 1467 2282 1521 enim
2304 1478 2488 1539 postea
2508 1470 2623 1527 bare
2644 1472 2716 1527 illi
2735 1484 2968 1543 potestas
2988 1482 3230 1549 accessit,
3263 1486 3355 1538 sed

1773 1554 2008 1623 perfecta
2045 1559 2277 1626 potentia
2316 1569 2436 1616 erat
2476 1562 2624 1617 nullo
2671 1579 2854 1634 egens.
2885 1567 3241 1635 Quamobrem
3288 1576 3354 1631 de

1773 1660 1935 1715 regno
1967 1648 2319 1719 interrogatus
2360 1651 2616 1709 diccbat:
2657 1654 2769 1725 Ego
2812 1658 2869 1712 in
2910 1659 3005 1727 hoc
3045 1672 3194 1717 natus
3241 1680 3352 1729 sunt

1773 1733 1961 1807 (Joan.
1991 1739 2080 1795 18.
2128 1741 2254 1810 57).
2285 1741 2514 1799 Rursum
2540 1745 2748 1803 oblatus
2771 1757 2854 1804 est
2897 1752 2945 1807 ei
2998 1755 3316 1826 paralyticus
3335 1802 3348 1824 ,

1767 1834 1932 1899 atque
1945 1830 2381 1906 dixit,postquam
2397 1848 2616 1909 peccata
2627 1837 2744 1908 ejus
2756 1850 3065 1902 curaverat:
3090 1842 3158 1898 Ut
3185 1859 3349 1903 autem

1771 1920 1962 1986 sciatis,
1985 1921 2102 1990 quia
2122 1920 2288 1977 Filius
2307 1923 2524 1979 hominis
2566 1926 2712 1982 habet
2733 1940 3024 1997 potestatem
3069 1936 3367 1993 dimittendi-

1771 2020 1975 2078 peccata
2003 2013 2055 2065 in
2083 2021 2235 2078 terra,
2268 2016 2339 2067 ait
2376 2016 2455 2069 illi
2494 2032 2514 2070 :
2547 2016 2687 2072 Tolle
2715 2019 2918 2088 lectum,
2955 2033 3001 2078 et
3028 2027 3156 2080 vade
3175 2028 3230 2082 in
3257 2030 3367 2083 de»

1769 2116 1904 2155 mum
1930 2109 2066 2155 tuam
2089 2102 2306 2173 (Matth.
2328 2105 2381 2160 9.
2409 2104 2499 2176 6).
2530 2107 2971 2179 Vtugusdicebat,
3000 2113 3172 2184 ipsum
3196 2122 3368 2188 quasi:

1772 2202 2091 2262 potestatem
2134 2195 2417 2251 habentem
2445 2199 2624 2266 omnia
2650 2199 2825 2256 facere
2858 2203 3013 2272 :ipse
3056 2222 3205 2274 vero,
3254 2210 3347 2263 Fi-

1770 2284 1898 2338 lium
1926 2285 2159 2341 hominis
2203 2296 2518 2356 potestatem
2547 2290 2748 2348 habere
2793 2294 3094 2353 dimittendi
3134 2313 3347 2369 peccata

1771 2375 1825 2429 in
1852 2386 2020 2441 terra;
2044 2386 2116 2443 et,
2150 2376 2454 2434 Potestatem
2482 2380 2640 2436 habeo
2661 2386 2879 2452 ponendi
2906 2388 3127 2442 animam
3151 2407 3341 2458 meam,

1770 2476 1815 2520 et
1864 2477 2154 2538 potestatem
2194 2470 2350 2524 habeo
2397 2473 2627 2525 sumendi
2676 2490 2789 2528 eam
2833 2475 3024 2548 (Jean.
3076 2480 3164 2536 10.
3220 2484 3347 2551 18).

1771 2559 1940 2629 Leges
1984 2560 2088 2615 fert
2127 2576 2251 2616 cum
2294 2572 2579 2632 potestate,
2606 2574 2822 2634 peccata
2857 2566 3014 2624 sol'vit
3040 2586 3160 2627 cum
3197 2583 3346 2643 pote-

1772 2660 1907 2706 State
1926 2693 1939 2714 ,
1968 2652 2155 2707 mortis
2182 2662 2237 2708 et
2265 2653 2387 2708 vitm
2428 2663 2743 2724 potestatem
2781 2658 2969 2727 habet,
2997 2671 3053 2728 et
3082 2667 3350 2733 quomodo

1772 2741 1926 2804 dicis,
1947 2744 2116 2812 ipsum
2145 2760 2174 2798 a
2211 2746 2390 2814 seipse
2427 2746 2561 2801 nihil
2602 2742 2937 2807 facere?fiac
2964 2752 3183 2810 victoria
3224 2759 3348 2826 quid

1774 2824 2102 2887 mariif‘estius
2118 2840 2165 2887 ⁸(-

1850 2928 1903 2983 6.
1917 2928 2256 3001 Difﬁcultatis
2266 2930 2475 2992 solutio,
2493 2939 2541 2984 et
2550 2931 2678 2985 dicti
2692 2930 2975 3002 evangelici
2986 2931 3365 2999 explicatio.—

1781 3020 1889 3075 Sed
1917 3022 1961 3075 si
1984 3021 2163 3076 velitis
2191 3022 2467 3091 deinceps,
2500 3021 2578 3076 ab
2598 3022 2871 3077 haereticis
2902 3022 3157 3091 expediti,
3197 3024 3364 3080 dictis-

1772 3110 2088 3165 Solutionem
2118 3110 2398 3165 afferamus
2426 3128 2439 3164 :
2473 3112 2806 3182 primumque
2846 3129 3153 3181 monemus,
3198 3116 3345 3182 illud,

1777 3201 1897 3256 Non
1940 3210 2114 3272 potest,
2146 3203 2215 3257 de
2253 3204 2362 3259 Deo
2403 3203 2624 3267 dictum,
2673 3218 2775 3258 non
2820 3204 3214 3273 imbecillitatis,
3256 3210 3350 3263 sed

1764 3296 2022 3363 potentia:
2050 3301 2419 3363 argumentum
2450 3308 2587 3348 esse.
2617 3293 2730 3348 Hoc
2759 3294 2883 3349 licet
2907 3309 3100 3351 novum
3126 3296 3357 3353 fortasse

1774 3383 2033 3446 videatur,
2075 3392 2129 3439 at
2156 3383 2304 3437 vobis
2341 3384 2537 3437 claram
2568 3382 2645 3437 rei
2686 3382 3189 3441 demonstrationem
3219 3387 3358 3442 affe-

1775 3491 1983 3530 rcmus.
2002 3474 2068 3530 Si-
2088 3475 2291 3541 dixero,
2323 3475 2486 3528 Deum
2516 3488 2619 3528 non
2650 3489 2804 3544 posse
2834 3489 3075 3545 peccare,
3114 3491 3219 3531 non
3251 3478 3353 3532 im-

1777 3567 2078 3622 becillitatis
2115 3567 2261 3620 illum
2296 3582 2481 3636 arguo,
2520 3564 2614 3621 sed
2652 3566 2935 3621 maximam
2964 3567 3062 3636 ipsi
3104 3569 3358 3625 testificor

1779 3669 2116 3731 potestatem.
2139 3659 2195 3716 Si
2221 3659 2426 3726 dixero,
2456 3674 2564 3713 non
2590 3674 2750 3730 posse
2772 3660 2988 3716 mentiri
3020 3661 3207 3729 Deum,
3232 3670 3357 3719 tunc

1780 3752 2008 3823 idipsum
2047 3752 2374 3817 demonstro.
2403 3751 2860 3819 Quemadmodum
2889 3760 2946 3808 et
2984 3752 3179 3809 Paulus
3206 3753 3356 3810 dicc-

1780 3845 1869 3900 bat
1899 3861 1914 3904 :
1946 3844 2007 3901 Si
2036 3845 2403 3910 sustinebimus,
2432 3853 2478 3897 et
2504 3845 2954 3914 cenregnabimus;
2983 3844 3027 3897 si
3060 3861 3160 3899 non
3195 3845 3360 3909 credi,-

1783 3952 1914 4003 mus,
1962 3936 2049 3989 ille
2085 3936 2250 4003 ﬁdelis
2290 3942 2590 4004 permanet:
2620 3950 2738 3987 nam
2780 3950 2961 4004 negare
3000 3935 3220 4004 seipsum
3259 3952 3361 3991 non

1784 4037 1943 4099 potest
1971 4027 2064 4097 (2.
2095 4026 2228 4080 Tim.
2262 4027 2318 4079 2.
2351 4025 2439 4080 i2.
2472 4027 2599 4096 15).
2630 4025 2813 4080 Viden‘
2841 4025 2992 4090 illud,
3028 4025 3148 4080 Non
3177 4035 3356 4097 potest,

1784 4118 2031 4189 potentia:
2072 4132 2190 4172 esse
2233 4117 2481 4185 signum?
2532 4115 2733 4184 Ecquid
2761 4115 2947 4184 loquor
2982 4116 3050 4170 de
3091 4117 3242 4171 Deo?
3286 4118 3360 4173 De

1785 4210 1968 4265 scnsili
2008 4210 2151 4264 enim
2190 4208 2411 4263 materia
2448 4206 2752 4275 exemplum
2797 4221 3023 4259 sumam.
3061 4205 3117 4262 Si
3150 4206 3357 4273 dixere,

1786 4302 2119 4356 atlamantcm
2163 4315 2269 4354 non
2310 4312 2467 4368 posse
2501 4298 2697 4367 rumpi,
2739 4313 2804 4351 an
2846 4296 3178 4366 fragilitatem
3220 4301 3359 4367 ejus,

1788 4408 1855 4445 an
1894 4391 2057 4446 robur
2084 4391 2201 4460 ejus
2230 4390 2536 4444 maximum-
2564 4388 2903 4457 depraadico?
2930 4386 3061 4443 Cum
3104 4404 3231 4458 ergo
3268 4404 3364 4453 au-

1789 4483 1970 4548 dieris,
2005 4497 2109 4536 non
2152 4495 2310 4551 posse
2342 4480 2506 4536 Deum
2535 4494 2774 4550 peccare,
2807 4494 2907 4534 nec
2932 4494 3089 4549 posse
3128 4481 3362 4547 mentiri,

1789 4589 1891 4629 nec
1917 4587 2072 4643 posse
2100 4573 2364 4641 abnegare
2383 4572 2637 4640 seipsum,
2671 4585 2740 4624 ne
2761 4578 2914 4640 putes
2940 4570 3061 4625 hinc
3086 4570 3365 4627 imbecilli.

1792 4675 1961 4721 tatem
1984 4662 2428 4733 ejusprtedicari,
2460 4661 2553 4715 sed
2585 4675 2837 4729 perquam
2867 4661 3148 4713 maximam
3176 4670 3362 4730 poten-

1793 4757 1950 4819 tiam;
1995 4754 2116 4823 quia
2142 4752 2257 4821 ejus
2281 4749 2576 4804 substantia
2615 4749 2809 4802 nullam
2847 4748 3133 4818 nequitiam
3172 4749 3367 4803 admit-

1794 4856 1907 4899 tere
1948 4850 2144 4912 potest,
2194 4840 2331 4910 quod
2382 4840 2649 4893 inaccessa
2697 4838 2785 4905 sit,
2825 4853 2977 4906 pura,
3024 4847 3078 4893 et
3117 4853 3365 4908 superna.

1796 4935 1927 5001 Quia
1954 4948 2080 5002 ergo
2110 4932 2211 4986 hoc
2248 4940 2392 4986 recte
2420 4930 2714 4985 discussum
2746 4929 2862 4993 fuit,
2893 4944 2991 5000 age
3025 4930 3092 4983 ad
3124 4933 3366 5001 proposi-

1798 5035 1907 5079 tum
1951 5024 2213 5078 sermonis
2240 5021 2675 5076 exercitationem
2712 5032 3106 5076 convertamus.
3142 5020 3308 5077 Filius
3342 5040 3373 5077 a

1797 5115 1959 5184 seipse
1996 5130 2096 5166 non
2136 5121 2297 5184 potest
2325 5116 2491 5183 facere
2528 5112 2820 5181 quidquam.
2863 5112 2999 5179 Quid
3037 5112 3163 5168 illud
3196 5116 3374 5181 est,,A

1798 5206 1996 5277 seipse?
2024 5205 2136 5259 Hoc
2165 5205 2208 5258 si
2239 5206 2402 5274 probe
2453 5203 2767 5271 didiceritis,
2797 5206 3092 5274 agnoscetis
3139 5205 3255 5276 ejus
3283 5221 3374 5260 ar-

1799 5310 1937 5354 ctam
1964 5313 2084 5352 cum
2109 5296 2361 5352 Genitore
2381 5295 2829 5365 conjunctionem,
2861 5298 3057 5351 nullam
3101 5312 3218 5352 esse
3249 5298 3374 5353 sub-

1800 5390 2007 5445 stantiae
2032 5388 2445 5453 distinctionem,
2473 5387 2815 5458 ejusdemque
2840 5403 2961 5442 eum
2989 5403 3106 5442 esse
3128 5389 3371 5443 substan-

1802 5481 1889 5534 tire
1930 5479 2081 5547 cujus
2117 5478 2293 5532 Pater.
2326 5476 2463 5544 Quid
2500 5477 2657 5547 igitur
2690 5476 2819 5530 illud
2857 5486 2958 5543 cst,
2992 5475 3113 5529 Non
3157 5485 3314 5543 potest
3343 5493 3374 5530 α

1801 5572 1998 5640 seipse?
2033 5569 2145 5624 Non
2172 5576 2353 5639 potest.
2375 5568 2637 5637 peculiare
2676 5566 2799 5636 quid
2827 5575 3019 5635 praeter
3058 5566 3264 5621 Patrem
3293 5566 3372 5621 fa-

1803 5670 1951 5725 cere,
1977 5677 2081 5717 non
2107 5669 2282 5731 potest
2303 5660 2636 5730 peregrinum
2663 5657 2786 5728 quid
2813 5667 2866 5712 et
2886 5666 3185 5728 separatum
3217 5675 3245 5714 a
3267 5659 3369 5714 Pa-

1740 5824 1743 5825 ν
1808 5762 1888 5808 trc
1915 5750 2108 5819 facere,
2141 5764 2311 5829 neque
2332 5749 2559 5808 alienum
2580 5747 2714 5827 quid
2741 5747 2937 5827 facere,
2964 5746 3047 5803 vel
3068 5747 3206 5804 aliud
3228 5750 3397 5824 quid--
