3724 6272
365 343 472 399 353

1111 340 1164 396 S.
1202 339 1479 396 JO.\NNlS
1515 334 1983 395 CIIRYSOSTOMI
2021 333 2335 395 ARCHlEP.
2375 339 2908 399 CONSTANTINOP.

3537 352 3635 406 256

369 459 512 528 piam
541 454 682 527 quod
709 469 816 511 non
837 455 990 509 faciat
1025 455 1216 510 Pater:
1245 469 1363 523 qua:
1388 453 1531 508 enim
1562 452 1650 507 hic
1676 451 1819 516 facit,
1843 450 1962 506 haec
2070 459 2174 505 tem
2207 450 2387 518 homo,
2430 454 2552 509 licet
2579 470 2766 526 magna
2807 458 2999 514 virtute
3041 469 3282 528 ornatus,
3328 437 3509 519 videre
3538 481 3637 522 non

366 560 422 605 ct
459 550 551 608 ille
590 548 734 604 facit.
779 547 908 602 Illud
946 547 1122 618 igitur,
1154 547 1198 600 Α
1235 547 1399 618 seipso
1418 563 1518 600 non
1563 553 1721 615 potest
1761 545 1948 614 facere,

369 655 469 695 nec
496 639 818 700 libertatem,
850 653 948 692 nec
978 637 1265 707 potentiam
1299 637 1460 702 tollit,
1500 635 1593 690 sed
1615 634 1954 691 concordiam

366 731 720 795 demonstrat,
768 742 1112 795 consensum,
1157 738 1212 782 et
1253 736 1457 782 arctam
1499 727 1949 796 coniunctionem,

366 832 554 891 estque
579 819 790 874 uniouis
811 818 1064 889 perfecta:
1091 817 1321 888 signum.
1349 816 1483 872 Cum
1506 816 1649 872 enim
1675 816 1954 871 sabbatum

366 914 619 977 solveret,
661 920 716 968 et
744 911 1194 982 praavaricationis
1220 909 1371 964 illum
1399 918 1735 974 accusarent,
1767 909 1951 964 dicen-

371 1017 450 1062 tes
477 1023 492 1061 :
527 1007 642 1060 Alia
673 1005 814 1060 Deus
861 1004 1133 1075 praecepit,
1163 1003 1268 1058 alia
1294 1009 1349 1057 tu
1388 1001 1554 1066 facis;
1601 1001 1738 1057 hanc
1767 1016 1953 1057 eorum

367 1099 747 1170 impudentiam
776 1097 1135 1167 comprimens
1183 1094 1275 1151 ille
1321 1095 1396 1149 ait
1427 1112 1440 1148 :
1469 1094 1584 1150 Non
1613 1094 1754 1150 aliud
1790 1110 1817 1147 a
1843 1110 1950 1162 me,

368 1207 524 1262 quam
553 1187 692 1260 quod
735 1203 764 1242 a
791 1188 968 1254 Patre,
1000 1185 1194 1241 facth
1219 1194 1329 1252 est;
1360 1200 1531 1256 neque
1555 1185 1655 1255 ipsi
1679 1199 1797 1240 sum
1821 1200 1954 1240 con-

369 1284 565 1339 trarins
596 1282 680 1337 vel
723 1280 915 1337 hostis.
943 1279 1096 1346 Quod
1123 1279 1169 1335 si
1196 1293 1303 1334 non
1331 1279 1400 1333 ita
1442 1278 1690 1349 loquutus
1715 1287 1828 1342 est,
1857 1278 1952 1334 sed

371 1376 670 1432 humaniori
701 1385 755 1430 et
778 1373 1028 1430 crassiori
1067 1372 1228 1428 modo
1251 1386 1553 1428 sermonem
1583 1371 1951 1437 adumbravit,

365 1469 566 1540 cogites
584 1483 706 1524 eum
726 1481 847 1522 cum
867 1464 1067 1522 ludatis
1086 1479 1386 1521 sermonem
1409 1462 1676 1528 habuisse,
1695 1461 1784 1532 qni
1803 1461 1950 1516 illum

367 1562 478 1618 Deo
524 1560 849 1617 contrarium
900 1573 1022 1616 esse
1064 1556 1339 1629 putabant.
1380 1553 1525 1622 ideo,
1571 1569 1639 1609 ne
1677 1554 1796 1624 quis
1847 1552 1953 1608 tale

366 1655 637 1725 quidpiam
687 1652 1068 1723 suspicaretur,
1095 1649 1272 1704 statim
1310 1645 1511 1702 addidit
1540 1664 1554 1700 :
1585 1645 1753 1717 Opera
1798 1646 1948 1709 enim,

365 1761 478 1815 que
514 1743 604 1798 ille
627 1743 765 1812 facit,
805 1749 851 1796 et
876 1739 1045 1794 Filius
1064 1738 1294 1793 similiter
1322 1737 1445 1807 facit
1464 1735 1639 1809 (Ioan.
1667 1736 1722 1792 5.
1756 1735 1865 1805 19).
1896 1734 1951 1792 Si

368 1850 501 1891 vero
521 1833 650 1889 nihil
679 1849 711 1888 a
735 1832 912 1902 seipso
933 1829 1076 1895 facit,
1104 1827 1372 1901 quomodo
1392 1827 1636 1884 similiter
1656 1825 1818 1882 facit?
1837 1826 1952 1882 Non

364 1925 507 1982 enim
535 1923 710 1979 facere
735 1936 984 1993 magnum
1013 1929 1097 1977 est
1128 1938 1144 1975 :
1173 1919 1302 1975 illud
1332 1919 1472 1974 enim
1503 1919 1730 1990 agebant
1753 1927 1805 1974 et
1824 1931 1956 1988 apo-

364 2018 511 2086 stoli,
556 2026 796 2072 mortuos
820 2014 1145 2083 excitabant,
1191 2013 1432 2083 leprosos
1472 2012 1829 2076 mandabant;
1856 2010 1950 2065 sed

365 2125 471 2164 non
496 2109 742 2163 Similiter
763 2116 820 2161 ut
845 2108 978 2176 ipse.
1001 2107 1070 2160 At
1097 2104 1365 2176 quomodo
1393 2103 1508 2158 illi?
1537 2103 1674 2170 Quid
1701 2103 1844 2156 nobis
1863 2112 1949 2156 at-

369 2199 594 2264 tenditis,
624 2197 774 2266 quasi
798 2196 1004 2267 propria
1046 2195 1226 2249 virtute
1265 2203 1353 2248 aut
1398 2202 1638 2263 totestate
1686 2193 1953 2262 fecerimus

370 2291 504 2343 hunc
543 2287 804 2341 ambulare
829 2285 963 2357 (Act.
995 2285 1049 2340 ὅ.
1081 2283 1207 2355 1‘2)?
1249 2283 1525 2351 Quomodo
1550 2292 1724 2338 autem
1761 2282 1954 2338 Jesus?

371 2378 441 2436 Ut
469 2380 638 2433 sciatis
679 2378 797 2448 quia
836 2385 1124 2448 potestatem
1153 2374 1299 2430 habet
1334 2375 1500 2429 Filius
1528 2375 1744 2429 hominis
1782 2375 1953 2428 dimit-

369 2471 508 2524 tendi
543 2478 745 2540 peccata
768 2470 822 2523 in
863 2478 996 2522 terra
1045 2467 1234 2539 (Marc.
1272 2468 1327 2521 2.
1364 2468 1446 2522 10.
1479 2467 1606 2521 Luc.
1645 2468 1700 2523 5.
1745 2466 1861 2536 24);
1888 2480 1952 2522 ac

370 2576 582 2617 rursum
602 2561 672 2616 de
694 2559 1082 2614 resurrectione
1103 2568 1435 2614 mortuorum
1460 2576 1473 2612 :
1502 2559 1646 2614 Sicut
1674 2558 1831 2613 Pater
1848 2575 1953 2614 sus-

367 2652 488 2706 citat
526 2658 746 2704 mortuos
765 2690 779 2712 ,
811 2659 860 2703 et
887 2650 1124 2718 visi/icat,
1145 2650 1220 2702 ita
1239 2657 1287 2703 et
1315 2647 1486 2704 Filius
1501 2664 1627 2718 quos
1655 2648 1760 2702 vult
1784 2649 1948 2717 vivifi-

368 2753 452 2798 cat
474 2743 652 2814 (Joan.
678 2742 732 2798 5.
759 2740 872 2810 Si).
902 2741 1050 2796 Licet
1082 2740 1211 2795 satis
1238 2739 1427 2795 fuisset
1450 2739 1666 2805 dixisse,
1697 2738 1824 2804 Ita;
1855 2739 1950 2796 sed

365 2849 433 2891 ex
457 2833 765 2898 abundanti,
798 2841 855 2886 ut
878 2831 1256 2902 impudentiam
1284 2832 1494 2887 illorum
1520 2831 1835 2911 retunderet
1857 2836 1946 2903 qui

365 2923 730 2980 contradicere
755 2924 970 2990 vellent,
1010 2921 1136 2977 illud
1163 2921 1366 2976 addidit
1392 2937 1406 2976 :
1439 2922 1575 2989 Quos
1602 2921 1730 2988 vult,
1758 2936 1951 2994 nempe

365 3031 487 3072 cum
517 3016 660 3069 omni
693 3015 946 3084 potentia.
975 3013 1181 3068 idcirco
1205 3013 1279 3067 ait
1303 3030 1316 3066 :
1349 3012 1516 3082 Opera
1543 3015 1696 3080 enim,
1723 3029 1837 3084 ante
1861 3012 1950 3068 ille

365 3108 528 3181 facit:
567 3121 671 3160 non
698 3105 848 3169 dicit,
873 3104 1078 3160 Similia
1106 3112 1161 3159 et
1193 3102 1360 3158 Filius
1403 3102 1560 3169 facit;
1605 3102 1720 3170 sed,
1747 3103 1948 3158 Eadem

364 3200 477 3268 ipsa
509 3196 677 3251 Filius
701 3196 845 3266 facit.
875 3194 1063 3250 Omnia
1082 3197 1213 3250 enim
1245 3210 1333 3264 per
1358 3194 1524 3266 ipsum
1562 3195 1700 3264 facta
1737 3204 1874 3260 sunt,
1901 3204 1949 3248 et

362 3290 471 3346 sine
495 3289 602 3360 ipso
630 3291 820 3359 factum
845 3297 917 3341 est
935 3287 1064 3340 nihil
1091 3284 1272 3356 (Joan.
1301 3286 1352 3341 l.
1376 3285 1456 3356 5).
1484 3281 1646 3341 Vides
1671 3285 1944 3356 quomodo

363 3397 431 3438 eo
459 3381 697 3437 intendat
724 3380 1041 3447 orationem,
1070 3388 1128 3434 ut
1175 3378 1373 3434 indicet
1413 3378 1762 3434 arctissimam
1793 3377 1947 3432 unio-

363 3490 508 3538 nem,
545 3473 971 3543 coniunctionem
1016 3481 1073 3526 et
1097 3486 1438 3536 consensum,
1479 3487 1582 3526 non
1627 3469 1830 3526 Similia
1868 3469 1951 3524 di-

364 3581 513 3630 cens,
535 3564 652 3631 sed,
684 3564 763 3618 Ea
782 3566 913 3634 ipsa,
937 3573 990 3619 et
1013 3563 1274 3628 Similiter,
1299 3571 1357 3618 ut
1382 3563 1578 3617 Pater?
1606 3561 1808 3617 Idcirco
1829 3575 1948 3617 sese

365 3667 728 3725 attemperans
748 3670 810 3709 ac
831 3655 1136 3720 demittens,
1157 3654 1264 3711 illic
1285 3654 1442 3710 etiam
1469 3667 1589 3708 eum
1617 3667 1806 3723 magna
1824 3665 1920 3707 cau
1937 3680 1949 3693 -

363 3748 470 3803 tela
495 3747 639 3802 dicto
681 3746 980 3816 hujusmodi
1007 3760 1134 3800 usus
1161 3752 1262 3800 est.
1305 3744 1423 3799 Non
1465 3744 1608 3798 enim
1643 3742 1796 3810 dixit,
1835 3742 1948 3799 Nisi

363 3838 633 3910 quidpiam
657 3837 913 3894 doceatur
933 3851 964 3891 a
991 3837 1168 3904 Patre,
1198 3850 1265 3891 ne
1295 3844 1350 3891 tu
1382 3834 1528 3891 illum
1548 3834 1841 3889 discentem
1869 3833 1948 3887 in-

362 3929 622 3995 duceres;
648 3942 820 3999 neque
839 3928 992 3996 dixit,
1022 3926 1134 3984 Nisi
1156 3925 1564 3998 quidjubeatur,
1592 3940 1661 3981 ne
1689 3925 1740 3980 in
1770 3939 1948 3979 servo-

362 4035 482 4076 rum
521 4019 708 4076 ordine
747 4019 919 4090 ipsum
947 4033 1068 4075 esse
1093 4017 1481 4089 suspicareris:
1511 4016 1631 4083 sed,
1671 4014 1791 4071 Nisi
1825 4015 1948 4086 quid

361 4111 542 4167 uiderit
571 4108 778 4166 Patrem
804 4111 1088 4180 facientem.
1129 4109 1196 4164 Et
1234 4109 1334 4164 hoc
1362 4108 1523 4164 etiam
1550 4107 1639 4162 illo
1668 4105 1828 4162 modo
1862 4104 1950 4160 di-

360 4214 530 4272 etum,
563 4219 806 4276 magnam
839 4202 1032 4258 indicat
1059 4217 1180 4257 cum
1217 4201 1374 4258 Patre
1409 4199 1860 4272 conjunctionem.
1892 4196 1949 4253 Si

361 4299 506 4353 enim
538 4303 714 4366 potest
743 4296 952 4350 Patrem
973 4293 1156 4348 videre
1181 4300 1487 4362 operantem
1512 4331 1528 4356 ,
1555 4300 1610 4347 et
1638 4291 1779 4346 scire
1815 4302 1950 4359 quo-

365 4386 527 4442 modo
551 4394 820 4456 operetur,
842 4384 1081 4453 ejusdem
1120 4390 1204 4437 est
1241 4382 1574 4438 substantiae.
1601 4381 1756 4450 3:ch
1794 4393 1948 4434 nam-

367 4489 472 4547 que
490 4473 817 4530 ostendimus
835 4483 1016 4542 antea,
1035 4472 1380 4528 substantiam
1399 4471 1491 4527 Dei
1508 4475 1773 4527 neminem
1793 4483 1951 4540 posse

363 4573 610 4620 accurate
631 4562 835 4631 videre,
859 4578 1032 4636 neque
1051 4564 1194 4619 clare
1216 4576 1560 4633 cognoscere,
1583 4561 1685 4616 nisi
1705 4558 1948 4630 ejusdem

361 4657 434 4712 sit
459 4664 684 4713 naturae.
725 4656 981 4727 Angelum
1010 4664 1156 4711 certe
1202 4654 1342 4712 nuda
1382 4653 1676 4712 substantia
1718 4666 1950 4725 praesen-

2062 543 2254 611 pqtuit,
2304 559 2494 614 nempe
2536 547 2741 601 Daniel.
2787 547 2913 604 Ideo
2953 549 3089 606 hanc
3125 553 3276 622 quasi
3323 554 3635 628 singularem

2060 643 2264 688 naturae
2293 649 2403 690 sua:
2445 638 2848 707 praerogativam
2897 639 3174 709 elferebat,
3220 643 3406 700 dicens
3436 659 3452 704 :
3482 646 3637 702 Deum

2060 739 2204 777 nemo
2241 725 2364 779 vidit
2405 729 2640 797 umquam
2658 746 2679 796 ;
2705 730 2988 800 unigenitus
3025 731 3075 786 F
3076 734 3212 800 ilius,
3239 737 3323 805 qui
3348 746 3420 790 est
3452 737 3504 792 in
3529 740 3639 794 sinu

2063 811 2253 879 Patris,
2282 815 2389 886 ipse
2414 820 2665 873 enarravit
2708 819 2887 891 (Joan.
2913 823 2965 878 1.
2990 823 3101 894 18).
3127 825 3194 880 Ει
3237 842 3448 882 rursum
3475 846 3490 882 :
3524 828 3638 883 Non

2058 906 2193 975 quod
2232 905 2441 963 Patrem
2487 911 2663 965 uiderit
2689 914 2974 983 quisquam,
3005 917 3101 969 nisi
3144 917 3187 970 is
3212 919 3297 987 qui
3339 928 3411 974 est
3437 936 3471 972 a
3513 919 3636 988 Deo,

2058 1000 2146 1054 ille
2172 999 2292 1054 cidit
2331 1000 2538 1056 Patrem
2579 1004 2757 1072 (Joan.
2784 1006 2837 1060 6.
2866 1007 2979 1077 46).
3021 1006 3132 1062 Etsi
3177 1009 3327 1063 multi
3373 1010 3481 1075 alii,
3516 1027 3637 1080 pro-

2061 1090 2253 1160 phetae,
2297 1093 2632 1161 patriarchae,
2667 1096 2792 1164 justi
2823 1105 2876 1152 et
2904 1099 3077 1167 angeli
3123 1098 3353 1155 viderint
3383 1117 3397 1153 :
3425 1102 3520 1157 sed
3578 1103 3640 1158 de

2061 1181 2295 1251 perfecta
2330 1186 2630 1255 cognitione
2657 1188 2904 1257 loquitur.
2938 1189 3016 1246 Ne
3041 1191 3218 1261 itaque
3245 1191 3482 1248 dicamus
3517 1209 3638 1248 eum

2061 1281 2186 1330 tunc
2216 1275 2413 1343 facere,
2443 1294 2563 1332 cum
2595 1280 2738 1335 videt
2770 1297 2890 1336 eum
2938 1299 2953 1336 :
2990 1298 3110 1338 nam
3138 1299 3239 1354 qua
3266 1285 3472 1341 ratione
3514 1286 3638 1342 illud

2058 1375 2342 1435 constaret,
2390 1369 2573 1425 Omnia
2616 1389 2705 1442 per
2728 1373 2894 1443 ipsum
2931 1375 3072 1444 facta
3110 1386 3248 1441 sunt,
3297 1386 3345 1431 et
3375 1378 3484 1431 sine
3532 1378 3639 1448 ipso

2059 1459 2250 1528 factum
2273 1468 2344 1513 est
2374 1460 2504 1515 nihil
2529 1462 2704 1532 (Joan.
2735 1465 2786 1518 1.
2810 1464 2908 1532 5)?
2931 1479 3136 1520 necnon
3159 1465 3309 1532 illud,
3341 1466 3509 1537 Opera
3528 1485 3640 1537 quae

2058 1551 2142 1604 ille
2165 1552 2304 1622 facit,
2336 1552 2443 1607 htec
2485 1563 2530 1607 et
2577 1553 2745 1609 Filius
2772 1557 3004 1610 similiter
3042 1559 3166 1627 facit
3197 1556 3373 1627 (Joan.
3399 1559 3453 1614 5.
3498 1559 3634 1628 l9)?

2057 1645 2189 1699 Nam
2218 1646 2263 1700 si
2307 1647 2550 1702 similiter
2595 1649 2737 1714 facit,
2777 1650 3066 1720 quomodo,
3109 1665 3230 1705 cum
3262 1652 3408 1721 prius
3450 1651 3642 1706 viderit

2059 1736 2228 1801 illum,
2262 1745 2387 1791 tunc
2417 1737 2578 1793 facit?
2616 1738 2847 1795 Necesse
2870 1740 3014 1795 enim
3057 1740 3160 1796 erit
3195 1755 3262 1796 ex
3298 1739 3402 1796 hoc
3440 1751 3530 1795 tuo
3565 1743 3642 1795 di-

2057 1839 2144 1883 cto
2188 1829 2347 1882 etiam
2393 1830 2604 1886 Patrem
2644 1839 2770 1888 tunc
2820 1832 3028 1903 Operari
3072 1846 3193 1888 cum
3241 1833 3436 1889 viderit
3477 1835 3640 1889 alium

2057 1931 2402 1990 operantem;
2444 1922 2496 1978 id
2533 1923 2673 1995 quod
2719 1933 2972 1980 extrema:
2998 1923 3280 1981 dementia:
3320 1925 3643 1997 insaniaeque

2058 2011 2236 2067 fuerit.

2128 2105 2183 2159 7.
2223 2104 2329 2161 Sed
2373 2121 2441 2160 ne
2488 2104 2604 2162 haec
2648 2106 2908 2162 imbecilla
2946 2115 3000 2162 et
3036 2107 3264 2163 absurda
3289 2107 3630 2163 confutantes

2056 2211 2358 2251 sermonem
2390 2196 2598 2267 longius
2624 2198 3002 2269 producamus,
3054 2199 3157 2255 hoc
3181 2199 3438 2253 addemus
3467 2216 3486 2255 :
3513 2201 3639 2270 quia

2055 2301 2174 2341 cum
2202 2286 2398 2343 Judzcis
2437 2303 2738 2344 sermonem
2769 2288 3016 2355 habebat,
3057 2291 3144 2359 qui
3185 2291 3332 2344 illum
3371 2291 3483 2345 Deo
3507 2306 3642 2346 con-

2057 2379 2278 2433 trarium
2318 2379 2604 2447 dicebant,
2650 2391 2705 2435 et
2743 2379 3034 2450 legislatori
3064 2380 3365 2444 inimicum,
3407 2380 3555 2452 quod
3579 2399 3644 2437 ex

2055 2468 2121 2524 iis
2162 2484 2280 2540 qua:
2320 2469 2456 2524 facta
2483 2471 2694 2526 fuerant
2721 2473 2794 2527 illi
2823 2472 3176 2543 colligebant,
3207 2473 3287 2528 sic
3313 2473 3400 2528 ille
3428 2487 3642 2529 sermo.

2056 2575 2176 2616 nem
2230 2560 2544 2617 humaniore
2570 2571 2625 2617 et
2651 2563 2917 2618 crassiore
2943 2563 3102 2619 modo
3127 2563 3479 2630 concinnavit,
3517 2581 3645 2635 pru~

2053 2653 2196 2708 denti
2241 2652 2468 2708 auditori
2510 2654 2834 2724 relinquens,
2869 2656 2936 2711 de
2964 2655 3048 2710 his
3074 2656 3145 2710 ita
3171 2656 3368 2710 sentire
3388 2697 3402 2721 ,
3445 2664 3502 2710 ut
3533 2655 3646 2710 Deo

2054 2757 2470 2803 consentaneum
2498 2759 2631 2814 erat,
2661 2757 2715 2804 et
2743 2765 2836 2804 eos
2865 2750 2953 2819 qni
2984 2751 3232 2804 crassiori
3278 2749 3438 2804 modo
3479 2750 3644 2805 intel-

2053 2840 2286 2912 ligebant
2307 2841 2614 2912 corrigens;
2659 2842 3002 2912 quamobrem
3031 2841 3242 2897 dicebat
3272 2858 3288 2896 :
3318 2842 3487 2913 Opera
3507 2843 3645 2898 enim

2051 2947 2162 3002 qua:
2184 2932 2270 2987 ille
2289 2933 2430 3004 facit,
2461 2933 2569 2987 haec
2600 2942 2646 2988 et
2667 2932 2832 2987 Filius
2855 2932 3084 2988 similiter
3110 2934 3254 3004 facit.
3284 2933 3464 3004 Neque
3491 2935 3646 2990 enim

2052 3033 2347 3097 exspectat,
2379 3024 2549 3081 donec
2575 3025 2764 3080 viderit
2781 3026 2988 3080 Patrem
3016 3027 3316 3094 facientem,
3337 3036 3393 3080 ut
3414 3035 3546 3081 tunc
3571 3027 3648 3080 fa-

2053 3118 2177 3182 ciat,
2208 3132 2380 3187 neque
2405 3116 2682 3187 disciplina
2709 3131 2843 3187 opus
2869 3115 3027 3171 habet
3054 3131 3071 3172 :
3099 3117 3194 3180 sed
3216 3115 3360 3171 videt
3379 3115 3494 3186 ejus
3516 3117 3648 3171 sub-

2052 3209 2326 3275 Stantiam,
2356 3208 2630 3279 ipsamque
2656 3208 2800 3263 clare
2826 3208 2972 3263 novit
2999 3225 3014 3262 :
3056 3207 3202 3263 Sicut
3221 3207 3365 3263 enim
3398 3208 3540 3262 novit
3569 3223 3649 3263 ms

2052 3301 2229 3367 Pater,
2264 3309 2312 3355 et
2357 3316 2448 3372 ego
2477 3317 2693 3372 agnosco
2720 3300 2932 3354 Patrem
2968 3299 3146 3371 (Joan.
3175 3300 3260 3355 10.
3293 3299 3423 3369 15);
3456 3302 3644 3355 omnia

2051 3401 2229 3447 autem
2258 3402 2509 3461 cperatur
2529 3401 2583 3447 et
2611 3391 2772 3448 efficit
2812 3407 2931 3448 cum
2981 3400 3244 3462 potestate
3285 3392 3385 3462 ipsi
3431 3406 3644 3447 conve-

2053 3483 2240 3549 nienti,
2281 3497 2407 3539 cum
2453 3481 2801 3554 intelligentia
2847 3491 2903 3538 et
2944 3483 3203 3553 sapientia
3247 3483 3418 3552 ipsum
3465 3483 3648 3538 comi-

2053 3582 2227 3641 tante,
2258 3574 2343 3628 cui
2375 3573 2508 3628 nihil
2531 3583 2624 3628 aut
2647 3573 2852 3628 discere
2879 3582 2970 3628 aut
2997 3572 3177 3627 videre
3204 3587 3340 3642 opus
3372 3572 3460 3626 sit.
3488 3572 3648 3640 Quo-

2055 3665 2218 3721 modo
2247 3665 2386 3719 enim
2412 3679 2546 3735 opus
2565 3663 2740 3731 fuerit,
2767 3679 2888 3719 cum
2911 3665 2981 3718 sit
3001 3663 3230 3734 perfecta
3247 3663 3417 3718 Patris
3437 3663 3647 3734 imago,

2051 3766 2107 3814 et
2130 3757 2329 3824 omnia,
2356 3772 2476 3826 quae
2505 3756 2617 3824 ille,
2646 3757 2892 3812 similiter
2918 3754 3079 3811 faciat
3100 3764 3154 3810 et
3172 3769 3294 3810 cum
3325 3752 3518 3810 eadem
3549 3770 3651 3824 po-

2052 3848 2282 3906 testate?
2324 3849 2399 3903 οε
2445 3857 2708 3919 potestate
2736 3848 2879 3904 enim
2907 3848 3132 3919 loquens
3169 3847 3282 3902 haec
3305 3846 3594 3917 subjunxit
3630 3864 3646 3901 :

2053 3939 2165 4012 Ego
2189 3949 2236 3994 et
2269 3936 2423 3994 Pater
2451 3955 2605 3993 unum
2641 3955 2812 3995 sumus
2852 3937 3033 4010 (Joan.
3065 3937 3152 3994 10.
3178 3938 3292 4010 50).
3323 3938 3448 3993 ﬂare
3474 3939 3650 4008 igitur

2051 4032 2266 4100 omnia,
2315 4046 2436 4102 qua:
2482 4031 2623 4087 dicta
2675 4039 2837 4098 sunt,
2889 4030 3118 4086 scientes
3150 4039 3203 4084 et
3239 4029 3648 4099 intelligentes,

2051 4138 2360 4179 aversemur
2387 4122 2757 4179 haereticorum
2779 4132 2968 4190 cattus,
3000 4129 3263 4192 rectaeque
3285 4121 3410 4180 fidei
3437 4135 3651 4195 perpe-

2052 4225 2145 4273 tuo
2173 4217 2505 4284 haereamus,,
2519 4224 2575 4272 et
2618 4227 2917 4271 accuratam
2949 4230 3236 4286 paremque
3261 4213 3525 4267 doctrina:
3568 4212 3653 4267 vi-

2051 4318 2161 4366 tam
2189 4309 2547 4375 instituamus,
2587 4318 2646 4364 ut
2674 4309 2843 4364 futura
2874 4309 3013 4364 bona
3050 4321 3463 4377 consequamur,
3510 4321 3650 4376 gra-

2049 4402 2124 4457 tia
2152 4411 2207 4458 et
2235 4401 2660 4457 miserationibus
2692 4400 2902 4456 Domini
2931 4400 3097 4456 nostri
3125 4399 3250 4454 Jesu
3282 4397 3508 4464 Christi,
3557 4397 3652 4452 cui

2050 4494 2220 4566 gloria
2246 4503 2300 4550 et
2323 4494 2625 4564 imperium,
2657 4509 2759 4549 una
2789 4509 2910 4550 cum
2941 4493 3096 4548 Patre
3122 4502 3177 4547 et
3199 4490 3402 4562 Spiritu
3424 4501 3654 4560 sancto,

2053 4600 2197 4644 nunc
2220 4593 2277 4644 et
2303 4601 2538 4658 semper,
2566 4594 2622 4644 et
2649 4587 2702 4643 in
2725 4586 2923 4643 szecula
2950 4585 3285 4641 saeculorum.
3321 4584 3526 4640 Amen.

374 5156 3617 5200 Μ

1785 5307 1843 5365 Μ
1853 5306 1956 5367 ΟΝ
1966 5306 2161 5368 [TUM

435 5420 1155 5528 gapcwquogt‘ta'liom'ili‘alm
1189 5427 1776 5528 crui'tdandatissimus
1808 5428 1890 5483 vir
1932 5430 2122 5511 Ericus
2155 5429 2439 5488 Benzelius
2477 5449 2540 5528 el:
2587 5434 2880 5528 deicibus
2916 5437 3228 5520 Anglicanis
3269 5449 3325 5497 et
3367 5442 3628 5528 Upsalia:

363 5493 556 5579 edidit.
573 5491 684 5579 Est
717 5491 900 5579 autem
922 5535 944 5579 ι
973 5496 1114 5579 quod
1160 5508 1372 5579 spectat
1415 5499 1536 5568 ejus
1568 5508 1776 5569 partem
1805 5515 1930 5579 non.
1945 5500 2222 5555 minimam
2247 5541 2264 5566 ,
2307 5505 2632 5579 praecedenti
2665 5491 2775 5562 non
2797 5491 2800 5492 ν
2823 5491 3325 5567 dissimilisflii—ce'tv
3346 5491 3625 5572 eﬁiﬁﬁié

363 5561 802 5641 lfelchisedecq2
831 5561 1335 5641 ut_fert_inscriptio
1358 5608 1375 5634 ,
1404 5561 1614 5638 agatur,
1647 5584 1774 5641 non,
1799 5570 2021 5641 minima
2041 5579 2232 5641 tamen
2251 5561 2393 5641 pars
2430 5573 2665 5630 homilia:
2704 5561 2889 5632 contra
2919 5561 3626 5641 iAnomceos'estTDe-inde

364 5646 497 5723 vero
527 5640 741 5723 contra
753 5632 1576 5723 yelchisedecitas'disputatur.
1603 5632 1695 5723 qui
1726 5639 1977 5723 dicebant
2005 5632 2457 5723 Melchisedeeum
2481 5645 2762 5723 essefilio
2792 5632 3425 5723 majo’remv;:ali_ijau‘tern
3447 5632 3630 5723 iiii;

365 5701 498 5786 bant
526 5716 649 5786 esse
675 5701 936 5786 Spiritum
970 5715 1216 5786 sanctum
1242 5724 1266 5786 ;_
1399 5701 1570 5786 docet
1590 5701 2124 5786 etiamfipiphanius
2161 5709 2361 5767 llaaresi
2385 5712 2474 5779 46,
2502 5713 2574 5769 al.
2611 5715 2701 5780 55,
2733 5701 3418 5786 quod'innot'isﬁdiciinu—s—
3438 5701 3624 5783 ibi};

365 5765 511 5865 Cave
528 5765 893 5847 autcm'putes
912 5776 1054 5843 hanc
1083 5776 1139 5836 iu
1164 5765 1618 5860 Me'lchisedecum
1640 5765 2049 5840 bomiliiuiteam
2071 5795 2214 5848 esse,
2237 5765 3629 5862 quinébn'nénbfa?ciiyﬁiéxﬁifiihnéiiﬁiii
