3724 6272
39 357 128 415 257
1305 344 1396 400 os
1439 340 1983 399 MELCHISEDECO.
2041 298 2049 306 ’

3165 327 3272 394 258

1439 531 3246 556 ’,ψωῄ

1001 832 1622 948 EJUSDEM
1705 825 2311 940 HOMILIA

1362 1085 1448 1144 De
1492 1079 1959 1146 Melchisedcco.

1541 1307 1768 1320 -ο-

75 1609 91 1662 l
106 1652 116 1661 .
131 1608 428 1677 Scriptura:
441 1625 607 1664 επεν-ω
621 1610 905 1680 difﬁcultas
925 1620 975 1666 et
998 1607 1417 1665 obscuritas.-—A
1429 1616 1604 1679 posto-

25 1703 174 1757 licam
193 1704 362 1758 hodie
379 1704 534 1758 vobis
563 1719 802 1758 mensam
823 1719 1096 1774 apponere
1113 1704 1254 1769 volo,
1294 1712 1348 1758 et
1363 1703 1428 1756 ad
1457 1701 1602 1772 pela-

27 1812 114 1865 ges
125 1796 278 1851 vocis
294 1795 442 1849 illius
453 1795 517 1848 D.
530 1793 682 1849 Pauli
696 1811 1000 1850 sermonem
1016 1796 1312 1852 extendere
1326 1809 1478 1864 paro.
1494 1791 1603 1845 Sed

30 1884 141 1951 quid
167 1882 363 1936 faciam
380 1880 406 1933 ?
434 1879 621 1933 Haareo
644 1880 909 1947 timeoque
930 1893 996 1932 ne
1022 1893 1050 1930 a
1082 1888 1231 1945 portu
1258 1876 1524 1930 solventes
1550 1885 1600 1928 et

31 1975 86 2027 ad
108 1971 435 2041 profundum
459 1971 874 2040 apostolicarum
901 1970 1282 2023 sententiarum
1312 1966 1598 2036 progressi,

28 2064 241 2133 caligine
265 2063 640 2130 corripiamur,
668 2071 725 2114 ut
751 2061 884 2114 solet
909 2058 1152 2113 accidere
1181 2069 1455 2111 vectormn
1506 2057 1602 2109 im-

28 2155 387 2224 peritioribus.
415 2153 491 2208 Illi
523 2167 748 2220 namque
770 2161 1042 2250 postcutam
1069 2148 1250 2203 relicta
1275 2148 1600 2211 continente,

27 2247 86 2299 ab
129 2256 359 2314 utraque
403 2243 552 2296 navis
597 2253 746 2310 parte
795 2237 1008 2310 pelag‘us
1048 2239 1313 2301 viderint,
1366 2237 1604 2306 nihilque

30 2337 159 2390 aliud
180 2351 344 2404 quam
377 2342 594 2404 pontum
620 2341 675 2385 et.
699 2331 906 2397 calum,
938 2331 1191 2400 vertigine
1213 2329 1593 2397 corripiuntur,

4 2443 85 2482 ac
109 2427 290 2481 navim
333 2439 453 2480 cum
494 2422 628 2477 mari
676 2422 727 2476 in
772 2421 955 2476 orbem
1003 2422 1135 2474 verti
1179 2429 1380 2488 putant.
1412 2419 1602 2472 Verum

4 2536 128 2574 .non
158 2534 224 2574 ex
257 2516 426 2570 maris
449 2525 638 2571 natura
660 2555 675 2578 ,
725 2512 819 2568 sed
858 2527 921 2567 ex
954 2512 1310 2581 navigantium
1344 2510 1605 2580 imperitia

4 2609 333 2678 wertigines'
359 2607 623 2660 oriuntur.
676 2605 778 2659 Alii
807 2604 949 2658 enim
980 2611 1183 2666 nautze,
1228 2601 1382 2656 nudis
1414 2616 1604 2672 corpo-

30 2703 168 2753 ribus
203 2712 333 2752 sese
377 2696 680 2766 praecipites
714 2694 844 2747 dant
870 2695 923 2748 in
967 2692 1156 2759 undas,
1199 2707 1297 2747 nec
1322 2693 1606 2761 quidquam

4 2786 334 2857 .hujusmodi
383 2786 652 2855 patiuntur
701 2801 714 2836 :
760 2783 855 2838 sed
897 2793 1172 2852 postquam
1201 2785 1254 2838 in
1281 2783 1457 2852 ipsum
1487 2796 1608 2852 pro-

29 2882 244 2936 landum
292 2881 641 2942 devenerunt,
691 2875 928 2931 securius
971 2873 1189 2944 degunt,
1237 2889 1392 2944 quam
1441 2875 1476 2928 ii
1521 2875 1608 2943 qui

4 2975 74 3028 .in
105 2975 223 3042 ipso
249 2971 371 3026 solo
396 2969 604 3033 sedent,
645 2967 1071 3037 salsuginemque
1102 2980 1217 3027 ore,
1250 2965 1437 3028 oculis,
1474 2973 1607 3018 toto-

4 3080 123 3133 .que
151 3077 386 3130 corpore
413 3060 756 3128 excipientes,
788 3059 839 3112 id
873 3073 974 3113 non
1001 3072 1140 3127 aegre
1165 3056 1359 3110 ferunt.
1384 3056 1608 3110 Tantum

4 3157 240 3224 .taleque
274 3163 360 3207 est
405 3152 684 3222 imperitiae
720 3151 955 3214 malum;
997 3158 1217 3204 tantum.
1242 3149 1472 3204 vicissim
1516 3163 1610 3217 pe-

4 3248 158 3302 tritia:
189 3247 417 3301 bonum.
471 3245 593 3298 llzec
616 3243 865 3298 terribilia
894 3257 1116 3311 quaeque
1143 3241 1469 3310 parvifacere
1493 3256 1614 3294 sua-

4 3341 145 3402 Idet;
197 3339 290 3392 illa
335 3352 491 3402 vero,
526 3337 684 3390 etiam
729 3351 810 3399 ea,
858 3351 976 3405 quae
1025 3343 1136 3388 tuta
1177 3344 1318 3392 sunt.
1364 3343 1609 3402 suspecta

33 3431 224 3484 habere
253 3437 312 3482 et
339 3426 648 3481 formidare.
678 3425 780 3478 Alii
801 3427 940 3478 enim
970 3425 1021 3478 in
1053 3425 1179 3493 ipsis
1210 3423 1441 3493 pnealtis
1461 3425 1613 3478 tabu-

33 3523 150 3576 latis
176 3521 333 3574 navis
361 3518 610 3573 sedentes
634 3517 856 3586 caligine
883 3516 1262 3584 corripiuntur,
1294 3516 1383 3568 alii
1415 3516 1466 3568 in
1498 3529 1612 3568 me-

4 3599 128 3664 Ldiis
173 3611 340 3665 etiam
401 3608 649 3663 ﬂuctibus
701 3623 808 3662 non
872 3608 1262 3676 perturbantur.
1328 3607 1438 3661 Hoc
1488 3607 1613 3661 item

4 3703 192 3756 "menti
242 3707 445 3754 nostra!
496 3698 704 3753 accidit.
770 3698 900 3752 Nam
949 3697 1092 3751 illam
1140 3712 1284 3766 saepe
1330 3697 1612 3751 atl‘ectunm

4 3785 220 3846 {ﬂuctus
247 3789 528 3853 invadunt,
575 3789 702 3858 ipsis
742 3789 960 3842 marinis
985 3788 1231 3843 (luctibus
1257 3790 1618 3844 vehementio-

36 3901 137 3948 res,
182 3883 300 3948 qui,
345 3881 678 3949 tempestatis
705 3879 890 3943 instar,
937 3881 1168 3934 animum
1209 3880 1515 3948 deprimunt
1556 3895 1618 3935 ac

34 3977 288 4028 deorsum
330 3972 566 4033 trahmit,
596 3973 808 4039 spiritus
836 3973 1092 4026 malarum
1117 3974 1482 4042 cupiditatum,
1529 3971 1618 4042 qui

4 4039 282 4133 Frmgnam
333 4063 532 4118 animis
577 4063 1021 4131 perturbationem
1070 4039 1321 4118 inferunt.
1373 4063 1475 4119 Sed
1529 4039 1616 4133 qui

4 4129 318 4228 rinqieritus
368 4129 762 4222 imparatusque
809 4163 911 4214 est,
963 4154 1246 4223 incipiente
1287 4155 1380 4208 iraa
1419 4163 1621 4224 tempe.

19 4260 199 4312 astate,
233 4248 418 4306 statim
453 4246 807 4314 perturbatur,
839 4245 1158 4309 colicutitur,
1188 4247 1440 4313 agitatur.
1463 4245 1619 4300 Videt

4 4333 266 4404 (animam
313 4337 600 4399 aﬂ'ectibus
647 4335 907 4404 demergi,
959 4345 1011 4389 et
1041 4335 1368 4403 naufragium
1396 4336 1535 4404 pati;
1564 4344 1619 4390 at

5 4433 120 4498 ρ.ηυὶ
153 4438 376 4499 paratus
409 4427 800 4495 meditatusque
828 4435 930 4491 est,
964 4426 1078 4480 hzec
1106 4438 1322 4480 strenue
1348 4428 1573 4480 sustinet
1599 4441 1616 4491 ;

4 4531 306 4592 {tamquam
357 4515 640 4582 nauclerus
687 4514 751 4567 ad
799 4514 1213 4583 gubernaculum
1258 4515 1480 4582 sedens,
1544 4517 1619 4570 sic

39 4620 272 4664 mentem
326 4621 492 4676 supra
535 4615 709 4658 motus
757 4606 916 4658 animi
961 4607 1308 4670 constituens,
1348 4622 1450 4660 non
1478 4607 1622 4675 prius

25 4694 230 4760 desiuit
256 4691 444 4745 omnia
474 4689 671 4753 moliri,
702 4687 873 4741 donec
901 4688 1148 4758 scapham
1192 4689 1258 4743 ad
1287 4693 1620 4759 tranquillum

41 4784 392 4851 philosophia:
425 4787 634 4849 portum
661 4778 959 4832 deduxerit.
1007 4779 1139 4834 Illud
1187 4781 1360 4848 itaque
1397 4782 1534 4850 quod
1573 4784 1623 4836 in

4 4925 6 4932 _
37 4877 168 4929 mari
195 4875 418 4936 accidit,
447 4881 503 4926 et
531 4870 670 4940 quod
702 4871 878 4923 animo
903 4871 1179 4941 contingit,
1213 4873 1370 4926 etiam
1402 4875 1452 4927 in
1484 4875 1622 4929 Scri-

39 4978 308 5034 pturarum
344 4962 681 5032 expositione
709 4959 947 5014 accidere
979 4977 1194 5016 necesse
1228 4974 1329 5028 est,
1353 4972 1410 5016 ut
1437 4979 1626 5033 nempe

35 5071 478 5112 commoveamur
503 5066 553 5110 et
582 5061 949 5124 perlnrbemur
977 5063 1186 5130 quando
1216 5063 1266 5116 in
1296 5065 1458 5119 altum
1481 5065 1626 5119 veni-

35 5163 182 5211 mus;
235 5163 346 5201 non
376 5147 521 5216 quod
545 5146 931 5203 formidandum
960 5151 1026 5203 sit
1055 5153 1302 5220 pelagus,
1347 5155 1440 5210 sed
1486 5155 1626 5225 quod

4 5256 141 5302 'uos,
177 5240 270 5310 qui
302 5239 637 5306 navigamus,
671 5240 898 5308 imperiti
929 5245 1114 5295 simus.
1157 5245 1306 5310 Quod
1347 5247 1487 5300 enim
1539 5263 1626 5302 ac-

33 5331 208 5383 cidere
235 5329 432 5397 possit,
463 5338 520 5380 ut
543 5343 720 5382 sermo
743 5340 926 5384 natura
958 5348 1048 5384 sua
1081 5333 1266 5393 facilis.
1304 5337 1624 5390 audientimn

38 5420 295 5489 imperitia
325 5418 568 5472 difﬁcilis
607 5420 816 5485 evadat,
851 5423 1070 5476 Paulum
1105 5426 1252 5478 vobis
1286 5438 1471 5481 teSIem
1499 5433 1598 5481 atl‘e

35 5526 159 5565 ram.
197 5509 336 5564 Cum
387 5508 614 5563 dixisset
653 5514 792 5563 enim
825 5512 1097 5566 Christum
1132 5515 1292 5570 fuisse
1330 5519 1625 5584 pontiﬁcem

37 5601 328 5655 secundum
357 5599 604 5653 ordinem
636 5600 1004 5667 Melchisedec,
1040 5614 1092 5658 et
1114 5605 1450 5674 disqttirerot,
1486 5611 1599 5675 quis

37 5707 147 5744 nam
177 5700 331 5746 esset
362 5690 454 5743 ille
489 5688 862 5758 Melchisedec,
913 5695 1090 5748 intulit
1142 5713 1154 5747 :
1205 5695 1281 5748 De
1303 5714 1398 5766 quo
1423 5699 1629 5768 grtmdis

39 5785 169 5836 salvis
231 5791 307 5836 est
359 5796 528 5835 sermo
569 5789 614 5835 et
661 5783 913 5854 explicata
956 5786 1170 5857 diﬁciﬁs
1213 5782 1396 5860 (Hebr.
1427 5789 1480 5844 5.
1517 5791 1625 5862 ll).

1704 1599 1839 1665 Quid
1889 1601 2051 1666 dicis,
2099 1605 2303 1662 Paule?
2351 1609 2428 1661 An
2473 1611 2739 1680 explicato
2779 1613 3010 1671 difficilis
3043 1619 3161 1690 tibi,
3193 1624 3279 1694 qui

1704 1693 1959 1759 spirituali
1989 1695 2242 1765 sapientia
2266 1699 2517 1768 prmditus
2549 1704 2642 1757 es?
2662 1705 2751 1773 qui
2783 1721 2970 1761 arcana
2998 1711 3283 1768 audivisti?

1703 1784 1791 1851 qni
1834 1783 1898 1836 ad
1945 1787 2156 1840 tertium
2198 1790 2383 1844 caelum
2435 1781 2613 1860 raptus
2657 1795 2756 1849 es?
2793 1796 2845 1850 Si
2891 1800 2980 1853 tibi
3022 1801 3282 1870 explicatu

1705 1873 1956 1940 difﬁcilis,
2007 1879 2089 1931 cui
2141 1882 2630 1948 comprehensibilis
2678 1887 2821 1943 erit?
2868 1889 2991 1944 Mihi
3021 1893 3282 1960 explicatu

1705 1965 1950 2032 difﬁcilis,
2001 1969 2184 2039 inquit,
2217 1983 2315 2034 est,
2364 1989 2466 2026 non
2511 1975 2579 2030 ob
2619 1992 2784 2032 meam
2831 1980 3282 2049 imbecillitatem,

1704 2057 1798 2109 sed
1848 2058 1915 2109 oh
1969 2059 2283 2127 imperitiam
2334 2065 2654 2120 auditorum.
2707 2071 2836 2123 Cum
2878 2087 3002 2142 ergo
3026 2073 3283 2141 dixisset,

1706 2145 1978 2215 Explicatu
2032 2151 2265 2219 diﬁiciﬁs,
2317 2155 2588 2224 suhjnnxit
2638 2174 2652 2212 :
2715 2157 2963 2222 Quoniam
3019 2164 3288 2219 imbecilles

1708 2238 1828 2307 fecti
1851 2239 1966 2291 estis
1996 2239 2062 2291 ad
2087 2242 2413 2296 audiendum.
2470 2245 2656 2301 Viden’
2689 2264 2792 2302 non
2819 2260 3059 2305 naturam
3087 2269 3290 2310 sermo-

1709 2328 1811 2389 nis,
1860 2329 1950 2382 sed
1984 2329 2311 2385 audientium
2355 2335 2668 2403 imperitiam
2697 2355 2808 2392 rem
2837 2356 2952 2410 qua:
2983 2358 3074 2410 per
3099 2359 3156 2399 se
3185 2345 3288 2400 dif-

1711 2417 1861 2472 ﬁcilis
1899 2427 2002 2472 non
2047 2413 2181 2486 erat,
2229 2424 2497 2480 difficilem
2529 2428 2858 2486 reddidisse?
2905 2432 3097 2488 Eadem
3129 2452 3290 2504 porro

1708 2523 1864 2562 causa
1914 2526 2017 2564 non
2070 2512 2334 2568 difﬁcilem
2386 2518 2580 2581 modo,
2615 2521 2704 2573 sed
2735 2521 2894 2575 etiam
2933 2539 3074 2590 eum,
3110 2525 3287 2580 brevis

1708 2613 1827 2652 eum
1857 2603 1943 2666 sit,
1989 2603 2199 2672 longum
2243 2605 2437 2660 reddit.
2490 2608 2821 2678 QuaprOpter
2872 2630 2974 2666 non
3026 2616 3292 2685 explicatu

1708 2690 1974 2746 difﬁcilem
2008 2694 2165 2748 modo
2191 2695 2341 2761 dixit,
2375 2696 2468 2751 sed
2497 2701 2652 2752 etiam
2685 2703 2958 2770 grandem.
2992 2715 3042 2757 et
3065 2705 3294 2776 longitu-

1710 2782 1849 2836 dinis
1884 2793 1937 2837 et
1964 2783 2283 2840 difﬁcultatis
2314 2803 2525 2842 causam
2557 2790 2832 2857 adjiciens.
2875 2795 3077 2848 aurium
3124 2796 3292 2851 imbe-

1711 2873 2004 2928 cillitatem.
2049 2868 2502 2942 Quemadtuo'dum
2551 2882 2694 2936 enim
2733 2886 2944 2953 aegrotis
2989 2902 3093 2940 non
3133 2902 3297 2957 appo-

1713 2964 1883 3017 nenda
1922 2974 2003 3018 est
2053 2981 2232 3020 mensa
2272 2967 2420 3022 facile
2464 2973 2732 3039 parabilis,
2781 2975 2872 3028 sed
2912 2977 3071 3029 variis
3099 2977 3294 3032 referta

1713 3053 1862 3118 cibis,
1896 3064 1951 3108 ut
1981 3055 2024 3110 si
2053 3071 2194 3125 mger
2221 3059 2359 3113 hunc
2383 3072 2637 3130 respuat,
2669 3063 2895 3118 alterum
2926 3067 3187 3135 accipiat,
3241 3077 3297 3123 et

1714 3145 1756 3197 si
1784 3144 1884 3199 hoc
1914 3162 2018 3199 non
2045 3147 2307 3214 admittat,
2337 3150 2476 3203 aliud
2506 3162 2713 3218 sumat,
2763 3154 2807 3207 si
2859 3155 2998 3210 hunc
3036 3158 3292 3226 repellat,

1714 3236 1936 3290 alterum
1977 3237 2192 3308 deligat,
2230 3249 2286 3293 ut
2308 3241 2563 3295 varietate
2591 3242 2958 3299 difﬁcultatem
2989 3247 3292 3314 vincamus,

1715 3341 1777 3380 ac
1819 3327 2126 3383 diversitate
2175 3329 2482 3401 lautitiaque
2519 3347 2717 3387 mensae
2743 3335 2904 3388 animi
2935 3335 3145 3392 fastidio
3174 3356 3291 3395 me-

1717 3418 1934 3471 deamur
1981 3436 1994 3472 :
2041 3421 2113 3473 ita
2151 3436 2292 3491 sape
2333 3423 2384 3476 in
2429 3425 2687 3480 concione
2722 3424 3041 3490 faciendum,
3073 3431 3286 3498 quando

1718 3510 2006 3565 imbecilles
2035 3527 2238 3579 sumus,
2270 3513 2425 3584 longa
2455 3517 2769 3584 apponenda
2801 3527 2881 3572 est
2905 3520 3106 3580 oratio,
3135 3521 3297 3576 variis

1717 3601 2148 3656 similitudinibus
2176 3614 2230 3656 et
2257 3607 2516 3674 exemplis
2548 3609 2822 3672 instrueta,
2861 3616 3115 3678 apparatu
3138 3611 3297 3667 etiam

1717 3705 1781 3745 ac
1820 3693 2068 3760 periodis,
2099 3694 2320 3764 aliisque
2348 3696 2628 3763 similibus,
2679 3708 2734 3751 ut
2759 3714 2822 3752 ex
2847 3701 3094 3756 omnibus
3131 3704 3299 3757 facilis

1718 3781 1872 3836 nobis
1900 3783 1967 3837 sit
1993 3785 2261 3839 utiliorum
2290 3786 2548 3842 delectus.
2599 3788 2793 3842 Verum
2837 3792 3042 3848 etiamsi
3083 3794 3300 3863 grandis

1721 3886 1898 3926 sermo
1925 3880 2072 3928 esset
2099 3876 2470 3946 explicatuque
2496 3878 2756 3944 difﬁcilis,
2787 3897 2889 3935 non
2918 3891 3092 3938 tamen
3120 3885 3299 3954 priva-

1720 3963 1796 4016 vit
1820 3979 1912 4018 eos
1939 3965 2177 4020 doctrina
2207 3967 2274 4022 de
2300 3968 2685 4024 Melchisedeco
2731 3989 2746 4025 :
2793 3986 2912 4025 cum
2949 3975 3091 4028 enim
3130 3977 3295 4044 dicit,

1713 4055 1944 4111 Grandis
1970 4068 2014 4112 et
2045 4061 2297 4128 explicata
2327 4062 2560 4130 difﬁcilis.
2611 4075 2794 4116 eorum
2823 4064 3054 4120 studium
3080 4070 3297 4134 excitat,

1723 4163 1790 4202 ne
1815 4149 1879 4203 ad
1909 4151 2231 4205 audiendum
2255 4155 2524 4221 segniores
2549 4154 2656 4207 sint
2681 4171 2694 4206 :
2718 4169 2837 4209 cum
2865 4165 3296 4214 autemvmensam

1722 4241 1960 4310 apponit,
1988 4257 2174 4296 eorum
2203 4244 2466 4298 desiderio
2495 4245 2837 4314 gratiﬁcatur.

1719 4375 1723 4378 ς
1791 4333 1846 4386 2.
1881 4333 1990 4387 Hoc
2027 4343 2080 4388 et
2118 4349 2212 4388 nos
2247 4335 2518 4390 faciamus.
2573 4335 2795 4391 Etiamsi
2837 4329 2913 4392 ~ad
2979 4339 3197 4410 pelagus
3245 4351 3298 4398 et

1723 4423 2043 4491 profundum
2091 4426 2471 4479 sententiarum
2520 4427 2818 4496 pertingere
2857 4443 2960 4483 non
2997 4432 3294 4500 possimus,

1726 4527 1822 4566 nos
1873 4514 2201 4569 confidenter
2245 4517 2375 4570 mari
2432 4519 2862 4586 committamus,
2928 4536 3035 4575 non
3104 4523 3299 4579 nostris

1726 4603 1839 4658 freti
1886 4605 2118 4670 viribus,
2176 4606 2266 4659 sed
2311 4609 2476 4677 gratia
2528 4609 2678 4662 nobis
2719 4626 2946 4678 superne
2984 4613 3103 4666 data
3143 4632 3158 4669 :
3193 4631 3299 4671 non

1729 4697 1915 4752 ﬁducia
1963 4705 2162 4764 nostra,
2206 4699 2297 4751 sed
2346 4698 2416 4750 ob
2463 4700 2744 4754 utilitatem
2787 4711 3015 4756 vestram
3045 4705 3174 4757 mari
3207 4720 3304 4759 nos

1725 4791 2139 4852 committamus,
2190 4788 2290 4842 hac
2333 4789 2384 4842 in
2435 4805 2492 4844 re
2539 4792 2754 4844 Paulum
2808 4793 3095 4848 imitantes.
3151 4797 3304 4861 Quod

1724 4883 1868 4936 enim
1910 4898 2013 4936 non
2043 4883 2322 4951 privaverit
2347 4899 2438 4936 eos
2465 4898 2710 4938 sermone
2759 4883 2824 4938 de
2867 4885 3253 4944 Melchisedeco
3280 4931 3296 4956 ,

1725 4974 1847 5027 andi
1896 4974 2185 5042 sequentia.
2237 4973 2372 5028 Cum
2415 4989 2541 5042 ergo
2585 4975 2843 5041 dixisset,
2873 4995 2890 5028 ι
2919 4977 2991 5033 De
3019 4994 3122 5048 quo
3153 4980 3307 5036 nobis

1727 5063 1939 5133 grandis
1958 5073 2038 5116 est
2058 5079 2256 5129 sermo,
2272 5075 2322 5116 et
2343 5065 2546 5132 explica
2557 5073 2606 5118 tu
2624 5064 2851 5120 difﬁcilis
2873 5086 2891 5119 ι
2915 5066 3098 5141 (Hebr.
3117 5070 3168 5125 5.
3193 5071 3304 5142 11),

1729 5154 1996 5222 subjunxit
2047 5170 2060 5204 :
2113 5171 2132 5205 ‹
2163 5153 2256 5206 llic
2301 5154 2439 5208 enim
2482 5154 2864 5222 Melchisedec,
2919 5173 3010 5213 rex
3057 5159 3298 5228 justitiae,

1731 5244 1963 5310 itemque
1994 5258 2083 5296 rex
2121 5243 2317 5308 Salem,
2341 5243 2392 5296 id
2417 5252 2500 5299 est
2529 5261 2618 5298 rex
2652 5247 2815 5315 pacis,
2848 5247 2962 5302 sine
2989 5258 3159 5317 patre,
3191 5251 3310 5306 sine

1731 5346 1918 5398 matre,
1950 5337 2062 5389 sine
2084 5337 2408 5405 genealogia,
2440 5352 2613 5406 neque
2643 5338 2847 5392 initium
2875 5339 3106 5406 dierum,
3135 5357 3307 5411 neque

1732 5429 1887 5482 tinem
1938 5429 2056 5481 vitae
2103 5429 2320 5492 habens,
2366 5430 2684 5484 assimilatus
2709 5440 2885 5484 autem
2922 5430 3076 5495 Filio,
3129 5441 3309 5506 manet

1732 5518 1978 5572 sacerdos
2003 5519 2055 5570 in
2077 5528 2384 5585 perpetuum
2418 5537 2436 5570 ι
2470 5518 2650 5588 (Hebr.
2677 5521 2728 5574 7.
2760 5521 2900 5589 1-4).
2931 5520 3117 5574 Nonne
3144 5535 3307 5575 aures

1731 5620 1936 5660 ves‘tras
1980 5608 2154 5671 feriit,
2200 5609 2324 5662 dum
2358 5610 2423 5664 de
2454 5610 2668 5665 homine
2714 5612 2936 5681 loquens
2977 5611 3128 5678 dixit,
3182 5611 3309 5668 Sine

1733 5708 1890 5768 patre,
1919 5699 2026 5751 sine
2064 5707 2240 5765 matre,
2284 5699 2392 5752 sine
2425 5701 2756 5771 genealogia?
2806 5701 3006 5772 Ecquid
3046 5701 3190 5768 dico,
3239 5703 3308 5759 de

1733 5790 1989 5846 homine?
2020 5790 2147 5846 Nam
2172 5791 2304 5847 side
2340 5789 2473 5848 Filio
2519 5791 2806 5864 diceretur,
2857 5809 3033 5850 annon
3063 5809 3303 5865 magnam
