3724 6272
434 294 542 351 259

434 418 676 467 moveret
698 406 1093 479 quaestionem?
1137 403 1271 459 Nam
1314 401 1359 455 si
1388 399 1504 455 sine
1536 403 1708 468 patre,
1754 390 2023 463 quomodo

432 502 642 559 Filius?
684 501 741 558 Si
774 500 892 555 sine
920 508 1113 565 matre,
1154 492 1423 566 quomodo
1470 486 1829 559 Unigenitus?
1858 483 2026 538 Filius

436 595 579 649 enim
624 601 829 662 patrem
874 589 1067 645 habeat
1114 593 1346 657 oportet,
1390 581 1523 636 alias
1562 593 1693 633 vero
1738 576 1877 630 filius
1918 589 2024 627 non

435 684 613 740 fuerit.
636 681 743 739 Sed
786 683 902 737 sine
943 689 1094 749 patre
1137 686 1192 733 et
1232 676 1351 731 sine
1384 681 1556 727 matre
1580 678 1664 725 est
1688 668 1855 723 Filius
1887 665 2020 728 Dei;

435 777 554 831 sine
582 786 756 845 patre,
784 771 1074 827 secundum
1101 767 1386 839 infernam,
1429 764 1545 819 sine
1582 770 1774 825 matre,
1825 772 2021 812 secun-

434 868 563 920 dum
588 878 875 933 supernam
912 859 1333 932 generationem.
1380 853 1512 909 Nam
1560 866 1733 920 neque
1778 850 1831 903 in
1883 858 2021 901 terra

434 968 639 1028 patrem
668 956 870 1020 habuit,
918 969 1089 1022 neque
1117 953 1175 1006 in
1197 951 1342 1005 caelis
1380 954 1637 1002 matrem.
1676 943 1800 999 Sine
1844 956 2024 1012 genea-

436 1050 595 1120 logia.
641 1047 873 1103 Audiant
901 1046 961 1111 ii,
999 1044 1097 1115 qui
1142 1039 1491 1098 substantiam
1536 1036 1653 1105 ejus
1688 1033 1898 1088 curiose
1930 1046 2023 1085 ex.-

434 1141 667 1211 plorant.
697 1138 857 1207 Atqui
898 1134 1050 1200 illud,
1083 1134 1210 1189 Sine
1241 1129 1555 1203 genealogia,
1587 1134 1775 1197 putant
1802 1123 2022 1196 quidam

433 1230 501 1285 de
529 1243 758 1299 superna
786 1228 902 1296 ejus
928 1224 1269 1294 generatione
1292 1220 1491 1276 dictum
1521 1233 1674 1275 esse.

506 1319 693 1375 Contra
719 1319 1006 1373 Ariamazes.
1038 1313 1268 1370 Christus
1291 1310 1541 1382 quomodo
1572 1310 1679 1364 sine
1705 1306 2019 1378 genealogia.

432 1445 506 1461 ις-
534 1411 778 1469 Haeretici
818 1423 977 1481 porro
1014 1422 1188 1478 neque
1230 1406 1332 1461 hoc
1376 1402 1596 1469 volunt;
1626 1417 1748 1456 nam
1782 1409 1837 1455 et
1876 1400 2022 1454 illum

435 1504 648 1561 curiose
672 1501 947 1571 inquirunt
968 1513 1032 1554 ac
1068 1504 1401 1562 scrutantur;
1437 1491 2021 1549 moderatioresautem

435 1612 505 1653 ex
537 1594 673 1660 illis,
702 1593 799 1649 illa
816 1604 1072 1647 concessa
1094 1630 1110 1655 ,
1139 1587 1206 1643 de
1232 1586 1331 1641 hac
1358 1594 1570 1641 terrena
1598 1583 1700 1637 diei
1739 1590 1927 1651 putant
1956 1580 2023 1635 il-

433 1685 549 1754 lud,
578 1684 705 1740 Sine
723 1681 1037 1755 genealogia.
1063 1677 1418 1735 Ostendamus
1436 1690 1564 1745 ergo
1587 1673 1655 1729 de
1680 1682 1907 1742 utraque
1930 1686 2025 1742 ge-

433 1776 709 1833 neratione
739 1773 840 1828 hoc
869 1770 1070 1827 dixisse
1096 1769 1339 1835 Paulum,
1368 1766 1436 1822 de
1459 1780 1687 1835 superna
1714 1778 1904 1832 nempe
1928 1803 1951 1828 τ
1969 1770 2032 1818 et

431 1868 501 1923 de
529 1876 761 1921 terrena.
788 1862 919 1919 Nam
948 1870 1003 1918 et
1032 1861 1121 1916 illa
1150 1858 1427 1915 tremenda
1457 1900 1482 1926 ν
1501 1865 1557 1913 et
1592 1855 1707 1911 haec
1736 1854 2022 1908 admodum

430 1973 625 2013 arcana
672 1966 778 2013 est.
802 1954 1136 2026 Quapropter
1175 1953 1337 2009 Isaias
1360 1952 1435 2007 ait
1459 1970 1475 2005 :
1505 1949 1887 2005 Generationem
1913 1949 2026 2012 eisiis

433 2050 544 2121 quis
570 2048 822 2103 enarrabit
847 2045 1002 2117 (Isai.
1035 2045 1123 2100 53.
1158 2042 1260 2116 8)?
1287 2043 1511 2107 Verum,
1544 2040 1752 2111 inquies
1774 2080 1791 2107 ,
1818 2039 1885 2095 de
1913 2053 2022 2093 ca:-

433 2142 554 2197 lesti
584 2140 671 2194 illa
698 2139 807 2210 agit
834 2136 1108 2208 propheta.
1138 2135 1274 2203 Quid
1300 2149 1426 2205 ergo
1469 2132 1708 2188 dicemus
1728 2130 1794 2185 de
1820 2130 1982 2185 l'aulo
2002 2171 2029 2198 ν

432 2233 524 2304 qui
568 2242 844 2302 postquam
883 2229 1016 2285 duas
1060 2227 1432 2300 generationes
1473 2231 2025 2288 commemoraverat,

434 2324 562 2381 illud
590 2322 861 2393 subjnnxit
882 2339 896 2377 :
921 2321 1047 2377 Sine
1065 2319 1400 2392 genealogia?
1422 2317 1495 2374 Ut
1522 2331 1626 2383 non
1652 2316 1809 2371 modo
1833 2330 2023 2371 secun-

432 2414 562 2470 dum
590 2414 735 2469 illam
778 2411 1178 2483 generationem
1199 2449 1220 2476 ,
1246 2423 1352 2479 qua
1379 2409 1496 2463 sine
1535 2415 1707 2462 matre
1745 2416 1859 2461 erat
1883 2447 1897 2469 ,
1925 2404 2025 2461 sed

434 2507 596 2561 etiam
617 2504 908 2560 secundum
938 2503 1077 2558 hanc
1106 2510 1370 2558 terrenam
1391 2541 1406 2567 ,
1429 2515 1537 2571 qua
1555 2501 1671 2555 sine
1692 2510 1843 2570 patre
1866 2506 1987 2553 erat
2002 2540 2029 2565 ν

432 2598 580 2653 illum
609 2598 726 2653 sine
750 2595 1060 2667 genealogis
1084 2607 1203 2649 esse
1230 2592 1482 2649 crederes
1506 2608 1519 2644 :
1545 2590 1665 2647 ideo
1688 2606 1811 2646 cum
1837 2591 2022 2645 ambas

433 2689 734 2762 posuisset,
762 2696 890 2743 tunc
931 2687 1099 2753 dixit,
1128 2683 1253 2741 Sine
1297 2683 1611 2755 gmalogia.
1653 2682 1863 2737 Etenim
1908 2682 2022 2737 lucc

434 2790 645 2837 terrena
682 2777 1235 2849 incomprehensibilis
1260 2785 1344 2832 est
1364 2817 1380 2841 ,
1404 2784 1460 2829 ut
1487 2774 1753 2830 cazlestem
1783 2773 1926 2828 illam
1954 2788 2021 2829 ne

431 2873 651 2944 quidem
682 2871 945 2940 inspicere
968 2869 1281 2925 audeamus.
1310 2866 1442 2922 Nam
1471 2867 1517 2921 si
1546 2865 1808 2921 vestibula
1838 2864 2021 2933 templi

433 2965 505 3020 ita
534 2962 805 3020 tremenda
830 2971 883 3017 et
907 2963 1179 3017 inaccessa
1201 2968 1372 3024 erant,
1393 2958 1460 3013 ad
1485 2957 1646 3029 adyta
1672 2956 1792 3028 quis
1817 2955 2021 3027 ingredi

430 3071 595 3111 ausus
619 3054 799 3112 esset?
821 3053 974 3122 Quod
1001 3068 1031 3107 a
1064 3053 1221 3109 Patre
1245 3051 1459 3124 genitus
1485 3049 1555 3105 sit
1581 3051 1724 3116 novi,
1752 3050 2021 3121 quomodo

431 3156 607 3203 autem
639 3145 841 3201 nescio.
870 3144 1022 3214 Quod
1049 3159 1079 3199 a
1105 3143 1310 3215 virgine
1332 3151 1489 3197 natus
1516 3142 1586 3196 sit
1612 3140 1733 3196 novi
1752 3182 1770 3205 ,
1803 3141 2019 3196 modum

430 3250 607 3296 autem
636 3255 807 3311 neque
833 3238 921 3294 hic
947 3242 1120 3308 capio.
1142 3236 1375 3308 Utraque
1393 3235 1667 3307 generatio
1692 3235 1746 3291 in
1773 3234 2028 3290 confesso

430 3339 532 3394 est,
558 3339 614 3386 et
634 3330 907 3400 utriusque
933 3327 1124 3384 modus
1149 3337 1370 3383 tacetur.
1401 3326 1468 3382 Et
1491 3327 1628 3381 sicut
1654 3325 1740 3381 hic
1760 3326 1829 3380 de
1858 3326 2022 3397 virgi-

432 3437 520 3488 ne,
539 3422 791 3492 ignorans‘
812 3421 1079 3491 quomodo
1103 3436 1172 3475 ex
1190 3419 1394 3490 virgine
1422 3428 1579 3474 natus
1596 3419 1688 3484 sit,
1710 3418 1881 3488 ipsum
1901 3432 2022 3475 esse

432 3523 611 3568 natum
643 3513 901 3569 confiteor
923 3555 939 3581 ,
969 3529 1144 3584 neque
1186 3528 1300 3568 rem
1345 3512 1473 3567 tollo
1518 3520 1734 3581 propter
1772 3512 2021 3581 ignoran-

432 3609 559 3661 tiam
585 3626 598 3661 :
625 3606 695 3660 ita
724 3616 779 3661 et
810 3614 866 3660 tu
893 3604 975 3660 fac
999 3604 1068 3660 de
1097 3605 1271 3669 Patre,
1293 3603 1393 3659 etsi
1422 3620 1526 3658 non
1558 3602 1771 3658 noveris
1795 3618 2020 3672 quomo-

430 3699 501 3753 do
525 3698 734 3769 genitus
758 3698 827 3753 sit
852 3698 921 3752 ab
945 3712 1011 3752 eo
1032 3695 1218 3759 Filius.
1242 3695 1499 3750 confitere
1525 3702 1721 3749 tamen.
1749 3694 1805 3750 Si
1827 3694 2024 3749 dixerit

434 3788 529 3843 tibi
561 3788 864 3852 hazreticus,
890 3786 1172 3856 Quomodo
1196 3786 1409 3857 genitus
1431 3793 1513 3840 est
1539 3800 1606 3839 ex
1628 3784 2021 3843 PatreFilins?

433 3881 551 3951 ejus
579 3879 772 3935 fastum
800 3880 856 3934 in
880 3886 1080 3934 terram
1101 3878 1343 3949 deprime
1364 3916 1382 3943 ,
1411 3885 1467 3932 et
1490 3876 1577 3932 dic
1603 3877 1717 3932 illi:
1747 3877 2021 3934 Descende

431 3974 501 4030 de
542 3973 724 4038 caelis,
754 3982 809 4028 et
835 3960 1059 4027 ostende
1097 3970 1363 4039 quomodo
1404 3979 1557 4025 natus
1598 3984 1666 4025 ex
1695 3969 1899 4040 virgine
1923 4011 1937 4036 ,
1965 3976 2023 4026 et

431 4074 559 4121 tunc
595 4064 663 4119 ad
703 4064 789 4118 illa
816 4062 1044 4132 reSpiee.
1078 4061 1265 4116 Detine
1304 4061 1476 4131 ipsum
1500 4099 1515 4125 ,
1546 4070 1600 4116 et
1628 4059 1887 4116 conclude
1908 4101 1926 4127 ,
1952 4074 2022 4116 ne

430 4150 577 4212 Sinas
610 4156 835 4221 resilire,
860 4164 917 4210 et
940 4155 995 4209 in
1027 4152 1386 4226 labyrinthum
1412 4152 1812 4209 ratiociniorum
1841 4168 2022 4224 regre-

430 4246 485 4300 di
507 4286 522 4310 ,
548 4246 644 4301 sed
670 4244 851 4301 detine
883 4253 943 4301 et
969 4241 1169 4300 sulfoea
1192 4285 1208 4309 ,
1239 4258 1347 4299 non
1373 4258 1533 4299 manu
1556 4283 1572 4309 ,
1602 4243 1700 4299 sed
1736 4245 1919 4300 verbo.
1944 4244 2022 4300 Ne

404 4338 532 4392 'des
578 4336 648 4391 illi
686 4336 993 4390 dilationem
1036 4344 1094 4389 ut
1129 4334 1347 4406 effugiat
1385 4350 1492 4403 quo
1532 4335 1679 4390 velit.
1711 4335 1846 4390 Hinc
1878 4335 2019 4391 enim

436 4427 719 4482 tumultum
747 4426 981 4480 excitant
1000 4426 1138 4480 inter
1155 4424 1552 4495 disputandum,
1579 4426 1701 4494 quia
1728 4441 1825 4480 nos
1846 4428 2021 4496 sequi-

432 4533 554 4573 mur
578 4518 696 4572 illos
713 4556 730 4583 ,
760 4531 934 4587 neque
962 4515 1273 4571 abducimus
1295 4530 1388 4572 eos
1414 4515 1515 4571 sub
1540 4517 1687 4587 leges
1725 4518 2022 4573 divinarum

434 4604 855 4674 Scripturarum.
878 4601 1084 4658 Murum
1106 4599 1212 4674 ipsi
1233 4601 1465 4674 undique
1489 4602 1851 4672 circumpone,
1876 4604 2023 4659 testi-

432 4697 611 4755 monia
630 4696 1115 4767 Scripturarum,ac
1135 4710 1202 4752 ne
1219 4695 1426 4751 hiscere
1444 4694 1655 4766 quidem
1679 4696 1891 4767 poterit.
1908 4696 2019 4762 Die,

431 4788 698 4860 quomodo
736 4796 889 4844 natus
916 4796 999 4845 est
1026 4803 1093 4843 ex
1122 4787 1325 4858 virgine
1343 4787 1367 4841 ἲ
1384 4785 1503 4842 Νοη
1525 4787 1746 4859 gradum
1789 4802 1981 4843 revoco
2001 4828 2018 4853 ,

433 4897 537 4935 non
560 4881 771 4937 recedo.
798 4880 989 4936 Verum
1008 4894 1111 4935 non
1134 4878 1323 4952 poterit
1342 4879 1495 4935 nobis
1514 4879 1726 4935 modum
1747 4894 2020 4949 enarrare,

432 4975 535 5028 etsi
556 4975 854 5029 sexcenties
878 4973 931 5029 id
955 4973 1259 5029 contendat.
1285 4972 1420 5030 Cum
1443 4973 1587 5029 enim
1614 4973 1752 5028 Deus
1781 4973 2023 5030 occlusec

435 5065 524 5123 rit.
546 5064 663 5135 quis
682 5073 866 5134 postea
887 5064 1126 5134 aperiat?
1147 5064 1272 5119 [hec
1294 5064 1405 5119 sola
1434 5073 1658 5134 possunt
1673 5063 1775 5120 fide
1796 5065 2017 5136 percipi.

435 5154 489 5211 Si
525 5170 681 5226 porro
705 5170 955 5225 nequeas,
976 5152 1070 5209 sed
1090 5154 1362 5210 ratiocinia
1381 5169 1609 5225 quaeras,
1632 5149 1683 5209 id
1711 5154 1803 5209 tibi
1823 5154 2018 5221 dicam,

434 5248 575 5321 quod
606 5246 850 5302 Christus
880 5244 1168 5301 Nicodemo
1189 5265 1202 5300 :
1224 5246 1285 5301 Si
1307 5255 1505 5301 terrena
1527 5246 1635 5300 dixi
1661 5246 1817 5311 vobis,
1844 5257 1891 5301 et
1920 5264 2022 5302 non

433 5340 637 5395 creditis
661 5380 677 5405 ,
707 5338 959 5408 quomodo
997 5338 1042 5392 si
1067 5337 1243 5391 dixero
1270 5337 1491 5392 ca'lestia
1517 5337 1728 5391 credetis
1754 5335 1933 5405 (Joan.
1961 5338 2016 5393 5.

436 5433 566 5503 1'3)?
592 5433 665 5486 De
707 5439 824 5484 ortu
853 5446 919 5484 ex
948 5430 1151 5500 virgine
1190 5428 1299 5485 dixi
1324 5470 1341 5496 ,
1369 5437 1423 5484 et
1453 5444 1561 5483 non
1605 5429 1854 5500 intelligis
1874 5470 1889 5495 ,
1919 5445 2022 5489 nee

434 5525 643 5581 hiscere
665 5523 831 5578 audes
855 5564 871 5591 ,
902 5532 956 5578 et
982 5532 1159 5579 tamen
1189 5537 1471 5592 supernam
1499 5521 1893 5593 generationem
1923 5536 2022 5578 cu-

437 5619 581 5672 riose
619 5615 888 5687 exploras.
916 5617 1091 5686 Atque
1125 5615 1327 5671 utinam
1360 5614 1551 5670 caelum
1580 5622 1818 5682 tantum;
1846 5614 1941 5671 sed
1966 5602 2022 5671 tu

433 5702 599 5762 (Ilium
625 5707 875 5766 calorum
905 5705 1187 5764 Dominum
1216 5706 1425 5765 curiose
1457 5705 1687 5765 rimaris.
1728 5707 1790 5764 Si
1825 5717 2024 5764 terrena

883 285 942 341 S.
981 278 1174 341 ΙΟΔΝ.
1215 276 1590 337 ειιῐιῖεοθτ.
1632 272 1949 332 ARClﬂEP.
1988 268 2019 328 ε

2162 267 2527 327 ΤΑΝΤΙΝΟΡ.
2564 269 2652 324 DE
2690 262 3230 333 MELCIHSEDECO.
3626 276 3678 332 ε

2136 388 2247 445 dimi
2270 390 2409 446 vobis
2425 430 2441 457 ,
2466 400 2641 446 etnon
2666 392 2885 448 creditis.
2912 392 3027 448 Non
3066 391 3236 459 dixit,
3267 390 3385 467 Non
3427 406 3678 464 persuau.

2131 481 2297 547 mini,
2326 481 2419 537 sed
2444 522 2463 548 ,
2491 481 2615 536 Non
2643 482 2871 550 creditis;
2892 482 3177 538 ostendens
3202 483 3357 539 nobis
3381 523 3397 549 ,
3432 483 3478 539 si
3513 491 3678 541 terret

2131 573 2235 630 fide
2277 590 2411 645 opus
2438 574 2705 641 habeant,
2729 576 2897 631 multo
2944 574 3112 646 magis
3148 576 3406 631 caelestia.
3450 576 3575 632 Etsi
3607 587 3678 637 tut

2128 665 2418 721 Nicodemo
2445 666 2513 721 de
2541 677 2693 736 partu
2720 667 3028 736 loqueretur
3057 667 3213 738 longe
3246 668 3456 724 minore
3482 685 3499 734 ;
3529 668 3603 725 de
3633 670 3678 725 bi

2129 756 2385 823 ptismale
2415 771 2647 827 namque
2690 771 2869 812 sermo
2911 764 3058 821 erat,
3106 767 3161 813 et
3198 757 3267 813 de
3308 761 3677 829 regeneratior

2127 846 2385 914 spirituili
2412 867 2424 902 :
2451 847 2543 902 sed
2576 847 2761 917 palam
2777 858 2859 903 est
2883 863 2944 903 ea
2984 849 3145 903 etiam
3186 849 3290 905 fide
3324 865 3446 905 esse
3476 864 3678 922 compti

2129 936 2427 992 hensibilia.
2456 937 2681 993 Terrena
2704 949 2882 995 autem
2912 940 3000 997 illa
3028 942 3264 1007 vocavit,
3294 958 3401 997 non
3428 943 3583 1014 quod
3616 954 3678 1001 tet

2127 1042 2256 1083 rena
2284 1044 2410 1085 vere
2434 1029 2574 1096 sint,
2602 1030 2697 1086 sed
2734 1030 2873 1100 quod
2904 1031 2957 1085 in
2990 1039 3130 1087 terra
3157 1041 3611 1089 consummentur
3628 1075 3644 1100 ,
3672 1056 3678 1087 l

2126 1120 2525 1189 comparatione
2551 1121 2694 1175 illius
2718 1120 3018 1189 ineffabilis,
3040 1130 3097 1177 et
3121 1137 3337 1179 omnem
3360 1134 3610 1181 mentem
3634 1142 3678 1183 st

2126 1212 2745 1280 perantisgenerationis
2769 1253 2785 1278 ,
2817 1214 2934 1269 hare
2959 1213 3069 1268 sint
3095 1221 3326 1270 terrena.
3358 1213 3418 1272 Si
3446 1231 3595 1288 ergo
3619 1233 3678 1274 ne

2126 1310 2303 1370 potest
2329 1302 2587 1373 intelligi,
2613 1317 2720 1374 quo
2744 1312 2901 1374 pacto
2928 1318 3006 1359 ex
3018 1305 3603 1377 aquisregeneremuu,
3633 1324 3678 1368 st

2127 1392 2238 1447 sola
2267 1392 2369 1448 fide
2394 1392 2447 1448 id
2469 1394 2742 1464 pencipere
2765 1402 3029 1465 oporteat,
3061 1410 3233 1467 neque
3256 1396 3478 1453 modum
3506 1401 3678 1456 curioi

2127 1484 2406 1553 explorare
2429 1502 2444 1540 :
2466 1494 2677 1555 quanta:
2707 1485 2929 1541 insaniae
2955 1486 3117 1543 fuerit
3142 1487 3211 1543 de
3234 1503 3467 1558 superna
3492 1506 3678 1562 gener:

2129 1574 2271 1630 tione
2292 1576 2546 1646 unigeniti
2562 1576 2681 1631 Filii
2704 1576 2933 1633 humana
2950 1578 3223 1635 ratiocinia
3242 1594 3559 1649 movere,et
3579 1600 3678 1641 met

2126 1668 2489 1738 generationis
2503 1670 2737 1724 rationes
2755 1671 3041 1739 expetere?
3060 1670 3337 1740 Quomodo
3355 1674 3475 1730 sine
3500 1686 3678 1746 patrui

2126 1761 2246 1816 sine
2273 1758 2447 1816 matre
2469 1761 2560 1816 Dei
2588 1760 2775 1828 Filius,
2793 1769 2853 1819 et
2871 1762 3138 1834 quomodo
3155 1763 3271 1821 sine
3290 1766 3677 1838 genealogia'si

2126 1855 2259 1910 satis
2282 1853 2707 1911 demonstratum
2733 1864 2837 1911 est.

2197 1946 2249 2001 3.
2282 1944 2387 2003 Sed
2429 1949 2678 2018 quoniam
2724 1947 2878 2003 multi
2927 1962 3036 2004 non
3083 1948 3440 2022 intelligente:
3485 1966 3612 2022 qua
3652 1951 3678 2009 d

2127 2035 2512 2095 Melchisedeco
2531 2040 2725 2108 scripta
2754 2048 2897 2102 sunt,
2921 2040 3095 2109 ipsum
3119 2041 3278 2095 etiam
3308 2040 3529 2097 Christo
3552 2043 3678 2112 majt

2126 2146 2240 2185 rem
2269 2145 2387 2186 esse
2414 2131 2679 2196 dixerunt,
2711 2130 3063 2202 hzeresimque
3087 2132 3508 2198 constituerunt,
3538 2144 3601 2190 et
3619 2150 3678 2190 ru

2126 2231 2316 2277 cantur
2352 2222 2791 2279 Melchisedecitae
2822 2221 2939 2296 (α),
2971 2224 3231 2294 nobisque
3257 2225 3634 2293 contendunt,
3662 2243 3678 2285 t

2129 2324 2400 2386 pugnant,
2432 2316 2617 2386 ipsum.
2648 2330 2768 2373 esse
2809 2314 3022 2372 Christo
3058 2316 3315 2387 majorem
3338 2359 3353 2385 ,
3377 2318 3513 2375 illud
3548 2319 3678 2375 adds

2126 2418 2309 2464 centes
2328 2450 2342 2472 ,
2374 2408 2451 2462 Tu
2480 2426 2532 2464 es
2554 2410 2787 2464 sacerdos
2822 2410 2876 2464 in
2912 2419 3153 2465 internum
3184 2412 3460 2467 secundum
3484 2415 3678 2471 ordinet

2126 2500 2465 2557 leleln’sedec
2509 2502 2849 2572 (Psat.109.
2876 2503 2934 2574 4)
2969 2522 2983 2559 :
3024 2503 3128 2559 illis
3170 2518 3382 2575 quoque
3427 2520 3678 2564 occurret

2125 2602 2360 2661 Oportet.
2392 2593 2581 2649 Dicunt
2604 2594 2746 2649 enim
2776 2594 3107 2661 :Quomodoz.
3121 2610 3228 2649 non
3257 2593 3425 2651 fuerit.
3440 2597 3533 2652 ille
3556 2597 3678 2656 Chri

2124 2692 2210 2739 sto
2252 2684 2423 2753 major
2446 2725 2465 2751 ,
2491 2684 2796 2741 secundum.
2833 2685 2988 2754 cujus
3032 2685 3316 2756 imaginem
3362 2697 3420 2742 et
3463 2688 3678 2749 ordinet

2124 2774 2366 2830 Christus
2386 2776 2739 2832 sacerdotium
2755 2787 2971 2834 exercet
2980 2778 3013 2832 γ’
3021 2777 3132 2834 Nos
3146 2793 3275 2850 ergo
3292 2779 3521 2836 dicimus
3538 2780 3678 2852 ipsum

2126 2867 2395 2924 hominem
2442 2884 2601 2936 esse,
2636 2869 2855 2940 perinde
2897 2880 3058 2942 atque
3100 2887 3199 2927 nos
3237 2873 3573 2942 passionibus
3612 2876 3678 2930 ob

2126 2959 2342 3014 noxium
2363 3001 2378 3023 ,
2408 2976 2508 3016 nec
2534 2961 2794 3032 majorem
2819 2961 3031 3019 Christo
3050 3004 3075 3029 ν
3101 2964 3220 3020 ἰωο.
3245 2980 3346 3021 nec
3367 2966 3575 3023 Joanne
3614 2969 3678 3027 BI

2125 3052 2314 3122 ptista:
2346 3053 2519 3125 Major
2544 3056 2689 3111 enim
2728 3056 2818 3110 illo
2840 3094 2856 3121 ,
2890 3055 3059 3125 inquit
3093 3054 3337 3113 Christus
3359 3097 3377 3123 ,
3408 3059 3543 3113 inter
3564 3068 3678 3115 nata

2125 3145 2395 3199 mulierum
2434 3162 2538 3200 non
2575 3146 2795 3201 surrexit
2833 3145 3044 3218 (Matth.
3076 3149 3166 3203 Η.
3194 3149 3310 3219 H).
3350 3150 3455 3205 Alii
3498 3166 3678 3208 rursm

2124 3246 2369 3292 errantes
2393 3237 2575 3293 dicunt
2604 3238 2774 3308 ipsum
2798 3253 2919 3294 esse
2943 3238 3197 3310 Spiritum
3221 3251 3461 3297 sanetum
3487 3244 3587 3315 (b);
3616 3250 3678 3300 sd

2125 3326 2229 3383 hoc
2273 3343 2379 3383 non
2419 3329 2649 3385 dicimus
2693 3344 2811 3385 nos.
2846 3329 2982 3388 Nam
3023 3346 3144 3401 quae
3184 3332 3476 3389 necessitas
3520 3334 3678 3393 fuisse

2124 3416 2358 3475 Verbum
2387 3420 2485 3475 Dei
2522 3420 2784 3477 inearnari
2810 3461 2827 3488 ,
2856 3421 2901 3477 si
2924 3422 3033 3492 jam
3071 3423 3198 3479 olim
3237 3423 3464 3496 Spiritus
3492 3436 3678 3483 sancta

2126 3510 2287 3568 homo
2313 3511 2485 3567 factus
2514 3510 2742 3567 fuisset?
2768 3512 2900 3579 Quia
2946 3529 3076 3569 vero
3116 3528 3229 3570 nee
3259 3515 3429 3585 major
3451 3515 3677 3573 Christo

2126 3619 2225 3659 nec
2245 3605 2473 3674 Spiritus
2500 3615 2718 3662 sanctus
2745 3616 2868 3674 est,
2895 3607 3075 3663 dicant
3101 3608 3254 3664 nobis
3281 3610 3355 3664 illi
3380 3652 3396 3675 ,
3425 3612 3575 3680 cujus
3604 3612 3678 3667 lod

2126 3697 2301 3768 ipsum
2340 3714 2462 3755 esse
2505 3708 2776 3755 statuant:
2804 3715 2870 3755 an
2901 3700 3172 3756 emissus?
3198 3717 3267 3757 an
3307 3705 3573 3760 terrestris
3592 3706 3618 3759 ?
3640 3704 3678 3761 at

2123 3789 2509 3846 subterranei?
2528 3790 2585 3845 Si
2612 3805 2748 3861 ergo»
2762 3791 2943 3847 dicant
2968 3791 3408 3849 Melehisedecum
3439 3796 3521 3851 vel
3542 3811 3574 3851 e
3598 3811 3678 3852 ea

2127 3881 2339 3937 lestium
2385 3898 2648 3951 numero,
2677 3884 2763 3939 vel
2807 3884 2943 3940 alius
2980 3885 3359 3957 cujuscumque
3401 3887 3501 3943 loci
3546 3903 3665 3946 esse

2123 3972 2343 4027 audiant
2380 3972 2527 4029 illum
2571 3988 2710 4045 genu
2748 3973 2965 4032 ﬂectere
2998 3976 3212 4031 Christo
3235 3976 3363 4047 ,qai
3401 3976 3678 4036 inearnata

2125 4073 2208 4120 est
2233 4080 2305 4120 ex
2342 4065 2563 4135 Deipara
2603 4065 2786 4121 Maria.
2814 4067 2902 4122 Ait
2927 4068 3067 4124 enim
3084 4068 3395 4138 Apostolus:
3420 4067 3537 4139 lpsi
3558 4087 3678 4127 omni

2124 4173 2254 4227 genu
2283 4158 2527 4227 ﬂectetur,
2542 4165 2646 4213 etc.
2676 4156 2932 4231 (Philipp.
2957 4159 3013 4213 2.
3039 4158 3150 4230 i0).
3174 4159 3229 4215 Si
3260 4175 3418 4215 omne
3446 4176 3582 4231 genu
3612 4142 3678 4217 ﬂe

2124 4250 2306 4317 ctitur,
2341 4265 2471 4307 sane
2496 4249 2851 4307 Melchisedec
2878 4252 3089 4307 Christo
3118 4252 3293 4307 minor
3314 4251 3490 4320 fuerit,
3517 4252 3678 4309 adora

2126 4342 2267 4395 enim
2298 4341 2588 4397 Christum.
2618 4342 2673 4397 Si
2703 4341 2940 4398 infelices
2968 4342 3043 4397 illi
3071 4357 3134 4397 ac
3162 4344 3341 4398 miseri
3375 4358 3436 4398 ea
3462 4360 3581 4414 qua:
3616 4360 3678 4399 se

2126 4441 2360 4500 qnuntur
2377 4432 2743 4499 considerent;
2763 4447 2886 4487 nam
2914 4432 3199 4503 subjungit,
3225 4432 3541 4488 Assimilattts
3565 4432 3678 4490 Filii

2125 4525 2221 4579 Dei
2237 4523 2427 4600 .(llebr.
2450 4526 2501 4579 7.
2526 4526 2584 4597 3)
2608 4543 2620 4579 :
2646 4524 2717 4580 ita
2740 4524 3264 4595 intelligendumest,
3293 4525 3460 4594 ipsum
3486 4539 3677 4594 nempe

2125 4615 2349 4687 perinde
2374 4626 2533 4687 atque
2561 4630 2678 4683 nos,
2697 4616 2763 4671 ad
2794 4616 3075 4687 imaginem
3104 4625 3156 4670 et
3179 4614 3577 4670 similitudinem
3611 4617 3678 4671 De

2125 4707 2323 4763 factum
2353 4708 2533 4763 fuisse.
2560 4707 2728 4763 Judaei
2772 4721 2933 4777 porro
2956 4706 3139 4761 dicunt
3173 4706 3345 4776 ipsum
3372 4721 3436 4761 ex
3477 4707 3678 4761 fornice

2126 4800 2274 4855 tione
2300 4810 2482 4855 natum
2511 4814 2631 4856 esse
2672 4800 2743 4872 (c)
2769 4841 2791 4868 ,
2816 4799 3041 4870 ideoque
3069 4800 3185 4855 sine
3206 4799 3505 4871 genealogia
3536 4815 3677 4856 esse.

2126 4893 2317 4962 quibus
2342 4908 2441 4948 nos
2468 4892 2707 4948 dicemus
2730 4932 2745 4957 ,
2774 4891 2915 4962 quod
2951 4891 3048 4961 ipsi
3080 4907 3358 4962 perperam
3400 4892 3677 4962 loquantur

2127 4984 2336 5041 Etenim
2358 4985 2679 5049 Salomonis,
2707 4984 2797 5055 qui
2822 5000 2892 5039 ex
2921 4984 3161 5040 adultera
3191 4983 3333 5040 Urias
3360 5000 3521 5039 uxore
3545 4997 3678 5040 natus

2191 5098 2264 5159 (η)
2298 5095 2807 5159 ῡείΜειςιιὶεθόεοῑῑίδ,
2831 5107 2955 5158 quos
2969 5104 3306 5159 κάχωιδαψκδς
3330 5104 3468 5146 vocat
3504 5097 3678 5159 Epipha

2191 5122 2264 5159 υι)
2298 5122 2365 5146 uc
2389 5122 2807 5154 εωιιιδσυευιιιδ,
2831 5122 2955 5158 ιιυυδ
2971 5122 3047 5147 ειυς
3071 5122 3306 5155 mutamus
3334 5122 3468 5146 γυναι
3505 5122 3678 5159 ΓεμΙΙΙΙΙᾶθ

2126 5161 2254 5218 nius,
2299 5158 2412 5208 vide
2451 5158 2575 5221 apud
2622 5159 2779 5219 ipsum
2812 5158 2996 5221 haeresi
3039 5122 3120 5215 ἐῢ,
3151 5157 3347 5221 αιηδό,
3371 5172 3428 5220 p..
3451 5159 3538 5208 468
3578 5162 3678 5206 edit

2128 5229 2311 5276 Petam,
2336 5233 2445 5282 qua:
2468 5218 2662 5269 omnino
2678 5232 2785 5282 eum
2811 5218 2886 5282 his
2907 5220 3277 5279 eonsonant;de
3300 5218 3385 5269 illo
3399 5221 3678 5269 etiam’rheo

2126 5281 2603 5357 duretus,’tla:retic.
2636 5281 2797 5329 Fabul.
2839 5281 2871 5329 L
2908 5282 2981 5339 ll,
3021 5295 3063 5329 ο.
3087 5282 3145 5341 6,
3169 5289 3305 5331 Joan.
3349 5289 3548 5330 ttamasc.
3596 5288 3678 5331 Hie

2128 5345 2381 5467 ωῗὶῗὸρυἱ
2404 5403 2598 5453 dicebat
2631 5404 3030 5467 Melchisedecun
3075 5416 3188 5453 esse
3226 5404 3446 5467 Spiritum
3487 5411 3678 5455 sanctum

2130 5465 2452 5576 eraﬁlztierax,
2481 5470 2612 5516 teste
2634 5465 2888 5529 Epiphanio
2923 5466 2974 5514 in
3011 5473 3135 5514 Haec.
3168 5465 3677 5515 Melchisedeeianorum

2130 5587 2146 5593 “
2194 5591 2265 5653 (c)
2296 5588 2425 5649 Quod
2449 5601 2562 5638 mox
2585 5588 2778 5649 dicitur,
2811 5600 2994 5651 nempe
3024 5587 3223 5638 Judzos
3244 5588 3431 5639 dixisse
3451 5587 3678 5638 Melchise-

2130 5652 2305 5721 decum
2326 5665 2389 5701 ex
2412 5650 2730 5721 fornicatione
2766 5660 2929 5721 natum
2954 5649 3120 5710 fuisse,
3154 5648 3312 5721 refert
3334 5653 3474 5707 etiam
3501 5650 3678 5713 Fpijiha-

2134 5717 2244 5767 nius
2265 5717 2315 5767 in
2339 5713 2519 5764 llmresi
2540 5711 3075 5764 stclchisedccianorum
3093 5727 3141 5777 ιι.
3168 5712 3273 5762 473.
