1862 3136
191 126 240 153 26!
581 120 610 148 S.
631 119 773 148 JOANNIS
793 118 1036 147 CHRYSOSTOMI
1056 117 1216 144 AllClllEP.
1238 116 1511 145 CONS'lANTlNOP.

188 182 275 214 τάξιν
298 179 502 214 Μελχισεδέκ;
525 178 598 214 Πρὸς
620 177 667 209 οὓς
694 177 819 211 λέγομεν1
850 177 889 202 ὅτι
907 174 983 207 οὗτος
1010 176 1024 201 ὁ
1074 175 1119 201 τὸν
1132 174 1261 209 μέλλοντα
1275 174 1418 208 γεννᾶσθαι
1430 175 1462 200 ὲκ
1476 174 1525 208 τῆς
1536 173 1669 208 παρθένου
1683 173 1790 208 Μαρίας
1805 174 1850 208 Ἰηε

189 224 356 259 Μελχισεδὲκ
380 223 449 258 ἀνὴρ
478 222 580 252 δίκαιος
609 222 713 255 γέγονε,
738 221 784 246 καὶ
805 220 910 254 ἀληθῶς
932 219 1024 245 εἰκόνα
1074 218 1120 243 τὸν
1134 217 1259 251 Χριστὸν,
1275 217 1319 243 τὸν
1337 217 1400 244 Υἱδν
1415 217 1462 243 τοῦ
1480 218 1557 245 Θεοῦ.
1579 217 1627 252 βοᾷ
1646 218 1693 243 καὶ
1708 217 1791 250 λέγει·
1808 218 1850 259 ΣὺῘ

189 268 270 302 ἔφερε
289 267 335 293 τοῦ
356 266 484 301 Χριπτοῦ.
502 264 664 299 Προφητικῷ
680 264 768 290 τοίνυν
786 264 919 297 πνεύματι
935 263 1024 289 κινού-
1072 260 1251 294 ρεὺςεῐςτὸν
1259 261 1350 286 αιῶνα
1358 264 1430 288 κατὰ
1439 261 1495 294 τὴν
1504 260 1850 302 τάξινΜελχισε-δέκοούἠ

191 319 280 345 μενος.
297 310 345 345 τὴν
360 309 506 345 μέλλουσαν
524 309 680 343 προσφορὰν
696 307 765 342 ὑπὲρ
780 307 834 332 τῶν
846 307 929 335 ἐθνῶν
942 315 1025 341 προσ·
1075 305 1124 338 τὴν
1152 303 1265 338 ’Λαρὼν,
1284 304 1331 330 τοῦ
1355 305 1384 330 ὲν
1407 305 1516 339 μόσχοις
1540 306 1586 331 καὶ
1606 305 1703 339 ἄρνασι
1720 303 1850 345 λατρεύονῇ

190 353 349 388 κομίζεσθαι
369 353 477 387 νοήσας.
496 350 570 386 ἄρτῳ
592 351 639 376 καὶ
660 350 723 385 οἴνῳ
744 349 789 376 τὸν
805 349 871 375 Θεὸν
886 349 1021 384 ἐγέραιρε,
1076 349 1152 380 ἀλλὰ,
1171 348 1212 375 Σὺ
1230 349 1325 382 Ιερεὺς
1340 351 1383 381 εἰς
1399 349 1453 376 τὸν
1465 349 1557 376 αἰῶνα
1570 349 1643 376 κατὰ
1658 349 1715 383 τὴν
1730 350 1816 381 τάξιν
1827 348 1850 388 η

193 396 358 431 μιμούμενος
371 395 417 421 τὸν
438 394 565 429 μέλλοντα
583 394 708 428 Χριστόν.
733 392 840 427 Ἐπειδὴ
852 391 899 418 οὖν
920 394 936 427 ἠ
959 394 1022 419 Ἰου-
1076 392 1208 427 χισεδέκ.
1225 393 1298 427 ἄρτῳ
1314 394 1359 419 χαὶ
1373 394 1435 427 οἴνῳ
1449 393 1498 427 τὴν
1511 393 1564 419 τῶν
1579 391 1850 464 προωμιζόντωνἺ

193 440 271 464 δαίων
289 439 431 464 συναγωγὴ
449 438 477 464 ἐν
490 437 565 464 τάξει
578 437 623 463 τοῦ
645 436 749 464 Ἀαρὼν
764 436 857 462 Θυσίαν
871 437 1032 464 προσέφερε¹
1077 436 1163 464 φορὰν
1179 437 1218 464 εις
1228 437 1257 463 τὺ
1269 436 1389 464 διηνεκὲς
1402 436 1555 464 προσάγων.
1569 438 1607 462 Δι’
1623 433 1653 462 οὗ
1667 437 1705 464 τῶ
1718 437 1803 464 Πατοὶ
1816 438 1834 464 ἡ

190 440 271 466 δαίων
289 439 431 473 συναγωγὴ
449 438 477 464 ἐν
490 437 565 470 τάξει
578 437 623 463 τοῦ
645 436 749 471 Ἀαρὼν
764 436 857 462 Θυσίαν
871 437 1032 471 προσέφερέ
1077 436 1163 471 φορὰν
1179 437 1218 467 εις
1228 437 1257 463 τὺ
1269 436 1389 470 διηνεκὲς
1402 436 1555 471 προσάγων.
1569 438 1607 462 Δι’
1623 433 1653 462 οὗ
1667 437 1705 471 τῷ
1718 437 1803 472 Ilotth
1816 438 1834 472 ἡ

193 483 231 517 τῷ
248 483 316 517 Θεῷ.
331 483 380 508 οὐκ
398 483 479 516 ἄρτον
493 482 539 507 καὶ
551 478 631 511 οἶνον,
645 480 711 506 ἀλλὰ
724 480 839 514 μόσχους
853 480 899 506 καὶ
910 480 1021 514 ἁμνοὺς,
1078 480 1125 506 σὺν
1149 479 1186 515 τῷ
1203 480 1327 514 παναγῐῳ
1345 480 1493 514 Πνεῦματι,
1514 480 1561 506 νῦν
1584 480 1629 506 καὶ
1649 481 1702 511 ἀεὶ,
1725 480 1772 506 καὶ
1793 478 1850 517 είςῆ

192 527 238 553 καὶ
260 525 366 556 Θυσίαις
388 525 421 551 δι’
439 525 553 559 αἵματος
571 523 679 556 ἐδόξαζε
697 524 741 550 τὸν
754 523 830 555 Θεὸν,
849 524 864 549 ὁ
876 523 941 555 Θεὸς
955 523 1023 558 πρὸς
1077 523 1178 555 αἰῶνας
1195 523 1249 550 τῶν
1268 522 1384 550 αἰώνων.
1405 524 1502 559 Ἀμήν.

955 1051 1146 1082 MONITUM

275 1164 331 1193 Hac
345 1164 464 1197 homilia,
479 1162 612 1192 hactenus
626 1163 726 1201 ignota,
743 1165 843 1193 nullam
860 1167 886 1193 in
903 1171 958 1194 toto
973 1167 1156 1202 Chrysostomi
1177 1176 1290 1203 operum
1306 1169 1421 1198 decursu
1439 1172 1652 1206 praestantiorem
1674 1182 1734 1203 esse
1751 1183 1850 1211 compa

239 1225 339 1258 rimus;
355 1225 412 1252 sive
431 1224 590 1260 elegantiam
605 1229 770 1259 spectemus,
785 1225 843 1252 sive
863 1233 963 1253 nervos
977 1231 1005 1253 et
1019 1227 1097 1260 sales,
1114 1227 1171 1254 sive
1186 1227 1238 1254 alia
1255 1235 1346 1254 rerum
1361 1228 1534 1263 documenta,
1554 1239 1614 1266 qua!
1636 1233 1670 1260 ad
1690 1241 1782 1262 mores
1796 1244 1850 1271 per:

239 1285 335 1317 tinent,
354 1284 387 1311 ad
401 1283 611 1311 consuetudines
622 1285 829 1317 ecclesiasticas,
846 1285 1034 1320 praecipueque
1063 1285 1096 1313 ad
1124 1286 1275 1316 historiam.
1294 1287 1403 1315 Annum
1424 1287 1496 1316 enim
1524 1290 1626 1319 indicat
1645 1292 1850 1329 Chrysostomu:

238 1344 338 1371 habita:
356 1342 506 1375 concionis,
519 1342 716 1369 hebdomadam
728 1343 804 1374 item,
818 1350 908 1369 rerum
925 1347 1059 1378 gestarum
1075 1343 1162 1371 vicem
1178 1348 1206 1371 et
1218 1344 1289 1378 dies;
1309 1345 1346 1373 ita
1368 1350 1399 1373 ιιι
1421 1354 1475 1374 non
1499 1354 1582 1382 parva
1604 1349 1669 1378 hinc
1686 1359 1802 1382 eruatur
1829 1363 1850 1384 at

237 1400 321 1427 vitam
337 1399 422 1427 sancti
436 1399 555 1426 doctoris
568 1399 698 1427 accessio.
713 1399 781 1426 Rem
796 1399 832 1426 uti
850 1404 923 1435 gesta
941 1404 983 1426 est
998 1400 1041 1426 hic
1053 1400 1149 1427 ordine
1164 1400 1320 1429 referimus.

272 1458 350 1484 Anno
364 1456 424 1488 399,
441 1460 582 1491 postquam
593 1464 675 1483 unum
689 1456 744 1491 jam
756 1464 856 1483 annum
869 1457 894 1483 in
904 1457 1060 1492 episcopatu
1072 1458 1369 1494 Constantinopolitano
1382 1468 1509 1491 emensus
1523 1468 1580 1492 erat
1592 1464 1818 1501 Chrysostomus,
1835 1477 1850 1494 u

239 1514 298 1550 ipse
308 1515 346 1542 ait
358 1515 438 1547 infra,
455 1515 501 1541 καὶ
514 1515 568 1549 γὰρ
588 1514 709 1541 ἐνιαυτὸν
725 1514 778 1549 ἔχω
792 1513 885 1541 λοιπὸν
899 1515 949 1550 τῆς
965 1524 974 1541 1

1114 1515 1181 1547 ςιὸὰς
1196 1516 1247 1551 τῆς
1260 1516 1405 1553 ὑμετέρας,
1432 1519 1571 1548 ordinatus
1585 1529 1683 1557 nempe
1699 1530 1773 1550 anno
1797 1524 1849 1552 598

235 1577 326 1607 atque,
345 1578 374 1599 ut
384 1572 422 1599 ait
437 1572 571 1604 Socrates,
585 1573 619 1599 26
634 1572 784 1606 Februarii,
806 1574 871 1601 feria
885 1579 980 1607 quarta
1002 1574 1178 1602 hebdomade
1195 1580 1305 1610 sancue,
1331 1586 1392 1613 qua:
1404 1578 1470 1606 feria
1485 1586 1557 1607 anno
1571 1580 1624 1608 399
1640 1581 1779 1609 incidebat
1798 1581 1830 1609 in
1848 1586 1850 1607 ε

235 1632 346 1667 Aprilis,
366 1633 531 1668 tam‘ingens
546 1633 636 1667 pluvia
649 1633 760 1667 decidit,
776 1638 806 1661 ut
819 1639 908 1661 metus
925 1640 1006 1668 esset,
1022 1643 1055 1663 ne
1066 1636 1122 1671 agri
1139 1636 1357 1671 devastarentur,
1373 1646 1528 1673 messesque
1541 1647 1635 1667 omnes
1654 1639 1681 1667 in
1704 1641 1850 1680 pernicicn

235 1697 354 1720 ruerent.
369 1692 437 1719 llinc
452 1700 555 1727 preces,
570 1693 782 1727 supplicationes
795 1698 820 1720 et
837 1693 977 1725 λιτανεῖαι,
992 1702 1040 1721 seu
1058 1696 1234 1729 praecisione:
1244 1716 1252 1730 ,
1268 1696 1397 1732 episcopo
1411 1697 1480 1725 duce
1494 1702 1522 1725 et
1536 1703 1593 1726 toto
1605 1705 1787 1727 concurrente
1811 1708 1850 1735 pq

235 1752 300 1788 [mlo
316 1752 348 1780 ad
369 1752 517 1780 Ecclesiam
545 1753 729 1787 apostolorum
751 1753 986 1788 Constantinopoli
1011 1754 1224 1782 celeberrimam.
1250 1754 1446 1791 Deprecatores
1470 1757 1584 1784 adhibiti
1609 1762 1672 1785 sunt
1691 1758 1807 1790 Petrus,
1838 1767 1850 1787 ε

239 1811 371 1843 Andreas,
387 1811 432 1845 qui
449 1810 602 1846 Byzantina:
618 1811 745 1839 Ecclesia:
759 1810 886 1839 [undator
905 1811 1067 1846 habebatur,
1089 1812 1188 1841 Paulus
1203 1813 1267 1842 item
1283 1818 1311 1842 et
1325 1812 1484 1842 Timotheus
1498 1815 1531 1843 ad
1557 1815 1714 1851 placandam
1730 1800 1850 1861 Numini

235 1868 302 1895 iram
318 1868 435 1895 invocati
453 1873 525 1896 sunt.
551 1868 614 1896 l’ost
634 1869 692 1896 haec
717 1869 802 1896 imbre
821 1874 956 1902 cessante,
979 1870 1093 1897 necdum
1108 1871 1213 1898 sublata
1229 1871 1384 1904 formidine,
1401 1872 1513 1906 traiecto
1538 1873 1653 1900 navibus
1666 1872 1803 1908 Bosporo,
1831 1881 1850 1900 tm

235 1925 383 1952 Ecclesiam
400 1925 451 1952 SS.
468 1925 539 1953 Petri
557 1930 584 1952 et
597 1925 682 1957 Pauli,
700 1926 725 1953 in
748 1927 871 1961 opposita
897 1928 979 1954 maris
994 1935 1039 1954 ora
1055 1928 1146 1961 sitam,
1162 1936 1223 1956 cum
1235 1929 1362 1965 episcopo
1377 1934 1450 1957 totus
1466 1936 1552 1958 coetus
1575 1932 1702 1959 occurrit.
1715 1931 1774 1959 Hoc
1794 1939 1850 1967 per

234 1980 320 2007 functi
347 1981 469 2016 periculo
496 1980 787 2016 Constantinopolitani
817 1983 948 2017 plerique,

1114 1989 1165 2012 tum
1196 1984 1358 2021 interposita
1387 1986 1447 2019 die,
1480 1987 1544 2022 μιᾶς
1576 1987 1677 2023 μεταξὺ
1703 1989 1849 2025 γενομένη

232 2038 350 2074 ἡμέρας,
368 2046 428 2074 qua:
439 2039 497 2066 dies
511 2043 569 2066 erat
584 2039 651 2066 leris
669 2039 689 2066 V
712 2040 738 2066 in
757 2040 838 2067 Coena
855 2040 971 2073 Domini,
990 2049 1050 2068 cum
1066 2041 1095 2068 in
1118 2041 1266 2070 Parasceve
1289 2043 1344 2071 ludi
1367 2048 1506 2079 equestres
1523 2045 1697 2081 agitarentur,
1722 2051 1850 2076 transacl

232 2099 346 2134 periculi
362 2099 545 2130 immemores,
568 2099 636 2126 nihil
663 2105 790 2127 curantes
815 2100 886 2127 diem
899 2100 970 2127 illaut
984 2108 1099 2133 sacram,
1122 2101 1149 2128 in
1171 2109 1224 2136 qua
1247 2109 1297 2136 pro
1319 2102 1394 2130 orbis
1412 2103 1498 2132 salute
1510 2104 1635 2132 Christus
1657 2105 1731 2132 cruci
1756 2106 1850 2134 amxu

232 2152 294 2185 fuit,
315 2153 348 2181 ad
372 2154 423 2181 hoc
439 2156 622 2190 spectaculum
639 2161 825 2190 accurrerunt,
848 2161 985 2192 totamque
1008 2158 1104 2186 urbem
1127 2158 1272 2186 inconditis
1287 2159 1451 2188 clamoribus
1473 2162 1655 2197 repleverunt,
1675 2163 1789 2192 interim
1815 2165 1848 2192 in

233 2212 400 2246 gemisccnte
415 2213 541 2247 domique
553 2213 664 2240 sedente
675 2213 879 2249 Chrysostomo.
895 2214 988 2249 Neque
1002 2214 1067 2241 satis
1079 2202 1199 2249 habuere
1220 2215 1267 2247 illi,
1286 2216 1358 2251 quod
1379 2216 1450 2244 diem
1469 2222 1590 2246 sanctam
1604 2219 1768 2249 Parasceves
1793 2208 1850 2257 pro

230 2270 302 2297 fanis
316 2265 476 2304 spectaculis
494 2271 735 2305 dehonestassent;
752 2273 795 2299 die
807 2274 886 2300 etiam
906 2274 1076 2308 insequente,
1101 2281 1162 2309 qua:
1177 2279 1235 2302 erat
1250 2274 1399 2303 Sabbatum
1416 2282 1549 2310 sanctum,
1565 2278 1599 2306 ad
1613 2279 1758 2309 theatrales
1773 2282 1850 2312 ludo

231 2336 261 2356 se
276 2329 460 2361 contulerunt,
486 2329 531 2357 ubi
544 2329 696 2357 meretricia
714 2335 791 2358 erant
813 2332 975 2365 spectacula,
988 2339 1047 2366 qua:
1062 2332 1217 2367 singulatim
1236 2337 1264 2360 et
1280 2333 1385 2370 egregie
1398 2335 1519 2372 depingit
1532 2336 1751 2373 Chrysostomus,
1766 2338 1850 2376 inqui

229 2387 450 2424 praevaricatores
478 2386 632 2421 huiusmodi
658 2387 775 2422 graviter
799 2387 946 2420 invehitur,
975 2389 1139 2425 demumque
1155 2389 1182 2416 in
1198 2389 1258 2417 illos
1281 2392 1570 2422 excommunicationis
1590 2396 1757 2423 sententiam
1785 2405 1850 2432 pro

229 2448 346 2475 nuntiat.

266 2504 315 2532 llic
330 2504 505 2539 quaerendum
517 2505 647 2533 incumbit
662 2513 696 2533 an
709 2514 772 2533 vero
787 2511 814 2533 et
831 2514 862 2534 ex
882 2507 973 2534 animo
990 2508 1153 2536 sententiam
1180 2509 1252 2537 illam
1278 2510 1421 2546 protulerit
1445 2511 1665 2547 Chrysostomus,
1686 2521 1719 2540 an
1732 2516 1850 2542 commi

230 2562 320 2589 mntis
337 2561 412 2597 [Ml]
429 2563 515 2590 solum
536 2570 623 2590 more.
645 2563 673 2590 Si
691 2564 772 2591 verba
789 2568 904 2599 spectes,
921 2565 1165 2594 excommunicatio
1185 2566 1230 2594 illa
1242 2574 1272 2595 re
1293 2574 1325 2595 ac
1346 2575 1410 2595 vere
1428 2568 1539 2596 inducta
1552 2569 1684 2597 videatur.
1700 2570 1850 2605 Postquam

231 2620 302 2647 cnim
312 2619 426 2653 dixerat,
447 2620 500 2655 Age
514 2621 652 2649 sectionem
676 2622 829 2658 inferamus,
846 2628 911 2657 etc.,
927 2625 964 2652 ait

1114 2626 1219 2654 σθωσαν
1235 2627 1323 2656 τοίνυν
1346 2628 1372 2655 oi
1389 2627 1515 2663 τοιοῦτοι,
1539 2629 1689 2664 Ejidantttr
1709 2638 1772 2667 ergo
1803 2633 1849 2660 hu

930 2758 1140 2768 -———
