3724 6272
7 228 79 287 BI
866 228 1167 309 'CONTREV
1188 221 1414 283 LUDOS
1448 221 1540 278 ET
1579 218 2355 284 THEATRA.—MON|TUM.

7 359 94 409 est,
119 342 432 413 gmcalngia
466 348 642 394 tamen
671 335 900 392 ducitur.
933 332 1041 389 Sed
1066 330 1317 404 quoniam
1349 327 1568 384 Melchi-

8 439 130 496 stdcc
152 447 315 508 typus
331 445 447 491 crat
469 432 698 498 Domini,
730 439 784 485 et
810 428 1097 498 imaginem
1123 424 1329 481 ferebat
1348 420 1567 487 Christi,

12 526 427 593 quemadmodum
454 534 508 579 et
536 522 699 577 Jonas
722 560 738 587 ,
769 519 889 574 ideo
924 518 1195 587 Scriptura
1223 515 1339 583 ejus
1363 521 1571 583 patrem

8 620 156 681 tacuit,
186 626 245 671 ut
276 618 330 672 in
356 617 469 683 illo,
501 627 767 685 tamquam
797 611 853 667 in
884 610 1131 680 imagine,
1159 607 1453 672 Christum,
1480 603 1570 674 qui

8 727 100 766 rere
136 712 263 766 sine
307 718 455 781 patre
497 717 551 764 et
595 707 711 762 sine
754 703 1063 777 genealogia
1103 700 1567 764 cst,intueamur.

8 803 90 858 lloe
114 802 282 855 etiam
316 801 469 855 nobis
494 798 751 868 objiciunt
791 791 1231 851 Melchisedecitre
1256 808 1267 843 :
1292 788 1428 856 Quid
1467 786 1569 843 sibi

7 895 87 949 ruit
124 908 260 963 ergo
310 893 359 946 id
395 890 533 962 quod
573 890 701 944 dicit
727 889 776 944 ei
824 888 1001 949 Pater,
1047 884 1121 939 Tu
1165 900 1216 938 es
1242 882 1474 938 sacerdos
1517 881 1571 933 in

7 1000 216 1041 ria-imm
245 984 525 1038 secundum
555 982 784 1036 ordinem
813 971 1145 1033 Melchisedec
1174 974 1290 1046 (Ps.
1325 974 1446 1030 109.
1470 972 1570 1042 4)?

7 1078 174 1144 Quibus
219 1075 654 1145 respondemus,
699 1068 1143 1126 Melehisedecum
1194 1066 1362 1119 virum
1408 1063 1569 1118 fuisse

7 1170 167 1238 iustum
190 1208 206 1231 ,
238 1176 299 1221 et
328 1180 452 1221 vere
482 1164 761 1235 imaginem
801 1161 984 1215 tulisse
1024 1159 1241 1213 Christi.
1272 1158 1364 1211 llle
1391 1156 1569 1224 itaque

7 1259 298 1329 prophetico
335 1259 527 1326 Spiritu
569 1252 1044 1320 motus,futuram
1093 1248 1417 1304 oblationem
1474 1260 1570 1314 pro

7 1352 221 1422 gentibus
251 1348 636 1421 proferendam
668 1347 986 1415 intelligens,
1023 1358 1155 1413 pano
1177 1352 1229 1398 et
1257 1342 1379 1396 vino
1405 1342 1568 1394 Deum

3148 225 3256 282 262

1673 327 1977 384 Judazorum
2008 346 2275 402 synagoga
2307 336 2598 389 secundum
2626 334 2866 391 ordinem
2908 338 3133 396 Aaronis
3161 342 3258 396 ho-

1675 419 1832 474 stiam
1859 419 2115 477 offerebat
2141 422 2271 491 Deo,
2293 438 2395 477 non
2427 440 2616 493 panem
2642 435 2696 480 et
2716 427 2918 494 vinum,
2939 431 3032 486 sed
3061 434 3257 491 vitulos

1675 520 1731 566 et
1760 527 1924 580 agnos
1944 553 1958 578 ,
1991 522 2046 568 et
2090 515 2324 570 cruentis
2365 516 2638 572 sacrificiis
2666 519 2890 588 gloriam
2924 523 3033 579 Deo
3060 529 3263 580 refere-

1673 604 1783 671 bat,
1814 607 1952 662 Deus
1977 605 2042 660 ad
2069 623 2189 661 eum
2205 609 2290 677 qui
2314 623 2380 663 ex
2400 609 2605 679 virgine
2627 609 2787 666 Maria
2806 614 3101 670 nasciturus
3118 628 3255 684 erat,

1674 696 1857 752 Jesum
1888 698 2155 753 Christum
2186 698 2376 753 Filium
2420 701 2549 766 Dei,
2576 703 2771 756 clamat
2798 713 2852 758 et
2894 706 3021 760 dicit
3052 726 3067 762 :
3101 708 3176 761 Tu
3207 727 3259 763 es

1670 792 1907 869 sacerdos
1952 792 2005 845 in
2045 802 2288 846 (sternam
2329 796 2602 848 secundum
2635 796 2862 850 ordinem
2896 797 3257 866 Melchisedec;

1661 874 1780 939 'non
1807 883 2100 939 secundum
2145 885 2386 941 ordinem
2432 887 2676 950 Aaronis,
2713 890 2799 957 qui
2826 890 3006 944 vitulis
3028 899 3080 945 et
3110 892 3261 961 agnis

1674 976 1786 1031 Deo
1809 975 2009 1031 cultum
2037 975 2301 1031 referebat
2326 994 2341 1044 ;
2373 978 2487 1042 sed,
2519 977 2594 1031 Tu
2615 995 2665 1031 es
2695 980 2927 1033 sacerdos
2945 982 2995 1034 in
3015 990 3260 1035 azternum

1673 1068 1946 1122 secundum
1972 1069 2198 1123 ordinem
2229 1069 2561 1123 Melchisedec
2584 1112 2598 1135 ,
2628 1086 2763 1140 pane
2793 1080 2846 1127 et
2876 1073 2997 1127 vino
3036 1074 3262 1129 afferen-

1675 1161 1803 1217 tium
1834 1176 2020 1219 eorum
2044 1169 2294 1232 perpetua
2325 1177 2543 1217 munera
2570 1162 2677 1217 Deo
2701 1161 2949 1218 oﬂ'erens.
2972 1165 3075 1219 Per
3102 1181 3260 1234 quem

1674 1256 1819 1310 Patri
1846 1257 2011 1325 gloria
2035 1270 2155 1310 cum
2178 1257 2516 1310 sanctissimo
2542 1256 2761 1326 Spiritu,
2789 1275 2928 1313 nunc
2948 1269 3001 1314 et
3025 1276 3257 1331 semper,

1675 1356 1728 1402 et
1758 1348 1809 1401 in
1840 1348 2031 1402 smcula
2062 1348 2400 1402 sceculorum.
2426 1348 2619 1403 Amen.

7 1442 156 1507 Doluit,
191 1440 476 1498 Christum
505 1450 785 1496 venturum
825 1438 1079 1493 imitatus.
1109 1435 1372 1505 Quoniam
1410 1434 1571 1505 igitur

1060 2040 1104 2098 Α
1121 2042 1165 2099 ι)
1190 2064 1198 2073 -
1225 2018 1655 2102 nos-uuam
1677 2038 2174 2114 SEQUENTEM.

8 2278 217 2347 jasmodi
238 2277 510 2341 homines;
552 2284 611 2329 ut
639 2283 819 2329 autem
863 2272 1123 2342 probetur
1160 2271 1337 2341 ipsum
1368 2286 1433 2325 ex
1470 2269 1655 2325 animo
1686 2278 1742 2325 et
1787 2269 1998 2324 sincere
2029 2268 2144 2323 haec
2167 2267 2416 2333 edixisse,
2447 2269 2633 2339 paucis
2677 2268 2970 2339 interjectis
3000 2269 3078 2324 sic
3114 2270 3189 2325 ait
3219 2285 3234 2323 :

13 2395 58 2449 Si
98 2414 213 2449 vero
268 2394 644 2465 perhorruistis
698 2393 832 2446 hanc
888 2392 1159 2445 audientes
1203 2390 1517 2444 sententiam
1574 2389 1741 2461 (video
1788 2404 2012 2459 namque
2076 2404 2251 2443 omnes
2302 2388 2690 2459 ingemiscentes
2740 2398 2788 2443 et
2842 2388 3232 2460 compunctos),

8 2521 330 2587 resipiscam,
385 2527 435 2572 et
484 2517 741 2571 sententia
791 2514 963 2569 soluta
1018 2523 1112 2578 est,
1157 2511 1478 2582 μεταδαλλές

1772 2510 1835 2564 :a‘t
1871 2510 2085 2563 λέλυται
2113 2509 2181 2563 τὰ
2212 2510 2311 2580 τῆς
2359 2509 2705 2578 ἀποφάσεως.
2742 2507 2874 2575 Quae
2914 2509 3078 2563 verba
3112 2523 3242 2564 sen-

8 2634 216 2688 tentiam
242 2646 375 2686 vere
406 2634 673 2701 prolatam
703 2643 814 2698 prae
845 2641 903 2680 se
937 2623 1079 2679 ferre
1104 2623 1378 2677 videntur.
1422 2621 1491 2675 At
1550 2630 1681 2690 puto
1714 2621 1827 2676 haec
1876 2628 2087 2674 tantum
2114 2621 2478 2676 comminamli
2506 2621 2690 2676 animo
2718 2622 2787 2676 ab
2828 2622 3070 2677 antistite
3097 2622 3243 2678 dicta

12 2747 181 2811 fuisse,
212 2763 326 2802 nec
352 2746 458 2802 nisi
505 2761 688 2816 parem
732 2743 786 2797 in
815 2741 1026 2813 culpam
1061 2741 1243 2795 denuo
1268 2738 1447 2808 lapsos
1480 2752 1593 2803 eos,
1645 2736 1737 2807 qui
1773 2736 1839 2792 ad
1875 2737 2181 2807 spectacula
2217 2744 2586 2803 accnrrerant,
2620 2720 3232 2793 excommunicationem

14 2864 175 2917 subire
206 2863 474 2918 voluisse.

65 2976 221 3031 Aliud
258 2976 656 3048 explorandum
694 2975 1038 3048 proponitur,
1087 2988 1195 3045 quo
1224 2986 1421 3041 nempe
1458 2971 1544 3027 die
1591 2971 1740 3026 hanc
1793 2969 2114 3026 concionem
2145 2969 2399 3025 habuerit
2447 2969 2863 3040 Chrysostomus
2898 2987 2911 3023 :
2963 2984 3051 3025 res
3094 2972 3242 3041 enim

8 3090 315 3146 dilIicultate
347 3107 459 3146 non
516 3105 709 3146 vacare
740 3090 967 3145 videtur.
1015 3089 1077 3143 lu
1118 3090 1221 3142 hac
1249 3088 1476 3142 concion

1763 3094 1803 3154 t,
1856 3084 1961 3157 πρὸ
2007 3084 2176 3155 τριῶν
2227 3084 2448 3155 ἡμερῶν
2495 3085 2790 3155 ἐπομϐρίαι,
2821 3094 2945 3139 ante
2981 3094 3084 3140 tres
3121 3084 3231 3140 dies

8 3203 161 3257 imber
188 3206 401 3274 ingens.
441 3203 621 3257 Imber
643 3211 825 3257 autem
855 3201 943 3257 ille
967 3199 1166 3256 decidit
1215 3199 1349 3254 feria
1398 3207 1588 3268 quarta
1620 3196 1985 3253 Hebdomadis
2033 3206 2256 3264 sanetae,
2313 3197 2503 3267 quinta
2554 3197 2688 3251 feria
2732 3198 2785 3251 in
2822 3196 2989 3254 Coena
3032 3199 3247 3255 Domini

11 3321 130 3373 nihil
179 3328 527 3374 memoratur
590 3316 870 3383 incidisse,
898 3317 954 3371 in
981 3316 1279 3373 Parasceve
1319 3316 1429 3371 ludi
1466 3324 1748 3387 equestres
1800 3315 2002 3370 multos
2049 3321 2386 3381 averterunt,
2433 3312 2668 3369 Sabbato
2711 3313 2871 3370 iidem
2909 3315 3248 3373 theatrorum

14 3434 310 3502 spectacula
342 3433 624 3487 adierunt.
658 3430 795 3486 Hinc
814 3448 943 3499 vero
964 3433 1117 3503 sequi
1147 3433 1363 3488 videtur
1385 3434 1527 3487 hanc
1549 3432 1835 3488 Homiliam
1861 3432 1979 3502 ipso
1998 3431 2087 3486 die
2116 3437 2304 3485 sancto
2339 3428 2561 3484 Pascha:
2592 3429 2829 3483 habitam
2855 3427 3057 3496 fuisse;
3106 3429 3251 3486 inter

14 3566 155 3619 quem
184 3561 244 3605 et
271 3550 469 3603 feriam
494 3556 743 3618 quartam
770 3549 1172 3619 praecedentem
1195 3558 1339 3603 retro
1369 3549 1727 3615 numerando,
1778 3557 1889 3603 tres
1916 3547 2328 3602 intercedebant
2366 3546 2481 3601 dies
2506 3546 2652 3617 pleni
2690 3555 2745 3602 et
2782 3548 2997 3621 integri,
3042 3547 3219 3603 Sabba
3245 3582 3253 3591 ι

15 3676 133 3730 tum,
158 3666 474 3720 Parasceve
504 3674 559 3719 et
584 3666 717 3719 feria
751 3666 959 3735 quinta.
986 3664 1091 3720 Sed
1130 3665 1174 3720 si
1206 3666 1291 3720 die
1319 3666 1537 3721 Paschae
1559 3666 1741 3721 habita
1767 3664 1956 3721 concio
1983 3664 2105 3732 fuit,
2148 3666 2281 3720 cur‘
2321 3679 2389 3719 ne
2437 3663 2666 3719 verbum
2698 3663 2918 3735 quidem
2960 3664 3028 3721 de
3065 3680 3252 3721 resur-

16 3788 242 3838 rectione
278 3784 497 3837 Domini
531 3782 587 3836 in
636 3791 744 3837 tota
782 3781 1000 3836 homilia
1036 3781 1300 3836 habetur?
1344 3782 1477 3836 Nam
1519 3781 1622 3836 etsi
1664 3781 1769 3837 dici
1804 3780 2037 3837 fortasse
2083 3780 2256 3851 possit
2296 3779 2743 3853 Chrysostomum
2789 3781 2879 3836 illa
2914 3781 3020 3847 die,
3071 3790 3130 3836 ut
3167 3754 3253 3835 in?

14 3902 381 3971 thgnationem
409 3915 564 3954 suam
596 3899 648 3953 in
677 3914 788 3964 eos,
820 3898 913 3968 qui
943 3898 1155 3953 theatra
1201 3898 1391 3953 diebus
1419 3897 1620 3952 sanctis
1649 3897 1913 3964 adierant,
1956 3904 2297 3960 exoneraret,
2331 3895 2651 3951 concionem
2685 3896 2957 3963 habuisse,
3006 3897 3252 3977 nihilque

14 4018 139 4072 aliud
179 4019 485 4088 cogitasse,
516 4033 585 4071 an
614 4016 795 4071 decuit
826 4016 881 4070 in
910 4016 998 4071 die
1052 4023 1241 4070 saneto
1283 4016 1503 4071 Paschae
1545 4015 1686 4070 nihil
1733 4014 1957 4069 omnino
1991 4014 2059 4068 de
2113 4021 2261 4068 tanta
2307 4012 2641 4080 celebritate,
2683 4027 2753 4067 ne
2782 4012 3008 4083 carptim
3057 4012 3248 4066 saltem

9 4136 175 4206 loqui?
210 4136 272 4191 Si
305 4150 442 4191 vero
474 4135 531 4189 in
570 4145 885 4204 sequentem
918 4135 1060 4188 diem
1092 4132 1378 4187 IIomiliaxn
1429 4133 1727 4199 mittamus,
1771 4132 1872 4186 alia
1901 4138 2155 4203 exsurget
2200 4129 2487 4185 difﬁcultas
2520 4148 2531 4182 :
2564 4143 2676 4183 non
2727 4126 2871 4182 enim
2901 4136 3012 4182 tres
3038 4136 3247 4182 tantum

12 4258 131 4322 dies,
165 4258 266 4313 sed
312 4268 551 4327 quatuor
582 4256 725 4326 pleni
751 4263 803 4308 et
835 4253 1052 4324 integri,
1086 4253 1458 4317 intercedent;
1514 4268 1702 4308 verum
1747 4252 1976 4307 fortasse
2016 4251 2434 4323 Cbrysostomus
2458 4259 2570 4305 tres
2587 4249 2782 4305 dixerit
2818 4249 2937 4305 dies
2965 4265 3073 4303 non
3116 4264 3249 4318 sup-

13 4376 260 4442 putando,
320 4373 423 4429 sed
452 4372 670 4427 circiter
702 4381 911 4441 tempus
940 4371 1286 4440 assignando,
1336 4369 1479 4439 quod
1512 4370 1655 4441 apud
1687 4370 1860 4439 ipsum
1902 4383 2012 4425 non
2050 4360 2463 4425 insolitum-est.
2496 4365 2652 4433 Rem,
2692 4366 2929 4437 alioquin
2973 4380 3080 4419 non
3117 4365 3249 4419 tanti

7 4490 287 4607 figmenti,
318 4486 547 4542 dubiam
586 4484 960 4553 relinquimus.

64 4691 79 4707 '
112 4706 128 4737 ι
153 4692 294 4739 Hanc
320 4687 673 4737 difﬁcultatem
715 4684 859 4733 facile
902 4681 1141 4745 expedire
1166 4679 1305 4741 licet,
1343 4680 1487 4729 modo
1526 4687 1672 4731 antea
1697 4688 1886 4731 eertum
1911 4679 1993 4741 sit,
2021 4681 2147 4730 hanc
2181 4678 2432 4729 homiliam
2477 4677 2691 4728 habitam
2718 4692 2830 4727 esse
2857 4678 2936 4727 die
2974 4678 3247 4728 Paschalis.

10 4773 85 4826 Uti
116 4782 250 4827 enim
281 4779 674 4836 Chrysostomus
709 4773 970 4835 presbyter
995 4768 1252 4820 multoties
1278 4777 1386 4830 post
1410 4767 1695 4830 episcopum
1740 4775 1794 4818 et
1830 4770 1951 4819 alios
1973 4768 2149 4817 eodem
2168 4769 2252 4814 die
2281 4779 2338 4815 ac
2360 4764 2591 4815 continuo
2613 4762 2661 4812 in
2689 4763 2900 4813 ecclesia
2936 4764 3109 4811 habuit
3132 4776 3252 4811 con-

8 4876 202 4923 cionem,
231 4863 284 4910 id
308 4860 448 4922 quod
476 4871 537 4907 ex
564 4861 673 4919 ejus
705 4840 1016 4905 sermonibus
1042 4860 1243 4916 apparet
1267 4868 1277 4901 :
1303 4854 1371 4901 ita
1402 4854 1493 4901 hoc
1516 4850 1666 4900 etiam
1688 4853 1771 4901 die
1792 4853 1920 4901 alius
1939 4859 2051 4912 post
2077 4863 2190 4899 eum
2213 4846 2519 4911 episcopum,
2539 4851 2643 4897 sive
2671 4849 2949 4910 presbyter,
2978 4851 3082 4897 sive
3105 4847 3252 4907 alius,

8 4949 266 4997 arationem
313 4949 385 4996 de
426 4942 613 4994 Pascha
638 4940 821 4989 habere
847 4940 1029 5000 potuit,
1058 4944 1313 4999 postquam
1352 4941 1459 4997 ipse
1483 4935 1699 4997 graviter
1722 4940 1893 4983 contra
1934 4934 2209 4995 spectacula
2236 4937 2288 4979 et
2328 4932 2517 4980 theatra
2544 4930 2857 4993 disputasset.
2897 4932 3068 4981 Habeo
3088 4929 3143 4980 in
3163 4930 3257 4980 ba;

8 5040 53 5079 re
76 5030 499 5080 consentientem
529 5028 690 5086 ipsum
715 5018 1157 5070 Montet'aiconium.
1184 5016 1310 5066 Vide
1336 5024 1451 5065 tom.
1478 5017 1537 5075 V,
1564 5031 1611 5078 p.
1640 5016 1746 5075 118,
1772 5014 1911 5064 not.b
1944 5050 1957 5063 .
1985 5030 2004 5061 ι
2032 5014 2148 5063 Haec
2181 5013 2265 5064 Ch.
2293 5014 2373 5063 Fr.
2408 5012 2619 5062 Matthari
2657 5015 2703 5062 in
2730 5013 2856 5063 libro
2887 5014 2971 5076 qui
2996 5016 3256 5076 inscriptus

8 5119 97 5160 est;
122 5115 178 5161 ι.
206 5107 557 5176 Chrysostomi
582 5101 811 5158 Homilies
830 5102 912 5166 IV,
936 5103 1033 5154 vol.
1060 5102 1106 5165 2,
1130 5114 1178 5166 p.
1203 5101 1280 5165 77,
1311 5101 1529 5163 Misenae,
1565 5101 1697 5150 1792.
1728 5097 1915 5160 Quibus
1935 5098 2058 5148 adde
2081 5097 2247 5148 Menti.
2280 5097 2422 5149 Praef.
2450 5095 2568 5148 torni
2590 5098 2755 5161 hujus,
2782 5098 2900 5163 ω,
2923 5101 3248 5161 eumdemun

8 5206 105 5251 tan.
134 5199 247 5264 xu,
273 5214 333 5263 p.
356 5198 472 5256 3-21.
3096 5198 3101 5201 ν
