3724 6272
358 314 458 370 ‘26?

357 449 538 489 ramus
558 476 574 502 ,
621 435 994 506 perturbamur
1022 454 1036 492 :
1069 447 1124 495 tu
1168 455 1296 495 vero
1336 455 1566 511 superne
1597 441 1824 509 sedens,
1854 439 1942 496 tibi

357 539 560 586 tantum
600 532 768 587 estad
793 533 1167 604 turpitudinem
1201 535 1622 602 incitamentum,
1656 534 1808 596 vides
1829 551 1944 597 mu~

359 623 541 678 Iiercm
563 623 637 697 (a)
668 625 810 680 nudo
829 626 1003 701 capite
1026 642 1146 682 cum
1178 627 1503 698 impudentia
1531 642 1720 697 magna
1741 629 1945 688 intran-

359 726 463 772 tem
491 759 506 784 ,
538 718 715 773 aureis
769 717 1006 776 indutam
1049 719 1400 782 vestimentis,
1432 718 1661 774 delicato
1690 719 1943 789 mollique

355 823 505 884 gestu
534 812 1014 880 utentem,cantica
1045 811 1341 868 meretricia
1381 819 1684 878 canentem,
1706 812 1940 866 carmina

367 906 592 974 lubrica,
623 905 792 975 turpia
839 904 1000 960 verba
1046 903 1428 974 proferentem,
1462 914 1676 974 tamque
1719 905 1943 973 turpiter

357 1009 638 1071 agentem,
686 1013 843 1068 quam
888 1006 945 1053 tu
992 1006 1144 1068 potes
1170 997 1260 1068 qui
1306 995 1452 1051 vides
1479 996 1530 1050 in
1561 1005 1740 1052 mente
1765 996 1944 1051 conci-.-

361 1105 508 1160 pere,
544 1098 598 1144 tu
641 1097 695 1144 te
725 1089 946 1143 inclinas
977 1097 1034 1142 ut
1081 1088 1334 1157 respicias
1357 1128 1371 1152 ,
1401 1096 1455 1142 et
1496 1086 1660 1147 audes
1686 1086 1863 1142 dicere
1893 1096 1942 1146 te

357 1181 491 1238 nihil
522 1181 810 1240 humanum
836 1181 984 1250 pati?
1013 1180 1148 1236 Nunt
1188 1195 1384 1251 corpus
1427 1188 1574 1234 tuum
1604 1180 1768 1250 lapis,
1817 1195 1940 1232 num

356 1277 555 1332 ferrum
578 1275 700 1331 est?
741 1274 926 1345 Neque
968 1276 1109 1328 enim
1140 1272 1326 1329 eadem
1373 1283 1616 1344 repetere
1659 1273 1936 1343 gravabor.

359 1366 622 1438 Numquid
655 1375 708 1420 tu
750 1365 952 1436 majore
981 1364 1313 1434 phil050phia
1342 1364 1630 1420 instruetus
1659 1378 1718 1418 es
1744 1404 1758 1430 ,
1781 1377 1940 1432 quam

357 1461 534 1536 magni
560 1460 634 1515 illi
663 1474 725 1516 ac
753 1460 956 1514 strenui
980 1458 1098 1520 viri,
1119 1458 1206 1528 qui
1233 1472 1324 1528 per
1345 1456 1641 1526 simplicem
1666 1466 1939 1524 aspectum

357 1553 610 1625 prostrati
635 1553 800 1612 sunt?
838 1555 1025 1607 Annon
1050 1549 1241 1610 audisti
1273 1550 1612 1606 Salomonem
1638 1549 1898 1604 dicentem
1925 1564 1940 1606 :

361 1645 669 1700 Ambulubit
705 1647 819 1714 quis
853 1660 1009 1713 super
1052 1644 1306 1697 carbones
1349 1641 1519 1712 ignis,
1559 1649 1609 1696 et
1643 1638 1798 1710 pedes
1837 1654 1941 1697 nou

354 1739 664 1794 "canthum?
693 1737 902 1808 Ligabit
936 1739 1053 1808 quis
1085 1737 1258 1808 ignem
1290 1735 1346 1789 in
1380 1735 1524 1798 sinu,
1556 1742 1606 1788 et
1635 1734 1943 1794 vestimenta

355 1850 462 1892 non
497 1831 774 1888 incendet?
810 1828 901 1886 Sic
941 1831 1030 1902 qui
1068 1828 1364 1900 ingreditur
1397 1828 1466 1882 ad
1503 1828 1776 1882 mulierem
1814 1824 1944 1880 alie—

354 1943 480 1982 nam
514 1924 698 2002 (Prov.
725 1926 782 1980 6.
816 1925 910 1980 28.
937 1924 1026 1980 27.
1062 1933 1112 1978 et
1143 1923 1256 1994 29).
1291 1921 1409 1979 Etsi
1433 1921 1578 1984 enim
1603 1937 1730 1976 cum
1762 1933 1944 1982 mere-.-

357 2014 490 2070 trice
525 2029 630 2068 non
663 2013 891 2074 coivisti,
923 2021 973 2064 at
999 2010 1436 2080 concupiscentia
1461 2024 1582 2063 cum
1610 2012 1692 2064 illa
1720 2011 1941 2079 Copula-

353 2117 440 2164 tus
469 2121 528 2162 es
549 2147 563 2173 ,
590 2115 642 2162 et
670 2105 847 2162 animo
870 2109 1142 2173 peccatum
1170 2102 1505 2172 perpetrasti.
1525 2100 1709 2171 Neque
1737 2110 1940 2162 tantum

362 2200 454 2256 illo
480 2208 751 2269 tempore,
777 2211 961 2252 verum
990 2194 1150 2250 etiam
1195 2195 1370 2248 soluto
1401 2191 1635 2258 theatro,
1663 2201 1942 2263 postquam

361 2293 446 2346 illa
475 2289 739 2354 discessit,
770 2288 888 2356 ejus
929 2287 1103 2355 imago
1135 2286 1187 2340 in
1232 2292 1410 2342 mente
1440 2292 1527 2338 tua
1572 2282 1786 2349 insidet,
1823 2299 1940 2338 ver-

363 2385 448 2448 ba,
483 2381 714 2445 habitus,
744 2387 1014 2450 aspectus,
1043 2379 1283 2431 incessus
1305 2417 1320 2441 ,
1353 2375 1614 2446 elegantia
1645 2374 1740 2445 (Ii),
1770 2390 1942 2429 mem.

361 2477 450 2530 lira
475 2472 777 2529 meretricia
817 2469 895 2542 (c)
926 2485 940 2532 ;
974 2483 1038 2523 ac
1057 2465 1328 2524 sexcentis
1365 2465 1598 2536 acceptis
1625 2465 1940 2521 vulneribus

357 2564 608 2621 discedis.
641 2565 831 2618 Annon
863 2559 986 2615 inde
1005 2558 1284 2614 domorum
1321 2555 1735 2614 subversiones?
1761 2571 1939 2612 annon

358 2658 482 2714 inde
511 2654 852 2710 continentiae
878 2649 1181 2723 pernicies?
1203 2662 1380 2703 annon
1408 2646 1531 2702 inde
1555 2645 1942 2706 connubiorum

361 2747 582 2804 divortia
608 2745 629 2799 ?
661 2760 839 2800 annon
867 2742 990 2798 inde
1017 2741 1137 2796 lites
1161 2747 1218 2796 et
1235 2738 1409 2810 jurgia
1429 2738 1453 2794 ?
1473 2753 1650 2793 annon
1678 2737 1802 2793 inde
1829 2752 1946 2792 mo-

366 2840 524 2894 lestia:
551 2845 606 2893 ct
651 2835 805 2890 taedia
854 2834 994 2888 nulla
1022 2834 1230 2888 ratione
1270 2829 1449 2886 fulta?
1483 2829 1770 2901 Postquam
1798 2829 1940 2885 enim

361 2935 444 2994 illa
469 2932 706 3004 repletus
731 2927 937 2984 rediisti
965 2926 1224 2996 captivus,
1255 2923 1349 2980 tibi
1375 2938 1509 2980 uxor
1529 2921 1864 2993 injucundior
1889 2932 1944 2978 et

358 3024 650 3082 deformior
675 3020 904 3082 videtur,
945 3026 998 3074 et
1025 3016 1179 3072 liberi
1215 3015 1651 3088 importuniorcs,
1682 3023 1735 3071 et
1761 3013 1942 3070 famuli

355 3117 592 3183 onerosi,
618 3115 808 3170 domus
828 3111 1042 3168 fastidio
1067 3119 1170 3175 est,
1197 3108 1472 3180 solitaque
1500 3121 1640 3162 cura:
1663 3109 1730 3162 ad
1753 3105 1941 3162 dome-

355 3212 487 3267 stica
531 3207 941 3275 necessarioque
984 3201 1194 3274 negotia
1243 3198 1474 3272 gerenda
1524 3197 1765 3256 molesta:
1811 3214 1825 3251 :
1879 3211 1942 3254 ac

360 3301 597 3375 quisquis
631 3298 837 3354 accedit
864 3295 1016 3352 oneri
1049 3293 1141 3349 tibi
1170 3301 1329 3363 atque
1372 3291 1705 3361 importunus
1731 3297 1832 3345 est.

425 3397 480 3452 5.
507 3394 558 3448 In
590 3407 750 3448 causa
779 3399 958 3446 autem
989 3387 1115 3442 illud
1150 3393 1252 3451 est,
1272 3384 1412 3455 quod
1440 3397 1544 3439 non
1566 3383 1710 3440 solus
1725 3381 1942 3443 domum

358 3486 547 3544 redeas
573 3525 588 3550 ,
617 3483 711 3540 sed
755 3479 1091 3538 meretricem
1124 3485 1296 3532 tecum
1348 3475 1513 3530 ducas
1555 3491 1568 3528 :
1602 3488 1706 3530 non
1731 3473 1939 3544 palam,

360 3595 463 3640 non
503 3586 730 3649 aperte;
762 3573 814 3628 id
863 3573 1005 3646 quod
1053 3584 1182 3624 sane
1231 3567 1560 3626 tolerabilius
1603 3575 1784 3630 esset;
1819 3581 1941 3621 nam

356 3686 491 3727 uxor
519 3669 660 3727 illam
680 3666 787 3722 cito
803 3663 1094 3734 depelleret
1120 3678 1133 3714 :
1165 3659 1260 3716 sed
1283 3659 1334 3714 in
1361 3659 1559 3726 animo,
1587 3659 1639 3714 in
1661 3657 1940 3714 conscien-

355 3767 426 3820 tia
446 3761 786 3824 insidentem,
814 3766 868 3812 et
895 3747 1273 3826 Babylonicam
1298 3751 1567 3814 flammant
1597 3752 1738 3807 intus
1755 3767 1943 3808 accena

353 3857 607 3919 dentem;
649 3852 756 3914 imo
797 3849 1098 3922 graviorem
1127 3864 1139 3899 :
1174 3861 1280 3901 non
1316 3843 1461 3901 enim
1490 3853 1643 3916 stupa
1663 3886 1677 3911 ,
1709 3844 1941 3915 naphtha

352 3961 406 4005 et
432 3948 542 4020 pix,
573 3945 666 4002 scd
697 3958 816 4021 quae
844 3955 1005 4011 supra
1033 3937 1286 4003 diximus,
1310 3950 1432 3994 esca
1463 3935 1606 3992 illius
1634 3936 1771 4008 ignis
1793 3931 1964 4002 sunt,

353 4051 408 4098 ct
432 4037 612 4095 omnia
639 4049 732 4092 sus
760 4033 932 4104 deque
957 4037 1191 4087 vertunt.
1216 4031 1294 4084 Ac
1319 4028 1765 4100 quemadmodum
1798 4027 1830 4082 ii
1852 4028 1938 4098 qui

352 4135 484 4192 febri
513 4131 780 4198 laborant,
807 4127 907 4184 etsi
929 4125 1130 4181 nullam
1152 4139 1244 4180 eos
1265 4123 1353 4194 qui
1382 4123 1484 4178 sibi
1511 4123 1821 4178 ministrant
1838 4123 1942 4180 cri-

353 4225 589 4284 minandi
631 4237 847 4284 causam
897 4219 1165 4284 habeant,
1197 4217 1266 4272 oh
1306 4215 1476 4274 morbi
1506 4216 1612 4270 vim
1652 4216 1942 4292 importuni

353 4319 605 4376 omnibus
634 4322 758 4374 sunt
783 4355 796 4376 ,
826 4311 1078 4366 alimenta
1101 4308 1390 4378 repellunt,
1419 4306 1656 4364 medicos
1688 4307 1826 4363 male
1847 4322 1937 4361 ac-

355 4411 561 4486 cipiunt
591 4405 695 4481 (d),
727 4401 1072 4480 familiaribus
1116 4400 1452 4463 irascuntur,
1495 4407 1678 4452 contra
1716 4399 1940 4452 famulos

354 4505 504 4562 rabie
535 4503 813 4558 feruntur:
845 4496 922 4552 sic
951 4493 1040 4566 qui
1083 4492 1185 4551 hoc
1227 4490 1376 4561 gravi
1419 4489 1608 4544 morbo
1645 4497 1892 4544 tenentur
1921 4529 1936 4555 ,

351 4593 582 4665 inquieti
607 4603 752 4653 sunt,
790 4589 1164 4659 indignantur,
1196 4598 1414 4653 semper
1441 4582 1584 4636 illam
1621 4595 1735 4651 prae
1762 4579 1941 4636 oculis

354 4688 637 4744 habentes.
681 4681 725 4738 Ο
768 4697 855 4736 res
899 4677 1332 4751 indignissimos!
1377 4675 1581 4744 Lupus,
1624 4673 1732 4738 leo,
1779 4681 1942 4728 caste-

353 4795 538 4850 racque
582 4777 712 4832 fera:
757 4773 966 4845 sagittis
1010 4770 1271 4842 impetitze
1319 4767 1535 4839 fugiunt
1582 4773 1936 4822 venatorem:

357 4876 522 4928 homo
542 4879 723 4926 autem
747 4867 959 4920 ratione
982 4862 1266 4934 praeditus,
1301 4859 1636 4923 vulneratus,
1673 4872 1793 4911 eam
1817 4872 1944 4926 quae

358 4963 534 5032 ipsum
560 4956 863 5015 vulneravit
881 4954 1145 5022 sequitur,
1171 4951 1242 5006 ita
1266 4960 1327 5005 ut
1355 4950 1511 5020 longe
1535 4947 1748 5018 gravius
1773 4948 1944 5002 telum

314 5061 321 5076 '
359 5051 610 5121 excipiat,
641 5048 771 5103 etin
794 5047 1019 5101 vulnere
1050 5044 1151 5100 sibi
1180 5043 1418 5114 placeat;
1440 5041 1581 5110 quod
1598 5040 1942 5095 estomnium

362 5141 794 5204 acerbissimum,
820 5137 1182 5205 morbttmque
1208 5132 1560 5188 insanabilem
1594 5129 1775 5185 efficit.
1807 5130 1940 5184 Nam

417 5300 496 5362 ta)
529 5297 585 5348 In
607 5303 788 5362 ακρῳ,
812 5305 959 5362 δέρην,
979 5289 1072 5362 hoc
1096 5292 1188 5343 est,
1215 5283 1643 5362 meretﬁcem._§ie‘
1653 5280 1938 5362 theatrales

355 5345 787 5425 reginasappellat
811 5345 1194 5405 Clirvsostomus.
1215 5354 1341 5405 Mox,
1363 5345 1495 5394 nudo
1516 5345 1705 5408 capite;
1729 5347 1778 5394 id
1803 5349 1935 5397 cuitu

355 5424 395 5464 nl
403 5427 461 5464 im
489 5423 768 5464 indecorum
784 5403 1073 5464 habebatur.

351 5416 463 5475 olim
488 5416 768 5473 indecorum
784 5416 1073 5467 habebatur.
1753 5467 1763 5475 .

392 5485 492 5549 ω)
518 5485 572 5535 In
593 5490 781 5549 Graeca...
796 5491 817 5531 δ
839 5489 986 5549 eam
1002 5487 1027 5536 ἡ
1049 5467 1810 5549 Mamre/thus:suam.
1825 5485 1935 5521 me

353 5530 606 5611 νιιῇἶῖιᾷᾢ
615 5610 619 5611 ν
630 5530 930 5606 intelligatur
953 5530 1027 5587 de.
1042 5530 1204 5611 cantu,
1229 5530 1711 5611 si‘vedeAsa‘ltatiop‘e.

415 5595 670 5671 (avrem
703 5595 881 5671 Graia,
928 5613 1017 5664 μίλη
1061 5609 1229 5662 ιορνυιά,
1259 5595 1378 5644 licet
1413 5595 1559 5643 etiam
1601 5596 1930 5656 interpretari,
2007 5609 2016 5621 ι

354 5667 636 5721 meretricia:
659 5667 915 5718 muliones.

413 5716 512 5794 Id)"
531 5716 829 5794 armis,
865 5737 1084 5794 ,εαίζοντις,
1109 5735 1219 5788 quae
1263 5733 1362 5772 vox
1403 5717 1582 5770 melius
1615 5716 1928 5779 redderetur,

356 5791 595 5854 accusitnt,
616 5791 986 5856 reprehendunt.

1034 325 1089 381 S.
1132 324 1409 383 JOANNIS
1445 325 1922 392 CHRYSOSTOMI
1959 328 2278 391 ARCIIIEP.
2317 322 2853 393 CONSTANTINOP.

3531 324 3632 392 ξ’σὸ

2058 445 2151 515 qui
2181 444 2335 504 ulcus
2353 461 2460 506 non
2489 446 2604 506 odit
2627 490 2642 514 ,
2669 463 2841 517 neque
2863 448 2932 504 ab
2956 464 3020 504 eo
3053 449 3262 506 liberari
3291 450 3440 519 cupit
3457 492 3475 514 ,
3501 464 3632 519 quo.

2051 537 2212 600 modo
2249 538 2511 601 medicum
2540 540 2791 610 quaerat?
2829 540 2951 598 Ideo
2987 542 3173 600 dolore
3217 541 3421 604 afficior
3454 583 3473 609 ,
3519 543 3636 600 ideo

2049 628 2378 693 discrucior.
2412 631 2534 700 quia
2568 629 2711 688 tanta
2749 643 2966 703 accepta
2996 635 3230 702 pernicie
3259 635 3387 694 inde
3407 636 3637 696 discedi-

2055 721 2121 775 tis
2143 761 2157 784 ,
2189 732 2242 775 et
2267 730 2482 807 propter
2508 723 2750 792 exiguam
2781 723 3104 794 voluptatem
3137 733 3456 797 perpetuum
3485 723 3636 786 let-tis

2050 810 2314 870 dolorem.
2347 812 2558 868 Etenim
2598 824 2722 870 ante
2767 815 3067 884 gehennam
3109 827 3164 872 et
3191 819 3510 891 supplicium
3550 820 3637 876 hic

2051 910 2318 962 extremas
2355 920 2385 958 a
2412 905 2562 962 vobis
2586 921 2772 974 poenas
2798 909 3104 976 estposcitis.
3135 911 3327 965 Annon
3374 910 3478 968 hoc
3497 953 3514 978 ,
3550 912 3636 968 die

2053 994 2205 1060 mihi,
2237 1007 2535 1054 extremum
2565 997 2884 1069 supplicium
2911 1010 3012 1065 est,
3048 1001 3205 1056 talem
3247 1004 3635 1075 concupiscen-

2057 1088 2182 1140 tiam
2206 1088 2370 1155 alere,
2401 1099 2658 1159 perpetuo
2682 1091 2759 1144 uri
2787 1132 2802 1155 ,
2830 1101 2886 1148 et
2916 1091 3187 1149 fornacem
3224 1095 3454 1166 absurdi.
3480 1113 3632 1152 amo-

2052 1180 2126 1235 ris
2155 1180 2354 1250 ubique
2398 1181 2746 1237 circumferre
2765 1223 2780 1245 ,
2812 1198 3016 1238 necnon
3044 1187 3388 1242 conscientia:
3417 1204 3638 1244 accusa-

2051 1273 2295 1329 tionem?
2349 1273 2628 1340 Quomodo
2667 1273 2732 1329 ad
2783 1275 2962 1330 limina
3020 1277 3105 1332 illa
3160 1293 3308 1333 sacra
3373 1279 3636 1335 accedes?

2051 1365 2319 1433 quomodo
2347 1375 2530 1437 tanges
2573 1366 2843 1422 etclestem
2893 1374 3174 1423 mensam?
3201 1369 3478 1438 Quomodo
3523 1387 3638 1426 scr-
3680 1408 3686 1416 .

2052 1471 2240 1512 mones
2265 1456 2335 1512 de
2362 1458 2689 1514 continentia
2735 1459 3014 1516 auditurus
3038 1477 3116 1525 es,
3146 1463 3416 1518 ulceribus
3446 1466 3638 1535 plenus

2049 1551 2319 1621 tantisque
2347 1551 2678 1616 vulneribus,
2699 1554 3044 1622 animumque
3071 1554 3273 1610 habens
3297 1555 3419 1612 huic
3444 1560 3638 1613 morbo

2051 1642 2373 1698 servientem
2390 1643 2415 1698 ?
2432 1642 2636 1713 Ecquid
2660 1658 2796 1711 opus
2821 1653 2899 1701 est
2927 1645 3029 1700 alia
3061 1645 3282 1700 dicere?
3313 1646 3394 1702 Ex
3426 1648 3490 1702 iis
3513 1663 3638 1718 qua:

2050 1751 2192 1792 nunc
2218 1735 2359 1806 apud
2401 1751 2501 1792 nos
2530 1747 2758 1808 aguntur
2793 1737 2920 1792 licet
2959 1738 3122 1792 animi
3161 1737 3400 1795 dolorem
3429 1741 3640 1810 perspiv

2048 1845 2193 1886 cere.
2221 1829 2339 1886 Jam
2369 1829 2514 1885 enim
2534 1829 2687 1884 video
2707 1828 2987 1900 quosdam,
3007 1824 3099 1899 qui
3127 1830 3251 1884 dum
3280 1830 3393 1886 ha-e
3423 1832 3636 1901 loquor,

2050 1922 2253 1978 frontes
2282 1923 2381 1977 sibi
2410 1923 2731 1992 percutiunt.
2760 1923 3088 1992 multamque
3115 1923 3263 1978 vobis
3283 1926 3508 1994 gratiam
3540 1925 3638 1979 ιω-

2049 2013 2172 2078 beo,
2203 2014 2342 2084 quod
2367 2014 2593 2084 populus
2621 2014 2738 2070 sitis
2762 2016 3223 2071 connniscratione
3251 2017 3458 2085 plenus.
3498 2017 3637 2073 Puto

2049 2116 2228 2164 autem
2254 2108 2452 2162 multos
2483 2108 2710 2162 fortasse
2738 2122 2922 2162 eorum
2955 2107 3045 2175 qui
3078 2108 3208 2163 nihil
3254 2119 3550 2178 peccarunt
3578 2101 3633 2165 id

2048 2213 2226 2271 agere,
2247 2200 2490 2256 dolentes
2517 2198 2584 2255 de
2603 2198 2826 2255 fratrum
2860 2200 3186 2256 vulneribus.
3221 2200 3505 2270 PrOpterea
3533 2201 3637 2256 do-

2050 2295 2135 2351 leo
2159 2303 2214 2350 ct
2239 2294 2558 2358 discrucior,
2589 2293 2730 2364 quod
2773 2293 2930 2349 talem
2983 2307 3194 2364 gregem
3223 2293 3464 2349 diabolus
3512 2310 3638 2364 pes-

2050 2389 2282 2446 sumdet.
2335 2387 2529 2444 Verum
2558 2387 2602 2441 si
2632 2387 2923 2448 volueritis,
2954 2387 3062 2440 cito
3105 2386 3180 2440 illi
3220 2388 3515 2456 ingressum
3540 2389 3641 2442 ob-

2049 2489 2336 2537 struemus.
2362 2478 2642 2549 Quomodo
2665 2488 2720 2534 et
2742 2493 2845 2548 qua
2869 2478 3115 2532 ratione?
3143 2478 3201 2534 Si
3221 2478 3463 2536 infirmos
3494 2479 3637 2534 bona

2050 2572 2357 2628 valetudine
2381 2587 2502 2627 esse
2530 2572 2844 2626 videamus:
2875 2571 2919 2626 si
2959 2570 3218 2627 doctrinm
3260 2573 3391 2628 retia
3421 2588 3639 2643 expan-

2049 2664 2238 2720 dcntcs
2285 2663 2675 2718 circumeamus
2717 2663 2997 2732 quaesitum
3025 2677 3122 2718 eos
3160 2664 3307 2733 quia
3337 2661 3466 2718 feris
3488 2663 3640 2734 αλιιιὶ

2049 2767 2195 2823 sunt,
2226 2764 2281 2811 et
2301 2771 2365 2810 ex
2396 2755 2522 2825 ipsis
2552 2755 2724 2810 leonis
2744 2753 2984 2809 faucibus
3010 2769 3105 2810 eus
3131 2755 3520 2812 abstrahamus.
3556 2756 3640 2810 Nc

2051 2847 2181 2903 mihi
2203 2847 2350 2903 dicas
2379 2863 2392 2900 :
2436 2845 2600 2902 Pauci
2650 2855 2776 2902 sunt
2826 2847 2861 2900 ii
2905 2847 2993 2916 qui
3023 2862 3053 2900 a
3087 2861 3252 2917 grege
3278 2856 3401 2902 sunt
3435 2849 3634 2904 avulsi.

2052 2941 2274 2996 Etiamsi
2301 2939 2484 2995 decem
2515 2946 2717 2994 tantum
2748 2937 2976 3004 fuerint,
3005 2952 3107 2992 non
3141 2953 3360 3008 parvum
3392 2939 3515 2993 hinc
3541 2939 3641 2992 dei

2052 3032 2360 3087 trimentum
2395 3048 2408 3084 :
2441 3029 2652 3084 etiamsi
2703 3029 2959 3098 quinque,
3012 3027 3098 3084 vel
3145 3028 3286 3094 duo,
3334 3031 3418 3086 vel
3471 3047 3636 3097 unus.

2049 3121 2492 3194 Quandoquidem
2518 3122 2680 3177 etiam
2711 3128 2891 3191 pastor
2922 3120 3008 3174 ille
3029 3160 3043 3185 ,
3076 3119 3196 3175 ideo
3233 3121 3436 3176 relictis
3462 3137 3637 3176 nona-

2049 3218 2194 3290 ginta
2216 3230 2409 3272 novem
2430 3213 2640 3280 ovibus,
2663 3212 2730 3268 ad
2756 3228 2912 3268 unam
2939 3213 3194 3279 cucurrit,
3227 3228 3325 3268 nec
3352 3213 3507 3270 rediit
3533 3213 3640 3268 do-

2049 3326 2150 3368 nec
2176 3310 2319 3367 illam
2347 3308 2663 3374 reduceret,
2695 3315 2751 3363 et
2780 3305 3169 3362 claudieantem
3197 3317 3414 3362 centum
3442 3307 3636 3362 ovium

2051 3416 2331 3458 numerum
2353 3440 2368 3466 ,
2402 3415 2500 3470 per
2547 3397 2936 3454 restitutionem
2986 3397 3104 3468 ejus
3124 3438 3139 3463 ,
3167 3412 3286 3468 qum
3316 3410 3594 3455 erraverat
3621 3443 3638 3466 ,

2049 3493 2343 3565 complevit
2370 3493 2390 3562 (
2419 3489 2607 3544 Matth.
2647 3489 2734 3544 18.
2768 3487 2836 3543 12
2867 3489 2905 3560 ).
2940 3488 3017 3544 Ne
3042 3488 3209 3556 dicas,
3239 3505 3402 3545 unum
3431 3501 3643 3548 tantum

2050 3602 2171 3643 esse
2204 3603 2218 3640 :
2258 3585 2356 3641 sed
2380 3584 2553 3656 cogita
2573 3624 2588 3648 ,
2617 3596 2738 3639 esse
2765 3583 3020 3649 animam,
3065 3591 3285 3654 propter
3313 3598 3474 3653 quam
3503 3586 3640 3640 visi-

2051 3680 2177 3735 bilia
2208 3679 2386 3734 omnia
2435 3677 2574 3732 facta
2619 3685 2778 3742 sunt;
2810 3683 3028 3746 prepter
3048 3690 3206 3746 quam
3236 3675 3401 3747 leges,
3430 3678 3643 3748 suppli.

2049 3775 2152 3844 cia,
2176 3782 2372 3829 statuta
2399 3779 2757 3842 sexcentaque
2786 3767 3036 3824 miracula
3060 3775 3281 3840 patrata,
3305 3769 3647 3842 diversa-quc

2049 3869 2143 3924 Dei
2165 3865 2542 3938 operationes;
2587 3871 2807 3934 propter
2848 3875 3008 3931 quam
3060 3875 3162 3916 nec
3199 3860 3487 3932 Unigenito
3536 3877 3640 3918 suo

2049 3962 2312 4034 pepercit.
2343 3959 2526 4030 Cogita
2556 3966 2813 4028 quantum
2864 3969 2962 4024 pro
2993 3968 3099 4010 uno
3129 3954 3198 4008 sit
3225 3953 3455 4025 pretium
3483 3953 3640 4008 soluo

2049 4066 2179 4122 tum,
2203 4070 2266 4110 ac
2295 4068 2363 4109 ne
2389 4049 2745 4123 parvipendas
2781 4049 2898 4116 ejus
2923 4047 3148 4102 salutem
3173 4087 3190 4114 ,
3227 4045 3320 4101 sed
3350 4045 3643 4103 discedens

2048 4147 2203 4204 nobis
2243 4145 2407 4201 reduc
2433 4142 2601 4208 illum,
2635 4139 2802 4195 suade
2829 4136 2905 4193 illi
2949 4152 3018 4192 ne
3047 4136 3099 4192 in
3129 4135 3275 4206 paria
3308 4136 3552 4203 incidat,
3581 4147 3641 4193 e:

2046 4240 2399 4298 sufficientem
2425 4237 2686 4292 habemus
2712 4231 3097 4288 defensionem.
3130 4229 3224 4286 Sin
3253 4243 3353 4286 nec
3380 4243 3482 4286 nos
3504 4244 3641 4288 con-

2047 4333 2310 4394 sulentes,
2354 4343 2454 4384 nec
2478 4342 2574 4380 vos
2623 4324 2899 4380 hortantes
2926 4321 3084 4389 ferat,
3122 4328 3387 4392 potestate
3413 4320 3640 4376 demum

2047 4435 2165 4478 utar
2185 4437 2246 4477 ea
2271 4462 2285 4485 ,
2315 4435 2472 4490 quatn
2509 4418 2648 4472 Deus
2679 4415 2834 4471 nobis
2867 4413 3018 4470 dedit
3043 4427 3152 4469 non
3191 4411 3260 4468 ad
3306 4410 3639 4470 destructio-

2046 4529 2195 4584 nem,
2223 4513 2317 4569 sed
2337 4510 2402 4567 ad
2433 4507 2863 4566 tediftcationem.

2115 4607 2170 4662 4.
2204 4604 2329 4660 ldeo
2379 4599 2614 4673 praedico
2637 4638 2655 4666 ,
2703 4604 2760 4653 et
2803 4594 3082 4666 perspicua
3133 4605 3266 4649 voce
3302 4591 3521 4650 clamo:
3575 4593 3644 4649 Si

2045 4699 2164 4770 quis
2191 4705 2311 4768 post
2360 4693 2498 4748 hanc
2533 4687 2961 4746 cohortationem
2993 4695 3153 4756 atque
3191 4683 3490 4740 doctrinam
3515 4723 3532 4746 ,
3561 4685 3637 4737 ad

2048 4793 2280 4864 iniquam
2312 4788 2643 4843 theatrorum
2693 4781 2988 4854 perniciem
3035 4775 3312 4843 defecerit,
3341 4792 3449 4834 non
3477 4776 3636 4832 illum

2047 4891 2182 4944 intra
2229 4885 2344 4940 hmc
2389 4889 2537 4952 septa
2579 4877 2657 4950 (a)
2689 4874 2940 4946 recipiam
2967 4913 2982 4938 ,
3014 4887 3121 4926 non
3151 4868 3540 4924 administrabo
3582 4871 3640 4924 ei

2045 4975 2315 5050 mysteria,
2343 4988 2449 5028 non
2481 4967 2783 5040 permittam
2811 4973 2868 5019 ut
2888 4977 3092 5019 sacram
3115 4974 3353 5016 mensam
3380 4959 3636 5028 attingat;

2045 5070 2138 5127 sed
2166 5061 2614 5140 quemadmodum
2642 5067 2883 5130 pastores
2912 5068 3040 5111 oves
3065 5052 3243 5108 scabie
3273 5051 3458 5122 plenas
3481 5065 3512 5105 a
3541 5065 3637 5105 sa—

2045 5164 2127 5219 nis
2165 5165 2499 5230 sequestram
2526 5195 2542 5220 ,
2571 5168 2640 5208 ne
2678 5149 2890 5206 caeteris
2913 5145 3158 5204 morbum
3186 5143 3590 5200 communicent
3620 5162 3634 5196 :

2044 5258 2114 5311 ita
2140 5262 2194 5308 et
2218 5265 2317 5320 ego
2347 5248 2554 5303 faciam.
2589 5244 2720 5299 Nam
2739 5241 2783 5296 si
2802 5238 3069 5312 quondam
3092 5238 3339 5308 leprosus
3356 5245 3511 5292 extra
3539 5250 3635 5289 ca-

2041 5357 2151 5404 stra
2175 5344 2362 5400 sedere
2397 5340 2712 5410 jubebatur,
2747 5344 2906 5406 atque
2933 5332 3142 5388 etiamsi
3168 5345 3258 5385 rex
3291 5339 3474 5396 esset,
3504 5344 3630 5385 cum

2041 5438 2340 5496 diademate
2357 5432 2704 5504 cjiciehatur;
2732 5429 2902 5484 multo
2929 5425 3096 5496 magis
3121 5437 3219 5479 nos
3242 5436 3365 5478 eum
3391 5421 3482 5492 qui
3511 5421 3637 5475 ani-

2103 5597 2176 5655 (a)
2209 5599 2308 5640 Hoc
2329 5588 2443 5655 quid
2465 5589 2546 5645 sit,
2571 5588 2678 5649 ipse
2700 5596 2815 5655 mo;
2840 5579 3060 5655 explicat
3078 5592 3090 5627 :
3109 5575 3350 5655 intelligit
3377 5575 3507 5655 enim
3541 5574 3617 5655 lo:

2038 5637 2449 5706 cuin'inneeclesia
2483 5637 2694 5710 septum,
2721 5645 2799 5697 vel
2822 5637 3069 5713 ubi'eraut
3101 5637 3367 5712 auditores,
3409 5637 3494 5713 vel
3525 5651 3626 5699 quo

2037 5718 2279 5769 intrabant
2299 5725 2450 5766 sacrae
2472 5724 2624 5764 cenae
2640 5723 2782 5761 causa
2801 5722 2814 5760 :
2839 5710 3067 5772 mysteria
3087 5710 3217 5754 enim
3238 5712 3422 5752 sacram
3437 5711 3627 5749 cautam

2041 5779 2268 5844 appellat.
