3724 6272
154 279 254 336 ειδε

160 411 246 449 ma
277 397 525 467 leprosns
555 409 637 454 est
676 416 742 455 ex
792 400 874 454 his
916 401 1081 455 sacris
1113 400 1304 454 castris
1331 399 1738 454 eliminabimus.

156 488 229 544 Ut
260 490 404 544 enim
441 491 614 560 primo
649 492 1027 548 cohortatione
1076 501 1128 548 et
1177 493 1403 547 consilio
1433 507 1560 545 usus
1590 506 1739 546 sum:

150 583 232 637 sic
261 593 318 637 et
343 599 487 639 nunc
512 594 634 655 post
660 593 858 639 tantam
900 585 1333 640 adhortationem
1366 593 1421 638 et
1445 583 1742 638 doctrinam

153 687 383 729 necesse
409 684 493 729 est
534 676 749 731 demum
805 676 1094 731 sectionem
1139 676 1296 730 etiam
1344 673 1598 743 inﬂigere.
1656 674 1745 727 Et-

153 764 300 818 enim
334 780 506 820 annus
550 767 760 821 tandem
812 777 897 823 est
940 768 1152 837 elapsus
1190 766 1271 836 (a)
1312 781 1375 821 ex
1432 766 1620 835 quoin
1650 780 1743 819 ve-

155 863 323 909 stram
370 858 638 912 civitatem
692 859 948 914 advectus
991 874 1147 923 sum,
1203 872 1378 928 neque
1404 857 1609 913 cessavi
1650 857 1746 911 hac

156 944 229 999 de
255 960 318 999 re
358 960 456 1000 vos
486 946 795 1017 frequenter
832 948 1125 1004 cohortari.
1161 948 1295 1016 Quia
1332 948 1493 1019 igitur
1531 946 1743 1018 quidam

163 1034 215 1087 in
249 1036 351 1089 hac
393 1037 543 1090 sanie
592 1047 1023 1107 permanserunt,
1053 1054 1151 1110 age
1197 1038 1411 1094 demum
1453 1039 1742 1094 sectionem

158 1127 472 1183 inferamus.
505 1129 620 1183 Etsi
664 1132 808 1186 enim
840 1130 1041 1187 ferrum
1083 1146 1190 1187 non
1236 1131 1480 1196 habeam,
1512 1139 1568 1186 at
1620 1146 1742 1187 ver-

160 1220 291 1275 bum
320 1220 493 1275 habeo
523 1221 665 1277 ferro
698 1224 904 1279 acutius
948 1224 1022 1294 (ὁ)
1050 1240 1062 1276 :
1095 1224 1196 1280 etsi
1238 1223 1415 1293 ignem
1443 1239 1549 1279 non
1580 1222 1743 1278 feram

162 1312 257 1382 (ε),
289 1322 343 1367 at
384 1313 625 1368 doctrina
662 1312 813 1370 adest
842 1315 969 1371 mihi
1019 1316 1140 1387 igne
1166 1317 1485 1383 ferventior,
1512 1331 1631 1386 quae
1655 1330 1737 1373 vc:

161 1400 468 1457 henientius
490 1419 647 1459 urere
676 1406 865 1474 possit.

232 1490 784 1548 Excommunicationis
806 1497 1050 1550 sententia
1076 1497 1128 1551 in
1156 1498 1271 1552 illos
1311 1499 1398 1567 qui
1432 1498 1743 1553 theatrorum

160 1581 451 1650 spectacula
479 1584 651 1638 diebus
679 1587 866 1640 sanctis
896 1586 1223 1641 adierunt.—
1246 1589 1321 1644 Ne
1345 1605 1567 1659 spernas
1588 1591 1746 1659 igitur

162 1674 484 1727 sententiam
508 1684 764 1730 nostram.
797 1677 1049 1744 Quamvis
1092 1679 1235 1734 enim
1280 1680 1414 1734 viles
1459 1680 1744 1735 admodum

161 1779 226 1818 ac
268 1764 596 1822 miserabiles
616 1769 802 1836 simus,
844 1780 1078 1826 attamen
1114 1787 1144 1826 a
1175 1772 1352 1827 divina
1383 1774 1550 1844 gratia
1577 1774 1748 1845 digni-

162 1865 326 1912 tatem
345 1860 665 1928 accepimus,
697 1879 797 1931 qua
826 1864 1091 1933 possimus
1118 1864 1232 1920 haec
1260 1864 1493 1920 efﬁcere.
1527 1866 1749 1935 Ejiciau-

164 1957 252 2002 tur
282 1963 409 2016 ergo
429 1948 732 2019 hujusmodi
751 1952 1012 2021 homines,
1035 1956 1260 2025 utetqui
1289 1956 1402 2010 sani
1431 1966 1555 2012 sunt
1578 1958 1749 2012 valen~

161 2040 329 2094 tiores
354 2041 614 2107 evadant;
646 2053 699 2097 et
724 2046 813 2114 qui
845 2046 1033 2101 morbo
1056 2046 1318 2115 laborant,
1356 2064 1387 2103 a
1417 2050 1563 2117 gravi
1589 2051 1745 2121 aegri-

162 2130 347 2185 tudine
375 2132 441 2186 ad
484 2134 762 2190 sanitatem
795 2152 912 2192 sese
958 2152 1209 2194 revocare
1253 2139 1475 2207 possint.
1523 2140 1579 2197 Si
1622 2158 1749 2197 vero

164 2222 551 2290 perhorruistis
572 2226 707 2280 hanc
735 2226 1009 2283 audientes
1034 2230 1351 2285 sententiam
1378 2231 1397 2302 (
1419 2232 1571 2288 video
1602 2249 1750 2288 nam-

160 2329 269 2381 que
288 2329 478 2369 omnes
497 2316 906 2387 ingeniiscentes
929 2330 983 2375 et
1002 2325 1392 2396 compunctos),
1412 2326 1747 2396 resipiscant,

160 2413 219 2460 et
247 2408 511 2461 sententia
537 2409 709 2463 soluta
737 2420 835 2466 est.
856 2411 1314 2479 Quemadmodum
1335 2418 1474 2471 enim
1499 2419 1746 2488 alligandi

162 2505 485 2565 potestatem
524 2500 863 2570 accepimus,
917 2504 995 2557 sic
1048 2514 1101 2559 et
1141 2506 1414 2572 solvendi,
1460 2524 1524 2564 ac
1567 2526 1750 2565 rursus

162 2588 487 2642 sententiam
514 2588 742 2646 ferendi.
769 2592 884 2647 Non
910 2594 1053 2649 enim
1076 2595 1268 2651 fratres
1290 2607 1503 2655 nostros
1533 2601 1747 2657 abscin-

163 2679 295 2735 dere
339 2682 586 2737 volumus
609 2725 625 2749 ,
656 2685 749 2740 sed
781 2688 1123 2756 opprobrium
1166 2690 1421 2749 Ecclesiae
1452 2694 1745 2764 depellere.

164 2769 315 2826 Nunc
335 2772 531 2841 quippe
560 2789 659 2830 nos
686 2783 741 2830 et
768 2777 995 2845 gentiles
1020 2779 1338 2848 irridebuut,
1371 2793 1425 2838 et
1450 2784 1618 2840 Judaei
1641 2796 1749 2842 tra.

165 2860 618 2931 ducent,quando
652 2880 751 2919 nos
796 2867 940 2936 ipsos
984 2880 1271 2938 peccantes
1305 2871 1378 2926 ita
1406 2873 1746 2946 despicimus.

165 2952 318 3009 Tunc
346 2963 522 3009 autem
549 2965 605 3010 et
630 2956 708 3011 illi
731 2957 1014 3015 admodum
1045 2976 1143 3016 nos
1169 2962 1476 3033 laudabunt,
1506 2975 1560 3021 et
1590 2969 1751 3023 mira-

164 3043 369 3099 buntur
393 3044 707 3115 Ecclesiam,
740 3047 883 3119 leges
908 3061 1118 3106 nostras
1134 3054 1367 3110 reveriti.
1387 3056 1554 3112 Nemo
1574 3059 1750 3130 itaque

164 3146 235 3187 ex
262 3134 348 3201 iis,
372 3135 461 3205 qui
485 3136 537 3190 in
555 3136 742 3193 eadem
772 3144 1469 3214 permanentfornicatione,
1498 3151 1550 3203 in
1580 3151 1750 3206 eccle-

165 3223 299 3278 siam
326 3225 523 3289 veniat,
560 3227 653 3283 sed
680 3237 735 3284 et
762 3245 793 3284 a
822 3232 972 3288 vobis
1007 3236 1342 3307 corripiatur,
1374 3248 1427 3295 et
1452 3245 1751 3299 communis

164 3314 238 3369 sit
264 3316 457 3373 hostis.
484 3318 678 3388 Siquis
696 3338 798 3376 non
818 3324 981 3379 obedit
1009 3327 1152 3381 verba
1172 3339 1341 3384 nostra
1359 3348 1448 3401 per
1461 3334 1745 3405 epistolam,

166 3409 301 3464 Itane
319 3420 510 3478 notate,
543 3423 591 3468 et
610 3430 674 3469 ne
697 3417 1120 3474 commisceamini
1139 3437 1252 3476 cum
1273 3424 1363 3478 illo
1384 3424 1458 3497 (2.
1484 3422 1661 3483 Thess.
1689 3430 1746 3487 5.

165 3499 285 3567 14).
316 3500 432 3556 Hoc
460 3511 637 3559 autem
664 3504 822 3562 facite
852 3524 868 3561 :
920 3524 1117 3580 neque~
1142 3512 1538 3584 colloquamini,
1575 3535 1749 3592 neque

164 3593 308 3648 domi
339 3597 608 3665 recipiatis
628 3638 642 3660 ,
687 3614 860 3669 neque
888 3616 1087 3657 mensae
1115 3608 1399 3676 participes
1435 3609 1745 3683 admittatis,

163 3698 336 3753 neque
358 3685 629 3754 ingressus
651 3689 733 3744 vel
762 3705 1030 3759 egressus,
1059 3709 1230 3764 neque
1252 3696 1303 3749 in
1340 3697 1456 3754 foro
1499 3716 1618 3756 cum
1646 3704 1748 3761 illis

161 3776 449 3832 versemini
467 3792 481 3831 :
501 3788 555 3834 et
581 3780 659 3836 sic
676 3782 824 3839 facile
845 3783 966 3840 illos
992 3789 1441 3858 recuperabimus.
1465 3794 1541 3850 Ac
1556 3812 1744 3866 quem—

223 3910 700 3997 Sal“
718 3996 721 3997 ν
736 3920 1146 3997 ἱρηενὶεεορᾳῐυῳ
1163 3927 1743 3997 _Const_antinopolitanum

158 3980 415 4051 promotus
433 3980 593 4051 fuerat
611 3992 736 4051 anno
757 3980 867 4051 598:,
889 3980 1074 4051 mensis
1098 3990 1342 4041 Februarii
1365 3980 1447 4044 die
1456 3980 1747 4051 'eél‘iif'afii

402 4037 445 4112 Ιί
464 4040 513 4097 6’
532 4052 583 4112 ἒ·
600 4040 657 4111 .2'
1100 4032 1113 4035 “
1134 4032 1208 4038 ⁷’”“
1223 4032 1296 4040 “”“”
1309 4032 1342 4041 ⁵·
1366 4032 1446 4044 *ιν
1483 4032 1563 4058 -ν,

218 4095 293 4221 (ὁέ
328 4095 675 4173 Verba'divina
700 4095 941 4167 intelligit.
971 4115 1034 4157 Ex
1054 4114 1217 4162 'iressit
1235 4116 1364 4165 enim
1386 4120 1531 4169 ttebr.
1559 4122 1605 4171 4.
1635 4124 1710 4173 12.

220 4157 269 4217 (ε
326 4166 439 4208 Nam
462 4163 658 4221 medim,
683 4172 784 4221 aut,
822 4176 874 4216 ut
917 4181 1004 4220 nos
1040 4123 1297 4221 iouuimur.
1338 4180 1549 4221 nhimmi
1596 4187 1706 4221 ιιιίε..

154 4157 302 4271 “£3
326 4166 439 4208 Nam
462 4163 658 4223 medici,
683 4172 784 4226 aut,
822 4157 886 4216 ut"
917 4181 1004 4220 nos
1040 4157 1742 4246 loqaiiﬁtiéfiiiiﬁifgi1631..

1274 280 1545 335 CONTRA
1584 278 1801 335 LUDOS
1841 278 1927 334 ET
1966 276 2309 335 THEATRA.

3333 277 3442 330 270

1850 397 2134 453 admodum
2165 407 2445 454 venatores
2470 399 2609 454 feras
2637 407 2792 467 captu
2820 396 3066 452 difﬁciles
3097 410 3201 450 non
3231 409 3298 449 ex
3330 410 3465 457 una,

1852 500 2023 558 parte,
2052 492 2145 545 sed
2175 490 2406 560 undique
2429 492 2685 560 pellentes
2705 534 2718 553 ,
2754 491 2804 544 in
2856 490 2983 544 retia
3008 488 3299 559 conjiciunt
3323 502 3337 540 :
3366 486 3432 540 ita
3462 470 3466 490 ’

1851 602 1905 637 (ξι
1931 601 2026 640 nos
2052 600 2166 651 eos,
2194 585 2283 655 qui
2311 584 2548 639 moribus
2572 584 2773 640 eﬂ‘erati
2808 594 2952 649 sunt,
3002 598 3103 637 una
3155 581 3431 651 pellamus,

1851 690 1904 731 et
1932 678 2039 731 cito
2066 678 2116 731 in
2158 678 2344 733 salutis
2364 677 2496 732 retia
2521 677 2888 745 conjicicmus,
2920 689 3018 729 nos
3044 690 3109 729 ex
3131 688 3233 728 una
3262 680 3432 742 parte,
3478 724 3482 729 .

1852 781 1947 821 vos
1972 782 2036 822 ex
2058 767 2176 822 alia.
2205 767 2273 823 Ut
2302 767 2461 836 igitur
2484 766 2612 822 illud
2642 767 2870 831 eveniat,
2894 781 2989 819 vos
3015 780 3225 835 quoque
3246 762 3430 818 nobis-

1850 874 1973 913 cum
2020 858 2365 929 indignemini
2401 858 2550 913 :imo
2577 859 2754 928 potius
2805 872 2901 927 pro
2946 857 3039 910 Dei
3088 856 3291 925 legibus
3338 853 3435 907 do-

1852 951 1976 1013 lete,
2017 959 2071 1005 et
2107 950 2361 1020 paulatim
2392 950 2647 1004 avertetis
2690 963 2783 1003 eos
2812 964 2878 1003 ex
2907 946 3179 1012 fratribus,
3206 946 3296 1015 qui
3332 944 3436 998 hoc

1850 1040 2039 1095 morbo
2085 1040 2327 1095 laborant
2370 1048 2424 1095 et
2478 1040 2529 1093 in
2579 1039 2683 1094 hoc
2725 1046 2997 1107 peccatum
3055 1036 3325 1101 incidunt,
3379 1043 3436 1089 ut

1852 1139 2109 1201 perpetuo
2147 1131 2267 1186 illos
2294 1130 2567 1185 vobiscum
2599 1130 2846 1185 servetis.
2877 1128 3057 1198 Neque
3084 1129 3226 1183 enim
3265 1141 3433 1197 parvo

1850 1222 2073 1278 Crimine
2108 1222 2187 1277 rei
2224 1221 2397 1284 erilis.
2426 1222 2469 1275 si
2503 1230 2699 1277 tantam
2732 1220 3015 1291 perniciem
3063 1218 3430 1289 ncglcxcritis,

1850 1320 1946 1375 sed
1968 1334 2159 1391 magno
2186 1318 2447 1389 supplicio
2476 1317 2624 1373 eritis
2649 1316 2885 1373 obnoxii.
2915 1314 3047 1369 Nam
3092 1314 3137 1367 si
3168 1314 3220 1367 in
3264 1312 3435 1367 humi.-

1854 1426 1979 1465 num
2003 1410 2227 1475 sedibus,
2256 1425 2377 1464 cum
2405 1409 2523 1479 quis
2547 1425 2613 1463 ex
2663 1408 2871 1462 famulis
2899 1414 3179 1477 argentum
3206 1406 3311 1459 vel.
3334 1419 3427 1456 au-

1850 1520 1968 1559 rum
2000 1503 2664 1573 furatusdeprehenditur,
2697 1516 2801 1556 non
2824 1500 2935 1570 ipse
2962 1500 3106 1554 solus
3125 1499 3214 1568 qui
3241 1497 3433 1566 depre-

1852 1597 2049 1652 hensus
2068 1605 2171 1663 est,
2193 1595 2286 1650 sed
2311 1596 2469 1651 etiam
2497 1594 2715 1659 conscii,
2738 1603 2792 1649 et
2815 1594 3034 1664 quinon
3064 1591 3433 1655 revelaveriut,

1853 1705 2009 1761 pmna
2064 1689 2403 1758 plectuntur,
2452 1687 2835 1757 multomagis
2885 1687 2937 1741 in
2988 1685 3244 1741 Ecclesia.
3284 1682 3439 1738 Tunc

1853 1783 1994 1838 enim
2016 1780 2157 1836 dicet
2187 1780 2279 1834 tibi
2310 1780 2449 1834 Deus
2481 1795 2493 1831 :
2525 1778 2655 1834 Cum
2681 1778 2891 1833 videres
2913 1794 2975 1835 ex
3001 1776 3161 1831 domo
3190 1790 3306 1829 mea
3327 1790 3432 1831 non

1851 1882 2163 1943 argenteum
2188 1871 2274 1927 vel
2299 1886 2518 1926 aureum
2544 1886 2637 1925 vas
2661 1868 2811 1925 furto.
2829 1868 3017 1938 abripi,
3039 1867 3132 1922 sed
3156 1867 3434 1922 continen-

1856 1967 1982 2019 tiam
2022 1964 2254 2030 auferri;
2300 1978 2529 2032 eumque
2557 1963 2643 2033 qui
2666 1962 2959 2032 pretiosum
2984 1974 3177 2028 corpus
3207 1958 3433 2027 accipit,

1852 2069 1907 2113 ct
1932 2058 2232 2129 hujusmodi
2262 2056 2507 2113 sacrificii
2530 2057 2794 2127 particeps
2822 2064 2924 2123 est,
2962 2055 3014 2109 in
3035 2053 3230 2109 diaboli
3259 2055 3435 2109 locum

1853 2149 2024 2217 abire,
2065 2159 2120 2205 et
2145 2150 2196 2203 in
2225 2158 2427 2204 tantum
2458 2156 2730 2219 peccatum
2761 2146 3027 2212 incidere,
3078 2161 3173 2201 cur
3214 2145 3433 2213 siluisti,

1853 2260 1948 2300 cur
1968 2245 2021 2300 id
2047 2245 2233 2312 tulisti,
2258 2260 2355 2301 cur
2378 2261 2486 2300 non
2506 2244 2829 2299 annuntiasti
2856 2242 3139 2309 sacerdoti,
3166 2258 3236 2299 ne
3263 2257 3436 2314 pinna:

1855 2338 1953 2393 abs
1980 2348 2033 2392 te
2056 2345 2425 2407 repeterentur
2452 2353 2559 2391 non
2587 2336 2761 2391 leves?
2803 2335 2925 2390 Ideo
2944 2346 2997 2390 et
3022 2351 3120 2405 ego
3149 2335 3353 2390 etiamsi
3385 2336 3437 2390 id

1856 2428 1986 2483 mihi
2017 2427 2187 2484 dolori
2211 2428 2451 2483 futurum
2481 2430 2549 2482 sit
2576 2430 2677 2498 (a),
2713 2443 2779 2483 ne
2808 2442 2837 2481 a
2862 2428 3197 2497 gravioribus
3224 2428 3440 2498 quidem

1856 2521 2148 2578 inferendis
2188 2522 2359 2591 pinnis
2385 2520 2685 2577 abstinebo.
2712 2520 2891 2591 Longe
2911 2520 3103 2574 melius
3132 2521 3328 2592 quippe
3355 2527 3441 2575 est

1857 2632 1958 2671 nos
2002 2615 2089 2670 hic
2134 2629 2369 2679 maerore
2411 2614 2664 2681 affectos,
2700 2630 2729 2667 a
2779 2614 2958 2668 futuro
3001 2614 3172 2683 abripi
3211 2614 3435 2684 judicio,

1856 2723 2013 2779 quam
2040 2708 2324 2764 verborum
2351 2708 2520 2778 gratia
2549 2707 2868 2776 lenitateque
2896 2720 3021 2761 usos
3044 2747 3059 2773 ,
3086 2705 3227 2762 hunc
3257 2706 3436 2761 vobis-

1855 2816 1975 2856 cum
2005 2815 2192 2871 paenas
2222 2801 2391 2857 luere.
2421 2799 2603 2869 Neque
2639 2800 2780 2854 enim
2810 2806 2982 2854 tutum
3023 2798 3171 2853 vobis
3201 2798 3282 2853 vel
3322 2798 3436 2852 sine

1855 2897 2095 2969 periculo
2150 2904 2276 2963 est,
2321 2910 2410 2951 res
2456 2891 2757 2965 hujusmodi
2798 2892 3009 2949 silentio
3059 2901 3256 2962 tegere.
3305 2890 3435 2947 Nam

1857 2989 2081 3059 quisque
2102 2998 2339 3044 vestrum
2382 3002 2479 3057 pro
2500 3001 2559 3041 se
2589 2998 2776 3055 pinnas
2799 2984 2983 3039 dabit:
3026 2998 3123 3054 ego
3152 2999 3279 3038 vero
3316 2998 3433 3037 om-

1856 3084 2003 3138 nium
2049 3081 2207 3138 saluti
2256 3096 2374 3136 sum
2402 3080 2682 3136 obnoxius.
2710 3077 3067 3146 Quamobrem
3118 3092 3224 3130 non
3275 3075 3433 3130 tinem

1856 3174 2046 3231 faciam
2100 3175 2277 3231 omnia
2326 3172 2516 3244 agendi
2544 3170 2874 3236 etdicendi,
2921 3168 3129 3225 etiamsi
3156 3184 3258 3231 vos
3298 3183 3443 3229 mae-,

1854 3284 1981 3327 rore
2004 3268 2218 3328 afficere
2242 3275 2502 3339 oporteat,
2525 3267 2734 3326 etiamsi
2759 3266 3011 3321 molestus
3032 3265 3212 3320 videar
3227 3270 3280 3320 et
3304 3278 3434 3318 oue-

1856 3374 2031 3429 rosus,
2070 3371 2130 3415 ut
2168 3360 2365 3429 possim
2392 3357 2602 3413 adstare
2625 3365 2748 3413 ante
2792 3355 3019 3411 tribunal
3055 3355 3181 3410 illud
3212 3354 3434 3409 horren-

1854 3452 1983 3509 dum
2006 3493 2024 3521 ,
2071 3453 2273 3508 nullam
2311 3450 2514 3506 habens
2550 3451 2811 3506 maculam
2841 3457 2933 3504 aut
2962 3447 3136 3503 labem
3177 3446 3262 3501 vel
3306 3445 3434 3516 quid

1857 3544 2181 3616 hujusmodi.
2226 3542 2439 3600 Utinam
2469 3552 2667 3608 autem,
2718 3541 2967 3611 precibus
3007 3546 3334 3601 sanctorum,
3397 3538 3432 3591 ii

1855 3637 1944 3707 qui
1969 3635 2207 3706 corrupti
2257 3643 2381 3689 sunt
2408 3634 2564 3689 citius
2593 3639 2962 3694 revertantur;
2993 3629 3066 3683 illi
3090 3642 3217 3684 vero
3246 3627 3334 3697 qui
3367 3626 3433 3680 il-

1855 3730 1969 3785 lmsi
1991 3738 2320 3795 manserunt,
2338 3727 2391 3782 in
2412 3726 2670 3795 majorem
2690 3733 2937 3779 ornatum
2950 3720 3435 3790 continentiamque

1856 3821 2136 3892 proficiant
2168 3828 2334 3876 :utet
2374 3832 2470 3874 vos
2498 3818 2723 3873 salutem
2763 3813 3197 3883 consequamini,
3242 3821 3297 3865 et
3336 3825 3433 3867 nos

1855 3916 2116 3979 laetemur,
2148 3922 2203 3968 et
2229 3912 2368 3966 Dens
2397 3910 2563 3980 gloria
2590 3908 2851 3962 afficiatur
2883 3920 3025 3961 nunc
3051 3913 3105 3960 et
3129 3918 3360 3973 semper.
3380 3911 3454 3959 ct.

1854 4009 1907 4063 in
1932 4006 2137 4062 inﬁnita
2169 4002 2361 4061 stecula
2386 4000 2721 4057 saeculorum.
2755 3998 2946 4052 Amen.

1916 4183 1988 4247 (a)
2020 4182 2078 4233 In
2098 4189 2276 4241 Graeco,
2320 4194 2437 4247 istm
2474 4190 2679 4247 “ptius:
2697 4188 2833 4247 ῃπιιν,
2854 4188 2977 4244 quas
2996 4171 3251 4247 vocesgsic
3284 4180 3427 4232 oporr

1852 4234 2028 4297 tuiss'et
2050 4234 2380 4309 interpretari,
2405 4234 2617 4305 quanivis
2641 4236 2853 4289 dolorem
2871 4234 2967 4286 Isim
2987 4234 3228 4291 illaturus.

173 4504 3388 4547 mat—2mm

1253 4744 1360 4805 AD
1390 4732 1807 4805 HOMIIJAM
1846 4743 2349 4817 SEQUENTEM.

175 4955 355 5021 initio,
390 4954 736 5025 maximeque
770 4954 825 5007 in
859 4954 965 5008 ﬁne
999 4950 1241 5009 homilize
1263 4951 1357 5007 ait.
1390 4952 1528 5009 Cum
1553 4962 1737 5008 autem
1764 4965 1907 5021 saepe
1930 4953 2134 5010 morbis
2162 4953 2392 5009 afflictus
2421 4953 2604 5022 fuerit,
2640 4971 2751 5012 non
2776 4956 2845 5011 ita
2882 4958 3039 5013 facile
3069 4970 3172 5025 est,
3205 4961 3258 5015 in
3282 4964 3424 5032 quod

172 5079 397 5139 tempus
428 5068 548 5123 haec
585 5068 827 5124 incidant
867 5068 1279 5138 deprehendere
1302 5110 1315 5134 ,
1359 5084 1538 5139 neque
1573 5069 1757 5126 dicere
1800 5070 2045 5125 valemus
2083 5069 2460 5126 Antiochiaene
2496 5086 2566 5125 an
2592 5069 3061 5144 Constantinopoli
3100 5074 3214 5131 haic
3246 5077 3422 5132 habita

172 5185 370 5241 concio
404 5184 589 5241 fuerit.
618 5184 923 5241 Antiochiae
965 5195 1146 5240 tamen
1179 5185 1376 5244 dictam
1409 5187 1638 5245 suadere
1682 5187 1899 5245 videtur
1928 5188 2105 5260 ipsum
2134 5188 2460 5261 principium
2494 5188 2763 5253 homiliae,
2800 5190 2890 5245 ubi
2922 5206 2980 5245 se
3007 5190 3075 5246 ad
3118 5191 3432 5254 docendum

171 5296 492 5372 imperitum
528 5296 814 5369 profitetur
836 5297 1268 5370 Cbrysostomus.
