3724 6272
274 252 371 309 επ

1053 249 1111 305 S.
1149 247 1429 307 JOANNIS
1466 245 1947 307 CHRYSOSTOMI
1981 246 2302 315 ARCHIEP.
2343 253 2874 321 CONSTANTINOP.

3461 269 3571 327 272

265 391 3554 427 .~mﬂw

1001 515 1006 519 ’
1661 481 2131 553 HOMILIA

275 657 338 703 IN
388 654 823 707 Διὀετοιιαυιί
864 650 1110 697 DICTUM

1170 653 1185 692 :
1232 651 1355 699 HOC
1400 651 1618 697 AUTEM
1662 648 1948 705 scrrore.
1995 650 2165 703 QUOD
2219 655 2284 699 IN
2328 657 2681 708 stovrssuus
2726 666 2952 712 DIEBUS
2994 670 3208 714 unum
3259 671 3565 715 resimas

1564 769 1797 813 enavu
1844 746 1929 830 (2.
1961 753 2121 815 Tim.
2167 756 2227 818 3.
2276 762 2360 844 1).

1691 916 2132 955 meum

351 1049 401 1103 i.
423 1045 620 1104 Caritas
640 1044 987 1117 Chrysostomi
1006 1058 1125 1113 erga
1146 1040 1441 1111 discipulos.
1466 1038 1615 1093 Fidei
1644 1038 1778 1092 oculi
1804 1053 1865 1091 ea

274 1140 442 1194 uident
469 1155 581 1197 aute
605 1138 831 1193 Christus
859 1133 1033 1208 agebat
1056 1150 1075 1199 ,°
1099 1132 1275 1188 Juda’i
1300 1140 1567 1203 prasentes
1590 1146 1691 1184 non
1727 1129 1862 1183 uide-

278 1232 416 1285 bant.
446 1229 702 1285 Abraham
731 1228 849 1297 ﬁdei
870 1226 1028 1282 oculis
1056 1226 1179 1279 vidit
1204 1224 1517 1278 nasciturum
1530 1220 1863 1275 lenaeum.—

278 1320 522 1375 lnﬁrmus
560 1318 773 1390 quidem
804 1333 921 1374 sum
953 1317 1060 1387 (a)
1099 1326 1153 1371 et
1181 1329 1415 1386 egenus,
1471 1320 1631 1383 atque
1671 1311 1739 1367 ad
1767 1312 1865 1367 do-

273 1410 504 1466 cendum
533 1410 811 1480 imperitus
838 1424 851 1459 :
878 1407 967 1463 sed
994 1422 1115 1461 cum
1144 1414 1377 1461 vestrum
1404 1412 1600 1462 costum
1629 1404 1859 1469 intueor,

276 1502 600 1564 inﬁrmitatis
643 1501 949 1566 obliviscor,
973 1506 1340 1570 paupertatem
1378 1497 1587 1566 ignoro,
1640 1495 1859 1565 imperi-

282 1598 410 1651 tiam
462 1610 568 1650 non
628 1592 753 1649 novi
783 1611 796 1648 :
826 1601 968 1647 tanta
1022 1606 1215 1661 nempe
1258 1598 1341 1645 est
1393 1588 1627 1655 caritatis
1668 1596 1860 1643 vestrae

270 1687 533 1757 tyrannis.
560 1684 893 1757 Quapropter
920 1682 1150 1737 alacrius
1169 1696 1327 1752 quam
1354 1680 1412 1746 ii,
1455 1680 1544 1751 qui
1589 1678 1859 1734 iacultati~

274 1780 375 1835 bus
399 1777 690 1842 abundant,
736 1775 989 1845 egestatis
1012 1788 1144 1829 mete
1174 1787 1413 1827 mensam
1440 1771 1591 1826 vobis
1621 1786 1854 1852 appono.

270 1870 721 1943 llagnanimitatis
746 1883 907 1940 porro
932 1868 1091 1938 hujus
1116 1882 1213 1922 vos
1242 1876 1489 1922 auctores
1529 1866 1659 1921 mihi
1701 1870 1852 1933 estis,

267 1966 394 2027 dum
424 1966 603 2035 lapsos
632 1963 854 2033 erigitis,
878 1962 997 2031 quia
1022 1954 1097 2015 ad
1135 1959 1456 2015 audiendum
1488 1959 1642 2027 proni
1689 1959 1819 2017 estis
1838 1999 1855 2026 ,

266 2071 428 2131 atque
455 2060 522 2113 ab
551 2073 646 2113 ore
667 2065 850 2113 nostro
872 2056 1133 2127 pendetis.
1156 2054 1244 2110 Sic
1259 2064 1311 2110 et
1342 2054 1467 2123 pulli
1491 2052 1854 2119 hirundinum,

267 2164 388 2221 cum
415 2149 597 2205 vident
624 2147 958 2202 advolantem
990 2153 1239 2212 matrem,
1268 2161 1300 2201 e
1328 2144 1453 2199 nido
1482 2159 1601 2199 sese
1624 2144 1855 2200 elleren-

268 2250 351 2296 tes
376 2250 432 2297 et
450 2256 679 2312 pronum
705 2239 1060 2302 obtendentes
1088 2239 1305 2304 collum,
1336 2238 1409 2299 ita
1435 2238 1611 2293 cibum
1652 2238 1719 2307 ab
1767 2238 1857 2303 illa

271 2332 562 2403 accipiunt.
594 2331 796 2386 Eodem
818 2329 979 2385 modo
1007 2339 1061 2385 et
1090 2343 1185 2384 vos
1210 2343 1330 2384 cum
1359 2329 1558 2399 ingenti
1583 2329 1855 2385 alacritate

267 2426 676 2483 concionantem
734 2425 1002 2480 intuentes
1025 2464 1041 2491 ,
1083 2437 1150 2479 ex
1188 2422 1365 2493 lingua
1412 2438 1530 2477 mea
1562 2422 1852 2492 profectam

267 2516 565 2573 doctrinam
611 2516 877 2585 excipitis,
924 2524 976 2571 et
1002 2523 1284 2585 antequam
1322 2515 1484 2569 verba
1506 2530 1570 2569 ex
1598 2530 1691 2569 ore
1719 2515 1854 2587 exsi-

274 2608 425 2673 liant,
457 2623 518 2663 ea
559 2606 738 2662 studio
763 2621 956 2677 magno
987 2606 1165 2673 omnia
1202 2604 1467 2676 abripitis.
1492 2606 1623 2673 Quis
1667 2621 1772 2660 non
1800 2614 1853 2660 et

262 2714 359 2754 vos
388 2708 441 2754 et
465 2715 561 2753 nos
587 2713 748 2769 super
774 2699 855 2754 his
885 2698 1070 2753 beatos
1098 2696 1374 2768 praedicet,
1403 2697 1522 2767 quia
1550 2711 1742 2765 nempe
1769 2696 1849 2750 lo-

261 2793 478 2863 quimur
502 2791 582 2845 Ad
598 2808 744 2845 aures
758 2791 1073 2845 audientium
1101 2788 1286 2859 (Eccli.
1323 2788 1411 2845 2⁸5.
1445 2787 1573 2860 12)?
1600 2786 1851 2845 Commu-

261 2882 345 2937 nis
377 2881 545 2946 labor,
595 2880 893 2949 communis
920 2888 975 2934 et
1012 2894 1243 2944 corona;
1297 2894 1583 2940 commune
1617 2879 1844 2944 lucmm,

261 2974 563 3032 comnmnis
608 2974 768 3029 etiam
816 2958 870 3029 et
915 2988 1142 3029 merces.
1189 2972 1314 3028 ideo
1358 2972 1603 3028 Christus
1664 2974 1850 3031 beatos

262 3067 876 3139 praedicavitdiscipulos
892 3067 1108 3123 dicens:
1143 3066 1306 3127 Vestri
1322 3076 1486 3121 autem
1522 3065 1652 3120 beati
1687 3065 1845 3143 oculi,

258 3162 378 3231 quia
420 3161 608 3228 vident,
641 3170 689 3215 et
709 3177 857 3215 aures
880 3169 1056 3215 uestra:
1076 3202 1090 3227 ,
1119 3159 1239 3229 quia
1266 3158 1481 3213 audiunt
1520 3157 1732 3229 (Matth.
1753 3160 1842 3213 13.

259 3255 384 3327 l6).
408 3255 694 3311 Concedite
719 3255 849 3310 mihi
877 3263 935 3310 ut
956 3254 1040 3309 his
1060 3256 1219 3310 etiam
1247 3255 1422 3310 verbis
1453 3268 1550 3309 vos
1583 3253 1841 3323 alloquar,

257 3346 685 3416 quandoquidem
728 3354 927 3401 tantam
972 3346 1238 3402 exhibetis
1276 3345 1643 3402 alacritatem:
1680 3342 1845 3400 Vestri

257 3446 425 3490 autem
444 3436 575 3490 beati
589 3437 741 3501 oculi,
773 3437 890 3508 quia
914 3436 1101 3501 vident,
1125 3446 1173 3491 et
1201 3454 1353 3505 aures
1377 3446 1570 3503 vestrm,
1592 3438 1709 3509 quia
1743 3453 1846 3490 au-

256 3528 422 3582 diunt.
452 3527 651 3583 Verum
680 3527 821 3597 quod
861 3542 1016 3584 aures
1038 3527 1252 3597 quidem
1284 3538 1474 3583 vestrm
1497 3528 1713 3583 audiant
1746 3544 1842 3598 pa-

258 3621 366 3675 lam
388 3628 468 3675 est
493 3635 507 3671 :
538 3620 681 3688 quod
721 3620 861 3674 oculi
890 3635 1017 3675 vero
1040 3620 1203 3674 vestri
1227 3620 1461 3686 videant,
1500 3621 1637 3678 sicut
1675 3621 1841 3675 disci-

253 3713 363 3783 puli
394 3723 519 3768 tunc
541 3712 810 3779 videbant,
831 3712 883 3768 id
913 3713 1285 3767 demonstrare
1308 3714 1561 3778 conabor,
1584 3723 1641 3768 ut
1672 3714 1841 3769 beati-

254 3804 382 3859 tudo
418 3813 593 3859 vcstra
620 3818 725 3859 non
773 3804 1010 3870 dimidia,
1057 3804 1153 3859 sed
1198 3805 1418 3859 omnino
1464 3804 1697 3875 perfecta
1745 3806 1833 3861 sit.

249 3895 388 3963 Quid
416 3911 543 3966 ergo
562 3904 687 3951 tunc
706 3895 959 3950 videbant
986 3896 1259 3966 discipuli?
1272 3896 1510 3951 ldortuos
1529 3897 1831 3965 suscitatus,

247 4002 421 4042 caecos
452 3987 620 4041 visum
652 3985 989 4056 recipientes,
1022 3986 1264 4056 leprosos
1294 3987 1606 4054 mandatos,
1649 3988 1833 4059 pulsos

246 4081 541 4149 daemonas,
571 4080 789 4136 claudos
833 4079 1185 4147 ambulantes,
1216 4089 1420 4135 naturae
1448 4081 1635 4138 vitium
1672 4098 1832 4151 omne

241 4182 564 4227 correctum.
591 4171 715 4227 llaec
737 4181 787 4226 ct
805 4188 945 4227 nunc
972 4186 1066 4227 vos
1093 4172 1304 4237 videtis,
1329 4174 1537 4229 etiamsi
1569 4192 1674 4231 non
1715 4192 1827 4233 cor-

243 4262 407 4332 poris,
455 4263 549 4317 sed
583 4262 701 4317 ﬁdei
730 4264 918 4317 oculis.
950 4262 1261 4333 Hujusmodi
1294 4280 1522 4335 namque
1543 4276 1666 4322 sunt
1703 4268 1825 4325 ﬁdei

241 4354 427 4413 oculi:
470 4368 588 4423 qum
615 4369 721 4407 non
756 4362 1016 4423 apparent
1064 4355 1276 4422 vident,
1322 4366 1376 4410 et
1419 4373 1540 4426 quae
1587 4360 1824 4416 nondum

241 4442 381 4499 laeta
418 4454 542 4499 sunt
570 4445 886 4515 intelligunt.
928 4444 1208 4502 Undeuam
1264 4446 1365 4503 hoc
1406 4447 1821 4521 demonstratur,

239 4550 433 4605 nempe
463 4534 619 4590 ﬁdem
651 4549 769 4589 esse
795 4545 1066 4605 aspectum
1097 4544 1153 4591 et
1192 4549 1562 4606 argumentum
1595 4556 1697 4595 non
1728 4558 1823 4611 ap-

241 4628 540 4698 parentium
559 4629 582 4681 ?
603 4627 740 4682 Audi
768 4628 991 4682 Paulum
1023 4628 1285 4689 dicentem
1319 4647 1331 4683 :
1360 4630 1454 4683 Est
1492 4640 1659 4686 autem
1693 4634 1820 4701 ﬁdes

232 4720 600 4790 speraudarum
620 4712 899 4774 substantia
935 4737 1123 4788 rerum,
1145 4731 1494 4792 argumentum
1529 4738 1630 4777 non
1667 4741 1822 4794 appa-

230 4815 445 4869 rentium
474 4814 850 4888 (Hebr.il.l).
873 4815 938 4868 Et
959 4814 1358 4884 quodmirabile
1375 4825 1476 4884 est,
1505 4816 1557 4870 hi
1577 4819 1817 4883 carnales

230 4906 373 4963 oculi
399 4923 516 4975 qua:
541 4907 639 4963 sub
664 4916 935 4976 aspectum
962 4906 1159 4967 cadunt
1178 4947 1193 4968 .
1238 4907 1442 4975 vident,
1474 4924 1596 4979 qua:
1638 4918 1815 4966 autem

230 5000 330 5054 sub
346 5008 616 5069 aspectum
647 5014 754 5053 non
781 4999 996 5067 cadunt,
1029 5015 1133 5053 non
1166 5000 1384 5055 vident:
1415 5012 1469 5055 at
1513 5002 1630 5058 ﬁdei
1674 5003 1821 5061 oculi

232 5091 448 5146 omnino
462 5098 669 5156 contra,
689 5106 806 5158 qua:
827 5089 924 5144 sub
951 5099 1220 5159 aspectum
1239 5091 1456 5157 eadunt,
1481 5108 1585 5145 non
1607 5092 1809 5160 vident,

222 5196 351 5253 quae
396 5196 528 5235 vero
554 5180 653 5236 sub
693 5190 966 5249 aspectum
1022 5196 1127 5239 non
1181 5181 1397 5247 eadunt,
1427 5182 1626 5237 vident.
1659 5184 1809 5250 Quod

198 5285 404 5364 [autem
444 5288 566 5345 qua:
594 5272 841 5339 videntur
886 5288 991 5327 non
1025 5272 1258 5340 videant,
1309 5283 1365 5329 et
1416 5290 1534 5344 quae
1587 5292 1692 5330 non
1729 5276 1808 5329 vi-

216 5365 418 5423 dentur
457 5365 691 5429 videant,
747 5364 944 5420 Paulus
991 5363 1286 5418 declaravit
1315 5364 1397 5420 his
1425 5365 1601 5420 verbis
1631 5384 1645 5421 :
1676 5366 1807 5422 Nam

229 5458 631 5516 Momentaneum
650 5467 694 5514 et
715 5457 819 5512 leve
843 5456 1179 5511 tribulationis
1203 5473 1362 5523 supra
1387 5457 1593 5511 modum
1612 5459 1663 5512 in
1687 5459 1776 5513 sub
1793 5486 1808 5499 ο

222 5552 437 5625 tintitate
462 5560 704 5605 (sternunt
740 5548 916 5619 gloria:
941 5548 1137 5618 pondus
1159 5556 1395 5618 operatur
1421 5548 1473 5601 in
1498 5548 1678 5612 nobis;
1704 5566 1804 5603 non

278 5661 355 5725 (a)
387 5660 759 5726 Chrysostomus
779 5658 1054 5713 inﬁrmitate
1076 5663 1291 5724 corporis
1315 5660 1581 5712 laborabat.

1972 1047 2403 1105 considerantibus
2431 1054 2573 1109 nobis
2596 1073 2709 1126 quae
2736 1058 2985 1127 videntur,
3012 1065 3105 1118 sed
3120 1081 3232 1136 qua:
3262 1085 3363 1122 non
3388 1070 3536 1125 uiden

1971 1143 2053 1189 tur
2077 1136 2132 1209 (2
2162 1138 2279 1193 Cor.
2302 1142 2355 1195 4.
2391 1143 2501 1214 17).
2536 1145 2603 1200 Et
2626 1151 2894 1217 quomodo
2922 1152 3184 1222 quispiam
3212 1172 3274 1211 ea
3303 1174 3421 1228 qua:
3450 1176 3562 1215 non

1970 1228 2216 1287 videntur
2236 1233 2469 1290 viderit?
2490 1239 2606 1305 Quo
2625 1241 2733 1297 alio
2757 1244 2937 1310 modo,
2962 1246 3061 1300 nisi
3093 1247 3213 1304 ﬁdei
3243 1252 3445 1306 oculis?
3468 1251 3565 1307 Sic

1968 1332 2024 1379 et
2046 1325 2172 1381 alibi
2199 1328 2269 1382 ait
2294 1345 2307 1381 :
2341 1328 2473 1385 Fide
2494 1332 2820 1405 intelligimus
2834 1347 3008 1409 aptata
3028 1357 3137 1395 esse
3160 1342 3347 1400 saecula
3368 1344 3561 1415 (Hebr.

1969 1417 2057 1471 11.
2080 1419 2155 1489 5).
2185 1419 2506 1486 Quomodo?
2535 1441 2640 1485 non
2668 1428 2810 1482 enim
2831 1430 3090 1489 videmus.
3114 1432 3181 1489 Ut
3206 1453 3269 1490 ex
3291 1437 3565 1493 invisibili-

1967 1508 2059 1564 bus
2081 1511 2294 1566 visibilia
2315 1514 2510 1581 ﬁerent.
2530 1517 2703 1575 Vultis
2718 1521 2857 1576 aliud
2877 1525 3142 1594 proferam
3169 1530 3557 1598 testimonium,

1967 1602 2107 1672 quod
2138 1604 2260 1660 ﬁdei
2288 1607 2427 1662 oculi
2453 1623 2515 1663 ea
2552 1611 2762 1668 videant
2802 1632 2921 1687 quae
2947 1635 3052 1673 non
3080 1622 3362 1681 videntur?
3389 1626 3561 1690 Gala-

1968 1694 2035 1749 tis
2061 1695 2345 1788 aliquando
2370 1702 2612 1758 scribens
2661 1704 2855 1762 Paulus
2880 1710 3091 1767 dicebat
3120 1729 3134 1767 :
3167 1715 3297 1772 Ante
3338 1734 3569 1788 quorum,

1965 1786 2136 1881 oculos
2165 1787 2315 1844 Iesus
2340 1789 2567 1848 Christus
2593 1799 2919 1871 prtescriptus
2938 1813 3010 1857 est
3037 1804 3090 1859 in
3116 1807 3250 1863 vobis
3278 1786 3564 1881 cruciﬁxus

1966 1876 2105 1951 (Gal.
2136 1882 2187 1934 δ.
2221 1883 2294 1953 1).

2034 1971 2088 2027 2.
2117 1973 2253 2040 Quid
2282 1975 2433 2043 dicis,
2459 1994 2491 2031 ο
2516 1978 2670 2037 beate
2695 1982 2895 2039 Paule?
2922 1986 2974 2040 in
3005 1986 3279 2049 Galatians
3302 1991 3565 2057 viderunt

1964 2081 2085 2119 eum
2117 2066 2321 2123 Galatae
2343 2072 2699 2128 cruciﬁxum?
2731 2092 2907 2131 nonne
2932 2081 3247 2139 conﬁtemur
3275 2099 3465 2143 omnes
3497 2087 3560 2141 in

1963 2157 2243 2215 Palaestina
2295 2162 2346 2217 in
2375 2164 2548 2220 media
2578 2166 2761 2222 Judma
2792 2170 3062 2228 Christum
3111 2190 3230 2233 esse
3282 2192 3505 2247 passum
3528 2182 3571 2235 ἓ

1961 2252 2240 2331 Quomodo
2269 2271 2397 2331 ergo
2444 2257 2617 2328 ipsum
2662 2260 2863 2317 Galatae
2903 2265 3223 2325 cruciﬁxum
3253 2271 3556 2327 viderunt?

1963 2345 2147 2409 Fidei,
2176 2363 2284 2404 non
2336 2344 2549 2415 carnis,
2591 2354 2779 2410 oculis.
2833 2356 3078 2431 Vidistin’
3101 2362 3367 2430 quomodo
3414 2364 3548 2421 ﬁdei

1960 2442 2099 2494 oculi
2142 2457 2203 2497 ea
2253 2459 2370 2513 quae
2417 2460 2522 2500 non
2568 2457 2826 2518 apparent
2855 2451 3112 2507 videant?
3140 2455 3182 2510 A
3227 2463 3374 2511 tanto
3398 2457 3564 2517 enim

1960 2533 2237 2601 intervallo
2296 2548 2350 2593 et
2376 2550 2499 2613 post
2528 2550 2731 2598 tantum
2758 2544 2965 2617 tempus
2993 2544 3260 2601 Christum
3289 2548 3546 2604 viderunt

1958 2630 2296 2685 cruciﬁxum.
2318 2633 2406 2687 Sic
2432 2642 2484 2688 et
2512 2648 2606 2691 vos
2636 2634 2827 2692 videtis
2874 2645 3113 2693 mortuos
3154 2650 3500 2710 resurgentes
3529 2657 3550 2697 :

1957 2722 2033 2776 sic
2062 2721 2222 2778 hodie
2257 2725 2476 2783 cernitis
2510 2728 2783 2797 leprosum
2821 2729 3181 2787 mundatum:
3216 2733 3295 2788 sic
3331 2736 3547 2806 paraly-

1956 2817 2120 2881 ticum
2147 2818 2353 2875 vidistis
2397 2829 2634 2879 erectum
2659 2862 2679 2888 ,
2704 2831 2758 2879 et
2787 2825 2955 2895 magis
2985 2824 3192 2880 vidistis
3215 2868 3230 2892 ,
3255 2843 3412 2898 quam
3442 2828 3543 2884 Ju‘

1955 2908 2076 2973 drei,
2110 2910 2196 2989 qui
2219 2920 2343 2972 tunc
2362 2910 2603 2972 aderant.
2636 2913 2717 2968 illi
2737 2902 2969 2985 namque
2992 2926 3282 2988 prmsentes
3312 2934 3413 2973 non
3445 2919 3550 2993 ad-

1954 3004 2148 3057 misere
2198 3003 2546 3070 miraculum,
2586 3021 2680 3062 vos
2724 3015 2904 3063 autem
2952 3008 3203 3064 absentes
3251 3009 3407 3067 ﬁdem
3438 3012 3549 3065 ad-

1953 3096 2194 3159 misistis.
2238 3094 2418 3166 Itaque
2456 3097 2579 3167 jure
2619 3097 2727 3155 dixi
2767 3098 3128 3161 vobis,Beati
3164 3103 3312 3157 vestri
3354 3103 3495 3158 oculi
3524 3147 3547 3171 ,

1951 3188 2068 3261 quia
2114 3174 2513 3263 υίάεηίωιαιιιι.
2548 3189 2769 3264 13.16).
2805 3192 2958 3261 Quod
2994 3193 3037 3247 si
3090 3194 3302 3259 aliunde
3324 3211 3547 3266 quoque

1950 3280 2160 3336 discere
2189 3281 2422 3343 volueris
2443 3323 2458 3347 ,
2491 3282 2615 3338 ﬁdei
2659 3282 2848 3345 oculos
2876 3299 2960 3350 ea,
2988 3300 3108 3354 quae
3131 3301 3237 3340 non
3266 3286 3545 3355 videntur,

1951 3374 2130 3431 videre
2152 3415 2166 3439 ,
2190 3384 2245 3431 et
2274 3390 2334 3430 ea
2362 3417 2376 3439 ,
2409 3391 2527 3447 quae
2567 3375 2835 3442 videntur,
2878 3388 3288 3447 praetercurrere
3320 3396 3334 3433 :
3362 3368 3553 3449 neque

1948 3467 2088 3529 enim
2132 3467 2241 3524 alio
2276 3466 2434 3525 modo
2469 3468 2697 3531 viderint
2721 3483 2782 3524 ea
2804 3509 2820 3535 ,
2850 3484 2971 3537 qua:
2999 3483 3107 3535 non
3135 3469 3399 3538 videntur,
3430 3472 3551 3533 nisi

1945 3574 2104 3630 supra
2146 3560 2285 3616 dicta
2314 3560 2657 3632 despexerint
2684 3579 2698 3615 :
2722 3562 2847 3617 audi
2876 3562 3096 3618 Paulum
3123 3563 3191 3621 de
3228 3564 3554 3623 Abraham:

1945 3652 2298 3708 disserentem
2319 3696 2335 3721 ,
2363 3654 2504 3724 quod
2540 3670 2732 3725 nempe
2777 3654 2901 3711 ﬁdei
2941 3656 3115 3717 oculis
3140 3657 3337 3719 Viderit
3360 3658 3553 3719 lilium,

1943 3761 2099 3801 suum
2132 3746 2275 3802 Isaac
2321 3747 2686 3813 nasciturum,
2725 3759 2778 3806 et
2804 3750 2882 3809 sic
2918 3750 3184 3819 acceperit
3222 3750 3543 3823 promissio-

1942 3854 2087 3894 nem.
2139 3839 2275 3907 Quid
2308 3840 2448 3893 enim
2480 3840 2593 3893 ait?
2622 3839 2689 3893 Et
2726 3858 2824 3894 non
2862 3842 3150 3909 inﬁrmatus
3189 3851 3259 3896 est
3282 3843 3401 3910 ﬁde,
3437 3859 3537 3895 nec

1940 3934 2269 3991 consideravit
2294 3950 2475 4004 corpus
2495 3951 2647 3988 suum
2668 3944 2952 3988 emortuum
2981 3934 3155 4005 (Rom.
3188 3935 3244 3991 4.
3275 3934 3383 4005 i9).
3414 3934 3540 3989 Ma-

1938 4042 2041 4103 gna
2077 4026 2156 4080 vis
2200 4025 2343 4081 ﬁdei.
2392 4025 2848 4092 Quemadmodum
2879 4026 3022 4081 enim
3064 4024 3398 4095 Cogitationes
3426 4027 3537 4079 Ιιο-

1937 4123 2129 4176 minum
2181 4122 2369 4175 timida:
2419 4129 2535 4176 sunt
2565 4130 2609 4174 et
2649 4120 2868 4193 inﬁrma:
2911 4119 3065 4194 (Sap.
3097 4121 3150 4175 9.
3182 4120 3413 4192 il);sic
3462 4120 3535 4173 li-

1935 4215 2031 4271 des
2078 4215 2229 4275 l'orlis
2277 4223 2573 4285 potensque
2628 4224 2726 4268 est.
2782 4212 2903 4268 Non
2950 4213 3283 4268 consideravit
3334 4230 3535 4284 corpus

1932 4324 2079 4362 suum
2116 4317 2417 4361 emortuum.
2450 4305 2635 4361 Viden’
2656 4304 2929 4374 quomodo,
2949 4304 3175 4361 visibilia
3223 4304 3529 4359 dimiserit?

1931 4399 2199 4470 quomodo
2252 4414 2358 4453 non
2416 4396 2711 4466 respexerit
2759 4397 2809 4450 in
2870 4397 3242 4451 senectutem?
3293 4396 3534 4457 Etiamsi

1933 4492 2047 4546 lucc
2087 4507 2197 4562 pra:
2224 4491 2395 4545 oculis
2439 4498 2572 4555 crat,
2609 4488 2703 4544 sed
2751 4487 2875 4550 ﬁdei
2916 4488 3089 4551 oculis
3112 4487 3351 4553 videbat,
3404 4503 3526 4544 non

1927 4588 2097 4642 oculis
2148 4586 2410 4655 corporis.
2453 4584 2577 4639 Ideo
2608 4598 2716 4637 non
2756 4582 2991 4652 respexit
3033 4580 3098 4635 ad
3138 4590 3471 4637 senectutem
3497 4626 3522 4647 ,

1927 4697 2099 4763 neque
2128 4679 2209 4753 Ad
2239 4688 2517 4735 emortuam
2556 4678 2750 4731 vulvam
2781 4676 2957 4732 Sarra:
2983 4674 3158 4749 (Rom.
3190 4676 3242 4730 4.
3269 4674 3379 4746 19).
3415 4675 3526 4730 Hic

1926 4774 2259 4829 sterilitatem
2296 4770 2450 4831 nobis
2469 4768 2792 4833 subiudicat.
2824 4768 3027 4837 Duplex
3054 4768 3198 4822 enim
3228 4766 3519 4821 inlirmitas

1923 4876 2038 4921 erat
2056 4866 2188 4931 ;.a|ia
2219 4880 2247 4918 a
2270 4871 2566 4926 senectute,
2592 4862 2692 4913 alia
2721 4860 2785 4913 ah
2816 4859 3127 4914 inﬁrmitate
3149 4868 3372 4912 naturae.
3394 4857 3516 4913 Ne-

1921 4977 2025 5032 que
2054 4959 2196 5014 cuim
2243 4966 2446 5011 tantum
2498 4970 2693 5023 corpus
2742 4953 2812 5007 ob
2838 4962 3050 5021 aetatem
3094 4952 3161 5008 ad
3215 4952 3515 5009 liberorum

1918 5048 2342 5122 procreationem
2380 5047 2619 5115 ineptum
2660 5055 2773 5099 erat
2793 5083 2810 5110 ,
2839 5043 2934 5100 sed
2963 5044 3121 5100 vulva
3148 5056 3358 5113 quoque
3387 5041 3523 5113 ejus

1918 5154 1974 5201 et
1998 5153 2201 5203 natura:
2230 5141 2444 5196 ofﬁcina
2468 5148 2584 5198 erat
2608 5145 2850 5201 emortua
2874 5177 2890 5203 ,
2917 5136 3080 5199 etiam
3100 5143 3224 5195 ante
3249 5144 3514 5191 Senectu-

1920 5250 2025 5293 tem
2050 5278 2065 5302 ,
2098 5250 2289 5303 nempe
2331 5233 2400 5287 ob
2431 5231 2787 5286 sterilitatem.
2816 5228 3000 5283 Vidcn'
3028 5236 3227 5298 quanta
3277 5227 3515 5295 impedi-

1915 5330 2131 5387 menta?
2179 5329 2436 5383 Senectus
2482 5324 2619 5388 viri,
2668 5332 2917 5378 senectus
2971 5322 3155 5376 uxoris
3199 5320 3512 5375 :sterititas

1913 5426 2084 5497 major
2112 5424 2267 5485 obex,
2300 5435 2459 5490 quam
2486 5425 2734 5473 senectus
2758 5433 2771 5469 :
2794 5431 2915 5470 nam
2947 5415 3075 5470 illud
3096 5423 3181 5469 est
3207 5414 3511 5469 maximum

1914 5519 1981 5573 ad
2011 5518 2297 5572 liberorum
2331 5511 2754 5582 procreationem
2783 5507 3241 5580 impedimentum.
3275 5504 3508 5559 Verum-

1915 5620 2091 5666 tamen
2124 5607 2237 5661 hwc
2257 5603 2433 5661 munia
2466 5600 2861 5673 praetercurrit,
2902 5605 3063 5671 atque
3084 5595 3254 5664 oculis
3282 5593 3409 5651 ﬁdei
3443 5594 3503 5651 in
