3734 6278
352 256 464 308 275

350 372 561 445 ἀνδρὸς,
591 370 651 424 τὸ
681 372 856 441 γῆρας
881 369 980 440 τῆς
1009 369 1290 438 γυναικός·
1329 370 1358 438 ἡ
1403 368 1497 421 τοῦ
1521 369 1707 438 γήρως
1741 368 2010 436 ἀχρηστο-

352 478 484 532 τερα
525 456 809 529 στείρωσις
833 473 847 487 ’
897 459 991 511 καὶ
1038 457 1146 528 γὰρ
1188 458 1282 509 καὶ
1322 455 1479 509 τοῦτο
1514 455 1747 525 μάλιστα
1787 453 2015 522 κώλυμα

352 546 716 615 παιδογονίας.
747 546 887 599 Ἀλλ’
918 546 1067 616 ὅμως
1100 544 1272 598 ταῦτα
1302 542 1479 598 πάντα
1510 542 1884 613 παρέδραμεν,
1920 539 2013 592 καὶ

349 636 462 698 τοῖς
488 634 587 697 τῆς
612 634 847 697 πίστεως
877 632 1173 703 ὀφθαλμοῖς
1199 632 1278 694 είς
1319 631 1445 694 τοὺς
1487 629 1748 699 οὐρανοὺς
1788 626 2011 696 ἀνέστη,

354 722 616 793 μεγίστην
635 720 742 774 τῶν
764 719 1187 791 ἐπηγγελμένων
1216 716 1489 781 ἀπόδειξιν
1510 716 1646 786 ἔχων
1669 715 1767 785 τὴν
1784 713 2017 782 δύναμιν

349 809 444 864 τοῦ
478 808 873 880 ὑποσχομένου.
909 807 1007 860 Διὰ
1045 806 1204 860 τοῦτο
1234 809 1339 872 Εις
1369 804 1483 871 τὴν
1512 802 1875 871 ἐπαγγελίαν
1905 799 2012 853 τοῦ

352 898 500 954 Θεοῦ
528 899 599 951 οὐ
631 896 892 964 διεκρίθη
925 895 1002 963 τῇ
1033 893 1300 959 ἀπιστίᾳ,
1340 888 1474 945 ἀλλ’
1501 887 1911 957 ἐνεδυναμώθη
1937 884 2013 954 τῇ

349 988 570 1041 πίστει.
604 983 901 1055 ’Βακτηρία
945 983 1053 1053 γάρ
1098 980 1180 1045 τίς
1215 981 1363 1033 ἐστιν
1389 977 1583 1049 ισχυρά
1612 976 1646 1047 ή
1676 975 1879 1039 πίστις,
1920 974 2014 1026 καί⁵

345 1073 512 1146 λιμὴν
544 1070 812 1141 ἀσφαλὴς,
844 1069 944 1139 τῆς
975 1068 1085 1122 τῶν
1120 1066 1394 1137 λογισμῶν
1423 1064 1838 1119 άπαλλάττουσα
1872 1060 2012 1114 πλά-

345 1178 466 1234 νης,
499 1161 593 1214 καὶ
624 1161 682 1212 ἐν
704 1156 903 1230 ἠσυχίᾳ
926 1156 1089 1225 πολλῇ
1124 1155 1221 1225 τὴν
1242 1152 1416 1224 ψυχὴν
1444 1151 1815 1205 ἀναπαύουσα.
1833 1148 2016 1218 ’Υμῶν

347 1249 416 1302 δὲ
434 1247 712 1318 μακάριοι
741 1247 795 1299 οί
829 1242 1143 1313 ὀφθαλμοὶ,
1183 1242 1267 1295 ὅτι
1288 1240 1597 1305 βλέπουσι
1620 1255 1634 1268 ο
1676 1238 1771 1291 καὶ
1796 1236 1904 1306 γὰρ
1934 1237 2013 1299 είς

347 1337 480 1389 αὑτὸ
544 1334 708 1389 πάλιν
759 1330 1073 1385 ἐπανελθεῖν
1127 1328 1420 1397 ἀναγκαῖον
1473 1326 1535 1379 τὸ
1585 1327 1756 1396 ῥῆμα.
1820 1323 2014 1376 Καίτοι

348 1425 575 1478 ἔϐλεπον
608 1422 702 1476 καὶ
727 1422 777 1475 ot
808 1419 1047 1474 Ἰουδαῖοι
1072 1417 1138 1471 τά
1159 1417 1280 1469 τότε
1315 1415 1593 1485 γινόμενα.
1626 1412 1767 1465 Ἀλλ’
1795 1411 1856 1465 οὑ
1880 1410 2013 1463 ταύο

347 1530 448 1583 την
497 1508 793 1581 μακαρίζει
838 1507 936 1578 τὴν
969 1505 1090 1574 δψιν
1117 1503 1214 1575 τὴν
1261 1502 1495 1569 ἔξωθεν·
1547 1500 1687 1570 αὕτη
1734 1499 1842 1570 7&9
1891 1497 2012 1583 καθ’

348 1582 547 1671 ἑαυτὴν
576 1598 675 1668 οὑχ
695 1596 796 1667 ὁρᾷ
822 1594 893 1649 τά
922 1593 1193 1663 θαύματα,
1233 1591 1346 1645 ἀλλ’
1368 1592 1402 1661 ἡ
1425 1589 1591 1643 ἔνδον.
1632 1590 1855 1641 Ἐκεῖνοι
1876 1582 2015 1639 εἶδον

347 1686 549 1755 τυφλὸν
583 1684 678 1738 καὶ
711 1682 897 1751 ἐλεγον
919 1698 933 1713 ·
991 1677 1179 1745 Οὗτός
1215 1679 1407 1741 ἐστιν,
1458 1679 1569 1731 οὐκ
1601 1677 1773 1730 ἐστιν
1799 1671 2011 1738 οὗτοςο

351 1772 703 1841 καλέσωμεν
732 1768 919 1824 αὑτοῦ
945 1767 1086 1834 τοὺς
1118 1765 1338 1835 γονεῖς.
1369 1763 1613 1827 Ἀκούεις
1643 1760 2014 1833 άμφιδαλλόν-

348 1876 494 1925 τωνς
523 1859 655 1930 όρᾷς
690 1858 775 1913 ὅτι
800 1857 900 1911 οὑκ
932 1856 1091 1925 ἀρκεῖ
1114 1857 1147 1924 ἠ
1178 1853 1273 1907 τοῦ
1304 1850 1555 1924 σώματος
1598 1852 1721 1922 ὄψις
1755 1850 1890 1921 πρὸς
1918 1848 2015 1921 τὴν

348 1945 441 2000 τοῦ
474 1943 749 2012 θαύματος
774 1941 1035 2012 θεωρίαν;
1072 1942 1134 1993 Οἱ
1173 1939 1438 2011 παρόντες
1469 1940 1563 1992 καὶ
1599 1937 1861 2008 θεώμενοι
1895 1934 2013 1990 ἐλε-

349 2051 446 2103 γον
468 2049 482 2063 ⁸
528 2026 716 2096 Οὗτός
754 2029 945 2091 ἐστιν,
985 2030 1095 2082 οὐκ
1126 2027 1295 2081 ἐστιν
1321 2022 1503 2091 οὗτος
1523 2042 1537 2056 ο
1578 2028 1739 2096 ἡμεῖς
1770 2024 1826 2078 δέ
1858 2025 1905 2077 οἱ
1939 2024 2014 2095 μὴ

352 2121 616 2193 παρόντες
642 2119 703 2172 οὑ
737 2118 987 2188 λέγομεν,
1022 2112 1210 2181 Οὗτός
1239 2115 1426 2178 ἐστιν,
1454 2116 1565 2168 οὐκ
1594 2113 1766 2166 ἔστιν
1800 2107 1979 2176 οὗτος
1997 2126 2011 2140 ο

349 2208 464 2263 ἀλλ’
493 2208 685 2273 Αὐτός
717 2205 905 2260 ἐστιν.
932 2203 1172 2275 Ἐμαοες
1218 2202 1294 2265 ὡς
1337 2201 1486 2255 οὑδέν
1516 2200 1742 2270 βλάπτει
1780 2201 1813 2269 ἠ
1846 2201 2015 2253 ἀπου-

352 2298 466 2359 σία,
495 2296 622 2349 ὃταν
649 2294 882 2357 πίστεως
914 2290 1183 2361 ὀφθαλμοὶ
1222 2283 1344 2354 ὦσι,
1390 2288 1485 2342 κα)⁸
1517 2288 1591 2350 ὡς
1632 2287 1783 2341 οὑδέν
1814 2287 2015 2356 ὡφελεί

350 2387 385 2455 ἠ
433 2382 724 2454 παρουσία,
761 2383 889 2436 ὅταν
918 2380 1149 2442 πίστεως
1180 2374 1448 2447 ὀφθαλμοὶ
1502 2374 1577 2446 μὴ
1623 2368 1761 2439 ὧσι;
1814 2375 1879 2426 Τί
1906 2374 2014 2446 γὰρ

351 2471 591 2533 ἐκείνους
635 2466 811 2539 ὢνησε
855 2465 916 2521 τὸ
954 2464 1115 2530 ίδεῖν;
1181 2462 1367 2519 Οὐδέν.
1400 2462 1590 2533 Ἡμεῖς
1634 2460 1742 2532 γὰρ
1791 2461 2013 2514 ἐκείνων

353 2557 684 2627 σαφέστερον
730 2554 966 2625 εἴδομεν.
1002 2550 1155 2604 Ἐπεὶ
1196 2545 1289 2604 οὖν
1321 2549 1607 2620 βλέπουσιν
1656 2550 1705 2602 οί
1748 2548 2015 2619 ὀφθαλμοί¹

353 2643 507 2712 ὑμῶν
536 2640 790 2712 Θεωρίαν,
815 2639 910 2693 καὶ
937 2636 1216 2693 ἀκούειτά
1242 2631 1358 2691 ὦτα
1390 2636 1674 2708 ἀκρόασιν,
1706 2636 1772 2707 ἢν
1811 2638 1839 2689 6
1882 2636 2018 2706 Χρι-

354 2731 476 2795 στὸς
504 2728 831 2800 ἐμακάρισε,
874 2727 1007 2798 φέρε
1038 2726 1167 2795 ὑμῖν
1197 2725 1322 2788 τοὺς
1361 2723 1704 2795 μαργαρίτας
1740 2722 1847 2776 τῶν
1876 2722 2015 2791 1‘90.-

352 2819 470 2889 φῶν
502 2815 858 2888 παραϐῶμεν.
882 2814 1095 2885 Ὥσπερ
1136 2813 1246 2883 7&9
1284 2812 1397 2875 τοῖς
1426 2811 1694 2874 Ἰουδαίοις
1734 2807 1892 2882 [2811
1918 2809 2021 2863 οὑκ

352 2906 583 2962 ἐπέλυσε
611 2905 678 2959 τὰ
704 2904 992 2973 ζητήματα
1014 2902 1042 2954 ὁ
1074 2898 1328 2972 Χριστὸς,
1352 2898 1488 2952 ἀλλά
1519 2898 1613 2952 καὶ
1639 2897 1878 2951 ἐπέτεινε
1916 2898 2015 2968 τὴν
2038 2932 2041 2937 -

353 2994 642 3062 ἀσάφειαν,
695 2988 882 3061 ἐπειδὴ
933 2987 1008 3059 μὴ
1055 2989 1369 3059 προσεῖχον’
1423 2984 1568 3039 οὕτω
1614 2985 1679 3056 δὴ
1729 2985 1823 3039 καὶ
1864 2985 2015 3055 ὑμῖν,

355 3079 545 3153 ἐπειδὴ
585 3077 901 3150 προσέχετε,
931 3075 1001 3129 τὰ
1022 3073 1379 3147 κεκρυμμένα
1410 3073 1562 3143 ἄγειν
1591 3074 1670 3137 είς
1700 3073 1861 3144 μέσον
1885 3073 2017 3146 χρὴ.

354 3168 466 3226 Καὶ
492 3167 601 3239 7&9
632 3163 932 3238 προσῆλθον
956 3163 1005 3217 οί
1038 3162 1276 3235 μαθηταὶ
1304 3161 1398 3217 καὶ
1422 3160 1724 3232 ἐθαύμαζον
1746 3161 2012 3229 λέγοντες

352 3256 516 3310 Διατί
544 3254 614 3309 ἐν
636 3251 1006 3324 παραϐολαῖς
1032 3250 1240 3317 λαλεῖς
1261 3249 1495 3315 αὐτοῖς;
1512 3250 1567 3304 Ὀ
1595 3250 1653 3303 δὲ
1686 3249 1812 3321 ἐφη,
1830 3250 2017 3304 Ἐπει-

352 3343 430 3412 δὴ
470 3342 809 3408 ,ϐλέποντες
838 3343 909 3394 οὐ
941 3338 1306 3404 βλέπουσιν.
1333 3337 1540 3391 Οὐκοῦν
1568 3336 1754 3408 ἐπειδὴ
1783 3336 1855 3408 μὴ
1886 3338 2017 3391 ἰδόν-

353 3449 447 3494 τες
494 3430 653 3500 ὑμεῖς
697 3427 887 3494 εἴδετε,
935 3428 1232 3496 ἀναγκαῖον
1284 3424 1359 3496 μὴ
1410 3427 1467 3478 ἐν
1516 3423 1795 3495 παραϐολῇ
1842 3424 2017 3478 εἰπεῖν

359 3517 497 3588 πρὸς
528 3516 671 3585 ὑμᾶς
694 3529 709 3545 ο
758 3515 852 3569 καὶ
876 3514 1058 3585 ἐπειδὴ
1092 3514 1430 3578 Ἀκούοντες
1456 3514 1568 3565 οὐκ
1661 3505 2016 3565 ἀκούουσιν.

357 3600 568 3658 Οὐκοῦν
591 3601 780 3671 ἐπειδὴ
815 3600 973 3669 ὑμεῖς
1014 3599 1089 3670 μὴ
1129 3599 1458 3661 ἀκούσαντες
1487 3598 1630 3660 τότε,
1674 3595 1899 3649 ἀκούετε
1923 3596 2017 3650 νῦν

356 3689 457 3743 οὑκ
480 3686 720 3753 ἔλαττον,
752 3686 786 3758 ἢ
831 3687 952 3739 τότε
994 3685 1261 3755 ἠκούσατε
1303 3697 1354 3749 ιι,
1407 3684 1698 3752 ἀναγκαῖον
1747 3684 1890 3754 ὑμᾶς
1942 3684 2018 3755 μὴ

357 3774 733 3848 ἀποστερῆσαι
764 3772 864 3843 τῆς
887 3771 1164 3843 τραπέζης
1192 3770 1413 3841 ταύτης.
1455 3772 1562 3824 Καὶ
1594 3771 1702 3841 7&9
1730 3773 1758 3824 6
1785 3771 2018 3841 Χριστὸς

357 3862 581 3924 τούτους
618 3860 718 3931 οὑχ
744 3853 906 3932 ἦττον
939 3859 1275 3929 ἐμακάρισεν
1308 3858 1340 3929 ἢ
1371 3857 1610 3923 ἐκείνους
1629 3874 1644 3889 ·
1684 3855 1857 3925 Εἶδες
1886 3858 2016 3930 γὰρ,

361 3949 514 4023 φησὶ,
542 3948 641 4002 καί
678 3946 1076 4011 ἐπίστευσας·
1104 3943 1381 4014 μακάριοι
1424 3947 1475 3999 οι
1517 3944 1603 4013 μὴ
1636 3943 1884 4011 ἰδόντες,
1920 3944 2021 3998 καὶ

359 4038 813 4102 πιστεύσαντες.
842 4034 935 4105 Μὴ
952 4036 1130 4088 τοίνυν
1153 4034 1376 4105 ὀκνηροί
1400 4032 1613 4104 γίνεσθε
1640 4033 1775 4104 πρὸς
1794 4032 2016 4105 ἀρετὴν,

358 4129 441 4181 ὅτι
493 4125 573 4197 μὴ
607 4125 727 4179 κατ’
775 4122 1017 4187 ἐκείνους
1067 4122 1193 4186 τοὺς
1233 4121 1479 4195 χρόνους,
1519 4120 1656 4175 ἀλλά
1695 4121 1815 4175 κατ’
1857 4121 2020 4175 αὑτὸν

358 4214 635 4286 ἐγένεσθε.
664 4213 761 4267 Ἂν
790 4214 898 4285 γάρ
929 4211 1153 4275 ἐθέλοις,
1180 4212 1281 4266 οὑκ
1311 4208 1621 4283 ἐζημιώθης
1645 4226 1660 4242 °
1699 4210 1889 4281 ὥσπερ
1926 4207 2019 4266 οὖν

360 4301 547 4356 πολλοὶ
572 4301 667 4355 καὶ
688 4301 797 4355 τῶν
822 4300 943 4353 τότε
969 4299 1294 4372 γενομένων,
1335 4299 1521 4370 ἐπειδὴ
1552 4298 1628 4370 μὴ
1666 4298 1874 4370 ἧθελον,
1920 4300 2021 4354 οὑκ

361 4386 743 4459 ὠφελήθησαν.

431 4478 503 4541 γ’.
526 4471 590 4525 Τί
610 4468 701 4525 οὖν
721 4473 837 4525 ἐστι
847 4471 907 4525 τὸ
930 4471 1165 4542 σήμερον
1180 4471 1546 4540 ἀναγνωσθέν;
1578 4472 1754 4528 Τοῦτο
1775 4473 1843 4526 δὲ
1862 4473 2019 4544 τινώ-

362 4573 562 4623 σκετε,
584 4556 675 4613 ὅτι
711 4558 782 4611 ἐν
814 4557 1097 4627 ἐσχάταις
1126 4556 1371 4626 ἡμέραις
1402 4558 1802 4627 ἐνστήσονται
1831 4559 2023 4629 καιροί

364 4646 640 4717 χαλεποί.
668 4645 758 4718 Τῷ
787 4644 1035 4716 Τιμοθέῳ
1068 4645 1227 4698 πάλιν
1268 4647 1297 4698 ό
1328 4645 1538 4710 Παῦλος
1567 4646 1890 4702 ἐπιστέλλει.
1923 4649 2024 4701 Φο-

362 4736 500 4808 ϐερά
529 4736 562 4808 ἡ
597 4733 795 4807 ἀπειλή
818 4750 831 4763 °
881 4732 1015 4788 άλλά
1052 4732 1454 4805 διαναστῶμενο
1485 4733 1708 4799 τούτους
1750 4735 1861 4809 γὰρ
1891 4735 2022 4807 ἡμῖν

360 4825 487 4889 τοὺς
516 4823 739 4895 καιροὺς
787 4822 1103 4886 αἰνίττεται,
1157 4822 1247 4877 καὶ
1288 4822 1412 4888 τοὺς
1461 4822 1600 4893 μετὰ
1637 4823 1879 4890 τούτους,
1928 4826 2023 4879 καὶ

362 4913 489 4976 τοὺς
514 4912 644 4984 περὶ
670 4911 767 4980 τὴν
801 4909 1107 4964 συντέλειαν
1138 4909 1326 4980 αὑτήν.
1364 4910 1543 4965 Τοῦτο
1574 4910 1643 4965 δὲ
1674 4913 2019 4981 γινώσκετε,

363 4998 455 5052 ὅτι
484 4999 553 5052 ἐν
588 4998 874 5067 ἐσχάταις
901 4996 1147 5067 ἡμέραις
1182 4997 1583 5064 ἐνστήσονται
1622 5000 1812 5070 καιροί
1852 5006 2024 5070 χαλε-

364 5086 489 5140 ποί.
519 5086 702 5157 Βραχὺ
728 5084 790 5137 τὸ
818 5085 988 5154 ῥῆμα,
1031 5084 1125 5139 καὶ
1155 5084 1364 5155 μεγάλη
1403 5087 1436 5155 ἡ
1461 5085 1707 5156 δύναμις.
1758 5090 2022 5164 Καθάπερ

366 5171 476 5243 7&9
502 5170 572 5223 τά
594 5169 862 5241 ἀρώματα
886 5170 946 5223 οὑ
975 5169 1053 5240 τῷ
1082 5170 1293 5241 πλήθει,
1331 5170 1466 5225 ἀλλά
1494 5174 1559 5243 τῇ
1589 5172 1749 5241 φύσει
1769 5174 1867 5246 τὴν
1889 5178 2023 5232 εὑω-

364 5259 484 5313 δίαν
508 5257 839 5311 ἐνδείκνυται
862 5273 877 5289 ο
927 5256 1067 5311 οὕτω
1100 5258 1193 5311 καὶ
1216 5258 1273 5310 αί
1304 5256 1444 5311 θεῖαι
1471 5258 1682 5331 Γραφαὶ
1701 5260 1761 5313 οὑ
1785 5260 1864 5333 τῷ
1885 5262 2024 5334 πλήο

366 5347 451 5402 θει
468 5345 576 5399 τῶν
601 5345 879 5417 ῥημάτων,
910 5344 1044 5398 ἀλλὰ
1068 5347 1137 5417 τῇ
1167 5344 1391 5415 δυνάμει
1414 5345 1523 5400 τῶν
1551 5347 1882 5421 ἐγκειμένων
1904 5354 2025 5406 πᾶ-

368 5452 466 5491 σαν
486 5435 615 5507 ἡμῖν
638 5435 933 5505 παρέχουσι
958 5432 1054 5503 τὴν
1081 5432 1366 5503 ὠφέλειαν.
1390 5432 1545 5489 Οὕτω
1569 5435 1662 5490 καὶ
1681 5436 2023 5511 θυμιάματος

434 5653 458 5685 ⁸
480 5651 565 5704 Sic
585 5666 698 5704 mss.
726 5654 821 5706 Sed
839 5656 1067 5706 mendum
1091 5656 1328 5718 suspicor.

1135 253 1193 307 S.
1231 248 1518 308 JOANNlS
1561 243 2040 304 CHRYSOSTOIII
2082 243 2402 301 ARCIIIEP.
2440 245 2982 303 CONSTANTINOP.
3674 254 3695 309 ε

2116 365 2276 432 φύσις
2315 366 2406 418 καὶ
2451 366 2572 419 καθ’
2600 367 2799 436 ἑαυτὴν
2838 367 2937 437 μέν
2974 368 3122 420 ἐστιν
3165 366 3403 436 εὑώδης·
3437 366 3581 419 ἐπὰν
3611 369 3698 421 δὲι

2115 452 2226 522 πῦρ
2248 453 2421 522 αὑτὴν
2464 453 2727 525 ἐμϐάλῃς,
2771 455 2894 506 τότε
2948 455 3127 507 πᾶσαν
3169 454 3543 508 ἐπιδείκνυται
3584 456 3674 525 τὴν

2114 540 2283 610 αὑτῆς
2309 541 2522 611 ἡδονήν.
2547 541 2702 596 Οὕτω
2731 542 2825 595 καὶ
2858 543 2891 612 ὴ
2921 542 3040 595 θεία
3069 542 3259 613 Γραφὴ
3286 544 3380 595 καὶ
3416 543 3546 595 καθ’
3582 544 3697 596 ἐαυτ

2118 628 2217 698 μέν
2247 629 2392 681 ἐστιν
2416 629 2611 699 ἡδίστη
2630 646 2644 660 ο
2686 629 2903 683 ἐπειδάν
2928 630 2986 683 δὲ
3010 629 3109 699 τῆς
3135 629 3290 699 ἡμῶν
3315 629 3645 699 ἐπιλάϐηται
3670 633 3699 700 ψ

2113 715 2238 784 χῆς,
2263 716 2515 787 καθάπερ
2553 718 2632 781 είς
2664 718 3021 786 θυμιατήριον
3063 716 3398 785 ἐμπεσοῦσα,
3442 718 3657 771 ἅπαντα
3681 738 3700 772 1

2113 797 2260 856 οἶκον
2284 804 2381 873 τῆς
2403 803 2630 867 εὐωδίας
2659 804 2983 874 ἐμπίπλησι.
3016 805 3196 858 Τοῦτο
3223 805 3293 858 δὲ
3321 806 3699 874 γινάηκετε,ὶ

2113 890 2183 942 ἐν
2212 889 2499 958 ἐσχάταις
2543 891 2791 959 ’ἡμέραις
2829 891 3231 958 ἐνστήσονται
3272 894 3466 960 καιροὶ
3504 898 3699 961 xulem

2116 976 2253 1046 Περὶ
2282 978 2378 1048 τῆς
2414 976 2721 1041 συντελείας
2748 978 2916 1047 λέγει.
2943 978 3008 1031 Τί
3038 974 3130 1032 οὖν
3176 979 3307 1049 πρὸς
3337 980 3416 1043 σὲ,
3455 974 3505 1032 ὦ
3550 982 3702 1051 pati;

2114 1062 2327 1127 Παῦλε;
2381 1064 2433 1116 τί
2481 1064 2536 1117 δὲ
2587 1064 2725 1136 πρὸς
2781 1063 3069 1135 Τιμόθεον;
3106 1065 3158 1118 τί
3210 1064 3266 1119 δὲ
3314 1067 3453 1137 πρὸς
3495 1068 3623 1130 τοὺς
3659 1068 3701 1120 vi

2113 1150 2408 1215 ἀκούοντας
2428 1169 2441 1216 ;
2475 1151 2686 1222 Μικρὸν
2708 1151 2816 1221 γὰρ
2838 1151 3063 1222 ὕστερον
3083 1152 3364 1222 μέλλουσιν
3388 1154 3701 1225 ἀποθνήσκει

2113 1238 2516 1310 ἐξαρπάζεσθαι
2539 1239 2648 1291 τῶν
2677 1239 2936 1293 ἐπιόντων
2966 1238 3153 1292 δεινῶν
3176 1239 3269 1292 καὶ
3294 1242 3553 1311 πονηρῶν
3586 1242 3703 1311 aue?

2116 1343 2254 1381 πων.
2290 1326 2431 1379 Ἀλλ’
2462 1327 2583 1397 οὑχ).
2613 1326 2682 1379 τά
2719 1326 2963 1398 παρόντα
3002 1326 3183 1396 βλέπω
3217 1328 3398 1396 μόνον,
3430 1329 3624 1399 φησιν,
3650 1329 3704 1381 ἀλ

2116 1413 2208 1465 καὶ
2239 1413 2308 1466 τὰ
2343 1412 2602 1483 μέλλοντα
2632 1413 2868 1483 προορῶ.
2906 1413 3041 1483 Οὐχὶ
3078 1413 3177 1484 τῆς
3208 1414 3487 1486 παρούσης
3534 1416 3703 1484 φείδομ

2115 1500 2373 1570 ποίμνης,
2397 1499 2533 1553 ἀλλά
2561 1498 2656 1552 καὶ
2684 1498 2825 1570 ὑπὲρ
2862 1499 2964 1569 τῆς
2998 1500 3295 1571 μελλούσης
3316 1501 3543 1570 ἀγωνιῶ
3569 1505 3658 1555 καὶ
3688 1504 3703 1555 ί

2114 1588 2290 1642 δοικα.
2330 1588 2521 1657 Ἡμεῖς
2569 1586 2669 1657 μὲν
2712 1587 2821 1657 7&9
2859 1587 2969 1640 τῶν
3015 1587 3282 1643 συνόντων
3315 1591 3451 1659 ἡμῖν
3479 1590 3706 1661 avem:

2120 1675 2272 1745 μόλις
2306 1671 2607 1743 ποιούμεθα
2637 1673 2911 1743 πρόνοιαν,
2936 1675 3142 1737 ἐκεῖνος
3161 1674 3220 1728 δὲ
3251 1675 3391 1746 ὑπὲρ
3410 1675 3525 1728 τῶν
3561 1677 3706 1747 μηδέι

2111 1762 2410 1833 τεχθέντων
2442 1761 2643 1833 πολλὴν
2676 1766 2907 1816 ποιεῖται
2940 1764 3039 1834 τὴν
3066 1763 3322 1834 σπουδήν.
3349 1763 3512 1816 Οὕτω
3542 1767 3637 1817 καὶ
3666 1782 3706 1817 τι

2118 1850 2226 1923 μὴν
2268 1850 2487 1922 ἄριστος
2534 1852 2633 1923 οὑχ
2674 1853 2802 1905 ὅταν
2845 1852 2931 1923 ἴδῃ
2983 1852 3110 1913 τοὺς
3160 1850 3356 1913 λύκους
3410 1851 3705 1915 ἐπιόντας⁴

2115 1939 2319 2010 ποίμνῃ
2348 1940 2443 1993 καὶ
2470 1940 2579 1993 τῶν
2605 1941 2892 2011 προϐάτων
2922 1940 3088 2007 ἐγγὺς
3113 1938 3456 2009 γενομένους,
3496 1941 3625 1993 τότε
3654 1956 3708 2009 πρ

2114 2028 2263 2098 λέγει
2295 2029 2474 2099 μόνον,
2519 2029 2655 2083 ἀλλὰ
2697 2030 2790 2083 καὶ⁵
2828 2028 3109 2102 πόρρωθεν
3147 2026 3307 2089 ὖντας
3355 2028 3581 2101 μηνύει.
3633 2029 3708 2081 οὕι

2114 2118 2211 2170 καί⁵
2236 2118 2265 2170 ό
2294 2115 2525 2180 Παῦλος,
2548 2116 2799 2189 καθάπερ
2822 2117 3027 2187 ποιμὴν
3050 2116 3292 2186 ἄριστος,
3315 2116 3402 2184 ἐφ’
3436 2116 3647 2187 ὑψηλοῦ
3672 2135 3707 2184 χι

2120 2204 2234 2276 ρίου
2286 2204 2379 2258 τοῦ
2430 2205 2531 2276 τῆς
2585 2203 2921 2277 προφητείας
2967 2201 3275 2273 ἀξιώματος
3317 2202 3653 2273 καθήμενος,
3681 2221 3709 2255 ιι

2114 2298 2227 2359 τοῖς
2287 2293 2443 2368 [282]
2486 2295 2840 2365 προφητικοῖς
2893 2291 3187 2362 ὀφθαλμοῖς
3260 2291 3468 2345 ἀνωθεν
3536 2290 3710 2362 προορὲ

2115 2384 2513 2454 κατατρέχοντα
2541 2384 2609 2437 τά
2638 2380 2821 2452 θηρία,
2851 2381 2937 2434 ἐπ’
2984 2380 3152 2449 αὑτῆς
3194 2380 3295 2448 τῆς
3335 2379 3648 2442 συντελείας
3682 2381 3709 2449 ἡ

2119 2470 2331 2541 μῶντας
2357 2472 2449 2526 καὶ
2471 2469 2915 2539 άποτεινομένους
2956 2468 3094 2521 κατά
3130 2467 3225 2537 τῆς
3254 2467 3494 2535 ποίμνης
3528 2467 3711 2539 προλὲγη

2115 2560 2210 2617 καὶ
2236 2557 2790 2631 προδιαμαρτύρεται,
2834 2556 2921 2608 ἵνα
2952 2555 3044 2608 καὶ
3085 2556 3209 2617 τοὺς
3244 2554 3473 2623 μηδέπω
3504 2572 3711 2624 γεννωξιι

2117 2662 2239 2709 νους
2269 2643 2661 2715 παρασκευάσῃ
2702 2644 2915 2711 νήφειν,
2949 2642 3042 2695 καὶ
3072 2643 3252 2693 πᾶσαν
3293 2641 3509 2714 τειχίσῃ
3538 2642 3641 2711 τὴν
3664 2659 3712 2694 τε

2120 2749 2257 2804 μνην
2285 2735 2351 2803 τῇ
2387 2731 2713 2803 προφητείᾳ.
2767 2731 2874 2783 Καὶ
2909 2731 3016 2799 γὰρ
3054 2730 3147 2782 καὶ
3197 2729 3375 2799 πατὴρ
3424 2730 3711 2799 φιλόστορῃ

2114 2820 2292 2874 οίκίαν
2330 2819 2781 2890 οἰκοδομούμενος
2813 2817 3070 2880 πολλάκις
3102 2820 3215 2880 τοῖς
3252 2816 3419 2869 αὑτοῦ
3460 2820 3622 2870 παισὶ
3647 2819 3714 2887 lay

2117 2907 2262 2978 πράν
2301 2908 2398 2961 καὶ
2439 2905 2678 2977 μεγάλην
2712 2904 2885 2967 οὕτως
2925 2904 3214 2972 οἰκοδομεῖ,
3254 2904 3352 2973 οὑχ
3385 2903 3531 2957 ὥστε
3557 2906 3713 2957 ἐκείνη

2116 2996 2393 3065 χρησίμην
2421 2993 2672 3063 γενέσθαι
2715 2992 2897 3063 μόνον,
2927 2990 3063 3046 ἀλλά
3096 2991 3197 3046 καὶ
3234 2991 3481 3059 ἐγγόνοις
3537 2994 3635 3046 καὶ
3670 2996 3713 3043 το

2119 3081 2235 3152 μετ’
2263 3080 2523 3143 ἐκείνους.
2552 3079 2711 3133 Οὕτω
2735 3079 2831 3132 καὶ
2854 3077 3107 3148 βασιλεὺς
3128 3078 3285 3132 πόλει
3313 3079 3617 3151 φιλουμένῃ
3641 3098 3716 3151 περ

2116 3169 2294 3224 ϐαλὼν
2312 3164 2491 3238 τεῖχος
2528 3166 2747 3233 ἔξωθεν,
2781 3165 3021 3234 ἀσφαλὲς
3048 3164 3205 3218 τοῦτο
3243 3169 3387 3220 ποιεῖ
3434 3168 3533 3220 καὶ
3564 3166 3716 3237 ίσ-χυᾴ

2116 3259 2213 3312 καὶ
2228 3256 2470 3325 διαρκὲς,
2501 3254 2599 3325 οὑχ
2628 3254 2715 3306 ίνα
2735 3254 2829 3307 ἐπὶ
2856 3252 2954 3323 τῆς
2982 3254 3172 3322 γενεᾶς
3190 3252 3352 3307 αὑτοῦ
3385 3253 3563 3324 μόνης
3585 3255 3715 3323 {mna

2117 3349 2205 3418 τῇ.
2230 3345 2345 3400 ἀλλ’
2375 3344 2462 3398 ἵνα
2502 3343 2596 3398 καὶ
2635 3346 2746 3407 τοῖς
2793 3340 2931 3412 μετὰ
2961 3341 3133 3418 ταῦτα
3171 3342 3304 3395 πᾶσι
3335 3342 3564 3414 γένηται
3595 3346 3715 3413 χρὴε

2361 3396 2613 3503 πρδςντάς
2640 3396 2760 3484 τότε
2791 3396 3056 3499 μηχανές,
3082 3428 3214 3482 ἀλλά
3250 3396 3383 3499 πρός
3412 3396 3516 3493 τάς
3556 3396 3715 3497 ῠὲὲέρ

2116 3516 2416 3587 γενομένας
2449 3512 2752 3586 προσϐολὰς
2788 3512 3106 3583 ἐπιτήδειον.
3162 3513 3315 3566 Οὕτω
3363 3515 3458 3566 καὶ
3497 3517 3527 3568 6
3577 3515 3715 3568 Παῇ

2118 3605 2393 3675 ἐποίησεν.
2427 3602 2645 3674 Ἐπειδὴ
2686 3602 2795 3672 γὰρ
2824 3601 2891 3654 τά
2918 3601 3221 3671 γράμματα
3253 3600 3591 3659 ἀποστολικά
3632 3604 3715 3669 τεὴ

2118 3695 2227 3747 τῶν
2254 3691 2592 3763 Ἐκκλησιῶν
2627 3693 2793 3754 ἐστιν,
2813 3690 2933 3760 οὑχ).
2959 3690 3086 3752 τοὺς
3110 3688 3229 3744 τότε
3261 3688 3419 3759 μόνον
3436 3689 3624 3755 ὄντας,

2122 3782 2217 3834 καὶ
2247 3781 2371 3843 τοὺς
2396 3778 2621 3849 ὕστερον
2650 3775 2939 3847 ἐσομένους
2967 3774 3324 3846 ἀσφαλίζεται
3355 3773 3421 3828 δι’
3437 3775 3646 3830 αὑτῶν.
3679 3779 3715 3830 ﬂ

2119 3868 2293 3930 οὕτως
2340 3864 2557 3936 ίσχυρδν
2599 3863 2695 3919 καὶ
2730 3862 2949 3935 ἀρραγῆ
2976 3862 3065 3925 τὸν
3105 3861 3385 3934 περίϐολον
3425 3861 3621 3916 τοῦτον
3654 3882 3715 3916 ac:

2120 3955 2405 4019 εσκεύασε,
2423 3953 2520 4009 καί
2532 3952 2682 4026 πάσῃ
2706 3950 3030 4023 περιήλασεν
3052 3950 3212 4005 αὑτὸν
3236 3953 3302 4022 τῇ
3329 3952 3629 4024 οἰκουμένῃ
3651 3968 3715 4023 μετ

2119 4039 2422 4110 ἀσφαλείας
2451 4038 2691 4109 ἀπάσης,
2720 4037 2861 4091 ὥστε
2898 4038 2991 4091 καὶ
3031 4038 3156 4101 τοὺς
3183 4037 3323 4101 τότε,
3360 4037 3455 4092 καὶ
3493 4038 3628 4102 τοὺς
3668 4056 3715 4109 με

2121 4127 2380 4191 ἐκείνους,
2416 4126 2510 4180 καὶ
2545 4126 2673 4189 τοὺς
2692 4123 2810 4189 νῦν,
2842 4124 3083 4187 καὶτοὺς
3114 4119 3266 4189 αὖθις
3289 4123 3595 4195 ἑπομένους
3623 4127 3715 4197 μέγ

2120 4216 2218 4286 τῆς
2242 4214 2337 4268 τοῦ
2371 4212 2608 4287 Χριστοῦ
2634 4213 2933 4284 παρουσίας
2965 4211 3181 4281 ἀπάσης
3209 4210 3515 4278 ἀπαλλάξαι
3540 4212 3651 4284 τῆς
3679 4210 3715 4267 τί

2122 4302 2394 4373 πολεμίων
2449 4300 2786 4372 πολιορκίας.
2833 4299 3085 4353 Τοιαῦται
3116 4298 3223 4352 τῶν
3265 4298 3435 4367 ἀγίων
3480 4299 3539 4352 αί
3583 4301 3715 4370 ψυχι

2124 4389 2488 4463 φιλόστοργοι,
2535 4388 2909 4460 κηδεμονικαὶ,
2958 4386 3227 4458 πατρικὴν
3270 4384 3484 4440 εὕνοιαν
3532 4388 3715 4457 ἀποκρ

2123 4495 2353 4533 πτουσαι
2388 4475 2467 4548 τῷ
2495 4476 2724 4548 φίλτρῳ,
2766 4476 2858 4527 καὶ
2889 4473 2987 4541 τὴν
3013 4475 3113 4545 τῆς
3146 4473 3359 4543 φύσεως
3394 4473 3715 4547 φιλοστοργῇ

2122 4567 2371 4630 νικῶσαι,
2406 4567 2500 4622 καὶ
2528 4564 2624 4629 τὰς
2651 4563 2845 4628 ὠδῖνας
2882 4563 3299 4636 ὑπερϐαίνουσαι
3330 4562 3570 4630 ἐκείναςο
3616 4569 3715 4620 [he

2127 4672 2293 4726 ματος
2315 4655 2422 4727 γάρ
2447 4656 2554 4709 είσι
2585 4653 2676 4708 καὶ
2698 4652 2847 4717 θείας
2874 4654 3118 4725 χάριτος.

2190 4784 2254 4838 δ’.
2288 4782 2548 4837 Βούλεσθε
2570 4782 2665 4835 καὶ
2692 4781 2953 4855 ἑτέρωθεν
2973 4779 3130 4846 δείξω
3159 4781 3337 4847 πάλιν,
3361 4783 3441 4837 δτι
3464 4781 3530 4836 οὑ
3557 4783 3632 4836 τὰ
3665 4799 3715 4833 ια

2121 4872 2353 4935 ἑαυτοὺς
2378 4870 2712 4942 μεριμνῶσιν
2751 4870 2801 4923 οἱ
2848 4869 3011 4938 ἀγιοι,
3040 4870 3158 4923 ούδέ
3194 4869 3331 4940 ὑπὲρ
3357 4868 3466 4921 τῶν
3497 4871 3715 4939 παρόντι

2123 4959 2389 5012 δεδοίκασι
2416 4959 2593 5029 μόνον,
2625 4956 2761 5012 ἀλλά
2787 4958 2881 5012 καὶ
2906 4958 3043 5028 ὑπὲρ
3072 4957 3178 5010 τῶν
3212 4956 3351 5027 μετά
3373 4956 3552 5010 ταῦτα
3584 4958 3715 5027 ἐσομ

2120 5063 2263 5113 νωνς
2294 5046 2602 5117 Προαῆλθον
2633 5045 2802 5117 αὑτῷ,
2829 5047 3012 5116 φησὶν,
3038 5047 3087 5099 οί
3122 5043 3359 5115 μαθηταὶ
3379 5043 3472 5096 ἐπὶ
3497 5044 3595 5097 τοῦ
3623 5045 3713 5113 δρα

2121 5136 2433 5210 καθημένῳ,
2468 5133 2747 5206 ἄνθρωποι
2782 5133 2968 5187 λοιπὸν
2998 5132 3369 5204 γεγηρακότες
3394 5130 3492 5185 καὶ
3523 5134 3647 5202 μετ’
3666 5130 3715 5181 ὁ]

2122 5242 2218 5294 γον
2276 5225 2465 5297 χρόνον
2517 5223 2800 5294 μέλλοντες
2844 5223 3143 5293 ἀποδημεῖν
3191 5221 3300 5275 ἀπὸ
3345 5223 3447 5291 τῆς
3495 5220 3715 5292 παρούσ

2123 5313 2286 5384 ζωῆς.
2315 5312 2379 5365 Τί
2406 5306 2497 5365 οὖν
2520 5310 2799 5383 ἐρωτῶσι;
2825 5310 2879 5363 τί
2904 5309 3208 5379 ἀγωνιῶσι;
3236 5310 3287 5362 τί
3312 5308 3613 5374 δεδοίκασι;
3641 5310 3715 5361 ὑπ

2122 5400 2281 5453 τίνων
2308 5399 2407 5469 τὴν
2433 5397 2625 5451 πεῦσιν
2657 5397 2735 5469 τῷ
2762 5397 3063 5469 διδασκάλῳ
3083 5397 3475 5469 προσάγουσιν;
3505 5394 3616 5468 ἄρα
3645 5399 3715 5449 ὑπ

2123 5489 2231 5542 τῶν
2264 5486 2405 5541 κατὰ
2429 5488 2528 5558 τὴν
2554 5486 2695 5559 ζωὴν
2726 5486 2925 5554 αὑτῶν,
2957 5487 2989 5557 ἦ
3018 5487 3157 5557 ὑπὲρ
3180 5484 3288 5540 τῶν
3311 5486 3453 5539 κατὰ
3482 5486 3613 5549 τοὺς
3660 5503 3715 5554 χρ

2123 5593 2246 5639 νους
2276 5575 2549 5641 ἐκείνους;
2588 5574 2872 5645 Ούδαμῶς.
2911 5574 3069 5627 Ἀλλά
3098 5574 3270 5627 πάντα
3290 5576 3477 5627 ἐκεῖνα
3503 5573 3715 5644 παραδρ

2133 5664 2319 5736 μόντες
2343 5664 2393 5717 τί
2414 5663 2659 5733 λέγουσις
2702 5664 2762 5718 Τί
2784 5664 2845 5717 τὸ
2877 5662 3126 5730 σημεῖον
3157 5660 3264 5726 τῆς
3294 5659 3414 5724 σῆς
3446 5661 3715 5729 παρουσιί
