3724 6272
33 285 119 342 Ξῖδ
567 287 634 342 ΙΝ
674 286 896 355 ILLUD,
940 285 1072 342 HOC
1107 281 1392 341 SCITOTE
1431 281 1616 349 QUOD
1655 278 1720 334 IN
1756 279 2136 337 NOVISSIMIS
2173 282 2436 349 DlEBUS,
2481 282 2636 338 ETC.

31 402 202 457 culum
234 417 407 472 usque
430 402 697 465 surrexit,
723 416 970 470 magnum
991 399 1193 453 habens
1219 397 1602 467 promissorum

31 502 421 562 argumentum,
445 495 561 562 ejus
589 508 780 563 nempe
807 492 894 562 qui
927 491 1244 559 promiserat
1266 495 1606 557 potestatem.

47 587 139 640 deo
163 583 235 639 In
264 587 593 655 promissione
620 585 720 639 Dei
757 601 858 638 non
897 584 1140 638 Imsitavit
1187 582 1458 652 difﬁdentia
1478 622 1493 645 ,
1523 580 1610 634 sed

33 679 336 745 :onfortatus
358 685 432 730 est
457 676 560 743 ﬁde
585 675 758 747 (Rom.
784 676 836 728 4.
868 673 986 744 ‘20).
1021 673 1231 727 Etenim
1265 687 1361 727 ceu
1388 672 1610 727 baculus

30 767 235 839 quidam
261 768 448 822 ﬁrmus
475 777 723 836 tutusque
744 775 928 835 portus
953 765 1088 819 ﬁdes
1115 774 1214 829 est,
1245 779 1364 834 quae
1392 779 1421 818 a
1452 763 1614 819 ratio-

30 863 288 916 ciniorum
314 875 496 915 errore
513 860 734 923 liberat,
764 860 1107 928 animumque
1141 858 1197 912 in
1231 857 1614 926 tranquillitate

29 968 212 1021 magna
246 953 540 1007 constituit.
580 950 743 1005 Vestri
773 961 942 1004 autem
964 951 1090 1004 beati
1111 950 1244 1004 oculi
1268 991 1281 1014 ,
1312 950 1431 1020 quia
1451 950 1616 1001 vident

29 1043 243 1113 (Matth.
280 1044 366 1099 15.
397 1043 521 1111 l6);
543 1057 666 1097 nam
694 1042 797 1097 hoc
821 1042 1020 1097 dictum
1054 1041 1232 1096 denuo
1264 1040 1614 1110 repetendum

29 1147 123 1190 est.
155 1136 321 1206 Atqui
361 1137 520 1190 etiam
559 1135 732 1189 Judzei
774 1145 899 1188 tunc
939 1133 1128 1189 eadem
1177 1133 1290 1202 ipsa
1339 1131 1611 1186 videbant.

30 1227 224 1280 Verum
256 1241 367 1281 non
393 1225 494 1280 hoc
512 1234 789 1280 externum
811 1224 1022 1280 videndi
1047 1239 1214 1294 genus
1241 1223 1455 1278 beatum
1478 1237 1615 1292 prae-

31 1319 169 1372 dicat
197 1335 213 1376 :
239 1320 342 1372 hoc
381 1317 576 1387 quippe
601 1332 696 1387 per
733 1316 968 1386 seipsam
998 1315 1254 1370 miracula
1299 1329 1403 1369 non
1434 1314 1613 1379 videt,

35 1408 121 1462 sed
151 1408 421 1462 internum
446 1408 724 1477 conspicit.
754 1407 837 1461 llli
859 1422 1061 1462 caecum
1084 1407 1334 1462 videbant
1353 1407 1620 1462 dicebant-

37 1517 155 1569 que,
187 1499 292 1553 Hic
318 1509 411 1566 est,
439 1517 540 1554 non
561 1509 632 1555 est
653 1501 756 1566 hic;
783 1516 1012 1555 uocemus
1043 1501 1153 1570 ejus
1180 1510 1408 1571 parentes
1435 1500 1614 1569 (Joan.

38 1595 85 1647 9.
118 1593 171 1647 8.
202 1592 258 1646 9.
295 1593 407 1662 l8).
438 1593 606 1646 Audis
630 1593 1002 1663 ambigentes?
1030 1593 1203 1647 viden'
1233 1608 1338 1647 non
1367 1592 1617 1648 sufﬁcere

37 1685 282 1753 corporis
323 1667 597 1753 aspectum
662 1683 728 1738 ad
777 1684 1022 1738 miraculi
1071 1684 1470 1753 spectaculum?
1519 1683 1618 1748 Qui

37 1786 325 1831 erm-sentes
356 1785 409 1830 et
430 1784 732 1845 spectantes
755 1786 906 1831 erant
935 1775 1184 1831 dicebant
1211 1792 1226 1831 :
1256 1773 1358 1828 Hic
1385 1783 1458 1829 est
1479 1815 1494 1838 ,
1519 1791 1620 1827 non

37 1877 103 1920 est
129 1868 249 1931 hic;
279 1882 378 1921 nos
402 1882 528 1922 vero
557 1868 649 1937 qui
684 1875 977 1937 praesentes
1009 1883 1113 1922 non
1152 1881 1338 1921 sumus
1361 1909 1374 1931 ,
1407 1882 1512 1921 non
1540 1866 1622 1920 di-

39 1962 224 2025 cimus,
266 1959 362 2013 Hic
390 1969 479 2027 est,
508 1976 606 2014 non
627 1970 698 2014 est
724 1961 826 2027 hic;
853 1961 970 2027 sed,
1003 1959 1125 2031 Ipse
1149 1970 1241 2015 est.
1272 1961 1509 2016 Didicisti
1539 1962 1622 2014 ni-

38 2052 106 2108 hil
136 2053 434 2109 absentiam
466 2069 679 2120 nocere,
707 2069 827 2108 cum
876 2054 994 2108 lidei
1035 2054 1229 2108 adsunt
1255 2053 1426 2117 oculi;
1457 2054 1620 2108 nihil-

34 2159 135 2213 que
185 2143 432 2198 utilitatis
459 2160 523 2200 ex
581 2145 862 2214 prmsentia
905 2145 1148 2216 percipi,
1182 2160 1302 2200 cum
1331 2145 1448 2200 ﬁdei
1481 2145 1619 2199 oculi

35 2252 138 2290 non
165 2236 402 2292 adsunt?
430 2237 567 2306 Quid
611 2238 752 2293 enim
797 2238 902 2293 illis
944 2237 1144 2308 profuit
1190 2238 1415 2294 videre?
1455 2238 1617 2292 Nihil.

36 2326 140 2382 Nos
166 2328 313 2381 enim
344 2328 541 2383 clarius
567 2343 725 2398 quam
755 2327 828 2383 illi
860 2328 1124 2385 videmus.
1155 2329 1414 2396 Quoniam
1460 2330 1621 2400 igitur

38 2420 170 2473 oculi
200 2420 368 2474 vestri
391 2419 569 2474 vident
592 2435 657 2474 eo
674 2420 908 2485 videndi,
938 2429 993 2475 et
1011 2437 1168 2477 aures
1184 2431 1377 2476 vestrae
1400 2421 1622 2476 audiunt

39 2525 100 2563 eo
125 2510 380 2564 audiendi
408 2525 604 2581 genere
629 2551 644 2576 ,
677 2511 816 2581 quod
846 2511 1087 2566 Christus
1113 2511 1324 2567 beatum
1368 2512 1622 2582 praedica-

36 2603 145 2668 vit,
196 2602 425 2672 agedum
456 2603 606 2658 vobis
653 2603 938 2672 Scriptura:
988 2620 1227 2674 gemmas
1269 2620 1618 2674 apponamus.

36 2694 500 2761 Quemadmodum
524 2695 667 2749 enim
717 2694 916 2750 Judacis
956 2697 1279 2766 qumstiones
1315 2713 1421 2751 non
1463 2698 1622 2752 solvit

37 2787 300 2849 Christus,
335 2787 443 2841 imo
466 2788 613 2840 auxit
639 2786 1018 2843 obscuritatem
1043 2828 1058 2855 ,
1087 2790 1212 2858 quia
1243 2805 1346 2843 non
1377 2789 1621 2844 attende-

37 2878 158 2932 bant
190 2896 204 2930 :
235 2878 313 2932 sic
343 2887 396 2931 et
421 2877 571 2932 vobis
596 2919 609 2944 ,
642 2879 764 2948 quia
789 2887 993 2934 attento
1019 2882 1146 2935 estis
1173 2881 1352 2935 animo
1371 2922 1386 2948 ,
1415 2881 1624 2936 occulta

39 2970 92 3022 in
143 2971 389 3025 medium
425 2973 695 3028 adducere
740 2990 840 3044 par
872 2985 974 3030 est.
1018 2975 1232 3034 Etenim
1275 2991 1625 3037 accesserunt

38 3063 312 3132 discipuli,
337 3074 393 3117 et
415 3065 752 3120 mirabantur
767 3067 1042 3123 dicentes:
1063 3067 1171 3124 Cur
1193 3071 1249 3124 in
1265 3074 1530 3141 parabolis
1549 3077 1623 3130 eis

39 3149 265 3218 loqueris
297 3151 506 3219 (Matth.
539 3153 624 3209 i3.
662 3155 748 3209 lO.
790 3165 838 3209 et
870 3157 994 3222 l5)?
1034 3155 1127 3213 llle
1154 3175 1285 3216 vero
1321 3165 1618 3234 respondit,

42 3239 170 3304 Quia
191 3240 416 3294 ridentes
437 3258 535 3294 non
561 3243 743 3296 vident.
771 3243 904 3312 Quia
929 3245 1088 3315 igitur
1116 3260 1210 3301 vos
1239 3261 1342 3302 non
1381 3248 1624 3304 videntes

43 3332 257 3398 videtis,
284 3348 382 3403 par
404 3342 487 3388 est
515 3334 665 3388 vobis
694 3337 810 3391 sine
837 3337 1086 3407 parabole
1107 3338 1283 3408 loqui;
1312 3347 1364 3394 et
1383 3341 1503 3410 quia
1522 3341 1626 3393 Au-

41 3423 225 3477 dientes
248 3439 351 3476 non
393 3424 626 3478 audiunt.
678 3425 752 3497 (a)
779 3426 911 3496 Quia
941 3427 1098 3498 igitur
1120 3444 1215 3485 vos
1238 3430 1327 3500 qui
1369 3439 1492 3485 tunc
1517 3446 1625 3486 non

38 3511 335 3578 audivistis,
369 3529 510 3568 nunc
533 3531 636 3569 non
668 3517 842 3572 minus
869 3518 1062 3573 auditis
1086 3561 1101 3585 ,
1131 3535 1290 3589 quam
1319 3528 1442 3575 tunc
1467 3520 1624 3575 audi-

40 3605 270 3671 vissetis,
288 3615 706 3662 consentaneum
727 3618 914 3664 estvos
936 3625 1043 3664 non
1069 3611 1167 3665 hac
1189 3612 1397 3681 privare
1417 3626 1626 3668 mensa.

45 3694 253 3750 Etenim
280 3695 529 3752 Christus
567 3699 665 3754 hos
691 3715 797 3755 non
844 3702 1021 3759 minus
1050 3703 1238 3759 beatos
1278 3705 1623 3773 praedicavit,

42 3805 194 3858 quam
224 3790 351 3845 illos
384 3808 397 3844 :
434 3791 614 3846 Vidisti
651 3809 913 3864 namque,
964 3795 1068 3864 ait,
1100 3806 1147 3850 et
1173 3797 1470 3864 credidisti;
1498 3798 1627 3853 beati

41 3883 120 3950 qui
171 3899 276 3936 non
320 3883 557 3938 viderunt
581 3926 596 3951 ,
640 3895 686 3939 et
716 3887 1034 3941 crediderunt
1073 3887 1249 3960 (Joan.
1281 3890 1373 3945 20.
1406 3889 1519 3963 29).
1549 3891 1628 3947 Ne

40 3973 198 4042 igitur
225 3974 354 4030 ideo
379 3989 570 4045 segnes
595 3977 661 4032 ad
691 3979 940 4034 virtutem
970 3989 1162 4048 estote,
1194 3981 1335 4052 quod
1363 3983 1465 4037 illis
1494 3993 1630 4038 tem-

41 4066 258 4130 poribus
289 4081 400 4120 uon
450 4065 653 4123 fueritis
675 4108 690 4135 ,
723 4069 817 4127 sed
844 4069 945 4125 hoc
992 4081 1233 4142 tempore
1259 4073 1466 4128 vivatis.
1493 4073 1629 4130 Nam

39 4155 77 4206 si
123 4155 400 4223 volueris,
429 4157 564 4217 nihil
603 4158 727 4215 hinc
766 4159 1071 4220 detrimenti
1117 4153 1411 4233 percipies;
1444 4179 1631 4235 quem-

39 4246 330 4302 admodum
366 4249 516 4308 multi
546 4265 749 4317 eorum,
775 4253 863 4323 qui
889 4262 1015 4313 tunc
1041 4253 1276 4324 fuerunt,
1295 4257 1418 4327 quia
1445 4258 1631 4314 nolue-

39 4349 181 4403 runt,
205 4339 342 4394 nihil
374 4341 499 4396 hinc
524 4342 765 4398 utilitatis
789 4360 1099 4416 percepere.

107 4434 162 4487 3.
207 4432 499 4504 Scriptum
523 4435 706 4491 divinis
731 4438 908 4492 virtus.
941 4438 1140 4494 Paulus
1168 4456 1270 4495 non
1295 4441 1362 4496 de
1395 4443 1633 4513 presenti

39 4522 224 4588 solum,
255 4524 348 4576 sed
375 4525 522 4578 etiam
563 4527 625 4580 de
653 4529 822 4600 futuro
860 4545 1010 4600 grege
1040 4531 1310 4590 sollicitus.
1338 4533 1632 4604 Apostolica

39 4616 233 4682 scripta
259 4616 447 4669 moenia
467 4615 829 4673 Ecclesiarum.
853 4621 1089 4690 Apostoli
1114 4624 1175 4677 de
1205 4627 1387 4693 futuris
1399 4626 1629 4682 solliciti.

39 4702 226 4760 Petrus
277 4708 627 4777 apostolorum
688 4713 982 4782 coryphaaus
1011 4755 1026 4779 ,
1084 4725 1177 4769 etc.
1233 4715 1382 4771 Orbis
1447 4721 1633 4787 praefe-

38 4808 181 4862 ctus,
212 4809 312 4851 etc.
347 4798 700 4868 —Quidnam
742 4803 899 4874 igitur
937 4804 1098 4862 hodie
1137 4807 1330 4862 lectum
1370 4810 1490 4863 est?
1518 4809 1633 4864 Hoc

33 4900 206 4943 autem
238 4891 416 4944 scitote
435 4931 451 4956 ,
473 4893 606 4960 quod
642 4893 696 4946 in
724 4895 1004 4950 novissimis
1024 4896 1196 4951 diebus
1232 4908 1378 4952 erunt
1407 4909 1633 4971 tempora

30 4984 212 5052 grai-ia
249 4983 340 5055 (2.
378 4983 512 5039 Tim.
537 4986 590 5039 5.
621 4987 698 5055 1).
724 4987 1006 5044 Timotheo
1034 5004 1247 5045 rursum
1278 4992 1462 5048 scribit
1489 4993 1629 5048 Pau-

33 5079 130 5132 lus.
164 5077 459 5134 Terribilis
501 5081 873 5148 comminatio;
902 5082 998 5137 sed
1041 5083 1276 5141 animum
1315 5085 1580 5155 erigamus
1613 5103 1627 5140 :

33 5169 143 5225 itch
201 5170 410 5240 quippe
474 5179 712 5242 tempora
763 5173 918 5229 nobis
969 5174 1268 5231 subindicat
1313 5177 1584 5248 Scriptura
1612 5219 1629 5247 ,

30 5277 245 5318 necnon
270 5270 398 5332 post
426 5261 602 5318 futura
621 5304 638 5330 ,
671 5265 937 5336 etiamque
964 5281 1025 5322 ea
1069 5272 1632 5337 quasconsummatio-

29 5371 148 5410 nem
182 5362 461 5428 spectant.
489 5355 604 5410 Hoc
644 5367 814 5413 autem
856 5359 1030 5413 scitote
1051 5400 1066 5426 ,
1095 5361 1232 5430 quod
1258 5361 1310 5415 in
1353 5364 1633 5418 novissimis

33 5452 209 5504 diebus
238 5457 398 5504 erunt
421 5458 649 5520 tempora
678 5453 873 5522 gravia.
902 5453 1071 5509 Breve
1097 5453 1298 5510 dictum
1318 5496 1334 5524 ,
1362 5464 1418 5513 et
1444 5473 1632 5529 magna

31 5543 221 5596 virtus.
273 5540 746 5608 Quemadmodum
791 5545 933 5599 enim
973 5554 1209 5602 aromata
1239 5561 1344 5604 non
1380 5551 1531 5619 copia
1578 5559 1635 5606 et

85 5724 160 5783 (a)
201 5729 285 5772 Inc
313 5726 488 5776 textus
509 5721 724 5774 deﬁcere
747 5723 952 5776 videtur.

3190 282 3297 342 27'!

1714 392 1876 460 mole,
1905 393 1999 448 sed
2027 404 2213 449 natura
2239 395 2577 464 fragrantiam
2608 396 2852 451 emittunt
2883 411 2896 451 :
2927 399 3004 450 sic
3030 404 3082 450 et
3107 396 3302 451 divina:

1712 483 2153 555 Scripturae‘ilon
2208 486 2548 542 multitudine
2601 488 2923 554 verborum,
2976 490 3069 544 sed
3143 491 3302 543 insita

1714 578 1908 634 virtute
1929 619 1945 645 ,
1973 587 2138 633 totam
2186 579 2343 633 nobis
2381 579 2620 649 przcbent
2651 581 2951 635 utilitatem.
2979 580 3066 635 Sic
3094 583 3297 635 incensr

1715 681 1899 724 natura
1929 686 2025 740 per
2049 671 2280 740 seipsam
2310 686 2527 727 suavem
2549 673 2741 726 emittit
2769 673 3019 737 odorem;
3044 673 3090 727 si
3120 682 3296 727 autem

1718 762 1924 832 injicias
1969 763 2021 817 in
2070 763 2285 834 ignem,
2322 774 2447 819 tunc
2476 765 2838 819 omnimodam
2884 781 3032 820 suam
3087 766 3302 820 exhibet

1714 856 2062 925 voluptatem.
2116 856 2192 910 Ita
2222 857 2382 910 etiam
2409 856 2588 910 divina
2633 858 2909 926 Scriptura
2938 874 3032 927 per
3069 859 3299 929 seipsam

1716 946 2029 1000 suavissima
2056 955 2156 1012 est;
2183 961 2305 1001 cum
2332 956 2509 1002 autem
2538 948 2768 1002 animam
2801 961 3038 1003 nostram
3075 964 3284 1018 occupa-

1716 1038 1871 1103 verit,
1887 1052 1949 1091 ac
1975 1038 2017 1092 si
2041 1038 2094 1094 in
2121 1038 2444 1093 thuribulum
2470 1039 2731 1103 inciderit,
2754 1050 2916 1094 totam
2942 1041 3157 1094 domum
3183 1054 3306 1094 sua-

1716 1128 1768 1180 vi
1807 1128 1989 1197 implet
2017 1127 2202 1183 odore.
2229 1127 2344 1181 Hoc
2372 1138 2539 1182 autem
2561 1130 2734 1183 scitote
2754 1168 2769 1193 ,
2810 1128 2949 1196 quod
2984 1127 3040 1180 in
3080 1127 3302 1180 novissi-

1722 1221 1820 1272 mis
1860 1215 2038 1271 diebus
2077 1229 2231 1273 erunt
2258 1228 2484 1290 tempora
2527 1221 2679 1274 dura.
2727 1221 2802 1274 De
2848 1220 3305 1275 consummatione

1720 1309 1970 1379 loquitur.
1995 1309 2132 1378 Quid
2158 1311 2260 1366 hoc
2286 1312 2353 1366 ad
2377 1321 2449 1378 te,
2478 1313 2631 1367 beate
2661 1312 2858 1367 Paule?
2878 1313 3002 1382 quid
3029 1313 3093 1367 ad
3125 1313 3306 1367 Timo-

1721 1403 1940 1458 theum?
1972 1403 2096 1473 quid
2123 1404 2190 1458 ad
2221 1405 2337 1458 illos
2364 1406 2451 1474 qui
2476 1413 2598 1458 tunc
2619 1405 2942 1459 audiebant?
2967 1404 3121 1460 Brevi
3151 1415 3304 1476 post-

1719 1510 1782 1550 ea
1831 1504 2071 1565 tempore
2111 1497 2353 1550 morituri
2380 1505 2566 1563 erant,
2595 1512 2623 1550 a
2653 1496 2842 1551 futuris
2887 1498 2988 1552 illis
3032 1499 3306 1552 calamita-

1723 1587 1862 1641 tibus
1913 1596 2024 1641 eta
2058 1589 2234 1656 pravis
2280 1587 2584 1642 hominibus
2634 1589 2911 1657 eripiendi.
2955 1589 3148 1644 Verum
3199 1607 3304 1643 non

1724 1680 2007 1748 prmsentia
2053 1689 2258 1734 tantum
2283 1681 2510 1750 respicio
2533 1722 2547 1747 ,
2582 1681 2769 1750 inquit,
2793 1681 2886 1736 sed
2911 1681 3086 1736 futura
3114 1684 3306 1751 praevio

1723 1769 1844 1824 deo.
1871 1770 1988 1824 Non
2017 1787 2254 1840 przesens
2280 1780 2481 1826 tantum
2508 1788 2636 1841 grex
2673 1772 2801 1826 mihi
2832 1773 3173 1827 sollicitudini
3201 1782 3302 1839 est,

1723 1861 1818 1916 sed
1865 1862 2022 1916 etiam
2052 1877 2148 1931 pro
2177 1862 2354 1917 futuro
2397 1878 2556 1934 grege
2581 1879 2748 1934 angor
2787 1874 2842 1919 et
2873 1865 3052 1918 timeo.
3083 1864 3191 1918 Nos
3218 1865 3303 1918 vix

1724 1952 1787 2007 iis
1814 1953 1901 2022 qui
1933 1952 2207 2008 nobiscum
2255 1963 2535 2007 versantur
2565 1953 2865 2008 hominibus
2908 1954 3262 2024 prospicimus
3288 1995 3303 2018 ,

1724 2043 1811 2098 ille
1840 2059 1966 2098 vero
1989 2060 2083 2114 pro
2113 2045 2175 2098 iis
2197 2046 2286 2114 qui
2316 2046 2552 2099 nondum
2583 2046 2690 2099 nati
2726 2055 2854 2100 sunt
2878 2086 2890 2105 ,
2921 2046 3138 2100 multam
3171 2046 3307 2114 gerit

1723 2136 2150 2190 sollicitudinem.
2183 2138 2270 2191 Sic
2295 2146 2348 2191 et
2374 2146 2555 2207 pastor
2579 2137 2812 2206 optimus
2832 2151 2935 2190 non
2964 2153 3082 2190 cum
3106 2137 3301 2191 viderit

1725 2225 1876 2294 lupos
1904 2226 2167 2280 irruentes
2194 2227 2245 2280 in
2266 2242 2502 2297 gregem,
2522 2227 2631 2295 jam
2658 2242 2822 2296 prope
2843 2242 2970 2282 oves
2994 2229 3303 2292 accessisse,

1725 2323 1850 2371 tunc
1873 2317 1924 2371 id
1951 2316 2190 2386 praedicit
2219 2326 2443 2384 tantum,
2473 2317 2566 2372 sed
2591 2319 2752 2372 etiam
2779 2318 2962 2386 procul
2988 2318 3160 2371 adhuc
3190 2334 3309 2371 ver-

1723 2416 1903 2463 santes
1945 2408 2160 2463 indicat.
2195 2408 2270 2463 Ita
2297 2409 2727 2488 quoqueoPaulus
2752 2449 2768 2476 ,
2796 2408 2935 2463 sicut
2960 2417 3141 2477 pastor
3162 2410 3306 2476 optio

1723 2515 1861 2565 mus,
1891 2501 1946 2555 in
1969 2500 2183 2556 excelso
2211 2500 2330 2556 loco
2357 2543 2370 2567 ,
2401 2501 2454 2555 in
2497 2500 2790 2570 prophetia:
2832 2515 3026 2570 nempe
3050 2499 3309 2570 dignitate

1725 2591 1922 2647 sedens
1944 2633 1960 2660 ,
2010 2606 2074 2647 ac
2100 2591 2427 2662 propheticis
2452 2593 2621 2647 oculis
2647 2606 2856 2646 sursum
2885 2591 3088 2660 positus
3153 2592 3307 2644 inva-

1726 2696 1880 2736 suras
1908 2681 2048 2737 feras
2094 2681 2395 2751 prmvidens
2414 2721 2431 2746 ,
2462 2680 2582 2736 illas
2611 2681 2662 2735 in
2710 2681 2821 2750 ipsa
2847 2680 3307 2736 consummatione

1725 2775 1776 2828 in
1802 2789 2015 2844 gregem
2042 2774 2293 2842 impetum
2315 2772 2550 2830 facturas
2576 2783 2628 2829 et
2661 2775 2936 2828 invasuras
2962 2788 3081 2828 esse
3113 2771 3309 2842 prsidi-

1729 2866 1800 2920 cit
1831 2876 1885 2919 et
1925 2865 2306 2935 prmsignilicat
2327 2905 2344 2932 ,
2372 2873 2430 2919 ut
2458 2880 2552 2919 eos
2580 2865 2774 2931 etiam,
2807 2865 2896 2934 qui
2936 2864 3169 2918 nondum
3201 2863 3309 2918 nati

1725 2965 1877 3012 erant
1898 2997 1912 3022 ,
1936 2955 2002 3010 ad
2025 2955 2344 3026 vigilandum
2397 2955 2712 3021 induceret,
2743 2962 2795 3010 et
2837 2954 3111 3024 prephetia
3142 2963 3311 3009 totum

1725 3049 1960 3105 muniret
2007 3064 2242 3120 gregem.
2293 3049 2503 3103 Etenim
2549 3056 2700 3118 pater
2742 3046 2904 3117 prolis
2955 3061 3178 3111 amans,
3219 3047 3310 3116 qui

1727 3141 1871 3196 aedes
1919 3140 2213 3196 exaediﬁcat
2234 3181 2250 3207 ,
2282 3155 2426 3210 smpe
2471 3140 2592 3194 liliis
2620 3140 2731 3193 suis
2772 3139 2894 3194 illas
2924 3138 3230 3209 splendidas
3255 3147 3309 3193 et

1727 3230 1930 3300 amplas
1977 3231 2272 3295 construit,
2321 3245 2427 3284 non
2473 3229 2630 3285 modo
2679 3238 2736 3283 ut
2775 3229 2881 3283 illis
2923 3236 3127 3282 tantum
3151 3227 3312 3282 utiles

1727 3321 2126 3394 commodusque
2167 3324 2274 3378 sint
2297 3363 2311 3387 ,
2340 3324 2433 3378 sed
2460 3324 2620 3377 etiam
2665 3322 2945 3393 nepotibus
2979 3329 3032 3376 et
3059 3322 3309 3391 posteris.

1729 3415 1805 3470 Ita
1835 3430 2042 3486 quoque
2090 3431 2184 3472 rex
2214 3416 2513 3470 adamatam
2553 3416 2737 3472 urbem
2788 3415 3053 3470 moenibus
3078 3416 3310 3469 circum-

1728 3507 1936 3571 munit,
1977 3507 2148 3576 iisque
2193 3506 2360 3562 ﬁrmis
2403 3507 2670 3576 tutisque,
2713 3521 2829 3576 quae
2868 3521 2972 3560 non
3022 3514 3178 3562 aetate
3217 3521 3313 3560 sua

1729 3598 1912 3663 modo,
1942 3598 2035 3655 sed
2057 3600 2216 3654 etiam
2239 3597 2687 3669 subsequentibus
2729 3606 2782 3652 et
2807 3596 3033 3668 posteris
3066 3596 3315 3651 omnibus

1730 3691 1840 3747 sint
1889 3691 2168 3757 tutamini,
2197 3705 2298 3746 nec
2344 3689 2603 3746 adversus
2629 3689 2899 3744 machinas
2929 3697 3133 3744 tantum
3176 3688 3319 3743 illius

1733 3782 2008 3852 temporis,
2038 3781 2134 3837 sed
2158 3781 2418 3837 adversus
2445 3780 2648 3836 futuras
2671 3780 2973 3836 invasiones
2998 3788 3052 3835 et
3080 3778 3316 3835 obsidio-

1732 3887 1829 3928 nes
1856 3881 1997 3929 stare
2045 3873 2269 3943 possint.
2305 3873 2395 3929 Sic
2443 3873 2604 3928 etiam
2646 3871 2841 3927 Paulus
2868 3870 3014 3926 fecit.
3049 3870 3312 3937 Quoniam

1730 3965 2018 4036 apostolica
2045 3966 2240 4034 scripta
2269 3965 2465 4020 muenia
2494 3972 2618 4018 sunt
2638 3962 3019 4025 Ecclesiarum,
3041 3977 3147 4016 non
3174 3975 3314 4029 prte-

1732 4066 1913 4114 sentes
1942 4067 2142 4112 tantum
2167 4098 2183 4125 ,
2215 4056 2310 4112 sed
2356 4057 2516 4112 etiam
2562 4064 2805 4125 posteros
2847 4068 2944 4123 per
2985 4053 3073 4108 illa
3121 4053 3313 4107 munit.

1734 4148 1909 4218 Atque
1931 4148 2001 4201 ita
2029 4148 2239 4200 ﬁrmum
2261 4154 2314 4200 et
2339 4144 2714 4201 inconcussum
2756 4151 2965 4212 septum
3012 4142 3316 4212 huiusmodi

1734 4239 2062 4304 construxit,
2109 4246 2165 4293 et
2209 4252 2330 4292 cum
2362 4245 2508 4290 tanta
2549 4235 2755 4291 cautela
2786 4235 2878 4290 illo
2917 4241 3083 4289 totum
3130 4235 3316 4289 orbem

1734 4329 2195 4394 circummunivit,
2229 4337 2284 4382 ut
2308 4342 2402 4382 eos
2430 4326 2520 4397 qui
2545 4335 2653 4380 tum
2681 4325 2968 4391 vivebant,
2999 4334 3052 4380 et
3079 4325 3169 4395 qui
3199 4325 3320 4380 illos

1735 4438 1993 4494 excepere
2013 4463 2027 4487 ,
2051 4429 2107 4477 et
2128 4436 2220 4477 eos
2249 4422 2337 4491 qui
2366 4435 2505 4475 nunc
2529 4428 2690 4484 sunt,
2712 4427 2766 4475 et
2790 4427 3032 4489 posteros
3058 4433 3225 4488 usque
3251 4417 3320 4471 ad

1735 4515 1936 4573 Christi
1963 4515 2250 4569 adventum
2279 4521 2463 4568 contra
2485 4526 2699 4566 omnem
2727 4511 3062 4565 inimicorum
3091 4508 3320 4564 obsidio~

1737 4623 1859 4663 nem
1887 4615 2027 4662 tutos
2059 4612 2358 4661 conservet.
2389 4604 2547 4659 Tales
2591 4611 2716 4658 sunt
2757 4611 3062 4658 sanctorum
3087 4603 3318 4657 animae:

1738 4699 1959 4753 fratrum
1987 4705 2229 4752 amantes
2252 4737 2269 4764 ,
2299 4695 2369 4750 de
2408 4695 2512 4749 illis
2533 4694 2773 4750 sollicitae
2790 4734 2806 4761 ,
2831 4707 3014 4748 amore
3041 4702 3319 4762 paternam

1739 4798 2053 4860 superantes
2105 4787 2565 4851 benevolentiam,
2599 4792 2654 4841 et
2695 4784 3041 4840 dilectionem
3091 4784 3320 4840 materni

1738 4890 1922 4952 partus
1957 4899 1970 4934 :
2002 4879 2089 4934 hic
2123 4892 2351 4948 namque
2380 4877 2612 4946 Spiritus
2636 4884 2690 4930 et
2715 4875 2904 4930 divinae
2931 4875 3116 4943 gratia:
3141 4885 3244 4930 est.

1808 4974 1861 5027 4.
1897 4970 2067 5026 Vultis
2097 4978 2155 5025 ut
2178 4968 2393 5024 aliunde
2421 4969 2582 5024 etiam
2603 4967 2754 5023 vobis
2779 4967 3164 5033 demonstrem,
3198 4981 3322 5020 san-

1739 5077 1855 5123 ctos
1902 5081 2008 5120 non
2036 5079 2156 5134 qua:
2199 5063 2265 5116 ad
2295 5077 2449 5117 suum
2487 5071 2696 5129 tempus
2734 5066 2978 5129 spectant
3025 5059 3199 5113 solum
3223 5073 3322 5112 cu-

1739 5175 1895 5224 rare,
1925 5171 2101 5226 neque
2149 5170 2244 5224 pro
2296 5152 2647 5223 praesentibus
2692 5149 2865 5205 solum
2913 5157 3153 5204 metuere
3176 5190 3191 5215 ,
3225 5147 3323 5203 sed

1739 5252 1897 5307 etiam
1926 5263 2023 5319 pro
2048 5245 2114 5302 iis
2134 5246 2222 5316 qui
2250 5253 2432 5314 postea
2456 5243 2618 5298 futuri
2644 5241 2803 5296 sunt?
2833 5240 3208 5305 Accesserunt,
3242 5239 3321 5293 in-

1739 5345 1874 5416 quit,
1904 5342 1973 5398 ad
2010 5356 2134 5397 eum
2164 5340 2217 5394 in
2247 5346 2431 5394 monte
2468 5336 2744 5393 sedentem
2776 5333 3040 5400 discipuli,
3075 5332 3319 5386 homines

1740 5434 2121 5509 propemodum
2141 5446 2318 5497 senes,
2348 5433 2438 5502 qui
2460 5437 2579 5502 post
2607 5429 2872 5484 modicum
2898 5436 3107 5494 tempus
3127 5439 3190 5479 ex
3219 5424 3321 5478 hac

1741 5535 1849 5586 vita
1876 5526 2162 5584 discessuri
2189 5534 2360 5582 erant.
2393 5523 2529 5592 Quid
2558 5536 2686 5592 ergo
2711 5520 2986 5591 quaerunt?
3009 5517 3077 5571 de
3097 5530 3202 5586 quo
3225 5529 3322 5568 an-

1741 5623 1971 5694 guntur?
2009 5621 2138 5692 quid
2182 5619 2405 5676 timent?
2433 5618 2624 5689 quibus
2669 5616 2737 5671 de
2783 5613 2956 5668 causis
3010 5609 3320 5678 magistrum

1745 5713 2167 5784 percontantur?
2211 5727 2333 5766 num
2364 5709 2430 5764 dc
2452 5709 2608 5776 rebus
2634 5748 2647 5774 ,
2679 5720 2795 5776 quae
2833 5702 2961 5773 ipsis
2987 5696 3310 5761 viventibus,
