3734 6278
364 205 469 263 97b

361 329 455 377 aut
482 317 621 373 circa
655 315 739 370 illa
770 320 1009 382 tempora
1034 317 1304 364 eventum
1349 302 1541 360 erant?
1568 300 1806 357 Minime.
1834 294 1941 351 Sed

358 417 433 471 iis
480 408 849 482 prmtermissis
895 404 1141 459 omnibus
1179 399 1306 470 quid
1339 396 1551 456 dicunt?
1575 393 1723 461 Quod
1744 394 1946 464 signum

363 508 608 560 adventus
634 504 739 567 tui,
770 510 817 556 et
842 494 1285 553 consuumtationis
1309 492 1479 549 saeculi
1504 488 1716 562 (Matth.
1747 486 1837 542 ει.
1868 485 1950 556 '5)?

364 598 553 653 Vidcn‘
581 596 702 651 illos
730 593 891 650 etiam
919 590 987 647 de
1012 586 1471 647 consummatione
1508 582 1692 647 seculi
1718 585 1949 635 interro-

364 707 533 762 gare,
564 698 618 744 et
663 687 732 742 de
760 685 951 741 futuris
995 681 1301 738 hominibus
1341 694 1465 737 esse
1515 674 1808 733 sollicitos?
1834 672 1949 728 Non

365 784 509 839 cnim
550 795 647 836 sua
672 779 855 834 vident
877 775 1103 847 apostoli
1129 815 1144 839 ,
1171 774 1265 830 sed
1294 788 1416 842 quae
1438 772 1665 826 aliorum
1695 776 1820 822 sunt
1839 808 1854 828 .
1898 775 1951 825 ει

366 874 529 930 simul
560 887 749 928 omnes
774 881 829 926 et
853 868 1077 927 seorsim
1113 866 1330 937 singuli.
1361 865 1551 920 Petrus
1597 862 1773 931 itaque
1800 858 1951 914 chori

369 969 515 1025 illius
562 965 915 1037 eorypltmus,
963 977 1029 1016 os
1062 960 1427 1031 aposmlorum
1475 957 1750 1019 omnium,
1795 962 1954 1023 atput

370 1061 511 1115 illius
554 1058 765 1112 familiae
786 1096 804 1122 ,
833 1054 978 1116 orbis
1010 1053 1169 1115 tutius
1199 1052 1481 1122 praefectus
1505 1093 1519 1116 ,
1555 1050 1951 1105 fundamentum

376 1152 651 1218 Ecclesiae,
679 1149 878 1204 ardens
908 1148 1103 1205 Christi
1132 1157 1363 1209 amator;
1388 1159 1509 1199 nam
1539 1144 1641 1207 Ait,
1672 1141 1844 1204 Petro,
1875 1141 1955 1194 di-

370 1244 491 1313 ligis
512 1258 590 1295 me
619 1242 733 1309 plus
752 1241 831 1293 Itis
857 1239 1034 1311 (Joan.
1065 1237 1155 1293 21.
1181 1237 1303 1305 15).
1336 1236 1458 1290 Ideo
1486 1235 1602 1303 ejus
1625 1233 1808 1287 laudes
1834 1248 1956 1302 pro-

377 1335 517 1401 fero,
550 1342 612 1389 ut
639 1332 856 1395 diseatis
897 1346 1017 1386 eum
1050 1345 1174 1383 vere
1197 1328 1466 1383 Christum
1494 1326 1783 1381 dilexisse:
1807 1335 1955 1379 certe

374 1426 492 1497 ejus
536 1441 661 1495 erga
692 1425 975 1490 Dominum
1020 1423 1217 1476 amoris
1264 1429 1632 1491 argomentttm
1666 1419 1956 1479 maximum

375 1529 491 1577 erat
537 1518 840 1572 sollicitudo
874 1516 1188 1571 lantulorum
1217 1514 1353 1583 ejus.
1383 1512 1500 1568 Non
1535 1528 1635 1583 ego
1660 1510 1774 1567 haec
1798 1511 1919 1565 diro
1939 1550 1961 1579 ,ν

374 1611 469 1676 sed
502 1613 611 1682 ipse
629 1612 856 1667 dilectus
889 1611 1147 1676 Dominus
1176 1628 1195 1664 :
1223 1609 1283 1665 Si
1308 1625 1450 1663 auras
1475 1625 1569 1673 nte,
1598 1608 1785 1677 inquit,
1812 1620 1960 1677 pasce

376 1722 488 1760 oves
515 1722 669 1758 meas.
709 1703 991 1759 Videamus
1015 1719 1142 1773 ergo
1187 1718 1311 1756 ntnn
1340 1717 1467 1765 vere
1508 1701 1738 1771 pastoris
1767 1699 1958 1770 priete-

374 1807 584 1852 cturant
632 1796 906 1861 obtineat,
940 1810 1066 1850 num
1115 1809 1243 1849 vere
1272 1810 1401 1848 oves
1427 1793 1643 1863 diligat,
1678 1807 1805 1846 nunt
1833 1805 1958 1846 vere

374 1890 549 1965 gregis
565 1904 749 1951 amans
761 1890 851 1952 sit,
871 1899 927 1943 ut
940 1888 1211 1947 discamus
1222 1903 1342 1941 eum
1360 1886 1520 1942 etiam
1538 1894 1809 1956 pastorem
1825 1885 1960 1943 dilee

383 1982 563 2037 xissc:
598 1980 725 2036 illud
752 1982 895 2035 enim
930 1980 1228 2049 hujusesse
1264 1990 1636 2050 argumentum
1680 1978 1833 2034 dixit.
1862 1977 1961 2033 Hic

376 2073 554 2143 itaque
584 2073 773 2130 Petrus
798 2115 813 2140 ,
844 2083 1120 2143 postquam
1161 2073 1338 2127 omnia
1374 2087 1468 2129 sua
1510 2067 1812 2142 abiecerat,
1848 2080 1964 2126 rete

376 2181 571 2235 nempe
597 2174 651 2222 et
669 2180 1018 2236 quaecumque
1040 2166 1089 2219 in
1115 2166 1355 2223 navicula
1376 2175 1550 2231 erant,
1574 2165 1774 2221 relictis
1805 2163 1959 2230 mari,

377 2266 495 2319 arte
524 2266 577 2312 et
596 2257 873 2320 domo..b‘e
897 2270 1058 2326 porro
1077 2256 1433 2323 attendamus,
1452 2256 1567 2317 haec
1592 2269 1754 2325 pauca
1776 2255 1959 2321 inisse,

379 2350 474 2406 sed
502 2348 617 2406 huic
641 2350 819 2405 omnia
853 2349 988 2403 bona
1025 2363 1120 2404 sua
1148 2348 1439 2416 exstitisse,
1464 2348 1685 2427 ejusque
1712 2347 1963 2404 alacrita-

379 2448 487 2499 tem
520 2440 816 2496 laudemus.
832 2439 963 2494 Nam
986 2455 1049 2495 ea
1079 2454 1198 2509 qua:
1218 2440 1353 2495 duos
1373 2440 1622 2495 dettarios
1637 2439 1961 2510 coniecerat,

379 2549 487 2592 non
525 2548 769 2602 magnam
800 2534 1148 2603 pecuniarum
1194 2534 1391 2591 moiem
1431 2534 1712 2603 deposuit,
1740 2534 1836 2589 sed
1880 2533 1963 2588 in-

378 2633 567 2693 gentes
594 2623 758 2677 studii
786 2627 865 2677 sui
891 2624 1102 2679 divitias
1140 2625 1409 2691 Ostendit,
1434 2624 1880 2696 quemadmodum
1908 2633 1964 2683 et

382 2696 471 2777 hic
492 2714 545 2768 in
573 2730 766 2785 magna
791 2724 1099 2784 paupertate
1128 2715 1396 2787 ingentem
1435 2718 1725 2775 alacritatis
1752 2718 1965 2788 copiam

381 2805 628 2881 prtcbuit.
657 2807 811 2874 Quod
835 2808 976 2862 enim
999 2809 1152 2866 alteri
1182 2819 1335 2864 erant
1356 2810 1574 2880 praedia,
1604 2812 1768 2878 servi,
1796 2811 1962 2879 :cdes,

380 2916 588 2965 aurium,
610 2901 717 2956 hoc
740 2901 817 2956 illi
855 2912 1009 2959 erant
1038 2904 1203 2971 retia,
1236 2918 1385 2958 mare
1405 2946 1421 2970 ,
1453 2919 1543 2959 ars
1562 2946 1576 2970 ,
1604 2905 1863 2961 navicula.
1889 2902 1967 2959 Ne

383 2993 568 3062 itaque
594 2992 694 3049 hoc
732 2994 1069 3051 attendamus
1091 3038 1105 3062 ,
1139 3011 1209 3049 an
1244 3010 1411 3065 pauca
1437 2996 1744 3067 reliquerit,
1776 2996 1875 3053 sed
1898 3012 1969 3053 au

384 3086 565 3141 omnia
588 3086 884 3155 reliquerit.
908 3087 1039 3142 Nam
1071 3089 1123 3142 id
1151 3089 1292 3159 quod
1333 3088 1594 3161 quzeritur
1622 3100 1734 3156 est,
1763 3107 1868 3147 non
1897 3106 1963 3146 an

383 3191 573 3247 magna
602 3193 668 3233 an
696 3194 856 3248 parva
882 3178 1207 3250 deponeret,
1238 3182 1331 3236 sed
1380 3197 1445 3237 an
1477 3181 1610 3237 nihil
1658 3182 1837 3243 minus
1886 3184 1969 3246 itt-

386 3268 571 3334 Eerret.
601 3288 759 3340 qttam
788 3272 987 3328 inferre
1016 3284 1216 3346 posset.
1246 3270 1512 3331 Omnibus
1534 3276 1713 3347 itaque
1734 3276 1930 3331 relictis
1945 3319 1969 3347 ,δ

386 3365 575 3432 patria,
601 3364 783 3429 domo,
812 3367 997 3421 amicis
1020 3408 1034 3429 ,
1062 3369 1332 3438 cognatis,
1367 3369 1475 3422 imo
1500 3369 1612 3439 ipsa
1632 3370 1918 3425 securitate
1949 3384 1967 3424 :

386 3471 509 3515 nam
538 3456 637 3509 hoc
665 3457 824 3511 modo
843 3458 1093 3527 populum
1115 3459 1393 3515 Iudaicum
1422 3461 1521 3517 sibi
1549 3462 1817 3515 inimicum
1841 3461 1967 3516 red-

387 3547 557 3600 didit:
592 3545 717 3600 Jam
734 3548 867 3601 enim
890 3588 905 3613 ,
930 3548 1101 3619 inquit
1127 3590 1143 3615 ,
1174 3552 1583 3621 conspirauerunt
1607 3550 1779 3605 Judaei
1798 3594 1813 3619 ,
1841 3560 1899 3604 ut
1924 3552 1971 3606 si

386 3638 502 3708 quis
528 3655 643 3692 eum
676 3641 997 3707 conﬁteretur
1024 3658 1133 3696 esse
1166 3641 1421 3699 Christum
1444 3684 1459 3708 ,
1484 3652 1629 3697 extra
1660 3660 1975 3716 synagogant

391 3732 532 3799 ﬁeret
562 3731 742 3802 (Joan.
772 3734 824 3789 9.
857 3732 985 3807 22).
1035 3734 1191 3795 Unde
1220 3737 1389 3806 palam
1423 3737 1478 3790 fit
1497 3778 1511 3800 ,
1544 3752 1667 3795 eum
1694 3752 1792 3793 nec
1815 3737 1971 3793 dubi-

392 3835 575 3894 uisse,
607 3842 709 3883 nec
737 3827 977 3883 timuisse
1023 3829 1163 3885 circa
1201 3844 1422 3900 regnum
1457 3831 1710 3885 culorum
1738 3847 1752 3896 ;
1784 3832 1875 3886 sed
1903 3832 1971 3894 de

391 3918 484 3972 illo
503 3918 789 3974 atmodum
817 3934 1131 3989 persuasum
1160 3920 1343 3982 fuisse.
1369 3931 1530 3991 atque
1560 3936 1624 3977 ex
1649 3923 1759 3993 ipsa
1791 3938 1969 3977 rerum

389 4010 854 4067 denumstratione
879 4054 892 4076 ,
922 4012 1030 4068 imo
1070 4023 1194 4068 ante
1233 4028 1410 4068 rerum
1458 4013 1969 4077 demonstrationem

389 4119 455 4157 es
476 4102 767 4158 Salvatoris
792 4118 925 4161 voce
951 4104 1247 4161 credidisse
1268 4146 1282 4169 ,
1316 4120 1375 4160 se
1405 4105 1579 4175 ipsum
1604 4108 1823 4161 omnino
1852 4121 1974 4177 pos-

393 4209 671 4249 sessorum
714 4209 854 4251 esse.
907 4194 1040 4252 Cum
1069 4196 1293 4252 dixisset
1318 4197 1459 4252 enim
1486 4240 1499 4261 ,
1529 4198 1639 4251 Nos
1684 4200 1972 4269 reliquimus

391 4288 583 4352 oumia,
629 4297 675 4341 et
701 4289 896 4357 aetnaei
921 4304 1095 4341 sumus
1118 4297 1181 4352 te,
1204 4290 1329 4358 quid
1352 4290 1443 4343 erit
1488 4289 1629 4343 nobis
1651 4290 1677 4343 Ζ
1706 4289 1981 4360 respOudit

393 4378 474 4441 eis
498 4377 745 4433 Christus
773 4394 787 4430 :
824 4378 1074 4433 Sedebitis
1106 4396 1261 4449 super
1282 4381 1545 4434 duodecim
1574 4382 1802 4447 thronos,
1840 4384 1978 4451 judi-

394 4478 565 4521 κακία
603 4467 867 4521 duodecim
907 4468 1062 4522 tribus
1091 4452 1253 4523 Israel
1270 4469 1479 4539 (Matth.
1510 4471 1695 4531 19.27.
1716 4473 1828 4543 9.8).
1856 4474 1980 4528 limc

401 4570 565 4626 porro
588 4557 823 4627 prtemisi
843 4600 857 4624 ,
888 4569 947 4614 ut
973 4576 1094 4615 cum
1137 4561 1308 4631 ipsum
1339 4576 1435 4630 pro
1462 4564 1736 4617 conservis
1762 4566 1976 4618 anxium

364 4651 689 4727 vostendero
712 4694 725 4718 ,
754 4666 825 4708 ne
864 4651 1015 4708 dicas
1038 4654 1215 4724 ipsum
1257 4654 1367 4708 sibi
1398 4653 1660 4712 timuisse.
1701 4656 1978 4722 Quomodo

397 4746 545 4802 enim
582 4747 850 4802 timuisset
870 4789 884 4813 ,
916 4756 1197 4817 postquam
1226 4750 1270 4801 is
1310 4746 1409 4817 qui
1431 4748 1600 4817 ipsum
1628 4758 1980 4804 coronatums

397 4850 544 4903 erat,
575 4842 903 4895 sententiam
940 4841 1133 4895 tulerat
1172 4840 1243 4896 de
1288 4856 1485 4897 corona
1533 4836 1587 4898 et
1628 4842 1693 4898 de
1747 4844 1987 4915 prtemiis

398 4933 503 5004 ipsi
532 4932 879 4987 conferendis
899 4934 929 4985 τη
950 4933 1053 4986 llic
1078 4932 1259 5002 itaque
1286 4932 1472 4988 Petrus
1492 4976 1504 4997 ,
1532 4937 1624 5003 qui
1650 4936 1829 4989 omnia
1858 4937 1981 4989 reli-

400 5031 611 5090 querat,
647 5023 735 5091 qui
764 5023 1065 5079 conﬁdebat
1086 5024 1154 5079 de
1184 5041 1347 5096 regno
1375 5028 1625 5081 enatorum
1650 5068 1664 5091 ,
1697 5028 1983 5082 aeredente

403 5111 694 5182 aliquando
734 5116 900 5171 divite
928 5118 1158 5188 quodam
1182 5160 1195 5182 ,
1229 5132 1291 5172 ac
1316 5119 1527 5175 dicente
1580 5119 1681 5189 ipsi
1726 5118 1940 5175 Christo
1965 5161 1991 5187 ,7

405 5209 544 5278 Quid
581 5222 767 5278 {actam
813 5220 875 5265 ut
915 5220 1068 5265 vitam
1109 5224 1347 5267 aztentam
1399 5214 1668 5267 hereditate
1711 5231 1986 5284 consequar

401 5302 617 5373 (Matth.
652 5303 739 5358 19.
776 5301 909 5373 16)ΐ
936 5318 1054 5359 cum
1079 5305 1444 5373 respondisset.
1469 5307 1517 5361 ei
1543 5305 1805 5366 Christus.
1832 5307 1892 5363 Si
1912 5294 1985 5364 vis

401 5398 653 5467 perfectus
677 5414 800 5466 esse,
825 5397 970 5465 vade,
1002 5404 1157 5454 vende
1182 5400 1349 5454 omnia
1378 5416 1489 5466 qua:
1514 5401 1684 5469 habes,
1708 5413 1753 5457 et
1782 5402 1848 5457 da
1869 5419 1987 5461 oau-

407 5493 624 5555 ueribus,
656 5502 701 5545 et
727 5496 857 5559 veni,
884 5509 1088 5561 sequere
1115 5510 1192 5547 me
1219 5492 1266 5563 (Ι
1277 5494 1376 5547 bid.
1410 5512 1458 5549 v.
1482 5495 1599 5565 2!);
1629 5495 1820 5551 deinde
1857 5496 1942 5552 ubi
1964 5537 1981 5563 ,

410 5582 500 5637 illo
552 5587 764 5643 tristitia
814 5587 1048 5654 alfecto,
1096 5587 1339 5643 Christus
1396 5589 1672 5659 discipulis
1734 5591 1980 5657 dixerat,

417 5675 589 5734 Videte
635 5699 783 5751 quant
824 5683 1024 5754 difficile
1062 5684 1236 5739 divites
1280 5683 1629 5757 ingrediantur
1671 5688 1724 5740 iu
1774 5702 1980 5754 regnant

1073 193 1131 249 S.
1170 189 1448 248 JOANNIS
1482 180 1960 243 CllRYSOSTOMl
2000 183 2317 244 ARCHiEP.
2343 190 2874 254 CONSTANTINOP.

3544 204 3664 261 276

2051 300 2289 355 calorum
2311 319 2330 357 :
2350 321 2519 374 amen,
2540 324 2687 364 amen
2716 313 2829 366 dico
2855 315 2989 369 vobis
3017 355 3031 380 ,
3065 320 3266 390 [acilius
3292 332 3365 376 est
3391 334 3665 381 cautelam

2056 411 2143 463 per
2191 398 2419 465 foramen
2464 416 2587 456 acus
2633 405 2862 475 ingredi,
2899 424 3050 478 quant
3087 413 3286 468 divitem
3334 417 3385 470 in
3432 434 3685 489 regnum

2054 486 2151 540 Dei
2194 489 2407 558 (Matth.
2448 494 2537 550 19.
2585 496 2678 563 94)
2710 515 2723 551 :
2752 499 2941 557 Petrus
2992 503 3252 562 bonorum
3300 486 3659 579 possessione

2055 597 2285 648 vacuus,
2317 586 2406 657 qui
2434 586 2502 642 de
2544 604 2709 659 regno
2753 595 3084 663 conﬁdebat,
3112 600 3200 669 qui
3239 601 3307 656 de
3343 618 3441 659 sua
3473 608 3659 661 salute

2056 690 2163 728 non
2225 677 2476 744 timebat;
2535 684 2735 743 certior
2803 683 2973 742 lactus
3021 688 3091 744 de
3132 688 3337 749 honore
3380 696 3487 750 sibi
3548 698 3667 752 illic

2057 766 2337 835 reposito,
2395 769 2478 824 his
2523 772 2719 830 auditis
2763 775 3008 845 dicebat,
3069 781 3195 848 Qui:
3244 786 3427 855 poterit
3476 791 3661 843 utimr:

2055 873 2163 911 esse
2190 857 2353 927 (Ibid.
2381 878 2432 916 v.
2464 862 2762 933 ssnonid
2794 867 2986 934 limes,
3020 885 3053 926 ο
3097 858 3253 929 beate
3280 875 3480 933 Petre?
3526 881 3661 949 quid

2058 954 2454 1025 vereris'tquid
2497 959 2777 1027 trepidasi.
2805 960 2993 1018 Omnia
3033 964 3308 1036 abiecisti,
3346 972 3543 1026 omnia
3573 973 3656 1027 di-

2058 1044 2248 1101 misisti
2274 1063 2290 1111 ;
2317 1047 2387 1102 de
2412 1048 2664 1105 divitibus
2690 1062 2774 1109 est
2800 1068 3003 1123 sermo,
3031 1058 3176 1128 quod
3204 1059 3399 1117 dicitur
3428 1063 3655 1121 illorum

2059 1143 2146 1191 est
2182 1139 2452 1194 accusatio
2483 1156 2501 1195 :
2526 1152 2580 1195 tu
2608 1159 2736 1200 vero
2766 1145 2817 1200 in
2845 1159 3159 1224 paupertate
3188 1161 3243 1208 et
3276 1155 3454 1224 inopia
3486 1159 3657 1212 vitam

2059 1226 2192 1296 agis.
2230 1228 2443 1293 Verum.
2478 1233 2645 1303 inquit
2673 1236 2760 1297 ille
2783 1278 2797 1299 ,
2822 1252 2929 1293 non
2958 1256 3017 1295 ea
3050 1257 3169 1312 qua:
3200 1244 3268 1299 ad
3293 1259 3377 1302 me
3400 1261 3661 1317 spectant

2059 1320 2298 1379 attendo.
2327 1322 2421 1375 sed
2449 1324 2677 1381 aliorum
2713 1330 2994 1387 utilitatem
3040 1349 3241 1404 qtuero.
3278 1338 3405 1394 Ideo
3434 1341 3512 1397 de
3545 1347 3659 1397 suis

2062 1410 2226 1467 rebus
2279 1413 2471 1470 tiducia
2512 1418 2735 1488 plenus,
2762 1421 2830 1478 de
2859 1425 3083 1481 aliorum
3130 1431 3299 1487 salute
3337 1412 3685 1493 sciscitaba—i

2064 1511 2177 1575 tor,
2195 1505 2398 1575 dicens,
2416 1510 2543 1576 Quis
2566 1523 2727 1585 potest
2749 1517 2916 1571 salvus
2937 1523 3083 1575 esse?

2135 1597 2188 1652 5.
2220 1598 2415 1654 Paulus
2442 1604 2506 1656 de
2530 1616 2842 1673 posterorum
2869 1612 3131 1669 animabus
3167 1616 3432 1673 sollicitus.
3457 1652 3539 1661 —
3566 1622 3652 1677 Vi-

2064 1691 2244 1750 dist'ut‘
2274 1699 2634 1766 apostolorum
2684 1702 3142 1761 sollicitudinem?
3170 1715 3437 1780 quomodo
3489 1691 3685 1781 unum?

2065 1786 2179 1843 sint.
2211 1803 2404 1859 corpus
2424 1793 2449 1845 Ἰ
2477 1792 2711 1849 vidistin'
2751 1810 2856 1866 quo
2888 1811 3042 1866 pacto
3082 1812 3133 1855 et
3166 1818 3261 1872 pro
3292 1810 3656 1873 pra-sentibus

2064 1888 2120 1932 et
2143 1893 2239 1950 pro
2264 1880 2454 1944 futuris
2476 1883 2689 1946 timeret
2715 1887 2947 1944 Petrus?
2968 1889 3055 1946 Sic
3080 1893 3238 1947 etiam
3268 1894 3485 1952 Paulus.
3516 1899 3685 1966 Quae,

2067 1980 2285 2041 propter
2314 1973 2523 2029 dicebat
2554 1994 2567 2029 :
2607 1977 2833 2047 Scitote,
2884 1984 3021 2051 quod
3057 1984 3109 2045 in
3151 1988 3432 2043 novissimis
3478 1992 3656 2047 diebus

2066 2074 2211 2120 erunt
2250 2075 2477 2139 tempora
2504 2072 2678 2141 gravia
2705 2071 2794 2143 (Ξ.
2818 2071 2952 2129 Tim.
2978 2078 3029 2133 3.
3062 2078 3083 2133 1
3106 2078 3146 2148 ).
3192 2078 3423 2152 ldipsum
3455 2088 3575 2155 agit
3609 2099 3657 2141 et
3684 2110 3685 2133 1

2065 2156 2217 2212 alibi.
2241 2159 2468 2225 Quando
2497 2164 2640 2227 enim
2672 2180 2741 2219 ex
2770 2166 2893 2221 Asia
2920 2168 3252 2227 discessurus
3276 2189 3411 2238 erat,
3444 2185 3504 2230 et
3550 2178 3655 2231 lto-
3684 2216 3685 2229 1

2068 2264 2209 2304 nam
2236 2250 2622 2322 deportandus,
2655 2256 2886 2329 indeque
2912 2257 2964 2314 in
2993 2264 3186 2317 cretum
3216 2264 3651 2322 transferendus:
3684 2286 3685 2293 η

2067 2352 2216 2394 mors
2244 2343 2440 2413 quippe
2467 2355 2773 2402 sanctorum
2804 2364 2947 2406 mors
2972 2368 3076 2406 non
3102 2362 3218 2420 est,
3250 2357 3342 2411 sed
3372 2358 3654 2415 translatio
3684 2370 3685 2379 ‘

2065 2445 2105 2486 ι
2129 2440 2270 2489 terra
2295 2432 2348 2497 in
2378 2436 2571 2495 calum
2592 2479 2606 2503 ,
2642 2452 2672 2492 a
2701 2439 3061 2497 deterioribus
3085 2442 3151 2499 ad
3180 2446 3397 2501 meliora
3417 2490 3430 2511 ,
3465 2465 3495 2502 a
3526 2467 3653 2505 eon-
3684 2460 3685 2479 ‘

2066 2526 2239 2582 servis
2261 2528 2330 2582 ad
2360 2529 2673 2596 Dominum,
2712 2533 2780 2593 ab
2809 2532 3123 2593 hominibus
3139 2537 3205 2594 ad
3245 2540 3465 2608 angelos
3495 2562 3509 2596 :
3539 2546 3655 2613 quia
3684 2522 3685 2549 1

2071 2616 2231 2689 igitur
2254 2618 2495 2676 abiturus
2519 2635 2636 2677 erat
2662 2625 2726 2678 ad
2753 2627 2988 2681 omnium
3017 2625 3295 2683 Dominum
3322 2631 3516 2697 Deum,
3547 2650 3651 2691 Olll-
3684 2632 3685 2649 ‘

2070 2710 2154 2769 nia
2180 2726 2299 2781 quae
2323 2711 2389 2767 ad
2415 2713 2589 2789 ipsum
2625 2717 2957 2785 pertinebant
2995 2719 3157 2789 probe
3181 2721 3533 2792 dispensavit.
3567 2726 3653 2779 Et~
3684 2720 3685 2745 ‘

2069 2803 2211 2857 enim
2241 2815 2447 2872 quanto
2478 2815 2719 2878 tempore
2746 2825 2867 2866 eum
2894 2810 3167 2881 discipulis
3199 2814 3328 2882 fuit,
3358 2833 3484 2872 cum
3514 2819 3653 2877 onmi
3684 2806 3685 2829 ‘

2070 2893 2345 2966 diligentia
2373 2897 2675 2954 doctrinam
2705 2902 2831 2971 ipsis
2863 2903 3181 2974 impertivit,»
3201 2922 3263 2961 ac
3287 2906 3420 2965 dixit
3461 2927 3477 2963 :
3506 2910 3652 2964 Mun-
3684 2894 3685 2967 1

2069 2988 2166 3052 ἐνί
2193 3006 2307 3044 sum
2335 3007 2367 3043 a
2394 2994 2639 3062 sanguine
2682 2997 2909 3049 omnium
2936 2997 2954 3068 (
2970 2999 3082 3052 Act.
3113 2999 3203 3054 20.
3230 2999 3369 3070 26);
3414 3002 3685 3083 nihilque‘

2072 3085 2422 3153 puelermisi,
2453 3086 2639 3155 inquit,
2680 3104 2863 3151 eorum
2903 3107 3021 3159 qua:
3056 3092 3121 3151 ad
3161 3093 3381 3148 salutem
3422 3095 3652 3149 admini-

2070 3175 2289 3230 stranda
2330 3186 2502 3231 erant.
2551 3176 2685 3246 Quid
2731 3179 2933 3251 igitur?
2980 3191 3257 3253 postquam
3300 3199 3392 3239 sua
3441 3185 3498 3241 in
3548 3170 3685 3253 tuto,

2072 3267 2461 3335 collocaverat,
2506 3286 2630 3326 eum
2672 3276 2909 3329 accusari
2954 3290 2986 3331 a
3026 3276 3253 3333 Domino
3298 3295 3399 3333 non
3450 3291 3669 3351 posset,

2072 3360 2211 3417 circa
2256 3374 2316 3416 ea
2360 3377 2479 3431 qure
2521 3362 2587 3418 ad
2630 3364 2751 3419 vitae
2781 3381 2893 3421 sua:
2935 3377 3141 3439 tempus
3185 3371 3561 3440 pertinebant,
3592 3390 3663 3427 an

2076 3452 2315 3527 neglexit
2334 3455 2546 3515 animas
2573 3464 2689 3523 post
2717 3456 2959 3513 futuras?
2984 3457 3325 3531 Nequaquam
3352 3480 3365 3517 :
3388 3464 3485 3517 sed
3510 3466 3667 3534 quasi

2075 3542 2142 3598 de
2174 3544 2278 3598 illis
2305 3545 2463 3598 etiam
2494 3547 2754 3602 rationem
2784 3547 3035 3615 daturus,
3062 3566 3139 3606 sne
3170 3563 3225 3607 et
3254 3552 3339 3606 illa
3363 3568 3491 3610 cum
3516 3555 3685 3623 οιιηιὶ1

2075 3638 2414 3693 accuratione
2440 3638 2575 3693 dixit
2599 3640 2695 3705 eis,
2725 3651 2779 3696 et
2810 3642 2943 3708 haec,
2971 3658 3089 3712 qua:
3114 3660 3223 3714 1am
3254 3646 3516 3715 legemus,
3542 3663 3657 3700 rer»

2075 3728 2143 3783 ba
2169 3746 2181 3781 :
2205 3728 2477 3796 Attendite,
2509 3729 2698 3800 inquit,
2727 3732 2863 3788 vobis
2889 3734 3009 3804 ipsis
3029 3745 3075 3789 et
3100 3739 3329 3791 universo
3348 3742 3495 3805 gregi
3522 3740 3653 3807 (Act.
3684 3762 3685 3795 1

2076 3819 2164 3874 210.
2194 3820 2269 3884 28
2283 3818 2324 3892 ).
2358 3819 2605 3879 Vidistiu‘
2639 3834 2890 3892 quantum
2934 3826 3147 3881 illorum
3178 3826 3329 3882 sollic
3353 3827 3539 3884 tudine
3564 3831 3661 3883 de-.

2079 3914 2287 3967 vinctus
2315 3916 2521 3970 esset?’
2546 3914 2679 3971 Nam
2721 3918 2912 3987 singuli
2952 3928 3190 3974 nostrum
3232 3935 3348 3991 qum
3394 3936 3490 3975 sua
3542 3932 3685 3977 sunt:

2078 4016 2294 4072 curant,
2328 4007 2420 4063 iH'e
2444 4024 2572 4072 vero
2600 4011 2915 4079 pra-positus
2956 4028 3075 4080 qua:
3118 4011 3183 4067 ad
3228 4028 3411 4067 cimu-s
3452 4024 3656 4083 specta.

2082 4097 2226 4152 baut.
2277 4098 2631 4165 thnobrem
2676 4099 2745 4156 de
2787 4100 3094 4156 doctoribus
3143 4104 3263 4156 ait:
3311 4102 3410 4169 Qui
3450 4107 3669 4175 vigilant

2080 4204 2237 4259 super
2254 4192 2449 4245 animus
2478 4202 2665 4247 ceso-as
2685 4233 2699 4259 ,
2747 4209 2887 4256 quast
2915 4195 3157 4250 rationem
3184 4196 3429 4250 reddituri
3461 4198 3665 4267 (Hebr.

2082 4284 2170 4337 15.
2205 4283 2269 4335 17
2294 4283 2330 4345 ).
2365 4283 2721 4340 Formidabtle
2748 4300 2931 4340 revera
2964 4285 3211 4343 iudicium
3234 4327 3247 4347 .
3278 4303 3397 4342 cum
3429 4304 3533 4358 pro
3561 4301 3667 4345 tam.

2084 4374 2290 4443 ingenti
2309 4375 2509 4443 pupum
2529 4377 2761 4432 rationes
2788 4385 2913 4431 sunt
2940 4376 3223 4432 reddendte
3253 4396 3266 4433 ς
3296 4378 3410 4446 sed,
3436 4389 3493 4434 ut
3522 4381 3655 4435 dice-

2084 4468 2238 4531 bant,
2273 4468 2400 4536 ipsis
2425 4469 2608 4522 accitis
2635 4469 2707 4523 ait
2735 4486 2748 4521 :
2772 4470 3024 4525 Attendite
3048 4471 3184 4526 vobis
3211 4473 3331 4542 ipsis
3359 4484 3405 4527 et
3432 4477 3658 4528 universa
3684 4460 3685 4463 ‘

2082 4560 2241 4633 gregi,
2285 4562 2335 4612 in
2377 4577 2474 4629 quo
2512 4576 2598 4615 vos
2639 4560 2862 4625 Spiritus
2902 4573 3105 4620 sanctus
3146 4569 3312 4631 posuit
3349 4576 3580 4633 pastores
3618 4576 3657 4621 et

2085 4634 2505 4721 qriscopos'(Act.
2529 4651 2757 4721 20.28).
2799 4653 2933 4719 Quid
2977 4652 3168 4708 laetum
3194 4658 3318 4709 est?
3358 4671 3452 4711 cur
3482 4634 3685 4721 hortao:

2086 4745 2204 4799 ris?
2244 4762 2313 4799 an
2349 4746 2479 4815 quid
2517 4762 2679 4815 grave
2706 4748 3008 4816 prmvides?
3036 4764 3101 4802 an
3147 4749 3273 4819 qttid
3301 4754 3491 4805 durum
3541 4768 3653 4823 pro-

2088 4838 2246 4907 spicis
2267 4839 2379 4892 “tan
2410 4838 2557 4909 quod
2590 4840 2878 4901 perieulum
2910 4839 3171 4905 imminet,
3201 4858 3268 4895 an
3297 4858 3417 4911 qua:
3442 4844 3653 4897 calami-

2091 4940 2193 4992 tas,
2223 4946 2287 4984 an
2332 4930 2576 4985 bellum?
2621 4930 2733 4997 Dic,
2779 4948 2999 4995 qumso:
3034 4948 3154 4986 nam
3195 4932 3351 4988 altior
3383 4932 3542 4990 nobis
3566 4949 3649 4988 es:

2090 5040 2196 5081 nec
2214 5026 2494 5087 armentia
2517 5025 2677 5080 modo
2698 5025 2863 5088 vides,
2888 5024 2983 5081 sed
3007 5026 3164 5080 etiam
3189 5026 3358 5082 futura
3384 5029 3647 5098 praevides.
3684 5084 3685 5093 χ

2091 5116 2190 5174 Dic
2213 5112 2490 5183 igitur'cur
2510 5118 2623 5175 htcc
2649 5118 2926 5190 prmeipias
2950 5129 3004 5173 et
3030 5118 3280 5177 horteris.
3310 5118 3452 5187 Scio,
3478 5124 3647 5191 inquit,
3684 5182 3685 5187 η

2089 5222 2225 5284 quod
2251 5223 2369 5279 post
2397 5214 2745 5268 discessionem
2784 5230 2944 5267 meam
2974 5213 3231 5267 intrabunt
3260 5230 3310 5266 tn
3335 5229 3536 5281 gregem
3562 5213 3649 5278 lupi

2089 5321 2269 5376 graues
2296 5303 2453 5375 (fbid.
2482 5321 2530 5359 v.
2553 5304 2665 5364 29⁵).
2699 5303 2883 5359 Vidcn'
2908 5303 3049 5373 quod
3076 5304 3363 5369 dicebam,
3401 5303 3651 5373 quomodo

2089 5412 2205 5455 non
2228 5400 2294 5454 de
2324 5399 2389 5455 iis
2413 5398 2585 5454 stium
2616 5399 2705 5468 qui
2736 5410 2833 5454 suo
2864 5408 3101 5468 tempore
3130 5407 3283 5454 erant
3309 5401 3501 5453 anxius
3527 5403 3649 5453 esset

2090 5504 2144 5547 et
2193 5492 2420 5554 timeret,
2464 5491 2561 5545 sed
2588 5494 2748 5547 etiam
2797 5491 2863 5545 de
2908 5491 2972 5545 iis
3003 5493 3088 5560 qni
3122 5498 3239 5556 post
3285 5487 3643 5543 discessionem
3684 5562 3685 5583 χ

2092 5588 2255 5654 ipsius
2286 5583 2447 5638 futuri
2474 5594 2643 5638 erant.
2689 5582 2957 5637 Intrabunt
2986 5586 3119 5635 enim
3150 5583 3257 5648 lupi
3277 5622 3291 5644 ,
3320 5581 3529 5650 inquit;
3569 5592 3643 5631 uc-

2094 5695 2196 5750 quc
2239 5678 2583 5748 simpliciter,
2622 5675 2793 5747 Lupi,
2825 5674 2918 5732 sed
2948 5676 3105 5731 etiam
3149 5671 3279 5744 Lupi
3320 5686 3527 5743 graves,
3564 5681 3644 5723 non
3684 5674 3685 5687 ‘

3684 64 3685 97 1

3683 350 3685 389 1

3684 532 3685 559 1

3683 618 3685 661 1

3683 710 3685 747 1

3684 802 3685 825 1

3683 888 3685 921 1

3683 1058 3685 1091 1

3684 1154 3685 1183 1

3683 1226 3685 1267 1

3684 1324 3685 1355 1

3684 1420 3685 1461 1

3684 1478 3685 1525 1

3683 1584 3685 1619 1

3684 1672 3685 1705 1

3684 64 3685 97 1

3683 350 3685 389 1

3684 532 3685 559 1

3683 618 3685 661 1

3683 710 3685 747 1

3684 802 3685 825 1

3683 888 3685 921 1

3683 1058 3685 1091 1

3684 1154 3685 1183 1

3683 1226 3685 1267 1

3684 1324 3685 1355 1

3684 1420 3685 1461 1

3684 1478 3685 1525 1

3683 1584 3685 1619 1

3684 1672 3685 1705 1

3684 1844 3685 1869 1

3684 3242 3685 3271 1

3684 3328 3685 3359 1

3684 3408 3685 3461 1

3683 3488 3685 3529 1

3683 3578 3685 3611 1

3683 3656 3685 3707 1

3683 3840 3685 3891 1

3683 4008 3685 4143 1

3680 4196 3685 4231 1

3684 4286 3685 4315 1

3684 4374 3685 4403 1

3684 3242 3685 3271 1

3684 3328 3685 3359 1

3684 3408 3685 3461 1

3683 3488 3685 3529 1

3683 3578 3685 3611 1

3683 3656 3685 3707 1

3683 3840 3685 3891 1

3683 4008 3685 4143 1

3680 4196 3685 4231 1

3684 4286 3685 4315 1

3684 4374 3685 4403 1

3684 4546 3685 4577 1

3684 4706 3685 4741 1

3684 4796 3685 4833 1

3684 64 3685 97 1

3683 350 3685 389 1

3684 532 3685 559 1

3683 618 3685 661 1

3683 710 3685 747 1

3684 802 3685 825 1

3683 888 3685 921 1
