3734 6278
301 248 370 306 93
382 250 405 302 ἳ
1060 251 1120 307 S.
1160 247 1444 308 JOANNIS
1480 251 1775 311 οιιιιγευε

2223 255 2322 314 ΕΡ.
2358 257 2903 317 CONSTANTINOP.
2948 230 2951 233 ’
3644 252 3697 313 21

304 364 608 437 ἀνθρώπων
640 366 881 419 ἐπίνοιαν
901 383 915 398 ·
954 368 1054 438 τὴν
1078 368 1344 423 ἀπουσίαν
1375 371 1828 441 παρετηρήσαντο
1870 368 1966 423 τοῦ

304 450 641 515 διδασκάλου,
676 454 770 505 καὶ
815 454 935 507 τότε
989 454 1243 508 ἐπέθεντο
1292 456 1371 525 τῷ
1416 458 1669 527 ποιμνίῳ.
1728 458 1794 510 Τί
1840 452 1969 523 οῦν;

306 536 774 611 ἀπροστατεύτους
806 544 951 612 ἡμᾶς
980 544 1093 612 ἐᾷς,
1125 544 1219 598 καὶΙ
1244 544 1527 616 προλέγεις
1572 546 1642 599 τὰ.
1686 545 1833 599 δεινὰ
1872 546 1972 616 μό-

306 645 415 691 νον,
444 628 700 697 οὐδεμίαν
740 629 798 682 δὲ
848 632 1079 693 ἐπινοεῖς
1108 632 1495 702 παραμυθίαν;
1540 632 1700 686 Ἀλλά
1729 633 1794 687 ἂν
1819 631 1973 704 {285]

304 715 466 769 τοῦτο
488 718 667 787 ποιῇς,
699 716 898 787 μᾶλλον
926 717 1114 782 αὔξεις
1140 718 1237 789 τὴν
1255 719 1473 785 δειλίαν,
1503 721 1597 774 κα)⁸
1618 719 1976 781 καταϐάλλεις

308 803 377 855 τὰ
424 805 768 875 φρονήματα,
816 805 909 858 καὶ
953 805 1162 870 ἐκλύεις
1203 806 1271 860 τά
1314 807 1499 878 νεῦρα,
1534 808 1831 877 παραλύεις
1877 807 1976 869 τὰς

309 892 497 959 χεῖρας
549 889 654 943 Ιτῶν
698 891 1021 947 ἀκουόντων.
1052 894 1151 947 Διά
1176 908 1258 947 τοι
1289 894 1447 948 τοῦτο
1486 895 1747 965 πρότερον
1779 896 1975 957 αὐτοὺς

307 975 404 1030 τοῦ
432 976 743 1047 Πνεύματος
774 979 1107 1051 ἀνέμνησεν·
1148 983 1243 1034 Ἐν
1266 974 1314 1048 ᾧ
1340 982 1491 1051 ὑμᾶς
1522 984 1585 1035 τὸ
1625 985 1869 1052 Πνεῦμα
1908 983 1974 1037 τὸ

309 1063 479 1133 ἅγιον
524 1065 690 1118 ἔθετο
731 1067 1017 1135 ποιμένας
1050 1069 1147 1122 καί
1195 1070 1585 1137 ἐπισκόπους.
1617 1071 1736 1125 Κᾶν
1768 1071 1979 1133 Παῦλος

309 1151 466 1221 ἀπίῃ,
513 1153 694 1220 φησὶν,
727 1152 841 1205 ἀλλ’
872 1154 900 1206 6
947 1155 1301 1227 Παράκλητος
1347 1158 1629 1228 πάρεστιν.
1666 1154 1816 1221 Εἶδες
1861 1156 1979 1219 πῶς

309 1239 622 1309 ἐπτέρωσεν
646 1240 823 1293 αὐτῶν
848 1242 945 1311 τὴν
974 1240 1170 1312 ψυχὴν,
1199 1244 1513 1314 ἀναμνήσας
1541 1244 1634 1298 τοῦ
1657 1244 1978 1298 διδασκάλου

310 1324 404 1377 τοῦ
455 1324 620 1385 θείου.
658 1327 724 1378 δι’
753 1326 811 1378 ὃν
857 1328 952 1380 καὶ
995 1329 1156 1392 αὐτὸς
1204 1330 1395 1401 παρὼν
1444 1332 1636 1401 (qua;
1685 1331 1841 1395 Τίνος
1885 1327 1980 1383 οὖν

311 1412 495 1464 ἕνεκεν
529 1414 608 1475 είς
636 1413 797 1482 φόϐον
824 1415 1106 1481 ἐνέϐαλεν;
1139 1418 1254 1471 Ἵνα
1281 1417 1487 1490 ἐκϐάλῃ
1516 1418 1675 1472 πάλιν
1695 1418 1792 1490 τὴν
1814 1419 1983 1491 ρᾳθυ-

315 1500 467 1568 μίαν.
487 1501 751 1572 Ἐκάτερα
786 1502 894 1573 γάρ
925 1502 1006 1556 δεῖ
1038 1506 1208 1557 ποιεῖν
1239 1504 1329 1558 τὸν
1358 1505 1808 1576 συμϐουλεύοντα,
1842 1508 1981 1577 μήτε

314 1587 527 1655 ἀφιέναι
559 1588 778 1659 θαρρεῖν
818 1590 908 1643 τὸν
937 1591 1224 1655 ἀκούοντα,
1253 1593 1338 1647 ἵνα
1370 1593 1446 1664 μὴ
1490 1593 1857 1666 ῥαθυμότερος
1890 1594 1983 1661 γέ-

313 1690 472 1744 νηται
494 1691 507 1704 ·
537 1679 676 1746 μήτε
718 1677 902 1743 φοϐεῖν
928 1678 1087 1731 πάλιν
1119 1680 1298 1749 μόνον,
1334 1681 1420 1733 ἵνα
1451 1682 1525 1751 μὴ
1557 1682 1636 1744 είς
1661 1680 1861 1734 δειλίαν
1886 1683 1985 1751 ἐμ-

315 1761 478 1833 πέσῃ.
498 1762 838 1833 Ἀναμνήσας
869 1763 969 1835 μὲν
1000 1760 1092 1819 οῦν
1117 1764 1209 1818 τοῦ
1244 1768 1579 1837 Πνεύματος,
1623 1767 1841 1833 ἐξέϐαλε
1885 1769 1984 1841 τὴν

317 1849 546 1904 δειλίαν·
577 1851 746 1905 εἰπὼν
793 1852 850 1905 δὲ
894 1852 1020 1917 τοὺς
1052 1853 1269 1919 λύκους,
1302 1854 1521 1919 ἐξέϐαλε
1560 1856 1658 1928 τὴν
1691 1856 1984 1929 ῥᾳθυμίαν.

316 1938 502 1991 Atium
554 1939 785 2007 βαρεῖς,
811 1939 898 2009 μὴ
947 1941 1283 2011 φειδόμενοι
1317 1943 1422 1997 τοῦ
1452 1946 1749 2013 ποιμνίου.
1799 1949 1987 2015 Προσ-

316 2025 485 2094 έχετε
525 2026 780 2094 ἑαυτοῖς.
815 2030 1007 2084 Οὐδὲν
1049 2031 1521 2101 ὑπεστειλάμην,
1551 2033 1718 2104 φησί·
1774 2051 1987 2106 μνημο-

317 2117 503 2170 νεύετέ
529 2135 652 2187 μου.
669 2118 868 2171 Ἱκανὸν
893 2118 1003 2188 7&9
1029 2119 1197 2183 δντως
1226 2122 1307 2184 είς
1331 2122 1392 2175 τὸ
1438 2122 1659 2193 θαρρεῖν
1685 2123 1745 2175 τὸ
1777 2125 1984 2193 μεμνῆ-

321 2203 442 2256 σθαι
477 2205 713 2260 Παύλου.
749 2207 859 2276 Ούχ
889 2206 1074 2271 ἁπλῶς
1109 2208 1167 2261 δὲ
1194 2207 1339 2274 λέγει
1363 2209 1462 2280 τὴν
1493 2210 1710 2280 μνήμην
1737 2211 1837 2282 τὴν
1862 2213 1990 2264 ἐαυ-

318 2287 438 2351 τοῦ,
469 2288 604 2344 ἀλλὰ
632 2292 730 2362 τὴν
758 2294 977 2363 μνήμην
1000 2294 1108 2348 τῶν
1140 2295 1728 2366 κατορθωμάτων.“’οτι
1761 2298 1869 2368 7&9
1892 2299 1989 2370 οὐχ

321 2377 508 2440 ἁπλῶς
532 2375 680 2446 λέγει
703 2380 799 2447 τὴν
830 2382 1048 2452 μνήμην
1072 2382 1171 2453 τὴν
1197 2382 1381 2447 αὑτοῦ,
1408 2384 1522 2438 ἀλλ’
1544 2385 1629 2438 ἵνα
1654 2387 1989 2457 μεμνημένοι

322 2464 658 2537 ζηλώσωσιν,
693 2466 991 2521 ἀκούσοντι,
1027 2470 1336 2538 ἐπήγαγεν·
1390 2473 1805 2539 Μνημονεύετέ
1852 2491 1987 2542 μου,

322 2552 411 2607 ὅτι
442 2554 703 2621 τριετίαν
739 2556 931 2610 νύκτα
970 2556 1067 2610 καί
1113 2558 1343 2627 ἡμέραν
1388 2561 1461 2614 οὐ
1506 2560 1811 2615 διέλειπον
1842 2565 1991 2632 μετὰ

321 2639 599 2709 δακρύων
627 2641 727 2695 καί
764 2641 883 2696 τῶν
906 2643 1181 2713 ὀδυρμῶν
1221 2646 1470 2700 ἐκείνων
1508 2648 1809 2714 ἁπάντων,
1851 2668 1994 2706 νου·-

323 2728 511 2784 οετῶν
548 2730 658 2784 ἕνα
689 2730 952 2785 ἕκαστον
992 2731 1180 2801 ὑμῶν.
1209 2734 1320 2803 Οὐχ
1351 2734 1538 2799 ἁπλῶς
1562 2737 1706 2806 ὑμᾶς
1732 2736 1990 2810 βούλομαι

327 2819 638 2889 μεμνῆσθαί
666 2837 791 2890 μου,
823 2819 960 2873 ἀλλὰ
986 2822 1080 2874 καὶ
1103 2820 1195 2874 τοῦ
1227 2823 1419 2893 χρόνου
1447 2824 1540 2878 καὶ
1566 2827 1664 2895 τῆς
1686 2825 1989 2893 νουθεσίας,

323 2906 421 2958 καὶ
462 2907 559 2977 τῆς
608 2908 842 2978 σπουδῆς
874 2909 967 2962 καὶ
1007 2908 1115 2963 τῶν
1148 2909 1417 2979 δακρύων,
1468 2911 1699 2964 καὶτῶν
1744 2912 1994 2984 ὀδυρμῶν

324 2993 547 3047 ἐκείνων
582 2996 853 3050 ἁπάντων.
887 2997 1150 3070 Καθάπερ
1192 2999 1298 3070 7&9
1330 3000 1424 3053 ἐπὶ
1450 3000 1559 3053 τῶν
1602 3001 1916 3072 καμνόντων
1942 3004 1993 3055 οἰ

325 3083 713 3152 προσήκοντες,
736 3085 955 3139 ἐπειδάν
984 3085 1207 3152 πολλοὺς
1231 3088 1322 3141 καὶ
1350 3088 1598 3160 μακροὺς
1614 3089 1996 3153 ἀποτείναντες

322 3167 512 3249 λόγους
559 3170 633 3242 μὴ
676 3173 939 3225 πεισθῶσι
987 3173 1054 3228 τά
1104 3174 1210 3229 τῶν
1260 3175 1683 3246 ἀρρωστούντων
1733 3176 1994 3250 προέσθαι

326 3258 470 3312 σιτία
504 3259 596 3313 καὶ
619 3259 906 3331 φάρμακα,
933 3260 1277 3332 δακρύουσιν,
1296 3262 1435 3317 ὥστε
1460 3264 1657 3328 αὐτοὺς
1681 3263 1993 3335 ἐπικάμψαι

327 3345 558 3416 μᾶλλον·
612 3345 752 3401 οὕτω
799 3348 893 3401 καὶ
936 3349 1143 3413 Παῦλος
1188 3352 1280 3403 ἐπὶ
1322 3350 1430 3403 τῶν
1479 3350 1737 3421 μαθητῶν
1781 3352 1992 3405 ἐποίει·

324 3432 486 3502 ἡνίκα
532 3433 597 3487 ἂν
627 3431 764 3487 εἶδεν
793 3435 1119 3489 ἀσθενοῦντα
1164 3437 1253 3491 τὸν
1302 3438 1455 3506 λόγον
1497 3439 1595 3508 τῆς
1626 3439 1992 3504 διδασκαλίας.

325 3519 422 3591 τὴν
452 3519 745 3591 θεραπείαν
773 3521 871 3593 τὴν
902 3523 1010 3576 ἀπὸ
1038 3525 1143 3578 τῶν
1174 3525 1425 3596 δακρύων
1454 3526 1723 3595 εἰσέφερε.

397 3665 579 3727 ς⁹.Τίς
615 3665 669 3718 δὲ
693 3666 794 3720 οὐκ
826 3666 892 3719 ἂν
924 3667 1122 3739 ᾐδέσθη
1145 3668 1350 3724 Παῦλον
1376 3671 1674 3745 δακρύοντα
1696 3677 1789 3729 καὶ
1811 3677 1995 3747 65096-

330 3769 490 3823 μενον
524 3753 687 3824 ὁρῶν,
712 3756 760 3808 εί
785 3756 877 3808 καὶ
908 3756 1016 3808 τῶν
1038 3755 1200 3810 λίθων
1234 3760 1681 3833 ἀναισθητότερος
1710 3758 1811 3835 ἦν;
1844 3763 1997 3830 Εἶδες

327 3840 447 3903 πῶς
472 3842 634 3895 κάκεῖ
662 3846 891 3915 προεῖπε
936 3844 1002 3898 τὰ
1049 3845 1339 3915 μέλλοντα;
1381 3848 1487 3900 Καὶ
1516 3851 1748 3905 ἐνταῦθα
1776 3850 1835 3905 τὺ
1866 3855 1997 3907 αὐτὸ

326 3929 489 3984 τοῦτο
521 3934 666 3984 ποιεῖ
693 3932 891 4000 λέγων·
930 3934 1107 3989 Τοῦτο
1145 3935 1211 3989 δὲ
1235 3937 1573 4007 γινώσκετε,
1606 3939 1693 3994 ὅτι
1722 3941 1792 3994 ἐν
1815 3942 1998 4012 ἐσχά-

325 4036 456 4085 ταις
496 4020 740 4089 ἡμέραις
779 4022 1179 4091 ἐνστήσονται
1215 4027 1405 4094 καιροί
1446 4030 1717 4095 χαλεποί.
1754 4029 1910 4092 Τίνος
1939 4030 1996 4083 δὲ

325 4109 512 4163 ἐνεκεν
532 4111 780 4181 Τιμοθέῳ
811 4110 977 4180 λέγει,
1010 4112 1101 4166 καὶ
1127 4112 1185 4167 ού
1199 4109 1365 4180 λέγει·
1400 4113 1674 4170 ’ἰδέτωσαν
1701 4116 1758 4169 δὲ
1782 4118 1830 4169 οἱ
1861 4119 2000 4189 μετά

326 4197 499 4251 ταῦτα
534 4199 815 4268 μέλλοντες
846 4200 1110 4267 γίνεσθαι,
1142 4203 1222 4255 ὅτι
1260 4203 1608 4273 ἐνστήσονται
1640 4205 1822 4277 καιροὶ
1848 4204 2000 4275 χαλε-

328 4286 459 4349 ποί;
502 4287 661 4340 Ἀλλὰ
690 4289 922 4361 γίνωσκε
958 4291 1042 4352 σὺ,
1087 4291 1171 4343 ἴια
1206 4290 1379 4362 μάθῃς
1426 4294 1506 4344 ὅτι
1550 4294 1642 4346 καὶ
1682 4296 1709 4346 6
1754 4295 1999 4365 μαθητὴς

328 4373 530 4442 ὁμοίως
557 4374 635 4444 τῷ
662 4375 965 4445 διδασκάλῳ
992 4376 1099 4427 τῶν
1132 4378 1403 4447 ἐσομένων
1449 4379 1691 4448 κήδεται.
1728 4381 1860 4434 Οὐδὲ
1889 4383 2005 4454 γάρ,

329 4461 379 4512 εί
409 4458 482 4529 μὴ
511 4460 749 4530 ἐκήδετο,
782 4462 1180 4531 παραπλησίως
1224 4464 1419 4534 ἐκείνῳ
1466 4465 1563 4536 τὴν
1610 4468 1864 4537 φροντίδα
1911 4472 1998 4522 ἐν·

330 4546 526 4619 έθηκεν
552 4547 634 4599 ἄν.
666 4547 820 4601 υῦτω
848 4550 944 4603 καὶ
974 4549 1001 4600 6
1025 4549 1256 4621 Χριστὸς
1278 4554 1457 4605 ποιεῖ·
1484 4553 1673 4626 ἐπειδὴ
1697 4553 1806 4625 γὰρ
1831 4573 1999 4625 προσ-

329 4634 493 4705 ῆλθον
524 4637 571 4688 οἱ
608 4635 865 4707 μαθηταὶ,
889 4636 957 4691 τά
989 4640 1114 4709 περὶ
1137 4640 1233 4709 τῆς
1260 4640 1565 4704 συντελείας
1597 4641 1789 4712 μαθεῖν
1816 4643 1999 4697 θέλον-

330 4742 441 4788 τες,
478 4726 609 4797 φησ)⁸
636 4726 774 4797 πρὸς
798 4727 990 4792 αὐτούς
1016 4746 1027 4757 ·
1055 4728 1402 4795 Μελλήσετε
1441 4729 1509 4807 δὲ
1550 4731 1792 4787 ἀκούειν
1817 4734 1999 4789 πολέ-

327 4832 500 4881 μους.
538 4815 646 4868 Kal
700 4816 805 4886 μὴν
853 4818 952 4869 ούκ
1001 4818 1195 4871 ἐκεῖνοι
1250 4818 1472 4888 ἔμελλον
1520 4820 1864 4876 ἀκούειν.Ἒν
1892 4824 1999 4896 γάρ

334 4904 449 4954 ἐστι
498 4901 559 4954 τὸ
606 4901 762 4973 σῶμα
798 4904 906 4957 τῶν
937 4905 1160 4958 πιστῶν.
1203 4907 1311 4959 Καὶ
1341 4907 1593 4979 καθάπερ
1621 4911 1669 4963 οἱ
1696 4910 1815 4964 τότε
1846 4912 1998 4976 ὄντες

335 4990 464 5060 περὶ
512 4988 619 5042 τῶν
670 4990 906 5061 ὑστέρων
940 4992 1244 5070 ἀκούουσιν,
1278 4993 1419 5048 οῦτω
1441 4995 1504 5067 δὴ
1549 4998 1641 5050 καὶ
1671 5000 1830 5069 ἡμεῖς
1872 5000 2000 5070 περὶ

335 5076 444 5129 τῶν
465 5076 583 5129 τότε
608 5078 911 5147 γενομένων
940 5068 1442 5149 μάνθάνομεν.”υπε
1452 5101 1481 5153 ρ
1511 5084 1618 5154 7&9
1647 5081 1818 5149 εἷπον,
1845 5068 2001 5157 σῶμα

337 5162 396 5214 ἐν
423 5163 588 5230 ἐσμεν
621 5165 777 5233 ἡμεῖς
807 5166 1064 5225 κάκεῖνοι.
1102 5166 1235 5235 μετᾶ
1278 5168 1559 5241 ἀκριϐείας
1602 5169 1850 5241 ἀλλήλοις
1876 5189 2001 5227 συν-

338 5249 629 5320 δεδεμένοι,
663 5251 709 5301 εί
748 5252 842 5302 καὶ
869 5252 966 5307 τὴν
993 5253 1227 5323 ἐσχάτην
1258 5254 1364 5305 τῶν
1401 5253 1576 5322 μελῶν
1602 5255 1868 5327 ἐπέχομεν
1905 5258 2000 5311 τά-

341 5337 422 5401 ξιν
442 5352 455 5366 ·
490 5336 582 5389 καὶ
608 5338 670 5389 τδ
702 5336 858 5407 σῶμα
889 5337 1045 5391 τοῦτο
1068 5339 1127 5390 ού
1168 5339 1354 5409 χρόνος
1387 5340 1669 5410 διίστησιν,
1706 5344 1765 5395 οὑ
1797 5344 1961 5408 τόπος
1982 5364 1993 5376 ·

341 5423 693 5494 συνδεδέμεθα
726 5423 833 5494 7&9
862 5423 1127 5495 ἀλλήλοις,
1163 5425 1224 5477 οὐ
1263 5426 1467 5497 νεύρων
1513 5428 1841 5498 περιϐολαῖς,
1884 5431 2039 5507 ἀλλ’

339 5508 557 5582 ἀγάπης
607 5509 756 5583 [286]
806 5510 1022 5581 δεσμοῖς
1070 5511 1521 5583 περιϐεϐλημένοι
1574 5515 1852 5571 πάντοθεν.
1903 5519 1999 5572 Διά

339 5596 496 5650 τοῦτο
520 5599 613 5651 καὶ
638 5599 863 5662 ἐκείνοις
893 5599 1017 5670 περὶ
1058 5600 1216 5669 ἡμῶν
1244 5600 1564 5669 διαλέγεται,
1602 5602 1695 5655 καὶ
1737 5606 1897 5674 ἡμεῖς
1932 5605 2000 5659 τὰ

340 5683 561 5737 ἐκείνων
588 5686 1112 5757 ἀκούσωμεν.”Δξιον
1138 5688 1192 5742 δὲ
1212 5687 1437 5759 ζητῆσαι
1466 5691 1700 5757 κάκεῖνο,
1732 5692 1783 5745 τί
1800 5692 1994 5762 δήποτε

2075 373 2350 444 πανταχοῦ
2371 374 2437 428 τά
2470 375 2767 446 σκυθρωπά
2786 376 2923 447 πρὸς
2942 373 3010 427 τὰ
3030 373 3160 444 τέλη
3176 371 3274 442 τῆς
3293 373 3583 445 παρούσης
3605 370 3698 437 (mi

2075 460 2414 530 συνωθῆσθαί
2463 480 2616 531 φησι.
2652 464 2762 516 Καὶ
2788 462 2898 533 7&9
2929 460 3160 531 ἀλλαχοῦ
3197 460 3377 529 λέγει·
3426 458 3697 527 ’Βνσὲσχι

2073 564 2203 611 ταις
2229 548 2476 616 ἡμέραις
2502 549 2961 615 ἀποστήσονταί
2988 547 3284 616 τινεςετῆς
3310 548 3580 611 πίστεως
3597 562 3611 574 ·
3655 564 3697 597 au

2073 633 2304 687 ἐνταῦθα
2347 617 2507 688 πάλιν
2562 635 2747 704 λέγει·
2788 636 2884 688 Ἐν
2915 634 3201 703 ἐσχάταις
3241 633 3491 703 ἡμέραις
3533 634 3699 699 ἐνσττί

2074 738 2287 776 σονται
2347 723 2540 791 καιροί
2600 724 2876 792 χαλεποί.
2932 724 3042 777 Καὶ
3096 723 3127 776 6
3183 722 3414 793 Χριστὸς
3479 720 3699 789 σύμφυνι

2072 808 2282 872 τούτοις
2313 810 2717 881 προαναφωνῶν
2741 810 2922 879 ἔλεγεν
2939 827 2952 841 ·
2985 809 3109 862 Ἐπί
3128 809 3237 879 7&9
3256 809 3367 877 τῆς
3387 808 3700 863 συντελειά

2070 895 2408 964 μελλήσετε
2445 897 2690 951 ἀκούειν
2725 896 3026 963 πολέμους
3069 894 3167 948 καί
3215 894 3399 958 ἀκοὰς
3442 894 3700 960 πολέμιαι

2076 983 2173 1037 καὶ
2197 984 2413 1051 λιμοὺς
2438 984 2533 1037 καὶ
2561 985 2829 1053 λοιμούς.
2860 983 3016 1047 Τίνος
3045 981 3138 1036 οὖν
3166 982 3349 1036 ἕνεκεν
3378 984 3434 1036 ἐν
3466 983 3538 1053 τῇ
3574 996 3700 1033 cum

2077 1070 2194 1140 λείου⁸
2222 1071 2282 1124 τὸ
2313 1070 2541 1141 μέγεθος
2571 1073 2717 1142 καὶὴ
2749 1071 2964 1134 σύνοδος
2983 1072 3091 1124 τῶν
3117 1070 3443 1141 συμφορῶν;
3473 1068 3634 1130 Τινὲς
3653 1066 3700 1136 μί

2079 1174 2259 1225 φασιν,
2287 1158 2369 1211 ὅτι
2419 1160 2699 1227 κάμνουσα
2732 1160 2764 1228 ἡ
2806 1158 2979 1221 κτίσις
3024 1160 3115 1211 καὶ
3142 1156 3463 1221 άσθενοῦσα,
3501 1155 3699 1210 καθάπ

2082 1246 2241 1314 σῶμα
2285 1246 2593 1317 γεγηρακὸς
2638 1244 2806 1298 πολλὰ
2848 1247 3144 1299 ἐπισπᾶται
3173 1245 3242 1297 τά
3274 1246 3580 1313 νοσήματα.
3617 1241 3699 1295 οἵη

2079 1334 2171 1385 καὶ
2230 1332 2367 1404 αὐτὴ
2416 1334 2645 1406 γηρῶσα
2697 1333 2896 1396 πολλὰς
2947 1335 3244 1386 ἐπισπᾶται
3293 1332 3390 1395 τὰς
3438 1331 3699 1401 συμφορά(

2093 1419 2252 1474 Ἀλλά
2276 1420 2338 1472 τὸ
2370 1419 2468 1490 μέν
2506 1421 2663 1491 σῶμα
2706 1419 2849 1474 κατά
2890 1420 3100 1488 φύσεως
3132 1419 3408 1472 ἀσθένειαν
3459 1421 3562 1471 καὶ
3597 1419 3699 1486 νὸμι

2081 1506 2174 1560 ἐπὶ
2202 1507 2262 1560 τὺ
2292 1507 2468 1579 γῆρας
2498 1508 2713 1578 ἔρχεται
2740 1526 2753 1538 ·
2788 1508 2837 1561 οί
2866 1508 2924 1561 δὲ
2957 1507 3136 1577 λοιμοὶ
3183 1508 3274 1560 καὶ
3306 1509 3353 1560 οί
3384 1507 3624 1575 πόλεμοι
3666 1522 3699 1556 aa

2080 1595 2130 1646 οί
2157 1592 2370 1663 σεισμοὶ
2397 1593 2457 1646 ού
2483 1593 2569 1647 διά
2597 1593 2657 1646 τὸ
2688 1594 2860 1665 γῆρας
2891 1595 2988 1666 τῆς
3015 1594 3243 1658 κτίσεὼς
3286 1596 3441 1648 είσιν.
3468 1592 3615 1647 Οὐδὲ
3653 1592 3700 1659 γὲ

2083 1681 2267 1752 ἐπειδὴ
2301 1679 2372 1733 τά
2408 1680 2681 1751 κτίσματα
2717 1682 2888 1736 ταῦτα
2925 1684 3071 1753 γηρᾷ
3095 1723 3109 1748 ,
3161 1682 3249 1736 διὰ
3286 1681 3443 1735 τοῦτο
3482 1681 3560 1733 τὰ,
3598 1680 3700 1749 νοσί

2086 1786 2231 1839 ματα
2254 1768 2427 1823 ταῦτα
2447 1785 2460 1798 ·
2493 1770 2663 1839 Λιμοί
2691 1772 2820 1842 γὰρ,
2850 1770 2947 1824 καί
2976 1769 3190 1839 λοιμοὶ,
3218 1769 3313 1823 καί
3344 1768 3596 1837 σεισμοὶ
3617 1784 3700 1820 και

2084 1856 2335 1921 τόπους·
2392 1855 2505 1910 ἀλλ’
2552 1855 2735 1927 ἐπειδὴ
2779 1857 2889 1909 τῶν
2931 1855 3232 1927 ἀνθρώπων
3289 1857 3323 1925 ἡ
3386 1853 3588 1925 γνώμη
3648 1853 3699 1907 δυ

2085 1944 2402 2017 φθείρεσθαι
2443 1943 2654 2015 μέλλει·
2690 1943 2971 2014 ἁμαρτιῶν
3007 1943 3116 2012 γάρ
3150 1945 3293 1997 ἐστιν
3330 1942 3554 1996 ἅπαντα
3596 1940 3702 1997 ταῦτ

2086 2032 2453 2103 κολαστήρια,
2505 2031 2600 2086 καὶ
2656 2032 2976 2103 νοσημάτων
3045 2029 3396 2102 ἀνθρωπίνων
3465 2028 3702 2099 φάρμακι

2086 2122 2195 2175 Καὶ
2227 2121 2335 2193 7&9
2380 2121 2450 2174 1&
2493 2121 2776 2192 νοσήματα
2805 2120 2875 2173 τά
2907 2119 3220 2191 ἀνθρώπινα
3245 2118 3363 2171 τότε
3405 2117 3701 2170 ἐπιτείνετα

2087 2210 2197 2263 Καὶ
2242 2209 2384 2272 τίνος
2428 2208 2614 2262 ἐνεκεν
2646 2208 2766 2262 τότε
2806 2207 3161 2273 ἐπιτείνεται;
3189 2208 3552 2278 φησίν.⁹Εμοὶ
3596 2206 3698 2257 δοκε

2087 2298 2167 2352 ὅτι
2197 2296 2384 2369 ἐπειδὴ
2408 2297 2642 2368 χρονίζει
2670 2297 2729 2350 τὺ
2760 2296 3124 2367 δικαστήριον,
3150 2297 3243 2350 καὶ
3274 2295 3564 2366 μέλλουσιν
3596 2294 3647 2345 αἱ
3666 2294 3702 2343 εί

2089 2380 2265 2444 θῦναι,
2316 2382 2411 2435 καὶ
2451 2380 2603 2434 ούπω
2643 2379 3015 2452 παραγέγονεν
3064 2380 3093 2433 6
3132 2380 3344 2449 κριτὴς,
3397 2378 3701 2449 ῥᾳθυμότερ

2088 2468 2328 2537 γίνονται
2355 2468 2405 2521 οί
2437 2467 2718 2535 μέλλοντες
2751 2467 2909 2535 λόγον
2931 2465 3357 2537 ύπέχειν.”οπερ
3380 2461 3476 2518 οῦν
3510 2466 3608 2517 καὶ
3637 2480 3701 2530 πεί

2088 2554 2184 2608 τοῦ
2207 2553 2444 2626 πονηροῦ
2471 2555 2681 2608 οἰκέτου
2710 2554 2874 2626 φησιν
2901 2556 2931 2607 6
2957 2553 3207 2624 Χριστὸς,
3235 2553 3315 2606 ὅτι
3337 2551 3553 2605 ἐκεῖθεν
3574 2552 3701 2617 γέγω

2092 2642 2479 2714 ρᾳθυμότερος.
2508 2641 2760 2711 Χρονίζει
2787 2642 2896 2715 7&9
2926 2645 2954 2696 6
2986 2641 3189 2713 Κύριός
3224 2657 3348 2712 μου,
3375 2639 3545 2710 φησὶν
3572 2640 3603 2691 6
3624 2641 3702 2689 οἰιο

2089 2748 2210 2800 της,
2244 2729 2340 2783 καὶ
2363 2728 2452 2782 διὰ
2494 2727 2651 2781 τοῦτο
2679 2730 2806 2794 τοὺς
2836 2728 3150 2792 συνδούλους
3177 2729 3391 2792 ἔτυπτε,
3425 2727 3523 2781 καὶ
3559 2727 3652 2796 τὴν
3671 2725 3702 2777 δι

2094 2816 2356 2888 σποτικὴν
2382 2817 2726 2889 διετάραττεν
2762 2817 2968 2871 οὐσίαν.
2998 2815 3096 2870 Διά
3124 2815 3279 2868 τοῦτο
3318 2815 3412 2869 καὶ
3454 2815 3484 2867 6
3532 2812 3701 2883 Χριπί

2092 2906 2204 2967 τοῖς
2253 2904 2522 2975 μαθηταῖς
2573 2903 2881 2957 συνελθοῦσι
2914 2904 3007 2957 καὶ
3042 2902 3381 2973 βουλομένοις
3415 2899 3618 2970 μαθεῖν
3664 2900 3702 2950 1i

2094 2992 2305 3063 ἡμέραν
2338 2992 2437 3062 τῆς
2466 2991 2793 3054 συντελείας.
2828 2991 2927 3044 ούκ
2966 2991 3139 3059 ἔλεγε,
3170 2993 3235 3059 τῇ
3265 2989 3459 3059 ἀδηλίᾳ
3492 2989 3607 3042 τῶν
3637 2987 3701 3057 με]

2094 3079 2291 3132 λόντων
2327 3078 2652 3147 ἐναγωνίους
2685 3080 2830 3149 ἡμᾶς
2862 3078 3029 3131 ποιῶν
3072 3076 3350 3149 διηνεκῶς.
3396 3077 3486 3130 ἵνα
3540 3076 3701 3129 ﬁxas:

2096 3168 2183 3221 ἀεὶ
2233 3166 2545 3238 προσδοκῶν
2586 3168 2646 3221 τὸ
2694 3168 2906 3239 μέλλον,
2940 3169 3033 3222 καὶ
3078 3170 3135 3221 ἐν
3178 3167 3385 3221 ἐλπίσιν
3418 3167 3497 3219 ὣν
3538 3168 3639 3237 τῆς
3670 3180 3704 3219 τι

2095 3256 2333 3328 Χριστοῦ
2354 3256 2680 3326 παρουσίας,
2708 3252 3190 3329 σπουδαιότερος
3214 3256 3311 3309 Διά
3328 3253 3490 3309 τοῦτο
3512 3270 3703 3324 παραιν

2094 3365 2176 3411 τις
2224 3348 2423 3416 λέγων·
2479 3345 2577 3417 Μὴ
2624 3346 2968 3401 ἀναϐάλλου
3010 3344 3363 3413 ἐπιστρέψαι
3392 3342 3495 3397 ἐπὶ
3523 3344 3704 3408 Κύρια

2094 3434 2249 3505 μηδὲ
2278 3434 2536 3505 ἀνάμενε
2557 3434 2786 3505 ἡμέραν
2805 3434 2873 3498 ἐξ
2898 3432 3141 3502 ἡμέρας,
3166 3432 3393 3501 μήποτε
3414 3430 3499 3495 ὡς
3516 3431 3704 3495 μέλλει

2095 3520 2631 3593 ἐκτριϐῇς.”Αδηλός
2664 3524 2812 3575 ἐστιν
2841 3521 2875 3591 ἡ
2906 3518 3150 3589 τελευτὴ,
3194 3517 3347 3589 φησὶ,
3371 3516 3469 3572 καὶ
3496 3516 3591 3570 διὰ
3615 3514 3704 3568 τοῦ

2097 3609 2312 3682 ἄδηλος,
2354 3612 2442 3665 ἵνα
2483 3611 2569 3664 ἀεὶ
2615 3606 2939 3679 σπουδάζης.
2970 3605 3068 3659 Διὰ
3104 3604 3262 3659 τοῦτο
3304 3605 3378 3668 ὡς
3421 3602 3704 3673 κλέπτηςί

2097 3700 2273 3763 νυκτὶ,
2303 3698 2475 3762 οῦτως
2520 3699 2553 3768 ἡ
2595 3696 2777 3769 ἡμέρα
2806 3695 3006 3767 Κυρίου
3044 3694 3290 3765 ἔρχεται·
3318 3693 3413 3763 ούχ
3446 3693 3540 3747 ῐνα
3574 3693 3704 3763 κλέιξι

2096 3787 2212 3841 ἀλλ’
2233 3787 2321 3840 ἴνα
2354 3787 2499 3857 ἡμᾶς
2519 3783 2822 3854 ἀσφαλεστέ
2829 3799 2953 3854 ρους
2971 3783 3190 3853 ποιήσῃ.
3209 3781 3266 3833 '0
3286 3779 3393 3848 7&9
3410 3779 3506 3833 τὸν
3528 3779 3704 3847 κλέπτῃ

2097 3872 2364 3945 προορῶν,
2389 3874 2447 3925 ἐν
2476 3870 2750 3943 ἀγρυπνία
2776 3868 2971 3936 διάγει,
3000 3870 3094 3921 καὶ
3120 3868 3308 3937 λύχνον
3338 3866 3483 3935 ἀψας
3515 3866 3610 3919 διά
3644 3882 3703 3916 ττι·

2098 3961 2190 4024 τὸς
2222 3962 2541 4032 ἐγρήγορεν.
2565 3957 2751 4018 Οῦτως
2774 3953 2868 4010 οὖν
2893 3956 2987 4010 καὶ
3016 3957 3173 4025 ὑμεῖς
3199 3956 3430 4024 ἅψαντες
3454 3953 3517 4006 τὸ
3537 3954 3654 4022 φῶς
3674 3950 3704 4019 1i

2099 4049 2334 4112 πίστεως
2380 4047 2472 4101 καὶ
2517 4046 2614 4117 τῆς
2662 4044 2825 4115 ὀρθῆς
2860 4043 3163 4106 πολιτείας,
3205 4042 3429 4112 φαιδράς
3474 4041 3631 4110 ἔχετε
3674 4036 3704 4091 τί

2099 4136 2387 4209 λαμπάδας
2406 4136 2465 4188 ἐν
2482 4129 2757 4203 ὰγρυπύία
2783 4132 3036 4201 διηνεκεῖ.
3056 4130 3271 4200 Ἐπειδὴ
3295 4128 3402 4199 7&9
3423 4129 3527 4181 ούκ
3548 4128 3703 4192 οἴδαμε

2100 4226 2232 4280 πότε
2281 4226 2310 4277 6
2354 4222 2585 4293 νυμφίος
2639 4219 2877 4293 ἔρχεται.
2911 4218 2991 4271 δεῖ
3036 4216 3590 4287 παρεσκευασμένους
3633 4209 3703 4266 εἷς

2100 4313 2188 4367 διά
2219 4302 2438 4373 παντὸς,
2470 4309 2534 4363 ἵν’
2561 4292 2863 4379 ὄτανῖλθῃ,
2895 4306 3161 4376 νήφοντας
3191 4302 3344 4375 εὕρῃ.

2173 4464 2240 4529 ζ’.
2257 4461 2585 4531 Ἐϐουλόμην
2606 4460 2842 4512 ἐκτεῖναι
2856 4456 2944 4509 τὸν
2957 4455 3111 4523 λόγον
3130 4473 3143 4485 ·
3162 4452 3294 4507 ἀλλά
3314 4451 3406 4505 καὶ
3425 4449 3604 4504 ταῦτα
3622 4450 3703 4521 μῶ

2102 4552 2311 4621 ἀφῆκεν
2333 4551 2504 4602 εἰπεῖν
2526 4549 2559 4619 ἡ
2579 4545 2671 4601 τοῦ
2698 4544 2947 4617 σώματος
2972 4542 3242 4604 ἀσθένεια,
3266 4538 3332 4592 δι’
3352 4538 3417 4609 ἡν
3440 4537 3534 4591 τδν
3560 4540 3703 4609 μακρ

2101 4638 2287 4694 τοῦτον
2321 4636 2473 4708 ὑμῶν
2505 4634 2833 4705 διεσπάσθην
2866 4632 3074 4703 χρόνον.
3106 4627 3329 4698 Μακρὸς
3358 4626 3462 4697 7&9
3508 4627 3538 4678 6
3585 4626 3703 4697 χρόν

2101 4727 2246 4798 ἐμοὶ,
2277 4726 2337 4779 ού
2366 4724 2443 4796 τῷ
2475 4721 2693 4796 ἀριθμῷ
2724 4721 2831 4774 τῶν
2862 4716 3108 4809 ἡμερῶν,
3314 4713 3391 4785 τῷ
3674 4731 3703 4809 η

2100 4818 2166 4887 τῇ
2194 4814 2429 4869 διαθέσει
2462 4813 2559 4882 τῆς
2597 4810 2793 4881 ψυχῆς.
2828 4808 2951 4870 Τοῖς
2982 4805 3088 4875 7&9
3116 4802 3327 4873 φιλοῦσι
3369 4800 3461 4887 καὶ
3497 4800 3527 4851 6
3558 4800 3703 4872 βραχὲ

2102 4886 2290 4977 χρόνος
2333 4900 2427 4955 τοῦ
2470 4896 2750 4971 χωρισμοῦ
2781 4895 2944 4977 πολῦς
2992 4892 3084 4977 καί
3136 4886 3641 4977 ἀφατοςᾍφιιίνεταιἒ
3671 4891 3703 4938 Δ

2102 4971 2261 5040 τοῦτο
2294 4984 2388 5039 καὶ
2436 4983 2465 5035 ὁ
2511 4979 2721 5043 Παῦλος
2758 4976 2908 5050 1287]
2939 4975 3129 5047 μικρὸν
3159 4972 3400 5035 ἀποστάς
3442 4971 3701 5024 Θεσσαλον

2103 5074 2263 5133 κέων,
2292 5072 2474 5140 ἔλεγεν
2493 5083 2507 5098 ·
2550 5066 2760 5136 Ἡμεῖς,
2793 5063 3064 5133 ἀδελφοὶ,
3093 5059 3642 5129 ἀπορφανισθέντες
3664 5058 3703 5123 ἀ;

2102 5160 2269 5231 ὑμῶν
2301 5160 2449 5228 πρὸς
2479 5156 2689 5224 καιρὸν
2716 5153 2892 5221 ὥρας,
2933 5148 3247 5219 προσώπῳ,
3274 5149 3346 5201 οὐ
3387 5145 3703 5243 καρδίᾳᾋξι

2092 5246 2461 5318 ρισσοτέρως
2481 5241 2948 5310 ἐσπουδάσαμεν
2970 5237 3037 5291 τὸ
3063 5238 3385 5305 πρόσωπον
3410 5233 3577 5303 ὑμῶν
3595 5233 3703 5287 ἱδεῆ

2102 5339 2165 5391 Εί
2210 5335 2267 5389 δέ
2317 5334 2526 5397 Παῦλος
2553 5335 2581 5385 δ
2607 5331 2823 5385 πάντων
2852 5327 3086 5400 μάλιστα
3115 5325 3423 5395 φιλοσοφεῖν
3458 5322 3632 5385 είδὼς,
3663 5318 3703 5371 οὗ

2101 5427 2332 5498 ἡνεγκεν
2360 5423 2495 5494 πρὸς
2525 5420 2714 5492 καιρὸν
2735 5418 2903 5491 ὥρας,
2940 5417 3055 5480 πῶς
3078 5416 3237 5487 ἡμεῖς
3260 5412 3525 5475 τοσαύτας
3549 5414 3704 5477 οῖσομι

2102 5513 2350 5586 ἡμέρας;
2402 5509 2540 5563 Ἀλλ’
2562 5509 2766 5570 ἐκεῖνος
2797 5507 2894 5577 μὲν
2941 5503 3133 5575 μηκέτι
3178 5502 3403 5570 στέγων,
3437 5499 3508 5553 τά
3540 5498 3703 5565 λείψω

2102 5603 2200 5672 τῆς
2225 5598 2535 5672 ἀρρωστίας
2562 5595 2722 5667 ἔχων,
2746 5594 2978 5665 ἔδραμον
3001 5592 3135 5681 πρὸς
3156 5591 3319 5681 ὑμᾶς,
3350 5589 3604 5681 μέγιστον
3625 5586 3703 5681 φάε

2108 5708 2277 5763 μακον
2309 5688 2606 5761 ἡγούμενος
2650 5684 2931 5755 ἐπιθήσειν
2975 5684 3073 5754 τῆς
3114 5677 3383 5751 ὑμετέρας
3411 5677 3624 5745 ἀγάπης
3663 5678 3703 5735 τῆ
