3720 6274
15 310 93 366 177
598 304 663 361 ΙΝ
700 302 926 371 ILLUD,
966 300 1099 360 HOC
1132 296 1419 356 SCITOTE
1454 295 1636 364 QUOD
1676 293 1739 351 lN
1778 296 2151 357 NOVISSIMIS
2188 299 2457 369 DiEBUS,
2497 301 2648 360 ETC.

10 437 251 499 parcentes
296 427 461 499 gregi.
508 424 711 497 Duplex
755 424 956 480 bellum
997 439 1013 479 :
1060 420 1209 477 Pauli
1256 418 1496 474 absentia
1524 427 1579 472 et

10 520 225 591 incursio
244 520 504 591 luporum
536 536 551 573 :
578 517 769 573 doctor
791 530 898 571 non
925 513 1132 582 aderit,
1158 522 1212 568 et
1237 518 1580 580 corruptores

10 614 366 675 numinebunt.
401 615 482 669 Ac
508 612 777 685 perpende
816 609 1051 665 ferarum
1082 607 1367 673 vafritiem,
1398 613 1453 660 et
1480 604 1581 658 im-

10 708 285 778 proborum
325 707 605 762 hominum
630 703 962 760 versutiam:
1003 700 1300 756 absentiam
1345 697 1579 753 doctoris

10 799 364 861 observarunt,
391 805 446 852 et
474 805 597 850 tunc
619 808 835 865 gregem
862 792 1194 847 invaserunt.
1221 787 1357 857 Quid
1384 785 1579 858 igitur?

10 904 91 944 nos
116 889 239 943 sine
271 888 405 943 duce
430 894 485 942 et
513 884 808 956 patrocinio
833 881 1059 946 deseris,
1094 889 1402 948 tantumque
1438 877 1582 932 cala-

10 981 205 1034 mitates
253 978 519 1048 praedicis,
566 990 737 1045 neque
770 974 927 1028 ullam
972 971 1240 1041 excogitas
1262 967 1581 1024 consolatio-

10 1072 154 1125 nem?
185 1070 385 1125 Verum
413 1068 458 1123 si
485 1069 586 1121 hoc
609 1065 794 1129 facias,
820 1064 1065 1119 timorem
1091 1075 1271 1132 auges,
1299 1068 1351 1114 et
1374 1059 1579 1112 animos

10 1165 206 1233 dejicis,
259 1177 455 1218 nervos
497 1161 763 1225 dissolvis,
811 1167 971 1228 atque
1016 1170 1205 1210 manus
1233 1151 1578 1209 audientium.

12 1254 122 1309 Ideo
175 1252 332 1319 prius
378 1251 484 1304 illis
527 1247 795 1318 Spiritum
839 1238 1292 1300 commemoravit
1330 1261 1341 1296 :
1391 1235 1456 1297 In
1482 1260 1580 1314 quo

10 1362 82 1399 eos
111 1342 345 1413 Spiritus
374 1350 576 1396 sanctus
623 1340 787 1410 posuit
816 1348 1042 1410 pastores
1081 1350 1128 1392 et
1157 1332 1416 1408 episcOpos
1441 1335 1575 1403 (Act.

10 1439 87 1493 30.
114 1436 230 1509 9.8).
264 1435 490 1491 Etiamsi
519 1434 715 1489 Paulus
741 1433 930 1498 abeat,
962 1430 1160 1501 inquit,
1187 1437 1242 1483 at
1272 1427 1581 1484 Paracletns

16 1532 170 1585 :nlest.
203 1530 395 1584 Viden‘
422 1526 689 1599 quomodo
726 1540 910 1580 eorum
942 1523 1113 1578 erexit
1136 1522 1369 1575 animum
1392 1560 1406 1583 ,
1443 1519 1581 1573 divi-

14 1637 124 1675 num
155 1634 584 1675 commemorans
608 1617 906 1679 doctorem,
936 1613 1087 1683 cujus
1107 1626 1208 1682 ope
1237 1619 1291 1665 et
1320 1610 1432 1678 ipse
1457 1607 1580 1661 dum

10 1716 236 1781 presens
258 1720 399 1765 esset
426 1707 679 1763 valebat?
701 1708 805 1760 Cur
837 1719 964 1775 ergo
994 1704 1239 1757 timorem
1268 1698 1488 1769 injecit?
1517 1697 1584 1752 Ut

10 1802 257 1855 desidiam
304 1800 622 1855 eliminaret.
656 1797 951 1866 Utrumque
975 1794 1115 1849 enim
1148 1802 1402 1862 praestare
1426 1789 1585 1843 debet

14 1894 52 1947 is
73 1894 157 1962 qui
184 1892 280 1945 dat
302 1890 616 1946 consilium:
640 1904 738 1943 nec
763 1887 1073 1957 permittere
1101 1896 1156 1937 ut
1183 1881 1394 1936 auditor
1419 1877 1581 1933 conli-

14 1985 109 2049 dat,
135 1998 202 2039 ne
230 1982 451 2053 segnior
478 1980 699 2046 evadat;
728 1993 899 2048 neque
920 1974 1331 2047 perterrefacere
1358 1980 1579 2036 tantum,

13 2096 72 2133 ne
112 2080 162 2131 in
208 2077 437 2130 nimium
482 2083 681 2130 metum
728 2070 944 2127 incidat.
993 2065 1125 2123 Cum
1165 2081 1294 2136 ergo
1325 2064 1583 2134 Spiritum

10 2169 444 2226 commemoravit
469 2209 485 2234 ,
521 2167 775 2222 timorem
799 2160 994 2235 ejecit;
1021 2178 1147 2217 cum
1169 2160 1328 2228 lupos
1353 2157 1581 2221 addidit,

12 2264 283 2333 segnitiem
315 2261 538 2330 depulit.
571 2258 701 2328 Lupi
742 2273 948 2327 graves,
994 2271 1094 2308 non
1125 2262 1382 2322 parcentes
1423 2249 1582 2321 gregi.

16 2354 261 2408 Attendite
286 2352 443 2407 vobis.
479 2350 628 2404 Nihil
653 2348 897 2411 subtraxi,
926 2346 1096 2415 inquit
1125 2363 1138 2399 :
1163 2358 1423 2399 memores
1444 2350 1587 2398 esto-

15 2456 59 2500 te
85 2446 211 2501 mei.
258 2443 470 2500 Sufﬁcit
498 2442 641 2498 enim
668 2439 815 2494 Pauli
848 2436 1101 2493 memoria
1128 2434 1193 2489 ad
1226 2434 1468 2489 ﬁduciam
1500 2434 1585 2487 in-

15 2537 255 2590 dendam.
286 2535 404 2590 Non
435 2531 748 2588 memoriam
776 2529 857 2585 sui
887 2528 1053 2597 tangit
1080 2527 1274 2593 solum,
1306 2526 1400 2581 sed
1424 2526 1584 2580 etiam

18 2627 322 2682 memoriam
349 2635 645 2696 gestorum.
666 2621 819 2689 Quod
842 2620 981 2676 enim
1007 2634 1112 2674 non
1140 2618 1451 2688 simpliciter
1476 2631 1588 2672 me-

10 2719 227 2771 muriam
262 2718 345 2771 sui
377 2716 650 2786 postulet:
694 2712 789 2768 sed
816 2721 873 2767 ut
912 2710 1176 2766 recordati
1217 2709 1366 2778 ejus,
1414 2709 1585 2778 ipsum

17 2806 288 2859 imitentur
315 2844 330 2867 ,
382 2802 641 2856 audituro
686 2798 863 2854 cuivis
907 2797 1129 2870 subjicit
1170 2816 1183 2851 :
1231 2798 1588 2854 Recordamini

14 2898 132 2960 mei,
164 2896 413 2965 quoniam
458 2913 548 2965 per
575 2895 842 2948 triennium
886 2902 1031 2946 nocte
1068 2901 1114 2945 et
1156 2890 1239 2945 die
1266 2907 1367 2945 non
1402 2890 1589 2944 cessavi

10 3003 111 3039 cum
136 2987 389 3057 lacrgmis
414 2997 462 3042 et
487 2986 749 3057 gemitibus
772 2984 875 3037 illis
899 2982 1127 3036 omnibus
1174 2997 1383 3035 monens
1406 2996 1589 3034 unum-

10 3095 242 3148 quemque
267 3088 489 3131 vestrum
518 3076 653 3148 (Act.
680 3075 769 3130 20.
795 3074 905 3143 3|).
934 3073 1048 3127 Non
1074 3071 1247 3126 solum
1276 3070 1383 3126 mei
1405 3084 1587 3125 recor-

9 3170 113 3223 dari
142 3184 243 3223 vos
272 3168 481 3238 cupio;
520 3167 614 3222 sed
656 3167 817 3221 etiam
862 3164 1145 3233 temporis,
1189 3160 1585 3227 admonitionis,

10 3275 178 3325 carae,
228 3261 593 3330 lacrymarnm
641 3267 694 3311 et
743 3256 1035 3327 gemituutn
1075 3254 1286 3307 illorum
1326 3251 1585 3306 omnium.

10 3349 472 3417 Quemadmodum
496 3350 637 3405 enim
663 3357 982 3418 aegrotorum
1009 3344 1238 3415 cognati,
1261 3360 1383 3399 cum
1409 3342 1591 3398 vident

10 3443 120 3496 illos
147 3442 307 3497 dictis
358 3442 471 3495 suis
513 3440 799 3509 multisque
848 3437 1061 3492 monitis
1106 3451 1211 3489 non
1259 3434 1450 3489 cedere
1490 3448 1591 3489 nec

10 3536 282 3591 admittere
312 3534 570 3589 alimenta
602 3543 656 3587 et
694 3532 980 3602 pharmaca
1025 3530 1182 3600 aagris
1207 3529 1586 3598 competentia,

12 3627 393 3698 lacrymantur,
435 3636 493 3681 ut
522 3627 643 3681 illos
685 3625 892 3680 facilius
919 3622 1136 3678 ﬂectant
1165 3640 1179 3677 :
1208 3623 1288 3677 sic
1315 3631 1368 3677 et
1395 3622 1590 3677 Paulus

10 3734 122 3789 erga
167 3718 469 3789 discipulos
515 3733 574 3772 se
614 3717 867 3788 gerebat;
912 3730 1032 3769 cum
1079 3714 1293 3770 videbat
1334 3712 1590 3768 doctrinae

10 3823 305 3866 sermonem
331 3810 400 3864 ad
429 3808 757 3865 suadendum
785 3806 1052 3863 inﬁrmum
1070 3821 1213 3872 esse,
1236 3807 1587 3877 lacrymarum

10 3901 262 3956 medelam
296 3900 605 3956 inducebat.

68 3994 119 4048 6.
160 3994 297 4060 Quis
328 4002 510 4049 autem
538 4007 644 4047 non
674 3991 939 4047 reveritus
965 3998 1141 4055 esset,
1170 3988 1390 4045 Paulum
1418 3988 1591 4061 lacry-

9 4097 232 4141 montem
259 4100 496 4140 cernens
525 4099 588 4139 ac
624 4092 927 4154 gementem
946 4124 961 4149 ,
991 4081 1199 4137 etiamsi
1225 4095 1383 4136 sensu
1424 4082 1590 4151 magis

9 4176 295 4233 destitutus
324 4176 553 4242 fuisset,
582 4191 740 4246 quam
771 4172 1010 4244 lapides?
1055 4172 1297 4227 Vidistin’
1324 4171 1590 4240 quomodo

9 4272 153 4328 etiam
187 4270 306 4325 illic
335 4268 514 4323 futura
540 4265 884 4338 prtedixerit?
917 4265 1012 4320 Hic
1040 4266 1201 4320 etiam
1228 4263 1457 4332 idipsum
1483 4263 1593 4333 agit

10 4366 177 4421 dicens
213 4382 230 4416 :
262 4362 385 4417 Hoc
410 4371 579 4415 autem
606 4362 798 4426 scitote,
830 4360 1069 4430 quoniam
1095 4359 1149 4411 in
1175 4356 1453 4410 novissimis
1479 4357 1588 4409 die-

9 4460 85 4513 bus
110 4468 267 4512 erunt
296 4466 529 4524 tempora
557 4455 731 4525 gravia
758 4453 835 4524 (2.
864 4452 993 4506 Tim.
1019 4452 1072 4507 5.
1098 4448 1173 4522 l).
1201 4447 1310 4504 Cur
1334 4457 1507 4503 autem
1536 4448 1587 4502 id

9 4550 283 4606 Timotheo
310 4548 431 4612 ait,
481 4562 581 4603 nec
607 4546 737 4601 dicit
768 4564 782 4599 :
812 4545 996 4601 Sciant
1042 4544 1077 4599 ii
1124 4542 1215 4613 qui
1262 4548 1382 4611 post
1426 4542 1589 4596 futuri

9 4652 132 4707 mni,
180 4643 305 4697 fore
348 4648 593 4708 tempora
638 4636 862 4708 gravia?
904 4635 995 4691 sed
1014 4634 1167 4691 Scito
1198 4642 1288 4699 tu,
1330 4640 1388 4686 ut
1416 4631 1589 4689 discas

9 4735 319 4805 discipulum
350 4730 574 4801 perinde
612 4738 771 4800 atque
813 4728 1124 4797 magistrum
1162 4725 1253 4780 illa
1282 4724 1440 4779 etiam
1471 4740 1590 4793 quae

9 4824 161 4884 latura
192 4836 332 4885 sunt
360 4841 569 4881 curare.
595 4823 653 4881 Si
682 4824 826 4879 enim
853 4836 958 4877 non
986 4829 1246 4887 curasset,
1273 4836 1379 4874 non
1406 4834 1587 4889 parem

10 4921 61 4972 ili
90 4918 525 4977 sollicitudinem
556 4914 916 4985 imposuisset.
956 4914 1032 4969 Ita
1061 4912 1185 4968 fecit
1223 4922 1275 4967 et
1301 4911 1545 4967 Christus
1573 4927 1586 4964 :

10 5012 103 5080 quia
130 5013 289 5067 enim
326 5013 671 5064 accesserant
697 5003 964 5073 discipuli,
992 5003 1134 5073 quod
1160 5001 1359 5058 vellent
1384 5016 1445 5056 ea
1469 5017 1589 5070 quae

10 5106 51 5158 ιό
78 5101 622 5160 consummationem
656 5097 969 5167 spectabant
1011 5095 1255 5151 ediscere
1277 5137 1293 5163 ,
1339 5095 1414 5148 ait
1441 5094 1545 5148 illis
1574 5111 1587 5148 :

10 5196 223 5249 Ακάὶιιιτί
270 5193 403 5248 estis
433 5191 610 5261 prwlia
642 5188 876 5262 (Matth.
908 5186 1001 5242 24.
1029 5185 1126 5257 6).
1159 5185 1319 5256 Atqui
1363 5200 1467 5239 non
1511 5185 1587 5239 illi

10 5288 210 5343 ludituri
258 5292 451 5341 erant.
489 5281 660 5338 Unum
689 5295 919 5349 namque
965 5285 1049 5333 est
1089 5291 1286 5346 corpus
1332 5276 1587 5331 ﬁdelium.

10 5380 58 5433 lc
77 5373 560 5450 quemadmodum
601 5373 636 5427 ii
673 5371 761 5442 qui
793 5379 917 5425 tunc
955 5376 1141 5434 erant,
1181 5368 1250 5423 de
1278 5367 1589 5437 postfuturis

9 5473 303 5533 mdiebant,
330 5468 413 5521 sic
436 5476 491 5521 et
522 5478 620 5519 nos
648 5463 714 5518 de
740 5463 848 5518 illis
871 5463 960 5532 qui
985 5470 1111 5516 tunc
1138 5460 1287 5516 fuere
1311 5460 1584 5517 discimus.

9 5562 51 5619 lit
70 5567 214 5621 enim
246 5560 416 5627 dixi,
461 5572 629 5613 unum
659 5570 856 5627 corpus
896 5570 1020 5610 cum
1063 5553 1168 5609 illis
1195 5568 1410 5618 sumus,
1442 5561 1588 5608 arcte

10 5670 154 5714 natuo
180 5652 507 5727 conjuncti,
531 5650 741 5707 etiamsi
766 5657 1058 5705 extremam
1084 5645 1444 5702 membrorum
1467 5660 1587 5714 par-

9 5760 81 5804 Im
105 5759 459 5821 occupamus
489 5764 502 5801 :
535 5757 834 5814 corpusque
859 5740 960 5797 hoc
988 5753 1087 5797 nec
1114 5747 1323 5808 tempus
1348 5745 1584 5809 separat,

2206 91 2239 101 ur

3163 309 3265 365 278

1690 429 1789 471 nec
1815 415 1963 472 locus
1997 433 2011 470 :
2044 425 2232 473 mutuo
2258 419 2399 474 enim
2429 420 2660 491 colligati
2688 435 2906 490 sumus,
2938 438 3043 480 non
3071 440 3266 483 nervo-

1684 523 1802 563 rum
1828 509 2139 564 circuitibus
2162 550 2177 573 ,
2218 511 2312 565 sed
2346 512 2581 568 caritatis
2618 513 2843 569 vinculis
2874 516 3106 586 undique
3134 531 3267 573 cono

1682 598 1877 654 stricti.
1908 599 2032 654 ldeo
2060 609 2114 655 et
2152 600 2269 655 illos
2300 602 2439 656 circa
2467 617 2566 659 nos
2591 603 2909 674 alloquitur,
2939 616 2991 661 et
3022 623 3120 663 nos
3147 626 3266 680 qua:

1683 688 1749 743 ad
1790 688 1909 745 illos
1952 698 2198 760 spectant
2241 691 2538 747 audiamus.
2591 693 2779 765 Opera:
2820 698 3053 767 pretium
3086 707 3170 752 est
3211 711 3267 756 et

1684 778 1811 834 illttd
1856 793 2133 850 qumrere,
2161 796 2256 836 cur
2298 783 2491 852 ubique
2538 784 2708 839 tristia
2752 801 2939 841 versus
2981 789 3265 857 prmsentis

1682 868 1806 925 vita:
1856 872 2015 927 linem
2060 888 2341 928 accessura
2383 873 2545 929 dicat.
2596 876 2805 930 Etenim
2846 877 2970 931 alibi
2998 869 3125 933 dicit
3158 896 3170 933 :
3201 878 3268 934 In

1683 965 1966 1018 novissimis
1992 964 2164 1019 diebus
2185 966 2439 1020 discedent
2464 968 2669 1037 quidam
2694 986 2725 1021 a
2748 968 2849 1036 ﬁde
2872 969 2945 1041 (Ι.
2961 966 3095 1023 Tim.
3111 970 3164 1026 4.
3181 972 3264 1041 i);

1683 1061 1739 1108 et
1766 1054 1851 1108 hic
1876 1069 2087 1108 rursum
2116 1056 2191 1107 ait
2224 1072 2239 1109 :
2264 1053 2331 1108 In
2359 1056 2647 1110 novissimis
2672 1057 2845 1111 diebus
2873 1068 3019 1112 erunt
3044 1070 3272 1130 tempora

1683 1145 1856 1214 gravia
1887 1144 1980 1214 (2.
2007 1144 2139 1197 Tim.
2170 1145 2223 1199 5.
2251 1146 2277 1199 1
2305 1150 2343 1214 ).
2376 1144 2619 1201 Christus
2660 1162 2870 1219 quoque
2912 1149 2996 1204 his
3037 1166 3271 1207 consona

1688 1237 2050 1307 prmnuntians
2080 1237 2255 1292 aiebat
2284 1256 2297 1292 :
2328 1238 2458 1293 Nam
2488 1238 2555 1292 In
2594 1241 3022 1296 consummatione
3044 1224 3273 1299 audituri

1684 1328 1801 1383 estis
1828 1328 2009 1398 prwlia
2036 1336 2081 1382 et
2111 1330 2374 1397 opiniones
2404 1330 2695 1399 prwliorum
2718 1374 2732 1397 ,
2765 1340 2811 1386 et
2841 1337 3001 1404 [antes
3036 1344 3081 1388 et
3112 1346 3272 1405 pestes

1686 1418 1910 1487 (Matth.
1935 1419 2027 1475 ξι.
2050 1420 2103 1475 6.
2129 1419 2214 1491 7).
2248 1420 2354 1475 Cur
2384 1437 2509 1492 ergo
2540 1422 2591 1476 in
2628 1427 3085 1481 consummatione
3116 1437 3191 1481 tot
3220 1436 3275 1482 ct

1687 1516 1849 1563 tanta:
1872 1510 2031 1563 simul
2056 1510 2425 1565 calamitates?
2453 1512 2678 1577 Quidam
2707 1514 2907 1581 dicunt,
2935 1515 3271 1572 fatiscentem

1686 1611 1739 1657 et
1768 1601 2124 1657 inﬁrmantem
2157 1612 2420 1670 naturam,
2445 1605 2581 1659 sicut
2607 1621 2802 1676 corpus
2824 1607 3089 1676 quoddam
3122 1610 3273 1664 senio

1689 1692 1989 1747 confectum
2021 1694 2218 1749 multos
2244 1695 2463 1749 attrahit
2492 1697 2726 1761 morbos,
2761 1698 2837 1751 sic
2863 1714 2979 1752 eam
3007 1714 3267 1754 consene-

1687 1794 1924 1840 scentem
1950 1785 2145 1840 multas
2170 1786 2439 1842 attrahere
2460 1786 2809 1843 calamitates.
2839 1790 2909 1843 At
2934 1797 3133 1860 corpus
3153 1791 3271 1861 qui-

1686 1875 1809 1931 dem
1849 1876 1918 1931 ob
1959 1876 2198 1946 corporis
2242 1876 2603 1932 inlirmitatem
2649 1878 2941 1933 secundum
2990 1880 3157 1948 legem
3202 1880 3271 1936 ad

1688 1969 1895 2023 senium
1939 1970 2130 2022 venit:
2162 1969 2483 2038 pestilentiae
2525 1978 2738 2034 autem,
2792 1970 2966 2035 bella,
3013 1980 3068 2025 et
3116 1982 3272 2027 terra:

1687 2069 1865 2116 motus
1885 2102 1901 2127 ,
1943 2076 2049 2116 non
2079 2060 2148 2116 ob
2175 2068 2379 2115 naturas
2407 2069 2735 2117 senectutem
2780 2063 3045 2118 accidunt.
3088 2064 3273 2134 Neque

1688 2152 1828 2207 enim
1859 2152 1978 2207 ideo
2015 2151 2263 2207 accidunt
2293 2151 2348 2205 hi
2380 2152 2585 2219 morbi,
2616 2152 2755 2221 quod
2802 2164 3058 2208 creatura:
3086 2169 3274 2209 conse-

1688 2252 1910 2298 nescant
1940 2261 1954 2300 :
1987 2242 2173 2298 Fames
2214 2258 2405 2314 nempe
2426 2284 2441 2310 ,
2486 2243 2804 2313 pestilentite,
2844 2253 2893 2297 et
2931 2253 3077 2298 term
3111 2256 3275 2301 motus

1691 2352 1780 2405 per
1802 2336 1914 2389 loca
1938 2351 1957 2390 :
1984 2336 2076 2390 sed
2120 2336 2243 2407 quia
2282 2335 2556 2390 hominum
2597 2336 2805 2391 animos
2834 2338 3099 2406 corrumpi
3131 2339 3273 2391 futu-

1690 2442 1808 2481 rum
1835 2435 1920 2482 est
1951 2446 1965 2482 :
2001 2427 2117 2484 bme
2154 2428 2350 2499 quippe
2386 2428 2565 2483 omnia
2607 2436 2732 2483 sunt
2757 2428 2985 2484 ultiones
3024 2438 3273 2500 peccato-

1689 2534 1829 2585 rum,
1862 2532 1915 2575 et
1941 2521 2341 2591 tegritudinibus
2384 2521 2631 2575 humanis
2660 2521 2916 2576 remedia.
2960 2521 3092 2576 Nam
3122 2524 3276 2593 a'gri-

1692 2610 1904 2665 tudines
1945 2610 2191 2666 humanae
2235 2621 2360 2666 tunc
2399 2621 2679 2681 augentur.
2726 2611 2795 2666 Et
2831 2627 2994 2681 quare
3026 2621 3148 2668 tunc
3176 2628 3273 2668 au-

1690 2705 1927 2775 gentur?
1956 2704 2181 2773 inquies.
2211 2705 2493 2773 Quoniam,
2525 2715 2578 2759 ut
2609 2705 2738 2760 mihi
2766 2706 2993 2771 videtur,
3017 2706 3273 2777 judicium

1690 2802 1745 2848 et
1773 2809 1943 2863 pmnze
1973 2795 2024 2848 in
2061 2793 2370 2849 diuturnum
2415 2803 2625 2865 tempus
2666 2793 2984 2850 differuntur
3004 2838 3019 2864 ,
3049 2812 3111 2852 ac
3136 2813 3275 2853 non-

1691 2885 1817 2940 dum
1862 2886 2079 2941 advenit
2126 2886 2329 2948 Judex,
2382 2887 2471 2957 qui
2518 2888 2778 2941 rationem
2825 2887 3079 2943 reddituri
3130 2899 3273 2955 sunt,

1691 2976 1966 3046 segniores
1996 2977 2247 3031 evadunt.
2280 2976 2337 3031 id
2368 2977 2511 3047 quod
2541 2980 2701 3033 etiam
2738 2978 2987 3033 Christus
3015 2980 3082 3034 de
3121 2996 3272 3034 servo

1696 3083 1923 3137 nequam
1953 3068 2102 3133 dicit,
2136 3070 2306 3138 ipsum
2342 3070 2460 3124 ideo
2484 3065 2929 3140 'negligentiorem
2958 3071 3137 3126 fuisse.
3170 3072 3279 3125 Mo~

1693 3174 1781 3213 ras
1812 3159 1977 3214 trahit
2004 3161 2253 3215 dominus
2280 3176 2452 3228 meus,
2485 3163 2655 3231 inquit
2683 3162 2769 3217 ille
2798 3176 2986 3218 servus
3010 3205 3023 3229 ,
3054 3163 3279 3232 ideoque

1695 3265 1987 3306 conservos
2014 3252 2359 3319 verberabat,
2405 3263 2459 3307 et
2489 3253 2683 3308 heriles
2710 3254 2989 3309 facultates
3028 3270 3275 3325 pessum-

1693 3342 1871 3398 dabat.
1922 3343 2122 3399 Idcirco
2167 3344 2409 3399 Christus
2453 3346 2826 3400 accedentibus
2870 3346 3170 3417 discipulis,
3220 3359 3275 3399 ct

1694 3437 2055 3504 qumrentibus
2083 3437 2325 3492 ediscere
2354 3438 2493 3492 diem
2523 3440 3032 3503 consummationis,
3065 3455 3170 3493 non
3198 3441 3278 3493 in-

1693 3527 1925 3595 dicavit,
1958 3539 2016 3583 ttt
2042 3528 2337 3584 futurorum
2380 3531 2611 3585 incertos
2639 3547 2737 3586 nos
2763 3531 2977 3585 assidue
3006 3532 3057 3585 in
3088 3533 3278 3588 timore

1694 3629 1891 3685 servet,
1922 3630 1974 3673 et
2001 3622 2195 3689 singuli
2223 3636 2436 3691 semper
2462 3621 2694 3677 futurum
2722 3632 3121 3691 exspectantes,
3144 3634 3199 3679 et
3225 3625 3276 3678 in

1693 3724 1789 3778 spe
1813 3709 2013 3765 Cltristi
2040 3711 2304 3766 adventus
2329 3723 2604 3768 versantes
2625 3756 2639 3779 ,
2672 3713 3035 3783 diligentiores
3074 3724 3276 3769 essent.

1694 3803 1819 3858 ldeo
1863 3804 2115 3861 admonet
2151 3806 2416 3877 quisliiam
2456 3807 2641 3862 dicens
2674 3824 2687 3859 :
2720 3805 2803 3861 Ne
2826 3806 3033 3873 diﬂ'eras
3059 3807 3280 3861 converti

1693 3897 1761 3949 ad
1780 3894 2077 3961 Dominum,
2118 3914 2274 3967 neque
2299 3908 2551 3967 exspectes
2596 3899 2658 3951 de
2684 3898 2765 3951 die
2792 3899 2842 3950 in
2870 3898 3035 3962 diem,
3062 3914 3125 3950 ne
3149 3900 3279 3968 forte

1695 3989 1818 4042 dum
1848 3990 2048 4053 tardas,
2078 3990 2355 4043 conteraris
2385 3988 2403 4059 (
2420 3988 2586 4043 Eccli.
2615 3989 2667 4043 5.
2697 3989 2751 4044 8.
2776 3989 2862 4057 9).
2898 3988 3100 4042 Incerta
3133 4003 3278 4042 mors

1694 4090 1795 4146 est,
1832 4081 2023 4151 inquit,
2054 4091 2109 4136 et
2148 4082 2267 4136 ideo
2310 4083 2538 4147 incerta,
2575 4088 2634 4136 ut
2656 4097 2867 4150 semper
2896 4082 3152 4136 sollicitus
3179 4083 3274 4135 sis.

1695 4172 2028 4241 Quapropter
2053 4172 2190 4225 sicut
2231 4171 2313 4223 iur
2337 4180 2496 4225 noctu
2518 4211 2531 4235 ,
2564 4172 2641 4224 sic
2679 4172 2794 4225 dies
2827 4171 3031 4225 Domini
3059 4175 3273 4226 veniet:

1697 4277 1801 4317 non
1831 4272 1888 4316 ut
1916 4263 2143 4327 furetur,
2172 4262 2265 4317 sed
2292 4272 2350 4316 ut
2376 4277 2473 4316 nos
2497 4261 2761 4315 cautiores
2788 4262 2993 4316 reddat.
3024 4261 3154 4315 Nam
3184 4262 3277 4332 qui

1693 4363 1974 4409 venturum
2006 4352 2176 4409 furem
2203 4354 2475 4424 praevidet,
2506 4354 2558 4407 in
2586 4352 2778 4423 vigiliis
2806 4355 2945 4423 agit,
2963 4363 3017 4408 et
3054 4368 3277 4408 accensa

1694 4445 1906 4501 lucerna
1937 4460 2148 4515 semper
2166 4446 2367 4516 vigilat.
2395 4444 2484 4500 Sic
2509 4454 2561 4500 et
2586 4459 2680 4499 vos
2707 4444 2882 4516 itaque
2903 4460 3123 4499 accensa
3153 4446 3277 4500 ﬁdei

1693 4545 1750 4591 et
1772 4537 1900 4591 recti
1922 4536 2042 4591 vita:
2071 4536 2292 4591 instituti
2325 4536 2442 4590 luce.
2462 4577 2477 4601 ,
2506 4535 2809 4605 splendidas
2832 4535 3076 4591 habetote
3106 4536 3279 4591 lucer-

1694 4642 1822 4691 nas,
1855 4628 1910 4683 in
1938 4628 2169 4683 assiduis
2199 4628 2409 4697 vigiliis.
2440 4626 2572 4696 Quia
2603 4630 2745 4682 enim
2768 4628 3060 4682 .nescimus
3104 4644 3275 4697 quan-

1693 4721 1888 4776 donam
1931 4736 2164 4792 sponsus
2208 4731 2464 4776 venturus
2509 4722 2615 4783 sit,
2661 4736 2873 4789 semper
2906 4730 3115 4789 paratos
3156 4736 3276 4777 esse

1694 4821 1926 4883 oportet,
1955 4822 2016 4867 ut
2040 4827 2162 4866 cum
2189 4812 2412 4876 venerit,
2444 4826 2542 4866 nos
2570 4811 2849 4880 vigilantes
2879 4811 3131 4865 inveniat.

1765 4906 1817 4958 7.
1854 4903 2238 4974 Chrysostomus
2266 4904 2557 4971 inﬁrmitate
2595 4902 2819 4969 corporis
2858 4902 3086 4971 exposita
3113 4902 3267 4969 ﬁnem

1694 4996 1911 5050 orationi
1958 4996 2191 5064 imponit.
2233 5024 2305 5034 —
2346 4994 2505 5048 Plura
2547 4992 2729 5048 dicere
2768 4992 2960 5046 vellem
2992 4992 3122 5045 :sed
3162 4992 3276 5047 ha-c

1694 5089 1932 5161 proferre
1959 5088 2241 5144 inﬁrmitas
2271 5087 2509 5157 corporis
2532 5087 2619 5140 vix
2653 5085 2912 5155 permisit,
2940 5101 3041 5155 qua
3072 5102 3100 5139 a
3128 5086 3277 5140 vobis

1694 5181 1853 5252 longo
1897 5191 2136 5250 tempore
2179 5180 2392 5234 avulsus
2432 5192 2571 5232 sum.
2621 5177 2861 5246 Longum
2905 5176 3031 5230 mihi
3069 5187 3278 5245 tempus

1694 5273 1813 5340 fuit,
1843 5288 1946 5327 non
1994 5287 2217 5326 numero
2259 5272 2488 5339 dierum,
2511 5269 2603 5324 sed
2648 5267 2938 5324 secundum
2970 5284 3275 5323 mensuram

1693 5364 1911 5420 all‘ectus
1941 5365 2123 5419 animi.
2168 5363 2480 5418 Amantibus
2501 5364 2641 5417 enim
2662 5402 2677 5428 ,
2704 5362 2802 5415 etsi
2830 5360 2995 5415 breve
3021 5356 3229 5413 absenti
3251 5374 3292 5409 a-

1696 5464 1925 5526 tempus,
1950 5456 2170 5510 multum
2205 5464 2377 5509 tamen
2410 5454 2702 5523 ingensque
2719 5451 2946 5506 videtur.
2982 5449 3107 5504 ideo
3138 5449 3247 5503 l’au
3269 5478 3295 5486 —

1670 5546 1775 5603 'lus
1799 5563 1921 5602 eum
1946 5564 1975 5600 a
2005 5545 2567 5601 Thessalonicensibus
2583 5543 2791 5598 modico
2813 5551 3051 5611 tempore
3078 5534 3284 5591 abfuis-

1694 5650 1796 5705 set,
1819 5639 2065 5695 dicebat:
2100 5658 2118 5691 ‹
2143 5638 2272 5705 Nos,
2304 5637 2525 5702 fratres,
2557 5638 2745 5707 privati
2785 5635 2936 5688 vobis
2964 5632 3031 5687 ad
3065 5642 3279 5698 tempus

1698 5734 1862 5800 horae,
1902 5730 2069 5799 vultu,
2116 5746 2222 5787 non
2269 5730 2451 5793 corde,
2503 5728 2855 5784 abundantius
2908 5722 3279 5779 festinavimns
