1860 3137
250 154 303 185 ’279

251 215 346 243 faciem
360 218 477 241 vestram
491 211 615 242 videre.)
637 214 665 241 Si
679 213 775 241 Paulus
789 213 834 248 qui
851 213 970 239 omnium
985 217 1043 238 ma-

240 260 322 287 xime
337 258 519 294 philosophari
531 259 641 292 sciebat,
652 267 685 286 ne
697 259 729 286 ad
741 265 844 294 tempus
852 258 958 293 quidem
970 258 1044 285 horae

251 306 319 338 Iulit,
335 305 471 341 quomodo
485 312 534 332 nos
548 308 585 332 tet
600 304 695 332 diebus
707 304 920 331 sustinebimus?
935 303 987 331 Sed
1000 302 1044 331 ille

250 352 357 387 quidem
373 351 411 387 (α)
425 350 470 388 [ne
486 350 520 378 ad
539 350 631 378 horam
647 350 755 385 quidem
770 350 846 383 tulit;
861 357 911 385 ego
925 357 987 376 vero
1006 353 1045 376 tot

250 398 354 425 dierum
378 395 539 433 absentiam]
552 404 605 424 non
620 396 689 423 ultra
704 396 802 429 ferens,
815 395 985 423 manentibus
997 395 1045 422 ad-

251 443 302 470 huc
326 443 412 470 morbi
438 443 568 478 reliquiis,
582 442 615 469 ad
630 449 677 470 vos
696 442 813 475 cucurri,
826 442 972 469 maximum
1001 448 1045 468 me

281 553 317 583 (α)
334 556 390 582 Qute
400 553 496 577 uncinis
506 552 648 577 clauduntur
659 551 832 577 desiderantur
843 552 868 578 in
878 555 961 578 Graec
972 555 998 578 et
1011 558 1043 577 ex

249 585 391 615 conjectura
400 584 489 615 scripta
500 585 564 608 sunt.

599 146 633 183 ‘S.
652 143 789 183 JOANNiS
802 147 1044 181 ’CIIRYSOSTOMI
1063 151 1220 180 ARCHIEI‘.
1237 148 1507 181 CONSTANTINOP.
1822 155 1846 182 ΞΕ

1098 214 1195 245 putans
1211 209 1359 238 remedium
1375 209 1518 243 adhibere,
1537 209 1657 239 caritatis
1670 215 1766 238 vestrm
1779 218 1846 241 constt

1098 259 1175 286 tium.
1198 257 1226 285 id
1240 257 1312 285 enim
1324 256 1390 284 mihi
1402 256 1458 292 ipsa
1473 256 1638 284 medicorum
1651 263 1733 292 opera
1748 258 1846 293 utilius“

1098 304 1171 331 omni
1187 303 1258 338 quod
1271 302 1332 330 inde
1345 301 1460 330 mutuari
1484 303 1585 338 possim
1607 303 1703 331 solatio
1724 304 1846 332 commodi

1099 354 1151 383 est,
1167 354 1252 376 vestra
1268 348 1372 376 scilicet
1385 348 1435 376 frui
1453 348 1583 380 caritate;
1598 356 1650 383 qua
1669 347 1770 375 utinam
1789 349 1846 377 diutit

1098 395 1214 430 gaudere
1228 393 1326 427 liceat,
1340 394 1463 429 precibus
1477 397 1505 421 et
1522 393 1760 421 intercessionibus
1773 396 1846 422 omnia

1100 445 1266 473 sanctorum,
1288 439 1321 466 ad
1335 439 1446 474 gloriam
1463 439 1567 466 Domini
1592 439 1675 466 nostri
1696 439 1761 466 Jesu
1780 439 1846 466 Cirris

1099 494 1146 522 per
1155 493 1235 522 quem
1247 490 1344 513 etcum
1358 493 1410 521 quo
1424 484 1493 512 Patri
1504 485 1598 519 gloria,
1615 486 1699 511 honor
1709 505 1716 516 .
1731 486 1846 520 imperiuu

1099 540 1150 560 una
1160 539 1220 560 cum
1235 535 1326 559 sancto
1340 531 1451 566 Spiritu,
1469 538 1540 558 nunc
1552 535 1579 558 et
1589 535 1740 565 semper,et
1753 532 1778 557 in
1791 539 1846 559 sat-cu

1099 578 1267 606 saeculorum.
1282 579 1377 605 Amen.

933 646 1846 667 ᾔ

962 758 1152 799 MONITUM

285 875 333 903 *Ad
354 875 427 903 hanc
454 874 593 903 homiliam
610 874 669 902 haec
692 873 771 902 notat
796 873 925 910 Savilius,
939 874 969 911 p.
988 873 1062 903 815':

1081 882 1091 900 ‹
1106 873 1223 901 Humilia
1240 878 1283 902 est
1298 870 1418 902 melioris
1440 875 1513 902 notae
1530 880 1558 903 et
1573 866 1769 911 Chrysostomo
1784 876 1846 911 dign:

253 947 381 985 quamvis
394 947 422 976 in
435 946 564 983 Catalogo
577 946 735 984 Augustano
748 947 859 976 minime
871 947 1032 983 reperiatur.
1051 944 1250 980 Deseripsimtis
1263 944 1322 972 eam
1337 951 1372 972 ex
1390 944 1493 980 optimo
1518 944 1701 981 Manuscripto
1716 946 1746 973 in
1769 945 1846 974 Biblio

256 1018 336 1047 theca
346 1019 504 1055 Augustam
521 1028 529 1047 :
548 1026 639 1055 neque
652 1019 728 1048 aliud
749 1024 882 1055 praeterea
905 1019 1067 1055 suppetebat
1089 1016 1235 1052 exemplar.
1251 1016 1338 1045 Porro
1357 1016 1424 1044 illud
1446 1017 1613 1045 monendum
1630 1017 1769 1050 duximus,
1794 1017 1846 1044 muli

256 1085 371 1122 reperiri
383 1084 412 1114 in
429 1084 545 1114 llomilia
557 1090 652 1115 octava
669 1083 698 1114 in
713 1085 829 1123 primam
842 1087 875 1115 ad
890 1085 1148 1115 Thessalonicenses
1164 1082 1257 1113 afﬁnia
1273 1082 1316 1117 iis,
1334 1088 1395 1121 qua
1415 1086 1467 1114 hac
1483 1085 1511 1113 in
1525 1086 1647 1114 oratione
1661 1085 1807 1117 habentur,
1823 1089 1846 1112 ta]

371 1364 413 1386 DE
436 1365 598 1388 PERFECTA
620 1365 788 1396 CARITATE,
805 1368 846 1389 DE
868 1363 1018 1390 “ERCEDE
1039 1368 1169 1391 OPERUM
1184 1368 1244 1391 PRO
1266 1365 1388 1391 ΜΕΜΊΟ
1409 1359 1603 1399 ΤῆίΒΠΕΝυΔ,
1626 1370 1735 1398 DEQUB

889 1419 1134 1442 COMPUNCTIONE
1157 1406 1212 1452 (a).

872 1489 1233 1510 mnum-nm»

267 1564 294 1592 1.
313 1563 400 1591 Omne
422 1569 490 1598 opus
513 1562 613 1590 bonum
627 1562 746 1591 caritatis
767 1561 868 1590 fructus
886 1567 948 1591 est:
963 1563 1024 1592 ideo

232 1609 315 1638 multa
329 1609 400 1637 circa
416 1608 489 1636 illam
507 1608 577 1636 dicta
597 1608 832 1642 circumferuntur,
853 1608 960 1637 Christo
983 1609 1026 1636 di-

229 1661 308 1685 cente
329 1665 336 1684 :
352 1655 387 1683 In
406 1656 453 1683 hoc
470 1661 620 1692 cognoscent
641 1664 738 1689 ontnet,
751 1656 811 1691 quia
832 1656 952 1691 discipuli
976 1656 1025 1683 mei

230 1703 304 1736 estis,
316 1703 338 1730 si
350 1703 509 1730 dilectione»:
532 1702 668 1729 habueritis
689 1702 723 1729 ad
741 1703 847 1729 inuicem
865 1702 1022 1739 (leam-15.

230 1743 296 1783 35);
312 1748 396 1775 Paulo
409 1752 498 1775 autem
509 1748 662 1775 clamante:
675 1747 779 1775 Nemini
788 1748 925 1783 quidquam
932 1748 1025 1775 debea-

230 1794 272 1825 tis.
289 1794 376 1821 nisiut
390 1794 496 1821 invicem
510 1794 621 1829 diligatis
634 1793 722 1830 (Rom.
738 1795 781 1822 15.
798 1793 837 1831 8).
854 1794 921 1821 Illud
934 1799 1023 1822 autem

230 1847 285 1868 non
300 1839 358 1867 sine
367 1846 447 1867 causa
462 1839 538 1872 dixit,
548 1839 595 1867 sed
607 1844 637 1867 ut
646 1844 834 1868 mutunmesse
845 1840 962 1868 debitum
973 1839 1024 1867 do-

229 1890 313 1913 ceret.
327 1884 555 1919 Quemadmodum
567 1885 639 1914 enim
645 1886 750 1920 corpori
758 1885 912 1914 alimentum
918 1892 1025 1920 semper

229 1932 370 1966 debemus,
386 1932 490 1968 ipsique
502 1932 597 1961 damus
611 1932 669 1969 (per
678 1937 760 1961 totam
771 1933 869 1969 quippe
879 1934 960 1961 vitam
972 1934 1024 1962 hoc

229 1979 348 2007 debitum
373 1978 612 2015 extenditur):sic
633 1980 704 2007 circa
730 1980 867 2008 caritatem
890 1980 1024 2015 agendum

230 2025 330 2054 docet:
343 2025 397 2054 imo
417 2026 496 2061 longe
522 2025 617 2061 majori
642 2025 742 2060 studio,
757 2033 792 2053 eo
810 2026 882 2061 quod
894 2026 927 2054 ad
941 2027 1022 2054 vitam

228 2073 343 2102 deducat
367 2077 507 2106 aeternam,
522 2080 555 2101 ac
575 2080 636 2100 cum
657 2072 709 2100 illis
729 2072 774 2108 qui
788 2080 819 2100 ea
834 2073 937 2107 praediti
960 2077 1022 2101 sunt

228 2126 337 2155 semper
347 2123 463 2146 maneat.
477 2118 545 2146 Nam
557 2118 674 2152 Manent,
687 2118 783 2154 inquit,
799 2119 848 2146 tria
859 2119 913 2146 lucc
923 2138 931 2152 ,
947 2119 1022 2154 ﬁdes,

229 2174 297 2202 sper,
311 2166 421 2197 caritas;
434 2167 518 2201 major
542 2169 626 2192 autem
647 2165 738 2192 horum
754 2170 791 2192 est
803 2164 897 2192 caritas
911 2164 949 2202 (1.
962 2165 1023 2192 Cor.

229 2212 274 2241 13.
291 2211 347 2247 15).
362 2212 422 2240 Non
433 2211 521 2239 verbis
530 2216 619 2239 autem
630 2210 721 2243 modo,
740 2211 787 2238 sed
801 2211 882 2239 etiam
897 2211 1023 2246 operibus

229 2259 303 2286 illam
328 2258 465 2286 discimus.
492 2257 530 2285 Ac
552 2257 639 2292 primo
653 2257 759 2292 quidem
774 2264 822 2292 per
836 2256 944 2284 modum
963 2263 1019 2291 quo

229 2311 279 2333 nos
294 2304 428 2340 propagati
438 2311 541 2332 sumus.
552 2304 618 2331 Cum
627 2304 698 2331 enim
711 2303 780 2331 Deus
788 2311 872 2331 unum
880 2303 1023 2331 eil‘ormas-

229 2356 270 2379 set
283 2351 430 2384 hominem,
452 2358 485 2378 ex
508 2350 554 2377 illo
576 2350 656 2385 jussit
679 2356 772 2377 omnes
787 2349 861 2381 oriri,
875 2354 904 2376 ut
928 2356 1024 2377 omnes

229 2403 321 2426 mutuo
335 2398 411 2433 quasi
422 2405 503 2425 unum
514 2404 575 2425 esse
588 2401 751 2432 reputemus,
761 2401 787 2424 et
802 2396 829 2424 in
841 2396 952 2424 caritate
962 2403 1022 2425 mu-

229 2450 274 2472 tua
282 2445 381 2480 degere
391 2444 555 2473 Studeamus.
568 2443 669 2471 Deinde
680 2451 727 2479 per
733 2443 893 2471 commercia
904 2447 1022 2471 mutuatur

229 2492 401 2519 dilectionem
409 2491 546 2525 sapienter
557 2490 678 2518 curavit:
692 2498 744 2524 quo
757 2495 846 2518 autem
860 2489 940 2518 modo
949 2490 1020 2517 audi.

230 2539 296 2566 Cum
314 2537 405 2565 multis
414 2537 507 2564 orbem
521 2537 667 2572 compleret
688 2536 777 2569 bonis,
791 2537 899 2564 cuilibet
920 2537 1021 2572 regioni

229 2585 364 2621 propriam
379 2584 511 2612 fructuum
533 2584 649 2618 speciem
671 2583 781 2619 largitus
799 2588 850 2617 est,
864 2588 891 2610 ut
913 2589 1023 2619 propter

230 2639 295 2659 usus
308 2630 495 2658 necessitatem
509 2637 558 2657 nos
568 2635 660 2656 mutuo
672 2629 811 2663 adeuntes,
822 2634 849 2656 et
861 2637 921 2665 quae
930 2637 1023 2664 super-

228 2684 346 2705 vacanea
359 2681 421 2703 sunt
435 2676 558 2710 utrinque
579 2674 714 2702 tradentes
725 2695 733 2709 ,
746 2682 778 2703 ac
791 2683 850 2710 quae
865 2675 961 2703 desunt
974 2682 1022 2702 no-

229 2724 270 2753 bis
280 2722 618 2758 accipientes,congeneres
626 2725 732 2748 nostros
740 2720 892 2756 diligamus.
904 2720 1020 2756 ldipsum

188 2789 202 2797 ..
228 2770 309 2797 etiam
325 2769 352 2797 in
366 2767 477 2803 singulis
489 2766 552 2795 fecit
566 2766 726 2796 hominibus.
738 2766 797 2794 Non
808 2767 880 2795 enim
890 2767 1023 2796 concessit

259 2869 297 2901 (a)
314 2868 404 2895 uitiata
416 2875 471 2894 cum
481 2867 569 2895 Codice
580 2867 721 2894 Oolbertlno
732 2867 789 2894 970.

1081 1567 1111 1590 ut
1124 1566 1219 1591 Omnes
1232 1562 1322 1590 omnia
1338 1563 1455 1596 scirent,
1469 1563 1517 1591 sed
1531 1563 1593 1591 huic
1607 1563 1681 1591 dedit
1695 1564 1846 1593 iudicinan

1078 1610 1116 1637 illi
1130 1609 1251 1637 fabrilem
1265 1614 1368 1643 artem,
1379 1609 1425 1637 alii
1439 1610 1536 1644 aliam,
1552 1615 1581 1638 ut
1595 1611 1692 1639 mutuis
1706 1617 1820 1648 egentes
1831 1620 1846 1639 α

1079 1655 1157 1688 ﬁciis,
1173 1662 1222 1682 nos
1237 1659 1331 1682 mutuo
1347 1655 1498 1690 diligamus.
1520 1656 1549 1683 ln
1563 1656 1750 1691 spiritualibus
1769 1665 1846 1692 quoql

1077 1701 1192 1736 idipsum
1206 1701 1298 1729 videre
1312 1706 1363 1734 est.
1378 1706 1408 1729 ut
1428 1701 1465 1729 ait
1478 1702 1575 1730 Paulus
1589 1710 1597 1729 :
1614 1712 1623 1729 ι
1634 1702 1687 1730 Alii
1698 1703 1813 1738 quidem
1827 1704 1846 1730 di

1077 1752 1120 1775 tur
1132 1755 1222 1776 sermo
1236 1748 1373 1783 sapientiae
1382 1768 1391 1782 ,
1403 1748 1448 1776 alii
1461 1756 1552 1776 sermo
1573 1749 1691 1777 scicntia:
1700 1769 1708 1782 ,
1724 1750 1774 1777 alii
1789 1754 1846 1777 aute

1078 1794 1230 1830 prophetia,
1244 1795 1289 1822 alii
1303 1794 1388 1830 gratia
1402 1795 1568 1823 curationum
1579 1816 1586 1828 ,
1601 1796 1644 1822 alii
1657 1803 1762 1830 genera
1776 1796 1846 1830 lingu

1077 1849 1148 1875 rum,
1159 1842 1203 1869 alii
1212 1841 1397 1877 interpretatio
1409 1848 1563 1869 sermonum
1580 1850 1590 1868 ι
1604 1842 1642 1877 (1.
1652 1841 1710 1869 Cor.
1724 1842 1774 1869 12.
1783 1842 1812 1870 8.
1822 1841 1846 1869 1t

1077 1888 1176 1916 Verum
1203 1888 1269 1916 nihil
1293 1894 1373 1924 supra
1400 1888 1538 1916 caritatem
1567 1897 1575 1915 :
1600 1889 1783 1924 quamobrem
1806 1889 1846 1915 illa

1076 1936 1200 1963 omnibus
1211 1935 1267 1969 ipse
1280 1934 1398 1970 pra-fert.
1413 1934 1456 1962 bis
1467 1934 1558 1962 verbis
1574 1942 1581 1960 :
1598 1943 1608 1960 ι
1626 1933 1654 1962 Si
1675 1934 1780 1970 linguis
1795 1934 1846 1962 hon

1077 1989 1140 2008 num
1161 1981 1255 2015 loquar
1271 1985 1299 2008 et
1312 1981 1477 2015 angelorum.
1493 1980 1630 2007 caritatem
1648 1985 1742 2008 autem
1755 1988 1811 2008 που
1833 1980 1846 2007 h

1076 2027 1165 2060 beam,
1179 2027 1263 2055 factus
1277 2034 1335 2054 sum
1348 2027 1420 2054 velut
1429 2034 1466 2054 ωε
1478 2033 1587 2061 sonans,
1595 2031 1641 2054 aut
1652 2027 1812 2062 cymbalum
1827 2027 1846 2054 ti

1077 2074 1154 2101 niens
1169 2082 1176 2100 :
1192 2077 1220 2100 et
1235 2073 1257 2100 si
1276 2072 1394 2100 habuero
1408 2072 1586 2108 prophetiam.
1614 2072 1759 2108 sciamqne
1783 2080 1844 2100 arca

1076 2119 1177 2150 omnia,
1187 2123 1215 2146 et
1229 2118 1251 2146 si
1266 2118 1383 2146 habuero
1398 2117 1534 2150 tidem,ita
1549 2122 1578 2145 ut
1588 2123 1691 2155 montes
1700 2118 1846 2147 transferat

1076 2166 1214 2192 caritatem
1228 2170 1317 2192 mitem
1330 2172 1382 2192 non
1397 2164 1527 2197 habuero,
1536 2164 1603 2192 nihil
1613 2172 1687 2192 sum»
1700 2165 1744 2200 (1.
1758 2164 1822 2193 Cor.
1838 2166 1846 2194 1

1076 2212 1102 2240 1.
1118 2211 1163 2248 2).
1177 2211 1270 2246 Neque
1292 2210 1336 2239 hic
1354 2211 1428 2239 stetit
1439 2232 1446 2244 ,
1458 2211 1513 2238 imo
1525 2211 1604 2238 etiam
1619 2215 1738 2239 mortem
1765 2219 1819 2246 pro
1840 2219 1846 2247 ι

1076 2258 1206 2293 religione
1221 2257 1285 2285 nihil
1298 2257 1364 2285 lucri
1379 2256 1478 2285 habere
1493 2257 1663 2292 pronuntiat,
1679 2257 1734 2285 nisi
1750 2258 1846 2285 adsitt

1076 2305 1151 2332 ritas.
1166 2304 1257 2339 Neque
1266 2305 1325 2332 sine
1337 2311 1417 2332 causa
1433 2303 1491 2332 hzee
1503 2303 1537 2331 de
1548 2303 1659 2331 caritate
1668 2304 1741 2332 dixit
1755 2312 1764 2330 :
1779 2304 1846 2332 scicl

1076 2351 1159 2383 enim,
1173 2350 1370 2385 planesciebat,
1386 2354 1480 2385 utpote
1500 2353 1695 2385 praceptorum
1709 2350 1765 2378 Dei
1783 2350 1846 2379 culo

1077 2396 1128 2424 hac
1142 2396 1233 2423 ﬁrmas
1253 2396 1359 2423 radices
1385 2399 1512 2430 ponente,
1526 2396 1645 2423 omnium
1669 2395 1815 2425 bonorum
1832 2395 1846 2424 fl

1076 2448 1136 2470 ctus
1144 2443 1239 2470 emitti.
1252 2442 1316 2470 illud
1328 2442 1410 2475 enim,
1424 2441 1484 2469 Non
1498 2442 1675 2474 "imitaberis,
1688 2450 1744 2470 non
1760 2444 1846 2472 occidi

1076 2497 1126 2517 non
1140 2488 1274 2525 fateberis,
1291 2497 1342 2515 mm
1355 2487 1449 2524 falsum
1460 2488 1628 2515 testimonium
1639 2488 1706 2515 dices
1717 2487 1846 2524 (Exodi

1077 2535 1184 2571 13-16),
1213 2539 1239 2562 et
1253 2534 1276 2562 si
1289 2541 1339 2570 qua
1361 2534 1412 2561 alia
1428 2539 1570 2569 praecepta,
1584 2534 1610 2562 in
1626 2535 1678 2562 hoc
1697 2542 1770 2568 uno,
1794 2543 1846 2563 ceu.

1077 2583 1165 2617 capite
1176 2580 1452 2616 comprehenduntur,
1467 2580 1562 2616 Diliges
1573 2581 1722 2615 proximum
1732 2585 1814 2608 tuum
1825 2580 1846 2607 si

1077 2630 1183 2664 teipsum
1198 2629 1270 2663 (Leu.
1283 2628 1328 2656 19.
1342 2627 1384 2655 18.
1396 2626 1455 2655 Gal.
1472 2627 1498 2655 ὅ.
1511 2627 1565 2662 14).
1575 2626 1679 2662 Ecquid
1689 2634 1767 2662 opus
1777 2628 1846 2656 esth

1077 2683 1158 2712 parva
1183 2675 1288 2709 dicere,
1304 2681 1453 2710 magnaque
1469 2673 1577 2701 tacere?
1591 2673 1706 2709 Propter
1738 2676 1846 2702 caritati

1077 2723 1111 2751 ad
1134 2730 1184 2750 nos
1205 2721 1344 2750 descendit
1368 2720 1482 2749 dilectus
1495 2720 1542 2747 Dei
1558 2719 1651 2754 Filius,
1671 2720 1720 2755 qui
1739 2722 1846 2749 nobiSCl

1078 2769 1232 2799 hominibus
1254 2772 1376 2796 versatus
1399 2772 1442 2795 est
1453 2772 1481 2795 et
1496 2766 1634 2800 habitavit,
1645 2770 1675 2793 ut
1686 2767 1846 2802 multiplici

1078 2817 1188 2845 deorum
1202 2822 1297 2844 errore
1310 2814 1425 2848 sublato,
1439 2820 1555 2849 veraque
1565 2813 1725 2840 annnntiata
1741 2814 1846 2849 religio

1080 2867 1200 2891 mutuam
1213 2862 1352 2890 caritatem
1378 2861 1499 2889 homines
1516 2861 1634 2893 doceret,
1648 2860 1846 2895 quemadmod
