3722 6274
267 308 363 361 es:
1052 306 1109 364 s.
1145 305 1425 363 JOANNIS
1461 301 1945 362 cnnvsos'rom
1986 298 2305 355 ARClllEP.
2347 298 2897 359 CONSTANTINOP.
3166 262 3183 283 ”
3248 370 3249 373 γ
3579 298 3672 355 232

264 437 382 490 πης
422 420 525 476 τοῦ
557 419 855 490 Χριστοῦ;
882 420 1079 491 λέγων·
1106 423 1332 491 θλίψις,
1366 423 1404 491 ἢ
1428 423 1590 495 ,[289]
1625 437 1921 489 στενοχωο

260 512 377 577 pla.
422 508 459 578 ἢ
508 508 781 577 διωγμὸς.
813 508 851 577 ἢ
889 490 1082 578 λιμὸς,
1117 510 1155 577 ἢ
1196 490 1512 593 ιη’μνότῆς,
1544 490 1597 593 vi~
1622 510 1923 575 κίνδυνοςι
1944 490 1979 535 ἐ

261 597 302 664 ἢ
327 594 620 665 μάχαιρα;
648 596 1086 667 Καταφρονήσας
1113 598 1169 650 δὲ
1206 598 1410 651 τούτων
1434 597 1509 661 ὡς
1536 597 1788 659 εὐτελῶν,
1833 597 1926 649 καὶ

260 683 330 737 τά
360 681 539 753 πολλῷ
562 681 765 736 τούτων
796 682 1016 753 μείζονα
1043 683 1272 737 τέθεικε·
1318 686 1449 755 φησὶ
1475 684 1602 756 γὰρ,
1643 685 1769 738 ’Ὁτι
1791 685 1939 738 οὔτε·

263 769 538 837 θάνατος,
570 771 714 825 οὔτε
738 768 871 837 ζωὴ,
902 770 1040 824 οὔτε
1069 770 1385 834 ἐνεστῶτα,
1426 772 1563 825 οὔτε
1586 772 1890 841 μέλλοντα
1909 811 1923 836 ,

262 859 401 912 οὔτε
422 859 656 928 ὕψωμα,
683 860 819 913 οὔτε
834 857 1043 924 βάθος,
1068 860 1207 913 οὔτε
1232 877 1319 926 τις
1337 863 1534 927 κτίσις
1550 862 1720 928 ἑτέρα
1741 861 1925 928 δυνή-

263 961 431 1000 σεται
463 945 621 1014 ἡμᾶς
654 947 901 1015 χωρίσαι
940 945 1057 999 ἀπὸ
1092 944 1199 1012 τῆς
1230 946 1465 1015 ἀγάπης
1493 947 1597 1001 τοῦ
1633 948 1779 1001 Θεοῦ
1819 947 1927 1015 τῆς

263 1034 333 1083 ἐν
360 1031 590 1099 Χριστῷ
641 1032 842 1099 Ἰησοῦ
887 1030 966 1097 τῷ
1009 1033 1203 1100 Κυρίῳ
1232 1032 1417 1101 ἡμῶν.
1466 1032 1741 1086 Ἐντεῦθεν
1776 1033 1926 1087 οὐδὲν

263 1118 488 1188 ἠδύνατο
510 1132 536 1160 α
570 1118 797 1190 χωρίσαι
825 1118 916 1171 τὸν
951 1119 1216 1190 μακάριον
1236 1121 1439 1173 ἐκεῖνον
1471 1119 1573 1172 ὐπδ
1588 1120 1687 1189 τῆς
1709 1119 1928 1191 ἀγάπης

264 1206 731 1277 πυρπολούμενον,
762 1207 862 1259 οὐκ
888 1206 1135 1278 οὐρανὸς,
1161 1208 1220 1260 οὐ
1260 1208 1353 1278 γῆ,
1384 1209 1444 1260 οὐ
1469 1207 1732 1271 θάλασσα,
1760 1209 1819 1261 οὐ
1861 1209 1929 1262 τὰ

264 1294 322 1345 ὲν
348 1296 458 1355 τοῖς
486 1294 731 1365 οὐρανοῖς
762 1293 1024 1363 βασίλεια,
1064 1294 1124 1345 οὐ
1178 1292 1247 1345 τὰ
1289 1296 1345 1345 ὲν
1396 1294 1523 1364 ᾅδου
1558 1294 1888 1366 κολαστήρια
1910 1311 1924 1325 ·

152 1400 156 1405 .
264 1380 483 1449 πάντων
513 1381 620 1450 γὰρ
652 1380 941 1452 ὑπερεώρα
969 1381 1055 1433 διὰ
1079 1379 1168 1433 τὸν
1195 1382 1449 1450 Χριστόν.
1498 1383 1561 1437 Εἰ
1594 1382 1651 1435 δὲ
1684 1383 1779 1436 καὶ
1804 1384 1929 1446 τοὺς

262 1466 452 1530 ἀλλους
479 1466 830 1535 ἐξετάσαιμεν
849 1467 1055 1535 ἁγίους,
1074 1468 1282 1531 πάντας
1302 1468 1603 1541 εὑρήσομεν
1624 1470 1689 1522 δι’
1710 1471 1929 1539 ἀγάπην

264 1554 535 1624 εὐαρεστή
545 1571 764 1617 σαντας.

336 1641 488 1711 β’.“Ὶ-Ι
508 1642 697 1711 ἀγάπη
718 1642 955 1695 δείκνυσί
982 1658 1064 1695 σοι
1091 1644 1182 1696 τὸν
1208 1642 1439 1714 πλησίον
1463 1645 1537 1707 ὡς
1567 1645 1809 1708 σεαυτὸν,
1839 1646 1931 1698 καὶ

265 1728 475 1798 χαίρειν
514 1745 572 1780 σε
596 1728 835 1781 διδάσκει
880 1731 969 1782 ἐπί⁵
999 1733 1111 1793 τοῖς
1139 1730 1348 1783 ἐκείνου
1381 1730 1584 1797 καλοῖς,
1622 1731 1806 1803 ὥσπερ
1837 1733 1930 1785 ἐπὶ

261 1817 374 1879 τοῖς
404 1817 537 1879 σοῖς,
572 1815 668 1868 καί
703 1816 888 1887 φέρειν
912 1817 1076 1871 αὐτοῦ
1112 1818 1179 1871 τά
1212 1818 1587 1889 ἐλαττώματα,
1624 1818 1811 1890 ὥσπερ
1837 1821 1930 1873 καί

263 1902 333 1956 τά
371 1903 458 1956 σά.
504 1903 567 1957 Ἦ
598 1903 784 1974 ἀγάπη
828 1904 886 1958 ἓν
920 1905 1078 1975 σῶμα
1117 1908 1242 1970 τοὺς
1266 1906 1492 1970 πολλοὺς
1536 1907 1927 1977 ἀπεργάζεται,

265 1991 357 2044 καὶ
387 1991 705 2061 Πνεύματος
738 1993 893 2061 ἁγίου
934 1995 1115 2063 δοχεῖα
1157 1995 1253 2057 τὰς
1301 1995 1500 2047 τούτων
1537 1997 1930 2058 κατασκευάζει

263 2074 460 2145 ψυχάς·
492 2075 551 2128 οὐ
578 2074 687 2147 γάρ
715 2075 871 2147 διῃρη
881 2076 1063 2147 μένοις
1093 2077 1355 2147 ἀλλήλων,
1379 2078 1676 2147 ήνωμένοις
1708 2079 1763 2131 δὲ
1790 2080 1930 2133 κατὰ

263 2162 439 2234 ψυχήν
462 2162 523 2216 τὸ
542 2164 641 2235 τῆς
663 2165 886 2236 εἰρήνης
911 2166 1354 2217 ἐπαναπαύσεται
1386 2164 1627 2235 Πνεῦμα.
1658 2166 1721 2218 Ἦ
1744 2166 1929 2237 ἀγάπη

266 2249 424 2303 κοινὰ
461 2252 607 2303 ποιεῖ
639 2253 773 2304 πᾶσι
805 2250 874 2304 τά
906 2252 1133 2305 ἑκάστου
1167 2252 1494 2322 ὑπάρχοντα,
1540 2250 1724 2315 καθώς
1768 2269 1932 2324 φησιν

267 2339 299 2406 ἠ
336 2337 517 2408 βίϐλος
548 2337 657 2391 τῶν
684 2338 961 2409 Ιῐράξεων·
997 2338 1105 2393 Τοῦ
1143 2339 1211 2391 δέ
1241 2338 1511 2405 πλήθους
1546 2338 1667 2393 τῶν
1691 2352 1934 2394 πιστευ-

266 2425 506 2479 σάντων
529 2422 608 2496 ἦν
633 2426 671 2494 ἠ
702 2427 913 2494 καρδία
955 2426 1051 2480 καὶ
1081 2428 1118 2495 ἡ
1152 2426 1323 2496 ψυχὴ
1344 2427 1470 2496 μία·
1517 2426 1615 2480 καὶ
1645 2427 1847 2494 οὐδείς
1877 2445 1933 2481 τι

265 2510 385 2565 τῶν
406 2513 801 2581 ὑπαρχόντων
839 2511 997 2578 αὐτῷ
1027 2513 1238 2583 ἔλεγεν
1290 2511 1444 2566 ἴδιον
1476 2508 1649 2579 εἶναι,
1682 2514 1820 2567 ἀλλ’
1856 2510 1935 2583 ἦν

263 2600 476 2664 αὐτοῖς
499 2600 734 2655 ἅπαντα
763 2599 951 2653 κοινά·
980 2599 1075 2653 καὶ
1104 2599 1393 2654 διεδίδοτο
1430 2599 1682 2665 ἑκάστῳ,
1729 2603 1933 2656 καθότι

266 2686 344 2739 ἄν
368 2705 456 2753 τις
482 2689 691 2756 χρείαν
718 2684 861 2755 εἶχε.
892 2689 1050 2741 Ποῖον
1077 2688 1219 2742 οὓτω
1244 2691 1420 2759 τεῖχος
1449 2690 1705 2761 ἀρῤαγές,
1762 2691 1933 2762 ἁρμο-

268 2774 358 2844 νίᾳ
394 2775 557 2830 λίθων
592 2775 902 2845 εὐμεγεθῶν
944 2776 1337 2847 ὠχυρωμένον,
1379 2778 1685 2848 ἀπόρθητον
1726 2778 1933 2847 γίνεται

266 2862 384 2923 ταῖς
414 2859 522 2913 τῶν
569 2862 776 2933 ἐχθρῶν
808 2862 1034 2932 ἐφόδοις,
1070 2863 1144 2926 ὼς
1176 2864 1236 2917 τὸ
1266 2864 1515 2936 σύστημα
1541 2865 1649 2920 τῶν
1675 2866 1933 2936 ἀλλήλους

268 2946 629 3016 ἀγαπώντων,
678 2950 771 3003 καί
816 2952 874 3004 ἐν
911 2949 1255 3022 ὁμοφροσύνῃ
1284 2953 1789 3023 περιεσφιγμένων;
1825 2954 1934 3007 Καὶ

268 3036 439 3100 αὐτὰς
466 3036 560 3090 τοῦ
594 3037 837 3091 διαϐόλου
864 3037 1169 3109 προσϐολάς
1187 3038 1214 3077 ιι
1241 3039 1622 3110 ἀποκρούεται·
1660 3042 1753 3094 καὶ
1790 3040 1935 3110 μάλα

270 3123 514 3187 εἰκότως.
538 3125 599 3177 Οί
626 3125 735 3196 γὰρ
762 3128 878 3196 μετ’
904 3125 1152 3197 ἀλλήλων
1189 3126 1307 3179 κατ’
1349 3127 1558 3181 ἐκείνου
1584 3130 1933 3200 παρατασσό-

272 3229 440 3283 μενοι,
460 3212 555 3266 καὶ
580 3212 653 3284 μὴ
672 3216 789 3285 μετ’
812 3214 1018 3267 ἐκείνου
1043 3214 1161 3267 κατ’
1177 3213 1420 3285 ἀλλήλων
1435 3215 1712 3285 ἱστάμενοι
1731 3227 1779 3281 ο,
1804 3219 1937 3288 ἀήτ-

267 3316 418 3368 τητοι
446 3301 683 3368 γίνονται
705 3303 819 3365 τοῖς
839 3300 1006 3356 αὐτοῦ
1049 3303 1427 3372 μηχανήμασι.
1472 3302 1542 3355 τὰ
1578 3300 1804 3373 λαμπρὰ
1835 3304 1935 3371 τῆς

268 3386 489 3457 ἀγάπης
521 3386 823 3457 ἐγείροντες
845 3387 1104 3458 τρόπαια.
1142 3388 1251 3441 Καὶ
1282 3388 1530 3457 καθάπερ
1553 3390 1609 3441 αἰ
1635 3389 1735 3457 τῆς
1768 3388 1936 3460 λύρας

269 3475 477 3544 νευραῖς
510 3474 707 3527 πολλαὶ⁵
743 3475 842 3544 μέν
881 3470 1073 3539 οὖσαι,
1116 3476 1196 3538 εἰς
1243 3475 1370 3545 μίαν
1408 3475 1466 3527 δὲ
1505 3475 1758 3528 νεύουσαι
1793 3493 1936 3545 συμ-

271 3561 501 3628 φωνίαν,
538 3561 899 3633 τερπνότατόν
941 3579 993 3615 τι
1038 3560 1197 3631 μέλος
1220 3560 1443 3631 ήχοῦσιν
1468 3579 1482 3594 ·
1519 3561 1691 3625 οὕτως
1714 3562 1765 3616 οἱ
1802 3563 1937 3634 πρὸς

275 3648 406 3718 μίαν
438 3648 873 3717 συγκεκραμένοι
886 3646 1140 3718 γνώμην,
1186 3647 1382 3719 εὔηχον
1415 3649 1807 3719 ἀνακρούονται
1838 3652 1938 3723 τῆς

271 3736 494 3806 ἀγάπης
524 3734 616 3791 τὸν
647 3736 903 3804 φθόγγον.
948 3734 1047 3788 Διά
1088 3733 1245 3789 τοῦτο
1286 3735 1638 3805 συμϐουλεύει
1666 3740 1693 3791 ὀ
1728 3737 1938 3803 Παῦλος

273 3825 336 3877 τὸ
368 3823 499 3879 αὐτὸ
550 3827 796 3895 φρονεῖν,
844 3823 938 3877 καὶ
980 3822 1177 3893 λέγειν,
1228 3824 1324 3877 καὶ
1372 3822 1634 3893 ἀλλήλους
1687 3824 1937 3896 ἡγεῖσθαι

276 3912 636 3986 ὑπερέχοντας
666 3910 894 3974 ἑαυτῶν,
931 3910 1070 3965 ὥστε
1107 3909 1182 3982 μὴ
1207 3914 1274 3982 τῇ
1320 3909 1600 3982 φιλοτιμίᾳ
1628 3910 1937 3967 διαλύεσθαι

274 4001 373 4074 τὴν
404 4001 644 4072 ἀγάπην,
682 3998 819 4053 ἀλλὰ
847 3998 945 4071 τὴν
973 3998 1138 4070 τιμὴν
1177 3998 1765 4069 ἀντιπαραχωροῦντας
1792 4000 1819 4040 ἀ
1848 4000 1940 4053 άλ-

275 4090 477 4161 λήλοις,
523 4090 581 4142 ἐν
612 4086 832 4160 ὁμονοίᾳ
866 4085 1094 4155 διάγειν.
1137 4086 1244 4139 Καὶ
1275 4085 1436 4139 πάλιν
1482 4086 1648 4157 φησί·
1678 4089 1756 4140 Δι’
1799 4087 1940 4158 ἀγά-

276 4191 389 4244 πης
425 4175 744 4230 δουλεύετε
782 4173 1092 4240 ἀλλήλοις.
1137 4173 1201 4226 Ὃ
1232 4173 1343 4243 γὰρ
1383 4171 1503 4239 πᾶς
1538 4173 1721 4242 νόμος
1754 4173 1824 4227 ἐν
1850 4173 1941 4227 ἐνὶ

275 4264 435 4331 λόγῳ
483 4261 815 4330 πληροῦται
838 4301 852 4325 ,
896 4260 966 4313 ἐν
1006 4260 1106 4325 τῷ,
1149 4259 1510 4329 Ἀγαπήσεις
1537 4260 1642 4312 τὸν
1674 4260 1943 4327 πλησίον

278 4342 395 4403 άου
423 4350 503 4414 ὡς
532 4348 812 4401 σεαυτόν.
854 4346 913 4399 '0
961 4345 1188 4414 ἀγαπῶν
1222 4346 1323 4397 οὐκ
1355 4345 1662 4398 ἐπιτάττειν
1695 4345 1942 4414 βούλεται

282 4437 462 4506 μόνον,
481 4434 617 4487 ἀλλά
644 4435 743 4487 καὶ
754 4431 1158 4485 ἐπιτάττεσθαι·
1183 4432 1277 4484 καὶ
1303 4431 1483 4501 χαίρει
1512 4431 1711 4499 μᾶλλον
1731 4433 1943 4486 ἐπιτατ-

279 4520 699 4594 τόμενος,·ήπερ
726 4518 1045 4573 ἐπιτάττων.
1089 4517 1146 4570 '0
1177 4516 1404 4585 ἀγαπῶν
1446 4517 1765 4588 χαρίζεσθαι
1818 4517 1941 4587 βού-

282 4613 431 4665 λεται
460 4607 680 4680 μᾶλλον,
715 4606 749 4678 ἤ
778 4606 939 4679 χάριν
969 4604 1265 4676 λαμϐάνειν
1286 4620 1302 4636 ο
1335 4604 1479 4658 θέλει
1525 4604 1635 4676 γάρ
1664 4604 1944 4675 ὀφειλέτην

282 4699 423 4769 ἔχειν
446 4697 537 4751 τὸν
567 4695 736 4765 φίλον,
762 4696 907 4766 ἥπερ
932 4693 1092 4758 αὐτὸς
1112 4693 1348 4762 ὀφείλειν
1375 4693 1588 4764 ἐκείνῳ.
1625 4695 1684 4746 Ὀ
1713 4694 1942 4762 ἀγαπῶν

284 4786 375 4841 καὶ
401 4785 649 4856 βούλεται
681 4781 999 4855 χαρίζεσθαι
1029 4780 1106 4852 τῷ
1141 4781 1509 4853 ἀγαπωμένῳ,
1548 4781 1639 4835 καί
1669 4782 1730 4834 οὐ
1765 4779 1942 4851 βούλεο

282 4892 372 4928 ται
398 4874 573 4926 δοκεῖν
608 4870 963 4943 χαρίζεσθαι,
1015 4870 1108 4924 καὶ
1146 4869 1334 4939 ἄρχειν
1384 4871 1548 4933 αὐτὸς
1594 4869 1942 4941 εὐεργεσίας,

286 4962 379 5015 καὶ
414 4961 486 5029 μὴ
519 4960 693 5013 δοκεῖν
735 4958 923 5029 ἄρχειν
963 4956 1301 5027 εὐεργεσίας.
1348 4957 1500 5027 Τάχα
1526 4957 1670 5019 τινὲς
1695 4955 1947 5024 ἀγνοοῦσι

284 5046 347 5098 τὸ
376 5044 582 5113 λεχθέν·
606 5042 803 5098 οὐκοῦν
828 5043 893 5095 δι’
928 5040 1322 5112 ὑποδείγματος
1354 5042 1486 5095 αὐτὸ
1516 5043 1728 5111 ποιήσω
1756 5042 1944 5110 σαφές.

291 5132 553 5204 Ἐμελλεν
573 5133 603 5184 ὀ
631 5130 1007 5201 φιλάνθρωπος
1038 5127 1193 5200 [290]
1215 5128 1490 5197 Δεσπότης
1513 5127 1604 5181 τὸν
1632 5128 1759 5181 Υἱδν
1786 5128 1946 5181 αὐτοῦ

289 5217 608 5293 χαρίζεσθαι
640 5216 782 5287 ὐπέρ
811 5216 998 5288 ήμῶν·
1049 5216 1165 5271 ἀλλ’
1200 5216 1286 5268 ἵνα
1324 5213 1397 5285 μὴ
1440 5211 1566 5285 δόξῃ
1606 5211 1946 5284 χαρίζεσθαι,

354 5435 380 5464 ⁸
416 5434 549 5485 Colb.
572 5435 726 5492 ἡμῶν.
754 5432 848 5482 Καὶ
876 5431 1007 5479 οὐδὲν
1029 5430 1248 5488 ἠδύνατο.

355 5493 385 5534 1³
407 5496 543 5547 Colb.
570 5490 653 5551 τάς
670 5496 760 5557 γὰρ
781 5492 867 5557 τοῦ
890 5492 1110 5557 διαϐόλου
1129 5490 1301 5557 προσϐμ.

296 5619 307 5628 .
357 5562 377 5590 ε
409 5548 664 5628 Πειρη-καί
771 5555 870 5619 μετ’
892 5554 1070 5601 ἐκείνου
1093 5548 1198 5601 κατ’
1221 5551 1438 5609 ἀλλήλων
1468 5549 1730 5611 ἱστάμενοι,
1770 5548 1951 5598 desunt

296 5618 655 5729 min
684 5677 851 5741 Savil.
876 5689 1011 5741 ﬁ'ero
1054 5674 1469 5741 παραχωροῦντας.
1519 5670 1643 5722 Infra
1676 5670 1945 5736 legendum

298 5748 415 5805 pulo
442 5740 529 5789 οὐκ
560 5740 820 5789 ἐπιτάττειν
839 5740 893 5787 οὐ
921 5740 1151 5801 βούλεται.

2035 417 2148 470 ἀλλ’
2180 417 2398 489 ὀφειλὴν
2436 418 2763 483 ἀποδιδόναι,
2799 417 3095 489 προσέταξε
3128 417 3207 489 τῷ
3236 416 3484 490 Ἀϐραὰμ
3511 414 3671 469 δοῦναι

2033 504 2121 557 τὸν
2157 506 2271 585 υἱὸν
2297 506 2483 569 αὐτοῦ,
2511 506 2599 558 ἵνα
2627 505 2784 557 τοῦτο
2807 505 2900 558 καὶ
2923 505 3081 567 αὐτὸς
3106 504 3294 563 ποιῶν,
3335 504 3409 574 μὴ
3433 503 3507 564 ὡς
3532 504 3670 573 χάριν

2032 594 2226 659 διδοὺς,
2250 595 2362 648 ἀλλ’
2390 598 2466 658 ώς
2515 596 2673 665 χρέος
2719 594 2999 657 ἀποδιδοὺς
3052 594 3245 664 εὐρεθῇ
3281 593 3365 644 διὰ
3398 592 3488 643 τὸν
3526 592 3671 661 ὐπερ-

2034 680 2294 737 ϐάλλοντα
2321 682 2547 736 πλοῦτον
2572 683 2671 751 τῆς
2704 682 2868 735 αὐτοῦ
2899 681 3250 750 ἀγαθότητος.
3280 676 3409 732 Οἶδα
3437 680 3520 731 ὃτι
3547 678 3672 743 ξένον
3700 720 3701 723 η

2034 768 2282 834 φαίνεται
2311 772 2421 832 τοῖς
2453 768 2664 832 πολλοῖς
2697 768 2757 821 τὺ
2784 768 2991 837 λεχθέν.
3022 769 3094 820 Τὸ
3130 768 3186 819 δέ
3214 768 3387 819 αἴτιον
3405 806 3420 829 ,
3447 766 3533 818 ὅτι
3568 765 3674 834 περὶ
3700 790 3701 809 :

2036 857 2357 925 πράγματος
2393 856 2709 927 διαλέγομαι
2735 857 2825 908 τδν
2854 856 3077 926 οὐρανὸν
3102 854 3378 916 οἰκοῦντος
3413 854 3529 906 νῦν.
3565 854 3674 904 ’Ὡσ-

2034 959 2140 1014 περ
2173 944 2282 1012 γὰρ
2323 945 2371 996 εί
2404 943 2587 1011 ἔλεγον
2617 944 2743 1013 περί
2781 960 2921 1005 τινος
2964 942 3130 1011 φυτοῦ
3166 943 3222 993 ἐν
3259 941 3415 1011 Ἰνδία
3445 942 3673 1007 τικωμέο

2035 1048 2146 1088 νου.
2177 1032 2271 1084 καὶ
2311 1024 2372 1084 οὗ
2419 1032 2606 1101 μηδεὶς
2645 1033 2840 1101 πεῖραν
2887 1030 3112 1093 ἔλαϐεν,
3162 1029 3261 1081 οὐκ
3310 1029 3376 1081 ἂν
3426 1028 3674 1096 ἴσχυσενὸ

2034 1117 2190 1185 λόγος
2214 1119 2583 1187 παραστῆσαι,
2620 1117 2721 1171 κᾶν
2755 1117 2921 1187 μυρία
2961 1118 3086 1189 περὶ
3115 1116 3276 1170 αὐτοῦ
3318 1116 3523 1182 ἔλεγον·
3556 1115 3674 1166 οὕτω

2036 1206 2129 1258 καί
2162 1205 2255 1259 νῦν
2281 1207 2379 1258 ὃσα
2403 1205 2468 1258 ἂν
2491 1206 2650 1269 εἴπω,
2683 1206 2858 1275 μάτην
2893 1203 3020 1273 ἐρῶ·
3054 1204 3115 1256 οὐ
3143 1203 3251 1272 γὰρ
3280 1202 3522 1254 συνιοῦσι
3555 1217 3673 1260 τινες

2035 1292 2102 1346 τά
2123 1292 2409 1362 λεγόμενα.
2455 1292 2542 1345 Ἐν
2560 1293 2773 1363 οὐρανῷ
2796 1292 2923 1360 γάρ,
2951 1291 3024 1353 ὼς
3054 1290 3188 1360 ἔφην
3206 1329 3221 1352 ,
3249 1287 3405 1340 τοῦτο
3432 1284 3677 1354 πεφύτευ-

2036 1397 2123 1433 ται
2159 1380 2218 1433 τὺ
2248 1381 2431 1449 φυτόν.
2470 1379 2607 1433 Ἀλλ’
2647 1380 2742 1433 ἐὰν
2784 1378 3052 1447 θέλωμεν,
3099 1378 3193 1430 καὶ
3238 1376 3364 1445 παρ’
3400 1377 3536 1445 ήμῖν
3568 1372 3677 1425 αὐτὸ

2038 1466 2363 1538 φυτευθῆναι
2387 1466 2628 1521 δυνατόν.
2659 1467 2756 1518 Διά
2795 1465 2951 1518 τοῦτο
2995 1465 3102 1534 γὰρ
3142 1463 3496 1533 ἐδιδάχθημεν
3526 1461 3678 1528 λέγειν

2038 1554 2173 1626 πρὸς
2216 1556 2305 1607 τὸν
2354 1557 2411 1607 ὲν
2443 1555 2691 1624 οὐρανοῖς
2740 1552 2957 1622 Πατέρα
2980 1569 2992 1581 ·
3031 1549 3346 1618 Γενηθήτω
3372 1550 3438 1602 τὸ
3472 1548 3679 1617 θέλημὰ

2037 1658 2156 1696 σου
2184 1643 2254 1695 ἐν
2277 1640 2509 1709 οὐρανῷ
2538 1641 2635 1694 καί
2662 1641 2765 1693 ’ἐπὶ
2791 1638 2909 1709 τῆς
2924 1638 3058 1709 γῆς.
3156 1674 3159 1675 ν

2106 1738 2175 1799 γ’.
2215 1732 2306 1800 Μὴ
2338 1731 2515 1783 τοίνυν
2546 1729 2804 1784 ἀδύνατον
2843 1725 2982 1781 εἰναι
3012 1727 3322 1798 νομίσωμεν
3353 1727 3416 1779 τὸ
3460 1725 3678 1780 τοιοῦτον

2036 1819 2238 1888 ἀγαθὸν
2280 1816 2599 1889 κτήσασθαι.
2640 1815 2871 1870 Δυνατὸν
2912 1816 3040 1887 γάρ,
3070 1816 3236 1878 δντως
3274 1814 3520 1879 δυνατὸν,
3552 1812 3601 1866 εί
3628 1831 3676 1880 γε

2040 1906 2339 1978 βουλόμεθα
2386 1907 2574 1978 νήφειν
2594 1922 2607 1935 ·
2639 1905 2701 1959 οὐ
2734 1904 2888 1958 τοῦτο
2917 1905 2973 1957 δὲ
2999 1904 3175 1975 μόνον,
3214 1902 3348 1957 ἀλλά
3396 1903 3493 1958 καὶ
3526 1905 3680 1956 πᾶσαν

2039 1995 2379 2067 κατορθῶσαι
2434 1994 2532 2065 τὴν
2587 1994 2806 2066 ἀρετήν.
2870 1991 3206 2061 Αὐτεξουσίῳ
3236 1991 3345 2063 γὰρ
3384 1992 3681 2062 προαιρέσει

2038 2082 2448 2154 κυϐερνώμεθα,
2479 2082 2574 2135 καὶ
2605 2083 2701 2151 οὐχ
2731 2080 3068 2152 εἱμαρμένης
3098 2081 3328 2152 ἀνάγκῃ,
3358 2080 3503 2133 κατά
3531 2095 3678 2140 τινας,

2041 2171 2393 2240 ὐποκείμεθα,
2431 2172 2488 2223 ἐν
2517 2169 2593 2240 τῷ
2628 2169 2797 2223 θέλειν
2839 2169 2932 2222 καὶ
2965 2168 3039 2239 μὴ
3073 2168 3242 2220 θέλειν
3271 2166 3574 2238 ὁριζόμενοι
3608 2170 3680 2217 καὶ

2040 2258 2108 2311 τὰ
2139 2258 2277 2311 καλά
2311 2257 2522 2312 κεῖσθαι
2556 2257 2650 2311 καὶ
2683 2259 2750 2311 τὰ
2774 2256 2938 2310 κακά.
2992 2255 3090 2309 Διά
3141 2255 3296 2308 τοῦτο
3342 2253 3453 2323 γὰρ
3500 2254 3529 2306 ὀ
3572 2253 3679 2315 Θεὸς

2040 2346 2134 2399 καὶ
2166 2344 2436 2415 βασιλείαν
2466 2346 2751 2416 ὑπέσχετο,
2790 2344 2883 2397 καὶ
2930 2343 3197 2414 τιμωρίαν
3227 2342 3546 2412 ἠπείλησεν.
3587 2342 3680 2392 Οὐκ

2040 2432 2105 2486 ἂν
2132 2432 2187 2486 δὲ
2220 2436 2331 2495 τοῖς
2357 2433 2567 2503 ἀνάγκη
2591 2432 2893 2502 δεδεμένοις
2925 2430 3095 2493 οὕτως
3146 2430 3365 2500 ἐποίησε
3388 2447 3402 2459 ·
3450 2429 3557 2482 τῶν
3594 2430 3680 2498 γὰρ

2040 2519 2147 2573 ἀπὸ
2176 2518 2398 2589 γνώμης
2425 2518 2722 2589 γινομένων
2771 2517 3035 2580 ἀντίδοσίς
3063 2518 3207 2570 ἐστιν
3249 2515 3541 2587 ἑκατέρων.
3588 2516 3681 2566 Οὐκ

2042 2607 2108 2661 ἂν
2134 2607 2327 2678 νόμους
2357 2606 2571 2676 ἔθηκεν,
2594 2607 2695 2659 οὐκ
2718 2606 2783 2660 ἂν
2809 2606 3156 2674 παραινέσεις
3182 2603 3395 2664 ἔδωκεν,
3420 2605 3469 2655 εἰ
3491 2602 3682 2670 δεσμοξ

2042 2694 2376 2766 εἱμαρμένης
2405 2693 2798 2764 κεκρατημένοι
2828 2689 2991 2765 ἦμεν.
3038 2691 3176 2744 Ἀλλ’
3215 2690 3397 2760 ἐπειδὴ
3431 2688 3682 2758 ἐλεύθεροί

2042 2784 2228 2853 ἐσμεν,
2254 2783 2345 2835 καί
2377 2783 2476 2852 τῆς
2506 2782 2641 2845 ἰδίας
2669 2781 3037 2851 προαιρέσεως
3080 2778 3278 2849 κύριοι,
3313 2780 3408 2830 καὶ
3453 2777 3560 2829 ἀπὸ
3605 2776 3683 2844 μὲν

2044 2870 2312 2941 ῥᾳθυμίας
2338 2871 2596 2942 γινόμεθα
2626 2869 2834 2939 φαῦλοι,
2866 2870 2972 2921 ἀπὸ
3001 2869 3055 2921 δὲ
3088 2868 3318 2938 σπουδῆς
3339 2865 3585 2936 χρηστοὶ,
3615 2865 3684 2917 διὰ

2040 2958 2199 3011 τοῦτο
2222 2956 2395 3012 ταῦτα
2425 2958 2792 3011 κατεσκεύασε
2838 2958 2909 3010 τὰ
2950 2957 3249 3027 φάρμακα,
3290 2954 3369 3025 τῷ
3410 2953 3566 3024 φόϐῳ
3605 2956 3684 3021 τῆς

2042 3046 2318 3110 κολάσεως
2356 3046 2449 3099 καὶ
2476 3049 2542 3116 τῇ
2586 3043 2879 3115 προσδοκία
2900 3044 3002 3114 τῆς
3030 3042 3304 3113 βασιλείας
3328 3041 3684 3114 διορθούμενος

2043 3136 2209 3203 ήμᾶς,
2246 3133 2341 3186 καὶ
2374 3133 2680 3202 φιλοσοφεῖν
2718 3131 3003 3187 παιδεύων.
3029 3132 3142 3185 Οὐκ
3172 3132 3236 3183 ἐκ
3265 3129 3481 3183 τούτων.
3506 3129 3563 3182 δὲ
3607 3130 3685 3197 μόο

2042 3240 2152 3286 νον,
2207 3222 2342 3275 ἀλλά
2387 3223 2481 3275 καὶ
2530 3220 2589 3286 ἐξ
2630 3215 2705 3274 ὧν
2736 3222 2895 3291 ήμεῖς
2920 3220 3072 3273 αὐτοί
3105 3218 3384 3289 ποιοῦμεν,
3429 3217 3592 3288 δῆλον
3622 3218 3688 3269 ὅτι

2043 3309 2167 3363 οὐτε
2194 3310 2520 3381 εἱμαρμένη,
2553 3310 2675 3363 οὐτε
2707 3310 2866 3379 τύχη,
2908 3308 3031 3361 οὐτε
3070 3308 3314 3376 γένεσις,
3350 3304 3477 3359 οὔτε
3514 3306 3691 3376 δρόμος

2044 3398 2289 3471 ἀστέρων
2327 3398 2396 3451 τά
2428 3399 2551 3452 καθ’
2581 3399 2729 3468 ἡμᾶς
2752 3397 2966 3451 διοικεῖ.
3005 3397 3069 3450 Εἰ
3108 3396 3218 3467 γὰρ
3248 3394 3456 3449 ἐκεῖθεν
3477 3396 3691 3465 ἤρτηται

2043 3487 2112 3541 τά
2138 3472 2405 3558 ’γινόμενα
2451 3487 2648 3551 πάντα,
2696 3486 2787 3538 καὶ
2828 3486 2891 3538 οὐ
2935 3484 3037 3555 τῆς
3069 3483 3439 3555 προαιρέσεως
3482 3483 3590 3535 τῶν
3616 3482 3691 3533 ἀν-

2046 3574 2299 3645 θρώπων,
2321 3576 2464 3638 τίνος
2493 3575 2680 3628 ἕνεκεν
2713 3575 2994 3644 μαστιγοῖς
3016 3572 3106 3625 τὸν
3129 3572 3342 3640 οἰκέτην
3373 3569 3689 3637 κεκλοφότος

2042 3662 2189 3725 τίνος
2222 3663 2406 3716 ἕνεκεν
2441 3660 2815 3732 μοιχευθεῖσαν
2840 3660 2940 3730 τὴν
2964 3661 3197 3728 γυναῖκα
3241 3659 3319 3721 εἰς
3356 3658 3692 3726 δικαστήριον

2046 3749 2261 3813 ἓλκεις;
2294 3749 2438 3811 τίνος
2466 3748 2650 3801 ἕνεκεν
2689 3746 2915 3818 αἰσχύνῃ
2945 3748 3196 3818 πράττων
3232 3745 3299 3798 τὰ
3321 3745 3536 3809 ἀτοπας
3566 3743 3692 3797 τίνος

2046 3836 2230 3890 ἕνεκεν
2261 3836 2381 3889 οὐδὲ
2406 3835 2474 3889 τὰ
2514 3837 2731 3907 ῥήματα
2762 3833 2949 3905 φέρεις
2981 3833 3366 3903 ὀνειδιζόμενος
3385 3872 3403 3898 ,
3456 3832 3572 3885 ἀλλ’
3615 3832 3691 3881 ἐάν

2046 3924 2130 3987 τίς
2165 3940 2222 3976 σε
2247 3922 2449 3995 καλέσῃ
2476 3920 2735 3992 μοιχὸν,ἢ
2767 3921 2981 3990 πόρνον,
3017 3920 3051 3989 ἢ
3084 3919 3347 3989 μέθυσον,
3383 3920 3419 3989 η
3452 3935 3507 3970 τι
3536 3914 3690 3969 79:05-

2046 4028 2157 4075 τον,
2188 4009 2346 4082 ὓϐριν
2378 4009 2438 4063 τὸ
2470 4011 2698 4081 πρᾶγμα
2728 4008 2949 4072 καλεῖς;
2982 4007 3043 4059 ΕΞ
3072 4006 3178 4077 γὰρ
3210 4005 3284 4076 μὴ
3316 4005 3419 4075 τῆς
3444 4007 3546 4076 σῆς
3575 4001 3692 4072 γνώ·

2052 4117 2157 4171 μης
2180 4098 2243 4153 τὺ
2275 4097 2623 4169 ἁμαρτάνειν,
2670 4094 2795 4149 οὐτε
2837 4092 3087 4164 ἔγκλημα
3133 4093 3194 4145 τὸ
3235 4092 3543 4162 γινόμενον,
3588 4090 3691 4143 οὐτε

2050 4186 2205 4258 ὕϐρις
2236 4186 2297 4239 τὸ
2335 4184 2647 4254 λεγόμενον.
2693 4180 2807 4236 Νῦν
2852 4180 2909 4235 δὲ
2951 4181 3045 4234 καὶ
3076 4181 3141 4233 δι’
3173 4172 3247 4258 ὧν
3295 4180 3407 4241 τοῖς
3464 4177 3695 4248 ἀμαρτὰο

2051 4291 2230 4328 νουσιν
2268 4274 2328 4326 οὐ
2378 4269 2788 4340 συγγινώσκεις,
2832 4268 2925 4322 καὶ
2960 4267 3025 4320 δι’
3067 4261 3142 4320 ὧν
3175 4255 3335 4329 αὐτὸς
3377 4267 3607 4335 αἰσχύνῃ
3640 4266 3694 4315 τὰ

2050 4361 2195 4415 κακά
2223 4360 2499 4431 πράττων,
2540 4357 2634 4410 καί⁸
2662 4356 2943 4410 λανθάνειν
2989 4354 3339 4418 σπουδάζεις,
3372 4355 3469 4405 καὶ
3517 4352 3585 4404 δι’
3635 4345 3693 4402 ὧν

2049 4450 2175 4512 τοὺς
2216 4447 2387 4501 ταῦτά
2436 4462 2515 4498 σοι
2571 4444 2939 4516 προφέροντας
2987 4441 3245 4512 ὑϐριστὰς
3295 4438 3576 4508 νομίζεις,
3625 4438 3695 4490 διὶ

2051 4536 2265 4588 πάντων
2288 4534 2587 4603 ὁμολογεῖς,
2630 4532 2713 4584 ὅτι
2741 4531 2840 4583 οὐκ
2869 4529 3085 4600 ἀνάγκῃ
3112 4528 3315 4580 δέδεται
3343 4526 3410 4579 τά
3441 4527 3693 4597 ἡμέτερα,

2052 4621 2109 4675 ἀ)
2118 4620 2186 4673 λά
2204 4608 2573 4692 προαιρέσεως
2591 4616 2870 4687 ἐλευθερίᾳ
2889 4615 3193 4685 τετίμηται.
3210 4614 3334 4675 Τοῖς
3347 4612 3478 4681 γοῦν
3498 4614 3697 4679 ἀνάγκη

2053 4708 2437 4779 κατεχομένοις
2459 4704 2848 4775 συγγινώσκειν
2887 4702 3127 4773 οἴδαμεν.
3175 4701 3293 4754 Κάν
3326 4700 3429 4753 ὑπὸ
3461 4699 3697 4768 δαίμονός

2052 4814 2134 4860 τις
2162 4796 2504 4867 ὀχλούμενος,
2527 4794 2560 4866 ἢ
2591 4794 2680 4847 τὸν
2703 4792 2906 4863 χιτῶνα
2944 4791 3205 4862 διαρρήξῃ
3233 4789 3323 4843 τὸν
3357 4788 3646 4859 ήμέτερον.
3673 4784 3698 4851 ἢ

2052 4885 2267 4955 πληγὰς
2303 4883 2591 4955 ἐπενέγκῃ,
2638 4881 2699 4932 οὐ
2736 4880 2893 4950 μόνον
2924 4879 2984 4931 οὐ
3014 4877 3311 4947 κολάζομεν
3342 4876 3525 4934 αὐτὸν,
3580 4871 3702 4924 ἀλλὰ

2054 4969 2204 5042 [291]
2236 4970 2330 5023 καί
2359 4967 2612 5036 ἐλεοῦμεν
2640 4967 2733 5019 καί
2770 4964 3231 5034 συγγινώσκομεν.
3267 4962 3331 5014 Τί
3356 4961 3592 5031 δήποτες
3634 4962 3701 5012 ὅτι

2052 5060 2207 5129 οὐχή
2234 5058 2332 5127 τῆς
2370 5054 2736 5127 προαιρέσεως
2769 5053 3069 5123 ἐλευθερία,
3111 5052 3225 5104 ἀλλ’
3255 5052 3287 5120 ή
3326 5051 3419 5103 τοῦ
3458 5049 3695 5118 δαίμονος

2050 5146 2150 5217 -βία
2180 5143 2695 5215 ταῦταέἰργάσατο.
2719 5142 2880 5194 Ὥστε
2915 5142 2962 5193 εἰ
2983 5141 3074 5193 καὶ
3098 5139 3163 5192 τὰ
3193 5139 3325 5193 ἄλλα
3345 5139 3702 5208 ἁμαρτήματα

2058 5233 2164 5287 ἀπὸ
2195 5232 2297 5301 τῆς
2344 5232 2587 5300 ἀνάγκης
2619 5230 2718 5300 τῆς
2767 5228 2907 5282 κατά
2951 5227 3049 5298 τὴν
3092 5225 3426 5296 εἱμαρμένην
3470 5224 3701 5291 ἐγίνετο,

2058 5320 2398 5389 συνέγνωμεν
2419 5318 2504 5371 ἀν·
2526 5318 2785 5388 ἐπειδὴδὲ
2808 5318 2963 5386 ἴσμεν
2982 5324 3029 5381 θ,
3052 5315 3132 5367 ὅτι
3158 5314 3256 5365 οὐκ
3284 5311 3427 5364 ἐστιν
3450 5310 3701 5376 ἀνάγκης,

2057 5408 2142 5461 διὰ
2177 5405 2332 5461 τοῦτο
2372 5406 2432 5458 οὐ
2483 5405 2957 5473 συγγινώσκομεν,
3006 5399 3127 5454 οὐτε
3163 5398 3415 5452 δεσπόται
3459 5398 3702 5455 οἰκέταις,

2057 5496 2178 5551 οὐτε
2215 5495 2403 5566 ἄνδρες
2441 5493 2682 5562 γυναιξὶν
2710 5533 2724 5557 ,
2779 5491 2901 5545 οὐτε
2960 5492 3212 5558 γυναῖκες
3264 5485 3550 5557 ἀνδράσιν,
3598 5482 3702 5537 οὔτε

2127 5732 2149 5758 ε
2174 5728 2309 5786 ﬂare,
2338 5726 2498 5781 ἐπειδή
2523 5725 2574 5773 δὲ
2595 5723 2748 5785 ἴσμεν,
2773 5723 2956 5773 desunt
2975 5733 3022 5769 ιιι
3043 5718 3178 5770 Colb.
