3720 6274
176 244 277 296 SS!

172 361 414 414 Joannes
443 356 757 413 testiﬁcatur
798 353 981 408 dicens
1009 367 1020 403 :
1048 370 1068 402 ι
1109 351 1198 407 Sic
1219 350 1358 406 Deus
1385 348 1570 405 dilexit
1608 360 1764 401 mun-

172 451 332 516 dum,
361 460 419 504 ut
452 448 645 504 Filiqu
678 459 833 500 suum
859 443 1189 513 unigenitum
1213 443 1458 507 daret,ut
1476 444 1649 495 omnis
1675 440 1763 508 qui

169 545 352 598 credit
377 544 429 597 in
458 544 629 613 ipsum
654 555 758 593 non
789 546 990 609 pereat,
1020 535 1113 591 sed
1166 534 1359 588 habeat
1400 534 1560 587 vitam
1605 537 1763 585 aeter-

170 652 304 689 nam
334 655 355 688 ι
399 633 581 704 (Joan.
607 633 660 687 5.
692 630 805 701 16).
839 628 947 683 Hac
985 626 1179 681 ardens
1211 625 1406 679 Paulus
1436 623 1573 677 lianc
1600 620 1762 676 caele-

169 735 319 780 stem
347 725 525 779 emisit
564 736 749 776 vocem
788 737 801 772 :
839 737 859 772 ι
882 718 1011 785 Quis
1048 731 1145 770 nos
1191 715 1455 785 separabit
1486 729 1515 767 a
1544 712 1765 767 caritate

170 815 420 869 Christi?
448 813 739 876 tribulatio,
772 827 839 864 an
891 808 1156 878 angustia,
1199 821 1262 861 ac
1296 803 1657 874 persequutio,
1695 816 1762 855 an

172 905 370 969 fames,
401 920 466 958 an
491 903 721 968 auditas,
746 916 812 954 an
844 898 1156 968 periculum,
1181 911 1246 949 an
1264 892 1688 966 gladius»(Rom.
1707 892 1761 945 8.

169 997 315 1066 '55)?
341 996 437 1051 His
479 1010 640 1064 porro
683 992 831 1063 quasi
860 989 1133 1045 vilioribus
1176 987 1464 1057 despectis,
1488 987 1553 1040 iis
1596 985 1766 1040 multo

170 1090 384 1158 majora
419 1088 611 1157 adjecit
641 1103 653 1139 :
687 1085 857 1152 «Quia
893 1098 1063 1152 neque
1089 1096 1253 1147 mors,
1281 1098 1299 1131 ι
1359 1079 1559 1150 inquit,
1621 1095 1640 1128 ι
1667 1093 1762 1131 ne-

171 1195 286 1248 que
313 1183 441 1243 vita,
471 1190 642 1246 neque
663 1175 934 1239 instantia,
965 1188 1135 1244 neque
1156 1171 1351 1235 futura,
1377 1185 1550 1238 neque
1580 1169 1762 1222 altitu-

171 1270 269 1333 do,
301 1283 473 1339 neque
502 1266 846 1339 profundum,
871 1280 1046 1335 neque
1066 1272 1312 1319 creatura
1336 1262 1436 1315 alia
1450 1259 1645 1331 poterit
1666 1273 1765 1313 nos

170 1375 430 1430 separare
455 1375 486 1413 a
514 1360 736 1414 caritate
760 1358 884 1421 Dei,
907 1371 1027 1426 qua:
1052 1364 1137 1410 est
1162 1354 1218 1410 in
1244 1353 1456 1409 Christo
1503 1352 1629 1407 Iesu
1664 1351 1765 1403 Do-

174 1456 328 1508 mino
357 1461 539 1508 nostro
580 1471 600 1504 ι
634 1450 865 1522 (lbid.v.
896 1451 987 1505 55.
1013 1448 1129 1521 59).
1157 1447 1291 1502 iline
1338 1445 1469 1500 nihil
1515 1457 1765 1513 separare

175 1546 353 1614 potuit
399 1545 612 1601 beatum
639 1542 788 1596 illum
829 1540 1052 1596 caritate
1088 1538 1387 1601 ardentem,
1418 1551 1522 1591 non
1550 1535 1760 1599 caelum,
1808 1604 1811 1609 _

175 1653 286 1690 non
317 1646 482 1703 terra,
514 1650 620 1690 non
649 1646 795 1689 mare
817 1673 830 1697 ,
856 1648 960 1686 non
987 1645 1208 1700 regnum
1229 1629 1481 1685 caelorum
1502 1668 1515 1691 ,
1549 1642 1655 1681 non
1682 1626 1765 1681 in-

174 1727 314 1781 ferni
343 1728 598 1797 supplicia
632 1726 845 1779 :omuia
887 1724 1082 1793 quippe
1108 1730 1326 1792 propter
1358 1718 1627 1773 Christum
1662 1715 1761 1771 de-

174 1817 627 1888 spiciebat.Quod
664 1819 707 1872 si
735 1817 867 1871 alios
903 1829 1114 1884 quoque
1152 1820 1366 1868 sanctos
1396 1811 1759 1878 exploremus,

174 1924 366 1965 omnes
392 1909 856 1980 depreliendemus
880 1908 949 1962 ob
973 1908 1248 1962 caritatem
1269 1904 1532 1975 placuisse
1559 1903 1687 1957 Deo.

248 2002 306 2055 2.
356 1999 559 2056 Ciuitas
608 2016 728 2071 erga
780 1999 1066 2069 proximum
1102 2012 1232 2066 quae.
1259 2026 1331 2036 —
1353 1994 1556 2049 Caritas
1586 1994 1766 2062 proxi-

173 2108 323 2147 mum
354 2093 449 2147 tibi
491 2093 705 2147 exhibet
745 2093 884 2146 sicut
917 2090 1278 2157 temetipsum,
1327 2096 1484 2157 teque
1512 2086 1581 2140 de
1621 2085 1765 2139 illius

173 2186 351 2250 bonis,
385 2184 610 2255 perinde
639 2194 797 2253 atque
824 2182 889 2237 de
919 2183 1024 2236 tuis
1053 2180 1287 2251 gaudere
1314 2179 1490 2243 docet,
1516 2177 1763 2246 illiusque

173 2276 371 2331 damna
403 2275 555 2345 quasi
585 2284 672 2329 tua
703 2274 862 2330 ferre.
895 2274 1103 2328 Caritas
1134 2271 1330 2325 multos
1376 2284 1538 2323 unum
1565 2280 1762 2336 corpus

174 2368 364 2434 eliicit,
398 2369 715 2436 illorumque
745 2366 949 2420 animas
988 2364 1221 2433 Spiritus
1255 2362 1423 2415 sancti
1458 2357 1762 2413 habitacula

175 2458 351 2512 reddit
378 2475 391 2511 :
420 2474 527 2512 non
554 2458 697 2512 enim
719 2458 769 2511 in
800 2456 1020 2518 divisos,
1046 2454 1139 2509 sed
1166 2453 1220 2507 in
1245 2452 1559 2521 coniunctos
1583 2450 1762 2503 animo

174 2550 409 2619 Spiritus
454 2549 599 2619 pacis
639 2547 947 2619 requiescit.
1000 2546 1207 2602 Caritas
1255 2544 1582 2613 singulorum
1622 2540 1761 2595 bona

175 2643 430 2695 omnibus
476 2642 776 2695 communia
822 2639 1017 2703 reddit,
1074 2646 1132 2691 ut
1180 2638 1254 2691 ait
1307 2635 1443 2689 liber
1488 2635 1757 2688 Actuum:

182 2753 202 2784 ι
236 2732 591 2787 Multitudinis
631 2741 806 2786 autem
833 2730 1164 2785 credentium
1208 2736 1324 2783 erat
1350 2742 1447 2781 cor
1489 2740 1671 2787 unum,
1708 2733 1763 2778 et

174 2826 357 2879 anima
390 2839 493 2878 una
524 2842 536 2876 :
566 2838 664 2878 nec
702 2825 979 2893 quisquam
1023 2836 1233 2887 eorum,
1282 2833 1402 2889 quin
1432 2817 1759 2887 possidebat,

162 2917 378 2986 aliquid
400 2932 553 2971 suum
576 2930 695 2970 esse
714 2914 940 2978 dicebat,
969 2912 1062 2969 sed
1092 2920 1247 2967 erant
1272 2911 1377 2965 illis
1403 2910 1582 2964 omnia
1609 2922 1760 2963 com-

176 3012 361 3066 munia
403 3029 418 3064 :
466 3018 520 3065 et
566 3010 899 3065 dividebatur
931 3008 1152 3077 singulis
1196 3014 1351 3075 prout
1387 3005 1576 3072 cuique
1626 3016 1760 3072 opus

174 3112 292 3158 erat
325 3122 344 3155 ι
393 3104 531 3172 (Act.
556 3102 611 3157 4.
643 3100 729 3156 52.
757 3100 870 3169 55).
898 3099 1081 3166 Qualis
1110 3111 1291 3152 murus
1337 3097 1409 3149 ita
1452 3094 1657 3157 ﬁrmus,
1690 3094 1759 3146 ita

174 3197 537 3252 concinnitate
582 3194 858 3265 grandium
897 3191 1154 3261 lapidum,
1200 3189 1433 3242 hostium
1479 3186 1760 3241 conatibus

174 3288 606 3359 inexpugnabilis
630 3295 731 3348 est,
763 3293 820 3337 ut
845 3294 1016 3338 cattus
1052 3295 1170 3335 sese
1193 3290 1378 3333 mutuo
1402 3276 1753 3347 diligentium,

175 3392 227 3433 et
268 3380 575 3435 concordia:
616 3393 754 3432 nexu
787 3374 1131 3444 iunctorum?
1172 3371 1342 3426 Etiam
1390 3369 1534 3438 ipsos
1562 3362 1759 3421 diaboli

175 3475 409 3542 impetus
448 3479 690 3535 coercet;
740 3474 795 3523 et
822 3466 1036 3537 quidem
1072 3465 1193 3535 jure
1240 3461 1452 3519 merito.
1495 3447 1628 3514 Nam
1668 3458 1756 3527 qui

174 3566 430 3621 concordi
460 3564 636 3618 animo
674 3569 859 3617 contra
901 3560 1049 3613 illum
1094 3557 1262 3611 aciem
1289 3555 1575 3617 instruunt,
1605 3552 1676 3605 ita
1703 3557 1761 3603 ut

175 3657 340 3711 nullis
370 3670 399 3708 a
424 3663 571 3710 coetu
615 3650 1007 3715 deﬁcientibus,
1053 3661 1176 3703 cum
1221 3646 1313 3699 illo
1353 3652 1498 3699 stent
1524 3640 1755 3705 adversi,

174 3749 293 3817 ejus
320 3745 584 3801 machinis
611 3752 735 3799 sunt
755 3742 957 3808 invicti,
986 3738 1365 3809 splendidaque
1394 3735 1630 3791 caritatis
1649 3733 1759 3788 eri-

174 3853 308 3910 gunt
358 3851 575 3910 treprea.
618 3841 695 3893 Ac
734 3833 1183 3907 quemadmodum
1230 3832 1359 3902 lyrae
1399 3828 1568 3892 nervi,
1608 3826 1760 3881 multi

175 3948 298 3987 cum
346 3932 473 3996 sint,
501 3931 548 3984 si
587 3931 638 3984 in
672 3942 833 3983 unum
863 3933 1199 3981 concentum
1226 3920 1466 3986 tendant,
1509 3919 1760 3975 suavissi-

175 4036 321 4076 mam
372 4020 689 4075 cantilenam
752 4018 918 4073 eduut
962 4032 976 4069 :
1029 4015 1108 4069 sic
1153 4013 1242 4083 qui
1297 4026 1405 4066 uno
1456 4010 1763 4065 coalescunt

174 4114 383 4178 animo,
400 4111 694 4182 jucundum
728 4108 966 4165 caritatis
992 4105 1231 4177 pulsibus
1270 4118 1459 4158 sonum
1490 4099 1757 4155 emittunt.

177 4206 305 4260 Ideo
338 4214 523 4259 auctor
550 4214 633 4259 est
661 4203 875 4267 Paulus,
904 4210 962 4254 ut
987 4198 1172 4254 ﬁdeles
1200 4196 1428 4268 idipsum
1450 4194 1682 4249 sentiant
1706 4200 1763 4247 et

175 4302 379 4360 dicant.
407 4298 644 4369 aliosque
670 4305 855 4367 putent
874 4310 933 4350 se
959 4293 1266 4363 superiores
1295 4304 1436 4355 esse,
1466 4303 1533 4343 ne
1560 4287 1762 4342 ambitu

176 4394 419 4445 solvatur
435 4389 649 4453 caritas,
667 4388 759 4442 sed
774 4387 978 4441 honore
993 4385 1110 4438 aliis
1123 4382 1394 4446 cedentes,
1410 4381 1463 4434 in
1477 4378 1761 4435 concordia

182 4483 381 4551 degant
401 4479 655 4551 (Philipp.
688 4480 740 4532 5.
772 4477 859 4534 16.
891 4486 937 4531 et
963 4476 1019 4530 2.
1042 4475 1123 4547 5).
1149 4473 1490 4543 Rursumque
1516 4470 1628 4524 ait:
1659 4468 1763 4523 Per

176 4576 444 4629 caritatem
471 4574 647 4626 servile
673 4572 901 4624 invicem.
942 4567 1119 4620 Omnis
1146 4566 1281 4619 enim
1310 4566 1391 4618 lea:
1432 4565 1483 4616 in
1512 4578 1611 4615 uno
1650 4577 1759 4615 ser-

178 4682 331 4719 mone
372 4665 651 4734 impletur:
678 4661 868 4729 Diliges
891 4659 1176 4730 proximum
1207 4666 1353 4709 tuum
1387 4655 1514 4707 sicut
1548 4654 1762 4721 teipsunt

180 4756 357 4826 mat.
402 4756 457 4809 5.
507 4755 586 4809 ιλ
640 4754 728 4807 ιι.
786 4750 942 4804 Lavit.
977 4748 1228 4817 19.18).
1276 4746 1374 4813 Qui
1421 4746 1610 4814 diligit,
1657 4758 1761 4797 non

178 4848 351 4903 modo
386 4861 493 4902 non
522 4848 803 4916 imperare,
851 4842 944 4898 sed
986 4842 1148 4897 etiam
1178 4838 1425 4908 imperari
1466 4838 1576 4891 vult
1602 4853 1614 4889 :
1638 4851 1766 4905 gau-

176 4940 381 5010 detque
425 4939 591 5008 m‘agis
619 4939 905 5005 imperatus
926 4947 1082 5004 quam
1126 4933 1412 5001 imperans.
1442 4929 1540 4995 Qui
1568 4928 1758 4997 diligit.

174 5032 409 5103 gratiam
462 5029 707 5083 conferre
755 5027 975 5089 mavult,
1030 5039 1188 5093 quam
1241 5023 1512 5091 accipere;
1565 5019 1767 5074 mavult

174 5127 383 5195 quippe
407 5123 704 5178 debitorem
735 5122 959 5176 amicum
1003 5119 1220 5183 habere,
1248 5132 1405 5188 quam
1447 5117 1560 5186 ipse
1589 5117 1635 5169 ei
1667 5116 1764 5169 tle-

173 5217 328 5272 bitor
355 5229 495 5270 esse.
518 5213 618 5282 Qui
643 5213 835 5283 diligit,
869 5214 1041 5266 amico
1067 5212 1287 5280 gratiam
1325 5209 1564 5263 conferre
1601 5208 1763 5275 cupit,

172 5324 282 5365 nec
330 5319 511 5363 tamen
545 5308 653 5361 vult
698 5306 941 5360 conferre
990 5304 1197 5357 videri:
1231 5304 1282 5356 in
1328 5300 1587 5356 beneﬁcio
1627 5316 1766 5370 prie-

173 5398 382 5457 Stando
408 5400 604 5469 primas
649 5406 852 5463 tenere,
888 5411 986 5451 nec
1033 5405 1206 5449 tamen
1241 5394 1437 5464 primas
1482 5400 1661 5447 tenere
1686 5392 1766 5446 vi-

174 5492 325 5549 deri.
361 5491 471 5546 lloc
509 5490 647 5547 forte
676 5490 889 5561 quidam
921 5504 1024 5543 non
1058 5489 1355 5558 intelligunt
1382 5508 1394 5540 :
1423 5487 1768 5556 quamobrem

174 5586 229 5639 id
257 5584 515 5653 exemplo
543 5584 885 5652 conspicuum
915 5581 1150 5637 reddam.
1181 5582 1635 5636 Clementissimus
1668 5584 1770 5637 Do-

177 5689 367 5733 mmus
391 5690 490 5748 pro
533 5676 685 5731 nobis
724 5674 912 5730 Filium
958 5690 1110 5730 suum
1140 5673 1357 5729 daturus
1389 5685 1539 5743 erat;
1581 5684 1634 5729 ut
1677 5691 1767 5730 au-

586 220 627 259 ’
992 274 998 279 .
1353 231 1443 287 DE
1483 222 1841 284 PERFECTA
1878 224 2250 287 CARITATE.

3352 237 3458 295 282

1876 351 1983 400 tem
2008 360 2115 400 non
2142 346 2413 403 videretur
2455 347 2503 401 id
2535 348 2736 419 largiri,
2787 349 2881 404 sed
2924 349 3160 406 debitum
3212 354 3454 415 reddere.

1872 436 2126 506 prmeepit
2169 438 2474 494 Abrahamo
2518 450 2575 495 ut
2616 442 2781 497 lilium
2827 456 2981 498 suum
3012 445 3183 507 daret.
3234 458 3292 503 ut
3336 463 3455 503 cum

1872 527 2099 597 idipsum
2124 530 2235 598 ipse
2258 530 2478 598 faceret,
2509 547 2614 586 non
2637 534 2857 602 gratiam
2882 544 3136 605 praestare
3164 539 3456 601 videretur,

1872 619 1965 673 sed
1995 619 2232 675 debitum
2274 623 2520 690 reddere,
2566 634 2786 693 propter
2827 629 3292 696 supereminentes
3319 632 3423 685 divi

1873 712 1971 763 tias
1992 711 2246 767 bonitatis
2273 728 2402 767 sua}.
2438 714 2562 769 Scio
2593 718 2773 771 multis
2804 717 2875 782 id,
2910 720 3050 789 quod
3078 720 3330 787 diximus,
3363 741 3451 776 lto-

1870 818 1994 857 vum
2032 804 2374 876 insoleusqne
2401 807 2587 862 videri.
2615 809 2672 863 ln
2702 825 2860 867 causa
2904 822 3081 868 autem
3118 825 3199 870 est
3226 817 3363 886 qund
3391 819 3458 873 de

1872 908 1931 947 re
1958 893 2163 963 loquar,
2195 910 2311 965 qum.
2354 912 2495 951 nunc
2536 898 2591 951 in
2623 900 2768 954 caelis
2810 912 3070 957 versatur.
3102 904 3455 972 Quemadmo-

1871 983 1996 1035 dum
2032 984 2172 1037 euiin
2207 985 2341 1039 side
2387 988 2565 1056 planta
2608 990 2854 1059 loquerer
2898 993 2947 1046 in
2994 994 3134 1048 India
3182 1008 3457 1058 nascente,

1877 1088 2029 1142 quam
2062 1090 2219 1129 nemo
2244 1078 2571 1145 experientia
2598 1091 2968 1149 cognosceret,
3002 1100 3107 1138 non
3135 1101 3348 1154 possem
3387 1088 3456 1141 il~

1875 1167 1973 1218 lam
1997 1180 2245 1222 sermnue
2280 1171 2567 1236 explicare,
2598 1174 2808 1227 etiamsi
2835 1188 3085 1231 sexcenta
3115 1177 3181 1232 de
3210 1179 3294 1232 illa
3329 1188 3453 1233 nar-

1871 1274 2044 1347 rarem
2072 1277 2084 1311 :
2113 1261 2191 1314 sic
2233 1264 2393 1315 etiam
2437 1279 2577 1318 nunc
2620 1264 2811 1319 frustra
2841 1268 3045 1337 loquar,
3088 1286 3209 1324 eum
3241 1273 3453 1341 quidam

1871 1366 1931 1402 ea
1961 1365 2081 1419 qua:
2106 1351 2214 1420 jatu
2248 1353 2368 1407 dico
2399 1370 2501 1407 non
2530 1357 2841 1427 intelligant.
2876 1360 2927 1412 In
2958 1362 3090 1415 caslo
3117 1378 3366 1433 namque,
3399 1377 3457 1419 υς

1870 1441 1999 1506 dixi,
2030 1442 2145 1497 haec
2175 1443 2351 1512 planta
2375 1444 2618 1500 habetur.
2645 1447 2749 1503 Sed
2775 1450 2818 1504 si
2849 1452 3192 1519 voluerimus,
3218 1456 3269 1508 in
3302 1457 3456 1509 nobis

1870 1533 2028 1586 etiam
2065 1534 2152 1588 illa
2201 1535 2360 1589 inseri
2400 1545 2599 1607 potest.
2645 1538 2769 1593 Ideo
2816 1543 2958 1595 enim
2997 1544 3220 1599 instituti
3270 1561 3453 1601 sumus

1871 1637 1928 1681 ut
1953 1627 2192 1683 dicamus
2218 1629 2359 1684 Patri
2406 1631 2478 1684 illi
2517 1634 2606 1702 qui
2645 1643 2727 1688 est
2773 1636 2823 1689 in
2854 1636 3000 1689 caelis
3031 1655 3042 1688 :
3075 1636 3195 1691 Fiat
3225 1640 3455 1695 voluntati

1870 1728 1956 1773 tua
1978 1719 2029 1773 in
2054 1719 2179 1775 etelo
2204 1729 2251 1775 et
2277 1721 2329 1775 in
2358 1730 2490 1776 terra
2520 1723 2730 1795 (Matth.
2756 1726 2806 1781 6.
2846 1727 2953 1798 10).

1941 1813 1993 1867 5.
2035 1811 2216 1867 Libero
2240 1814 2470 1880 arbitrio,
2501 1832 2605 1869 non
2634 1817 2730 1885 fati
2770 1823 3059 1875 necessitate
3092 1823 3449 1893 gubernantur.

1868 1934 1937 1944 —
1960 1904 2037 1959 Ne
2061 1918 2192 1976 ergo
2221 1916 2465 1975 putemus
2491 1924 2594 1963 non
2626 1912 2782 1979 poSse
2803 1928 2899 1967 nos
2928 1913 3228 1983 hujusmodi
3255 1918 3451 1975 bonum

1875 1997 2161 2070 possidere.
2200 1999 2489 2055 Possumus
2531 2000 2694 2067 enim,
2726 2018 2851 2059 vere
2894 2020 3198 2074 possumus,
3239 2010 3282 2062 si
3310 2011 3443 2066 veli-

1870 2102 1988 2142 mus
2006 2088 2329 2159 advigilare;
2359 2104 2531 2161 neque
2554 2090 2653 2146 hoc
2675 2101 2901 2160 tantum,
2934 2096 3025 2150 sed
3054 2098 3210 2151 etiam
3237 2114 3450 2155 omnem

1868 2193 2126 2235 exercere
2150 2180 2419 2235 virtutem.
2448 2182 2643 2238 Libero
2667 2185 2806 2238 enim
2832 2186 3051 2240 arbitrio
3070 2189 3455 2257 guhcrttamur,

1870 2286 2043 2341 neque
2072 2270 2162 2326 fati
2194 2274 2516 2336 necessitati,
2561 2282 2618 2328 ut
2643 2275 2855 2345 quidam
2884 2287 3089 2346 putant,
3119 2281 3450 2349 subjicimur,

1866 2379 1985 2419 Cum
2012 2365 2287 2419 delinituni
2316 2367 2383 2421 sit
2418 2379 2472 2420 ut
2502 2368 2638 2422 intra
2668 2369 2803 2422 velle
2830 2380 2883 2425 et
2911 2372 3051 2427 uelle
3079 2373 3213 2427 bona
3248 2376 3454 2432 malave

1867 2456 1964 2508 sita
1994 2458 2121 2511 sint.
2154 2457 2276 2511 Ideo
2305 2476 2531 2530 namque
2565 2461 2703 2515 Deus
2742 2470 2797 2515 et
2840 2478 3059 2533 regnum
3099 2468 3362 2535 promisit,
3400 2479 3454 2525 ct

1868 2552 2183 2619 Supplicium
2217 2554 2448 2606 minatus
2486 2562 2586 2607 est.
2631 2555 2789 2624 Atqui
2832 2556 2880 2609 id
2922 2573 3209 2627 numquam
3258 2562 3454 2631 egisset

1869 2657 1990 2713 erga
2031 2644 2350 2698 necessitate
2378 2645 2585 2698 vinctos
2615 2663 2626 2697 :
2660 2661 2779 2699 nam
2811 2662 2996 2701 eorum
3030 2666 3145 2718 quae
3172 2667 3235 2705 cx
3266 2653 3454 2706 volnu-

1871 2743 1978 2789 tate
2002 2736 2155 2800 liuut,
2184 2734 2441 2788 alterutra
2483 2750 2599 2788 sors
2641 2736 2811 2790 datur.
2855 2737 3150 2809 Numquam
3184 2742 3325 2811 leges
3353 2756 3453 2812 pn-

1867 2826 2081 2890 suisset,
2115 2839 2215 2881 nec
2242 2826 2441 2879 monita
2484 2826 2743 2890 dedisset,
2778 2827 2822 2880 si
2855 2844 2953 2883 nos
2986 2829 3078 2883 fati
3107 2831 3333 2886 vinculis
3358 2833 3452 2887 de-

1869 2918 2178 2973 tineremur.
2209 2917 2315 2973 Sed
2345 2918 2467 2987 quia
2497 2918 2646 2971 liberi
2694 2933 2896 2985 sumus,
2931 2922 3207 2991 nostrique
3247 2924 3451 2978 arbitrii

1866 3011 2088 3071 domini,
2117 3019 2275 3080 atque
2304 3026 2369 3063 ex
2410 3010 2613 3079 ignavia
2658 3012 2826 3079 pravi,
2870 3027 3041 3082 exque
3068 3015 3246 3069 studio
3277 3026 3329 3069 et
3356 3033 3450 3072 co-

1865 3111 1992 3158 natu
2037 3104 2160 3157 boni
2196 3102 2727 3171 el'licimur,idcirco
2782 3104 2898 3159 haec
2939 3107 3173 3161 remedia
3220 3112 3450 3177 paravit,

1864 3210 2060 3263 nempe
2097 3202 2240 3248 metu
2269 3194 2512 3262 supplicii
2544 3208 2606 3247 ac
2644 3208 2738 3263 spe
2775 3197 2921 3264 regni
2958 3211 3055 3249 nos
3081 3200 3350 3265 emendat,
3397 3214 3451 3255 et

1864 3285 1930 3338 ad
1954 3284 2432 3353 philosophandum
2462 3283 2708 3337 instituit.
2737 3284 2920 3353 Neque
2943 3284 3067 3341 hinc
3094 3295 3319 3351 tantum,
3355 3294 3451 3344 sed

1865 3380 2024 3432 etiam
2056 3392 2122 3431 ex
2151 3377 2235 3440 iis,
2261 3390 2378 3445 qure
2405 3390 2503 3429 nos
2539 3376 2635 3444 ipsi
2681 3376 2906 3445 agimus,
2939 3376 3124 3447 liquet,
3166 3394 3338 3449 neque
3369 3382 3449 3434 fa-

1864 3478 1999 3533 tum,
2027 3483 2200 3537 neque
2227 3467 2511 3533 fortunam,
2545 3481 2716 3536 neque
2744 3468 3000 3537 genesim,
3031 3486 3205 3540 neque
3234 3487 3447 3527 cursum

1865 3568 2132 3614 astrorum
2160 3568 2341 3612 nostra
2375 3552 2575 3629 regere.
2614 3558 2742 3612 Nam
2786 3560 2830 3613 si
2858 3559 2981 3614 hinc
3008 3561 3243 3629 pendent
3269 3567 3449 3619 omnia

1865 3665 1982 3723 quae
2009 3661 2286 3723 geruntur,
2310 3667 2416 3705 non
2448 3660 2622 3706 autem
2652 3668 2680 3705 a
2712 3652 2879 3706 libero
2908 3654 3180 3709 hominum
3203 3655 3445 3722 arbitrio,

1866 3760 1962 3800 cur
1986 3742 2220 3815 ﬂagellas
2247 3758 2461 3798 servum
2493 3742 2763 3797 furatum?
2787 3759 2884 3798 cur
2903 3746 3201 3801 adulteram
3228 3764 3447 3804 uxorem

1866 3837 1931 3890 ad
1960 3836 2128 3890 forum
2162 3835 2369 3890 trahis?
2395 3850 2488 3890 cur
2517 3849 2567 3890 te
2610 3836 2790 3903 pudet,
2838 3852 2959 3891 cum
2990 3841 3221 3895 absurda
3257 3859 3447 3912 perpe-

1868 3929 2012 3984 tras?
2038 3944 2138 3998 qua
2171 3928 2238 3981 de
2284 3941 2441 3981 causa
2489 3944 2554 3981 ne
2584 3929 2742 3982 verba
2784 3929 2997 3998 quidem
3034 3932 3447 4002 vituperantium

1868 4022 2121 4085 sustines,
2160 4019 2250 4073 sed
2280 4020 2325 4072 si
2361 4019 2480 4088 quis
2512 4030 2561 4071 te
2602 4020 2891 4085 moechum,
2925 4032 3016 4076 aut
3046 4022 3445 4091 fornicatorem,

1868 4122 1959 4166 aut
1985 4112 2275 4176 ebriosum,
2305 4110 2388 4165 vel
2419 4109 2545 4179 quid
2570 4110 2743 4165 simile
2769 4120 2944 4177 vocet,
2979 4113 3029 4166 id
3068 4116 3446 4170 contumeliam

1867 4201 2141 4273 appellas?
2178 4201 2309 4255 Nam
2354 4201 2397 4256 si
2445 4215 2547 4253 nou
2597 4216 2663 4255 ex
2706 4210 2796 4255 tuo
2836 4196 3055 4257 arbitrio
3095 4219 3304 4273 peccas,
3351 4220 3451 4261 nec

1868 4295 2068 4349 crimen
2098 4293 2198 4348 erit
2226 4291 2365 4363 quod
2399 4290 2607 4353 ieceris.
2645 4306 2742 4345 nec
2783 4295 3102 4349 coiimmelia
3132 4297 3272 4365 quod
3302 4297 3449 4352 dica-

1869 4394 1974 4440 tur.
2004 4385 2155 4440 Nunc
2182 4394 2358 4438 autem
2395 4392 2449 4437 et
2478 4381 2618 4451 quod
2652 4384 2992 4451 peccantibus
3023 4401 3128 4439 non
3162 4401 3369 4455 parcas,
3399 4397 3452 4443 et

1870 4477 2009 4548 quod
2052 4490 2279 4546 peccans
2329 4475 2632 4538 erubescas,
2676 4483 2729 4528 et
2778 4476 2944 4530 latere
2983 4491 3157 4541 cures,
3207 4488 3261 4532 et
3312 4481 3451 4549 quod

1870 4568 2287 4622 contumeliosos
2320 4574 2472 4635 putes
2510 4579 2622 4625 eos,
2673 4564 2762 4634 qui
2806 4564 2923 4620 huic
2954 4566 3045 4619 tibi
3076 4568 3402 4635 exprobrant
3437 4587 3448 4597 ·

1871 4662 1956 4715 his
1982 4668 2127 4715 certe
2151 4658 2402 4714 omnibus
2430 4656 2719 4719 confiteris,
2754 4665 2934 4711 nostra
2981 4672 3086 4711 non
3133 4656 3451 4713 necessitate

1871 4754 2044 4807 vincta
2071 4765 2212 4814 esse,
2238 4750 2331 4805 sed
2362 4748 2563 4803 arbitrii
2597 4746 2839 4802 libertate
2865 4749 3064 4803 ornari.
3096 4749 3162 4803 lis
3189 4760 3335 4804 certe
3364 4754 3451 4820 qui
3534 4810 3537 4811 ν

1873 4844 2193 4900 necessitate
2221 4842 2526 4896 detinentur
2546 4850 2766 4908 parcere
2792 4840 3044 4895 solemus.
3067 4840 3121 4896 Si
3146 4844 3264 4912 quis
3289 4857 3317 4896 a
3346 4844 3454 4895 dae—

1872 4950 2030 4989 mone
2063 4934 2311 5003 agitatus,
2358 4941 2448 4985 aut
2494 4931 2721 4985 tunicam
2769 4939 3002 4985 nostram
3036 4931 3322 5001 discerpat,
3367 4944 3455 4987 aut

1876 5030 2055 5100 plagas
2087 5025 2297 5090 inierat,
2348 5038 2452 5077 non
2485 5024 2646 5077 modo
2675 5038 2782 5077 non
2826 5023 3132 5078 ulciscimur
3167 5040 3315 5091 eum,
3360 5027 3455 5081 sed

1875 5121 2034 5175 etiam
2065 5119 2383 5173 miseramur
2418 5116 2571 5185 eique
2600 5116 2886 5184 parcimus.
2918 5116 3133 5185 Quare?
3171 5118 3303 5185 Quia
3348 5135 3454 5172 non

1876 5209 2079 5265 arbitrii
2106 5208 2344 5269 libertas,
2379 5204 2473 5260 sed
2514 5205 2774 5260 dmmonis
2800 5204 3051 5259 violentia
3095 5206 3209 5261 haec
3237 5219 3455 5277 Operata

1878 5314 1979 5361 est.
2010 5304 2191 5372 Itaque
2237 5302 2279 5355 si
2326 5301 2426 5354 alia
2470 5299 2630 5354 etiam
2663 5308 2876 5369 peccata
2908 5315 2973 5354 ex
3018 5299 3108 5353 fati
3141 5301 3458 5355 necessitate

1880 5400 2334 5467 perpetrarentur,
2366 5391 2766 5461 ignosceremus
2791 5391 3002 5460 utique;
3021 5392 3165 5460 quia
3195 5406 3322 5445 vero
3347 5392 3456 5445 sci-

1879 5504 1998 5545 mus
2022 5489 2111 5544 illa
2139 5501 2245 5541 non
2280 5501 2343 5541 ex
2388 5484 2704 5539 necessitate
2731 5482 3015 5551 proﬁcisci,
3064 5482 3184 5535 ideo
3210 5497 3309 5537 nec
3339 5483 3455 5537 lteri

1880 5582 2091 5640 famulis
2114 5586 2356 5652 parcunt,
2392 5592 2489 5632 nec
2516 5576 2610 5631 viri
2654 5574 2926 5638 uxoribus,
2963 5587 3062 5628 nec
3086 5588 3281 5628 uxores
3305 5575 3453 5639 viris,

1884 5690 2054 5740 neque
2080 5682 2257 5744 patres
2302 5668 2442 5733 tiliis,
2486 5680 2656 5736 neque
2685 5664 2923 5733 magistri
2950 5664 3247 5734 discipulis,
3280 5678 3457 5735 neque

2884 5948 2911 5969 ς
