3720 6274
261 201 364 256 283

269 311 535 382 principes
579 308 824 377 subditis,
874 307 968 365 sed
998 322 1150 365 acres
1178 309 1444 365 scelerum
1467 309 1846 380 exploratores

270 403 576 471 ultoresque
626 415 830 468 sumus,
900 400 968 456 ad
1025 401 1308 458 tribunalia
1361 401 1620 464 sistimus.
1680 401 1848 472 plagis

267 493 596 561 SilitjiCianS,
623 493 1053 563 eorreptionibus
1081 494 1300 560 utimur,
1327 491 1568 563 nihilque
1595 507 1702 548 non
1731 493 1847 563 agi-

265 600 404 649 mus,
438 593 495 639 nt
525 584 646 639 illos
681 599 710 638 a
757 585 912 639 malis
956 584 1266 654 eripiamus.
1304 583 1454 640 Filiis
1478 597 1608 638 vero
1649 582 1848 639 nostris

267 676 584 747 predagogos
621 675 829 742 danms,
868 676 1093 745 illosque
1140 674 1207 730 ad
1253 675 1537 744 magistros
1565 672 1846 737 mittimus,

266 767 436 820 minas
461 767 808 831 intentamus,
839 765 1060 820 verbera
1092 764 1399 834 inﬂigimus,
1444 763 1719 832 multaque
1745 762 1848 816 alia

265 856 602 920 adhibemus,
629 865 684 910 ut
705 856 862 925 .prohi
889 855 1134 910 evadant.
1167 853 1305 921 Quid
1332 868 1460 924 ergo
1483 867 1619 923 opus
1644 851 1848 907 labori-

268 949 368 1004 hns
433 949 786 1004 sudoribusve
813 946 881 1002 ad
905 948 1153 1002 virtutem
1194 944 1596 1002 exercendam?
1624 943 1756 999 Nam
1803 944 1849 999 si

267 1039 376 1093 fato
408 1039 756 1094 constitutum
785 1038 874 1104 sit,
921 1037 1117 1092 bonum
1144 1036 1260 1093 fore
1283 1036 1620 1107 quempiam;
1666 1036 1714 1092 is
1737 1037 1851 1092 sive

269 1131 499 1184 dormiat
525 1138 619 1184 aut
643 1138 833 1184 stertat
857 1128 1032 1184 bonus
1055 1127 1155 1182 erit
1185 1144 1200 1181 :
1232 1127 1342 1182 imo
1361 1127 1537 1197 potius
1561 1127 1733 1182 bonus
1763 1126 1851 1182 ille

269 1224 542 1280 vocandus
563 1239 675 1278 non
715 1231 818 1288 est,
845 1221 935 1292 qui
975 1236 1043 1277 ex
1074 1221 1394 1276 necessitate
1421 1219 1545 1274 talis
1589 1219 1678 1274 sit.
1709 1217 1850 1286 Quid

270 1331 404 1386 opus
425 1314 698 1370 laboribus
727 1312 1075 1368 sudoribusvc
1097 1311 1164 1366 ad
1192 1309 1479 1382 nequitiam
1507 1308 1852 1381 fugiendam?

272 1407 404 1463 Nam
446 1407 489 1461 si
518 1406 628 1460 fato
651 1405 1003 1460 constitutum
1032 1404 1122 1471 sit,
1153 1403 1348 1458 malum
1376 1403 1488 1459 fore
1509 1402 1850 1474 quempiam;

271 1501 318 1554 is
361 1498 570 1555 etiamsi
621 1505 902 1553 sexcentos
947 1495 1134 1551 subeat
1169 1495 1429 1560 miserias,
1476 1493 1650 1549 malus
1677 1501 1853 1549 tamen

271 1594 408 1647 erit:
438 1591 547 1646 imo
570 1605 682 1645 non
709 1589 907 1644 malum
933 1602 1054 1643 eum
1082 1601 1178 1658 par
1201 1595 1284 1642 est
1311 1601 1525 1654 vocare,
1550 1586 1639 1656 qui
1666 1599 1855 1642 neces-

273 1683 430 1737 sitate
471 1681 537 1734 ad
583 1679 634 1734 id
680 1678 1001 1748 impellatur.
1043 1677 1120 1733 ‘Ut
1147 1677 1306 1732 enim
1345 1676 1754 1742 dmmoniaeum,
1809 1677 1854 1733 si

273 1772 624 1828 contumelias
655 1772 908 1840 proferat,
940 1769 984 1824 si
1016 1770 1278 1838 percutiat
1307 1767 1430 1840 (hoc
1468 1769 1612 1823 enim
1643 1783 1855 1823 rursum

275 1874 396 1920 utor
415 1863 706 1934 exeinp‘ln),
742 1878 848 1916 non
873 1861 1316 1916 contumeliosum
1345 1861 1676 1930 appellamus
1703 1878 1719 1915 :
1747 1874 1858 1915 non

275 1959 371 2028 ipsi
402 1958 598 2028 quippe
627 1955 1001 2010 contumeliam
1039 1953 1414 2018 adscribimus,
1459 1953 1556 2009 sed
1598 1953 1860 2009 (lacrumis

276 2049 579 2106 necessitati
612 2065 625 2102 :
651 2047 728 2102 sic
750 2061 854 2100 nec
883 2045 1207 2116 improbum,
1235 2045 1278 2100 si
1321 2045 1429 2099 fato
1458 2045 1525 2100 ad
1567 2044 1859 2115 nequitiam

280 2142 600 2214 impellatur,
642 2153 892 2195 vocemus
937 2137 1268 2207 improbum;
1314 2146 1372 2190 ut
1416 2152 1589 2207 neque
1618 2135 1862 2206 :prohum

279 2235 608 2308 appellemus
626 2231 871 2303 probum.
897 2229 1103 2284 Etenim
1121 2229 1174 2283 si-
1190 2229 1292 2284 hoc
1311 2229 1660 2289 concedatur.
1682 2229 1860 2284 omnia

281 2339 464 2383 nostra
493 2340 704 2396 pessum
743 2322 930 2386 ibunt;
974 2319 1116 2374 nulla
1146 2322 1251 2376 erit
1287 2320 1479 2386 vir-tus,
1507 2321 1650 2376 nulla
1677 2319 1864 2391 ncqui-

281 2420 374 2482 tia,
422 2433 528 2472 non
583 2424 749 2478 artes,
800 2429 903 2467 non
945 2412 1109 2482 leges,
1159 2412 1397 2482 nihilque
1435 2412 1717 2482 ejusmodi.
1757 2410 1866 2468 Cur

284 2525 446 2581 porro
474 2517 674 2564 tantam
699 2522 882 2562 curam
905 2507 1091 2578 acgroti
1117 2504 1454 2575 adhibemus,
1487 2503 1740 2574 pecunias
1765 2517 1864 2558 ex-

287 2601 590 2671 pendimus,
637 2597 875 2653 medicus
919 2596 1268 2658 accersimus,
1309 2595 1595 2666 pharmaca
1642 2593 1869 2665 apponi-

285 2707 428 2757 mus,
455 2692 627 2745 ventri
655 2688 1033 2744 abstinentiam
1074 2684 1868 2757 indicimus,concupiscentia)

285 2784 495 2840 frenum
525 2780 829 2852 injicimus?
850 2779 982 2835 Nam
1009 2780 1051 2834 si
1077 2794 1149 2835 ex
1180 2777 1288 2834 fato
1317 2778 1551 2849 pendent
1587 2778 1789 2834 sanitas
1813 2785 1870 2834 et

287 2875 528 2939 morbus,
557 2873 841 2943 superﬂua:
866 2881 990 2928 sunt
1011 2872 1356 2942 pecuniarum
1382 2885 1653 2942 expensas,
1681 2885 1872 2941 super-

288 2969 425 3022 tluus
453 2965 782 3021 medicorum
818 2979 966 3029 usus,
999 2976 1395 3033 supervacanea
1441 2960 1667 3016 infirmis
1707 2974 1869 3016 accu-

288 3067 402 3113 rata
450 3059 538 3112 illa
577 3057 681 3112 cibi
726 3057 975 3112 tenuitas.
1003 3054 1154 3110 Nunc
1196 3064 1376 3110 autem
1421 3062 1476 3108 et
1503 3067 1569 3108 ex
1602 3052 1768 3108 his-et
1805 3067 1873 3108 ex

287 3150 407 3203 aliis
431 3147 786 3213 ostendimus,
833 3145 967 3202 nihil
1007 3160 1194 3202 eorum
1223 3135 1342 3201 esse
1387 3143 1736 3214 superﬂuum.
1765 3143 1873 3200 Ve-

291 3255 409 3295 rum
439 3239 671 3294 facessat
699 3239 788 3293 illa
821 3238 911 3293 fati
941 3235 1120 3294 fabula
1150 3255 1163 3290 :
1198 3252 1320 3292 nam
1347 3251 1468 3307 quae
1511 3236 1576 3291 ad
1625 3250 1722 3290 nos
1751 3251 1876 3305 per-

293 3333 485 3400 tinent,
517 3331 648 3386 nulli
691 3329 1048 3400 subjiciuntur
1085 3329 1416 3393 necessitati,
1461 3328 1556 3383 sed
1583 3329 1784 3394 omnia,
1816 3335 1876 3382 ut

292 3425 426 3492 dixi,
450 3423 657 3479 arbitrii
684 3423 931 3478 libertate
955 3421 1150 3476 donata
1177 3431 1322 3476 sunt.

363 3519 419 3573 4.
461 3516 679 3571 Muralis
718 3515 1022 3570 exhortatio.
1063 3511 1099 3566 ,1
1104 3512 1324 3565 udicium
1366 3510 1462 3565 Dei
1498 3527 1648 3582 quant
1690 3508 1877 3564 timen-

297 3608 438 3661 dum.
463 3630 536 3647 -—-
561 3606 687 3662 Haec
732 3619 854 3660 cum
897 3603 1148 3667 sciamus,
1193 3601 1392 3668 dilecti,
1441 3601 1548 3656 imo
1589 3599 1673 3655 his
1705 3600 1880 3671 longe

299 3700 452 3770 plura
479 3697 666 3769 (multa
694 3696 838 3752 enim
881 3695 987 3749 alia
1032 3694 1136 3749 dici
1177 3703 1412 3763 possent,
1455 3691 1550 3747 sed
1578 3691 1695 3746 haec
1721 3699 1881 3746 erunt

298 3787 709 3859 sapientioribus
741 3785 913 3857 satis),
943 3782 1205 3854 fugiamus
1244 3782 1556 3851 nequitiam,
1598 3781 1881 3852 diligamus

300 3881 572 3944 virtutem,
607 3887 663 3934 ut
691 3894 756 3934 ex
785 3878 944 3933 rebus
984 3876 1114 3946 ipsis
1157 3874 1521 3939 ostendamus,
1566 3889 1667 3929 nos
1714 3874 1882 3930 libero

299 3970 375 4024 uti
400 3968 467 4025 ad
501 3985 563 4025 ea
591 3984 710 4040 quae
738 3968 951 4040 placent
989 3963 1230 4033 arbitrio,
1263 3979 1332 4021 ne
1376 3963 1765 4021 confundamur
1789 3966 1884 4022 illo

301 4060 407 4125 die,
435 4076 543 4132 quo
570 4059 897 4131 singulorum
920 4073 1081 4129 opera
1108 4056 1506 4114 revelabuntur.
1537 4055 1723 4112 Oumcs
1751 4060 1885 4113 enim

301 4168 395 4206 nos
445 4151 760 4223 manifestari
797 4159 994 4220 oportet
1033 4157 1151 4204 ante
1186 4147 1406 4204 tribunal
1446 4145 1656 4214 Christi,
1704 4158 1762 4204 ut
1810 4150 1885 4204 ait

301 4243 518 4311 Paulus,
539 4253 592 4296 ut
609 4243 794 4312 referat
813 4241 1170 4310 unusquisque,
1194 4249 1341 4310 prout
1359 4240 1532 4308 gessit,
1554 4241 1658 4295 sive
1677 4240 1881 4307 bonum,

303 4337 408 4390 sive
443 4336 634 4389 malum
660 4335 737 4408 (2.
789 4334 906 4389 Cor.
938 4334 993 4388 5.
1041 4333 1152 4402 10).
1193 4332 1467 4399 Tribunal,
1507 4349 1710 4404 quzeso,
1756 4333 1884 4389 illud

307 4427 587 4484 nobiscum
623 4435 954 4497 reputemus,
996 4424 1148 4495 quasi
1185 4424 1293 4494 jam
1340 4424 1572 4492 adesset,
1610 4425 1886 4495 iudexque

304 4519 536 4584 sederet,
564 4525 620 4574 et
644 4515 822 4571 omnia
847 4514 1231 4580 revelarcntur,‘
1263 4515 1315 4569 in
1347 4515 1687 4586 mediumque
1711 4516 1886 4572 addu-

304 4619 576 4668 cerentur.
607 4608 724 4665 Non
767 4608 932 4664 modo
969 4607 1113 4663 enim
1144 4621 1244 4663 nos
1285 4605 1498 4663 adstare
1525 4617 1758 4678 oportet,
1788 4607 1885 4664 sed

209 4724 216 4752 .'
303 4703 466 4759 etiam
494 4699 842 4758 manifestari.
865 4699 1058 4755 Annon
1079 4697 1432 4754 erubescitis?
1457 4713 1635 4754 annon
1667 4697 1888 4769 perhor-

209 4795 213 4798 ⁴
304 4794 554 4851 rescitis?
582 4808 762 4849 annon
792 4794 935 4864 saepe
961 4793 1096 4847 mori
1120 4792 1292 4863 potius
1311 4801 1577 4862 optamus,
1608 4808 1765 4864 quam
1796 4809 1888 4850 oc-

305 4887 506 4942 cultum
557 4885 732 4940 scelus
774 4883 1168 4940 venerabiiibus
1212 4884 1396 4939 amicis
1438 4885 1635 4940 nostris
1674 4883 1886 4956 detegi?

305 4979 424 5048 Quo
452 4988 576 5033 tunc
618 4991 780 5032 sensu
811 4975 1126 5045 afllciemur,
1167 4991 1289 5032 cum
1314 4985 1531 5046 peccata
1573 4985 1756 5033 nostra
1789 4993 1883 5035 co-

307 5085 422 5124 ram
473 5069 721 5123 omnibus
762 5066 966 5136 angelis
1013 5065 1421 5136 hominibusque
1471 5066 1789 5138 detegentur
1833 5077 1889 5124 et

307 5175 433 5218 ante
460 5162 645 5218 oculos
679 5159 974 5217 sistentur?
1003 5160 1228 5231 Arguam
1269 5170 1338 5228 te,
1368 5160 1559 5230 inquit,
1591 5170 1638 5215 et
1667 5171 1887 5216 statuam

307 5265 487 5309 rontra
519 5253 698 5324 faciem
727 5262 870 5306 tuam
907 5261 1112 5322 peccata
1144 5260 1230 5305 tua
1255 5249 1424 5320 (Psal.
1468 5252 1558 5307 49.
1589 5251 1705 5322 21).
1734 5253 1888 5322 Quod

306 5349 353 5403 si
391 5363 450 5403 re
478 5345 716 5401 nondum
745 5352 1028 5415 praesente,
1062 5342 1157 5398 sed
1199 5353 1400 5399 tantum
1439 5345 1734 5415 supposita,
1767 5360 1884 5402 ser-

310 5454 576 5511 moneque
617 5438 908 5508 descripta,
957 5436 1284 5491 conscientia
1329 5445 1550 5505 urgente
1587 5435 1885 5506 obruimur,

312 5531 436 5603 quid
477 5532 734 5588 faciemus
776 5544 897 5585 cum
929 5537 1138 5598 tempus
1181 5525 1374 5593 aderit,
1407 5540 1528 5580 cum
1573 5535 1716 5583 totus
1744 5527 1890 5584 orbis

315 5636 552 5692 praesens
588 5621 712 5688 erit,
737 5635 858 5676 cum
885 5617 1056 5690 angeli
1087 5625 1142 5673 ct
1177 5615 1506 5686 archangeli,
1535 5631 1655 5672 cum
1689 5621 1885 5689 princi-

1029 195 1087 252 S.
1124 193 1398 252 JOANNlS
1433 190 1907 252 CllR‘YSOSTOMl
1945 191 2264 252 ᾹΒΟΠΙΕΡ.
2304 192 2838 255 CONSTANTINOP.
3117 197 3154 232 ‘

3433 205 3538 262 985

1960 314 2114 375 patos
2157 313 2211 363 et
2227 317 2558 378 ;potcstates,
2603 325 2726 368 eum
2755 315 2897 370 tuba:
2938 313 3240 385 ireqimnt‘es
3262 314 3532 388 elangent.

1955 413 2077 454 cum
2095 400 2223 470 justi
2238 403 2524 472 rapientur
2550 405 2604 460 in
2631 407 2886 476 nubibus,
2915 417 2970 464 et
2997 409 3310 478 ingens-erit
3329 424 3531 479 pecca-

1954 501 2130 548 torum
2161 493 2361 551 tletus?
2387 495 2518 565 Quis
2547 505 2671 553 tunc
2707 508 2880 555 terror
2922 499 3289 570 apprehendat
3327 516 3424 558 eos
3447 503 3540 572 qui

1955 584 2012 638 in
2043 594 2182 640 terra
2221 587 2544 643 manebunt?
2591 587 2724 644 Nam
2775 589 2927 659 Una,
2976 591 3166 662 inquit,
3191 592 3452 663 rapietur,
3491 605 3542 647 et

1957 694 2057 730 una
2094 677 2402 749 relinquetur
2429 695 2447 734 :
2472 697 2602 735 unus
2639 692 2944 750 assumatur,
2986 694 3034 740 et
3050 700 3193 738 unus
3231 685 3544 754 relinquetur

1956 767 2172 837 (Matth.
2215 769 2304 825 24.
2329 769 2442 840 40).
2469 770 2586 838 Quo
2613 780 2774 827 erunt
2798 772 2876 827 illi
2905 773 3104 838 animo,
3139 773 3360 844 quando
3385 773 3542 829 vitle-

1955 858 2088 914 bunt
2115 859 2236 915 illos
2277 875 2472 931 magno
2506 877 2627 917 cum
2669 861 2873 918 honore
2900 863 3121 930 assumi,
3151 879 3214 921 se
3251 879 3380 922 vero
3413 879 3542 921 cum

1955 948 2470 1018 multaturpitudine
2493 952 2758 1022 relinqui?
2783 951 2897 1008 Non
2913 961 3270 1023 ,potest,-non,
3297 956 3542 1025 inquam,

1959 1047 2157 1108 potest,
2189 1040 2393 1096 credite
2421 1040 2572 1106 mihi,
2608 1041 2779 1097 verbo
2807 1042 3067 1098 declarari
3090 1044 3543 1116 doloris-magni-

1958 1128 2105 1184 tudo.
2135 1129 2356 1187 Vidistis
2384 1146 2648 1202 saepe-eos
2678 1133 2768 1204 qui
2797 1134 2864 1189 ad
2889 1145 3133 1192 mortem
3163 1136 3544 1192 adducuntur?

1956 1220 2076 1288 Quo
2096 1221 2218 1276 illos
2241 1221 2420 1278 animo
2448 1224 2647 1294 putatis
2665 1238 2786 1280 esse
2808 1224 2936 1280 dum
2957 1225 3024 1281 ad
3048 1226 3243 1283 ostium
3271 1230 3544 1298 pergunt?

1957 1313 2091 1382 Quid
2120 1330 2224 1370 non
2253 1329 2432 1386 agere,
2463 1316 2601 1386 quid
2643 1332 2748 1372 non
2776 1318 3178 1389 pati'optarent,
3219 1329 3282 1375 ut
3313 1337 3354 1377 a
3393 1332 3544 1377 tanta

1956 1405 2187 1475 caligine
2218 1407 2589 1476 eriperentur?
2627 1408 2950 1481 Audivi'ego
2974 1411 3188 1466 multos
3211 1427 3395 1468 eorum
3423 1413 3543 1483 qui,

1959 1507 2239 1567 postquam
2284 1497 2497 1554 abducti
2545 1498 2776 1566 fuerant,
2811 1499 3208 1572 imperatorum
3255 1503 3541 1560 clementia

1960 1590 2216 1657 revocati,
2249 1589 2491 1648 dicerent
2528 1607 2587 1649 se
2609 1593 2804 1648 animo
2842 1594 2912 1648 ita
2941 1594 3378 1664 perturbato,-ita
3411 1608 3548 1664 :per-

1959 1681 2112 1736 culso
2151 1681 2335 1751 fuisse,
2363 1691 2422 1739 ut
2461 1698 2636 1754 neque
2663 1683 3094 1756 hominesquasi
3124 1685 3367 1743 homines
3388 1687 3548 1744 vide-

1963 1781 2106 1829 rent.
2154 1774 2348 1829 Verum
2378 1774 2596 1845 quid-de
2627 1776 2872 1832 abductis
2899 1777 3127 1848 loquor?
3151 1774 3547 1836 Circumstabat

1963 1867 2248 1924 multitudo
2291 1867 2566 1924 hominum
2611 1884 2840 1940 quorum
2886 1885 3074 1942 magna
3101 1885 3241 1942 pars
3285 1871 3552 1927 abductos

1965 1973 2072 2014 non
2097 1968 2336 2014 noverat.
2365 1959 2554 2030 Siquis
2579 1961 2909 2032 singulorum
2947 1963 3157 2017 animos
3183 1963 3538 2034 explorasset,

1966 2053 2170 2108 nullum
2197 2054 2485 2124 rcperisset
2515 2063 2619 2109 tam
2647 2054 2971 2121 immanem,
3003 2064 3113 2110 tam
3140 2055 3392 2122 ferocem,
3419 2065 3550 2111 tam

1937 2196 1940 2199 _
1965 2153 2238 2199 strenuum
2251 2144 2466 2214 qui,pra:
2477 2153 2684 2200 terrore
2699 2153 2754 2200 et
2767 2161 2985 2217 angore,
3000 2161 3105 2202 non
3123 2147 3356 2202 demisso
3367 2147 3553 2203 animo

1967 2245 2128 2291 esset.
2151 2234 2307 2303 Quod
2339 2235 2384 2291 si
2405 2233 2531 2290 dum
2554 2235 2666 2303 alii,
2691 2235 2818 2305 ipsis
2834 2237 2981 2292 nullo
2998 2238 3404 2294 necessitudinis
3425 2238 3553 2292 vin-

1967 2325 2093 2381 cuio
2141 2326 2333 2395 juncti,
2395 2335 2568 2382 morte
2619 2327 2987 2395 muletantur,
3042 2328 3112 2383 ita
3157 2327 3332 2384 affecti
3385 2339 3552 2394 sunt;

1968 2417 2181 2488 quando
2202 2431 2300 2472 nos
2321 2417 2371 2471 in
2393 2417 2633 2487 graviora
2660 2416 2973 2484 incidemus,
2999 2433 3107 2488 quo
3126 2417 3327 2474 erimus
3346 2419 3549 2483 animo,

1970 2523 2002 2564 a
2027 2507 2223 2580 gaudio
2243 2507 2336 2563 illo
2362 2507 2615 2564 ineffabili
2637 2507 2814 2578 eiecti,
2843 2509 2972 2564 etin
2993 2510 3374 2580 sempiternum
3401 2510 3554 2566 missi

1971 2599 2325 2670 supplicium?
2354 2598 2566 2654 Etenim
2613 2598 2823 2654 etiamsi
2853 2599 2998 2654 nulla
3036 2608 3181 2656 esset
3215 2605 3486 2670 gehenna,
3519 2615 3552 2655 a

1972 2700 2124 2747 tanto
2151 2691 2444 2762 splendore
2471 2689 2614 2761 ejici,
2646 2698 2700 2745 et
2725 2691 2840 2746 sine
2869 2689 3072 2746 honore
3097 2692 3556 2763 recedere,qnan-

1975 2791 2086 2838 tum
2115 2789 2259 2837 esset
2279 2781 2627 2852 supplicium!
2657 2780 2788 2836 Nam
2811 2783 2854 2836 si
2884 2781 3146 2852 hodieque
3171 2782 3557 2854 Imperatorem

1976 2873 2369 2947 ingredientem
2397 2875 2548 2930 multi
2574 2882 2875 2939 cernentes,
2898 2887 3163 2944 suamque
3189 2883 3558 2945 paupertatem

1972 2966 2400 3035 considerantes,
2433 2981 2540 3022 non
2582 2973 2782 3022 tantam
2813 2965 3196 3036 percipiunt-ex
3223 2965 3330 3022 hoc
3348 2975 3560 3036 specta-

1977 3057 2099 3114 culo
2143 3057 2493 3128 voluptatem,
2537 3065 2793 3127 quantum
2829 3070 3119 3112 maerorem
3158 3072 3234 3112 ‘cx
3281 3071 3368 3126 eo,
3397 3057 3562 3128 .quod

1979 3147 2177 3204 nullius
2210 3147 2402 3203 horum
2426 3147 2548 3202 sint
2587 3155 2867 3203 consortes
2896 3146 3182 3214 bonorum,
3209 3163 3384 3218 neque
3412 3148 3562 3203 inter

1979 3240 2204 3295 clientes
2231 3238 3070 3308 rimperantis.connumerentur,
3097 3237 3221 3308 quid
3261 3246 3387 3294 tunc
3413 3239 3562 3294 erit?

1981 3329 2117 3385 Num
2147 3343 2367 3400 parvum
2401 3344 2533 3386 esse
2563 3330 2763 3400 putatis
2795 3329 3119 3400 supplicium
3158 3330 3210 3384 in
3247 3329 3415 3387 choro
3468 3330 3564 3385 illo

1983 3437 2090 3478 non
2119 3417 2432 3479 accenseri?
2462 3423 2711 3478 inetfabili
2737 3422 2906 3493 gloria
2948 3437 3052 3479 non
3082 3422 3331 3494 dignari?
3375 3422 3445 3478 ab
3470 3423 3565 3477 illo

1985 3525 2128 3570 ctetu
2167 3523 2221 3570 et
2247 3513 2874 3570 inenarrabilibusbonis
2912 3513 3096 3584 procul
3116 3513 3404 3583 abjici?At
3441 3529 3566 3569 cum

1986 3607 2328 3676 praterhac
2347 3615 2506 3662 erunt
2537 3606 2795 3673 tenebras,
2839 3607 3046 3662 stridor-
3062 3606 3324 3674 dentium,
3353 3607 3566 3662 vincula

1984 3699 2545 3766 insolubiliapvermis
2583 3699 2674 3770 qui
2714 3713 2826 3754 non
2871 3699 3120 3767 moritur,
3165 3700 3306 3771 ignis
3334 3699 3426 3770 qui
3454 3715 3567 3758 nou

1984 3791 2573 3861 exstinguiturranimi
2624 3805 2842 3859 mceror,
2884 3792 3128 3863 angustia
3161 3833 3178 3860 ,
3233 3791 3426 3862 lingua:
3473 3791 3568 3846 ad-

1981 3893 2216 3951 ustre,ut
2237 3883 2323 3938 illa
2349 3882 2548 3949 divitis,
2571 3897 2692 3937 cum
2715 3881 3065 3953 plorahimus,
3087 3892 3318 3939 et'nemo
3345 3883 3452 3938 erit
3480 3884 3569 3954 qui

1985 3974 2189 4039 audiat,
2219 3987 2342 4030 cum
2386 3973 2806 4046 ingemiscemus
2828 3982 2903 4030 tet
2925 3974 3231 4030 ‘frememus
3271 3990 3337 4030 ex
3363 3972 3571 4030 dolori-

1993 4065 2110 4131 bus,
2135 4073 2192 4121 et
2215 4079 2375 4121 nemo
2390 4063 2922 4136 attendet,:undique-
2939 4065 3308 4135 respiciamus,
3333 4073 3388 4120 et
3411 4079 3572 4120 nemo

1986 4154 2163 4212 aderit
2188 4155 2280 4226 qui
2309 4155 2621 4211 consoletur
2651 4171 2664 4210 :
2697 4170 2805 4226 quo
2834 4156 2890 4210 in
2917 4155 3110 4212 ordine
3135 4155 3431 4211 locabimus
3456 4170 3574 4220 eos,

1982 4247 2083 4318 .qni
2112 4247 2167 4302 in
2207 4245 2696 4316 huiusmodi-statu
2723 4245 3060 4303 versantur?
3099 4245 3232 4317 .quid
3263 4243 3574 4316 huiusmodi

1985 4339 2272 4396 animabus
2291 4337 2688 4394 miserabilius?

2062 4432 2117 4488 5.
2156 4432 2214 4487 8i
2252 4445 2410 4500 porro
2445 4431 2500 4486 in
2540 4444 2784 4486 carceres
2833 4429 3053 4500 ingressi
3078 4468 3095 4498 ,
3126 4429 3252 4484 dum
3296 4427 3576 4500 squalidos

1993 4522 2112 4578 illos
2151 4519 2430 4586 videmus,
2456 4519 2548 4590 qui
2592 4519 2796 4574 catenis
2843 4517 3031 4574 ferreis
3059 4519 3219 4574 vincti
3247 4526 3402 4583 sunt,
3441 4517 3577 4574 alios

1980 4627 2122 4668 -vero
2146 4611 2199 4666 in
2227 4609 2465 4666 tenebris
2489 4608 2804 4674 conclusos,
2833 4607 3144 4678 frangimur,
3175 4607 3541 4663 horrescimus
3558 4647 3574 4672 ,

1993 4701 2234 4772 nihilque
2255 4715 2365 4756 non
2394 4699 2601 4770 agimus
2627 4713 2696 4754 ne
2733 4699 2786 4753 in
2814 4707 3014 4754 tantam
3042 4699 3395 4754 calamitatem
3440 4698 3576 4752 inci-

1995 4776 2215 4848 damus:
2239 4805 2360 4845 eum
2389 4789 2716 4845 abducemur
2735 4789 2894 4843 vincti
2921 4788 2974 4843 in
2998 4789 3260 4859 gehenna:
3286 4797 3574 4854 tormenta,

1995 4899 2102 4954 quo
2144 4882 2348 4940 erimus
2399 4879 2624 4934 animo?
2651 4878 2778 4950 quid
2833 4877 3120 4934 faciemus?
3164 4877 3282 4934 Non
3327 4877 3475 4934 enim
3513 4892 3577 4932 ex

1996 4975 2142 5030 ferro
2181 4987 2309 5029 cusa
2347 4980 2474 5027 sunt
2518 4970 2606 5026 illa
2631 4970 2864 5037 vincula,
2887 4969 2982 5026 sed
3010 4985 3077 5028 ex
3109 4970 3250 5040 igne,
3265 4969 3362 5040 qui
3408 4984 3575 5024 num-

1995 5081 2154 5136 quam
2180 5062 2567 5134 exstinguitur,
2605 5076 2705 5118 nec
2725 5062 2972 5132 -a:quales
3012 5061 3166 5116 nobis
3191 5071 3314 5116 sunt
3342 5060 3414 5114 illi
3441 5102 3458 5129 ,
3488 5059 3574 5130 qui

1997 5155 2151 5212 nobis
2168 5150 2569 5222 praeficiuntur,
2584 5166 2718 5222 quos
2745 5166 2890 5220 saepe
2923 5151 3230 5208 demulcere
3263 5151 3444 5218 liceat,
3482 5149 3575 5205 sed

1997 5247 2173 5318 angeli
2205 5241 2471 5300 terribiles
2498 5252 2554 5298 et
2597 5241 3044 5298 immisericordes
3067 5283 3083 5310 ,
3123 5256 3258 5313 quos
3295 5257 3364 5297 ne
3405 5243 3577 5311 respi-

1998 5353 2121 5394 cere
2159 5336 2374 5408 quidem
2422 5334 2707 5405 possimus.
2746 5333 2942 5404 quique
2987 5333 3058 5388 ob
3099 5333 3478 5389 contumeliam
3523 5333 3572 5386 in

2001 5430 2284 5486 Dominum
2312 5424 2970 5497 irrogatam,vehemcnter
2986 5425 3230 5480 smviunt.
3257 5423 3373 5479 Non
3396 5424 3575 5478 videre

1999 5532 2102 5585 est.
2135 5533 2192 5576 ut
2230 5519 2335 5583 hic,
2362 5518 2494 5572 alios
2521 5526 2762 5588 argento,
2803 5515 2937 5571 alios
2963 5515 3102 5580 cibo,
3131 5516 3266 5571 alios
3309 5514 3533 5570 suadela
3553 5553 3570 5581 ,

2002 5619 2100 5674 sibi
2132 5613 2576 5670 consolationem
2598 5624 2784 5680 parare
2805 5649 2822 5678 ,
2852 5607 2947 5666 sed
2993 5610 3172 5665 omnia
3207 5610 3277 5667 ibi
3303 5608 3458 5666 venia
3487 5621 3572 5663 ω-
