3720 6274
113 241 208 296 285

121 363 253 408 rent.
299 350 519 404 Etiamsi
549 347 662 404 Noe
703 346 895 410 fuerit,
945 344 1028 400 vel
1055 342 1186 408 Job,
1219 340 1300 407 vel
1342 339 1566 403 Daniel,
1595 335 1687 406 qui

117 456 240 498 suos
279 441 515 496 viderint
569 439 832 509 supplicio
881 437 1138 501 allectos,
1183 449 1290 488 non
1342 431 1539 486 audent
1589 429 1692 482 illis

112 513 346 599 adstare,
375 539 432 586 et
468 543 684 582 manum
728 528 1022 595 porrigere.
1064 525 1278 580 Natura:
1303 521 1501 591 quippe
1533 534 1692 576 .com-

114 621 513 678 miserationem
538 629 661 673 tunc
681 618 879 673 auferri
911 616 1185 685 contingit.
1217 613 1349 682 Quia
1373 612 1514 667 enim
1542 625 1694 679 repe-

103 713 318 785 riuntur
358 711 488 779 justi
549 716 887 779 peccatorum
940 706 1174 760 ﬁliorum
1233 711 1448 772 patres,
1498 699 1694 769 ﬁliique

117 803 262 875 probi
289 811 569 874 parentum
599 799 967 869 improborum
998 798 1130 867 (non
1158 795 1300 850 enim
1346 803 1568 857 naturae,
1598 790 1694 856 sed

116 894 315 950 arbitrii
343 894 483 948 mala
520 891 704 964 sunt),
735 900 795 944 ut
822 891 895 944 illi
939 905 1124 959 puram
1153 887 1384 941 habeant
1420 884 1654 939 laetitiam
1673 923 1691 947 ,

116 1002 211 1041 nec
261 984 640 1040 misericordia:
685 983 736 1036 vi
783 979 1246 1052 frangantur,qui
1297 978 1403 1035 illis
1451 976 1696 1031 fruuntur

118 1076 306 1143 bonis,
338 1075 482 1130 illam
527 1083 656 1129 tunc
699 1071 968 1143 exstingui
1009 1070 1305 1140 contingit,
1335 1067 1694 1138 ipsique-cum

119 1166 342 1222 Domino
366 1176 550 1222 contra
582 1165 801 1236 propria
849 1165 1052 1218 viscera
1096 1162 1455 1232 indignantur.
1487 1159 1697 1213 Etenim

120 1257 161 1311 si
193 1271 356 1322 nunc,
378 1271 498 1312 cum
530 1255 710 1310 vident
759 1254 972 1324 quidam
1025 1253 1161 1308 ﬁlios
1201 1266 1329 1308 suos
1378 1251 1654 1320 improbos
1677 1289 1694 1316 ,

121 1349 260 1417 ipsos
295 1345 622 1402 exheredant
666 1355 719 1400 et
760 1359 790 1398 a
830 1329 1026 1398 familia
1080 1359 1174 1398 sua
1230 1342 1590 1405 abscindunt,
1645 1339 1697 1394 id

122 1439 279 1494 multo
299 1440 466 1508 magis
497 1439 548 1492 in
571 1437 772 1507 judicio
796 1437 1026 1490 eveniet.
1052 1434 1218 1490 Nemo
1240 1435 1417 1504 igitur,
1440 1433 1527 1503 qui
1560 1432 1697 1486 bona

122 1545 222 1585 non
248 1539 524 1600 operetur,
555 1526 754 1596 aliquid
785 1526 910 1582 boni
946 1534 1146 1595 speret,
1175 1524 1384 1580 etiamsi
1416 1520 1697 1579 sex‘centos

121 1621 285 1690 iustos
308 1620 674 1690 progenitores
694 1617 888 1674 habeat
916 1634 930 1671 ε
965 1616 1316 1691 Unusquisque
1340 1616 1472 1669 enim
1496 1619 1695 1685 referet,

121 1709 302 1780 inquit,
333 1724 447 1778 qua:
469 1725 558 1778 per
580 1725 764 1777 corpus
789 1716 905 1762 sunt
938 1747 953 1774 ,
977 1720 1123 1777 prout
1150 1707 1322 1777 gessit,
1353 1706 1456 1760 sive
1485 1706 1695 1772 bonum,

122 1803 219 1856 sive
247 1802 436 1855 malum
461 1801 538 1873 (‘2.
572 1800 688 1856 Cor.
718 1802 770 1856 5.
810 1801 919 1870 ιο).
947 1801 1270 1867 Audiamus,
1299 1813 1502 1870 qumso,
1527 1808 1582 1854 et
1609 1813 1698 1853 re-

122 1894 454 1963 sipiscamus.
505 1893 559 1948 Si
606 1909 784 1964 prava:
829 1893 1273 1964 concupiscentia:
1318 1892 1442 1963 igne
1489 1892 1698 1958 ardeas,

121 1984 289 2053 cogita
315 1983 452 2038 illius
477 1983 722 2053 supplicii
744 1984 938 2053 ignem,
962 1984 1020 2037 et
1039 1982 1126 2038 hic
1151 1981 1288 2053 ignis
1308 1984 1697 2052 exstinguetnr.

123 2075 175 2130 Si
208 2075 440 2130 volueris
465 2075 591 2146 quid
615 2075 872 2130 absonum
905 2075 1071 2146 loqui,
1098 2083 1271 2130 tecum
1294 2083 1478 2145 reputa
1507 2074 1702 2129 strido-

122 2182 233 2221 rem
281 2165 515 2220 dentium
535 2207 551 2231 ,
581 2175 636 2220 et
665 2173 838 2221 metus
879 2167 970 2222 tibi
1007 2166 1142 2222 freni
1169 2167 1289 2222 loco
1319 2168 1447 2222 erit.
1481 2164 1538 2218 Si
1565 2165 1702 2220 alie-

123 2272 250 2310 num
277 2271 468 2326 rapere
491 2257 749 2324 volueris,
775 2256 897 2311 audi
926 2255 1166 2312 Judicem
1196 2256 1465 2312 dicentem
1489 2273 1503 2309 :
1526 2255 1702 2327 Ligate

123 2364 301 2400 manus
331 2358 376 2400 et
405 2349 557 2418 pedes
586 2337 717 2418 ejus,
749 2356 796 2403 et
824 2347 1056 2419 projicite
1078 2364 1192 2402 eum
1233 2349 1286 2402 in
1312 2349 1537 2402 tenebras
1563 2357 1702 2404 exte-

123 2438 278 2493 riores
307 2435 518 2506 (Matth.
549 2437 638 2492 22.
667 2438 779 2508 l5),
805 2448 860 2493 et
898 2438 1033 2493 hanc
1069 2438 1286 2509 abjicies
1319 2439 1702 2508 concupiscen-

124 2530 270 2583 tiam.
311 2529 368 2584 Si
404 2529 634 2585 crudelis
665 2540 719 2586 et
766 2531 1147 2587 immisericors
1193 2531 1391 2598 fueris,
1423 2531 1704 2590 recordare

126 2622 386 2691 virginum
437 2620 685 2687 illarum,
713 2638 830 2692 qua:
849 2664 864 2689 ,
890 2624 1166 2680 exstinctis
1195 2624 1524 2694 lampadibus
1571 2625 1702 2689 suis,

125 2728 245 2767 cum
273 2729 380 2768 non
406 2713 670 2770 haberent
692 2715 891 2782 oleum,
918 2731 987 2771 ex
1017 2717 1198 2786 sponsi
1221 2716 1451 2772 thalamo
1476 2717 1707 2772 exclusa:

125 2813 249 2859 sunt
275 2803 491 2876 (Matth.
518 2804 611 2876 25)
636 2847 651 2872 ,
680 2821 741 2860 ac
768 2806 873 2861 cito
901 2808 1159 2879 benignus
1185 2808 1400 2864 evades.
1440 2809 1494 2865 Si
1525 2809 1705 2885 ebrie-

126 2899 218 2951 tati
247 2898 798 2964 etvcomessationibus
827 2913 1045 2968 operam
1071 2898 1202 2955 dare
1229 2900 1433 2970 cupias,
1465 2900 1588 2955 audi
1615 2901 1698 2956 di-

125 2989 286 3044 vitem
338 2988 607 3044 dicentem
627 3029 643 3054 ,
672 2987 820 3046 Mitte
857 2989 1111 3044 Lazarum
1141 2989 1293 3061 (Luc.
1337 2991 1425 3045 l6.
1466 2987 1559 3060 24)
1580 3031 1595 3056 ,
1619 2991 1706 3060 qui

127 3093 336 3134 summo
375 3079 543 3151 digito
593 3078 876 3151 refrigeret
927 3080 1170 3135 adustam
1214 3083 1488 3152 linguam,
1537 3097 1708 3152 neque

126 3178 363 3241 optatum
392 3181 752 3242 consequutus
771 3182 873 3238 est,
900 3182 954 3228 et
981 3173 1160 3228 statim
1191 3173 1259 3227 ab
1282 3173 1382 3227 hoc
1402 3173 1708 3243 cupiditatis

127 3261 313 3318 morbo
340 3262 620 3317 averteris.
639 3261 843 3317 Caetera
865 3279 1076 3335 quoque
1101 3265 1278 3319 omnia
1304 3265 1513 3320 virtutis
1530 3264 1706 3330 ofﬁcia

132 3355 209 3409 sic
239 3355 548 3426 exsequeris
581 3373 596 3410 :
628 3355 756 3410 nihil
787 3356 927 3411 cnim
955 3372 1239 3412 onerosum
1266 3357 1406 3412 Deus
1435 3359 1706 3427 praecepit.

129 3448 279 3505 Unde
326 3450 483 3520 igitur
539 3459 801 3520 praecepta
848 3464 1072 3512 onerosa
1123 3464 1246 3506 esse
1295 3451 1585 3506 videntur?
1633 3451 1709 3506 Ex

129 3540 350 3610 segnitie
371 3549 576 3594 nostra.
597 3539 1055 3608 Quemadmodum
1083 3543 1224 3597 enim
1253 3542 1299 3595 si
1327 3541 1564 3596 studiose
1584 3541 1708 3597 dili~

126 3639 418 3700 genterque
458 3645 709 3702 agamus,
736 3647 855 3700 quae
894 3631 1142 3687 videntur
1181 3646 1300 3688 esse
1337 3632 1538 3703 gravia,
1571 3633 1709 3689 levia

128 3718 408 3791 faciliaque
449 3729 644 3776 erunt:
673 3721 786 3787 sic,
817 3720 862 3776 si
914 3721 1148 3792 segniter
1173 3736 1423 3792 agamus,
1456 3722 1707 3778 tolerabit-

127 3811 261 3868 liora
283 3827 496 3882 quoque
537 3810 775 3867 difﬁcilia
817 3812 970 3867 nobis
999 3811 1350 3868 videbuntur.
1373 3813 1502 3880 Quae
1530 3813 1708 3868 omnia

128 3901 406 3958 nobiscum
426 3909 756 3973 reputantes,
788 3918 857 3958 ne
881 3903 1070 3958 beatos
1096 3902 1217 3957 illos
1247 3903 1596 3973 prtedicemus
1619 3906 1707 3974 qui

129 3992 270 4046 lauta
299 3991 546 4048 fruuntur
574 4007 780 4058 mensa,
802 3993 898 4049 sed
943 3993 1156 4048 illorum
1187 3993 1346 4050 finem
1386 3995 1705 4066 cogitemus.

126 4082 258 4139 Nam
284 4083 374 4139 hic
393 4092 601 4140 stercus
620 4093 674 4139 et
696 4083 980 4154 pinguedo,
1013 4084 1123 4140 illic
1147 4086 1344 4140 vermis
1364 4095 1420 4140 et
1452 4085 1607 4156 ignis.
1631 4085 1708 4142 Ne

125 4186 390 4246 raptores,
410 4177 504 4233 sed
525 4192 711 4232 eorum
733 4177 892 4233 ﬁnem
923 4177 1198 4234 nobiscum
1227 4187 1554 4250 reputemus.
1575 4179 1706 4234 Nam

125 4270 210 4324 hic
256 4269 651 4326 sollicitudines
678 4278 734 4326 et
768 4269 1000 4335 labores,
1028 4271 1138 4327 illic
1157 4271 1363 4326 vincula
1405 4272 1707 4328 insolubilia

125 4368 178 4414 et
200 4359 444 4416 tenebrae
468 4361 784 4416 exteriores.
806 4360 884 4416 Ne
910 4361 1092 4432 gloriae
1124 4361 1373 4416 humana:
1399 4373 1704 4429 amatores;

123 4451 210 4507 sed
240 4451 366 4522 quis
391 4452 461 4506 sit
486 4467 672 4507 eorum
699 4452 890 4519 exitus,
905 4453 1325 4509 consideremus.
1350 4453 1446 4509 Hic
1469 4455 1706 4510 servitus

122 4555 174 4599 et
200 4545 378 4614 fucus,
409 4544 519 4600 illic
546 4544 797 4599 damnum
822 4545 1046 4608 multum
1074 4555 1129 4601 et
1161 4547 1460 4602 combustio
1480 4556 1701 4603 aeterna.

120 4636 171 4692 Si
203 4637 279 4692 ita
309 4635 450 4706 apud
496 4651 595 4690 nos
633 4637 1046 4704 ratiocinemur,
1075 4647 1236 4708 atque
1280 4640 1394 4694 haec
1418 4650 1472 4695 ct
1511 4640 1704 4696 similia

122 4728 301 4795 pravis
319 4728 519 4782 nostris
542 4728 994 4798 concupiscentiis
1009 4730 1222 4784 assidue
1248 4730 1577 4796 occinamus,
1599 4732 1706 4788 cito

121 4819 412 4889 nequitiam
434 4818 750 4889 effugiemus
784 4828 837 4874 ct
860 4821 1108 4875 virtutem
1146 4836 1525 4892 exsequemur,
1561 4839 1702 4890 prae-

120 4911 353 4963 sentium
381 4923 619 4964 amorem
647 4909 1064 4980 exstinguemus,
1096 4919 1151 4965 et
1191 4910 1488 4966 futurorum
1517 4927 1705 4967 accen-

116 4997 332 5054 demus.
353 4998 488 5066 Quid
518 4997 661 5054 enim
695 4997 957 5054 firmitatis
983 4999 1184 5056 habent
1215 5003 1497 5071 praesentia
1522 5043 1537 5068 ,
1578 5003 1702 5073 quid

119 5102 223 5146 tam
256 5091 558 5158 insolitum,
580 5090 708 5160 quid
731 5100 835 5146 tam
865 5093 1184 5162 stupendum
1205 5135 1221 5160 ,
1252 5103 1310 5149 ut
1336 5109 1550 5150 omnem
1579 5112 1704 5166 erga

118 5184 200 5237 illa
233 5197 425 5239 curam
462 5182 838 5238 insumamus?
863 5184 1056 5238 Annon
1086 5184 1272 5240 eadem
1305 5186 1418 5257 ipsa
1447 5198 1705 5258 perpetuo

116 5273 366 5330 ridemus
392 5273 545 5343 quasi
577 5273 630 5328 in
669 5273 930 5329 circulum
979 5275 1312 5331 recurrentia
1336 5317 1352 5342 ,
1382 5285 1438 5332 ut
1475 5277 1616 5333 diem
1651 5289 1706 5333 et

114 5375 356 5428 noctem,
384 5373 600 5421 noctem
622 5372 675 5421 et
702 5364 868 5432 diem,
893 5364 1125 5422 hiemem
1151 5373 1207 5422 et
1235 5375 1477 5424 aestatem
1501 5410 1517 5436 ,
1540 5363 1703 5424 sesua;

112 5469 218 5514 tem
246 5464 310 5514 et
351 5457 604 5523 hiemem,
630 5465 685 5512 et
716 5456 846 5512 nihil
877 5457 1138 5514 ulterius?
1179 5459 1552 5517 Accendamus
1576 5475 1704 5532 ergo

103 5552 420 5607 futurorum
451 5548 777 5608 desiderium
807 5553 1089 5610 bonorum.
1121 5553 1310 5625 Magna
1334 5555 1530 5625 quippe
1548 5553 1706 5625 justis

113 5643 360 5716 reposita
397 5650 483 5702 est
522 5644 713 5717 gloria,
736 5653 790 5702 et
833 5661 990 5719 quam
1022 5645 1199 5704 verbis
1247 5645 1547 5716 exprimere
1594 5661 1702 5704 non

1307 225 1396 280 DE
1435 220 1796 281 PERFECTA
1833 218 2214 276 CARITATE.-

3270 216 3371 274 εδδ

1801 331 2272 403 possumus-Nam.
2301 345 2523 401 corpora
2557 339 2673 400 post
2710 331 3153 398 resurrectionem
3203 335 3350 388 incor

1797 423 2065 494 ruptihilia
2097 421 2460 492 accipientes,
2488 421 2675 492 gloria:
2719 423 2973 492 regnique
3002 423 3200 478 Christi
3239 439 3371 479 con.-

1795 525 1970 570 801⁵188
1984 521 2164 568 erunt.

1867 606 1920 660 6.
1947 605 2262 658 Resurrectio
2291 607 2466 676 futura
2489 615 2732 676 quantum
2755 605 3230 661 bontmtJ’utumm,
3247 609 3374 662 inter

1798 707 1844 750 et
1870 706 2160 767 prtesentem
2201 697 2354 752 vitant
2398 697 2684 752 discrimen.
2717 728 2788 738 —
2817 698 2928 753 l’loc
2969 714 3096 754 vero
3119 710 3373 770 quantmn

1798 787 1888 854 sit,
1932 787 2055 842 hinc
2099 787 2499 858 intelligemus;
2551 789 2659 844 imo
2699 790 2874 859 potius
2918 805 3202 860 numquam
3234 797 3378 848 clare

1799 878 2186 948 intelligemus;
2216 891 2270 933 ut
2296 889 2472 935 autem
2497 881 2745 950 exemplo
2766 896 2832 936 cx
2853 883 3006 937 bonis
3026 885 3379 952 prmsentibus

1799 981 2096 1041 assumpto,
2129 988 2344 1042 parvam
2380 974 2665 1044 quamdam
2711 974 2828 1044 ejus
2865 965 3107 1030 notitiam
3147 977 3379 1046 attinga.

1800 1078 1940 1134 mus,
1968 1078 2067 1133 pro
2109 1064 2251 1118 virili
2301 1081 2420 1120 mea
2461 1065 2514 1120 id
2560 1067 2703 1135 quod
2744 1066 2944 1121 dictum
2985 1077 3069 1123 est
3111 1068 3382 1125 declarare

1801 1153 2018 1207 curabo.
2060 1153 2155 1208 Die
2181 1153 2332 1218 mihi,
2362 1155 2406 1209 si
2437 1156 2556 1225 quis
2589 1155 2684 1210 tibi
2713 1155 2826 1211 seni
2853 1166 2907 1210 et
2947 1159 2997 1211 in
3034 1159 3252 1227 penuria
3287 1159 3384 1215 de-

1800 1247 1944 1316 genti
1989 1247 2336 1315 polliceretur
2390 1248 2443 1302 id
2499 1250 2860 1317 przcstiturum
2912 1264 3011 1315 se,
3060 1260 3119 1305 ut
3163 1261 3384 1322 repente

1798 1335 2013 1405 juvenis
2039 1352 2209 1404 esses,
2238 1347 2294 1393 et
2323 1339 2373 1392 in
2405 1339 2579 1408 ipsum
2602 1340 2774 1394 aetatis
2803 1339 2990 1395 ﬂorent
3021 1340 3379 1408 reducereris,

1804 1427 2080 1499 formaque
2115 1445 2180 1483 ac
2210 1429 2404 1485 robore
2431 1430 2673 1500 corporis
2702 1433 2909 1486 cunctis
2940 1444 3222 1501 praestares
3241 1473 3257 1500 ,
3285 1433 3384 1489 da:-

1804 1527 2088 1591 turumque
2125 1523 2219 1576 tibi
2252 1522 2414 1576 totius
2443 1522 2590 1577 orbis
2638 1538 2880 1592 regnum,
2908 1524 3070 1594 idque
3123 1526 3191 1580 ad
3236 1526 3386 1582 mille

1803 1627 1996 1680 annos,
2043 1629 2301 1682 regnum,
2353 1614 2600 1684 inquam,
2653 1615 2706 1669 in
2776 1616 3192 1686 profundissima
3253 1634 3382 1688 pace

1806 1705 2239 1775 transigendum,
2267 1705 2394 1776 quid
2441 1721 2538 1776 pro
2585 1707 2676 1760 tali
2731 1709 3071 1778 assequendo
3121 1713 3386 1780 promisso

1805 1812 1910 1853 non
1945 1798 2154 1866 facere,
2185 1799 2310 1869 quid
2331 1815 2437 1855 non
2461 1801 2568 1871 pati
2598 1801 2806 1856 velles?
2834 1802 2912 1860 En
2944 1803 3387 1873 igitur,tChristtts

1805 1903 1912 1942 non
1952 1889 2088 1954 haec,
2112 1889 2206 1944 sed
2242 1889 2327 1944 bis
2349 1891 2506 1960 longe
2537 1891 2737 1960 majora
2766 1892 3062 1960 pollicetur.
3096 1892 3212 1950 Non
3242 1894 3386 1970 enim

1805 1993 2002 2052 quanta
2033 1991 2362 2038 senectutem
2395 1983 2535 2038 inter
2561 1991 2616 2039 et
2647 1983 2977 2053 juveututem
2998 2024 3013 2050 ,
3042 1993 3183 2038 tanta
3214 1986 3385 2040 solum

1806 2081 1892 2128 est
1920 2074 2060 2128 inter
2082 2073 2477 2143 corruptionem
2501 2081 2556 2128 et
2587 2073 3040 2142 incorruptionem
3066 2074 3386 2142 differentia;

1805 2177 1980 2232 neque
2021 2175 2279 2232 quantum
2327 2170 2410 2217 est
2455 2163 2594 2218 inter
2645 2178 2865 2232 regnum
2915 2173 2971 2218 et
3021 2174 3386 2233 paupertatem

1807 2254 2117 2321 discrimen,
2141 2263 2343 2310 tantum
2368 2255 2527 2310 etiam
2552 2263 2636 2310 est
2661 2254 2800 2310 inter
2825 2255 3048 2325 gloriam
3073 2267 3387 2326 praesentem

1807 2354 1864 2402 et
1889 2346 2116 2410 futuram
2147 2363 2159 2398 :
2188 2346 2281 2401 sed
2308 2355 2566 2416 quantum
2608 2347 2748 2400 inter
2779 2347 2986 2402 somnia
3011 2357 3068 2402 et
3094 2349 3170 2404 rei
3199 2350 3392 2404 verita-

1809 2446 1938 2492 tem.
1963 2437 2075 2492 lmo
2101 2452 2228 2491 vero
2274 2436 2509 2492 nondum
2535 2437 2806 2507 quidpiam
2827 2437 2936 2492 dixi
2961 2455 2976 2492 :
2999 2439 3393 2512 nullusquippe.

1809 2543 1990 2584 sermo
2021 2535 2195 2596 potest
2236 2527 2595 2584 differentiam
2629 2528 2772 2583 illam
2813 2529 3131 2598 exprimere,
3161 2545 3282 2602 qua:
3311 2543 3395 2587 est

1811 2617 1950 2674 inter
1988 2617 2164 2672 futura
2203 2629 2258 2673 et
2292 2619 2598 2690 praesentia.
2635 2618 2690 2673 Si
2733 2619 2882 2674 ratio
2911 2628 3087 2676 autem
3138 2620 3394 2677 habeatur

1812 2709 2092 2780 temporis,
2131 2709 2278 2764 nulla
2307 2708 2528 2764 omnino
2585 2717 2764 2778 potest
2809 2711 3030 2779 cogitari
3074 2709 3391 2767 differentia.

1807 2799 2088 2874 Quomodo
2127 2801 2269 2854 enim
2309 2787 2555 2854 conferre
2610 2799 2730 2870 quis
2776 2808 2970 2869 potest.
3000 2803 3352 2870 praesentibus
3375 2845 3392 2870 ,

1813 2893 1974 2946 vitam
2018 2893 2216 2946 mullum
2255 2891 2931 2948 terminum'habituram?
2958 2893 3016 2947 ln
3056 2907 3187 2962 pace
3213 2903 3392 2950 autem

1813 2993 2018 3039 tantum
2041 2993 2124 3039 est
2167 2983 2478 3050 discrimen,
2506 2991 2762 3054 quantum
2802 2983 2941 3038 inter
2971 2999 3156 3054 pacem
3186 2994 3242 3042 et
3282 2986 3396 3042 bel-

1811 3075 1965 3148 lum,
2007 3077 2154 3146 inter
2182 3078 2580 3147 corruptionem
2625 3091 2752 3132 vero
2808 3087 2863 3132 et
2915 3077 3392 3154 incorruptionem,

1812 3175 2071 3238 quantum
2113 3168 2253 3222 inter
2287 3167 2486 3222 luteum
2539 3166 2765 3222 frustum
2798 3176 2853 3222 et
2890 3181 3160 3237 gemmam.
3186 3185 3392 3243 puram.

1813 3258 1922 3314 lmo
1949 3275 2073 3314 vero
2101 3259 2280 3329 potius
2304 3258 2561 3329 quidquid
2588 3257 2753 3324 dicas,
2779 3258 2912 3313 nihil
2941 3259 3215 3320 declarare
3243 3271 3394 3330 pote-

1813 3352 1906 3405 ris.
1939 3350 2189 3418 Quamvis
2237 3351 2380 3406 enim
2430 3364 2716 3420 corporum
2765 3350 3392 3422 heatorum,pulchritu—

1813 3441 1990 3515 dinem
2047 3441 2196 3496 radio
2247 3441 2385 3495 lucis
2439 3442 2756 3508 conferam,
2814 3443 3056 3512 quamvis
3109 3445 3396 3514 conspicuo

1814 3528 2031 3600 fulguri,
2075 3530 2207 3585 nihil
2251 3530 2343 3585 illo
2381 3529 2666 3599 splendore
2709 3529 2928 3602 dignum
2955 3531 3150 3587 dicam.
3183 3533 3286 3590 Pro
3313 3535 3396 3591 his

1813 3632 1960 3677 certe
1986 3633 2116 3692 quot
2144 3623 2565 3691 nonpecunias,
2598 3630 2730 3692 quot
2763 3638 2872 3678 non
2901 3637 3127 3694 corpora
3174 3626 3395 3696 profun-

1813 3714 1943 3770 dere
1966 3730 2062 3785 par
2087 3715 2272 3771 esset?
2302 3715 2409 3771 imo
2429 3723 2562 3786 quot
2605 3730 2712 3769 non
2759 3715 3003 3771 animas?
3027 3716 3178 3776 Nunc
3209 3734 3391 3788 porro,

1813 3809 1859 3863 si
1885 3809 2082 3878 quiste
2123 3807 2178 3862 in
2205 3807 2408 3878 regiam
2454 3805 2841 3870 introduceret,
2875 3807 3230 3887 omnibusque
3261 3827 3397 3879 prte-

1813 3901 2054 3956 sentibus
2083 3900 2134 3954 id
2165 3909 2381 3955 curaret
2408 3909 2463 3954 ut
2492 3900 2791 3970 Imperator
2822 3909 2874 3954 te
2899 3901 3279 3975 alloquerctur,
3313 3915 3394 3959 tc-

1813 4007 1919 4062 que
1949 4001 2003 4047 et
2049 4006 2248 4046 mensa:
2273 3998 2330 4046 et
2365 3990 2558 4046 mdium
2611 4002 2916 4045 consortem
2966 3991 3304 4061 admitteret,
3343 4005 3396 4050 te

1813 4085 2052 4138 omnium
2082 4082 2448 4137 beatissimum
2475 4096 2597 4137 esse
2642 4082 3018 4151 pronuntiarcs
3043 4101 3056 4135 :
3086 4091 3155 4136 at.
3171 4099 3312 4138 eum»
3340 4087 3392 4140 in

1813 4175 2001 4230 Caelum
2031 4173 2106 4229 sis
2135 4188 2480 4238 ascensurus,
2514 4183 2570 4228 et
2598 4187 2720 4227 cum
2750 4173 2867 4243 ipso
2895 4174 3266 4230 universorum
3293 4179 3393 4232 lm-

1813 4274 2062 4335 peratore
2082 4273 2416 4331 versaturus,
2438 4280 2562 4320 cum
2587 4264 2791 4335 angelis
2811 4265 3046 4320 vicissim
3075 4267 3368 4327 micaturus
3383 4307 3397 4331 ,

1813 4368 1869 4414 et
1898 4358 2170 4413 inaccessa
2204 4356 2295 4412 illa
2323 4356 2493 4427 gloria
2527 4356 2794 4411 fruiturus
2814 4398 2828 4422 ,
2857 4357 3085 4428 ambigis
3126 4376 3254 4415 nunt
3301 4375 3396 4432 pc-

1813 4450 1999 4505 cunias
2021 4447 2347 4519 profundere
2381 4457 2659 4520 oporteat,
2697 4463 2819 4503 cum
2867 4463 2965 4520 par
2993 4451 3394 4518 esset,etiatnsi

1814 4541 1980 4596 vitam
2033 4541 2283 4596 emittere
2331 4555 2466 4610 opus
2515 4548 2698 4605 esset,
2727 4541 3026 4608 exsultare,
3066 4543 3396 4612 gaudereet

1813 4650 1925 4706 pra:
1951 4633 2224 4702 voluptate
2250 4633 2365 4687 alas
2391 4633 2703 4688 assumere?
2735 4636 2806 4687 At
2835 4642 2984 4698 tu,ut
3022 4637 3392 4704 praefecturam

1814 4725 2153 4796 adipiscaris,
2187 4739 2306 4793 qua:
2338 4723 2438 4778 tibi
2470 4724 2732 4778 furtorum
2775 4724 3087 4792 occasiones
3112 4727 3392 4796 praebeat;

1814 4833 1920 4873 non
1944 4818 2086 4872 enim
2114 4816 2166 4870 id
2195 4816 2403 4871 lucrum
2425 4816 2696 4871 vocarim:
2728 4825 2783 4871 et
2803 4816 3082 4874 facultates
3104 4821 3388 4889 expendis,

1812 4905 1878 4961 ab
1907 4906 2130 4976 aliisque
2160 4907 2440 4975 mutuaris,
2472 4922 2536 4962 ac
2559 4908 2603 4963 si
2634 4915 2881 4978 oporteat
2904 4909 3064 4964 etiam
3093 4925 3316 4968 uxorem
3341 4927 3394 4970 et

1814 5000 2012 5056 liberos
2040 5000 2248 5070 pignori
2277 4999 2406 5054 dare
2455 5015 2563 5056 non
2608 5001 2832 5067 vereris,
2863 5016 3032 5072 regno
3063 5013 3242 5060 autem
3271 5020 3395 5062 cae-

1812 5092 1986 5148 lorum
2009 5092 2100 5147 tibi
2127 5092 2420 5162 proposito,
2441 5093 2772 5163 imperioque
2797 5095 3126 5150 successoris
3152 5107 3393 5166 experte,

1812 5184 1991 5254 segnis
2020 5198 2106 5247 es,
2140 5183 2358 5254 refugis,
2383 5192 2436 5239 et
2485 5183 2726 5254 pecuniis
2773 5183 2946 5239 inhias
2967 5184 2990 5238 ?
3015 5199 3116 5240 nec
3158 5187 3390 5256 cogitas,

1811 5277 1858 5332 si
1913 5277 2028 5331 caeli
2081 5286 2262 5347 partes
2318 5277 2453 5342 illae,
2494 5291 2626 5347 quas
2667 5277 2980 5347 conSpicere
3028 5279 3289 5345 valetnus,
3325 5280 3394 5335 ita

1810 5366 2069 5438 pulchrae,
2117 5367 2190 5422 ita
2234 5367 2484 5437 jucunda:
2534 5376 2679 5435 sunt,
2711 5381 2924 5437 quantae
2955 5380 3108 5429 erunt
3140 5369 3261 5424 alia:
3310 5368 3393 5424 his

1812 5461 2143 5529 snperiores,
2167 5456 2424 5531 quantum
2456 5460 2643 5516 etclam
2670 5462 2784 5516 cadi
2809 5463 2832 5515 ?

1887 5549 2258 5622 Imperatorum
2309 5552 2474 5608 cultus
2512 5570 2627 5608 cunt
2656 5553 2842 5608 Christi
2880 5559 3147 5608 novtsstmo
3171 5554 3396 5607 adventu

1815 5655 2157 5715 comparatus.
2185 5677 2251 5688 -
2278 5647 2384 5704 Sed
2414 5647 2538 5718 quia
2565 5646 2837 5718 corporeis
2864 5645 3033 5701 oculis
3073 5645 3191 5724 huic
3211 5645 3398 5702 videro
