  <div class='ocr_page' id='page_1' title='image "/cluster/home/n/w/nwhite01/storage/ocr_20150623/56/hvd.32044019304435/287.png"; bbox 0 0 3720 6274; ppageno 0'>
   <div class='ocr_carea' id='block_1_1' title="bbox 332 219 434 275">
    <p class='ocr_par' dir='ltr' id='par_1_1' title="bbox 332 219 434 275">
     <span class='ocr_line' id='line_1_1' title="bbox 332 219 434 275; baseline -0.02 0"><span class='ocrx_word' id='word_1_1' title='bbox 332 219 434 275; x_wconf 74' lang='lat'><strong>287</strong></span> 
     </span>
    </p>
   </div>
   <div class='ocr_carea' id='block_1_2' title="bbox 332 326 1913 401">
    <p class='ocr_par' dir='ltr' id='par_1_2' title="bbox 332 326 1913 401">
     <span class='ocr_line' id='line_1_2' title="bbox 332 326 1913 401; baseline -0.006 -10"><span class='ocrx_word' id='word_1_2' title='bbox 332 356 437 392; x_wconf 82' lang='lat' dir='ltr'><strong>non</strong></span> <span class='ocrx_word' id='word_1_3' title='bbox 495 335 639 401; x_wconf 75' lang='lat' dir='ltr'><strong>licet,</strong></span> <span class='ocrx_word' id='word_1_4' title='bbox 697 336 875 390; x_wconf 84' lang='lat' dir='ltr'><strong>mente</strong></span> <span class='ocrx_word' id='word_1_5' title='bbox 931 330 1160 387; x_wconf 74' lang='lat' dir='ltr'><strong>a&#39;secnd’e</strong></span> <span class='ocrx_word' id='word_1_6' title='bbox 1186 372 1203 398; x_wconf 93' lang='lat'><strong>,</strong></span> <span class='ocrx_word' id='word_1_7' title='bbox 1250 339 1303 387; x_wconf 92' lang='lat' dir='ltr'><strong>et</strong></span> <span class='ocrx_word' id='word_1_8' title='bbox 1355 330 1517 400; x_wconf 76' lang='lat' dir='ltr'><strong>supra</strong></span> <span class='ocrx_word' id='word_1_9' title='bbox 1576 330 1677 383; x_wconf 73' lang='lat' dir='ltr'><strong>hoc”</strong></span> <span class='ocrx_word' id='word_1_10' title='bbox 1723 326 1913 383; x_wconf 66' lang='lat' dir='ltr'><strong>coelum</strong></span> 
     </span>
    </p>
   </div>
   <div class='ocr_carea' id='block_1_3' title="bbox 330 420 1915 498">
    <p class='ocr_par' dir='ltr' id='par_1_3' title="bbox 330 420 1915 498">
     <span class='ocr_line' id='line_1_3' title="bbox 330 420 1915 498; baseline -0.005 -15"><span class='ocrx_word' id='word_1_11' title='bbox 330 436 503 494; x_wconf 62' lang='lat' dir='ltr'><strong>suns,</strong></span> <span class='ocrx_word' id='word_1_12' title='bbox 530 427 739 498; x_wconf 85' lang='lat' dir='ltr'><strong>respice</strong></span> <span class='ocrx_word' id='word_1_13' title='bbox 765 427 819 480; x_wconf 91' lang='grc'><strong>111</strong></span> <span class='ocrx_word' id='word_1_14' title='bbox 846 425 975 481; x_wconf 92' lang='lat' dir='ltr'><strong>illud</strong></span> <span class='ocrx_word' id='word_1_15' title='bbox 1000 426 1249 495; x_wconf 85' lang='lat' dir='ltr'><strong>superius</strong></span> <span class='ocrx_word' id='word_1_16' title='bbox 1271 423 1489 488; x_wconf 73' lang='lat' dir='ltr'><strong>caelum,</strong></span> <span class='ocrx_word' id='word_1_17' title='bbox 1521 422 1575 477; x_wconf 91' lang='lat' dir='ltr'><strong>in</strong></span> <span class='ocrx_word' id='word_1_18' title='bbox 1593 420 1915 482; x_wconf 83' lang='lat' dir='ltr'><strong>immensam</strong></span> 
     </span>
    </p>
   </div>
   <div class='ocr_carea' id='block_1_4' title="bbox 326 514 1916 584">
    <p class='ocr_par' dir='ltr' id='par_1_4' title="bbox 326 514 1916 584">
     <span class='ocr_line' id='line_1_4' title="bbox 326 514 1916 584; baseline -0.004 -9"><span class='ocrx_word' id='word_1_19' title='bbox 326 519 683 583; x_wconf 75' lang='lat' dir='ltr'><strong>altitudinem,</strong></span> <span class='ocrx_word' id='word_1_20' title='bbox 713 519 767 573; x_wconf 91' lang='lat' dir='ltr'><strong>in</strong></span> <span class='ocrx_word' id='word_1_21' title='bbox 794 516 968 572; x_wconf 84' lang='lat' dir='ltr'><strong>lucem</strong></span> <span class='ocrx_word' id='word_1_22' title='bbox 999 516 1344 581; x_wconf 83' lang='lat' dir='ltr'><strong>inaccessam,</strong></span> <span class='ocrx_word' id='word_1_23' title='bbox 1370 516 1424 573; x_wconf 91' lang='grc'><strong>111</strong></span> <span class='ocrx_word' id='word_1_24' title='bbox 1462 514 1769 584; x_wconf 75' lang='lat' dir='ltr'><strong>angelorum</strong></span> <span class='ocrx_word' id='word_1_25' title='bbox 1818 527 1916 584; x_wconf 90' lang='lat' dir='ltr'><strong>po-</strong></span> 
     </span>
    </p>
   </div>
   <div class='ocr_carea' id='block_1_5' title="bbox 338 605 1915 683">
    <p class='ocr_par' dir='ltr' id='par_1_5' title="bbox 338 605 1915 683">
     <span class='ocr_line' id='line_1_5' title="bbox 338 605 1915 683; baseline -0.006 -16"><span class='ocrx_word' id='word_1_26' title='bbox 338 613 509 683; x_wconf 91' lang='lat' dir='ltr'><strong>pulos,</strong></span> <span class='ocrx_word' id='word_1_27' title='bbox 536 611 589 666; x_wconf 93' lang='lat' dir='ltr'><strong>in</strong></span> <span class='ocrx_word' id='word_1_28' title='bbox 617 608 1060 679; x_wconf 80' lang='lat' dir='ltr'><strong>archangeiorum</strong></span> <span class='ocrx_word' id='word_1_29' title='bbox 1088 606 1305 662; x_wconf 82' lang='lat' dir='ltr'><strong>ordines</strong></span> <span class='ocrx_word' id='word_1_30' title='bbox 1325 648 1340 673; x_wconf 94' lang='lat'><strong>,</strong></span> <span class='ocrx_word' id='word_1_31' title='bbox 1386 613 1440 661; x_wconf 91' lang='lat' dir='ltr'><strong>et</strong></span> <span class='ocrx_word' id='word_1_32' title='bbox 1470 606 1523 659; x_wconf 91' lang='lat' dir='ltr'><strong>in</strong></span> <span class='ocrx_word' id='word_1_33' title='bbox 1565 605 1699 658; x_wconf 90' lang='lat' dir='ltr'><strong>alias</strong></span> <span class='ocrx_word' id='word_1_34' title='bbox 1738 605 1915 659; x_wconf 89' lang='lat' dir='ltr'><strong>incor-</strong></span> 
     </span>
    </p>
   </div>
   <div class='ocr_carea' id='block_1_6' title="bbox 332 694 1917 774">
    <p class='ocr_par' dir='ltr' id='par_1_6' title="bbox 332 694 1917 774">
     <span class='ocr_line' id='line_1_6' title="bbox 332 694 1917 774; baseline -0.004 -19"><span class='ocrx_word' id='word_1_35' title='bbox 332 708 525 774; x_wconf 74' lang='lat' dir='ltr'><strong>poreas</strong></span> <span class='ocrx_word' id='word_1_36' title='bbox 562 703 787 761; x_wconf 88' lang='lat' dir='ltr'><strong>virtutes</strong></span> <span class='ocrx_word' id='word_1_37' title='bbox 820 719 834 755; x_wconf 90' lang='lat'>:</span> <span class='ocrx_word' id='word_1_38' title='bbox 866 713 930 755; x_wconf 89' lang='lat' dir='ltr'><strong>ac</strong></span> <span class='ocrx_word' id='word_1_39' title='bbox 972 715 1155 755; x_wconf 83' lang='lat' dir='ltr'><strong>rursus</strong></span> <span class='ocrx_word' id='word_1_40' title='bbox 1187 698 1310 754; x_wconf 81' lang='lat' dir='ltr'><strong>hinc</strong></span> <span class='ocrx_word' id='word_1_41' title='bbox 1351 697 1683 754; x_wconf 84' lang='lat' dir='ltr'><strong>descendens</strong></span> <span class='ocrx_word' id='word_1_42' title='bbox 1732 694 1917 765; x_wconf 82' lang='lat' dir='ltr'><strong>imagi-</strong></span> 
     </span>
    </p>
   </div>
   <div class='ocr_carea' id='block_1_7' title="bbox 333 786 1917 859">
    <p class='ocr_par' dir='ltr' id='par_1_7' title="bbox 333 786 1917 859">
     <span class='ocr_line' id='line_1_7' title="bbox 333 786 1917 859; baseline -0.005 -10"><span class='ocrx_word' id='word_1_43' title='bbox 333 810 463 850; x_wconf 88' lang='lat' dir='ltr'><strong>nem</strong></span> <span class='ocrx_word' id='word_1_44' title='bbox 509 794 668 849; x_wconf 82' lang='lat' dir='ltr'><strong>illam</strong></span> <span class='ocrx_word' id='word_1_45' title='bbox 704 801 939 848; x_wconf 84' lang='lat' dir='ltr'><strong>nostram</strong></span> <span class='ocrx_word' id='word_1_46' title='bbox 992 800 1256 846; x_wconf 90' lang='lat' dir='ltr'><strong>terrenam</strong></span> <span class='ocrx_word' id='word_1_47' title='bbox 1302 789 1522 859; x_wconf 81' lang='lat' dir='ltr'><strong>accipe,</strong></span> <span class='ocrx_word' id='word_1_48' title='bbox 1562 800 1624 842; x_wconf 78' lang='lat' dir='ltr'><strong>ac</strong></span> <span class='ocrx_word' id='word_1_49' title='bbox 1674 786 1917 842; x_wconf 86' lang='lat' dir='ltr'><strong>describe</strong></span> 
     </span>
    </p>
   </div>
   <div class='ocr_carea' id='block_1_8' title="bbox 331 876 1913 955">
    <p class='ocr_par' dir='ltr' id='par_1_8' title="bbox 331 876 1913 955">
     <span class='ocr_line' id='line_1_8' title="bbox 331 876 1913 955; baseline -0.005 -14"><span class='ocrx_word' id='word_1_50' title='bbox 331 887 465 943; x_wconf 85' lang='lat' dir='ltr'><strong>mihi</strong></span> <span class='ocrx_word' id='word_1_51' title='bbox 510 886 597 942; x_wconf 86' lang='lat' dir='ltr'><strong>illa</strong></span> <span class='ocrx_word' id='word_1_52' title='bbox 641 884 760 955; x_wconf 65' lang='lat' dir='ltr'><strong>quae</strong></span> <span class='ocrx_word' id='word_1_53' title='bbox 804 886 1079 939; x_wconf 88' lang='lat' dir='ltr'><strong>terrenum</strong></span> <span class='ocrx_word' id='word_1_54' title='bbox 1129 882 1505 952; x_wconf 71' lang='lat' dir='ltr'><strong>Imperatorem</strong></span> <span class='ocrx_word' id='word_1_55' title='bbox 1551 876 1913 944; x_wconf 72' lang='lat' dir='ltr'><strong>circumstant,</strong></span> 
     </span>
    </p>
   </div>
   <div class='ocr_carea' id='block_1_9' title="bbox 333 970 1916 1053">
    <p class='ocr_par' dir='ltr' id='par_1_9' title="bbox 333 970 1916 1053">
     <span class='ocr_line' id='line_1_9' title="bbox 333 970 1916 1053; baseline -0.005 -20"><span class='ocrx_word' id='word_1_56' title='bbox 333 987 457 1049; x_wconf 84' lang='lat' dir='ltr'><strong>puta</strong></span> <span class='ocrx_word' id='word_1_57' title='bbox 484 979 629 1033; x_wconf 77' lang='lat' dir='ltr'><strong>viro‘s</strong></span> <span class='ocrx_word' id='word_1_58' title='bbox 655 990 789 1033; x_wconf 88' lang='lat' dir='ltr'><strong>auro</strong></span> <span class='ocrx_word' id='word_1_59' title='bbox 810 976 1124 1038; x_wconf 81' lang='lat' dir='ltr'><strong>decoratos,</strong></span> <span class='ocrx_word' id='word_1_60' title='bbox 1149 974 1334 1053; x_wconf 72' lang='lat' dir='ltr'><strong>iugum</strong></span> <span class='ocrx_word' id='word_1_61' title='bbox 1374 972 1619 1030; x_wconf 82' lang='lat' dir='ltr'><strong>albarum</strong></span> <span class='ocrx_word' id='word_1_62' title='bbox 1654 970 1916 1027; x_wconf 87' lang='lat' dir='ltr'><strong>mularum</strong></span> 
     </span>
    </p>
   </div>
   <div class='ocr_carea' id='block_1_10' title="bbox 331 1061 1916 1133">
    <p class='ocr_par' dir='ltr' id='par_1_10' title="bbox 331 1061 1916 1133">
     <span class='ocr_line' id='line_1_10' title="bbox 331 1061 1916 1133; baseline -0.006 -10"><span class='ocrx_word' id='word_1_63' title='bbox 331 1085 465 1124; x_wconf 85' lang='lat' dir='ltr'><strong>auro</strong></span> <span class='ocrx_word' id='word_1_64' title='bbox 493 1072 823 1131; x_wconf 76' lang='lat' dir='ltr'><strong>ornatarum,</strong></span> <span class='ocrx_word' id='word_1_65' title='bbox 854 1078 1068 1121; x_wconf 89' lang='lat' dir='ltr'><strong>currum</strong></span> <span class='ocrx_word' id='word_1_66' title='bbox 1115 1062 1752 1133; x_wconf 30' lang='lat' dir='ltr'><strong>lapillisicoagunentatum</strong></span> <span class='ocrx_word' id='word_1_67' title='bbox 1776 1103 1792 1129; x_wconf 93' lang='lat'><strong>,</strong></span> <span class='ocrx_word' id='word_1_68' title='bbox 1839 1061 1916 1115; x_wconf 57' lang='lat' dir='ltr'><strong>lat-</strong></span> 
     </span>
    </p>
   </div>
   <div class='ocr_carea' id='block_1_11' title="bbox 334 1148 1914 1227">
    <p class='ocr_par' dir='ltr' id='par_1_11' title="bbox 334 1148 1914 1227">
     <span class='ocr_line' id='line_1_11' title="bbox 334 1148 1914 1227; baseline -0.005 -13"><span class='ocrx_word' id='word_1_69' title='bbox 334 1160 520 1215; x_wconf 86' lang='lat' dir='ltr'><strong>minas</strong></span> <span class='ocrx_word' id='word_1_70' title='bbox 539 1158 597 1213; x_wconf 78' lang='lat' dir='ltr'><strong>in</strong></span> <span class='ocrx_word' id='word_1_71' title='bbox 622 1158 715 1220; x_wconf 90' lang='lat' dir='ltr'><strong>illo</strong></span> <span class='ocrx_word' id='word_1_72' title='bbox 743 1158 966 1213; x_wconf 87' lang='lat' dir='ltr'><strong>mobiles</strong></span> <span class='ocrx_word' id='word_1_73' title='bbox 1008 1148 1067 1211; x_wconf 87' lang='lat' dir='ltr'><strong>et</strong></span> <span class='ocrx_word' id='word_1_74' title='bbox 1090 1156 1343 1227; x_wconf 77' lang='lat' dir='ltr'><strong>agitatas,</strong></span> <span class='ocrx_word' id='word_1_75' title='bbox 1376 1153 1640 1208; x_wconf 87' lang='lat' dir='ltr'><strong>dracones</strong></span> <span class='ocrx_word' id='word_1_76' title='bbox 1671 1154 1723 1207; x_wconf 92' lang='lat' dir='ltr'><strong>in</strong></span> <span class='ocrx_word' id='word_1_77' title='bbox 1750 1152 1914 1207; x_wconf 80' lang='lat' dir='ltr'><strong>vesti-</strong></span> 
     </span>
    </p>
   </div>
   <div class='ocr_carea' id='block_1_12' title="bbox 330 1246 1915 1318">
    <p class='ocr_par' dir='ltr' id='par_1_12' title="bbox 330 1246 1915 1318">
     <span class='ocr_line' id='line_1_12' title="bbox 330 1246 1915 1318; baseline -0.004 -13"><span class='ocrx_word' id='word_1_78' title='bbox 330 1252 537 1306; x_wconf 80' lang='lat' dir='ltr'><strong>mentis’</strong></span> <span class='ocrx_word' id='word_1_79' title='bbox 577 1248 763 1305; x_wconf 74' lang='lat' dir='ltr'><strong>aericis</strong></span> <span class='ocrx_word' id='word_1_80' title='bbox 811 1249 1086 1318; x_wconf 79' lang='lat' dir='ltr'><strong>depictus,</strong></span> <span class='ocrx_word' id='word_1_81' title='bbox 1136 1247 1349 1317; x_wconf 86' lang='lat' dir='ltr'><strong>aspides</strong></span> <span class='ocrx_word' id='word_1_82' title='bbox 1399 1247 1578 1301; x_wconf 83' lang='lat' dir='ltr'><strong>aureis</strong></span> <span class='ocrx_word' id='word_1_83' title='bbox 1630 1246 1915 1300; x_wconf 84' lang='lat' dir='ltr'><strong>instructas</strong></span> 
     </span>
    </p>
   </div>
   <div class='ocr_carea' id='block_1_13' title="bbox 330 1338 1916 1414">
    <p class='ocr_par' dir='ltr' id='par_1_13' title="bbox 330 1338 1916 1414">
     <span class='ocr_line' id='line_1_13' title="bbox 330 1338 1916 1414; baseline -0.003 -15"><span class='ocrx_word' id='word_1_84' title='bbox 330 1345 502 1399; x_wconf 86' lang='lat' dir='ltr'><strong>oculis</strong></span> <span class='ocrx_word' id='word_1_85' title='bbox 526 1385 541 1408; x_wconf 92' lang='lat'><strong>,</strong></span> <span class='ocrx_word' id='word_1_86' title='bbox 573 1344 741 1414; x_wconf 76' lang='lat' dir='ltr'><strong>equos</strong></span> <span class='ocrx_word' id='word_1_87' title='bbox 771 1357 904 1397; x_wconf 88' lang='lat' dir='ltr'><strong>auro</strong></span> <span class='ocrx_word' id='word_1_88' title='bbox 928 1346 1195 1408; x_wconf 75' lang='lat' dir='ltr'><strong>ornatos,</strong></span> <span class='ocrx_word' id='word_1_89' title='bbox 1222 1338 1370 1395; x_wconf 80' lang='lat' dir='ltr'><strong>frena</strong></span> <span class='ocrx_word' id='word_1_90' title='bbox 1397 1355 1577 1394; x_wconf 74' lang='lat' dir='ltr'><strong>aurea.</strong></span> <span class='ocrx_word' id='word_1_91' title='bbox 1611 1340 1681 1393; x_wconf 80' lang='lat' dir='ltr'><strong>At</strong></span> <span class='ocrx_word' id='word_1_92' title='bbox 1705 1339 1916 1408; x_wconf 83' lang='lat' dir='ltr'><strong>quando</strong></span> 
     </span>
    </p>
   </div>
   <div class='ocr_carea' id='block_1_14' title="bbox 334 1429 1911 1504">
    <p class='ocr_par' dir='ltr' id='par_1_14' title="bbox 334 1429 1911 1504">
     <span class='ocr_line' id='line_1_14' title="bbox 334 1429 1911 1504; baseline -0.003 -15"><span class='ocrx_word' id='word_1_93' title='bbox 334 1435 723 1504; x_wconf 79' lang='lat' dir='ltr'><strong>imperatorem</strong></span> <span class='ocrx_word' id='word_1_94' title='bbox 740 1433 1004 1497; x_wconf 88' lang='lat' dir='ltr'><strong>videmus,</strong></span> <span class='ocrx_word' id='word_1_95' title='bbox 1036 1431 1173 1486; x_wconf 82' lang='lat' dir='ltr'><strong>nihil</strong></span> <span class='ocrx_word' id='word_1_96' title='bbox 1192 1432 1375 1485; x_wconf 79' lang='lat' dir='ltr'><strong>eorum</strong></span> <span class='ocrx_word' id='word_1_97' title='bbox 1403 1430 1539 1487; x_wconf 88' lang='lat' dir='ltr'><strong>ultra</strong></span> <span class='ocrx_word' id='word_1_98' title='bbox 1564 1429 1911 1500; x_wconf 87' lang='lat' dir='ltr'><strong>respicimus:</strong></span> 
     </span>
    </p>
   </div>
   <div class='ocr_carea' id='block_1_15' title="bbox 331 1522 1915 1601">
    <p class='ocr_par' dir='ltr' id='par_1_15' title="bbox 331 1522 1915 1601">
     <span class='ocr_line' id='line_1_15' title="bbox 331 1522 1915 1601; baseline -0.003 -21"><span class='ocrx_word' id='word_1_99' title='bbox 331 1525 426 1581; x_wconf 88' lang='lat' dir='ltr'><strong>ille</strong></span> <span class='ocrx_word' id='word_1_100' title='bbox 452 1525 648 1596; x_wconf 80' lang='lat' dir='ltr'><strong>quippe</strong></span> <span class='ocrx_word' id='word_1_101' title='bbox 674 1527 822 1580; x_wconf 88' lang='lat' dir='ltr'><strong>solus</strong></span> <span class='ocrx_word' id='word_1_102' title='bbox 849 1539 951 1578; x_wconf 80' lang='lat' dir='ltr'><strong>nos</strong></span> <span class='ocrx_word' id='word_1_103' title='bbox 972 1525 1024 1577; x_wconf 92' lang='lat' dir='ltr'><strong>in</strong></span> <span class='ocrx_word' id='word_1_104' title='bbox 1050 1536 1108 1577; x_wconf 89' lang='lat' dir='ltr'><strong>se</strong></span> <span class='ocrx_word' id='word_1_105' title='bbox 1136 1522 1398 1601; x_wconf 84' lang='lat' dir='ltr'><strong>convertit</strong></span> <span class='ocrx_word' id='word_1_106' title='bbox 1420 1537 1434 1583; x_wconf 89' lang='lat'><strong>;</strong></span> <span class='ocrx_word' id='word_1_107' title='bbox 1480 1536 1673 1590; x_wconf 90' lang='lat' dir='ltr'><strong>nempe</strong></span> <span class='ocrx_word' id='word_1_108' title='bbox 1717 1522 1915 1591; x_wconf 83' lang='lat' dir='ltr'><strong>purpu-</strong></span> 
     </span>
    </p>
   </div>
   <div class='ocr_carea' id='block_1_16' title="bbox 333 1610 1915 1680">
    <p class='ocr_par' dir='ltr' id='par_1_16' title="bbox 333 1610 1915 1680">
     <span class='ocr_line' id='line_1_16' title="bbox 333 1610 1915 1680; baseline -0.003 -10"><span class='ocrx_word' id='word_1_109' title='bbox 333 1630 428 1670; x_wconf 85' lang='lat' dir='ltr'><strong>rea</strong></span> <span class='ocrx_word' id='word_1_110' title='bbox 466 1617 801 1680; x_wconf 82' lang='lat' dir='ltr'><strong>vestimenta,</strong></span> <span class='ocrx_word' id='word_1_111' title='bbox 833 1614 1077 1669; x_wconf 79' lang='lat' dir='ltr'><strong>diadema</strong></span> <span class='ocrx_word' id='word_1_112' title='bbox 1099 1641 1117 1677; x_wconf 88' lang='lat'><strong>,-</strong></span> <span class='ocrx_word' id='word_1_113' title='bbox 1147 1612 1297 1677; x_wconf 84' lang='lat' dir='ltr'><strong>sella,</strong></span> <span class='ocrx_word' id='word_1_114' title='bbox 1324 1610 1505 1677; x_wconf 71' lang='lat' dir='ltr'><strong>fibula,</strong></span> <span class='ocrx_word' id='word_1_115' title='bbox 1529 1610 1725 1676; x_wconf 64' lang='lat' dir='ltr'><strong>calcei;</strong></span> <span class='ocrx_word' id='word_1_116' title='bbox 1740 1612 1915 1666; x_wconf 86' lang='lat' dir='ltr'><strong>vultus</strong></span> 
     </span>
    </p>
   </div>
   <div class='ocr_carea' id='block_1_17' title="bbox 335 1702 1916 1779">
    <p class='ocr_par' dir='ltr' id='par_1_17' title="bbox 335 1702 1916 1779">
     <span class='ocr_line' id='line_1_17' title="bbox 335 1702 1916 1779; baseline -0.003 -16"><span class='ocrx_word' id='word_1_117' title='bbox 335 1708 610 1779; x_wconf 66' lang='lat' dir='ltr'><strong>Splendor.</strong></span> <span class='ocrx_word' id='word_1_118' title='bbox 642 1707 736 1763; x_wconf 86' lang='lat' dir='ltr'><strong>His</strong></span> <span class='ocrx_word' id='word_1_119' title='bbox 774 1707 1021 1762; x_wconf 87' lang='lat' dir='ltr'><strong>omnibus</strong></span> <span class='ocrx_word' id='word_1_120' title='bbox 1063 1705 1219 1760; x_wconf 85' lang='lat' dir='ltr'><strong>simul</strong></span> <span class='ocrx_word' id='word_1_121' title='bbox 1245 1714 1492 1758; x_wconf 90' lang='lat' dir='ltr'><strong>accurate</strong></span> <span class='ocrx_word' id='word_1_122' title='bbox 1524 1702 1817 1773; x_wconf 75' lang='lat' dir='ltr'><strong>perpensis,</strong></span> <span class='ocrx_word' id='word_1_123' title='bbox 1847 1702 1916 1758; x_wconf 79' lang='lat' dir='ltr'><strong>a&#39;b</strong></span> 
     </span>
    </p>
   </div>
   <div class='ocr_carea' id='block_1_18' title="bbox 332 1793 1912 1868">
    <p class='ocr_par' dir='ltr' id='par_1_18' title="bbox 332 1793 1912 1868">
     <span class='ocr_line' id='line_1_18' title="bbox 332 1793 1912 1868; baseline -0.004 -15"><span class='ocrx_word' id='word_1_124' title='bbox 332 1799 418 1866; x_wconf 84' lang='lat' dir='ltr'><strong>bis</strong></span> <span class='ocrx_word' id='word_1_125' title='bbox 445 1796 662 1853; x_wconf 23' lang='lat' dir='ltr'><strong>rursum:</strong></span> <span class='ocrx_word' id='word_1_126' title='bbox 685 1798 1057 1868; x_wconf 78' lang='lat' dir='ltr'><strong>cogitationem</strong></span> <span class='ocrx_word' id='word_1_127' title='bbox 1106 1794 1335 1850; x_wconf 82' lang='lat' dir='ltr'><strong>transfer</strong></span> <span class='ocrx_word' id='word_1_128' title='bbox 1359 1793 1425 1849; x_wconf 89' lang='lat' dir='ltr'><strong>ad</strong></span> <span class='ocrx_word' id='word_1_129' title='bbox 1456 1804 1706 1863; x_wconf 85' lang='lat' dir='ltr'><strong>superna,</strong></span> <span class='ocrx_word' id='word_1_130' title='bbox 1739 1794 1912 1849; x_wconf 81' lang='lat' dir='ltr'><strong>diem-</strong></span> 
     </span>
    </p>
   </div>
   <div class='ocr_carea' id='block_1_19' title="bbox 329 1885 1911 1961">
    <p class='ocr_par' dir='ltr' id='par_1_19' title="bbox 329 1885 1911 1961">
     <span class='ocr_line' id='line_1_19' title="bbox 329 1885 1911 1961; baseline -0.003 -16"><span class='ocrx_word' id='word_1_131' title='bbox 329 1904 435 1961; x_wconf 74' lang='lat' dir='ltr'><strong>que</strong></span> <span class='ocrx_word' id='word_1_132' title='bbox 479 1889 768 1945; x_wconf 73' lang='lat' dir='ltr'><strong>terribilem</strong></span> <span class='ocrx_word' id='word_1_133' title='bbox 813 1888 983 1959; x_wconf 79' lang='lat' dir='ltr'><strong>cogita</strong></span> <span class='ocrx_word' id='word_1_134' title='bbox 1010 1930 1026 1955; x_wconf 86' lang='lat'><strong>,</strong></span> <span class='ocrx_word' id='word_1_135' title='bbox 1070 1903 1173 1958; x_wconf 86' lang='lat' dir='ltr'><strong>qua</strong></span> <span class='ocrx_word' id='word_1_136' title='bbox 1212 1886 1460 1942; x_wconf 78' lang='lat' dir='ltr'><strong>Christus</strong></span> <span class='ocrx_word' id='word_1_137' title='bbox 1483 1885 1751 1942; x_wconf 75' lang='lat' dir='ltr'><strong>adveniet.</strong></span> <span class='ocrx_word' id='word_1_138' title='bbox 1797 1885 1911 1941; x_wconf 75' lang='lat' dir='ltr'><strong>Non</strong></span> 
     </span>
    </p>
   </div>
   <div class='ocr_carea' id='block_1_20' title="bbox 331 1979 1911 2052">
    <p class='ocr_par' dir='ltr' id='par_1_20' title="bbox 331 1979 1911 2052">
     <span class='ocr_line' id='line_1_20' title="bbox 331 1979 1911 2052; baseline -0.003 -16"><span class='ocrx_word' id='word_1_139' title='bbox 331 1982 479 2037; x_wconf 84' lang='lat' dir='ltr'><strong>enim</strong></span> <span class='ocrx_word' id='word_1_140' title='bbox 502 1981 688 2052; x_wconf 76' lang='lat' dir='ltr'><strong>iugum</strong></span> <span class='ocrx_word' id='word_1_141' title='bbox 720 1981 981 2036; x_wconf 78' lang='lat' dir='ltr'><strong>mularum</strong></span> <span class='ocrx_word' id='word_1_142' title='bbox 1026 1988 1150 2035; x_wconf 86' lang='lat' dir='ltr'><strong>tunc</strong></span> <span class='ocrx_word' id='word_1_143' title='bbox 1180 1979 1414 2044; x_wconf 84' lang='lat' dir='ltr'><strong>videbis,</strong></span> <span class='ocrx_word' id='word_1_144' title='bbox 1463 1994 1568 2032; x_wconf 93' lang='lat' dir='ltr'><strong>non</strong></span> <span class='ocrx_word' id='word_1_145' title='bbox 1597 1982 1789 2033; x_wconf 89' lang='lat' dir='ltr'><strong>currus</strong></span> <span class='ocrx_word' id='word_1_146' title='bbox 1814 1992 1911 2031; x_wconf 88' lang='lat' dir='ltr'><strong>au-</strong></span> 
     </span>
    </p>
   </div>
   <div class='ocr_carea' id='block_1_21' title="bbox 329 2067 1914 2140">
    <p class='ocr_par' dir='ltr' id='par_1_21' title="bbox 329 2067 1914 2140">
     <span class='ocr_line' id='line_1_21' title="bbox 329 2067 1914 2140; baseline -0.003 -14"><span class='ocrx_word' id='word_1_147' title='bbox 329 2078 487 2140; x_wconf 75' lang='lat' dir='ltr'><strong>reas,</strong></span> <span class='ocrx_word' id='word_1_148' title='bbox 519 2086 637 2128; x_wconf 25' lang='lat' dir='ltr'><strong>noni</strong></span> <span class='ocrx_word' id='word_1_149' title='bbox 664 2070 935 2126; x_wconf 82' lang='lat' dir='ltr'><strong>dracones</strong></span> <span class='ocrx_word' id='word_1_150' title='bbox 967 2081 1023 2126; x_wconf 89' lang='lat' dir='ltr'><strong>et</strong></span> <span class='ocrx_word' id='word_1_151' title='bbox 1064 2070 1276 2140; x_wconf 88' lang='lat' dir='ltr'><strong>aspides</strong></span> <span class='ocrx_word' id='word_1_152' title='bbox 1295 2111 1311 2136; x_wconf 89' lang='lat'><strong>,</strong></span> <span class='ocrx_word' id='word_1_153' title='bbox 1342 2068 1441 2123; x_wconf 88' lang='lat' dir='ltr'><strong>sed</strong></span> <span class='ocrx_word' id='word_1_154' title='bbox 1465 2068 1605 2138; x_wconf 89' lang='lat' dir='ltr'><strong>quod</strong></span> <span class='ocrx_word' id='word_1_155' title='bbox 1634 2067 1914 2123; x_wconf 82' lang='lat' dir='ltr'><strong>horrorem</strong></span> 
     </span>
    </p>
   </div>
   <div class='ocr_carea' id='block_1_22' title="bbox 329 2158 1912 2233">
    <p class='ocr_par' dir='ltr' id='par_1_22' title="bbox 329 2158 1912 2233">
     <span class='ocr_line' id='line_1_22' title="bbox 329 2158 1912 2233; baseline -0.004 -15"><span class='ocrx_word' id='word_1_156' title='bbox 329 2163 573 2229; x_wconf 82' lang='lat' dir='ltr'><strong>incutiat,</strong></span> <span class='ocrx_word' id='word_1_157' title='bbox 593 2163 867 2216; x_wconf 75' lang='lat' dir='ltr'><strong>et-tanium</strong></span> <span class='ocrx_word' id='word_1_158' title='bbox 887 2168 1160 2231; x_wconf 80' lang='lat' dir='ltr'><strong>Stuporem</strong></span> <span class='ocrx_word' id='word_1_159' title='bbox 1189 2160 1408 2233; x_wconf 74' lang='lat' dir='ltr'><strong>injiciat.</strong></span> <span class='ocrx_word' id='word_1_160' title='bbox 1435 2168 1496 2213; x_wconf 73' lang='lat' dir='ltr'><strong>ut</strong></span> <span class='ocrx_word' id='word_1_161' title='bbox 1521 2159 1760 2213; x_wconf 78' lang='lat' dir='ltr'><strong>caelestes</strong></span> <span class='ocrx_word' id='word_1_162' title='bbox 1783 2158 1912 2227; x_wconf 55' lang='lat' dir='ltr'><strong>ipsa!</strong></span> 
     </span>
    </p>
   </div>
   <div class='ocr_carea' id='block_1_23' title="bbox 330 2249 1912 2319">
    <p class='ocr_par' dir='ltr' id='par_1_23' title="bbox 330 2249 1912 2319">
     <span class='ocr_line' id='line_1_23' title="bbox 330 2249 1912 2319; baseline -0.003 -12"><span class='ocrx_word' id='word_1_163' title='bbox 330 2253 554 2307; x_wconf 81' lang='lat' dir='ltr'><strong>virtutes</strong></span> <span class='ocrx_word' id='word_1_164' title='bbox 579 2258 729 2306; x_wconf 66' lang='lat' dir='ltr'><strong>stent</strong></span> <span class='ocrx_word' id='word_1_165' title='bbox 746 2252 986 2306; x_wconf 71' lang='lat' dir='ltr'><strong>attonitae</strong></span> <span class='ocrx_word' id='word_1_166' title='bbox 1013 2268 1027 2304; x_wconf 92' lang='lat'>:</span> <span class='ocrx_word' id='word_1_167' title='bbox 1054 2254 1173 2305; x_wconf 84' lang='lat' dir='ltr'><strong>nam</strong></span> <span class='ocrx_word' id='word_1_168' title='bbox 1204 2249 1417 2304; x_wconf 73' lang='lat' dir='ltr'><strong>Viﬂutes</strong></span> <span class='ocrx_word' id='word_1_169' title='bbox 1439 2250 1697 2314; x_wconf 64' lang='lat' dir='ltr'><strong>curiarum,</strong></span> <span class='ocrx_word' id='word_1_170' title='bbox 1721 2250 1912 2319; x_wconf 77' lang='lat' dir='ltr'><strong>inquit,</strong></span> 
     </span>
    </p>
   </div>
   <div class='ocr_carea' id='block_1_24' title="bbox 333 2340 1914 2416">
    <p class='ocr_par' dir='ltr' id='par_1_24' title="bbox 333 2340 1914 2416">
     <span class='ocr_line' id='line_1_24' title="bbox 333 2340 1914 2416; baseline -0.001 -18"><span class='ocrx_word' id='word_1_171' title='bbox 333 2343 772 2409; x_wconf 72' lang='lat' dir='ltr'><strong>commovebuntur</strong></span> <span class='ocrx_word' id='word_1_172' title='bbox 807 2342 1039 2416; x_wconf 69' lang='lat' dir='ltr'><strong>(Matth.</strong></span> <span class='ocrx_word' id='word_1_173' title='bbox 1065 2343 1156 2397; x_wconf 73' lang='grc'><strong>24.</strong></span> <span class='ocrx_word' id='word_1_174' title='bbox 1184 2342 1254 2398; x_wconf 74' lang='grc'><strong>29</strong></span> <span class='ocrx_word' id='word_1_175' title='bbox 1274 2343 1323 2412; x_wconf 81' lang='lat'><strong>).</strong></span> <span class='ocrx_word' id='word_1_176' title='bbox 1350 2343 1498 2397; x_wconf 86' lang='lat' dir='ltr'><strong>Tunc</strong></span> <span class='ocrx_word' id='word_1_177' title='bbox 1525 2343 1717 2397; x_wconf 78' lang='lat' dir='ltr'><strong>caelum</strong></span> <span class='ocrx_word' id='word_1_178' title='bbox 1745 2340 1914 2397; x_wconf 84' lang='lat' dir='ltr'><strong>totum</strong></span> 
     </span>
    </p>
   </div>
   <div class='ocr_carea' id='block_1_25' title="bbox 330 2434 1912 2507">
    <p class='ocr_par' dir='ltr' id='par_1_25' title="bbox 330 2434 1912 2507">
     <span class='ocr_line' id='line_1_25' title="bbox 330 2434 1912 2507; baseline -0.001 -18"><span class='ocrx_word' id='word_1_179' title='bbox 330 2436 631 2507; x_wconf 79' lang='lat' dir='ltr'><strong>aperietur,</strong></span> <span class='ocrx_word' id='word_1_180' title='bbox 658 2434 956 2490; x_wconf 70' lang='lat' dir='ltr'><strong>descendet</strong></span> <span class='ocrx_word' id='word_1_181' title='bbox 975 2438 1103 2490; x_wconf 69' lang='lat' dir='ltr'><strong>vero</strong></span> <span class='ocrx_word' id='word_1_182' title='bbox 1132 2435 1435 2504; x_wconf 74' lang='lat' dir='ltr'><strong>uniger‘iitus</strong></span> <span class='ocrx_word' id='word_1_183' title='bbox 1465 2434 1562 2489; x_wconf 85' lang='lat' dir='ltr'><strong>Dei</strong></span> <span class='ocrx_word' id='word_1_184' title='bbox 1585 2434 1773 2498; x_wconf 87' lang='lat' dir='ltr'><strong>Filius,</strong></span> <span class='ocrx_word' id='word_1_185' title='bbox 1805 2442 1912 2489; x_wconf 82' lang='lat' dir='ltr'><strong>non</strong></span> 
     </span>
    </p>
   </div>
   <div class='ocr_carea' id='block_1_26' title="bbox 329 2525 1912 2595">
    <p class='ocr_par' dir='ltr' id='par_1_26' title="bbox 329 2525 1912 2595">
     <span class='ocr_line' id='line_1_26' title="bbox 329 2525 1912 2595; baseline 0.001 -16"><span class='ocrx_word' id='word_1_186' title='bbox 329 2525 547 2595; x_wconf 67' lang='lat' dir='ltr'><strong>viginti,</strong></span> <span class='ocrx_word' id='word_1_187' title='bbox 582 2534 690 2580; x_wconf 90' lang='lat' dir='ltr'><strong>non</strong></span> <span class='ocrx_word' id='word_1_188' title='bbox 720 2531 935 2579; x_wconf 80' lang='lat' dir='ltr'><strong>centum</strong></span> <span class='ocrx_word' id='word_1_189' title='bbox 986 2525 1309 2579; x_wconf 65' lang='lat' dir='ltr'><strong>satellitibus</strong></span> <span class='ocrx_word' id='word_1_190' title='bbox 1332 2525 1577 2595; x_wconf 65' lang='lat' dir='ltr'><strong>stipatus,</strong></span> <span class='ocrx_word' id='word_1_191' title='bbox 1611 2525 1707 2580; x_wconf 85' lang='lat' dir='ltr'><strong>sed</strong></span> <span class='ocrx_word' id='word_1_192' title='bbox 1737 2526 1912 2581; x_wconf 81' lang='lat' dir='ltr'><strong>milie-</strong></span> 
     </span>
    </p>
   </div>
   <div class='ocr_carea' id='block_1_27' title="bbox 331 2613 1913 2686">
    <p class='ocr_par' dir='ltr' id='par_1_27' title="bbox 331 2613 1913 2686">
     <span class='ocr_line' id='line_1_27' title="bbox 331 2613 1913 2686; baseline 0.001 -17"><span class='ocrx_word' id='word_1_193' title='bbox 331 2615 420 2670; x_wconf 89' lang='lat' dir='ltr'><strong>nis</strong></span> <span class='ocrx_word' id='word_1_194' title='bbox 459 2622 514 2670; x_wconf 87' lang='lat' dir='ltr'><strong>et</strong></span> <span class='ocrx_word' id='word_1_195' title='bbox 550 2613 731 2671; x_wconf 74' lang='lat' dir='ltr'><strong>decies</strong></span> <span class='ocrx_word' id='word_1_196' title='bbox 772 2613 963 2669; x_wconf 82' lang='lat' dir='ltr'><strong>millies</strong></span> <span class='ocrx_word' id='word_1_197' title='bbox 991 2616 1222 2670; x_wconf 83' lang='lat' dir='ltr'><strong>millenis</strong></span> <span class='ocrx_word' id='word_1_198' title='bbox 1247 2616 1450 2685; x_wconf 81' lang='lat' dir='ltr'><strong>angelis</strong></span> <span class='ocrx_word' id='word_1_199' title='bbox 1477 2625 1532 2669; x_wconf 89' lang='lat' dir='ltr'><strong>et</strong></span> <span class='ocrx_word' id='word_1_200' title='bbox 1558 2614 1913 2686; x_wconf 67' lang='lat' dir='ltr'><strong>archangelis’,</strong></span> 
     </span>
    </p>
   </div>
   <div class='ocr_carea' id='block_1_28' title="bbox 329 2706 1911 2776">
    <p class='ocr_par' dir='ltr' id='par_1_28' title="bbox 329 2706 1911 2776">
     <span class='ocr_line' id='line_1_28' title="bbox 329 2706 1911 2776; baseline 0.003 -17"><span class='ocrx_word' id='word_1_201' title='bbox 329 2706 616 2775; x_wconf 69' lang='lat' dir='ltr'><strong>omniaque</strong></span> <span class='ocrx_word' id='word_1_202' title='bbox 633 2712 797 2761; x_wconf 87' lang='lat' dir='ltr'><strong>erunt</strong></span> <span class='ocrx_word' id='word_1_203' title='bbox 813 2707 1001 2760; x_wconf 75' lang='lat' dir='ltr'><strong>timore</strong></span> <span class='ocrx_word' id='word_1_204' title='bbox 1017 2715 1070 2761; x_wconf 90' lang='lat' dir='ltr'><strong>ct</strong></span> <span class='ocrx_word' id='word_1_205' title='bbox 1090 2710 1292 2761; x_wconf 83' lang='lat' dir='ltr'><strong>terrore</strong></span> <span class='ocrx_word' id='word_1_206' title='bbox 1314 2706 1489 2776; x_wconf 79' lang='lat' dir='ltr'><strong>plena,</strong></span> <span class='ocrx_word' id='word_1_207' title='bbox 1508 2706 1729 2764; x_wconf 77' lang='lat' dir='ltr'><strong>diScissa</strong></span> <span class='ocrx_word' id='word_1_208' title='bbox 1752 2712 1911 2775; x_wconf 72' lang='lat' dir='ltr'><strong>terra,</strong></span> 
     </span>
    </p>
   </div>
   <div class='ocr_carea' id='block_1_29' title="bbox 331 2796 1910 2868">
    <p class='ocr_par' dir='ltr' id='par_1_29' title="bbox 331 2796 1910 2868">
     <span class='ocr_line' id='line_1_29' title="bbox 331 2796 1910 2868; baseline 0.002 -17"><span class='ocrx_word' id='word_1_209' title='bbox 331 2796 687 2867; x_wconf 75' lang='lat' dir='ltr'><strong>manibusque</strong></span> <span class='ocrx_word' id='word_1_210' title='bbox 706 2796 1103 2861; x_wconf 78' lang='lat' dir='ltr'><strong>hominibusab</strong></span> <span class='ocrx_word' id='word_1_211' title='bbox 1114 2797 1283 2861; x_wconf 78' lang='lat' dir='ltr'><strong>Adam</strong></span> <span class='ocrx_word' id='word_1_212' title='bbox 1305 2811 1474 2868; x_wconf 89' lang='lat' dir='ltr'><strong>usque</strong></span> <span class='ocrx_word' id='word_1_213' title='bbox 1492 2798 1560 2853; x_wconf 86' lang='lat' dir='ltr'><strong>ad</strong></span> <span class='ocrx_word' id='word_1_214' title='bbox 1583 2799 1729 2859; x_wconf 87' lang='lat' dir='ltr'><strong>illam</strong></span> <span class='ocrx_word' id='word_1_215' title='bbox 1748 2799 1910 2866; x_wconf 90' lang='lat' dir='ltr'><strong>diem,</strong></span> 
     </span>
    </p>
   </div>
   <div class='ocr_carea' id='block_1_30' title="bbox 330 2888 1913 2962">
    <p class='ocr_par' dir='ltr' id='par_1_30' title="bbox 330 2888 1913 2962">
     <span class='ocr_line' id='line_1_30' title="bbox 330 2888 1913 2962; baseline 0.003 -19"><span class='ocrx_word' id='word_1_216' title='bbox 330 2904 401 2956; x_wconf 79' lang='lat' dir='ltr'><strong>ex</strong></span> <span class='ocrx_word' id='word_1_217' title='bbox 430 2896 585 2945; x_wconf 83' lang='lat' dir='ltr'><strong>terra</strong></span> <span class='ocrx_word' id='word_1_218' title='bbox 600 2888 940 2959; x_wconf 70' lang='lat' dir='ltr'><strong>surgentibus</strong></span> <span class='ocrx_word' id='word_1_219' title='bbox 969 2894 1023 2944; x_wconf 89' lang='lat' dir='ltr'><strong>et</strong></span> <span class='ocrx_word' id='word_1_220' title='bbox 1050 2888 1304 2959; x_wconf 71' lang='lat' dir='ltr'><strong>abreptis,</strong></span> <span class='ocrx_word' id='word_1_221' title='bbox 1336 2890 1455 2960; x_wconf 89' lang='lat' dir='ltr'><strong>ipso</strong></span> <span class='ocrx_word' id='word_1_222' title='bbox 1477 2898 1599 2945; x_wconf 89' lang='lat' dir='ltr'><strong>cum</strong></span> <span class='ocrx_word' id='word_1_223' title='bbox 1628 2901 1769 2947; x_wconf 89' lang='lat' dir='ltr'><strong>tanta</strong></span> <span class='ocrx_word' id='word_1_224' title='bbox 1794 2891 1913 2962; x_wconf 72' lang='lat' dir='ltr'><strong>glo-</strong></span> 
     </span>
    </p>
   </div>
   <div class='ocr_carea' id='block_1_31' title="bbox 335 2979 1912 3059">
    <p class='ocr_par' dir='ltr' id='par_1_31' title="bbox 335 2979 1912 3059">
     <span class='ocr_line' id='line_1_31' title="bbox 335 2979 1912 3059; baseline 0.002 -25"><span class='ocrx_word' id='word_1_225' title='bbox 335 2980 416 3044; x_wconf 79' lang='lat' dir='ltr'><strong>ria</strong></span> <span class='ocrx_word' id='word_1_226' title='bbox 448 2979 721 3059; x_wconf 74' lang='lat' dir='ltr'><strong>fulgente,</strong></span> <span class='ocrx_word' id='word_1_227' title='bbox 747 2987 807 3034; x_wconf 90' lang='lat' dir='ltr'><strong>ut</strong></span> <span class='ocrx_word' id='word_1_228' title='bbox 833 2980 963 3035; x_wconf 86' lang='lat' dir='ltr'><strong>solis</strong></span> <span class='ocrx_word' id='word_1_229' title='bbox 987 2987 1041 3036; x_wconf 89' lang='lat' dir='ltr'><strong>et</strong></span> <span class='ocrx_word' id='word_1_230' title='bbox 1067 2980 1205 3035; x_wconf 81' lang='lat' dir='ltr'><strong>lunae</strong></span> <span class='ocrx_word' id='word_1_231' title='bbox 1235 2987 1397 3035; x_wconf 89' lang='lat' dir='ltr'><strong>totam</strong></span> <span class='ocrx_word' id='word_1_232' title='bbox 1423 2982 1601 3038; x_wconf 86' lang='lat' dir='ltr'><strong>lucem</strong></span> <span class='ocrx_word' id='word_1_233' title='bbox 1623 2982 1912 3048; x_wconf 89' lang='lat' dir='ltr'><strong>occultent,</strong></span> 
     </span>
    </p>
   </div>
   <div class='ocr_carea' id='block_1_32' title="bbox 331 3062 1917 3153">
    <p class='ocr_par' dir='ltr' id='par_1_32' title="bbox 331 3062 1917 3153">
     <span class='ocr_line' id='line_1_32' title="bbox 331 3062 1917 3153; baseline 0.004 -28"><span class='ocrx_word' id='word_1_234' title='bbox 331 3071 503 3133; x_wconf 79' lang='lat' dir='ltr'><strong>radiis</strong></span> <span class='ocrx_word' id='word_1_235' title='bbox 527 3073 632 3129; x_wconf 85' lang='lat' dir='ltr'><strong>illis</strong></span> <span class='ocrx_word' id='word_1_236' title='bbox 654 3073 823 3153; x_wconf 71' lang='lat' dir='ltr'><strong>ipsam</strong></span> <span class='ocrx_word' id='word_1_237' title='bbox 851 3073 1245 3143; x_wconf 76' lang='lat' dir='ltr'><strong>superantibus.</strong></span> <span class='ocrx_word' id='word_1_238' title='bbox 1274 3062 1401 3143; x_wconf 77' lang='lat' dir='ltr'><strong>Sed,</strong></span> <span class='ocrx_word' id='word_1_239' title='bbox 1428 3073 1531 3129; x_wconf 85' lang='lat' dir='ltr'><strong>lreu</strong></span> <span class='ocrx_word' id='word_1_240' title='bbox 1558 3090 1665 3141; x_wconf 79' lang='lat' dir='ltr'><strong>me,</strong></span> <span class='ocrx_word' id='word_1_241' title='bbox 1686 3080 1917 3145; x_wconf 84' lang='lat' dir='ltr'><strong>quantus</strong></span> 
     </span>
    </p>
   </div>
   <div class='ocr_carea' id='block_1_33' title="bbox 333 3164 1917 3237">
    <p class='ocr_par' dir='ltr' id='par_1_33' title="bbox 333 3164 1917 3237">
     <span class='ocr_line' id='line_1_33' title="bbox 333 3164 1917 3237; baseline 0.004 -19"><span class='ocrx_word' id='word_1_242' title='bbox 333 3171 522 3235; x_wconf 88' lang='lat' dir='ltr'><strong>stupor</strong></span> <span class='ocrx_word' id='word_1_243' title='bbox 550 3164 669 3232; x_wconf 81' lang='lat' dir='ltr'><strong>ille,</strong></span> <span class='ocrx_word' id='word_1_244' title='bbox 695 3176 821 3219; x_wconf 81' lang='lat' dir='ltr'><strong>cum</strong></span> <span class='ocrx_word' id='word_1_245' title='bbox 848 3166 969 3229; x_wconf 78' lang='lat' dir='ltr'><strong>talia</strong></span> <span class='ocrx_word' id='word_1_246' title='bbox 999 3170 1369 3236; x_wconf 65' lang='lat' dir='ltr'><strong>exspectantes</strong></span> <span class='ocrx_word' id='word_1_247' title='bbox 1397 3166 1539 3223; x_wconf 78' lang='lat' dir='ltr'><strong>bona</strong></span> <span class='ocrx_word' id='word_1_248' title='bbox 1565 3168 1917 3237; x_wconf 63' lang='lat' dir='ltr'><strong>praesentibus</strong></span> 
     </span>
    </p>
   </div>
   <div class='ocr_carea' id='block_1_34' title="bbox 336 3256 1917 3332">
    <p class='ocr_par' dir='ltr' id='par_1_34' title="bbox 336 3256 1917 3332">
     <span class='ocr_line' id='line_1_34' title="bbox 336 3256 1917 3332; baseline 0.004 -22"><span class='ocrx_word' id='word_1_249' title='bbox 336 3256 638 3323; x_wconf 77' lang='lat' dir='ltr'><strong>inhiamus,</strong></span> <span class='ocrx_word' id='word_1_250' title='bbox 685 3270 786 3312; x_wconf 88' lang='lat' dir='ltr'><strong>nec</strong></span> <span class='ocrx_word' id='word_1_251' title='bbox 812 3258 1112 3329; x_wconf 72' lang='lat' dir='ltr'><strong>cogitamus</strong></span> <span class='ocrx_word' id='word_1_252' title='bbox 1139 3257 1334 3321; x_wconf 84' lang='lat' dir='ltr'><strong>diaboli</strong></span> <span class='ocrx_word' id='word_1_253' title='bbox 1364 3258 1627 3316; x_wconf 77' lang='lat' dir='ltr'><strong>vafritiem</strong></span> <span class='ocrx_word' id='word_1_254' title='bbox 1650 3302 1665 3325; x_wconf 89' lang='lat'><strong>,</strong></span> <span class='ocrx_word' id='word_1_255' title='bbox 1692 3261 1781 3330; x_wconf 90' lang='lat' dir='ltr'><strong>qui</strong></span> <span class='ocrx_word' id='word_1_256' title='bbox 1822 3274 1917 3332; x_wconf 85' lang='lat' dir='ltr'><strong>per</strong></span> 
     </span>
    </p>
   </div>
   <div class='ocr_carea' id='block_1_35' title="bbox 336 3345 1913 3420">
    <p class='ocr_par' dir='ltr' id='par_1_35' title="bbox 336 3345 1913 3420">
     <span class='ocr_line' id='line_1_35' title="bbox 336 3345 1913 3420; baseline 0.003 -16"><span class='ocrx_word' id='word_1_257' title='bbox 336 3360 426 3404; x_wconf 76' lang='lat' dir='ltr'><strong>res</strong></span> <span class='ocrx_word' id='word_1_258' title='bbox 450 3345 567 3401; x_wconf 81' lang='lat' dir='ltr'><strong>illas</strong></span> <span class='ocrx_word' id='word_1_259' title='bbox 600 3345 824 3417; x_wconf 76' lang='lat' dir='ltr'><strong>exiguas</strong></span> <span class='ocrx_word' id='word_1_260' title='bbox 844 3349 1049 3418; x_wconf 75' lang='lat' dir='ltr'><strong>magnis</strong></span> <span class='ocrx_word' id='word_1_261' title='bbox 1078 3354 1177 3403; x_wconf 84' lang='lat' dir='ltr'><strong>nos</strong></span> <span class='ocrx_word' id='word_1_262' title='bbox 1201 3350 1374 3419; x_wconf 75' lang='lat' dir='ltr'><strong>privat</strong></span> <span class='ocrx_word' id='word_1_263' title='bbox 1397 3349 1571 3415; x_wconf 85' lang='lat' dir='ltr'><strong>bonis,</strong></span> <span class='ocrx_word' id='word_1_264' title='bbox 1607 3350 1697 3405; x_wconf 88' lang='lat' dir='ltr'><strong>dat</strong></span> <span class='ocrx_word' id='word_1_265' title='bbox 1723 3352 1913 3420; x_wconf 77' lang='lat' dir='ltr'><strong>tutum,</strong></span> 
     </span>
    </p>
   </div>
   <div class='ocr_carea' id='block_1_36' title="bbox 335 3436 1916 3511">
    <p class='ocr_par' dir='ltr' id='par_1_36' title="bbox 335 3436 1916 3511">
     <span class='ocr_line' id='line_1_36' title="bbox 335 3436 1916 3511; baseline 0.004 -20"><span class='ocrx_word' id='word_1_266' title='bbox 335 3447 395 3491; x_wconf 92' lang='lat' dir='ltr'><strong>ut</strong></span> <span class='ocrx_word' id='word_1_267' title='bbox 421 3436 650 3507; x_wconf 87' lang='lat' dir='ltr'><strong>abripiat</strong></span> <span class='ocrx_word' id='word_1_268' title='bbox 674 3437 886 3503; x_wconf 65' lang='lat' dir='ltr'><strong>caelum,</strong></span> <span class='ocrx_word' id='word_1_269' title='bbox 916 3438 1155 3498; x_wconf 81' lang='lat' dir='ltr'><strong>umbram</strong></span> <span class='ocrx_word' id='word_1_270' title='bbox 1183 3439 1419 3507; x_wconf 76' lang='lat' dir='ltr'><strong>exhibet,</strong></span> <span class='ocrx_word' id='word_1_271' title='bbox 1447 3450 1507 3496; x_wconf 90' lang='lat' dir='ltr'><strong>ut</strong></span> <span class='ocrx_word' id='word_1_272' title='bbox 1530 3442 1761 3511; x_wconf 82' lang='lat' dir='ltr'><strong>expellat</strong></span> <span class='ocrx_word' id='word_1_273' title='bbox 1778 3444 1916 3497; x_wconf 87' lang='lat' dir='ltr'><strong>veri-</strong></span> 
     </span>
    </p>
   </div>
   <div class='ocr_carea' id='block_1_37' title="bbox 335 3529 1919 3603">
    <p class='ocr_par' dir='ltr' id='par_1_37' title="bbox 335 3529 1919 3603">
     <span class='ocr_line' id='line_1_37' title="bbox 335 3529 1919 3603; baseline 0.003 -19"><span class='ocrx_word' id='word_1_274' title='bbox 335 3539 527 3596; x_wconf 80' lang='lat' dir='ltr'><strong>tatem,</strong></span> <span class='ocrx_word' id='word_1_275' title='bbox 552 3537 710 3599; x_wconf 86' lang='lat' dir='ltr'><strong>atque</strong></span> <span class='ocrx_word' id='word_1_276' title='bbox 735 3529 789 3584; x_wconf 90' lang='lat' dir='ltr'><strong>in</strong></span> <span class='ocrx_word' id='word_1_277' title='bbox 810 3531 1031 3586; x_wconf 84' lang='lat' dir='ltr'><strong>somniis</strong></span> <span class='ocrx_word' id='word_1_278' title='bbox 1050 3534 1245 3585; x_wconf 84' lang='lat' dir='ltr'><strong>vanam</strong></span> <span class='ocrx_word' id='word_1_279' title='bbox 1263 3532 1497 3588; x_wconf 84' lang='lat' dir='ltr'><strong>ostendit</strong></span> <span class='ocrx_word' id='word_1_280' title='bbox 1520 3546 1768 3603; x_wconf 86' lang='lat' dir='ltr'><strong>pompam</strong></span> <span class='ocrx_word' id='word_1_281' title='bbox 1791 3533 1919 3603; x_wconf 84' lang='lat' dir='ltr'><strong>(hoc</strong></span> 
     </span>
    </p>
   </div>
   <div class='ocr_carea' id='block_1_38' title="bbox 332 3622 1915 3694">
    <p class='ocr_par' dir='ltr' id='par_1_38' title="bbox 332 3622 1915 3694">
     <span class='ocr_line' id='line_1_38' title="bbox 332 3622 1915 3694; baseline 0.003 -18"><span class='ocrx_word' id='word_1_282' title='bbox 332 3622 478 3683; x_wconf 79' lang='lat' dir='ltr'><strong>enim</strong></span> <span class='ocrx_word' id='word_1_283' title='bbox 522 3629 647 3677; x_wconf 84' lang='lat' dir='ltr'><strong>sunt</strong></span> <span class='ocrx_word' id='word_1_284' title='bbox 674 3630 968 3692; x_wconf 67' lang='lat' dir='ltr'><strong>praesentes</strong></span> <span class='ocrx_word' id='word_1_285' title='bbox 1000 3622 1236 3694; x_wconf 60' lang='lat' dir='ltr'><strong>divitiae)</strong></span> <span class='ocrx_word' id='word_1_286' title='bbox 1258 3666 1273 3688; x_wconf 87' lang='lat'><strong>,</strong></span> <span class='ocrx_word' id='word_1_287' title='bbox 1302 3624 1388 3690; x_wconf 87' lang='lat' dir='ltr'><strong>ut,</strong></span> <span class='ocrx_word' id='word_1_288' title='bbox 1428 3622 1749 3683; x_wconf 79' lang='lat' dir='ltr'><strong>adveniente</strong></span> <span class='ocrx_word' id='word_1_289' title='bbox 1778 3624 1915 3694; x_wconf 88' lang='lat' dir='ltr'><strong>Iuce&#39;,</strong></span> 
     </span>
    </p>
   </div>
   <div class='ocr_carea' id='block_1_39' title="bbox 336 3713 1917 3784">
    <p class='ocr_par' dir='ltr' id='par_1_39' title="bbox 336 3713 1917 3784">
     <span class='ocr_line' id='line_1_39' title="bbox 336 3713 1917 3784; baseline 0.001 -15"><span class='ocrx_word' id='word_1_290' title='bbox 336 3726 436 3770; x_wconf 75' lang='lat' dir='ltr'><strong>nos</strong></span> <span class='ocrx_word' id='word_1_291' title='bbox 476 3714 714 3770; x_wconf 73' lang='lat' dir='ltr'><strong>monium</strong></span> <span class='ocrx_word' id='word_1_292' title='bbox 746 3715 1112 3784; x_wconf 74' lang='lat' dir='ltr'><strong>pauperrims</strong></span> <span class='ocrx_word' id='word_1_293' title='bbox 1139 3713 1408 3770; x_wconf 58' lang='lat' dir='ltr'><strong>eihi-beat.</strong></span> <span class='ocrx_word' id='word_1_294' title='bbox 1450 3715 1579 3782; x_wconf 78' lang='lat' dir='ltr'><strong>Qum</strong></span> <span class='ocrx_word' id='word_1_295' title='bbox 1618 3731 1737 3770; x_wconf 92' lang='lat' dir='ltr'><strong>cum</strong></span> <span class='ocrx_word' id='word_1_296' title='bbox 1779 3717 1917 3772; x_wconf 78' lang='lat' dir='ltr'><strong>scia-</strong></span> 
     </span>
    </p>
   </div>
   <div class='ocr_carea' id='block_1_40' title="bbox 338 3805 1917 3877">
    <p class='ocr_par' dir='ltr' id='par_1_40' title="bbox 338 3805 1917 3877">
     <span class='ocr_line' id='line_1_40' title="bbox 338 3805 1917 3877; baseline 0.002 -16"><span class='ocrx_word' id='word_1_297' title='bbox 338 3818 457 3861; x_wconf 85' lang='lat' dir='ltr'><strong>mus</strong></span> <span class='ocrx_word' id='word_1_298' title='bbox 477 3847 492 3873; x_wconf 95' lang='lat'><strong>,</strong></span> <span class='ocrx_word' id='word_1_299' title='bbox 524 3805 705 3863; x_wconf 87' lang='lat' dir='ltr'><strong>dilecti</strong></span> <span class='ocrx_word' id='word_1_300' title='bbox 730 3847 747 3873; x_wconf 90' lang='lat'><strong>,</strong></span> <span class='ocrx_word' id='word_1_301' title='bbox 775 3806 890 3875; x_wconf 79' lang='lat' dir='ltr'><strong>ejus</strong></span> <span class='ocrx_word' id='word_1_302' title='bbox 915 3806 1099 3861; x_wconf 75' lang='lat' dir='ltr'><strong>(icium</strong></span> <span class='ocrx_word' id='word_1_303' title='bbox 1127 3805 1429 3877; x_wconf 79' lang='lat' dir='ltr'><strong>fugiamus,</strong></span> <span class='ocrx_word' id='word_1_304' title='bbox 1460 3805 1512 3862; x_wconf 90' lang='lat' dir='ltr'><strong>id</strong></span> <span class='ocrx_word' id='word_1_305' title='bbox 1540 3809 1707 3863; x_wconf 89' lang='lat' dir='ltr'><strong>vitare</strong></span> <span class='ocrx_word' id='word_1_306' title='bbox 1759 3818 1917 3864; x_wconf 83' lang='lat' dir='ltr'><strong>cure-</strong></span> 
     </span>
    </p>
   </div>
   <div class='ocr_carea' id='block_1_41' title="bbox 338 3896 1918 3964">
    <p class='ocr_par' dir='ltr' id='par_1_41' title="bbox 338 3896 1918 3964">
     <span class='ocr_line' id='line_1_41' title="bbox 338 3896 1918 3964; baseline 0.003 -13"><span class='ocrx_word' id='word_1_307' title='bbox 338 3913 484 3963; x_wconf 78' lang='lat' dir='ltr'><strong>mus,</strong></span> <span class='ocrx_word' id='word_1_308' title='bbox 513 3911 582 3952; x_wconf 92' lang='lat' dir='ltr'><strong>ne</strong></span> <span class='ocrx_word' id='word_1_309' title='bbox 610 3905 729 3952; x_wconf 92' lang='lat' dir='ltr'><strong>cum</strong></span> <span class='ocrx_word' id='word_1_310' title='bbox 760 3897 855 3952; x_wconf 82' lang='lat' dir='ltr'><strong>illo</strong></span> <span class='ocrx_word' id='word_1_311' title='bbox 878 3896 1228 3964; x_wconf 78' lang='lat' dir='ltr'><strong>damnemur&#39;,</strong></span> <span class='ocrx_word' id='word_1_312' title='bbox 1258 3902 1327 3953; x_wconf 79' lang='lat' dir='ltr'><strong>ne</strong></span> <span class='ocrx_word' id='word_1_313' title='bbox 1355 3898 1509 3953; x_wconf 87' lang='lat' dir='ltr'><strong>nobis</strong></span> <span class='ocrx_word' id='word_1_314' title='bbox 1532 3898 1702 3955; x_wconf 80' lang='lat' dir='ltr'><strong>Judex</strong></span> <span class='ocrx_word' id='word_1_315' title='bbox 1733 3898 1874 3954; x_wconf 88' lang='lat' dir='ltr'><strong>dicat</strong></span> <span class='ocrx_word' id='word_1_316' title='bbox 1903 3919 1918 3956; x_wconf 90' lang='lat'>:</span> 
     </span>
    </p>
   </div>
   <div class='ocr_carea' id='block_1_42' title="bbox 334 3989 1918 4062">
    <p class='ocr_par' dir='ltr' id='par_1_42' title="bbox 334 3989 1918 4062">
     <span class='ocr_line' id='line_1_42' title="bbox 334 3989 1918 4062; baseline 0.003 -20"><span class='ocrx_word' id='word_1_317' title='bbox 334 3989 591 4044; x_wconf 77' lang='lat' dir='ltr'><strong>Discedite</strong></span> <span class='ocrx_word' id='word_1_318' title='bbox 614 4005 647 4042; x_wconf 87' lang='lat' dir='ltr'><strong>a</strong></span> <span class='ocrx_word' id='word_1_319' title='bbox 670 4005 782 4055; x_wconf 83' lang='lat' dir='ltr'><strong>me,</strong></span> <span class='ocrx_word' id='word_1_320' title='bbox 811 3990 1071 4043; x_wconf 76' lang='lat' dir='ltr'><strong>maledicti</strong></span> <span class='ocrx_word' id='word_1_321' title='bbox 1086 4014 1105 4058; x_wconf 54' lang='grc' dir='ltr'><em>ί</em></span> <span class='ocrx_word' id='word_1_322' title='bbox 1135 3992 1192 4043; x_wconf 69' lang='lat' dir='ltr'><strong>iri</strong></span> <span class='ocrx_word' id='word_1_323' title='bbox 1216 3990 1383 4061; x_wconf 80' lang='lat' dir='ltr'><strong>ignem</strong></span> <span class='ocrx_word' id='word_1_324' title='bbox 1408 3999 1652 4046; x_wconf 59' lang='lat' dir='ltr'><strong>alternum</strong></span> <span class='ocrx_word' id='word_1_325' title='bbox 1683 3997 1918 4062; x_wconf 72' lang='lat' dir='ltr'><strong>partitum</strong></span> 
     </span>
    </p>
   </div>
   <div class='ocr_carea' id='block_1_43' title="bbox 334 4081 1489 4157">
    <p class='ocr_par' dir='ltr' id='par_1_43' title="bbox 334 4081 1489 4157">
     <span class='ocr_line' id='line_1_43' title="bbox 334 4081 1489 4157; baseline 0.003 -22"><span class='ocrx_word' id='word_1_326' title='bbox 334 4082 537 4145; x_wconf 75' lang='lat' dir='ltr'><strong>diabolo</strong></span> <span class='ocrx_word' id='word_1_327' title='bbox 560 4090 608 4135; x_wconf 85' lang='lat' dir='ltr'><strong>et</strong></span> <span class='ocrx_word' id='word_1_328' title='bbox 634 4082 835 4153; x_wconf 64' lang='lat' dir='ltr'><strong>angelis</strong></span> <span class='ocrx_word' id='word_1_329' title='bbox 860 4084 973 4153; x_wconf 65' lang='lat' dir='ltr'><strong>ejus</strong></span> <span class='ocrx_word' id='word_1_330' title='bbox 1000 4081 1214 4153; x_wconf 72' lang='lat' dir='ltr'><strong>(Matth.</strong></span> <span class='ocrx_word' id='word_1_331' title='bbox 1242 4082 1333 4138; x_wconf 71' lang='lat'><strong>25.</strong></span> <span class='ocrx_word' id='word_1_332' title='bbox 1359 4084 1422 4138; x_wconf 73' lang='grc' dir='ltr'><strong><em>Μ</em></strong></span> <span class='ocrx_word' id='word_1_333' title='bbox 1446 4083 1489 4157; x_wconf 89' lang='grc'><strong>).</strong></span> 
     </span>
    </p>
   </div>
   <div class='ocr_carea' id='block_1_44' title="bbox 403 4173 1915 4247">
    <p class='ocr_par' dir='ltr' id='par_1_44' title="bbox 403 4173 1915 4247">
     <span class='ocr_line' id='line_1_44' title="bbox 403 4173 1915 4247; baseline 0.002 -20"><span class='ocrx_word' id='word_1_334' title='bbox 403 4173 458 4227; x_wconf 91' lang='lat'><strong>7.</strong></span> <span class='ocrx_word' id='word_1_335' title='bbox 498 4173 569 4227; x_wconf 74' lang='lat' dir='ltr'><strong>Iit</strong></span> <span class='ocrx_word' id='word_1_336' title='bbox 597 4173 863 4243; x_wconf 80' lang='lat' dir='ltr'><strong>benignus</strong></span> <span class='ocrx_word' id='word_1_337' title='bbox 883 4182 967 4228; x_wconf 81' lang='lat' dir='ltr'><strong>est</strong></span> <span class='ocrx_word' id='word_1_338' title='bbox 996 4174 1167 4239; x_wconf 84' lang='lat' dir='ltr'><strong>Deus;</strong></span> <span class='ocrx_word' id='word_1_339' title='bbox 1199 4174 1253 4228; x_wconf 90' lang='lat' dir='ltr'><strong>id</strong></span> <span class='ocrx_word' id='word_1_340' title='bbox 1281 4178 1387 4229; x_wconf 85' lang='lat' dir='ltr'><strong>non</strong></span> <span class='ocrx_word' id='word_1_341' title='bbox 1418 4176 1625 4231; x_wconf 83' lang='lat' dir='ltr'><strong>accidet</strong></span> <span class='ocrx_word' id='word_1_342' title='bbox 1646 4217 1660 4241; x_wconf 95' lang='lat'><strong>,</strong></span> <span class='ocrx_word' id='word_1_343' title='bbox 1686 4176 1915 4247; x_wconf 84' lang='lat' dir='ltr'><strong>inquies.</strong></span> 
     </span>
    </p>
   </div>
   <div class='ocr_carea' id='block_1_45' title="bbox 332 4265 1918 4338">
    <p class='ocr_par' dir='ltr' id='par_1_45' title="bbox 332 4265 1918 4338">
     <span class='ocr_line' id='line_1_45' title="bbox 332 4265 1918 4338; baseline 0.004 -19"><span class='ocrx_word' id='word_1_344' title='bbox 332 4265 548 4334; x_wconf 77' lang='lat' dir='ltr'><strong>Ergone</strong></span> <span class='ocrx_word' id='word_1_345' title='bbox 578 4270 775 4319; x_wconf 79' lang='lat' dir='ltr'><strong>frustra</strong></span> <span class='ocrx_word' id='word_1_346' title='bbox 802 4265 1059 4334; x_wconf 78' lang='lat' dir='ltr'><strong>scriptum</strong></span> <span class='ocrx_word' id='word_1_347' title='bbox 1087 4266 1211 4320; x_wconf 85' lang='lat' dir='ltr'><strong>est?</strong></span> <span class='ocrx_word' id='word_1_348' title='bbox 1240 4266 1583 4338; x_wconf 87' lang='lat' dir='ltr'><strong>Nequaquam</strong></span> <span class='ocrx_word' id='word_1_349' title='bbox 1602 4309 1617 4335; x_wconf 91' lang='lat'><strong>,</strong></span> <span class='ocrx_word' id='word_1_350' title='bbox 1644 4270 1791 4336; x_wconf 83' lang='lat' dir='ltr'><strong>ales;</strong></span> <span class='ocrx_word' id='word_1_351' title='bbox 1821 4270 1918 4326; x_wconf 88' lang='lat' dir='ltr'><strong>sed</strong></span> 
     </span>
    </p>
   </div>
   <div class='ocr_carea' id='block_1_46' title="bbox 333 4348 1919 4433">
    <p class='ocr_par' dir='ltr' id='par_1_46' title="bbox 333 4348 1919 4433">
     <span class='ocr_line' id='line_1_46' title="bbox 333 4348 1919 4433; baseline 0.004 -22"><span class='ocrx_word' id='word_1_352' title='bbox 333 4356 402 4411; x_wconf 86' lang='lat' dir='ltr'><strong>ad</strong></span> <span class='ocrx_word' id='word_1_353' title='bbox 430 4348 903 4412; x_wconf 86' lang='lat' dir='ltr'><strong>comminationem</strong></span> <span class='ocrx_word' id='word_1_354' title='bbox 925 4358 1119 4423; x_wconf 85' lang='lat' dir='ltr'><strong>solum,</strong></span> <span class='ocrx_word' id='word_1_355' title='bbox 1150 4367 1211 4421; x_wconf 85' lang='lat' dir='ltr'><strong>ut</strong></span> <span class='ocrx_word' id='word_1_356' title='bbox 1247 4360 1646 4430; x_wconf 86' lang='lat' dir='ltr'><strong>resipiscanms.</strong></span> <span class='ocrx_word' id='word_1_357' title='bbox 1677 4362 1732 4419; x_wconf 88' lang='lat' dir='ltr'><strong>Si</strong></span> <span class='ocrx_word' id='word_1_358' title='bbox 1762 4364 1919 4433; x_wconf 77' lang='lat' dir='ltr'><strong>igitur</strong></span> 
     </span>
    </p>
   </div>
   <div class='ocr_carea' id='block_1_47' title="bbox 334 4449 1921 4523">
    <p class='ocr_par' dir='ltr' id='par_1_47' title="bbox 334 4449 1921 4523">
     <span class='ocr_line' id='line_1_47' title="bbox 334 4449 1921 4523; baseline 0.004 -16"><span class='ocrx_word' id='word_1_359' title='bbox 334 4463 442 4507; x_wconf 79' lang='lat' dir='ltr'><strong>non</strong></span> <span class='ocrx_word' id='word_1_360' title='bbox 462 4449 855 4519; x_wconf 74' lang='lat' dir='ltr'><strong>resipiSca‘m&#39;us,</strong></span> <span class='ocrx_word' id='word_1_361' title='bbox 883 4450 977 4507; x_wconf 87' lang='lat' dir='ltr'><strong>sed</strong></span> <span class='ocrx_word' id='word_1_362' title='bbox 998 4451 1229 4521; x_wconf 85' lang='lat' dir='ltr'><strong>improbi</strong></span> <span class='ocrx_word' id='word_1_363' title='bbox 1255 4458 1586 4523; x_wconf 72' lang='lat' dir='ltr'><strong>maneamus,</strong></span> <span class='ocrx_word' id='word_1_364' title='bbox 1614 4468 1812 4523; x_wconf 86' lang='lat' dir='ltr'><strong>nonne,</strong></span> <span class='ocrx_word' id='word_1_365' title='bbox 1834 4452 1921 4513; x_wconf 85' lang='lat' dir='ltr'><strong>die</strong></span> 
     </span>
    </p>
   </div>
   <div class='ocr_carea' id='block_1_48' title="bbox 250 4536 1918 4615">
    <p class='ocr_par' dir='ltr' id='par_1_48' title="bbox 250 4536 1918 4615">
     <span class='ocr_line' id='line_1_48' title="bbox 250 4536 1918 4615; baseline 0.006 -22"><span class='ocrx_word' id='word_1_366' title='bbox 250 4536 255 4541; x_wconf 70' lang='grc'><em>”</em></span> <span class='ocrx_word' id='word_1_367' title='bbox 333 4541 485 4606; x_wconf 85' lang='grc'><strong>1111111,</strong></span> <span class='ocrx_word' id='word_1_368' title='bbox 504 4540 817 4610; x_wconf 83' lang='lat' dir='ltr'><strong>supplicium</strong></span> <span class='ocrx_word' id='word_1_369' title='bbox 840 4540 1054 4597; x_wconf 80' lang='lat' dir='ltr'><strong>inferet?</strong></span> <span class='ocrx_word' id='word_1_370' title='bbox 1078 4542 1218 4613; x_wconf 80' lang='lat' dir='ltr'><strong>Ergo</strong></span> <span class='ocrx_word' id='word_1_371' title='bbox 1246 4556 1420 4615; x_wconf 84' lang='lat' dir='ltr'><strong>neque</strong></span> <span class='ocrx_word' id='word_1_372' title='bbox 1446 4545 1600 4601; x_wconf 87' lang='lat' dir='ltr'><strong>bonis</strong></span> <span class='ocrx_word' id='word_1_373' title='bbox 1619 4542 1918 4604; x_wconf 79' lang='lat' dir='ltr'><strong>mercedem</strong></span> 
     </span>
    </p>
   </div>
   <div class='ocr_carea' id='block_1_49' title="bbox 333 4624 1915 4708">
    <p class='ocr_par' dir='ltr' id='par_1_49' title="bbox 333 4624 1915 4708">
     <span class='ocr_line' id='line_1_49' title="bbox 333 4624 1915 4708; baseline 0.005 -22"><span class='ocrx_word' id='word_1_374' title='bbox 333 4631 635 4687; x_wconf 84' lang='lat' dir='ltr'><strong>retribuet?</strong></span> <span class='ocrx_word' id='word_1_375' title='bbox 685 4631 987 4700; x_wconf 82' lang='lat' dir='ltr'><strong>Retrihuet,</strong></span> <span class='ocrx_word' id='word_1_376' title='bbox 1018 4624 1225 4705; x_wconf 81' lang='lat' dir='ltr'><strong>inquies</strong></span> <span class='ocrx_word' id='word_1_377' title='bbox 1252 4652 1267 4690; x_wconf 91' lang='lat'>:</span> <span class='ocrx_word' id='word_1_378' title='bbox 1298 4636 1349 4691; x_wconf 88' lang='lat' dir='ltr'><strong>id</strong></span> <span class='ocrx_word' id='word_1_379' title='bbox 1380 4636 1518 4691; x_wconf 75' lang='lat' dir='ltr'><strong>enim</strong></span> <span class='ocrx_word' id='word_1_380' title='bbox 1541 4637 1715 4708; x_wconf 80' lang='lat' dir='ltr'><strong>ipsum</strong></span> <span class='ocrx_word' id='word_1_381' title='bbox 1741 4630 1915 4707; x_wconf 86' lang='lat' dir='ltr'><strong>decet,</strong></span> 
     </span>
    </p>
   </div>
   <div class='ocr_carea' id='block_1_50' title="bbox 332 4720 1920 4802">
    <p class='ocr_par' dir='ltr' id='par_1_50' title="bbox 332 4720 1920 4802">
     <span class='ocr_line' id='line_1_50' title="bbox 332 4720 1920 4802; baseline 0.003 -20"><span class='ocrx_word' id='word_1_382' title='bbox 332 4723 495 4783; x_wconf 80' lang='lat' dir='ltr'><strong>etiam</strong></span> <span class='ocrx_word' id='word_1_383' title='bbox 519 4732 678 4793; x_wconf 73' lang='lat' dir='ltr'><strong>supra</strong></span> <span class='ocrx_word' id='word_1_384' title='bbox 703 4725 950 4779; x_wconf 86' lang='lat' dir='ltr'><strong>meritum</strong></span> <span class='ocrx_word' id='word_1_385' title='bbox 971 4725 1230 4782; x_wconf 70' lang='lat' dir='ltr'><strong>beneficia</strong></span> <span class='ocrx_word' id='word_1_386' title='bbox 1270 4720 1533 4787; x_wconf 76' lang='lat' dir='ltr'><strong>cunicrre.</strong></span> <span class='ocrx_word' id='word_1_387' title='bbox 1573 4728 1700 4784; x_wconf 84' lang='lat' dir='ltr'><strong>Haec</strong></span> <span class='ocrx_word' id='word_1_388' title='bbox 1741 4730 1920 4802; x_wconf 79' lang='lat' dir='ltr'><strong>itaque</strong></span> 
     </span>
    </p>
   </div>
   <div class='ocr_carea' id='block_1_51' title="bbox 332 4820 1917 4894">
    <p class='ocr_par' dir='ltr' id='par_1_51' title="bbox 332 4820 1917 4894">
     <span class='ocr_line' id='line_1_51' title="bbox 332 4820 1917 4894; baseline 0.004 -23"><span class='ocrx_word' id='word_1_389' title='bbox 332 4822 457 4872; x_wconf 80' lang='lat' dir='ltr'><strong>vera</strong></span> <span class='ocrx_word' id='word_1_390' title='bbox 486 4825 631 4884; x_wconf 80' lang='lat' dir='ltr'><strong>sunt,</strong></span> <span class='ocrx_word' id='word_1_391' title='bbox 658 4827 713 4875; x_wconf 92' lang='lat' dir='ltr'><strong>et</strong></span> <span class='ocrx_word' id='word_1_392' title='bbox 729 4824 947 4888; x_wconf 82' lang='lat' dir='ltr'><strong>prorsus</strong></span> <span class='ocrx_word' id='word_1_393' title='bbox 974 4820 1219 4876; x_wconf 80' lang='lat' dir='ltr'><strong>evenient</strong></span> <span class='ocrx_word' id='word_1_394' title='bbox 1248 4839 1264 4875; x_wconf 92' lang='lat'><strong>:</strong></span> <span class='ocrx_word' id='word_1_395' title='bbox 1294 4824 1413 4892; x_wconf 62' lang='lat' dir='ltr'><strong>qua:</strong></span> <span class='ocrx_word' id='word_1_396' title='bbox 1433 4830 1609 4877; x_wconf 76' lang='lat' dir='ltr'><strong>autem</strong></span> <span class='ocrx_word' id='word_1_397' title='bbox 1631 4822 1697 4878; x_wconf 88' lang='lat' dir='ltr'><strong>ad</strong></span> <span class='ocrx_word' id='word_1_398' title='bbox 1714 4824 1917 4894; x_wconf 81' lang='lat' dir='ltr'><strong>suppli-</strong></span> 
     </span>
    </p>
   </div>
   <div class='ocr_carea' id='block_1_52' title="bbox 333 4908 1914 4981">
    <p class='ocr_par' dir='ltr' id='par_1_52' title="bbox 333 4908 1914 4981">
     <span class='ocr_line' id='line_1_52' title="bbox 333 4908 1914 4981; baseline 0.005 -16"><span class='ocrx_word' id='word_1_399' title='bbox 333 4911 415 4965; x_wconf 82' lang='lat' dir='ltr'><strong>cia</strong></span> <span class='ocrx_word' id='word_1_400' title='bbox 437 4910 684 4974; x_wconf 74' lang='lat' dir='ltr'><strong>attinent,</strong></span> <span class='ocrx_word' id='word_1_401' title='bbox 708 4912 1073 4981; x_wconf 72' lang='lat' dir='ltr'><strong>nequaquam?</strong></span> <span class='ocrx_word' id='word_1_402' title='bbox 1100 4912 1144 4968; x_wconf 90' lang='lat'><strong>0</strong></span> <span class='ocrx_word' id='word_1_403' title='bbox 1164 4913 1381 4967; x_wconf 78' lang='lat' dir='ltr'><strong>multam</strong></span> <span class='ocrx_word' id='word_1_404' title='bbox 1404 4908 1598 4969; x_wconf 82' lang='lat' dir='ltr'><strong>diaboli</strong></span> <span class='ocrx_word' id='word_1_405' title='bbox 1620 4908 1914 4974; x_wconf 77' lang='lat' dir='ltr'><strong>vafritiem!</strong></span> 
     </span>
    </p>
   </div>
   <div class='ocr_carea' id='block_1_53' title="bbox 334 4996 1917 5075">
    <p class='ocr_par' dir='ltr' id='par_1_53' title="bbox 334 4996 1917 5075">
     <span class='ocr_line' id='line_1_53' title="bbox 334 4996 1917 5075; baseline 0.005 -18"><span class='ocrx_word' id='word_1_406' title='bbox 334 5017 368 5057; x_wconf 89' lang='grc' dir='ltr'><strong>ο</strong></span> <span class='ocrx_word' id='word_1_407' title='bbox 387 5000 729 5056; x_wconf 75' lang='lat' dir='ltr'><strong>inhumanam</strong></span> <span class='ocrx_word' id='word_1_408' title='bbox 742 5003 861 5071; x_wconf 69' lang='lat' dir='ltr'><strong>eius</strong></span> <span class='ocrx_word' id='word_1_409' title='bbox 881 5003 1296 5059; x_wconf 69' lang='lat' dir='ltr'><strong>humauitatéml</strong></span> <span class='ocrx_word' id='word_1_410' title='bbox 1330 4996 1499 5075; x_wconf 87' lang='lat' dir='ltr'><strong>ipsius</strong></span> <span class='ocrx_word' id='word_1_411' title='bbox 1527 5007 1666 5061; x_wconf 85' lang='lat' dir='ltr'><strong>enim</strong></span> <span class='ocrx_word' id='word_1_412' title='bbox 1697 5014 1779 5063; x_wconf 89' lang='lat' dir='ltr'><strong>est</strong></span> <span class='ocrx_word' id='word_1_413' title='bbox 1803 5008 1917 5065; x_wconf 75' lang='lat' dir='ltr'><strong>hzec</strong></span> 
     </span>
    </p>
   </div>
   <div class='ocr_carea' id='block_1_54' title="bbox 333 5093 1918 5169">
    <p class='ocr_par' dir='ltr' id='par_1_54' title="bbox 333 5093 1918 5169">
     <span class='ocr_line' id='line_1_54' title="bbox 333 5093 1918 5169; baseline 0.006 -23"><span class='ocrx_word' id='word_1_414' title='bbox 333 5093 603 5164; x_wconf 78' lang='lat' dir='ltr'><strong>cogitatio,</strong></span> <span class='ocrx_word' id='word_1_415' title='bbox 630 5102 689 5148; x_wconf 86' lang='lat' dir='ltr'><strong>ut</strong></span> <span class='ocrx_word' id='word_1_416' title='bbox 713 5096 935 5164; x_wconf 74' lang='lat' dir='ltr'><strong>gratiam</strong></span> <span class='ocrx_word' id='word_1_417' title='bbox 986 5095 1228 5157; x_wconf 82' lang='lat' dir='ltr'><strong>conferat</strong></span> <span class='ocrx_word' id='word_1_418' title='bbox 1267 5096 1505 5153; x_wconf 88' lang='lat' dir='ltr'><strong>inutilem</strong></span> <span class='ocrx_word' id='word_1_419' title='bbox 1558 5107 1614 5153; x_wconf 92' lang='lat' dir='ltr'><strong>et</strong></span> <span class='ocrx_word' id='word_1_420' title='bbox 1641 5102 1918 5169; x_wconf 75' lang='lat' dir='ltr'><strong>segniores</strong></span> 
     </span>
    </p>
   </div>
   <div class='ocr_carea' id='block_1_55' title="bbox 330 5184 1916 5261">
    <p class='ocr_par' dir='ltr' id='par_1_55' title="bbox 330 5184 1916 5261">
     <span class='ocr_line' id='line_1_55' title="bbox 330 5184 1916 5261; baseline 0.005 -21"><span class='ocrx_word' id='word_1_421' title='bbox 330 5185 541 5240; x_wconf 79' lang='lat' dir='ltr'><strong>reddat.</strong></span> <span class='ocrx_word' id='word_1_422' title='bbox 568 5184 699 5253; x_wconf 84' lang='lat' dir='ltr'><strong>Quia</strong></span> <span class='ocrx_word' id='word_1_423' title='bbox 726 5186 878 5240; x_wconf 87' lang='lat' dir='ltr'><strong>novit</strong></span> <span class='ocrx_word' id='word_1_424' title='bbox 902 5187 1067 5251; x_wconf 83' lang='lat' dir='ltr'><strong>enim,</strong></span> <span class='ocrx_word' id='word_1_425' title='bbox 1096 5188 1341 5257; x_wconf 83' lang='lat' dir='ltr'><strong>supplicii</strong></span> <span class='ocrx_word' id='word_1_426' title='bbox 1360 5197 1580 5254; x_wconf 87' lang='lat' dir='ltr'><strong>metum,</strong></span> <span class='ocrx_word' id='word_1_427' title='bbox 1621 5204 1719 5246; x_wconf 87' lang='lat' dir='ltr'><strong>ceu</strong></span> <span class='ocrx_word' id='word_1_428' title='bbox 1745 5192 1916 5261; x_wconf 85' lang='lat' dir='ltr'><strong>quod-</strong></span> 
     </span>
    </p>
   </div>
   <div class='ocr_carea' id='block_1_56' title="bbox 331 5276 1915 5352">
    <p class='ocr_par' dir='ltr' id='par_1_56' title="bbox 331 5276 1915 5352">
     <span class='ocr_line' id='line_1_56' title="bbox 331 5276 1915 5352; baseline 0.005 -21"><span class='ocrx_word' id='word_1_429' title='bbox 331 5277 456 5331; x_wconf 82' lang='lat' dir='ltr'><strong>dam</strong></span> <span class='ocrx_word' id='word_1_430' title='bbox 482 5276 715 5342; x_wconf 72' lang='lat' dir='ltr'><strong>frenum,</strong></span> <span class='ocrx_word' id='word_1_431' title='bbox 750 5276 803 5331; x_wconf 86' lang='lat' dir='ltr'><strong>id</strong></span> <span class='ocrx_word' id='word_1_432' title='bbox 825 5284 1077 5346; x_wconf 70' lang='lat' dir='ltr'><strong>praestare</strong></span> <span class='ocrx_word' id='word_1_433' title='bbox 1113 5287 1173 5341; x_wconf 84' lang='lat' dir='ltr'><strong>ut</strong></span> <span class='ocrx_word' id='word_1_434' title='bbox 1196 5280 1387 5336; x_wconf 87' lang='lat' dir='ltr'><strong>animis</strong></span> <span class='ocrx_word' id='word_1_435' title='bbox 1414 5288 1670 5352; x_wconf 84' lang='lat' dir='ltr'><strong>augamur</strong></span> <span class='ocrx_word' id='word_1_436' title='bbox 1698 5291 1754 5339; x_wconf 87' lang='lat' dir='ltr'><strong>et</strong></span> <span class='ocrx_word' id='word_1_437' title='bbox 1777 5298 1805 5337; x_wconf 89' lang='lat' dir='ltr'><strong>a</strong></span> <span class='ocrx_word' id='word_1_438' title='bbox 1834 5285 1915 5339; x_wconf 89' lang='lat' dir='ltr'><strong>vi-</strong></span> 
     </span>
    </p>
   </div>
   <div class='ocr_carea' id='block_1_57' title="bbox 332 5364 1915 5439">
    <p class='ocr_par' dir='ltr' id='par_1_57' title="bbox 332 5364 1915 5439">
     <span class='ocr_line' id='line_1_57' title="bbox 332 5364 1915 5439; baseline 0.006 -19"><span class='ocrx_word' id='word_1_439' title='bbox 332 5368 421 5422; x_wconf 84' lang='lat' dir='ltr'><strong>tiis</strong></span> <span class='ocrx_word' id='word_1_440' title='bbox 463 5367 817 5432; x_wconf 85' lang='lat' dir='ltr'><strong>retrahamur,</strong></span> <span class='ocrx_word' id='word_1_441' title='bbox 851 5367 983 5421; x_wconf 87' lang='lat' dir='ltr'><strong>nihil</strong></span> <span class='ocrx_word' id='word_1_442' title='bbox 1023 5374 1127 5424; x_wconf 85' lang='lat' dir='ltr'><strong>non</strong></span> <span class='ocrx_word' id='word_1_443' title='bbox 1166 5371 1273 5439; x_wconf 85' lang='lat' dir='ltr'><strong>agit</strong></span> <span class='ocrx_word' id='word_1_444' title='bbox 1314 5379 1368 5425; x_wconf 89' lang='lat' dir='ltr'><strong>et</strong></span> <span class='ocrx_word' id='word_1_445' title='bbox 1404 5371 1651 5437; x_wconf 80' lang='lat' dir='ltr'><strong>molitur,</strong></span> <span class='ocrx_word' id='word_1_446' title='bbox 1696 5374 1753 5427; x_wconf 86' lang='lat' dir='ltr'><strong>ut</strong></span> <span class='ocrx_word' id='word_1_447' title='bbox 1787 5364 1915 5429; x_wconf 82' lang='lat' dir='ltr'><strong>illud</strong></span> 
     </span>
    </p>
   </div>
   <div class='ocr_carea' id='block_1_58' title="bbox 335 5459 1912 5534">
    <p class='ocr_par' dir='ltr' id='par_1_58' title="bbox 335 5459 1912 5534">
     <span class='ocr_line' id='line_1_58' title="bbox 335 5459 1912 5534; baseline 0.006 -22"><span class='ocrx_word' id='word_1_448' title='bbox 335 5459 592 5516; x_wconf 74' lang='lat' dir='ltr'><strong>radicitus</strong></span> <span class='ocrx_word' id='word_1_449' title='bbox 615 5461 828 5527; x_wconf 79' lang='lat' dir='ltr'><strong>evellat,</strong></span> <span class='ocrx_word' id='word_1_450' title='bbox 858 5462 965 5530; x_wconf 85' lang='lat' dir='ltr'><strong>quo</strong></span> <span class='ocrx_word' id='word_1_451' title='bbox 990 5460 1202 5515; x_wconf 87' lang='lat' dir='ltr'><strong>demum</strong></span> <span class='ocrx_word' id='word_1_452' title='bbox 1241 5462 1358 5517; x_wconf 85' lang='lat' dir='ltr'><strong>sine</strong></span> <span class='ocrx_word' id='word_1_453' title='bbox 1386 5463 1577 5519; x_wconf 90' lang='lat' dir='ltr'><strong>timore</strong></span> <span class='ocrx_word' id='word_1_454' title='bbox 1606 5470 1699 5534; x_wconf 84' lang='lat' dir='ltr'><strong>per</strong></span> <span class='ocrx_word' id='word_1_455' title='bbox 1728 5468 1912 5534; x_wconf 67' lang='lat' dir='ltr'><strong>pracci-</strong></span> 
     </span>
    </p>
   </div>
   <div class='ocr_carea' id='block_1_59' title="bbox 332 5540 1911 5625">
    <p class='ocr_par' dir='ltr' id='par_1_59' title="bbox 332 5540 1911 5625">
     <span class='ocr_line' id='line_1_59' title="bbox 332 5540 1911 5625; baseline 0.008 -26"><span class='ocrx_word' id='word_1_456' title='bbox 332 5549 459 5617; x_wconf 82' lang='lat' dir='ltr'><strong>pitia</strong></span> <span class='ocrx_word' id='word_1_457' title='bbox 503 5550 760 5606; x_wconf 88' lang='lat' dir='ltr'><strong>feramur.</strong></span> <span class='ocrx_word' id='word_1_458' title='bbox 802 5540 1084 5618; x_wconf 78' lang='lat' dir='ltr'><strong>Quomodo</strong></span> <span class='ocrx_word' id='word_1_459' title='bbox 1113 5551 1275 5621; x_wconf 75' lang='lat' dir='ltr'><strong>igitur</strong></span> <span class='ocrx_word' id='word_1_460' title='bbox 1307 5552 1457 5607; x_wconf 83' lang='lat' dir='ltr'><strong>illum</strong></span> <span class='ocrx_word' id='word_1_461' title='bbox 1496 5552 1911 5625; x_wconf 73' lang='lat' dir='ltr'><strong>superabimus?</strong></span> 
     </span>
    </p>
   </div>
   <div class='ocr_carea' id='block_1_60' title="bbox 334 5642 1906 5725">
    <p class='ocr_par' dir='ltr' id='par_1_60' title="bbox 334 5642 1906 5725">
     <span class='ocr_line' id='line_1_60' title="bbox 334 5642 1906 5725; baseline 0.008 -28"><span class='ocrx_word' id='word_1_462' title='bbox 334 5642 688 5725; x_wconf 61' lang='lat' dir='ltr'><strong>Quacumque</strong></span> <span class='ocrx_word' id='word_1_463' title='bbox 716 5660 779 5701; x_wconf 82' lang='lat' dir='ltr'><strong>ex</strong></span> <span class='ocrx_word' id='word_1_464' title='bbox 828 5644 1118 5715; x_wconf 88' lang='lat' dir='ltr'><strong>Scripturis</strong></span> <span class='ocrx_word' id='word_1_465' title='bbox 1146 5642 1467 5716; x_wconf 74' lang='lat' dir='ltr'><strong>proferimus</strong></span> <span class='ocrx_word' id='word_1_466' title='bbox 1494 5646 1673 5705; x_wconf 82' lang='lat' dir='ltr'><strong>dicent</strong></span> <span class='ocrx_word' id='word_1_467' title='bbox 1712 5649 1773 5715; x_wconf 89' lang='lat' dir='ltr'><strong>ii,</strong></span> <span class='ocrx_word' id='word_1_468' title='bbox 1815 5655 1906 5723; x_wconf 84' lang='lat' dir='ltr'><strong>qui</strong></span> 
     </span>
    </p>
   </div>
   <div class='ocr_carea' id='block_1_61' title="bbox 1077 200 2879 290">
    <p class='ocr_par' dir='ltr' id='par_1_61' title="bbox 1077 200 2879 290">
     <span class='ocr_line' id='line_1_61' title="bbox 1077 200 2879 290; baseline 0.008 -16"><span class='ocrx_word' id='word_1_469' title='bbox 1077 218 1136 274; x_wconf 92' lang='lat' dir='ltr'><strong>s.</strong></span> <span class='ocrx_word' id='word_1_470' title='bbox 1175 214 1451 274; x_wconf 82' lang='lat' dir='ltr'><strong>JOANNIS</strong></span> <span class='ocrx_word' id='word_1_471' title='bbox 1474 200 1947 271; x_wconf 71' lang='lat' dir='ltr'><strong>cttnrsos&#39;rout</strong></span> <span class='ocrx_word' id='word_1_472' title='bbox 1986 204 2304 275; x_wconf 82' lang='lat' dir='ltr'><strong>ARClliEP.</strong></span> <span class='ocrx_word' id='word_1_473' title='bbox 2344 222 2879 290; x_wconf 81' lang='lat' dir='ltr'><strong>CONSTANTINOP.</strong></span> 
     </span>
    </p>
   </div>
   <div class='ocr_carea' id='block_1_62' title="bbox 2032 329 3636 417">
    <p class='ocr_par' dir='ltr' id='par_1_62' title="bbox 2032 329 3636 417">
     <span class='ocr_line' id='line_1_62' title="bbox 2032 329 3636 417; baseline 0.017 -37"><span class='ocrx_word' id='word_1_474' title='bbox 2032 329 2424 401; x_wconf 88' lang='lat' dir='ltr'><strong>contradicunt,</strong></span> <span class='ocrx_word' id='word_1_475' title='bbox 2455 338 2885 397; x_wconf 88' lang='lat' dir='ltr'><strong>comminationis</strong></span> <span class='ocrx_word' id='word_1_476' title='bbox 2912 348 3069 398; x_wconf 83' lang='lat' dir='ltr'><strong>causa</strong></span> <span class='ocrx_word' id='word_1_477' title='bbox 3106 346 3298 417; x_wconf 87' lang='lat' dir='ltr'><strong>scripta</strong></span> <span class='ocrx_word' id='word_1_478' title='bbox 3323 363 3467 407; x_wconf 89' lang='lat' dir='ltr'><strong>esse.</strong></span> <span class='ocrx_word' id='word_1_479' title='bbox 3502 351 3636 407; x_wconf 79' lang='lat' dir='ltr'><strong>Ve-</strong></span> 
     </span>
    </p>
   </div>
   <div class='ocr_carea' id='block_1_63' title="bbox 2026 418 3635 504">
    <p class='ocr_par' dir='ltr' id='par_1_63' title="bbox 2026 418 3635 504">
     <span class='ocr_line' id='line_1_63' title="bbox 2026 418 3635 504; baseline 0.016 -32"><span class='ocrx_word' id='word_1_480' title='bbox 2026 433 2146 473; x_wconf 90' lang='lat' dir='ltr'><strong>rum</strong></span> <span class='ocrx_word' id='word_1_481' title='bbox 2173 418 2225 476; x_wconf 87' lang='lat' dir='ltr'><strong>id</strong></span> <span class='ocrx_word' id='word_1_482' title='bbox 2245 421 2313 478; x_wconf 89' lang='lat' dir='ltr'><strong>de</strong></span> <span class='ocrx_word' id='word_1_483' title='bbox 2341 424 2531 481; x_wconf 90' lang='lat' dir='ltr'><strong>futuris</strong></span> <span class='ocrx_word' id='word_1_484' title='bbox 2561 429 2695 485; x_wconf 89' lang='lat' dir='ltr'><strong>forte</strong></span> <span class='ocrx_word' id='word_1_485' title='bbox 2714 431 2895 489; x_wconf 89' lang='lat' dir='ltr'><strong>dicere</strong></span> <span class='ocrx_word' id='word_1_486' title='bbox 2924 436 3148 504; x_wconf 81' lang='lat' dir='ltr'><strong>possint,</strong></span> <span class='ocrx_word' id='word_1_487' title='bbox 3179 436 3287 494; x_wconf 57' lang='lat' dir='ltr'><strong>etsi“</strong></span> <span class='ocrx_word' id='word_1_488' title='bbox 3320 438 3635 498; x_wconf 82' lang='lat' dir='ltr'><strong>admodum</strong></span> 
     </span>
    </p>
   </div>
   <div class='ocr_carea' id='block_1_64' title="bbox 2025 510 3635 602">
    <p class='ocr_par' dir='ltr' id='par_1_64' title="bbox 2025 510 3635 602">
     <span class='ocr_line' id='line_1_64' title="bbox 2025 510 3635 602; baseline 0.016 -38"><span class='ocrx_word' id='word_1_489' title='bbox 2025 510 2220 581; x_wconf 90' lang='lat' dir='ltr'><strong>impie;</strong></span> <span class='ocrx_word' id='word_1_490' title='bbox 2248 514 2317 570; x_wconf 90' lang='lat' dir='ltr'><strong>de</strong></span> <span class='ocrx_word' id='word_1_491' title='bbox 2345 519 2628 584; x_wconf 81' lang='lat' dir='ltr'><strong>praeteritis</strong></span> <span class='ocrx_word' id='word_1_492' title='bbox 2652 528 2803 590; x_wconf 86' lang='lat' dir='ltr'><strong>vero,</strong></span> <span class='ocrx_word' id='word_1_493' title='bbox 2832 524 3004 595; x_wconf 89' lang='lat' dir='ltr'><strong>deque</strong></span> <span class='ocrx_word' id='word_1_494' title='bbox 3034 527 3099 582; x_wconf 90' lang='lat' dir='ltr'><strong>iis</strong></span> <span class='ocrx_word' id='word_1_495' title='bbox 3139 543 3256 599; x_wconf 72' lang='lat' dir='ltr'><strong>qua:</strong></span> <span class='ocrx_word' id='word_1_496' title='bbox 3293 526 3406 602; x_wconf 83' lang='lat' dir='ltr'><strong>j‘am</strong></span> <span class='ocrx_word' id='word_1_497' title='bbox 3434 533 3635 589; x_wconf 80' lang='lat' dir='ltr'><strong>canti-</strong></span> 
     </span>
    </p>
   </div>
   <div class='ocr_carea' id='block_1_65' title="bbox 2024 608 3642 689">
    <p class='ocr_par' dir='ltr' id='par_1_65' title="bbox 2024 608 3642 689">
     <span class='ocr_line' id='line_1_65' title="bbox 2024 608 3642 689; baseline 0.017 -33"><span class='ocrx_word' id='word_1_498' title='bbox 2024 614 2346 672; x_wconf 74' lang='lat' dir='ltr'><strong>geruntmon</strong></span> <span class='ocrx_word' id='word_1_499' title='bbox 2375 608 2523 664; x_wconf 88' lang='lat' dir='ltr'><strong>item.</strong></span> <span class='ocrx_word' id='word_1_500' title='bbox 2548 611 2938 685; x_wconf 73' lang='lat' dir='ltr'><strong>interrogemus</strong></span> <span class='ocrx_word' id='word_1_501' title='bbox 2964 618 3121 689; x_wconf 85' lang='lat' dir='ltr'><strong>igitur</strong></span> <span class='ocrx_word' id='word_1_502' title='bbox 3134 632 3273 675; x_wconf 81' lang='lat' dir='ltr'><strong>eos:</strong></span> <span class='ocrx_word' id='word_1_503' title='bbox 3301 616 3642 682; x_wconf 79' lang='lat' dir='ltr'><strong>Audistisne</strong></span> 
     </span>
    </p>
   </div>
   <div class='ocr_carea' id='block_1_66' title="bbox 2024 693 3635 777">
    <p class='ocr_par' dir='ltr' id='par_1_66' title="bbox 2024 693 3635 777">
     <span class='ocr_line' id='line_1_66' title="bbox 2024 693 3635 777; baseline 0.015 -29"><span class='ocrx_word' id='word_1_504' title='bbox 2024 693 2091 748; x_wconf 89' lang='lat' dir='ltr'><strong>de</strong></span> <span class='ocrx_word' id='word_1_505' title='bbox 2117 695 2337 764; x_wconf 86' lang='lat' dir='ltr'><strong>diluvio,</strong></span> <span class='ocrx_word' id='word_1_506' title='bbox 2367 698 2543 770; x_wconf 90' lang='lat' dir='ltr'><strong>deque</strong></span> <span class='ocrx_word' id='word_1_507' title='bbox 2571 702 2804 773; x_wconf 81' lang='lat' dir='ltr'><strong>pernicie</strong></span> <span class='ocrx_word' id='word_1_508' title='bbox 2828 705 2917 763; x_wconf 88' lang='lat' dir='ltr'><strong>illa</strong></span> <span class='ocrx_word' id='word_1_509' title='bbox 2946 710 3273 767; x_wconf 79' lang='lat' dir='ltr'><strong>universali?</strong></span> <span class='ocrx_word' id='word_1_510' title='bbox 3297 720 3423 769; x_wconf 88' lang='grc'><strong>1111111</strong></span> <span class='ocrx_word' id='word_1_511' title='bbox 3447 718 3635 777; x_wconf 79' lang='lat' dir='ltr'><strong>etiam</strong></span> 
     </span>
    </p>
   </div>
   <div class='ocr_carea' id='block_1_67' title="bbox 2023 784 3637 868">
    <p class='ocr_par' dir='ltr' id='par_1_67' title="bbox 2023 784 3637 868">
     <span class='ocr_line' id='line_1_67' title="bbox 2023 784 3637 868; baseline 0.017 -30"><span class='ocrx_word' id='word_1_512' title='bbox 2023 784 2151 840; x_wconf 92' lang='lat' dir='ltr'><strong>illud</strong></span> <span class='ocrx_word' id='word_1_513' title='bbox 2178 790 2607 850; x_wconf 87' lang='lat' dir='ltr'><strong>comminationis</strong></span> <span class='ocrx_word' id='word_1_514' title='bbox 2630 809 2786 851; x_wconf 86' lang='lat' dir='ltr'><strong>causa</strong></span> <span class='ocrx_word' id='word_1_515' title='bbox 2811 789 3241 857; x_wconf 71' lang='lat' dir='ltr'><strong>dictum-fuerat?</strong></span> <span class='ocrx_word' id='word_1_516' title='bbox 3267 814 3451 861; x_wconf 71' lang='lat' dir='ltr'><strong>annon“</strong></span> <span class='ocrx_word' id='word_1_517' title='bbox 3476 818 3637 868; x_wconf 63' lang='lat' dir='ltr'><strong>con&quot;-</strong></span> 
     </span>
    </p>
   </div>
   <div class='ocr_carea' id='block_1_68' title="bbox 2024 877 3638 954">
    <p class='ocr_par' dir='ltr' id='par_1_68' title="bbox 2024 877 3638 954">
     <span class='ocr_line' id='line_1_68' title="bbox 2024 877 3638 954; baseline 0.013 -24"><span class='ocrx_word' id='word_1_518' title='bbox 2024 877 2160 948; x_wconf 81' lang='lat' dir='ltr'><strong>tigit,</strong></span> <span class='ocrx_word' id='word_1_519' title='bbox 2192 889 2246 935; x_wconf 92' lang='lat' dir='ltr'><strong>et</strong></span> <span class='ocrx_word' id='word_1_520' title='bbox 2274 881 2335 936; x_wconf 72' lang='lat' dir='ltr'><strong>in&quot;</strong></span> <span class='ocrx_word' id='word_1_521' title='bbox 2357 883 2557 943; x_wconf 79' lang='lat' dir='ltr'><strong>exitum</strong></span> <span class='ocrx_word' id='word_1_522' title='bbox 2581 884 2875 943; x_wconf 58' lang='lat' dir='ltr'><strong>deductum&quot;</strong></span> <span class='ocrx_word' id='word_1_523' title='bbox 2898 892 3020 947; x_wconf 85' lang='lat' dir='ltr'><strong>est?</strong></span> <span class='ocrx_word' id='word_1_524' title='bbox 3045 902 3232 949; x_wconf 86' lang='lat' dir='ltr'><strong>nonne&#39;</strong></span> <span class='ocrx_word' id='word_1_525' title='bbox 3253 895 3302 950; x_wconf 93' lang='lat' dir='ltr'><strong>id</strong></span> <span class='ocrx_word' id='word_1_526' title='bbox 3320 897 3638 954; x_wconf 60' lang='lat' dir='ltr'><strong>testificari-</strong></span> 
     </span>
    </p>
   </div>
   <div class='ocr_carea' id='block_1_69' title="bbox 2022 972 3635 1045">
    <p class='ocr_par' dir='ltr' id='par_1_69' title="bbox 2022 972 3635 1045">
     <span class='ocr_line' id='line_1_69' title="bbox 2022 972 3635 1045; baseline 0.014 -22"><span class='ocrx_word' id='word_1_527' title='bbox 2022 972 2111 1025; x_wconf 79' lang='lat' dir='ltr'><strong>tur</strong></span> <span class='ocrx_word' id='word_1_528' title='bbox 2135 972 2404 1029; x_wconf 62' lang='lat' dir='ltr'><strong>Armenia:</strong></span> <span class='ocrx_word' id='word_1_529' title='bbox 2446 978 2677 1045; x_wconf 85' lang='lat' dir='ltr'><strong>montes,</strong></span> <span class='ocrx_word' id='word_1_530' title='bbox 2708 978 2797 1034; x_wconf 86' lang='lat' dir='ltr'><strong>ubi</strong></span> <span class='ocrx_word' id='word_1_531' title='bbox 2846 994 2977 1037; x_wconf 73' lang='lat' dir='ltr'><strong>arca‘</strong></span> <span class='ocrx_word' id='word_1_532' title='bbox 2998 980 3279 1041; x_wconf 79' lang='lat' dir='ltr'><strong>consedit?</strong></span> <span class='ocrx_word' id='word_1_533' title='bbox 3307 996 3488 1044; x_wconf 71' lang='lat' dir='ltr'><strong>annbn</strong></span> <span class='ocrx_word' id='word_1_534' title='bbox 3526 1006 3635 1044; x_wconf 78' lang='lat' dir='ltr'><strong>rc-</strong></span> 
     </span>
    </p>
   </div>
   <div class='ocr_carea' id='block_1_70' title="bbox 2023 1060 3637 1135">
    <p class='ocr_par' dir='ltr' id='par_1_70' title="bbox 2023 1060 3637 1135">
     <span class='ocr_line' id='line_1_70' title="bbox 2023 1060 3637 1135; baseline 0.013 -22"><span class='ocrx_word' id='word_1_535' title='bbox 2023 1060 2199 1131; x_wconf 73' lang='lat' dir='ltr'><strong>iiquite</strong></span> <span class='ocrx_word' id='word_1_536' title='bbox 2251 1065 2368 1133; x_wconf 66' lang='lat' dir='ltr'><strong>ejus</strong></span> <span class='ocrx_word' id='word_1_537' title='bbox 2415 1066 2524 1122; x_wconf 75' lang='lat' dir='ltr'><strong>illic’</strong></span> <span class='ocrx_word' id='word_1_538' title='bbox 2584 1068 2843 1127; x_wconf 75' lang='lat' dir='ltr'><strong>hactenus</strong></span> <span class='ocrx_word' id='word_1_539' title='bbox 2901 1076 3184 1131; x_wconf 74' lang='lat' dir='ltr'><strong>servantur</strong></span> <span class='ocrx_word' id='word_1_540' title='bbox 3239 1077 3304 1132; x_wconf 92' lang='lat' dir='ltr'><strong>ad</strong></span> <span class='ocrx_word' id='word_1_541' title='bbox 3364 1084 3637 1135; x_wconf 64' lang='lat' dir='ltr'><strong>nbst‘t‘am</strong></span> 
     </span>
    </p>
   </div>
   <div class='ocr_carea' id='block_1_71' title="bbox 2021 1148 3636 1235">
    <p class='ocr_par' dir='ltr' id='par_1_71' title="bbox 2021 1148 3636 1235">
     <span class='ocr_line' id='line_1_71' title="bbox 2021 1148 3636 1235; baseline 0.012 -30"><span class='ocrx_word' id='word_1_542' title='bbox 2021 1151 2437 1211; x_wconf 81' lang='lat' dir='ltr'><strong>admonitionem</strong></span> <span class='ocrx_word' id='word_1_543' title='bbox 2466 1156 2587 1230; x_wconf 84' lang='lat' dir='ltr'><strong>(a)‘?</strong></span> <span class='ocrx_word' id='word_1_544' title='bbox 2611 1159 2818 1216; x_wconf 80' lang='lat' dir='ltr'><strong>Similia</strong></span> <span class='ocrx_word' id='word_1_545' title='bbox 2864 1168 2992 1218; x_wconf 92' lang='lat' dir='ltr'><strong>tunc</strong></span> <span class='ocrx_word' id='word_1_546' title='bbox 3034 1166 3203 1219; x_wconf 79' lang='grc'><strong>11111111</strong></span> <span class='ocrx_word' id='word_1_547' title='bbox 3235 1166 3508 1235; x_wconf 82' lang='lat' dir='ltr'><strong>dicebant,</strong></span> <span class='ocrx_word' id='word_1_548' title='bbox 3558 1148 3636 1224; x_wconf 69' lang='lat' dir='ltr'><strong>ac</strong></span> 
     </span>
    </p>
   </div>
   <div class='ocr_carea' id='block_1_72' title="bbox 2022 1252 3635 1331">
    <p class='ocr_par' dir='ltr' id='par_1_72' title="bbox 2022 1252 3635 1331">
     <span class='ocr_line' id='line_1_72' title="bbox 2022 1252 3635 1331; baseline 0.011 -32"><span class='ocrx_word' id='word_1_549' title='bbox 2022 1258 2119 1315; x_wconf 86' lang='lat' dir='ltr'><strong>per</strong></span> <span class='ocrx_word' id='word_1_550' title='bbox 2138 1252 2351 1302; x_wconf 88' lang='lat' dir='ltr'><strong>centum</strong></span> <span class='ocrx_word' id='word_1_551' title='bbox 2407 1254 2583 1308; x_wconf 66' lang='lat' dir='ltr'><strong>annos&quot;</strong></span> <span class='ocrx_word' id='word_1_552' title='bbox 2630 1252 2758 1309; x_wconf 91' lang='lat' dir='ltr'><strong>dum</strong></span> <span class='ocrx_word' id='word_1_553' title='bbox 2805 1269 2927 1311; x_wconf 89' lang='lat' dir='ltr'><strong>arca</strong></span> <span class='ocrx_word' id='word_1_554' title='bbox 2980 1258 3418 1325; x_wconf 70' lang='lat' dir='ltr'><strong>construer‘et’u‘r,</strong></span> <span class='ocrx_word' id='word_1_555' title='bbox 3469 1263 3635 1331; x_wconf 79' lang='lat' dir='ltr'><strong>ligna</strong></span> 
     </span>
    </p>
   </div>
   <div class='ocr_carea' id='block_1_73' title="bbox 2020 1338 3634 1423">
    <p class='ocr_par' dir='ltr' id='par_1_73' title="bbox 2020 1338 3634 1423">
     <span class='ocr_line' id='line_1_73' title="bbox 2020 1338 3634 1423; baseline 0.012 -33"><span class='ocrx_word' id='word_1_556' title='bbox 2020 1338 2347 1406; x_wconf 86' lang='lat' dir='ltr'><strong>aptarentur‘,</strong></span> <span class='ocrx_word' id='word_1_557' title='bbox 2376 1341 2657 1414; x_wconf 66' lang='lat' dir='ltr'><strong>iustusque</strong></span> <span class='ocrx_word' id='word_1_558' title='bbox 2675 1345 2948 1412; x_wconf 85' lang='lat' dir='ltr'><strong>clamaret,</strong></span> <span class='ocrx_word' id='word_1_559' title='bbox 2978 1360 3138 1405; x_wconf 88' lang='lat' dir='ltr'><strong>nemo</strong></span> <span class='ocrx_word' id='word_1_560' title='bbox 3159 1360 3274 1408; x_wconf 84' lang='lat' dir='ltr'><strong>erat</strong></span> <span class='ocrx_word' id='word_1_561' title='bbox 3296 1355 3383 1423; x_wconf 84' lang='lat' dir='ltr'><strong>qui</strong></span> <span class='ocrx_word' id='word_1_562' title='bbox 3416 1354 3634 1409; x_wconf 79' lang='lat' dir='ltr'><strong>crede-</strong></span> 
     </span>
    </p>
   </div>
   <div class='ocr_carea' id='block_1_74' title="bbox 2020 1430 3635 1503">
    <p class='ocr_par' dir='ltr' id='par_1_74' title="bbox 2020 1430 3635 1503">
     <span class='ocr_line' id='line_1_74' title="bbox 2020 1430 3635 1503; baseline 0.012 -22"><span class='ocrx_word' id='word_1_563' title='bbox 2020 1434 2104 1482; x_wconf 84' lang='lat' dir='ltr'><strong>ret</strong></span> <span class='ocrx_word' id='word_1_564' title='bbox 2136 1445 2151 1482; x_wconf 87' lang='lat'><strong>:</strong></span> <span class='ocrx_word' id='word_1_565' title='bbox 2181 1430 2273 1485; x_wconf 83' lang='lat' dir='ltr'><strong>sed</strong></span> <span class='ocrx_word' id='word_1_566' title='bbox 2302 1433 2567 1503; x_wconf 82' lang='lat' dir='ltr'><strong>quianon</strong></span> <span class='ocrx_word' id='word_1_567' title='bbox 2603 1434 2945 1494; x_wconf 71' lang='lat' dir='ltr'><strong>Crediderunt</strong></span> <span class='ocrx_word' id='word_1_568' title='bbox 2982 1444 3379 1499; x_wconf 77' lang='lat' dir='ltr'><strong>coinmiuationi</strong></span> <span class='ocrx_word' id='word_1_569' title='bbox 3407 1447 3635 1500; x_wconf 85' lang='lat' dir='ltr'><strong>verbo-</strong></span> 
     </span>
    </p>
   </div>
   <div class='ocr_carea' id='block_1_75' title="bbox 2019 1518 3629 1607">
    <p class='ocr_par' dir='ltr' id='par_1_75' title="bbox 2019 1518 3629 1607">
     <span class='ocr_line' id='line_1_75' title="bbox 2019 1518 3629 1607; baseline 0.013 -36"><span class='ocrx_word' id='word_1_570' title='bbox 2019 1520 2160 1586; x_wconf 84' lang='lat' dir='ltr'><strong>rum,</strong></span> <span class='ocrx_word' id='word_1_571' title='bbox 2193 1518 2450 1578; x_wconf 79' lang='lat' dir='ltr'><strong>ultionem</strong></span> <span class='ocrx_word' id='word_1_572' title='bbox 2485 1534 2708 1595; x_wconf 85' lang='lat' dir='ltr'><strong>repente</strong></span> <span class='ocrx_word' id='word_1_573' title='bbox 2737 1542 2807 1583; x_wconf 90' lang='lat' dir='ltr'><strong>ac</strong></span> <span class='ocrx_word' id='word_1_574' title='bbox 2829 1531 3005 1600; x_wconf 89' lang='lat' dir='ltr'><strong>reipsa</strong></span> <span class='ocrx_word' id='word_1_575' title='bbox 3032 1533 3327 1590; x_wconf 83' lang='lat' dir='ltr'><strong>subierunt.</strong></span> <span class='ocrx_word' id='word_1_576' title='bbox 3351 1538 3525 1607; x_wconf 87' lang='lat' dir='ltr'><strong>Atqui</strong></span> <span class='ocrx_word' id='word_1_577' title='bbox 3548 1538 3629 1603; x_wconf 83' lang='lat' dir='ltr'><strong>is,</strong></span> 
     </span>
    </p>
   </div>
   <div class='ocr_carea' id='block_1_76' title="bbox 2018 1608 3632 1691">
    <p class='ocr_par' dir='ltr' id='par_1_76' title="bbox 2018 1608 3632 1691">
     <span class='ocr_line' id='line_1_76' title="bbox 2018 1608 3632 1691; baseline 0.012 -31"><span class='ocrx_word' id='word_1_578' title='bbox 2018 1608 2110 1677; x_wconf 88' lang='lat' dir='ltr'><strong>qui</strong></span> <span class='ocrx_word' id='word_1_579' title='bbox 2141 1619 2343 1667; x_wconf 87' lang='lat' dir='ltr'><strong>tantum</strong></span> <span class='ocrx_word' id='word_1_580' title='bbox 2369 1613 2501 1683; x_wconf 87' lang='lat' dir='ltr'><strong>ipsis</strong></span> <span class='ocrx_word' id='word_1_581' title='bbox 2518 1612 2833 1685; x_wconf 89' lang='lat' dir='ltr'><strong>supplicium</strong></span> <span class='ocrx_word' id='word_1_582' title='bbox 2862 1621 3059 1691; x_wconf 89' lang='lat' dir='ltr'><strong>intulit,</strong></span> <span class='ocrx_word' id='word_1_583' title='bbox 3082 1638 3259 1681; x_wconf 88' lang='lat' dir='ltr'><strong>annon</strong></span> <span class='ocrx_word' id='word_1_584' title='bbox 3287 1627 3463 1681; x_wconf 84' lang='lat' dir='ltr'><strong>multo</strong></span> <span class='ocrx_word' id='word_1_585' title='bbox 3494 1644 3632 1681; x_wconf 81' lang='lat' dir='ltr'><strong>ma-</strong></span> 
     </span>
    </p>
   </div>
   <div class='ocr_carea' id='block_1_77' title="bbox 2014 1699 3633 1773">
    <p class='ocr_par' dir='ltr' id='par_1_77' title="bbox 2014 1699 3633 1773">
     <span class='ocr_line' id='line_1_77' title="bbox 2014 1699 3633 1773; baseline 0.013 -21"><span class='ocrx_word' id='word_1_586' title='bbox 2014 1699 2103 1769; x_wconf 86' lang='lat' dir='ltr'><strong>jus</strong></span> <span class='ocrx_word' id='word_1_587' title='bbox 2156 1702 2311 1758; x_wconf 89' lang='lat' dir='ltr'><strong>nobis</strong></span> <span class='ocrx_word' id='word_1_588' title='bbox 2341 1702 2572 1760; x_wconf 75' lang='lat' dir='ltr'><strong>inferet?</strong></span> <span class='ocrx_word' id='word_1_589' title='bbox 2596 1714 2707 1761; x_wconf 78' lang='lat' dir='ltr'><strong>non</strong></span> <span class='ocrx_word' id='word_1_590' title='bbox 2728 1710 2875 1766; x_wconf 88' lang='lat' dir='ltr'><strong>enim</strong></span> <span class='ocrx_word' id='word_1_591' title='bbox 2903 1712 3107 1767; x_wconf 84' lang='lat' dir='ltr'><strong>minora</strong></span> <span class='ocrx_word' id='word_1_592' title='bbox 3139 1726 3264 1769; x_wconf 88' lang='lat' dir='ltr'><strong>sunt</strong></span> <span class='ocrx_word' id='word_1_593' title='bbox 3297 1716 3417 1771; x_wconf 70' lang='lat' dir='ltr'><strong>haec</strong></span> <span class='ocrx_word' id='word_1_594' title='bbox 3455 1717 3633 1773; x_wconf 79' lang='lat' dir='ltr'><strong>malis</strong></span> 
     </span>
    </p>
   </div>
   <div class='ocr_carea' id='block_1_78' title="bbox 2020 1789 3629 1875">
    <p class='ocr_par' dir='ltr' id='par_1_78' title="bbox 2020 1789 3629 1875">
     <span class='ocr_line' id='line_1_78' title="bbox 2020 1789 3629 1875; baseline 0.012 -33"><span class='ocrx_word' id='word_1_595' title='bbox 2020 1789 2175 1845; x_wconf 33' lang='lat' dir='ltr'><strong>illius:</strong></span> <span class='ocrx_word' id='word_1_596' title='bbox 2191 1793 2463 1863; x_wconf 83' lang='lat' dir='ltr'><strong>temporis.</strong></span> <span class='ocrx_word' id='word_1_597' title='bbox 2484 1794 2633 1852; x_wconf 81' lang='lat' dir='ltr'><strong>Tunc</strong></span> <span class='ocrx_word' id='word_1_598' title='bbox 2655 1792 2851 1855; x_wconf 83' lang='lat' dir='ltr'><strong>illicitis</strong></span> <span class='ocrx_word' id='word_1_599' title='bbox 2875 1803 3106 1859; x_wconf 88' lang='lat' dir='ltr'><strong>coitibus</strong></span> <span class='ocrx_word' id='word_1_600' title='bbox 3123 1813 3340 1875; x_wconf 81' lang='lat' dir='ltr'><strong>operam</strong></span> <span class='ocrx_word' id='word_1_601' title='bbox 3370 1807 3629 1862; x_wconf 85' lang='lat' dir='ltr'><strong>dabant:</strong></span> 
     </span>
    </p>
   </div>
   <div class='ocr_carea' id='block_1_79' title="bbox 2020 1883 3632 1968">
    <p class='ocr_par' dir='ltr' id='par_1_79' title="bbox 2020 1883 3632 1968">
     <span class='ocr_line' id='line_1_79' title="bbox 2020 1883 3632 1968; baseline 0.013 -32"><span class='ocrx_word' id='word_1_602' title='bbox 2020 1896 2142 1937; x_wconf 88' lang='lat' dir='ltr'><strong>nam</strong></span> <span class='ocrx_word' id='word_1_603' title='bbox 2175 1883 2399 1955; x_wconf 71' lang='lat' dir='ltr'><strong>lng‘feas‘i</strong></span> <span class='ocrx_word' id='word_1_604' title='bbox 2426 1894 2563 1958; x_wconf 65' lang='lat' dir='ltr'><strong>sunt,</strong></span> <span class='ocrx_word' id='word_1_605' title='bbox 2593 1891 2782 1963; x_wconf 76' lang='lat' dir='ltr'><strong>inquit,</strong></span> <span class='ocrx_word' id='word_1_606' title='bbox 2827 1895 2927 1964; x_wconf 76' lang='lat' dir='ltr'><strong>ﬁlii</strong></span> <span class='ocrx_word' id='word_1_607' title='bbox 2968 1894 3065 1951; x_wconf 83' lang='lat' dir='ltr'><strong>Dei</strong></span> <span class='ocrx_word' id='word_1_608' title='bbox 3091 1899 3160 1953; x_wconf 81' lang='lat' dir='ltr'><strong>ad</strong></span> <span class='ocrx_word' id='word_1_609' title='bbox 3182 1900 3319 1968; x_wconf 75' lang='lat' dir='ltr'><strong>ﬁlias</strong></span> <span class='ocrx_word' id='word_1_610' title='bbox 3345 1902 3632 1958; x_wconf 70' lang='lat' dir='ltr'><strong>hominum</strong></span> 
     </span>
    </p>
   </div>
   <div class='ocr_carea' id='block_1_80' title="bbox 2019 1973 3629 2063">
    <p class='ocr_par' dir='ltr' id='par_1_80' title="bbox 2019 1973 3629 2063">
     <span class='ocr_line' id='line_1_80' title="bbox 2019 1973 3629 2063; baseline 0.012 -34"><span class='ocrx_word' id='word_1_611' title='bbox 2019 1973 2171 2043; x_wconf 80' lang='lat' dir='ltr'><strong>(Gen.</strong></span> <span class='ocrx_word' id='word_1_612' title='bbox 2200 1974 2252 2031; x_wconf 84' lang='lat'><strong>6.</strong></span> <span class='ocrx_word' id='word_1_613' title='bbox 2280 1974 2380 2047; x_wconf 64' lang='lat'><strong>2):</strong></span> <span class='ocrx_word' id='word_1_614' title='bbox 2407 1982 2549 2036; x_wconf 85' lang='lat' dir='ltr'><strong>nunc</strong></span> <span class='ocrx_word' id='word_1_615' title='bbox 2592 1992 2779 2039; x_wconf 85' lang='lat' dir='ltr'><strong>autem</strong></span> <span class='ocrx_word' id='word_1_616' title='bbox 2818 1976 3024 2043; x_wconf 79' lang='lat' dir='ltr'><strong>nullum</strong></span> <span class='ocrx_word' id='word_1_617' title='bbox 3065 1998 3149 2045; x_wconf 87' lang='lat' dir='ltr'><strong>est</strong></span> <span class='ocrx_word' id='word_1_618' title='bbox 3195 2005 3364 2062; x_wconf 79' lang='lat' dir='ltr'><strong>genus</strong></span> <span class='ocrx_word' id='word_1_619' title='bbox 3391 1995 3629 2063; x_wconf 87' lang='lat' dir='ltr'><strong>peccati</strong></span> 
     </span>
    </p>
   </div>
   <div class='ocr_carea' id='block_1_81' title="bbox 2020 2063 2704 2143">
    <p class='ocr_par' dir='ltr' id='par_1_81' title="bbox 2020 2063 2704 2143">
     <span class='ocr_line' id='line_1_81' title="bbox 2020 2063 2704 2143; baseline 0.015 -24"><span class='ocrx_word' id='word_1_620' title='bbox 2020 2063 2165 2136; x_wconf 88' lang='lat' dir='ltr'><strong>quod</strong></span> <span class='ocrx_word' id='word_1_621' title='bbox 2187 2078 2332 2123; x_wconf 92' lang='lat' dir='ltr'><strong>retro</strong></span> <span class='ocrx_word' id='word_1_622' title='bbox 2354 2072 2704 2143; x_wconf 70' lang='lat' dir='ltr'><strong>relinquatur.</strong></span> 
     </span>
    </p>
   </div>
   <div class='ocr_carea' id='block_1_82' title="bbox 2092 2157 3631 2244">
    <p class='ocr_par' dir='ltr' id='par_1_82' title="bbox 2092 2157 3631 2244">
     <span class='ocr_line' id='line_1_82' title="bbox 2092 2157 3631 2244; baseline 0.013 -33"><span class='ocrx_word' id='word_1_623' title='bbox 2092 2157 2429 2217; x_wconf 70' lang='lat' dir='ltr'><strong>Maledictum</strong></span> <span class='ocrx_word' id='word_1_624' title='bbox 2476 2162 2818 2221; x_wconf 66' lang='lat' dir='ltr'><strong>Sodomorum</strong></span> <span class='ocrx_word' id='word_1_625' title='bbox 2869 2174 2970 2225; x_wconf 70' lang='lat' dir='ltr'><strong>itan</strong></span> <span class='ocrx_word' id='word_1_626' title='bbox 3009 2174 3246 2243; x_wconf 72' lang='lat' dir='ltr'><strong>temperi:</strong></span> <span class='ocrx_word' id='word_1_627' title='bbox 3293 2176 3466 2244; x_wconf 79' lang='lat' dir='ltr'><strong>spatia</strong></span> <span class='ocrx_word' id='word_1_628' title='bbox 3524 2178 3631 2231; x_wconf 86' lang='lat' dir='ltr'><strong>de-</strong></span> 
     </span>
    </p>
   </div>
   <div class='ocr_carea' id='block_1_83' title="bbox 2021 2249 3629 2337">
    <p class='ocr_par' dir='ltr' id='par_1_83' title="bbox 2021 2249 3629 2337">
     <span class='ocr_line' id='line_1_83' title="bbox 2021 2249 3629 2337; baseline 0.012 -34"><span class='ocrx_word' id='word_1_629' title='bbox 2021 2249 2194 2308; x_wconf 72' lang='lat' dir='ltr'><strong>letum.</strong></span> <span class='ocrx_word' id='word_1_630' title='bbox 2240 2281 2312 2293; x_wconf 89' lang='lat'><strong><em>—</em></strong></span> <span class='ocrx_word' id='word_1_631' title='bbox 2358 2252 2593 2323; x_wconf 84' lang='lat' dir='ltr'><strong>Verum,</strong></span> <span class='ocrx_word' id='word_1_632' title='bbox 2619 2256 2665 2311; x_wconf 87' lang='lat' dir='ltr'><strong>si</strong></span> <span class='ocrx_word' id='word_1_633' title='bbox 2706 2259 2912 2329; x_wconf 83' lang='lat' dir='ltr'><strong>placet,</strong></span> <span class='ocrx_word' id='word_1_634' title='bbox 2956 2255 3027 2317; x_wconf 84' lang='lat' dir='ltr'><strong>ad</strong></span> <span class='ocrx_word' id='word_1_635' title='bbox 3066 2263 3169 2318; x_wconf 81' lang='lat' dir='ltr'><strong>alia</strong></span> <span class='ocrx_word' id='word_1_636' title='bbox 3221 2266 3473 2335; x_wconf 80' lang='lat' dir='ltr'><strong>supplicii</strong></span> <span class='ocrx_word' id='word_1_637' title='bbox 3523 2283 3629 2337; x_wconf 78' lang='lat' dir='ltr'><strong>ge-</strong></span> 
     </span>
    </p>
   </div>
   <div class='ocr_carea' id='block_1_84' title="bbox 2019 2348 3631 2425">
    <p class='ocr_par' dir='ltr' id='par_1_84' title="bbox 2019 2348 3631 2425">
     <span class='ocr_line' id='line_1_84' title="bbox 2019 2348 3631 2425; baseline 0.012 -30"><span class='ocrx_word' id='word_1_638' title='bbox 2019 2356 2147 2396; x_wconf 77' lang='lat' dir='ltr'><strong>nera</strong></span> <span class='ocrx_word' id='word_1_639' title='bbox 2176 2348 2478 2400; x_wconf 80' lang='lat' dir='ltr'><strong>scrmOnem</strong></span> <span class='ocrx_word' id='word_1_640' title='bbox 2508 2354 2910 2418; x_wconf 82' lang='lat' dir='ltr'><strong>convertamus,</strong></span> <span class='ocrx_word' id='word_1_641' title='bbox 2947 2356 3008 2408; x_wconf 85' lang='lat' dir='ltr'><strong>ut</strong></span> <span class='ocrx_word' id='word_1_642' title='bbox 3035 2360 3105 2410; x_wconf 61' lang='lat' dir='ltr'><strong>ex</strong></span> <span class='ocrx_word' id='word_1_643' title='bbox 3127 2357 3407 2425; x_wconf 74' lang='lat' dir='ltr'><strong>prmtcritis</strong></span> <span class='ocrx_word' id='word_1_644' title='bbox 3436 2358 3631 2415; x_wconf 84' lang='lat' dir='ltr'><strong>futura</strong></span> 
     </span>
    </p>
   </div>
   <div class='ocr_carea' id='block_1_85' title="bbox 2018 2433 3631 2516">
    <p class='ocr_par' dir='ltr' id='par_1_85' title="bbox 2018 2433 3631 2516">
     <span class='ocr_line' id='line_1_85' title="bbox 2018 2433 3631 2516; baseline 0.011 -29"><span class='ocrx_word' id='word_1_645' title='bbox 2018 2433 2321 2489; x_wconf 85' lang='lat' dir='ltr'><strong>credantur.</strong></span> <span class='ocrx_word' id='word_1_646' title='bbox 2380 2436 2521 2491; x_wconf 86' lang='lat' dir='ltr'><strong>Num</strong></span> <span class='ocrx_word' id='word_1_647' title='bbox 2569 2440 2689 2508; x_wconf 88' lang='lat' dir='ltr'><strong>quis</strong></span> <span class='ocrx_word' id='word_1_648' title='bbox 2737 2450 2972 2497; x_wconf 89' lang='lat' dir='ltr'><strong>vestrum</strong></span> <span class='ocrx_word' id='word_1_649' title='bbox 3021 2451 3271 2516; x_wconf 78' lang='lat' dir='ltr'><strong>umquam</strong></span> <span class='ocrx_word' id='word_1_650' title='bbox 3326 2447 3377 2502; x_wconf 89' lang='lat' dir='ltr'><strong>in</strong></span> <span class='ocrx_word' id='word_1_651' title='bbox 3436 2438 3631 2504; x_wconf 75' lang='lat' dir='ltr'><strong>Palu:-</strong></span> 
     </span>
    </p>
   </div>
   <div class='ocr_carea' id='block_1_86' title="bbox 2019 2523 3631 2603">
    <p class='ocr_par' dir='ltr' id='par_1_86' title="bbox 2019 2523 3631 2603">
     <span class='ocr_line' id='line_1_86' title="bbox 2019 2523 3631 2603; baseline 0.013 -28"><span class='ocrx_word' id='word_1_652' title='bbox 2019 2523 2210 2577; x_wconf 87' lang='lat' dir='ltr'><strong>stinam</strong></span> <span class='ocrx_word' id='word_1_653' title='bbox 2254 2528 2617 2596; x_wconf 77' lang='lat' dir='ltr'><strong>peregrinatus</strong></span> <span class='ocrx_word' id='word_1_654' title='bbox 2661 2530 2781 2585; x_wconf 87' lang='lat' dir='ltr'><strong>est?</strong></span> <span class='ocrx_word' id='word_1_655' title='bbox 2809 2530 2936 2587; x_wconf 84' lang='lat' dir='ltr'><strong>Mihi</strong></span> <span class='ocrx_word' id='word_1_656' title='bbox 2975 2534 3188 2603; x_wconf 88' lang='lat' dir='ltr'><strong>quidem</strong></span> <span class='ocrx_word' id='word_1_657' title='bbox 3235 2538 3475 2594; x_wconf 84' lang='lat' dir='ltr'><strong>videtur.</strong></span> <span class='ocrx_word' id='word_1_658' title='bbox 3516 2539 3631 2597; x_wconf 80' lang='lat' dir='ltr'><strong>Vos</strong></span> 
     </span>
    </p>
   </div>
   <div class='ocr_carea' id='block_1_87' title="bbox 2016 2614 3631 2684">
    <p class='ocr_par' dir='ltr' id='par_1_87' title="bbox 2016 2614 3631 2684">
     <span class='ocr_line' id='line_1_87' title="bbox 2016 2614 3631 2684; baseline 0.007 -15"><span class='ocrx_word' id='word_1_659' title='bbox 2016 2627 2149 2684; x_wconf 82' lang='lat' dir='ltr'><strong>ergo</strong></span> <span class='ocrx_word' id='word_1_660' title='bbox 2190 2616 2458 2672; x_wconf 87' lang='lat' dir='ltr'><strong>dictorum</strong></span> <span class='ocrx_word' id='word_1_661' title='bbox 2495 2621 2705 2675; x_wconf 85' lang='lat' dir='ltr'><strong>veritati</strong></span> <span class='ocrx_word' id='word_1_662' title='bbox 2745 2624 3103 2679; x_wconf 77' lang='lat' dir='ltr'><strong>tesﬁmonium</strong></span> <span class='ocrx_word' id='word_1_663' title='bbox 3150 2614 3304 2683; x_wconf 86' lang='lat' dir='ltr'><strong>ferte.</strong></span> <span class='ocrx_word' id='word_1_664' title='bbox 3348 2627 3489 2683; x_wconf 83' lang='lat' dir='ltr'><strong>Nam</strong></span> <span class='ocrx_word' id='word_1_665' title='bbox 3546 2631 3631 2683; x_wconf 83' lang='lat' dir='ltr'><strong>ul-</strong></span> 
     </span>
    </p>
   </div>
   <div class='ocr_carea' id='block_1_88' title="bbox 2021 2705 3630 2787">
    <p class='ocr_par' dir='ltr' id='par_1_88' title="bbox 2021 2705 3630 2787">
     <span class='ocr_line' id='line_1_88' title="bbox 2021 2705 3630 2787; baseline 0.012 -30"><span class='ocrx_word' id='word_1_666' title='bbox 2021 2710 2100 2758; x_wconf 88' lang='lat' dir='ltr'><strong>tra</strong></span> <span class='ocrx_word' id='word_1_667' title='bbox 2130 2705 2448 2767; x_wconf 76' lang='lat' dir='ltr'><strong>Ascalonem</strong></span> <span class='ocrx_word' id='word_1_668' title='bbox 2475 2719 2529 2765; x_wconf 92' lang='lat' dir='ltr'><strong>et</strong></span> <span class='ocrx_word' id='word_1_669' title='bbox 2568 2709 2762 2767; x_wconf 80' lang='lat' dir='ltr'><strong>Gazam</strong></span> <span class='ocrx_word' id='word_1_670' title='bbox 2806 2714 2872 2768; x_wconf 81' lang='lat' dir='ltr'><strong>ad</strong></span> <span class='ocrx_word' id='word_1_671' title='bbox 2912 2715 3083 2785; x_wconf 80' lang='lat' dir='ltr'><strong>ipsum</strong></span> <span class='ocrx_word' id='word_1_672' title='bbox 3131 2722 3462 2787; x_wconf 65' lang='lat' dir='ltr'><strong>postremum</strong></span> <span class='ocrx_word' id='word_1_673' title='bbox 3496 2721 3630 2777; x_wconf 78' lang='lat' dir='ltr'><strong>Jor-</strong></span> 
     </span>
    </p>
   </div>
   <div class='ocr_carea' id='block_1_89' title="bbox 2018 2795 3695 2883">
    <p class='ocr_par' dir='ltr' id='par_1_89' title="bbox 2018 2795 3695 2883">
     <span class='ocr_line' id='line_1_89' title="bbox 2018 2795 3695 2883; baseline 0.013 -34"><span class='ocrx_word' id='word_1_674' title='bbox 2018 2795 2173 2853; x_wconf 72' lang='lat' dir='ltr'><strong>danis</strong></span> <span class='ocrx_word' id='word_1_675' title='bbox 2215 2797 2359 2854; x_wconf 77' lang='lat' dir='ltr'><strong>fluvii</strong></span> <span class='ocrx_word' id='word_1_676' title='bbox 2391 2804 2673 2858; x_wconf 82' lang='lat' dir='ltr'><strong>terminum</strong></span> <span class='ocrx_word' id='word_1_677' title='bbox 2721 2814 2837 2861; x_wconf 89' lang='lat' dir='ltr'><strong>erat</strong></span> <span class='ocrx_word' id='word_1_678' title='bbox 2872 2798 3117 2877; x_wconf 83' lang='lat' dir='ltr'><strong>quaedam</strong></span> <span class='ocrx_word' id='word_1_679' title='bbox 3143 2812 3291 2882; x_wconf 79' lang='lat' dir='ltr'><strong>regio</strong></span> <span class='ocrx_word' id='word_1_680' title='bbox 3316 2820 3521 2883; x_wconf 82' lang='lat' dir='ltr'><strong>magna</strong></span> <span class='ocrx_word' id='word_1_681' title='bbox 3573 2824 3631 2871; x_wconf 87' lang='lat' dir='ltr'><strong>et</strong></span> <span class='ocrx_word' id='word_1_682' title='bbox 3694 2870 3695 2879; x_wconf 20' lang='grc' dir='ltr'>χ</span> 
     </span>
    </p>
   </div>
   <div class='ocr_carea' id='block_1_90' title="bbox 2017 2888 3629 2975">
    <p class='ocr_par' dir='ltr' id='par_1_90' title="bbox 2017 2888 3629 2975">
     <span class='ocr_line' id='line_1_90' title="bbox 2017 2888 3629 2975; baseline 0.011 -31"><span class='ocrx_word' id='word_1_683' title='bbox 2017 2888 2364 2957; x_wconf 77' lang='lat' dir='ltr'><strong>feracissima,</strong></span> <span class='ocrx_word' id='word_1_684' title='bbox 2390 2908 2509 2963; x_wconf 69' lang='lat' dir='ltr'><strong>qua:</strong></span> <span class='ocrx_word' id='word_1_685' title='bbox 2551 2902 2679 2951; x_wconf 80' lang='lat' dir='ltr'><strong>cum</strong></span> <span class='ocrx_word' id='word_1_686' title='bbox 2711 2898 2959 2967; x_wconf 80' lang='lat' dir='ltr'><strong>paradiso</strong></span> <span class='ocrx_word' id='word_1_687' title='bbox 2998 2901 3091 2957; x_wconf 89' lang='lat' dir='ltr'><strong>Dei</strong></span> <span class='ocrx_word' id='word_1_688' title='bbox 3120 2906 3437 2960; x_wconf 81' lang='lat' dir='ltr'><strong>concertare</strong></span> <span class='ocrx_word' id='word_1_689' title='bbox 3492 2922 3629 2975; x_wconf 81' lang='lat' dir='ltr'><strong>pos—</strong></span> 
     </span>
    </p>
   </div>
   <div class='ocr_carea' id='block_1_91' title="bbox 2018 2981 3631 3063">
    <p class='ocr_par' dir='ltr' id='par_1_91' title="bbox 2018 2981 3631 3063">
     <span class='ocr_line' id='line_1_91' title="bbox 2018 2981 3631 3063; baseline 0.009 -28"><span class='ocrx_word' id='word_1_690' title='bbox 2018 2988 2102 3035; x_wconf 70' lang='lat' dir='ltr'><strong>Set</strong></span> <span class='ocrx_word' id='word_1_691' title='bbox 2133 2996 2148 3032; x_wconf 88' lang='lat'><strong>:</strong></span> <span class='ocrx_word' id='word_1_692' title='bbox 2179 2984 2300 3035; x_wconf 75' lang='lat' dir='ltr'><strong>nam</strong></span> <span class='ocrx_word' id='word_1_693' title='bbox 2353 2981 2509 3051; x_wconf 69' lang='lat' dir='ltr'><strong>Vidit,</strong></span> <span class='ocrx_word' id='word_1_694' title='bbox 2542 2987 2731 3056; x_wconf 78' lang='lat' dir='ltr'><strong>inquit,</strong></span> <span class='ocrx_word' id='word_1_695' title='bbox 2763 2986 2862 3042; x_wconf 77' lang='lat' dir='ltr'><strong>L0!</strong></span> <span class='ocrx_word' id='word_1_696' title='bbox 2900 3000 3099 3045; x_wconf 79' lang='lat' dir='ltr'><strong>omnem</strong></span> <span class='ocrx_word' id='word_1_697' title='bbox 3137 2994 3388 3063; x_wconf 69' lang='lat' dir='ltr'><strong>regionem</strong></span> <span class='ocrx_word' id='word_1_698' title='bbox 3422 2996 3631 3049; x_wconf 81' lang='lat' dir='ltr'><strong>circum</strong></span> 
     </span>
    </p>
   </div>
   <div class='ocr_carea' id='block_1_92' title="bbox 2018 3073 3625 3159">
    <p class='ocr_par' dir='ltr' id='par_1_92' title="bbox 2018 3073 3625 3159">
     <span class='ocr_line' id='line_1_92' title="bbox 2018 3073 3625 3159; baseline 0.009 -33"><span class='ocrx_word' id='word_1_699' title='bbox 2018 3073 2316 3159; x_wconf 65' lang='lat' dir='ltr'><strong>Iordanem,</strong></span> <span class='ocrx_word' id='word_1_700' title='bbox 2360 3082 2474 3146; x_wconf 71' lang='lat' dir='ltr'><strong>quo:</strong></span> <span class='ocrx_word' id='word_1_701' title='bbox 2514 3078 2822 3150; x_wconf 73' lang='lat' dir='ltr'><strong>irrigubatur</strong></span> <span class='ocrx_word' id='word_1_702' title='bbox 2844 3084 2988 3152; x_wconf 73' lang='lat' dir='ltr'><strong>quasi</strong></span> <span class='ocrx_word' id='word_1_703' title='bbox 3016 3076 3285 3156; x_wconf 64' lang='lat' dir='ltr'><strong>paradisus</strong></span> <span class='ocrx_word' id='word_1_704' title='bbox 3310 3076 3409 3147; x_wconf 75' lang='lat' dir='ltr'><strong>Dei</strong></span> <span class='ocrx_word' id='word_1_705' title='bbox 3439 3089 3461 3157; x_wconf 94' lang='lat'><strong>(</strong></span> <span class='ocrx_word' id='word_1_706' title='bbox 3486 3083 3625 3147; x_wconf 72' lang='lat' dir='ltr'><strong>Gen.</strong></span> 
     </span>
    </p>
   </div>
   <div class='ocr_carea' id='block_1_93' title="bbox 2020 3166 3627 3236">
    <p class='ocr_par' dir='ltr' id='par_1_93' title="bbox 2020 3166 3627 3236">
     <span class='ocr_line' id='line_1_93' title="bbox 2020 3166 3627 3236; baseline 0.006 -13"><span class='ocrx_word' id='word_1_707' title='bbox 2020 3166 2109 3223; x_wconf 70' lang='grc'><strong>13.</strong></span> <span class='ocrx_word' id='word_1_708' title='bbox 2144 3167 2261 3236; x_wconf 69' lang='lat' dir='ltr'><strong>to).</strong></span> <span class='ocrx_word' id='word_1_709' title='bbox 2291 3167 2483 3223; x_wconf 82' lang='lat' dir='ltr'><strong>Verum</strong></span> <span class='ocrx_word' id='word_1_710' title='bbox 2529 3170 2645 3226; x_wconf 61' lang='lat' dir='ltr'><strong>hinc</strong></span> <span class='ocrx_word' id='word_1_711' title='bbox 2688 3184 2832 3228; x_wconf 90' lang='lat' dir='ltr'><strong>nunc</strong></span> <span class='ocrx_word' id='word_1_712' title='bbox 2873 3178 2957 3229; x_wconf 86' lang='lat' dir='ltr'><strong>est</strong></span> <span class='ocrx_word' id='word_1_713' title='bbox 2999 3175 3237 3230; x_wconf 88' lang='lat' dir='ltr'><strong>omnium</strong></span> <span class='ocrx_word' id='word_1_714' title='bbox 3266 3177 3627 3233; x_wconf 78' lang='lat' dir='ltr'><strong>desertorum</strong></span> 
     </span>
    </p>
   </div>
   <div class='ocr_carea' id='block_1_94' title="bbox 2018 3246 3622 3335">
    <p class='ocr_par' dir='ltr' id='par_1_94' title="bbox 2018 3246 3622 3335">
     <span class='ocr_line' id='line_1_94' title="bbox 2018 3246 3622 3335; baseline 0.007 -24"><span class='ocrx_word' id='word_1_715' title='bbox 2018 3246 2404 3315; x_wconf 71' lang='lat' dir='ltr'><strong>desertissima.</strong></span> <span class='ocrx_word' id='word_1_716' title='bbox 2435 3259 2588 3315; x_wconf 84' lang='lat' dir='ltr'><strong>Stant</strong></span> <span class='ocrx_word' id='word_1_717' title='bbox 2614 3263 2755 3317; x_wconf 83' lang='lat' dir='ltr'><strong>enim</strong></span> <span class='ocrx_word' id='word_1_718' title='bbox 2777 3263 3019 3332; x_wconf 76' lang='lat' dir='ltr'><strong>arbares,</strong></span> <span class='ocrx_word' id='word_1_719' title='bbox 3042 3270 3097 3320; x_wconf 85' lang='lat' dir='ltr'><strong>e‘t</strong></span> <span class='ocrx_word' id='word_1_720' title='bbox 3125 3262 3350 3323; x_wconf 83' lang='lat' dir='ltr'><strong>fructum</strong></span> <span class='ocrx_word' id='word_1_721' title='bbox 3381 3267 3622 3335; x_wconf 87' lang='lat' dir='ltr'><strong>habent,</strong></span> 
     </span>
    </p>
   </div>
   <div class='ocr_carea' id='block_1_95' title="bbox 2020 3343 3628 3419">
    <p class='ocr_par' dir='ltr' id='par_1_95' title="bbox 2020 3343 3628 3419">
     <span class='ocr_line' id='line_1_95' title="bbox 2020 3343 3628 3419; baseline 0.004 -17"><span class='ocrx_word' id='word_1_722' title='bbox 2020 3350 2077 3403; x_wconf 79' lang='lat' dir='ltr'><strong>at</strong></span> <span class='ocrx_word' id='word_1_723' title='bbox 2116 3347 2321 3404; x_wconf 84' lang='lat' dir='ltr'><strong>fruetus</strong></span> <span class='ocrx_word' id='word_1_724' title='bbox 2362 3343 2451 3406; x_wconf 83' lang='lat' dir='ltr'><strong>ille</strong></span> <span class='ocrx_word' id='word_1_725' title='bbox 2494 3351 2588 3405; x_wconf 84' lang='lat' dir='ltr'><strong>irae</strong></span> <span class='ocrx_word' id='word_1_726' title='bbox 2633 3351 2826 3408; x_wconf 69' lang='lat' dir='ltr'><strong>divina:</strong></span> <span class='ocrx_word' id='word_1_727' title='bbox 2873 3356 3258 3411; x_wconf 85' lang='lat' dir='ltr'><strong>monimentum</strong></span> <span class='ocrx_word' id='word_1_728' title='bbox 3308 3362 3412 3413; x_wconf 73' lang='lat' dir='ltr'><strong>est.</strong></span> <span class='ocrx_word' id='word_1_729' title='bbox 3462 3356 3628 3419; x_wconf 72' lang='lat' dir='ltr'><strong>Stant</strong></span> 
     </span>
    </p>
   </div>
   <div class='ocr_carea' id='block_1_96' title="bbox 2021 3440 3623 3519">
    <p class='ocr_par' dir='ltr' id='par_1_96' title="bbox 2021 3440 3623 3519">
     <span class='ocr_line' id='line_1_96' title="bbox 2021 3440 3623 3519; baseline 0.004 -25"><span class='ocrx_word' id='word_1_730' title='bbox 2021 3440 2384 3509; x_wconf 75' lang='lat' dir='ltr'><strong>malogranata</strong></span> <span class='ocrx_word' id='word_1_731' title='bbox 2414 3442 2692 3511; x_wconf 86' lang='lat' dir='ltr'><strong>splendida</strong></span> <span class='ocrx_word' id='word_1_732' title='bbox 2726 3443 2859 3501; x_wconf 87' lang='lat' dir='ltr'><strong>facie</strong></span> <span class='ocrx_word' id='word_1_733' title='bbox 2887 3460 3036 3515; x_wconf 86' lang='lat' dir='ltr'><strong>spem</strong></span> <span class='ocrx_word' id='word_1_734' title='bbox 3080 3448 3273 3503; x_wconf 79' lang='lat' dir='ltr'><strong>bonam</strong></span> <span class='ocrx_word' id='word_1_735' title='bbox 3310 3450 3623 3519; x_wconf 69' lang='lat' dir='ltr'><strong>ignoranti.</strong></span> 
     </span>
    </p>
   </div>
   <div class='ocr_carea' id='block_1_97' title="bbox 2021 3530 3623 3606">
    <p class='ocr_par' dir='ltr' id='par_1_97' title="bbox 2021 3530 3623 3606">
     <span class='ocr_line' id='line_1_97' title="bbox 2021 3530 3623 3606; baseline 0.007 -21"><span class='ocrx_word' id='word_1_736' title='bbox 2021 3530 2127 3585; x_wconf 87' lang='lat' dir='ltr'><strong>bus</strong></span> <span class='ocrx_word' id='word_1_737' title='bbox 2174 3530 2503 3599; x_wconf 67' lang='lat' dir='ltr'><strong>praebentia,</strong></span> <span class='ocrx_word' id='word_1_738' title='bbox 2543 3533 2789 3590; x_wconf 78' lang='lat' dir='ltr'><strong>manibus</strong></span> <span class='ocrx_word' id='word_1_739' title='bbox 2813 3542 2993 3593; x_wconf 85' lang='lat' dir='ltr'><strong>autem</strong></span> <span class='ocrx_word' id='word_1_740' title='bbox 3034 3542 3251 3606; x_wconf 84' lang='lat' dir='ltr'><strong>accepta</strong></span> <span class='ocrx_word' id='word_1_741' title='bbox 3299 3546 3356 3593; x_wconf 86' lang='lat' dir='ltr'><strong>et</strong></span> <span class='ocrx_word' id='word_1_742' title='bbox 3400 3540 3623 3605; x_wconf 77' lang='lat' dir='ltr'><strong>fracta,</strong></span> 
     </span>
    </p>
   </div>
   <div class='ocr_carea' id='block_1_98' title="bbox 2022 3619 3627 3703">
    <p class='ocr_par' dir='ltr' id='par_1_98' title="bbox 2022 3619 3627 3703">
     <span class='ocr_line' id='line_1_98' title="bbox 2022 3619 3627 3703; baseline 0.008 -29"><span class='ocrx_word' id='word_1_743' title='bbox 2022 3619 2254 3677; x_wconf 84' lang='lat' dir='ltr'><strong>fructum</strong></span> <span class='ocrx_word' id='word_1_744' title='bbox 2283 3622 2499 3693; x_wconf 78' lang='lat' dir='ltr'><strong>quidem</strong></span> <span class='ocrx_word' id='word_1_745' title='bbox 2525 3624 2761 3692; x_wconf 82' lang='lat' dir='ltr'><strong>nullum,</strong></span> <span class='ocrx_word' id='word_1_746' title='bbox 2808 3625 2907 3681; x_wconf 89' lang='lat' dir='ltr'><strong>sed</strong></span> <span class='ocrx_word' id='word_1_747' title='bbox 2954 3628 3226 3697; x_wconf 87' lang='lat' dir='ltr'><strong>pulverem</strong></span> <span class='ocrx_word' id='word_1_748' title='bbox 3266 3620 3627 3703; x_wconf 76' lang='lat' dir='ltr'><strong>cineremque</strong></span> 
     </span>
    </p>
   </div>
   <div class='ocr_carea' id='block_1_99' title="bbox 2022 3714 3627 3789">
    <p class='ocr_par' dir='ltr' id='par_1_99' title="bbox 2022 3714 3627 3789">
     <span class='ocr_line' id='line_1_99' title="bbox 2022 3714 3627 3789; baseline 0.008 -23"><span class='ocrx_word' id='word_1_749' title='bbox 2022 3714 2247 3768; x_wconf 91' lang='lat' dir='ltr'><strong>multum</strong></span> <span class='ocrx_word' id='word_1_750' title='bbox 2274 3715 2417 3769; x_wconf 91' lang='lat' dir='ltr'><strong>intus</strong></span> <span class='ocrx_word' id='word_1_751' title='bbox 2449 3716 2679 3785; x_wconf 86' lang='lat' dir='ltr'><strong>positum</strong></span> <span class='ocrx_word' id='word_1_752' title='bbox 2705 3717 2978 3775; x_wconf 80' lang='lat' dir='ltr'><strong>exhibent.</strong></span> <span class='ocrx_word' id='word_1_753' title='bbox 3007 3719 3151 3776; x_wconf 77' lang='lat' dir='ltr'><strong>Talis</strong></span> <span class='ocrx_word' id='word_1_754' title='bbox 3174 3725 3253 3777; x_wconf 82' lang='lat' dir='ltr'><strong>es&#39;t</strong></span> <span class='ocrx_word' id='word_1_755' title='bbox 3279 3729 3447 3789; x_wconf 84' lang='lat' dir='ltr'><strong>terra,</strong></span> <span class='ocrx_word' id='word_1_756' title='bbox 3486 3725 3627 3779; x_wconf 87' lang='lat' dir='ltr'><strong>tales</strong></span> 
     </span>
    </p>
   </div>
   <div class='ocr_carea' id='block_1_100' title="bbox 2023 3803 3624 3876">
    <p class='ocr_par' dir='ltr' id='par_1_100' title="bbox 2023 3803 3624 3876">
     <span class='ocr_line' id='line_1_100' title="bbox 2023 3803 3624 3876; baseline 0.006 -18"><span class='ocrx_word' id='word_1_757' title='bbox 2023 3803 2247 3874; x_wconf 80' lang='lat' dir='ltr'><strong>lapides,</strong></span> <span class='ocrx_word' id='word_1_758' title='bbox 2278 3805 2396 3860; x_wconf 88' lang='lat' dir='ltr'><strong>talis</strong></span> <span class='ocrx_word' id='word_1_759' title='bbox 2422 3806 2536 3876; x_wconf 89' lang='lat' dir='ltr'><strong>ipse</strong></span> <span class='ocrx_word' id='word_1_760' title='bbox 2565 3822 2677 3862; x_wconf 87' lang='lat' dir='ltr'><strong>aer.</strong></span> <span class='ocrx_word' id='word_1_761' title='bbox 2708 3809 2901 3864; x_wconf 83' lang='lat' dir='ltr'><strong>Omnia</strong></span> <span class='ocrx_word' id='word_1_762' title='bbox 2920 3811 3133 3866; x_wconf 85' lang='lat' dir='ltr'><strong>incensa</strong></span> <span class='ocrx_word' id='word_1_763' title='bbox 3156 3822 3280 3866; x_wconf 89' lang='lat' dir='ltr'><strong>sunt</strong></span> <span class='ocrx_word' id='word_1_764' title='bbox 3312 3854 3325 3876; x_wconf 91' lang='lat'><strong>,</strong></span> <span class='ocrx_word' id='word_1_765' title='bbox 3352 3815 3545 3867; x_wconf 83' lang='lat' dir='ltr'><strong>omnia</strong></span> <span class='ocrx_word' id='word_1_766' title='bbox 3571 3816 3624 3869; x_wconf 88' lang='lat' dir='ltr'><strong>in</strong></span> 
     </span>
    </p>
   </div>
   <div class='ocr_carea' id='block_1_101' title="bbox 2023 3896 3627 3970">
    <p class='ocr_par' dir='ltr' id='par_1_101' title="bbox 2023 3896 3627 3970">
     <span class='ocr_line' id='line_1_101' title="bbox 2023 3896 3627 3970; baseline 0.006 -21"><span class='ocrx_word' id='word_1_767' title='bbox 2023 3896 2258 3951; x_wconf 78' lang='lat' dir='ltr'><strong>cinerem</strong></span> <span class='ocrx_word' id='word_1_768' title='bbox 2285 3896 2522 3962; x_wconf 81' lang='lat' dir='ltr'><strong>redacta,</strong></span> <span class='ocrx_word' id='word_1_769' title='bbox 2552 3900 2909 3970; x_wconf 64' lang='lat' dir='ltr'><strong>praeterquam</strong></span> <span class='ocrx_word' id='word_1_770' title='bbox 2939 3901 3035 3956; x_wconf 72' lang='lat' dir='ltr'><strong>ira:</strong></span> <span class='ocrx_word' id='word_1_771' title='bbox 3067 3902 3417 3969; x_wconf 81' lang='lat' dir='ltr'><strong>monimenta,</strong></span> <span class='ocrx_word' id='word_1_772' title='bbox 3452 3900 3627 3959; x_wconf 81' lang='lat' dir='ltr'><strong>futuri</strong></span> 
     </span>
    </p>
   </div>
   <div class='ocr_carea' id='block_1_102' title="bbox 2026 3983 3625 4057">
    <p class='ocr_par' dir='ltr' id='par_1_102' title="bbox 2026 3983 3625 4057">
     <span class='ocr_line' id='line_1_102' title="bbox 2026 3983 3625 4057; baseline 0.006 -18"><span class='ocrx_word' id='word_1_773' title='bbox 2026 3988 2272 4056; x_wconf 83' lang='lat' dir='ltr'><strong>supplicii</strong></span> <span class='ocrx_word' id='word_1_774' title='bbox 2295 3988 2511 4043; x_wconf 76' lang='lat' dir='ltr'><strong>indicia.</strong></span> <span class='ocrx_word' id='word_1_775' title='bbox 2539 3988 2677 4045; x_wconf 82' lang='lat' dir='ltr'><strong>Num‘</strong></span> <span class='ocrx_word' id='word_1_776' title='bbox 2703 3998 2757 4044; x_wconf 91' lang='lat' dir='ltr'><strong>et</strong></span> <span class='ocrx_word' id='word_1_777' title='bbox 2786 3990 2901 4048; x_wconf 82' lang='lat' dir='ltr'><strong>haec</strong></span> <span class='ocrx_word' id='word_1_778' title='bbox 2918 3998 3042 4049; x_wconf 88' lang='lat' dir='ltr'><strong>sunt</strong></span> <span class='ocrx_word' id='word_1_779' title='bbox 3071 3983 3355 4057; x_wconf 83' lang='lat' dir='ltr'><strong>verborum</strong></span> <span class='ocrx_word' id='word_1_780' title='bbox 3377 3996 3591 4051; x_wconf 68' lang='grc' dir='ltr'><strong>σοωωὶ</strong></span> <span class='ocrx_word' id='word_1_781' title='bbox 3606 4026 3625 4035; x_wconf 87' lang='lat'><strong>-</strong></span> 
     </span>
    </p>
   </div>
   <div class='ocr_carea' id='block_1_103' title="bbox 2024 4074 3625 4155">
    <p class='ocr_par' dir='ltr' id='par_1_103' title="bbox 2024 4074 3625 4155">
     <span class='ocr_line' id='line_1_103' title="bbox 2024 4074 3625 4155; baseline 0.004 -22"><span class='ocrx_word' id='word_1_782' title='bbox 2024 4079 2310 4136; x_wconf 85' lang='lat' dir='ltr'><strong>nationes?</strong></span> <span class='ocrx_word' id='word_1_783' title='bbox 2337 4090 2466 4140; x_wconf 84' lang='lat' dir='ltr'><strong>num</strong></span> <span class='ocrx_word' id='word_1_784' title='bbox 2497 4088 2552 4135; x_wconf 92' lang='lat' dir='ltr'><strong>et</strong></span> <span class='ocrx_word' id='word_1_785' title='bbox 2579 4079 2695 4135; x_wconf 57' lang='lat' dir='ltr'><strong>haec</strong></span> <span class='ocrx_word' id='word_1_786' title='bbox 2722 4092 3028 4137; x_wconf 85' lang='lat' dir='ltr'><strong>sermonum</strong></span> <span class='ocrx_word' id='word_1_787' title='bbox 3063 4074 3359 4153; x_wconf 71' lang='lat' dir='ltr'><strong>strepitus?</strong></span> <span class='ocrx_word' id='word_1_788' title='bbox 3390 4074 3453 4140; x_wconf 75' lang='lat' dir='ltr'><strong>Si</strong></span> <span class='ocrx_word' id='word_1_789' title='bbox 3500 4088 3625 4155; x_wconf 87' lang='lat' dir='ltr'><strong>quis</strong></span> 
     </span>
    </p>
   </div>
   <div class='ocr_carea' id='block_1_104' title="bbox 2024 4172 3623 4245">
    <p class='ocr_par' dir='ltr' id='par_1_104' title="bbox 2024 4172 3623 4245">
     <span class='ocr_line' id='line_1_104' title="bbox 2024 4172 3623 4245; baseline 0.003 -18"><span class='ocrx_word' id='word_1_790' title='bbox 2024 4186 2131 4228; x_wconf 84' lang='lat' dir='ltr'><strong>non</strong></span> <span class='ocrx_word' id='word_1_791' title='bbox 2153 4172 2624 4244; x_wconf 70' lang='lat' dir='ltr'><strong>ereditgehennaz,</strong></span> <span class='ocrx_word' id='word_1_792' title='bbox 2651 4173 2940 4229; x_wconf 86' lang='lat' dir='ltr'><strong>Sodomam</strong></span> <span class='ocrx_word' id='word_1_793' title='bbox 2982 4176 3178 4245; x_wconf 81' lang='lat' dir='ltr'><strong>cogitet</strong></span> <span class='ocrx_word' id='word_1_794' title='bbox 3202 4219 3217 4243; x_wconf 93' lang='lat'><strong>,</strong></span> <span class='ocrx_word' id='word_1_795' title='bbox 3251 4172 3623 4233; x_wconf 75' lang='lat' dir='ltr'><strong>Gomorrham</strong></span> 
     </span>
    </p>
   </div>
   <div class='ocr_carea' id='block_1_105' title="bbox 2024 4264 3624 4340">
    <p class='ocr_par' dir='ltr' id='par_1_105' title="bbox 2024 4264 3624 4340">
     <span class='ocr_line' id='line_1_105' title="bbox 2024 4264 3624 4340; baseline 0.003 -20"><span class='ocrx_word' id='word_1_796' title='bbox 2024 4272 2207 4321; x_wconf 88' lang='lat' dir='ltr'><strong>secum</strong></span> <span class='ocrx_word' id='word_1_797' title='bbox 2251 4272 2495 4337; x_wconf 84' lang='lat' dir='ltr'><strong>reputet,</strong></span> <span class='ocrx_word' id='word_1_798' title='bbox 2545 4265 2861 4336; x_wconf 75' lang='lat' dir='ltr'><strong>Supplicium</strong></span> <span class='ocrx_word' id='word_1_799' title='bbox 2904 4264 3150 4323; x_wconf 87' lang='lat' dir='ltr'><strong>videlicet</strong></span> <span class='ocrx_word' id='word_1_800' title='bbox 3186 4266 3299 4337; x_wconf 81' lang='lat' dir='ltr'><strong>jam</strong></span> <span class='ocrx_word' id='word_1_801' title='bbox 3336 4280 3624 4340; x_wconf 85' lang='lat' dir='ltr'><strong>sumptum</strong></span> 
     </span>
    </p>
   </div>
   <div class='ocr_carea' id='block_1_106' title="bbox 2024 4354 3623 4427">
    <p class='ocr_par' dir='ltr' id='par_1_106' title="bbox 2024 4354 3623 4427">
     <span class='ocr_line' id='line_1_106' title="bbox 2024 4354 3623 4427; baseline 0.001 -14"><span class='ocrx_word' id='word_1_802' title='bbox 2024 4367 2078 4413; x_wconf 85' lang='lat' dir='ltr'><strong>et</strong></span> <span class='ocrx_word' id='word_1_803' title='bbox 2103 4357 2359 4411; x_wconf 83' lang='lat' dir='ltr'><strong>hactenus</strong></span> <span class='ocrx_word' id='word_1_804' title='bbox 2385 4362 2626 4410; x_wconf 87' lang='lat' dir='ltr'><strong>manens.</strong></span> <span class='ocrx_word' id='word_1_805' title='bbox 2662 4354 2719 4410; x_wconf 89' lang='lat' dir='ltr'><strong>Id</strong></span> <span class='ocrx_word' id='word_1_806' title='bbox 2743 4355 2886 4425; x_wconf 91' lang='lat' dir='ltr'><strong>quod</strong></span> <span class='ocrx_word' id='word_1_807' title='bbox 2920 4357 3098 4411; x_wconf 87' lang='lat' dir='ltr'><strong>divina</strong></span> <span class='ocrx_word' id='word_1_808' title='bbox 3138 4357 3413 4427; x_wconf 85' lang='lat' dir='ltr'><strong>Scriptura</strong></span> <span class='ocrx_word' id='word_1_809' title='bbox 3454 4368 3623 4414; x_wconf 82' lang='lat' dir='ltr'><strong>enar-</strong></span> 
     </span>
    </p>
   </div>
   <div class='ocr_carea' id='block_1_107' title="bbox 2023 4442 3622 4522">
    <p class='ocr_par' dir='ltr' id='par_1_107' title="bbox 2023 4442 3622 4522">
     <span class='ocr_line' id='line_1_107' title="bbox 2023 4442 3622 4522; baseline 0.003 -19"><span class='ocrx_word' id='word_1_810' title='bbox 2023 4454 2151 4503; x_wconf 80' lang='lat' dir='ltr'><strong>rans</strong></span> <span class='ocrx_word' id='word_1_811' title='bbox 2170 4447 2237 4503; x_wconf 89' lang='lat' dir='ltr'><strong>de</strong></span> <span class='ocrx_word' id='word_1_812' title='bbox 2255 4448 2512 4519; x_wconf 81' lang='lat' dir='ltr'><strong>sapientia</strong></span> <span class='ocrx_word' id='word_1_813' title='bbox 2540 4448 2618 4503; x_wconf 87' lang='lat' dir='ltr'><strong>sic</strong></span> <span class='ocrx_word' id='word_1_814' title='bbox 2644 4449 2881 4518; x_wconf 81' lang='lat' dir='ltr'><strong>loquitur</strong></span> <span class='ocrx_word' id='word_1_815' title='bbox 2909 4468 2921 4503; x_wconf 86' lang='lat'><strong>:</strong></span> <span class='ocrx_word' id='word_1_816' title='bbox 2960 4442 3084 4505; x_wconf 66' lang='lat' dir='ltr'><strong>Haec</strong></span> <span class='ocrx_word' id='word_1_817' title='bbox 3099 4452 3317 4522; x_wconf 69' lang='lat' dir='ltr'><strong>justum,</strong></span> <span class='ocrx_word' id='word_1_818' title='bbox 3354 4458 3622 4520; x_wconf 72' lang='lat' dir='ltr'><strong>pereunti-</strong></span> 
     </span>
    </p>
   </div>
   <div class='ocr_carea' id='block_1_108' title="bbox 2025 4524 3621 4613">
    <p class='ocr_par' dir='ltr' id='par_1_108' title="bbox 2025 4524 3621 4613">
     <span class='ocr_line' id='line_1_108' title="bbox 2025 4524 3621 4613; baseline 0.003 -20"><span class='ocrx_word' id='word_1_819' title='bbox 2025 4540 2116 4594; x_wconf 68' lang='lat' dir='ltr'><strong>wta</strong></span> <span class='ocrx_word' id='word_1_820' title='bbox 2141 4540 2330 4608; x_wconf 71' lang='lat' dir='ltr'><strong>impiis,</strong></span> <span class='ocrx_word' id='word_1_821' title='bbox 2369 4538 2594 4599; x_wconf 80' lang='lat' dir='ltr'><strong>liberavit</strong></span> <span class='ocrx_word' id='word_1_822' title='bbox 2630 4541 2903 4611; x_wconf 77' lang='lat' dir='ltr'><strong>fugientem</strong></span> <span class='ocrx_word' id='word_1_823' title='bbox 2932 4524 3312 4595; x_wconf 73' lang='lat' dir='ltr'><strong>descendentem</strong></span> <span class='ocrx_word' id='word_1_824' title='bbox 3347 4543 3528 4613; x_wconf 75' lang='lat' dir='ltr'><strong>ignem</strong></span> <span class='ocrx_word' id='word_1_825' title='bbox 3570 4546 3621 4597; x_wconf 79' lang='lat' dir='ltr'><strong>in</strong></span> 
     </span>
    </p>
   </div>
   <div class='ocr_carea' id='block_1_109' title="bbox 2025 4624 3695 4702">
    <p class='ocr_par' dir='ltr' id='par_1_109' title="bbox 2025 4624 3695 4702">
     <span class='ocr_line' id='line_1_109' title="bbox 2025 4624 3695 4702; baseline 0.002 -17"><span class='ocrx_word' id='word_1_826' title='bbox 2025 4630 2349 4702; x_wconf 74' lang='lat' dir='ltr'><strong>Pentapolim</strong></span> <span class='ocrx_word' id='word_1_827' title='bbox 2378 4631 2532 4702; x_wconf 78' lang='lat' dir='ltr'><strong>(Sap.</strong></span> <span class='ocrx_word' id='word_1_828' title='bbox 2564 4628 2648 4688; x_wconf 76' lang='grc'><strong>10.</strong></span> <span class='ocrx_word' id='word_1_829' title='bbox 2679 4633 2731 4686; x_wconf 89' lang='lat'><strong>6.</strong></span> <span class='ocrx_word' id='word_1_830' title='bbox 2758 4630 2837 4702; x_wconf 77' lang='lat'><strong>7).</strong></span> <span class='ocrx_word' id='word_1_831' title='bbox 2866 4632 2991 4688; x_wconf 67' lang='lat' dir='ltr'><strong>&quot;me</strong></span> <span class='ocrx_word' id='word_1_832' title='bbox 3017 4624 3178 4689; x_wconf 79' lang='lat' dir='ltr'><strong>etiam</strong></span> <span class='ocrx_word' id='word_1_833' title='bbox 3207 4642 3347 4689; x_wconf 76' lang='lat' dir='ltr'><strong>nunc</strong></span> <span class='ocrx_word' id='word_1_834' title='bbox 3378 4626 3447 4688; x_wconf 83' lang='grc'><strong>111</strong></span> <span class='ocrx_word' id='word_1_835' title='bbox 3479 4640 3623 4692; x_wconf 76' lang='lat' dir='ltr'><strong>teati-</strong></span> <span class='ocrx_word' id='word_1_836' title='bbox 3694 4666 3695 4689; x_wconf 65' lang='grc'><strong>1</strong></span> 
     </span>
    </p>
   </div>
   <div class='ocr_carea' id='block_1_110' title="bbox 2023 4722 3623 4794">
    <p class='ocr_par' dir='ltr' id='par_1_110' title="bbox 2023 4722 3623 4794">
     <span class='ocr_line' id='line_1_110' title="bbox 2023 4722 3623 4794; baseline 0.004 -19"><span class='ocrx_word' id='word_1_837' title='bbox 2023 4724 2244 4776; x_wconf 66' lang='lat' dir='ltr'><strong>&quot;lenium</strong></span> <span class='ocrx_word' id='word_1_838' title='bbox 2270 4722 2501 4792; x_wconf 68' lang='lat' dir='ltr'><strong>nequitiae</strong></span> <span class='ocrx_word' id='word_1_839' title='bbox 2520 4722 2776 4794; x_wconf 70' lang='lat' dir='ltr'><strong>[aurigam</strong></span> <span class='ocrx_word' id='word_1_840' title='bbox 2795 4730 2894 4778; x_wconf 74' lang='lat' dir='ltr'><strong>stat</strong></span> <span class='ocrx_word' id='word_1_841' title='bbox 2913 4722 3108 4778; x_wconf 71' lang='lat' dir='ltr'><strong>deserta</strong></span> <span class='ocrx_word' id='word_1_842' title='bbox 3132 4730 3264 4784; x_wconf 76' lang='lat' dir='ltr'><strong>terra</strong></span> <span class='ocrx_word' id='word_1_843' title='bbox 3281 4767 3295 4789; x_wconf 90' lang='lat'><strong>,</strong></span> <span class='ocrx_word' id='word_1_844' title='bbox 3328 4724 3379 4779; x_wconf 73' lang='lat' dir='ltr'><strong>et</strong></span> <span class='ocrx_word' id='word_1_845' title='bbox 3415 4726 3623 4782; x_wconf 74' lang='lat' dir='ltr'><strong>incerto</strong></span> 
     </span>
    </p>
   </div>
   <div class='ocr_carea' id='block_1_111' title="bbox 2022 4810 3621 4883">
    <p class='ocr_par' dir='ltr' id='par_1_111' title="bbox 2022 4810 3621 4883">
     <span class='ocr_line' id='line_1_111' title="bbox 2022 4810 3621 4883; baseline 0.004 -16"><span class='ocrx_word' id='word_1_846' title='bbox 2022 4822 2243 4883; x_wconf 82' lang='lat' dir='ltr'><strong>tempore</strong></span> <span class='ocrx_word' id='word_1_847' title='bbox 2267 4818 2463 4883; x_wconf 63' lang='lat' dir='ltr'><strong>[luctus</strong></span> <span class='ocrx_word' id='word_1_848' title='bbox 2484 4813 2719 4868; x_wconf 72' lang='lat' dir='ltr'><strong>arborum</strong></span> <span class='ocrx_word' id='word_1_849' title='bbox 2747 4814 2944 4871; x_wconf 80' lang='lat' dir='ltr'><strong>emittit.</strong></span> <span class='ocrx_word' id='word_1_850' title='bbox 2972 4810 3201 4871; x_wconf 79' lang='lat' dir='ltr'><strong>Necesse</strong></span> <span class='ocrx_word' id='word_1_851' title='bbox 3240 4818 3417 4871; x_wconf 79' lang='lat' dir='ltr'><strong>autem</strong></span> <span class='ocrx_word' id='word_1_852' title='bbox 3453 4832 3540 4873; x_wconf 77' lang='lat' dir='ltr'><strong>est</strong></span> <span class='ocrx_word' id='word_1_853' title='bbox 3568 4829 3621 4874; x_wconf 90' lang='lat' dir='ltr'><strong>et</strong></span> 
     </span>
    </p>
   </div>
   <div class='ocr_carea' id='block_1_112' title="bbox 2022 4902 3620 4983">
    <p class='ocr_par' dir='ltr' id='par_1_112' title="bbox 2022 4902 3620 4983">
     <span class='ocr_line' id='line_1_112' title="bbox 2022 4902 3620 4983; baseline 0.001 -15"><span class='ocrx_word' id='word_1_854' title='bbox 2022 4926 2238 4969; x_wconf 90' lang='lat' dir='ltr'><strong>causam</strong></span> <span class='ocrx_word' id='word_1_855' title='bbox 2268 4906 2449 4970; x_wconf 79' lang='lat' dir='ltr'><strong>dicere</strong></span> <span class='ocrx_word' id='word_1_856' title='bbox 2474 4912 2543 4969; x_wconf 84' lang='lat' dir='ltr'><strong>ob</strong></span> <span class='ocrx_word' id='word_1_857' title='bbox 2576 4920 2733 4983; x_wconf 86' lang='lat' dir='ltr'><strong>quam</strong></span> <span class='ocrx_word' id='word_1_858' title='bbox 2768 4914 2893 4973; x_wconf 86' lang='lat' dir='ltr'><strong>talia</strong></span> <span class='ocrx_word' id='word_1_859' title='bbox 2934 4915 3074 4983; x_wconf 87' lang='lat' dir='ltr'><strong>passi</strong></span> <span class='ocrx_word' id='word_1_860' title='bbox 3108 4920 3252 4970; x_wconf 85' lang='lat' dir='ltr'><strong>sunt.</strong></span> <span class='ocrx_word' id='word_1_861' title='bbox 3284 4902 3468 4969; x_wconf 80' lang='lat' dir='ltr'><strong>Unum</strong></span> <span class='ocrx_word' id='word_1_862' title='bbox 3500 4926 3620 4971; x_wconf 86' lang='lat' dir='ltr'><strong>erat</strong></span> 
     </span>
    </p>
   </div>
   <div class='ocr_carea' id='block_1_113' title="bbox 2022 5004 3617 5075">
    <p class='ocr_par' dir='ltr' id='par_1_113' title="bbox 2022 5004 3617 5075">
     <span class='ocr_line' id='line_1_113' title="bbox 2022 5004 3617 5075; baseline 0 -15"><span class='ocrx_word' id='word_1_863' title='bbox 2022 5012 2208 5060; x_wconf 72' lang='lat' dir='ltr'><strong>corum</strong></span> <span class='ocrx_word' id='word_1_864' title='bbox 2230 5006 2421 5069; x_wconf 0' lang='lat' dir='ltr'><strong>siccius,</strong></span> <span class='ocrx_word' id='word_1_865' title='bbox 2434 5009 2597 5075; x_wconf 76' lang='lat' dir='ltr'><strong>grave</strong></span> <span class='ocrx_word' id='word_1_866' title='bbox 2608 5004 2819 5074; x_wconf 81' lang='lat' dir='ltr'><strong>quidem</strong></span> <span class='ocrx_word' id='word_1_867' title='bbox 2846 5012 2901 5059; x_wconf 88' lang='lat' dir='ltr'><strong>et</strong></span> <span class='ocrx_word' id='word_1_868' title='bbox 2931 5004 3349 5069; x_wconf 75' lang='lat' dir='ltr'><strong>exseCra‘ndum;</strong></span> <span class='ocrx_word' id='word_1_869' title='bbox 3372 5012 3617 5062; x_wconf 81' lang='lat' dir='ltr'><strong>attamen</strong></span> 
     </span>
    </p>
   </div>
   <div class='ocr_carea' id='block_1_114' title="bbox 2023 5094 3618 5171">
    <p class='ocr_par' dir='ltr' id='par_1_114' title="bbox 2023 5094 3618 5171">
     <span class='ocr_line' id='line_1_114' title="bbox 2023 5094 3618 5171; baseline 0 -21"><span class='ocrx_word' id='word_1_870' title='bbox 2023 5100 2208 5150; x_wconf 83' lang='lat' dir='ltr'><strong>unum.</strong></span> <span class='ocrx_word' id='word_1_871' title='bbox 2235 5096 2502 5151; x_wconf 83' lang='lat' dir='ltr'><strong>insanoin</strong></span> <span class='ocrx_word' id='word_1_872' title='bbox 2544 5103 2739 5166; x_wconf 84' lang='lat' dir='ltr'><strong>pueros</strong></span> <span class='ocrx_word' id='word_1_873' title='bbox 2783 5106 2966 5150; x_wconf 88' lang='lat' dir='ltr'><strong>amore</strong></span> <span class='ocrx_word' id='word_1_874' title='bbox 3009 5094 3346 5159; x_wconf 87' lang='lat' dir='ltr'><strong>ferebantur,</strong></span> <span class='ocrx_word' id='word_1_875' title='bbox 3381 5095 3618 5171; x_wconf 87' lang='lat' dir='ltr'><strong>ideoque</strong></span> 
     </span>
    </p>
   </div>
   <div class='ocr_carea' id='block_1_115' title="bbox 2023 5182 3613 5259">
    <p class='ocr_par' dir='ltr' id='par_1_115' title="bbox 2023 5182 3613 5259">
     <span class='ocr_line' id='line_1_115' title="bbox 2023 5182 3613 5259; baseline 0 -18"><span class='ocrx_word' id='word_1_876' title='bbox 2023 5188 2176 5257; x_wconf 78' lang='lat' dir='ltr'><strong>ignea</strong></span> <span class='ocrx_word' id='word_1_877' title='bbox 2232 5186 2416 5259; x_wconf 87' lang='lat' dir='ltr'><strong>pluvia</strong></span> <span class='ocrx_word' id='word_1_878' title='bbox 2454 5182 2717 5243; x_wconf 85' lang='lat' dir='ltr'><strong>combusti</strong></span> <span class='ocrx_word' id='word_1_879' title='bbox 2754 5194 2918 5242; x_wconf 86' lang='lat' dir='ltr'><strong>sunt:</strong></span> <span class='ocrx_word' id='word_1_880' title='bbox 2952 5194 3094 5243; x_wconf 86' lang='lat' dir='ltr'><strong>nunc</strong></span> <span class='ocrx_word' id='word_1_881' title='bbox 3137 5194 3311 5240; x_wconf 82' lang='lat' dir='ltr'><strong>autem</strong></span> <span class='ocrx_word' id='word_1_882' title='bbox 3350 5194 3613 5242; x_wconf 71' lang='lat' dir='ltr'><strong>sementa‘</strong></span> 
     </span>
    </p>
   </div>
   <div class='ocr_carea' id='block_1_116' title="bbox 2021 5266 3610 5352">
    <p class='ocr_par' dir='ltr' id='par_1_116' title="bbox 2021 5266 3610 5352">
     <span class='ocr_line' id='line_1_116' title="bbox 2021 5266 3610 5352; baseline 0.001 -20"><span class='ocrx_word' id='word_1_883' title='bbox 2021 5291 2167 5352; x_wconf 81' lang='lat' dir='ltr'><strong>parta</strong></span> <span class='ocrx_word' id='word_1_884' title='bbox 2192 5288 2247 5334; x_wconf 90' lang='lat' dir='ltr'><strong>et</strong></span> <span class='ocrx_word' id='word_1_885' title='bbox 2268 5280 2517 5350; x_wconf 81' lang='lat' dir='ltr'><strong>graviora</strong></span> <span class='ocrx_word' id='word_1_886' title='bbox 2548 5283 2943 5349; x_wconf 73' lang='lat' dir='ltr'><strong>perpetrantur,</strong></span> <span class='ocrx_word' id='word_1_887' title='bbox 2977 5282 3151 5349; x_wconf 82' lang='lat' dir='ltr'><strong>neque</strong></span> <span class='ocrx_word' id='word_1_888' title='bbox 3177 5266 3279 5332; x_wconf 83' lang='lat' dir='ltr'><strong>tale</strong></span> <span class='ocrx_word' id='word_1_889' title='bbox 3298 5278 3610 5334; x_wconf 87' lang='lat' dir='ltr'><strong>incendium</strong></span> 
     </span>
    </p>
   </div>
   <div class='ocr_carea' id='block_1_117' title="bbox 2021 5362 3607 5440">
    <p class='ocr_par' dir='ltr' id='par_1_117' title="bbox 2021 5362 3607 5440">
     <span class='ocr_line' id='line_1_117' title="bbox 2021 5362 3607 5440; baseline 0.001 -17"><span class='ocrx_word' id='word_1_890' title='bbox 2021 5376 2342 5425; x_wconf 74' lang='lat' dir='ltr'><strong>immittitur.</strong></span> <span class='ocrx_word' id='word_1_891' title='bbox 2373 5362 2587 5437; x_wconf 71' lang='lat' dir='ltr'><strong>Quare?</strong></span> <span class='ocrx_word' id='word_1_892' title='bbox 2610 5368 2745 5439; x_wconf 78' lang='lat' dir='ltr'><strong>Quia</strong></span> <span class='ocrx_word' id='word_1_893' title='bbox 2780 5368 2918 5424; x_wconf 82' lang='lat' dir='ltr'><strong>alios</strong></span> <span class='ocrx_word' id='word_1_894' title='bbox 2961 5370 3098 5440; x_wconf 77' lang='lat' dir='ltr'><strong>ignis</strong></span> <span class='ocrx_word' id='word_1_895' title='bbox 3127 5374 3462 5440; x_wconf 48' lang='lat' dir='ltr'><strong>purpuratus</strong></span> <span class='ocrx_word' id='word_1_896' title='bbox 3490 5376 3607 5437; x_wconf 86' lang='lat' dir='ltr'><strong>est,</strong></span> 
     </span>
    </p>
   </div>
   <div class='ocr_carea' id='block_1_118' title="bbox 2020 5452 3608 5533">
    <p class='ocr_par' dir='ltr' id='par_1_118' title="bbox 2020 5452 3608 5533">
     <span class='ocr_line' id='line_1_118' title="bbox 2020 5452 3608 5533; baseline -0.001 -17"><span class='ocrx_word' id='word_1_897' title='bbox 2020 5466 2306 5533; x_wconf 85' lang='lat' dir='ltr'><strong>numquam</strong></span> <span class='ocrx_word' id='word_1_898' title='bbox 2335 5461 2773 5532; x_wconf 77' lang='lat' dir='ltr'><strong>exstinguendos.</strong></span> <span class='ocrx_word' id='word_1_899' title='bbox 2797 5452 3075 5529; x_wconf 79' lang='lat' dir='ltr'><strong>Quomodo</strong></span> <span class='ocrx_word' id='word_1_900' title='bbox 3103 5461 3243 5517; x_wconf 85' lang='lat' dir='ltr'><strong>enim</strong></span> <span class='ocrx_word' id='word_1_901' title='bbox 3269 5460 3359 5531; x_wconf 85' lang='lat' dir='ltr'><strong>qui</strong></span> <span class='ocrx_word' id='word_1_902' title='bbox 3380 5465 3482 5531; x_wconf 78' lang='lat' dir='ltr'><strong>pro</strong></span> <span class='ocrx_word' id='word_1_903' title='bbox 3504 5468 3608 5516; x_wconf 85' lang='lat' dir='ltr'><strong>uno</strong></span> 
     </span>
    </p>
   </div>
   <div class='ocr_carea' id='block_1_119' title="bbox 2018 5594 3607 5715">
    <p class='ocr_par' dir='ltr' id='par_1_119' title="bbox 2018 5594 3607 5715">
     <span class='ocr_line' id='line_1_119' title="bbox 2018 5594 3607 5715; baseline 0.001 -70"><span class='ocrx_word' id='word_1_904' title='bbox 2018 5597 2152 5715; x_wconf 46' lang='lat' dir='ltr'><strong>Ar(:11)</strong></span> <span class='ocrx_word' id='word_1_905' title='bbox 2169 5594 2668 5710; x_wconf 45' lang='lat' dir='ltr'><strong>gfaliqgaeagtmcffuioe</strong></span> <span class='ocrx_word' id='word_1_906' title='bbox 2690 5604 2912 5660; x_wconf 87' lang='lat' dir='ltr'><strong>tempore</strong></span> <span class='ocrx_word' id='word_1_907' title='bbox 2935 5595 3259 5662; x_wconf 63' lang='grc' dir='ltr'><strong>ωηερεωωί</strong></span> <span class='ocrx_word' id='word_1_908' title='bbox 3282 5595 3333 5645; x_wconf 83' lang='grc'><strong>111</strong></span> <span class='ocrx_word' id='word_1_909' title='bbox 3356 5594 3607 5655; x_wconf 68' lang='lat' dir='ltr'><strong>montibus</strong></span> 
     </span>
     <span class='ocr_line' id='line_1_120' title="bbox 2086 5672 2613 5710; baseline -0.004 0"><span class='ocrx_word' id='word_1_910' title='bbox 2086 5674 2100 5709; x_wconf 91' lang='grc' dir='ltr'>ι</span> <span class='ocrx_word' id='word_1_911' title='bbox 2139 5674 2166 5710; x_wconf 89' lang='lat' dir='ltr'><strong>e</strong></span> <span class='ocrx_word' id='word_1_912' title='bbox 2296 5672 2305 5681; x_wconf 76' lang='lat'><strong>&#39;</strong></span> <span class='ocrx_word' id='word_1_913' title='bbox 2384 5673 2393 5682; x_wconf 62' lang='grc' dir='ltr'><strong>ν</strong></span> <span class='ocrx_word' id='word_1_914' title='bbox 2601 5695 2613 5708; x_wconf 96' lang='grc'><strong>.</strong></span> 
     </span>
    </p>
   </div>
   <div class='ocr_carea' id='block_1_120' title="bbox 2086 5672 2613 5710">
    <p class='ocr_par' dir='ltr' id='par_1_120' title="bbox 2086 5672 2613 5710">
     <span class='ocr_line' id='line_1_121' title="bbox 2086 5672 2613 5710; baseline -0.002 -1"><span class='ocrx_word' id='word_1_915' title='bbox 2086 5672 2262 5710; x_wconf 76' lang='lat' dir='ltr'><strong>meum:</strong></span> <span class='ocrx_word' id='word_1_916' title='bbox 2282 5672 2363 5710; x_wconf 86' lang='lat' dir='ltr'><strong>scr</strong></span> <span class='ocrx_word' id='word_1_917' title='bbox 2369 5672 2613 5710; x_wconf 68' lang='grc'><strong>1111111111111.</strong></span> 
     </span>
    </p>
   </div>
  </div>
