  <div class='ocr_page' id='page_1' title='image "/cluster/home/n/w/nwhite01/storage/ocr_20150623/56/hvd.32044019304435/290.png"; bbox 0 0 3720 6274; ppageno 0'>
   <div class='ocr_carea' id='block_1_1' title="bbox 34 230 126 292">
    <p class='ocr_par' dir='ltr' id='par_1_1' title="bbox 34 230 126 292">
     <span class='ocr_line' id='line_1_1' title="bbox 34 230 126 292; baseline 0.011 -1"><span class='ocrx_word' id='word_1_1' title='bbox 34 230 126 292; x_wconf 66' lang='lat'><strong>289</strong></span> 
     </span>
    </p>
   </div>
   <div class='ocr_carea' id='block_1_2' title="bbox 34 352 1625 441">
    <p class='ocr_par' dir='ltr' id='par_1_2' title="bbox 34 352 1625 441">
     <span class='ocr_line' id='line_1_2' title="bbox 34 352 1625 441; baseline -0.008 -22"><span class='ocrx_word' id='word_1_2' title='bbox 34 375 243 441; x_wconf 79' lang='lat' dir='ltr'><strong>peccato</strong></span> <span class='ocrx_word' id='word_1_3' title='bbox 278 376 490 421; x_wconf 87' lang='lat' dir='ltr'><strong>tantam</strong></span> <span class='ocrx_word' id='word_1_4' title='bbox 519 365 651 419; x_wconf 89' lang='lat' dir='ltr'><strong>iram</strong></span> <span class='ocrx_word' id='word_1_5' title='bbox 675 361 872 425; x_wconf 77' lang='lat' dir='ltr'><strong>intulit,</strong></span> <span class='ocrx_word' id='word_1_6' title='bbox 910 373 1081 428; x_wconf 87' lang='lat' dir='ltr'><strong>neque</strong></span> <span class='ocrx_word' id='word_1_7' title='bbox 1110 354 1397 412; x_wconf 80' lang='lat' dir='ltr'><strong>Abrahami</strong></span> <span class='ocrx_word' id='word_1_8' title='bbox 1421 352 1625 423; x_wconf 89' lang='lat' dir='ltr'><strong>suppli-</strong></span> 
     </span>
    </p>
   </div>
   <div class='ocr_carea' id='block_1_3' title="bbox 34 448 1623 526">
    <p class='ocr_par' dir='ltr' id='par_1_3' title="bbox 34 448 1623 526">
     <span class='ocr_line' id='line_1_3' title="bbox 34 448 1623 526; baseline -0.008 -17"><span class='ocrx_word' id='word_1_9' title='bbox 34 458 303 511; x_wconf 83' lang='lat' dir='ltr'><strong>cationem</strong></span> <span class='ocrx_word' id='word_1_10' title='bbox 337 458 596 526; x_wconf 79' lang='lat' dir='ltr'><strong>suscepit,</strong></span> <span class='ocrx_word' id='word_1_11' title='bbox 624 470 798 523; x_wconf 86' lang='lat' dir='ltr'><strong>neque</strong></span> <span class='ocrx_word' id='word_1_12' title='bbox 822 452 1210 506; x_wconf 83' lang='lat' dir='ltr'><strong>inhabitantem</strong></span> <span class='ocrx_word' id='word_1_13' title='bbox 1233 448 1424 502; x_wconf 85' lang='lat' dir='ltr'><strong>Lotum</strong></span> <span class='ocrx_word' id='word_1_14' title='bbox 1470 461 1623 499; x_wconf 85' lang='lat' dir='ltr'><strong>reve-</strong></span> 
     </span>
    </p>
   </div>
   <div class='ocr_carea' id='block_1_4' title="bbox 34 535 1623 612">
    <p class='ocr_par' dir='ltr' id='par_1_4' title="bbox 34 535 1623 612">
     <span class='ocr_line' id='line_1_4' title="bbox 34 535 1623 612; baseline -0.007 -11"><span class='ocrx_word' id='word_1_15' title='bbox 34 551 153 602; x_wconf 86' lang='lat' dir='ltr'><strong>ritus</strong></span> <span class='ocrx_word' id='word_1_16' title='bbox 178 555 295 612; x_wconf 84' lang='lat' dir='ltr'><strong>est,</strong></span> <span class='ocrx_word' id='word_1_17' title='bbox 332 556 413 601; x_wconf 91' lang='lat' dir='ltr'><strong>tot</strong></span> <span class='ocrx_word' id='word_1_18' title='bbox 440 546 687 601; x_wconf 86' lang='lat' dir='ltr'><strong>admissis</strong></span> <span class='ocrx_word' id='word_1_19' title='bbox 716 541 1061 602; x_wconf 79' lang='lat' dir='ltr'><strong>facinoribus,</strong></span> <span class='ocrx_word' id='word_1_20' title='bbox 1084 539 1238 594; x_wconf 91' lang='lat' dir='ltr'><strong>nobis</strong></span> <span class='ocrx_word' id='word_1_21' title='bbox 1267 537 1486 608; x_wconf 83' lang='lat' dir='ltr'><strong>parcet?</strong></span> <span class='ocrx_word' id='word_1_22' title='bbox 1508 535 1623 591; x_wconf 83' lang='lat' dir='ltr'><strong>Non</strong></span> 
     </span>
    </p>
   </div>
   <div class='ocr_carea' id='block_1_5' title="bbox 34 638 681 697">
    <p class='ocr_par' dir='ltr' id='par_1_5' title="bbox 34 638 681 697">
     <span class='ocr_line' id='line_1_5' title="bbox 34 638 681 697; baseline -0.009 -3"><span class='ocrx_word' id='word_1_23' title='bbox 34 638 236 697; x_wconf 87' lang='lat' dir='ltr'><strong>itaerit,</strong></span> <span class='ocrx_word' id='word_1_24' title='bbox 267 653 388 690; x_wconf 85' lang='lat' dir='ltr'><strong>non</strong></span> <span class='ocrx_word' id='word_1_25' title='bbox 416 638 487 690; x_wconf 87' lang='lat' dir='ltr'><strong>ita</strong></span> <span class='ocrx_word' id='word_1_26' title='bbox 516 644 681 690; x_wconf 82' lang='lat' dir='ltr'><strong>certe.</strong></span> 
     </span>
    </p>
   </div>
   <div class='ocr_carea' id='block_1_6' title="bbox 94 717 1627 795">
    <p class='ocr_par' dir='ltr' id='par_1_6' title="bbox 94 717 1627 795">
     <span class='ocr_line' id='line_1_6' title="bbox 94 717 1627 795; baseline -0.007 -14"><span class='ocrx_word' id='word_1_27' title='bbox 94 728 145 781; x_wconf 88' lang='lat'><strong>8.</strong></span> <span class='ocrx_word' id='word_1_28' title='bbox 194 726 516 780; x_wconf 62' lang='lat' dir='ltr'><strong>Peccatum:</strong></span> <span class='ocrx_word' id='word_1_29' title='bbox 540 724 813 795; x_wconf 78' lang='lat' dir='ltr'><strong>aliquando</strong></span> <span class='ocrx_word' id='word_1_30' title='bbox 842 725 892 776; x_wconf 81' lang='lat' dir='ltr'><strong>in</strong></span> <span class='ocrx_word' id='word_1_31' title='bbox 920 723 1016 775; x_wconf 80' lang='lat' dir='ltr'><strong>hac</strong></span> <span class='ocrx_word' id='word_1_32' title='bbox 1041 720 1140 774; x_wconf 81' lang='lat' dir='ltr'><strong>vita</strong></span> <span class='ocrx_word' id='word_1_33' title='bbox 1161 721 1284 773; x_wconf 81' lang='lat' dir='ltr'><strong>dant</strong></span> <span class='ocrx_word' id='word_1_34' title='bbox 1302 734 1494 790; x_wconf 67' lang='lat' dir='ltr'><strong>poenas.</strong></span> <span class='ocrx_word' id='word_1_35' title='bbox 1526 717 1627 785; x_wconf 82' lang='lat' dir='ltr'><strong>Qui</strong></span> 
     </span>
    </p>
   </div>
   <div class='ocr_carea' id='block_1_7' title="bbox 36 810 1627 885">
    <p class='ocr_par' dir='ltr' id='par_1_7' title="bbox 36 810 1627 885">
     <span class='ocr_line' id='line_1_7' title="bbox 36 810 1627 885; baseline -0.006 -15"><span class='ocrx_word' id='word_1_36' title='bbox 36 818 79 870; x_wconf 81' lang='lat' dir='ltr'><strong>in</strong></span> <span class='ocrx_word' id='word_1_37' title='bbox 107 817 205 868; x_wconf 76' lang='lat' dir='ltr'><strong>hac</strong></span> <span class='ocrx_word' id='word_1_38' title='bbox 235 816 351 869; x_wconf 72' lang='lat' dir='ltr'><strong>vita</strong></span> <span class='ocrx_word' id='word_1_39' title='bbox 372 832 468 885; x_wconf 82' lang='lat' dir='ltr'><strong>pro</strong></span> <span class='ocrx_word' id='word_1_40' title='bbox 489 816 722 869; x_wconf 80' lang='lat' dir='ltr'><strong>admissis</strong></span> <span class='ocrx_word' id='word_1_41' title='bbox 750 813 966 884; x_wconf 82' lang='lat' dir='ltr'><strong>peccatis</strong></span> <span class='ocrx_word' id='word_1_42' title='bbox 999 812 1126 865; x_wconf 77' lang='lat' dir='ltr'><strong>nihil</strong></span> <span class='ocrx_word' id='word_1_43' title='bbox 1156 811 1433 881; x_wconf 80' lang='lat' dir='ltr'><strong>patiuntur,</strong></span> <span class='ocrx_word' id='word_1_44' title='bbox 1463 810 1516 861; x_wconf 87' lang='lat' dir='ltr'><strong>in</strong></span> <span class='ocrx_word' id='word_1_45' title='bbox 1545 812 1627 879; x_wconf 83' lang='lat' dir='ltr'><strong>fu-</strong></span> 
     </span>
    </p>
   </div>
   <div class='ocr_carea' id='block_1_8' title="bbox 37 901 1653 975">
    <p class='ocr_par' dir='ltr' id='par_1_8' title="bbox 37 901 1653 975">
     <span class='ocr_line' id='line_1_8' title="bbox 37 901 1653 975; baseline -0.006 -14"><span class='ocrx_word' id='word_1_46' title='bbox 37 918 192 961; x_wconf 69' lang='lat' dir='ltr'><strong>turam</strong></span> <span class='ocrx_word' id='word_1_47' title='bbox 226 908 488 975; x_wconf 78' lang='lat' dir='ltr'><strong>puniendi</strong></span> <span class='ocrx_word' id='word_1_48' title='bbox 511 917 847 960; x_wconf 81' lang='lat' dir='ltr'><strong>reservantur.</strong></span> <span class='ocrx_word' id='word_1_49' title='bbox 869 934 941 947; x_wconf 90' lang='lat'><strong>-—</strong></span> <span class='ocrx_word' id='word_1_50' title='bbox 963 902 1156 957; x_wconf 82' lang='lat' dir='ltr'><strong>Verum</strong></span> <span class='ocrx_word' id='word_1_51' title='bbox 1188 917 1256 957; x_wconf 94' lang='lat' dir='ltr'><strong>ne</strong></span> <span class='ocrx_word' id='word_1_52' title='bbox 1291 902 1377 956; x_wconf 88' lang='lat' dir='ltr'><strong>hic</strong></span> <span class='ocrx_word' id='word_1_53' title='bbox 1405 901 1625 971; x_wconf 87' lang='lat' dir='ltr'><strong>gradum</strong></span> <span class='ocrx_word' id='word_1_54' title='bbox 1650 920 1653 925; x_wconf 42' lang='grc'><em>⁴</em></span> 
     </span>
    </p>
   </div>
   <div class='ocr_carea' id='block_1_9' title="bbox 34 991 1624 1067">
    <p class='ocr_par' dir='ltr' id='par_1_9' title="bbox 34 991 1624 1067">
     <span class='ocr_line' id='line_1_9' title="bbox 34 991 1624 1067; baseline -0.006 -16"><span class='ocrx_word' id='word_1_55' title='bbox 34 998 317 1062; x_wconf 83' lang='lat' dir='ltr'><strong>sistamus,</strong></span> <span class='ocrx_word' id='word_1_56' title='bbox 349 996 450 1051; x_wconf 86' lang='lat' dir='ltr'><strong>sed</strong></span> <span class='ocrx_word' id='word_1_57' title='bbox 481 1011 598 1067; x_wconf 89' lang='lat' dir='ltr'><strong>age,</strong></span> <span class='ocrx_word' id='word_1_58' title='bbox 630 994 763 1049; x_wconf 91' lang='lat' dir='ltr'><strong>alios</strong></span> <span class='ocrx_word' id='word_1_59' title='bbox 790 995 843 1048; x_wconf 91' lang='lat' dir='ltr'><strong>in</strong></span> <span class='ocrx_word' id='word_1_60' title='bbox 872 993 1104 1048; x_wconf 89' lang='lat' dir='ltr'><strong>medium</strong></span> <span class='ocrx_word' id='word_1_61' title='bbox 1141 991 1470 1046; x_wconf 81' lang='lat' dir='ltr'><strong>adducamus</strong></span> <span class='ocrx_word' id='word_1_62' title='bbox 1495 1004 1624 1058; x_wconf 85' lang='lat' dir='ltr'><strong>sup-</strong></span> 
     </span>
    </p>
   </div>
   <div class='ocr_carea' id='block_1_10' title="bbox 34 1081 1624 1156">
    <p class='ocr_par' dir='ltr' id='par_1_10' title="bbox 34 1081 1624 1156">
     <span class='ocr_line' id='line_1_10' title="bbox 34 1081 1624 1156; baseline -0.006 -15"><span class='ocrx_word' id='word_1_63' title='bbox 34 1088 188 1156; x_wconf 86' lang='lat' dir='ltr'><strong>plicio</strong></span> <span class='ocrx_word' id='word_1_64' title='bbox 213 1087 477 1152; x_wconf 71' lang='lat' dir='ltr'><strong>affectos,</strong></span> <span class='ocrx_word' id='word_1_65' title='bbox 502 1095 559 1141; x_wconf 90' lang='lat' dir='ltr'><strong>ut</strong></span> <span class='ocrx_word' id='word_1_66' title='bbox 586 1085 821 1155; x_wconf 82' lang='lat' dir='ltr'><strong>pluribus</strong></span> <span class='ocrx_word' id='word_1_67' title='bbox 854 1081 1394 1138; x_wconf 87' lang='lat' dir='ltr'><strong>demonstrationibus</strong></span> <span class='ocrx_word' id='word_1_68' title='bbox 1416 1093 1480 1134; x_wconf 89' lang='lat' dir='ltr'><strong>ea</strong></span> <span class='ocrx_word' id='word_1_69' title='bbox 1508 1094 1624 1148; x_wconf 74' lang='lat' dir='ltr'><strong>qua:</strong></span> 
     </span>
    </p>
   </div>
   <div class='ocr_carea' id='block_1_11' title="bbox 32 1170 1626 1233">
    <p class='ocr_par' dir='ltr' id='par_1_11' title="bbox 32 1170 1626 1233">
     <span class='ocr_line' id='line_1_11' title="bbox 32 1170 1626 1233; baseline -0.006 0"><span class='ocrx_word' id='word_1_70' title='bbox 32 1179 267 1233; x_wconf 79' lang='lat' dir='ltr'><strong>diximus</strong></span> <span class='ocrx_word' id='word_1_71' title='bbox 319 1177 729 1232; x_wconf 81' lang='lat' dir='ltr'><strong>confirmentur.</strong></span> <span class='ocrx_word' id='word_1_72' title='bbox 763 1176 841 1230; x_wconf 87' lang='lat' dir='ltr'><strong>De</strong></span> <span class='ocrx_word' id='word_1_73' title='bbox 884 1174 1160 1228; x_wconf 85' lang='lat' dir='ltr'><strong>Pharaone</strong></span> <span class='ocrx_word' id='word_1_74' title='bbox 1190 1185 1383 1225; x_wconf 83' lang='lat' dir='ltr'><strong>omnes</strong></span> <span class='ocrx_word' id='word_1_75' title='bbox 1404 1170 1626 1224; x_wconf 76' lang='lat' dir='ltr'><strong>audistis</strong></span> 
     </span>
    </p>
   </div>
   <div class='ocr_carea' id='block_1_12' title="bbox 36 1262 1619 1339">
    <p class='ocr_par' dir='ltr' id='par_1_12' title="bbox 36 1262 1619 1339">
     <span class='ocr_line' id='line_1_12' title="bbox 36 1262 1619 1339; baseline -0.006 -16"><span class='ocrx_word' id='word_1_76' title='bbox 36 1269 423 1339; x_wconf 64' lang='lat' dir='ltr'><strong>Egyptian-um</strong></span> <span class='ocrx_word' id='word_1_77' title='bbox 443 1284 600 1339; x_wconf 87' lang='lat' dir='ltr'><strong>rege:</strong></span> <span class='ocrx_word' id='word_1_78' title='bbox 633 1267 801 1321; x_wconf 86' lang='lat' dir='ltr'><strong>nostis</strong></span> <span class='ocrx_word' id='word_1_79' title='bbox 813 1275 961 1322; x_wconf 88' lang='lat' dir='ltr'><strong>certe</strong></span> <span class='ocrx_word' id='word_1_80' title='bbox 980 1279 1113 1335; x_wconf 87' lang='lat' dir='ltr'><strong>quas</strong></span> <span class='ocrx_word' id='word_1_81' title='bbox 1136 1264 1225 1318; x_wconf 89' lang='lat' dir='ltr'><strong>ille</strong></span> <span class='ocrx_word' id='word_1_82' title='bbox 1254 1262 1401 1316; x_wconf 87' lang='lat' dir='ltr'><strong>dedit</strong></span> <span class='ocrx_word' id='word_1_83' title='bbox 1417 1275 1619 1331; x_wconf 66' lang='lat' dir='ltr'><strong>pennas,</strong></span> 
     </span>
    </p>
   </div>
   <div class='ocr_carea' id='block_1_13' title="bbox 36 1353 1626 1429">
    <p class='ocr_par' dir='ltr' id='par_1_13' title="bbox 36 1353 1626 1429">
     <span class='ocr_line' id='line_1_13' title="bbox 36 1353 1626 1429; baseline -0.003 -17"><span class='ocrx_word' id='word_1_84' title='bbox 36 1359 312 1429; x_wconf 73' lang='lat' dir='ltr'><strong>quomodo</strong></span> <span class='ocrx_word' id='word_1_85' title='bbox 359 1376 485 1414; x_wconf 87' lang='lat' dir='ltr'><strong>eum</strong></span> <span class='ocrx_word' id='word_1_86' title='bbox 528 1359 770 1413; x_wconf 89' lang='lat' dir='ltr'><strong>curribus</strong></span> <span class='ocrx_word' id='word_1_87' title='bbox 811 1367 868 1413; x_wconf 90' lang='lat' dir='ltr'><strong>et</strong></span> <span class='ocrx_word' id='word_1_88' title='bbox 915 1358 1087 1428; x_wconf 90' lang='lat' dir='ltr'><strong>equis,</strong></span> <span class='ocrx_word' id='word_1_89' title='bbox 1133 1356 1384 1424; x_wconf 89' lang='lat' dir='ltr'><strong>omnique</strong></span> <span class='ocrx_word' id='word_1_90' title='bbox 1428 1353 1626 1422; x_wconf 87' lang='lat' dir='ltr'><strong>pariter</strong></span> 
     </span>
    </p>
   </div>
   <div class='ocr_carea' id='block_1_14' title="bbox 38 1444 1622 1506">
    <p class='ocr_par' dir='ltr' id='par_1_14' title="bbox 38 1444 1622 1506">
     <span class='ocr_line' id='line_1_14' title="bbox 38 1444 1622 1506; baseline -0.004 -2"><span class='ocrx_word' id='word_1_91' title='bbox 38 1450 272 1506; x_wconf 81' lang='lat' dir='ltr'><strong>exercitu</strong></span> <span class='ocrx_word' id='word_1_92' title='bbox 306 1451 366 1503; x_wconf 91' lang='lat' dir='ltr'><strong>in</strong></span> <span class='ocrx_word' id='word_1_93' title='bbox 404 1450 641 1503; x_wconf 79' lang='lat' dir='ltr'><strong>Rubrum</strong></span> <span class='ocrx_word' id='word_1_94' title='bbox 677 1462 826 1502; x_wconf 89' lang='lat' dir='ltr'><strong>mare</strong></span> <span class='ocrx_word' id='word_1_95' title='bbox 875 1446 1153 1502; x_wconf 84' lang='lat' dir='ltr'><strong>demersus</strong></span> <span class='ocrx_word' id='word_1_96' title='bbox 1198 1446 1287 1501; x_wconf 86' lang='lat' dir='ltr'><strong>sit.</strong></span> <span class='ocrx_word' id='word_1_97' title='bbox 1338 1444 1409 1501; x_wconf 84' lang='lat' dir='ltr'><strong>Ut</strong></span> <span class='ocrx_word' id='word_1_98' title='bbox 1444 1452 1622 1499; x_wconf 89' lang='lat' dir='ltr'><strong>autem</strong></span> 
     </span>
    </p>
   </div>
   <div class='ocr_carea' id='block_1_15' title="bbox 37 1536 1621 1611">
    <p class='ocr_par' dir='ltr' id='par_1_15' title="bbox 37 1536 1621 1611">
     <span class='ocr_line' id='line_1_15' title="bbox 37 1536 1621 1611; baseline -0.003 -16"><span class='ocrx_word' id='word_1_99' title='bbox 37 1543 347 1596; x_wconf 60' lang='lat' dir='ltr'><strong>iudicaram</strong></span> <span class='ocrx_word' id='word_1_100' title='bbox 390 1556 602 1611; x_wconf 89' lang='lat' dir='ltr'><strong>quoque</strong></span> <span class='ocrx_word' id='word_1_101' title='bbox 648 1539 903 1608; x_wconf 90' lang='lat' dir='ltr'><strong>supplicia</strong></span> <span class='ocrx_word' id='word_1_102' title='bbox 943 1538 1195 1604; x_wconf 88' lang='lat' dir='ltr'><strong>discatis,</strong></span> <span class='ocrx_word' id='word_1_103' title='bbox 1242 1536 1367 1591; x_wconf 88' lang='lat' dir='ltr'><strong>audi</strong></span> <span class='ocrx_word' id='word_1_104' title='bbox 1399 1536 1621 1591; x_wconf 85' lang='lat' dir='ltr'><strong>Paulum</strong></span> 
     </span>
    </p>
   </div>
   <div class='ocr_carea' id='block_1_16' title="bbox 35 1628 1621 1703">
    <p class='ocr_par' dir='ltr' id='par_1_16' title="bbox 35 1628 1621 1703">
     <span class='ocr_line' id='line_1_16' title="bbox 35 1628 1621 1703; baseline -0.004 -14"><span class='ocrx_word' id='word_1_105' title='bbox 35 1634 301 1689; x_wconf 73' lang='lat' dir='ltr'><strong>dicentem</strong></span> <span class='ocrx_word' id='word_1_106' title='bbox 337 1651 354 1686; x_wconf 90' lang='lat'><strong>:</strong></span> <span class='ocrx_word' id='word_1_107' title='bbox 398 1651 418 1684; x_wconf 72' lang='grc' dir='ltr'><strong>α</strong></span> <span class='ocrx_word' id='word_1_108' title='bbox 450 1632 634 1703; x_wconf 85' lang='lat' dir='ltr'><strong>Neque</strong></span> <span class='ocrx_word' id='word_1_109' title='bbox 664 1632 1002 1696; x_wconf 89' lang='lat' dir='ltr'><strong>fornicemur,</strong></span> <span class='ocrx_word' id='word_1_110' title='bbox 1031 1630 1170 1684; x_wconf 88' lang='lat' dir='ltr'><strong>sicut</strong></span> <span class='ocrx_word' id='word_1_111' title='bbox 1194 1628 1621 1699; x_wconf 69' lang='lat' dir='ltr'><strong>quidamteorum</strong></span> 
     </span>
    </p>
   </div>
   <div class='ocr_carea' id='block_1_17' title="bbox 36 1718 1617 1793">
    <p class='ocr_par' dir='ltr' id='par_1_17' title="bbox 36 1718 1617 1793">
     <span class='ocr_line' id='line_1_17' title="bbox 36 1718 1617 1793; baseline -0.005 -14"><span class='ocrx_word' id='word_1_112' title='bbox 36 1725 273 1779; x_wconf 73' lang='lat' dir='ltr'><strong>fornicati</strong></span> <span class='ocrx_word' id='word_1_113' title='bbox 306 1735 461 1787; x_wconf 84' lang='lat' dir='ltr'><strong>sunt,</strong></span> <span class='ocrx_word' id='word_1_114' title='bbox 495 1733 545 1779; x_wconf 93' lang='lat' dir='ltr'><strong>et</strong></span> <span class='ocrx_word' id='word_1_115' title='bbox 568 1724 837 1793; x_wconf 89' lang='lat' dir='ltr'><strong>perierunt</strong></span> <span class='ocrx_word' id='word_1_116' title='bbox 862 1737 965 1776; x_wconf 91' lang='lat' dir='ltr'><strong>una</strong></span> <span class='ocrx_word' id='word_1_117' title='bbox 990 1721 1077 1776; x_wconf 89' lang='lat' dir='ltr'><strong>die</strong></span> <span class='ocrx_word' id='word_1_118' title='bbox 1095 1721 1273 1790; x_wconf 75' lang='lat' dir='ltr'><strong>viginti</strong></span> <span class='ocrx_word' id='word_1_119' title='bbox 1302 1720 1398 1774; x_wconf 88' lang='lat' dir='ltr'><strong>tria</strong></span> <span class='ocrx_word' id='word_1_120' title='bbox 1415 1718 1617 1773; x_wconf 85' lang='lat' dir='ltr'><strong>millia:</strong></span> 
     </span>
    </p>
   </div>
   <div class='ocr_carea' id='block_1_18' title="bbox 36 1812 1623 1885">
    <p class='ocr_par' dir='ltr' id='par_1_18' title="bbox 36 1812 1623 1885">
     <span class='ocr_line' id='line_1_18' title="bbox 36 1812 1623 1885; baseline -0.004 -15"><span class='ocrx_word' id='word_1_121' title='bbox 36 1833 196 1885; x_wconf 86' lang='lat' dir='ltr'><strong>neque</strong></span> <span class='ocrx_word' id='word_1_122' title='bbox 225 1830 655 1880; x_wconf 90' lang='lat' dir='ltr'><strong>murmuremus,</strong></span> <span class='ocrx_word' id='word_1_123' title='bbox 690 1822 748 1867; x_wconf 93' lang='lat' dir='ltr'><strong>ut</strong></span> <span class='ocrx_word' id='word_1_124' title='bbox 780 1812 994 1882; x_wconf 89' lang='lat' dir='ltr'><strong>quidam</strong></span> <span class='ocrx_word' id='word_1_125' title='bbox 1031 1826 1213 1867; x_wconf 90' lang='lat' dir='ltr'><strong>eorum</strong></span> <span class='ocrx_word' id='word_1_126' title='bbox 1257 1824 1623 1865; x_wconf 83' lang='lat' dir='ltr'><strong>murmurave—</strong></span> 
     </span>
    </p>
   </div>
   <div class='ocr_carea' id='block_1_19' title="bbox 38 1904 1622 1977">
    <p class='ocr_par' dir='ltr' id='par_1_19' title="bbox 38 1904 1622 1977">
     <span class='ocr_line' id='line_1_19' title="bbox 38 1904 1622 1977; baseline -0.004 -14"><span class='ocrx_word' id='word_1_127' title='bbox 38 1920 166 1973; x_wconf 87' lang='lat' dir='ltr'><strong>runt,</strong></span> <span class='ocrx_word' id='word_1_128' title='bbox 196 1916 256 1963; x_wconf 87' lang='lat' dir='ltr'><strong>et</strong></span> <span class='ocrx_word' id='word_1_129' title='bbox 280 1908 563 1977; x_wconf 87' lang='lat' dir='ltr'><strong>perierunt</strong></span> <span class='ocrx_word' id='word_1_130' title='bbox 583 1906 653 1960; x_wconf 90' lang='lat' dir='ltr'><strong>ab</strong></span> <span class='ocrx_word' id='word_1_131' title='bbox 677 1904 1127 1960; x_wconf 80' lang='lat' dir='ltr'><strong>oxterminatore:</strong></span> <span class='ocrx_word' id='word_1_132' title='bbox 1154 1918 1327 1972; x_wconf 84' lang='lat' dir='ltr'><strong>neque</strong></span> <span class='ocrx_word' id='word_1_133' title='bbox 1354 1912 1622 1957; x_wconf 83' lang='lat' dir='ltr'><strong>tentemus</strong></span> 
     </span>
    </p>
   </div>
   <div class='ocr_carea' id='block_1_20' title="bbox 34 1998 1620 2069">
    <p class='ocr_par' dir='ltr' id='par_1_20' title="bbox 34 1998 1620 2069">
     <span class='ocr_line' id='line_1_20' title="bbox 34 1998 1620 2069; baseline -0.004 -14"><span class='ocrx_word' id='word_1_134' title='bbox 34 2000 346 2066; x_wconf 85' lang='lat' dir='ltr'><strong>Dominum,</strong></span> <span class='ocrx_word' id='word_1_135' title='bbox 377 2009 434 2054; x_wconf 89' lang='lat' dir='ltr'><strong>ut</strong></span> <span class='ocrx_word' id='word_1_136' title='bbox 470 1998 683 2069; x_wconf 89' lang='lat' dir='ltr'><strong>quidam</strong></span> <span class='ocrx_word' id='word_1_137' title='bbox 724 2011 906 2052; x_wconf 89' lang='lat' dir='ltr'><strong>eorum</strong></span> <span class='ocrx_word' id='word_1_138' title='bbox 946 2002 1306 2061; x_wconf 89' lang='lat' dir='ltr'><strong>tentaveruut,</strong></span> <span class='ocrx_word' id='word_1_139' title='bbox 1351 2003 1405 2049; x_wconf 91' lang='lat' dir='ltr'><strong>et</strong></span> <span class='ocrx_word' id='word_1_140' title='bbox 1441 2010 1471 2049; x_wconf 90' lang='lat' dir='ltr'><strong>a</strong></span> <span class='ocrx_word' id='word_1_141' title='bbox 1501 2010 1620 2049; x_wconf 89' lang='lat' dir='ltr'><strong>ser-</strong></span> 
     </span>
    </p>
   </div>
   <div class='ocr_carea' id='block_1_21' title="bbox 32 2085 1618 2162">
    <p class='ocr_par' dir='ltr' id='par_1_21' title="bbox 32 2085 1618 2162">
     <span class='ocr_line' id='line_1_21' title="bbox 32 2085 1618 2162; baseline -0.003 -16"><span class='ocrx_word' id='word_1_142' title='bbox 32 2093 277 2162; x_wconf 85' lang='lat' dir='ltr'><strong>pentibus</strong></span> <span class='ocrx_word' id='word_1_143' title='bbox 310 2092 593 2161; x_wconf 89' lang='lat' dir='ltr'><strong>perierunt</strong></span> <span class='ocrx_word' id='word_1_144' title='bbox 626 2108 645 2142; x_wconf 72' lang='grc' dir='ltr'><strong><em>ι</em></strong></span> <span class='ocrx_word' id='word_1_145' title='bbox 688 2089 773 2161; x_wconf 88' lang='lat' dir='ltr'><strong>(l.</strong></span> <span class='ocrx_word' id='word_1_146' title='bbox 802 2086 919 2143; x_wconf 88' lang='lat' dir='ltr'><strong>Cor.</strong></span> <span class='ocrx_word' id='word_1_147' title='bbox 948 2087 1035 2143; x_wconf 74' lang='grc'><strong>10.</strong></span> <span class='ocrx_word' id='word_1_148' title='bbox 1064 2087 1123 2140; x_wconf 88' lang='lat'><strong>8.</strong></span> <span class='ocrx_word' id='word_1_149' title='bbox 1158 2085 1246 2142; x_wconf 79' lang='lat' dir='ltr'><strong>io.</strong></span> <span class='ocrx_word' id='word_1_150' title='bbox 1281 2086 1373 2155; x_wconf 89' lang='lat'><strong>9).</strong></span> <span class='ocrx_word' id='word_1_151' title='bbox 1401 2085 1553 2153; x_wconf 86' lang='lat' dir='ltr'><strong>Quod</strong></span> <span class='ocrx_word' id='word_1_152' title='bbox 1571 2085 1618 2141; x_wconf 89' lang='lat' dir='ltr'><strong>si</strong></span> 
     </span>
    </p>
   </div>
   <div class='ocr_carea' id='block_1_22' title="bbox 34 2178 1635 2254">
    <p class='ocr_par' dir='ltr' id='par_1_22' title="bbox 34 2178 1635 2254">
     <span class='ocr_line' id='line_1_22' title="bbox 34 2178 1635 2254; baseline -0.004 -17"><span class='ocrx_word' id='word_1_153' title='bbox 34 2196 83 2237; x_wconf 87' lang='lat' dir='ltr'><strong>et</strong></span> <span class='ocrx_word' id='word_1_154' title='bbox 108 2184 180 2237; x_wconf 90' lang='lat' dir='ltr'><strong>illi</strong></span> <span class='ocrx_word' id='word_1_155' title='bbox 210 2184 345 2237; x_wconf 90' lang='lat' dir='ltr'><strong>talia</strong></span> <span class='ocrx_word' id='word_1_156' title='bbox 379 2197 477 2254; x_wconf 92' lang='lat' dir='ltr'><strong>pro</strong></span> <span class='ocrx_word' id='word_1_157' title='bbox 498 2181 725 2252; x_wconf 85' lang='lat' dir='ltr'><strong>peccatis</strong></span> <span class='ocrx_word' id='word_1_158' title='bbox 752 2180 891 2251; x_wconf 87' lang='lat' dir='ltr'><strong>passi</strong></span> <span class='ocrx_word' id='word_1_159' title='bbox 912 2187 1055 2242; x_wconf 88' lang='lat' dir='ltr'><strong>sunt,</strong></span> <span class='ocrx_word' id='word_1_160' title='bbox 1075 2178 1201 2248; x_wconf 89' lang='lat' dir='ltr'><strong>quid</strong></span> <span class='ocrx_word' id='word_1_161' title='bbox 1227 2193 1332 2233; x_wconf 91' lang='lat' dir='ltr'><strong>non</strong></span> <span class='ocrx_word' id='word_1_162' title='bbox 1357 2178 1635 2247; x_wconf 89' lang='lat' dir='ltr'><strong>patiemur</strong></span> 
     </span>
    </p>
   </div>
   <div class='ocr_carea' id='block_1_23' title="bbox 36 2268 1619 2343">
    <p class='ocr_par' dir='ltr' id='par_1_23' title="bbox 36 2268 1619 2343">
     <span class='ocr_line' id='line_1_23' title="bbox 36 2268 1619 2343; baseline -0.006 -13"><span class='ocrx_word' id='word_1_163' title='bbox 36 2275 157 2330; x_wconf 69' lang='lat' dir='ltr'><strong>nos?</strong></span> <span class='ocrx_word' id='word_1_164' title='bbox 187 2278 256 2328; x_wconf 76' lang='lat' dir='ltr'><strong>At</strong></span> <span class='ocrx_word' id='word_1_165' title='bbox 289 2289 443 2329; x_wconf 88' lang='lat' dir='ltr'><strong>nunc</strong></span> <span class='ocrx_word' id='word_1_166' title='bbox 472 2273 598 2327; x_wconf 88' lang='lat' dir='ltr'><strong>nihil</strong></span> <span class='ocrx_word' id='word_1_167' title='bbox 624 2287 782 2343; x_wconf 88' lang='lat' dir='ltr'><strong>grave</strong></span> <span class='ocrx_word' id='word_1_168' title='bbox 810 2272 1037 2341; x_wconf 85' lang='lat' dir='ltr'><strong>patimur</strong></span> <span class='ocrx_word' id='word_1_169' title='bbox 1072 2310 1087 2334; x_wconf 94' lang='lat'><strong>,</strong></span> <span class='ocrx_word' id='word_1_170' title='bbox 1134 2269 1359 2338; x_wconf 84' lang='lat' dir='ltr'><strong>ideoque</strong></span> <span class='ocrx_word' id='word_1_171' title='bbox 1389 2268 1619 2324; x_wconf 84' lang='lat' dir='ltr'><strong>maxime</strong></span> 
     </span>
    </p>
   </div>
   <div class='ocr_carea' id='block_1_24' title="bbox 38 2358 1621 2434">
    <p class='ocr_par' dir='ltr' id='par_1_24' title="bbox 38 2358 1621 2434">
     <span class='ocr_line' id='line_1_24' title="bbox 38 2358 1621 2434; baseline -0.004 -17"><span class='ocrx_word' id='word_1_172' title='bbox 38 2367 213 2419; x_wconf 85' lang='lat' dir='ltr'><strong>timere</strong></span> <span class='ocrx_word' id='word_1_173' title='bbox 238 2372 488 2434; x_wconf 87' lang='lat' dir='ltr'><strong>oportet.</strong></span> <span class='ocrx_word' id='word_1_174' title='bbox 520 2362 634 2417; x_wconf 80' lang='lat' dir='ltr'><strong>Non</strong></span> <span class='ocrx_word' id='word_1_175' title='bbox 676 2362 817 2417; x_wconf 90' lang='lat' dir='ltr'><strong>enim</strong></span> <span class='ocrx_word' id='word_1_176' title='bbox 855 2370 1045 2414; x_wconf 91' lang='lat' dir='ltr'><strong>utnon</strong></span> <span class='ocrx_word' id='word_1_177' title='bbox 1081 2373 1266 2429; x_wconf 72' lang='lat' dir='ltr'><strong>pmnas</strong></span> <span class='ocrx_word' id='word_1_178' title='bbox 1291 2358 1476 2412; x_wconf 90' lang='lat' dir='ltr'><strong>demus</strong></span> <span class='ocrx_word' id='word_1_179' title='bbox 1513 2372 1621 2412; x_wconf 85' lang='lat' dir='ltr'><strong>ser-</strong></span> 
     </span>
    </p>
   </div>
   <div class='ocr_carea' id='block_1_25' title="bbox 37 2450 1616 2524">
    <p class='ocr_par' dir='ltr' id='par_1_25' title="bbox 37 2450 1616 2524">
     <span class='ocr_line' id='line_1_25' title="bbox 37 2450 1616 2524; baseline -0.003 -17"><span class='ocrx_word' id='word_1_180' title='bbox 37 2472 244 2520; x_wconf 75' lang='lat' dir='ltr'><strong>ramur;</strong></span> <span class='ocrx_word' id='word_1_181' title='bbox 305 2453 408 2509; x_wconf 90' lang='lat' dir='ltr'><strong>sed</strong></span> <span class='ocrx_word' id='word_1_182' title='bbox 436 2462 494 2508; x_wconf 91' lang='lat' dir='ltr'><strong>ut</strong></span> <span class='ocrx_word' id='word_1_183' title='bbox 519 2454 786 2524; x_wconf 76' lang='lat' dir='ltr'><strong>graviores</strong></span> <span class='ocrx_word' id='word_1_184' title='bbox 811 2451 997 2506; x_wconf 89' lang='lat' dir='ltr'><strong>demus</strong></span> <span class='ocrx_word' id='word_1_185' title='bbox 1019 2491 1036 2517; x_wconf 95' lang='lat'><strong>,</strong></span> <span class='ocrx_word' id='word_1_186' title='bbox 1080 2450 1182 2505; x_wconf 91' lang='lat' dir='ltr'><strong>nisi</strong></span> <span class='ocrx_word' id='word_1_187' title='bbox 1222 2458 1616 2505; x_wconf 86' lang='lat' dir='ltr'><strong>convertamur.</strong></span> 
     </span>
    </p>
   </div>
   <div class='ocr_carea' id='block_1_26' title="bbox 38 2542 1619 2615">
    <p class='ocr_par' dir='ltr' id='par_1_26' title="bbox 38 2542 1619 2615">
     <span class='ocr_line' id='line_1_26' title="bbox 38 2542 1619 2615; baseline -0.003 -14"><span class='ocrx_word' id='word_1_188' title='bbox 38 2548 105 2601; x_wconf 91' lang='lat' dir='ltr'><strong>llli</strong></span> <span class='ocrx_word' id='word_1_189' title='bbox 134 2548 282 2602; x_wconf 87' lang='lat' dir='ltr'><strong>enim</strong></span> <span class='ocrx_word' id='word_1_190' title='bbox 330 2562 443 2601; x_wconf 86' lang='lat' dir='ltr'><strong>non</strong></span> <span class='ocrx_word' id='word_1_191' title='bbox 488 2556 745 2601; x_wconf 87' lang='lat' dir='ltr'><strong>noverant</strong></span> <span class='ocrx_word' id='word_1_192' title='bbox 780 2545 1102 2615; x_wconf 76' lang='lat' dir='ltr'><strong>gehennam,</strong></span> <span class='ocrx_word' id='word_1_193' title='bbox 1130 2554 1185 2599; x_wconf 91' lang='lat' dir='ltr'><strong>et</strong></span> <span class='ocrx_word' id='word_1_194' title='bbox 1212 2544 1485 2613; x_wconf 87' lang='lat' dir='ltr'><strong>suppliciis</strong></span> <span class='ocrx_word' id='word_1_195' title='bbox 1531 2542 1619 2597; x_wconf 90' lang='lat' dir='ltr'><strong>hic</strong></span> 
     </span>
    </p>
   </div>
   <div class='ocr_carea' id='block_1_27' title="bbox 40 2634 1617 2706">
    <p class='ocr_par' dir='ltr' id='par_1_27' title="bbox 40 2634 1617 2706">
     <span class='ocr_line' id='line_1_27' title="bbox 40 2634 1617 2706; baseline -0.003 -13"><span class='ocrx_word' id='word_1_196' title='bbox 40 2638 208 2693; x_wconf 81' lang='lat' dir='ltr'><strong>traditi</strong></span> <span class='ocrx_word' id='word_1_197' title='bbox 235 2648 377 2693; x_wconf 84' lang='lat' dir='ltr'><strong>sunt</strong></span> <span class='ocrx_word' id='word_1_198' title='bbox 404 2656 418 2692; x_wconf 88' lang='lat'><strong>:</strong></span> <span class='ocrx_word' id='word_1_199' title='bbox 440 2651 539 2693; x_wconf 90' lang='lat' dir='ltr'><strong>nos</strong></span> <span class='ocrx_word' id='word_1_200' title='bbox 564 2645 739 2691; x_wconf 91' lang='lat' dir='ltr'><strong>autem</strong></span> <span class='ocrx_word' id='word_1_201' title='bbox 761 2636 1204 2706; x_wconf 87' lang='lat' dir='ltr'><strong>quandocumque</strong></span> <span class='ocrx_word' id='word_1_202' title='bbox 1232 2648 1543 2705; x_wconf 86' lang='lat' dir='ltr'><strong>peccamus,</strong></span> <span class='ocrx_word' id='word_1_203' title='bbox 1570 2634 1617 2688; x_wconf 88' lang='lat' dir='ltr'><strong>si</strong></span> 
     </span>
    </p>
   </div>
   <div class='ocr_carea' id='block_1_28' title="bbox 38 2727 1618 2801">
    <p class='ocr_par' dir='ltr' id='par_1_28' title="bbox 38 2727 1618 2801">
     <span class='ocr_line' id='line_1_28' title="bbox 38 2727 1618 2801; baseline -0.003 -16"><span class='ocrx_word' id='word_1_204' title='bbox 38 2731 154 2785; x_wconf 84' lang='lat' dir='ltr'><strong>nihil</strong></span> <span class='ocrx_word' id='word_1_205' title='bbox 185 2733 240 2785; x_wconf 92' lang='lat' dir='ltr'><strong>in</strong></span> <span class='ocrx_word' id='word_1_206' title='bbox 266 2732 527 2801; x_wconf 64' lang='lat' dir='ltr'><strong>praesenti</strong></span> <span class='ocrx_word' id='word_1_207' title='bbox 558 2732 665 2785; x_wconf 80' lang='lat' dir='ltr'><strong>vita</strong></span> <span class='ocrx_word' id='word_1_208' title='bbox 694 2745 857 2800; x_wconf 89' lang='lat' dir='ltr'><strong>grave</strong></span> <span class='ocrx_word' id='word_1_209' title='bbox 883 2731 1150 2798; x_wconf 86' lang='lat' dir='ltr'><strong>patiamur</strong></span> <span class='ocrx_word' id='word_1_210' title='bbox 1169 2769 1183 2794; x_wconf 93' lang='lat'><strong>,</strong></span> <span class='ocrx_word' id='word_1_211' title='bbox 1216 2729 1267 2783; x_wconf 91' lang='lat' dir='ltr'><strong>in</strong></span> <span class='ocrx_word' id='word_1_212' title='bbox 1295 2727 1472 2783; x_wconf 91' lang='lat' dir='ltr'><strong>futuro</strong></span> <span class='ocrx_word' id='word_1_213' title='bbox 1500 2741 1618 2782; x_wconf 80' lang='lat' dir='ltr'><strong>om-</strong></span> 
     </span>
    </p>
   </div>
   <div class='ocr_carea' id='block_1_29' title="bbox 36 2818 1617 2894">
    <p class='ocr_par' dir='ltr' id='par_1_29' title="bbox 36 2818 1617 2894">
     <span class='ocr_line' id='line_1_29' title="bbox 36 2818 1617 2894; baseline -0.004 -15"><span class='ocrx_word' id='word_1_214' title='bbox 36 2826 111 2880; x_wconf 83' lang='lat' dir='ltr'><strong>nia</strong></span> <span class='ocrx_word' id='word_1_215' title='bbox 154 2824 549 2894; x_wconf 78' lang='lat' dir='ltr'><strong>perpetiemur.</strong></span> <span class='ocrx_word' id='word_1_216' title='bbox 607 2821 794 2877; x_wconf 86' lang='lat' dir='ltr'><strong>Nonne</strong></span> <span class='ocrx_word' id='word_1_217' title='bbox 837 2836 956 2876; x_wconf 91' lang='lat' dir='ltr'><strong>cum</strong></span> <span class='ocrx_word' id='word_1_218' title='bbox 997 2820 1207 2876; x_wconf 88' lang='lat' dir='ltr'><strong>ratione</strong></span> <span class='ocrx_word' id='word_1_219' title='bbox 1246 2827 1524 2889; x_wconf 75' lang='lat' dir='ltr'><strong>pugnaret,</strong></span> <span class='ocrx_word' id='word_1_220' title='bbox 1570 2818 1617 2875; x_wconf 87' lang='lat' dir='ltr'><strong>si</strong></span> 
     </span>
    </p>
   </div>
   <div class='ocr_carea' id='block_1_30' title="bbox 38 2910 1615 2984">
    <p class='ocr_par' dir='ltr' id='par_1_30' title="bbox 38 2910 1615 2984">
     <span class='ocr_line' id='line_1_30' title="bbox 38 2910 1615 2984; baseline -0.001 -17"><span class='ocrx_word' id='word_1_221' title='bbox 38 2915 153 2978; x_wconf 86' lang='lat' dir='ltr'><strong>illis,</strong></span> <span class='ocrx_word' id='word_1_222' title='bbox 185 2913 280 2984; x_wconf 90' lang='lat' dir='ltr'><strong>qui</strong></span> <span class='ocrx_word' id='word_1_223' title='bbox 307 2913 559 2968; x_wconf 89' lang='lat' dir='ltr'><strong>rudiores</strong></span> <span class='ocrx_word' id='word_1_224' title='bbox 584 2922 640 2968; x_wconf 91' lang='lat' dir='ltr'><strong>et</strong></span> <span class='ocrx_word' id='word_1_225' title='bbox 670 2912 1023 2982; x_wconf 87' lang='lat' dir='ltr'><strong>imperitiores</strong></span> <span class='ocrx_word' id='word_1_226' title='bbox 1051 2920 1227 2976; x_wconf 91' lang='lat' dir='ltr'><strong>erant,</strong></span> <span class='ocrx_word' id='word_1_227' title='bbox 1276 2910 1399 2965; x_wconf 89' lang='lat' dir='ltr'><strong>talia</strong></span> <span class='ocrx_word' id='word_1_228' title='bbox 1421 2910 1615 2980; x_wconf 83' lang='lat' dir='ltr'><strong>passis,</strong></span> 
     </span>
    </p>
   </div>
   <div class='ocr_carea' id='block_1_31' title="bbox 40 3002 1643 3075">
    <p class='ocr_par' dir='ltr' id='par_1_31' title="bbox 40 3002 1643 3075">
     <span class='ocr_line' id='line_1_31' title="bbox 40 3002 1643 3075; baseline -0.002 -16"><span class='ocrx_word' id='word_1_229' title='bbox 40 3006 241 3075; x_wconf 81' lang='lat' dir='ltr'><strong>nosqui</strong></span> <span class='ocrx_word' id='word_1_230' title='bbox 279 3004 702 3075; x_wconf 87' lang='lat' dir='ltr'><strong>perfectioribus</strong></span> <span class='ocrx_word' id='word_1_231' title='bbox 749 3003 974 3058; x_wconf 90' lang='lat' dir='ltr'><strong>fruimur</strong></span> <span class='ocrx_word' id='word_1_232' title='bbox 1012 3002 1328 3071; x_wconf 87' lang='lat' dir='ltr'><strong>disciplinis,</strong></span> <span class='ocrx_word' id='word_1_233' title='bbox 1366 3013 1419 3056; x_wconf 93' lang='lat' dir='ltr'><strong>et</strong></span> <span class='ocrx_word' id='word_1_234' title='bbox 1461 3003 1643 3071; x_wconf 85' lang='lat' dir='ltr'><strong>longe</strong></span> 
     </span>
    </p>
   </div>
   <div class='ocr_carea' id='block_1_32' title="bbox 37 3092 1622 3167">
    <p class='ocr_par' dir='ltr' id='par_1_32' title="bbox 37 3092 1622 3167">
     <span class='ocr_line' id='line_1_32' title="bbox 37 3092 1622 3167; baseline -0.002 -16"><span class='ocrx_word' id='word_1_235' title='bbox 37 3097 301 3167; x_wconf 79' lang='lat' dir='ltr'><strong>graviora,</strong></span> <span class='ocrx_word' id='word_1_236' title='bbox 330 3112 491 3166; x_wconf 90' lang='lat' dir='ltr'><strong>quam</strong></span> <span class='ocrx_word' id='word_1_237' title='bbox 515 3096 607 3159; x_wconf 89' lang='lat' dir='ltr'><strong>illi,</strong></span> <span class='ocrx_word' id='word_1_238' title='bbox 642 3104 1039 3165; x_wconf 88' lang='lat' dir='ltr'><strong>perpetramus,</strong></span> <span class='ocrx_word' id='word_1_239' title='bbox 1067 3094 1384 3164; x_wconf 83' lang='lat' dir='ltr'><strong>supplicium</strong></span> <span class='ocrx_word' id='word_1_240' title='bbox 1422 3092 1622 3162; x_wconf 78' lang='lat' dir='ltr'><strong>effuge-</strong></span> 
     </span>
    </p>
   </div>
   <div class='ocr_carea' id='block_1_33' title="bbox 40 3184 1618 3257">
    <p class='ocr_par' dir='ltr' id='par_1_33' title="bbox 40 3184 1618 3257">
     <span class='ocr_line' id='line_1_33' title="bbox 40 3184 1618 3257; baseline -0.004 -12"><span class='ocrx_word' id='word_1_241' title='bbox 40 3192 247 3245; x_wconf 78' lang='lat' dir='ltr'><strong>remus?</strong></span> <span class='ocrx_word' id='word_1_242' title='bbox 272 3188 455 3244; x_wconf 77' lang='lat' dir='ltr'><strong>Vultis</strong></span> <span class='ocrx_word' id='word_1_243' title='bbox 479 3188 709 3257; x_wconf 86' lang='lat' dir='ltr'><strong>reliquas</strong></span> <span class='ocrx_word' id='word_1_244' title='bbox 733 3189 892 3242; x_wconf 92' lang='lat' dir='ltr'><strong>etiam</strong></span> <span class='ocrx_word' id='word_1_245' title='bbox 932 3186 1145 3240; x_wconf 88' lang='lat' dir='ltr'><strong>illorum</strong></span> <span class='ocrx_word' id='word_1_246' title='bbox 1187 3185 1372 3239; x_wconf 90' lang='lat' dir='ltr'><strong>audire</strong></span> <span class='ocrx_word' id='word_1_247' title='bbox 1397 3184 1618 3239; x_wconf 87' lang='lat' dir='ltr'><strong>calami-</strong></span> 
     </span>
    </p>
   </div>
   <div class='ocr_carea' id='block_1_34' title="bbox 43 3277 1616 3353">
    <p class='ocr_par' dir='ltr' id='par_1_34' title="bbox 43 3277 1616 3353">
     <span class='ocr_line' id='line_1_34' title="bbox 43 3277 1616 3353; baseline -0.006 -15"><span class='ocrx_word' id='word_1_248' title='bbox 43 3293 183 3347; x_wconf 83' lang='lat' dir='ltr'><strong>tates,</strong></span> <span class='ocrx_word' id='word_1_249' title='bbox 233 3296 378 3353; x_wconf 90' lang='lat' dir='ltr'><strong>quas</strong></span> <span class='ocrx_word' id='word_1_250' title='bbox 428 3282 568 3350; x_wconf 85' lang='lat' dir='ltr'><strong>passi</strong></span> <span class='ocrx_word' id='word_1_251' title='bbox 614 3289 739 3335; x_wconf 92' lang='lat' dir='ltr'><strong>sunt</strong></span> <span class='ocrx_word' id='word_1_252' title='bbox 787 3280 839 3334; x_wconf 91' lang='lat' dir='ltr'><strong>in</strong></span> <span class='ocrx_word' id='word_1_253' title='bbox 890 3279 1168 3333; x_wconf 63' lang='lat' dir='ltr'><strong>Palaestina</strong></span> <span class='ocrx_word' id='word_1_254' title='bbox 1212 3293 1242 3332; x_wconf 90' lang='lat' dir='ltr'><strong>a</strong></span> <span class='ocrx_word' id='word_1_255' title='bbox 1291 3277 1616 3348; x_wconf 80' lang='lat' dir='ltr'><strong>Babyloniis,</strong></span> 
     </span>
    </p>
   </div>
   <div class='ocr_carea' id='block_1_35' title="bbox 43 3369 1615 3445">
    <p class='ocr_par' dir='ltr' id='par_1_35' title="bbox 43 3369 1615 3445">
     <span class='ocr_line' id='line_1_35' title="bbox 43 3369 1615 3445; baseline -0.006 -16"><span class='ocrx_word' id='word_1_256' title='bbox 43 3374 270 3445; x_wconf 78' lang='lat' dir='ltr'><strong>Assyriis</strong></span> <span class='ocrx_word' id='word_1_257' title='bbox 312 3381 372 3428; x_wconf 83' lang='lat' dir='ltr'><strong>et</strong></span> <span class='ocrx_word' id='word_1_258' title='bbox 415 3372 829 3427; x_wconf 76' lang='lat' dir='ltr'><strong>Macedonibus?</strong></span> <span class='ocrx_word' id='word_1_259' title='bbox 876 3370 1085 3441; x_wconf 88' lang='lat' dir='ltr'><strong>quoties</strong></span> <span class='ocrx_word' id='word_1_260' title='bbox 1134 3369 1348 3432; x_wconf 83' lang='lat' dir='ltr'><strong>famem,</strong></span> <span class='ocrx_word' id='word_1_261' title='bbox 1390 3377 1615 3437; x_wconf 86' lang='lat' dir='ltr'><strong>pestem,</strong></span> 
     </span>
    </p>
   </div>
   <div class='ocr_carea' id='block_1_36' title="bbox 43 3458 1620 3535">
    <p class='ocr_par' dir='ltr' id='par_1_36' title="bbox 43 3458 1620 3535">
     <span class='ocr_line' id='line_1_36' title="bbox 43 3458 1620 3535; baseline -0.005 -16"><span class='ocrx_word' id='word_1_262' title='bbox 43 3464 164 3519; x_wconf 68' lang='lat' dir='ltr'><strong>bella</strong></span> <span class='ocrx_word' id='word_1_263' title='bbox 194 3464 347 3535; x_wconf 87' lang='lat' dir='ltr'><strong>passi</strong></span> <span class='ocrx_word' id='word_1_264' title='bbox 369 3472 513 3528; x_wconf 86' lang='lat' dir='ltr'><strong>sunt,</strong></span> <span class='ocrx_word' id='word_1_265' title='bbox 541 3463 945 3532; x_wconf 87' lang='lat' dir='ltr'><strong>etcaptivitates</strong></span> <span class='ocrx_word' id='word_1_266' title='bbox 969 3461 1068 3515; x_wconf 87' lang='lat' dir='ltr'><strong>sub</strong></span> <span class='ocrx_word' id='word_1_267' title='bbox 1108 3459 1228 3513; x_wconf 86' lang='lat' dir='ltr'><strong>Tito</strong></span> <span class='ocrx_word' id='word_1_268' title='bbox 1252 3468 1304 3513; x_wconf 92' lang='lat' dir='ltr'><strong>et</strong></span> <span class='ocrx_word' id='word_1_269' title='bbox 1339 3458 1620 3529; x_wconf 82' lang='lat' dir='ltr'><strong>Vespasia-</strong></span> 
     </span>
    </p>
   </div>
   <div class='ocr_carea' id='block_1_37' title="bbox 45 3548 1616 3624">
    <p class='ocr_par' dir='ltr' id='par_1_37' title="bbox 45 3548 1616 3624">
     <span class='ocr_line' id='line_1_37' title="bbox 45 3548 1616 3624; baseline -0.003 -17"><span class='ocrx_word' id='word_1_270' title='bbox 45 3554 130 3607; x_wconf 62' lang='lat' dir='ltr'><strong>no?</strong></span> <span class='ocrx_word' id='word_1_271' title='bbox 153 3551 390 3624; x_wconf 66' lang='lat' dir='ltr'><strong>Iosephi</strong></span> <span class='ocrx_word' id='word_1_272' title='bbox 414 3552 607 3607; x_wconf 89' lang='lat' dir='ltr'><strong>librum</strong></span> <span class='ocrx_word' id='word_1_273' title='bbox 644 3551 800 3621; x_wconf 91' lang='lat' dir='ltr'><strong>legite</strong></span> <span class='ocrx_word' id='word_1_274' title='bbox 822 3592 838 3617; x_wconf 91' lang='lat'><strong>,</strong></span> <span class='ocrx_word' id='word_1_275' title='bbox 868 3566 1028 3620; x_wconf 90' lang='lat' dir='ltr'><strong>quem</strong></span> <span class='ocrx_word' id='word_1_276' title='bbox 1053 3550 1121 3604; x_wconf 91' lang='lat' dir='ltr'><strong>de</strong></span> <span class='ocrx_word' id='word_1_277' title='bbox 1159 3548 1616 3619; x_wconf 79' lang='lat' dir='ltr'><strong>Jerosolymorum</strong></span> 
     </span>
    </p>
   </div>
   <div class='ocr_carea' id='block_1_38' title="bbox 48 3640 1615 3716">
    <p class='ocr_par' dir='ltr' id='par_1_38' title="bbox 48 3640 1615 3716">
     <span class='ocr_line' id='line_1_38' title="bbox 48 3640 1615 3716; baseline -0.004 -15"><span class='ocrx_word' id='word_1_278' title='bbox 48 3648 243 3702; x_wconf 74' lang='lat' dir='ltr'><strong>excidio</strong></span> <span class='ocrx_word' id='word_1_279' title='bbox 267 3646 506 3716; x_wconf 84' lang='lat' dir='ltr'><strong>scripsit,</strong></span> <span class='ocrx_word' id='word_1_280' title='bbox 533 3654 587 3700; x_wconf 90' lang='lat' dir='ltr'><strong>ct</strong></span> <span class='ocrx_word' id='word_1_281' title='bbox 613 3643 856 3699; x_wconf 88' lang='lat' dir='ltr'><strong>acerbam</strong></span> <span class='ocrx_word' id='word_1_282' title='bbox 888 3642 1031 3698; x_wconf 89' lang='lat' dir='ltr'><strong>illam</strong></span> <span class='ocrx_word' id='word_1_283' title='bbox 1053 3641 1360 3713; x_wconf 79' lang='lat' dir='ltr'><strong>tragmdiam</strong></span> <span class='ocrx_word' id='word_1_284' title='bbox 1377 3640 1615 3696; x_wconf 81' lang='lat' dir='ltr'><strong>discetis.</strong></span> 
     </span>
    </p>
   </div>
   <div class='ocr_carea' id='block_1_39' title="bbox 47 3732 1618 3806">
    <p class='ocr_par' dir='ltr' id='par_1_39' title="bbox 47 3732 1618 3806">
     <span class='ocr_line' id='line_1_39' title="bbox 47 3732 1618 3806; baseline -0.004 -14"><span class='ocrx_word' id='word_1_285' title='bbox 47 3739 158 3792; x_wconf 83' lang='lat' dir='ltr'><strong>Cum</strong></span> <span class='ocrx_word' id='word_1_286' title='bbox 185 3738 318 3792; x_wconf 84' lang='lat' dir='ltr'><strong>aliis</strong></span> <span class='ocrx_word' id='word_1_287' title='bbox 350 3736 544 3806; x_wconf 91' lang='lat' dir='ltr'><strong>quippe</strong></span> <span class='ocrx_word' id='word_1_288' title='bbox 573 3734 963 3790; x_wconf 86' lang='lat' dir='ltr'><strong>calamitatibus</strong></span> <span class='ocrx_word' id='word_1_289' title='bbox 1003 3734 1056 3788; x_wconf 89' lang='lat' dir='ltr'><strong>in</strong></span> <span class='ocrx_word' id='word_1_290' title='bbox 1086 3741 1285 3787; x_wconf 90' lang='lat' dir='ltr'><strong>tantam</strong></span> <span class='ocrx_word' id='word_1_291' title='bbox 1312 3732 1504 3787; x_wconf 82' lang='lat' dir='ltr'><strong>famem</strong></span> <span class='ocrx_word' id='word_1_292' title='bbox 1532 3732 1618 3786; x_wconf 59' lang='lat' dir='ltr'><strong>in.</strong></span> 
     </span>
    </p>
   </div>
   <div class='ocr_carea' id='block_1_40' title="bbox 47 3822 1614 3893">
    <p class='ocr_par' dir='ltr' id='par_1_40' title="bbox 47 3822 1614 3893">
     <span class='ocr_line' id='line_1_40' title="bbox 47 3822 1614 3893; baseline -0.004 -10"><span class='ocrx_word' id='word_1_293' title='bbox 47 3830 301 3893; x_wconf 77' lang='lat' dir='ltr'><strong>dderunt,</strong></span> <span class='ocrx_word' id='word_1_294' title='bbox 338 3836 396 3882; x_wconf 90' lang='lat' dir='ltr'><strong>ut</strong></span> <span class='ocrx_word' id='word_1_295' title='bbox 426 3827 631 3882; x_wconf 86' lang='lat' dir='ltr'><strong>balteos</strong></span> <span class='ocrx_word' id='word_1_296' title='bbox 657 3827 816 3881; x_wconf 92' lang='lat' dir='ltr'><strong>etiam</strong></span> <span class='ocrx_word' id='word_1_297' title='bbox 863 3839 1009 3891; x_wconf 89' lang='lat' dir='ltr'><strong>suos,</strong></span> <span class='ocrx_word' id='word_1_298' title='bbox 1038 3833 1094 3880; x_wconf 89' lang='lat' dir='ltr'><strong>et</strong></span> <span class='ocrx_word' id='word_1_299' title='bbox 1115 3824 1324 3879; x_wconf 88' lang='lat' dir='ltr'><strong>calceos</strong></span> <span class='ocrx_word' id='word_1_300' title='bbox 1362 3822 1614 3889; x_wconf 89' lang='lat' dir='ltr'><strong>ederent,</strong></span> 
     </span>
    </p>
   </div>
   <div class='ocr_carea' id='block_1_41' title="bbox 48 3915 1617 3989">
    <p class='ocr_par' dir='ltr' id='par_1_41' title="bbox 48 3915 1617 3989">
     <span class='ocr_line' id='line_1_41' title="bbox 48 3915 1617 3989; baseline -0.001 -17"><span class='ocrx_word' id='word_1_301' title='bbox 48 3920 203 3989; x_wconf 81' lang='lat' dir='ltr'><strong>isque</strong></span> <span class='ocrx_word' id='word_1_302' title='bbox 254 3919 423 3974; x_wconf 89' lang='lat' dir='ltr'><strong>etiam</strong></span> <span class='ocrx_word' id='word_1_303' title='bbox 470 3917 802 3973; x_wconf 88' lang='lat' dir='ltr'><strong>horribiliora</strong></span> <span class='ocrx_word' id='word_1_304' title='bbox 836 3934 851 3972; x_wconf 89' lang='lat'><strong>:</strong></span> <span class='ocrx_word' id='word_1_305' title='bbox 880 3916 1057 3971; x_wconf 90' lang='lat' dir='ltr'><strong>omnia</strong></span> <span class='ocrx_word' id='word_1_306' title='bbox 1115 3916 1311 3987; x_wconf 87' lang='lat' dir='ltr'><strong>quippe</strong></span> <span class='ocrx_word' id='word_1_307' title='bbox 1370 3915 1617 3971; x_wconf 91' lang='lat' dir='ltr'><strong>dentibus</strong></span> 
     </span>
    </p>
   </div>
   <div class='ocr_carea' id='block_1_42' title="bbox 47 4008 1619 4082">
    <p class='ocr_par' dir='ltr' id='par_1_42' title="bbox 47 4008 1619 4082">
     <span class='ocr_line' id='line_1_42' title="bbox 47 4008 1619 4082; baseline -0.001 -17"><span class='ocrx_word' id='word_1_308' title='bbox 47 4011 317 4082; x_wconf 71' lang='lat' dir='ltr'><strong>subigebat</strong></span> <span class='ocrx_word' id='word_1_309' title='bbox 363 4010 656 4065; x_wconf 88' lang='lat' dir='ltr'><strong>necessitas</strong></span> <span class='ocrx_word' id='word_1_310' title='bbox 678 4050 695 4077; x_wconf 92' lang='lat'><strong>,</strong></span> <span class='ocrx_word' id='word_1_311' title='bbox 728 4019 787 4064; x_wconf 94' lang='lat' dir='ltr'><strong>ut</strong></span> <span class='ocrx_word' id='word_1_312' title='bbox 826 4009 1111 4079; x_wconf 72' lang='lat' dir='ltr'><strong>prredictus</strong></span> <span class='ocrx_word' id='word_1_313' title='bbox 1148 4009 1375 4080; x_wconf 89' lang='lat' dir='ltr'><strong>scriptor</strong></span> <span class='ocrx_word' id='word_1_314' title='bbox 1419 4008 1513 4062; x_wconf 93' lang='lat' dir='ltr'><strong>ait.</strong></span> <span class='ocrx_word' id='word_1_315' title='bbox 1541 4008 1619 4064; x_wconf 87' lang='lat' dir='ltr'><strong>Ac</strong></span> 
     </span>
    </p>
   </div>
   <div class='ocr_carea' id='block_1_43' title="bbox 49 4100 1616 4173">
    <p class='ocr_par' dir='ltr' id='par_1_43' title="bbox 49 4100 1616 4173">
     <span class='ocr_line' id='line_1_43' title="bbox 49 4100 1616 4173; baseline -0.001 -16"><span class='ocrx_word' id='word_1_316' title='bbox 49 4120 208 4173; x_wconf 66' lang='lat' dir='ltr'><strong>neque</strong></span> <span class='ocrx_word' id='word_1_317' title='bbox 237 4104 294 4157; x_wconf 92' lang='lat' dir='ltr'><strong>in</strong></span> <span class='ocrx_word' id='word_1_318' title='bbox 319 4102 405 4157; x_wconf 89' lang='lat' dir='ltr'><strong>bis</strong></span> <span class='ocrx_word' id='word_1_319' title='bbox 428 4111 711 4169; x_wconf 90' lang='lat' dir='ltr'><strong>steterunt,</strong></span> <span class='ocrx_word' id='word_1_320' title='bbox 734 4103 860 4172; x_wconf 92' lang='lat' dir='ltr'><strong>quin</strong></span> <span class='ocrx_word' id='word_1_321' title='bbox 884 4103 1044 4158; x_wconf 87' lang='lat' dir='ltr'><strong>etiam</strong></span> <span class='ocrx_word' id='word_1_322' title='bbox 1076 4103 1321 4172; x_wconf 89' lang='lat' dir='ltr'><strong>proprios</strong></span> <span class='ocrx_word' id='word_1_323' title='bbox 1352 4100 1494 4158; x_wconf 84' lang='lat' dir='ltr'><strong>ﬁlios</strong></span> <span class='ocrx_word' id='word_1_324' title='bbox 1519 4100 1616 4156; x_wconf 88' lang='lat' dir='ltr'><strong>de-</strong></span> 
     </span>
    </p>
   </div>
   <div class='ocr_carea' id='block_1_44' title="bbox 48 4193 1618 4267">
    <p class='ocr_par' dir='ltr' id='par_1_44' title="bbox 48 4193 1618 4267">
     <span class='ocr_line' id='line_1_44' title="bbox 48 4193 1618 4267; baseline -0.003 -15"><span class='ocrx_word' id='word_1_325' title='bbox 48 4204 339 4267; x_wconf 68' lang='lat' dir='ltr'><strong>gustarunt.</strong></span> <span class='ocrx_word' id='word_1_326' title='bbox 387 4194 667 4264; x_wconf 81' lang='lat' dir='ltr'><strong>Quomodo</strong></span> <span class='ocrx_word' id='word_1_327' title='bbox 716 4210 865 4267; x_wconf 90' lang='lat' dir='ltr'><strong>ergo,</strong></span> <span class='ocrx_word' id='word_1_328' title='bbox 915 4211 1035 4250; x_wconf 92' lang='lat' dir='ltr'><strong>cum</strong></span> <span class='ocrx_word' id='word_1_329' title='bbox 1084 4195 1157 4249; x_wconf 88' lang='lat' dir='ltr'><strong>illi</strong></span> <span class='ocrx_word' id='word_1_330' title='bbox 1194 4196 1325 4251; x_wconf 87' lang='lat' dir='ltr'><strong>tales</strong></span> <span class='ocrx_word' id='word_1_331' title='bbox 1374 4193 1618 4250; x_wconf 87' lang='lat' dir='ltr'><strong>dederint</strong></span> 
     </span>
    </p>
   </div>
   <div class='ocr_carea' id='block_1_45' title="bbox 1217 222 2104 295">
    <p class='ocr_par' dir='ltr' id='par_1_45' title="bbox 1217 222 2104 295">
     <span class='ocr_line' id='line_1_45' title="bbox 1217 222 2104 295; baseline -0.005 0"><span class='ocrx_word' id='word_1_332' title='bbox 1217 240 1302 295; x_wconf 75' lang='lat' dir='ltr'><strong>ne</strong></span> <span class='ocrx_word' id='word_1_333' title='bbox 1341 222 1700 294; x_wconf 72' lang='lat' dir='ltr'><strong>PEltFECTA</strong></span> <span class='ocrx_word' id='word_1_334' title='bbox 1741 235 2104 293; x_wconf 82' lang='lat' dir='ltr'><strong>CARITATE.</strong></span> 
     </span>
    </p>
   </div>
   <div class='ocr_carea' id='block_1_46' title="bbox 3205 248 3310 305">
    <p class='ocr_par' dir='ltr' id='par_1_46' title="bbox 3205 248 3310 305">
     <span class='ocr_line' id='line_1_46' title="bbox 3205 248 3310 305; baseline 0 -1"><span class='ocrx_word' id='word_1_335' title='bbox 3205 248 3310 305; x_wconf 75' lang='lat'><strong>290</strong></span> 
     </span>
    </p>
   </div>
   <div class='ocr_carea' id='block_1_47' title="bbox 1733 352 3305 425">
    <p class='ocr_par' dir='ltr' id='par_1_47' title="bbox 1733 352 3305 425">
     <span class='ocr_line' id='line_1_47' title="bbox 1733 352 3305 425; baseline 0.006 -20"><span class='ocrx_word' id='word_1_336' title='bbox 1733 365 1942 421; x_wconf 66' lang='lat' dir='ltr'><strong>poenas,</strong></span> <span class='ocrx_word' id='word_1_337' title='bbox 1975 365 2091 419; x_wconf 92' lang='lat' dir='ltr'><strong>nos,</strong></span> <span class='ocrx_word' id='word_1_338' title='bbox 2136 352 2225 422; x_wconf 92' lang='lat' dir='ltr'><strong>qui</strong></span> <span class='ocrx_word' id='word_1_339' title='bbox 2259 357 2497 422; x_wconf 83' lang='lat' dir='ltr'><strong>graviora</strong></span> <span class='ocrx_word' id='word_1_340' title='bbox 2536 354 2617 408; x_wconf 88' lang='lat' dir='ltr'><strong>his</strong></span> <span class='ocrx_word' id='word_1_341' title='bbox 2648 367 3035 424; x_wconf 85' lang='lat' dir='ltr'><strong>perpetramus,</strong></span> <span class='ocrx_word' id='word_1_342' title='bbox 3082 360 3305 425; x_wconf 74' lang='lat' dir='ltr'><strong>eﬂtigia~</strong></span> 
     </span>
    </p>
   </div>
   <div class='ocr_carea' id='block_1_48' title="bbox 1730 439 3303 517">
    <p class='ocr_par' dir='ltr' id='par_1_48' title="bbox 1730 439 3303 517">
     <span class='ocr_line' id='line_1_48' title="bbox 1730 439 3303 517; baseline 0.007 -24"><span class='ocrx_word' id='word_1_343' title='bbox 1730 440 1887 494; x_wconf 77' lang='lat' dir='ltr'><strong>mus?</strong></span> <span class='ocrx_word' id='word_1_344' title='bbox 1911 439 2041 495; x_wconf 86' lang='lat' dir='ltr'><strong>Nam</strong></span> <span class='ocrx_word' id='word_1_345' title='bbox 2068 442 2112 495; x_wconf 87' lang='lat' dir='ltr'><strong>si</strong></span> <span class='ocrx_word' id='word_1_346' title='bbox 2141 450 2267 495; x_wconf 89' lang='lat' dir='ltr'><strong>tunc</strong></span> <span class='ocrx_word' id='word_1_347' title='bbox 2298 442 2369 497; x_wconf 87' lang='lat' dir='ltr'><strong>illi</strong></span> <span class='ocrx_word' id='word_1_348' title='bbox 2403 443 2540 511; x_wconf 86' lang='lat' dir='ltr'><strong>plexi</strong></span> <span class='ocrx_word' id='word_1_349' title='bbox 2578 453 2731 509; x_wconf 91' lang='lat' dir='ltr'><strong>sunt,</strong></span> <span class='ocrx_word' id='word_1_350' title='bbox 2786 461 2882 499; x_wconf 92' lang='lat' dir='ltr'><strong>cur</strong></span> <span class='ocrx_word' id='word_1_351' title='bbox 2921 463 3018 500; x_wconf 92' lang='lat' dir='ltr'><strong>nos</strong></span> <span class='ocrx_word' id='word_1_352' title='bbox 3041 451 3149 517; x_wconf 86' lang='lat' dir='ltr'><strong>jam</strong></span> <span class='ocrx_word' id='word_1_353' title='bbox 3199 464 3303 504; x_wconf 91' lang='lat' dir='ltr'><strong>non</strong></span> 
     </span>
    </p>
   </div>
   <div class='ocr_carea' id='block_1_49' title="bbox 1731 532 3303 599">
    <p class='ocr_par' dir='ltr' id='par_1_49' title="bbox 1731 532 3303 599">
     <span class='ocr_line' id='line_1_49' title="bbox 1731 532 3303 599; baseline 0.009 -15"><span class='ocrx_word' id='word_1_354' title='bbox 1731 532 2051 599; x_wconf 73' lang='lat' dir='ltr'><strong>plectimur?</strong></span> <span class='ocrx_word' id='word_1_355' title='bbox 2080 535 2273 587; x_wconf 80' lang='lat' dir='ltr'><strong>Annon</strong></span> <span class='ocrx_word' id='word_1_356' title='bbox 2308 535 2391 589; x_wconf 88' lang='lat' dir='ltr'><strong>vel</strong></span> <span class='ocrx_word' id='word_1_357' title='bbox 2421 550 2563 590; x_wconf 64' lang='lat' dir='ltr'><strong>caeco</strong></span> <span class='ocrx_word' id='word_1_358' title='bbox 2594 537 2929 592; x_wconf 88' lang='lat' dir='ltr'><strong>manifestum</strong></span> <span class='ocrx_word' id='word_1_359' title='bbox 2960 550 3042 594; x_wconf 87' lang='lat' dir='ltr'><strong>est</strong></span> <span class='ocrx_word' id='word_1_360' title='bbox 3079 541 3197 597; x_wconf 85' lang='lat' dir='ltr'><strong>ideo</strong></span> <span class='ocrx_word' id='word_1_361' title='bbox 3223 544 3303 598; x_wconf 85' lang='lat' dir='ltr'><strong>sic</strong></span> 
     </span>
    </p>
   </div>
   <div class='ocr_carea' id='block_1_50' title="bbox 1730 624 3299 697">
    <p class='ocr_par' dir='ltr' id='par_1_50' title="bbox 1730 624 3299 697">
     <span class='ocr_line' id='line_1_50' title="bbox 1730 624 3299 697; baseline 0.007 -21"><span class='ocrx_word' id='word_1_362' title='bbox 1730 624 1835 693; x_wconf 85' lang='lat' dir='ltr'><strong>agi,</strong></span> <span class='ocrx_word' id='word_1_363' title='bbox 1858 633 1917 677; x_wconf 89' lang='lat' dir='ltr'><strong>ut</strong></span> <span class='ocrx_word' id='word_1_364' title='bbox 1944 640 2087 693; x_wconf 66' lang='lat' dir='ltr'><strong>saepe</strong></span> <span class='ocrx_word' id='word_1_365' title='bbox 2111 625 2247 692; x_wconf 74' lang='lat' dir='ltr'><strong>dixi,</strong></span> <span class='ocrx_word' id='word_1_366' title='bbox 2270 626 2408 693; x_wconf 86' lang='lat' dir='ltr'><strong>quod</strong></span> <span class='ocrx_word' id='word_1_367' title='bbox 2426 626 2593 682; x_wconf 85' lang='lat' dir='ltr'><strong>nobis</strong></span> <span class='ocrx_word' id='word_1_368' title='bbox 2612 629 2929 697; x_wconf 86' lang='lat' dir='ltr'><strong>supplicium</strong></span> <span class='ocrx_word' id='word_1_369' title='bbox 2977 630 3029 683; x_wconf 90' lang='lat' dir='ltr'><strong>in</strong></span> <span class='ocrx_word' id='word_1_370' title='bbox 3068 631 3299 687; x_wconf 83' lang='lat' dir='ltr'><strong>futurum</strong></span> 
     </span>
    </p>
   </div>
   <div class='ocr_carea' id='block_1_51' title="bbox 1729 716 3305 794">
    <p class='ocr_par' dir='ltr' id='par_1_51' title="bbox 1729 716 3305 794">
     <span class='ocr_line' id='line_1_51' title="bbox 1729 716 3305 794; baseline 0.008 -25"><span class='ocrx_word' id='word_1_371' title='bbox 1729 716 2072 771; x_wconf 74' lang='lat' dir='ltr'><strong>reservetur?</strong></span> <span class='ocrx_word' id='word_1_372' title='bbox 2093 716 2173 771; x_wconf 83' lang='lat' dir='ltr'><strong>Ad</strong></span> <span class='ocrx_word' id='word_1_373' title='bbox 2220 718 2334 772; x_wconf 68' lang='lat' dir='ltr'><strong>haec</strong></span> <span class='ocrx_word' id='word_1_374' title='bbox 2356 733 2483 773; x_wconf 85' lang='lat' dir='ltr'><strong>vero</strong></span> <span class='ocrx_word' id='word_1_375' title='bbox 2509 719 2890 774; x_wconf 74' lang='lat' dir='ltr'><strong>consideranda</strong></span> <span class='ocrx_word' id='word_1_376' title='bbox 2932 731 3057 776; x_wconf 81' lang='lat' dir='ltr'><strong>sunt</strong></span> <span class='ocrx_word' id='word_1_377' title='bbox 3084 738 3147 779; x_wconf 84' lang='lat' dir='ltr'><strong>ea</strong></span> <span class='ocrx_word' id='word_1_378' title='bbox 3184 741 3305 794; x_wconf 74' lang='lat' dir='ltr'><strong>quze</strong></span> 
     </span>
    </p>
   </div>
   <div class='ocr_carea' id='block_1_52' title="bbox 1730 806 3299 882">
    <p class='ocr_par' dir='ltr' id='par_1_52' title="bbox 1730 806 3299 882">
     <span class='ocr_line' id='line_1_52' title="bbox 1730 806 3299 882; baseline 0.007 -22"><span class='ocrx_word' id='word_1_379' title='bbox 1730 822 1873 861; x_wconf 87' lang='lat' dir='ltr'><strong>nunc</strong></span> <span class='ocrx_word' id='word_1_380' title='bbox 1901 807 1953 862; x_wconf 90' lang='lat' dir='ltr'><strong>in</strong></span> <span class='ocrx_word' id='word_1_381' title='bbox 1981 806 2083 863; x_wconf 87' lang='lat' dir='ltr'><strong>hoc</strong></span> <span class='ocrx_word' id='word_1_382' title='bbox 2111 810 2307 864; x_wconf 89' lang='lat' dir='ltr'><strong>mundo</strong></span> <span class='ocrx_word' id='word_1_383' title='bbox 2330 819 2587 879; x_wconf 78' lang='lat' dir='ltr'><strong>geruntur</strong></span> <span class='ocrx_word' id='word_1_384' title='bbox 2609 853 2625 878; x_wconf 93' lang='lat'><strong>,</strong></span> <span class='ocrx_word' id='word_1_385' title='bbox 2652 822 2707 868; x_wconf 80' lang='lat' dir='ltr'><strong>et</strong></span> <span class='ocrx_word' id='word_1_386' title='bbox 2724 814 2981 882; x_wconf 72' lang='lat' dir='ltr'><strong>gehennae</strong></span> <span class='ocrx_word' id='word_1_387' title='bbox 3010 815 3166 870; x_wconf 83' lang='lat' dir='ltr'><strong>ﬁdem</strong></span> <span class='ocrx_word' id='word_1_388' title='bbox 3192 834 3299 871; x_wconf 91' lang='lat' dir='ltr'><strong>non</strong></span> 
     </span>
    </p>
   </div>
   <div class='ocr_carea' id='block_1_53' title="bbox 1729 898 3309 974">
    <p class='ocr_par' dir='ltr' id='par_1_53' title="bbox 1729 898 3309 974">
     <span class='ocr_line' id='line_1_53' title="bbox 1729 898 3309 974; baseline 0.006 -23"><span class='ocrx_word' id='word_1_389' title='bbox 1729 898 2061 968; x_wconf 82' lang='lat' dir='ltr'><strong>negabimus.</strong></span> <span class='ocrx_word' id='word_1_390' title='bbox 2088 900 2219 954; x_wconf 84' lang='lat' dir='ltr'><strong>Nam</strong></span> <span class='ocrx_word' id='word_1_391' title='bbox 2243 901 2287 955; x_wconf 89' lang='lat' dir='ltr'><strong>si</strong></span> <span class='ocrx_word' id='word_1_392' title='bbox 2310 902 2483 971; x_wconf 86' lang='lat' dir='ltr'><strong>justus</strong></span> <span class='ocrx_word' id='word_1_393' title='bbox 2508 913 2591 958; x_wconf 91' lang='lat' dir='ltr'><strong>est</strong></span> <span class='ocrx_word' id='word_1_394' title='bbox 2620 904 2780 970; x_wconf 85' lang='lat' dir='ltr'><strong>Deus,</strong></span> <span class='ocrx_word' id='word_1_395' title='bbox 2804 919 2903 959; x_wconf 82' lang='lat' dir='ltr'><strong>nec</strong></span> <span class='ocrx_word' id='word_1_396' title='bbox 2932 920 3186 974; x_wconf 89' lang='lat' dir='ltr'><strong>personas</strong></span> <span class='ocrx_word' id='word_1_397' title='bbox 3213 922 3309 961; x_wconf 49' lang='lat' dir='ltr'><strong>acu</strong></span> 
     </span>
    </p>
   </div>
   <div class='ocr_carea' id='block_1_54' title="bbox 1729 987 3309 1065">
    <p class='ocr_par' dir='ltr' id='par_1_54' title="bbox 1729 987 3309 1065">
     <span class='ocr_line' id='line_1_54' title="bbox 1729 987 3309 1065; baseline 0.007 -24"><span class='ocrx_word' id='word_1_398' title='bbox 1729 987 1876 1056; x_wconf 85' lang='lat' dir='ltr'><strong>cipit,</strong></span> <span class='ocrx_word' id='word_1_399' title='bbox 1902 999 1958 1043; x_wconf 92' lang='lat' dir='ltr'><strong>ut</strong></span> <span class='ocrx_word' id='word_1_400' title='bbox 1980 1000 2130 1045; x_wconf 87' lang='lat' dir='ltr'><strong>certe</strong></span> <span class='ocrx_word' id='word_1_401' title='bbox 2159 1006 2340 1045; x_wconf 86' lang='lat' dir='ltr'><strong>verum</strong></span> <span class='ocrx_word' id='word_1_402' title='bbox 2383 1001 2485 1058; x_wconf 91' lang='lat' dir='ltr'><strong>est,</strong></span> <span class='ocrx_word' id='word_1_403' title='bbox 2530 1008 2627 1047; x_wconf 90' lang='lat' dir='ltr'><strong>cur</strong></span> <span class='ocrx_word' id='word_1_404' title='bbox 2668 993 2754 1049; x_wconf 90' lang='lat' dir='ltr'><strong>hic</strong></span> <span class='ocrx_word' id='word_1_405' title='bbox 2801 995 2889 1048; x_wconf 88' lang='lat' dir='ltr'><strong>alii</strong></span> <span class='ocrx_word' id='word_1_406' title='bbox 2918 996 3141 1065; x_wconf 75' lang='lat' dir='ltr'><strong>caedium</strong></span> <span class='ocrx_word' id='word_1_407' title='bbox 3172 996 3309 1053; x_wconf 80' lang='lat' dir='ltr'><strong>dant</strong></span> 
     </span>
    </p>
   </div>
   <div class='ocr_carea' id='block_1_55' title="bbox 1730 1081 3298 1159">
    <p class='ocr_par' dir='ltr' id='par_1_55' title="bbox 1730 1081 3298 1159">
     <span class='ocr_line' id='line_1_55' title="bbox 1730 1081 3298 1159; baseline 0.008 -27"><span class='ocrx_word' id='word_1_408' title='bbox 1730 1092 1938 1146; x_wconf 70' lang='lat' dir='ltr'><strong>ptenas,</strong></span> <span class='ocrx_word' id='word_1_409' title='bbox 1959 1081 2047 1135; x_wconf 86' lang='lat' dir='ltr'><strong>alii</strong></span> <span class='ocrx_word' id='word_1_410' title='bbox 2075 1097 2182 1136; x_wconf 85' lang='lat' dir='ltr'><strong>non</strong></span> <span class='ocrx_word' id='word_1_411' title='bbox 2201 1082 2371 1138; x_wconf 75' lang='lat' dir='ltr'><strong>dant?</strong></span> <span class='ocrx_word' id='word_1_412' title='bbox 2396 1100 2491 1138; x_wconf 91' lang='lat' dir='ltr'><strong>cur</strong></span> <span class='ocrx_word' id='word_1_413' title='bbox 2510 1102 2574 1140; x_wconf 81' lang='lat' dir='ltr'><strong>ex</strong></span> <span class='ocrx_word' id='word_1_414' title='bbox 2602 1088 2828 1142; x_wconf 72' lang='lat' dir='ltr'><strong>mmcbis</strong></span> <span class='ocrx_word' id='word_1_415' title='bbox 2851 1088 2942 1143; x_wconf 87' lang='lat' dir='ltr'><strong>alii</strong></span> <span class='ocrx_word' id='word_1_416' title='bbox 2970 1090 3261 1159; x_wconf 90' lang='lat' dir='ltr'><strong>puniuntur</strong></span> <span class='ocrx_word' id='word_1_417' title='bbox 3280 1133 3298 1157; x_wconf 92' lang='lat'><strong>,</strong></span> 
     </span>
    </p>
   </div>
   <div class='ocr_carea' id='block_1_56' title="bbox 1727 1169 3302 1246">
    <p class='ocr_par' dir='ltr' id='par_1_56' title="bbox 1727 1169 3302 1246">
     <span class='ocr_line' id='line_1_56' title="bbox 1727 1169 3302 1246; baseline 0.007 -21"><span class='ocrx_word' id='word_1_418' title='bbox 1727 1169 1817 1225; x_wconf 85' lang='lat' dir='ltr'><strong>alii</strong></span> <span class='ocrx_word' id='word_1_419' title='bbox 1849 1185 1952 1223; x_wconf 88' lang='lat' dir='ltr'><strong>non</strong></span> <span class='ocrx_word' id='word_1_420' title='bbox 1985 1171 2124 1240; x_wconf 78' lang='lat' dir='ltr'><strong>plexi</strong></span> <span class='ocrx_word' id='word_1_421' title='bbox 2154 1173 2484 1229; x_wconf 75' lang='lat' dir='ltr'><strong>moriuntur?</strong></span> <span class='ocrx_word' id='word_1_422' title='bbox 2507 1186 2636 1246; x_wconf 87' lang='lat' dir='ltr'><strong>quot</strong></span> <span class='ocrx_word' id='word_1_423' title='bbox 2679 1177 3047 1246; x_wconf 85' lang='lat' dir='ltr'><strong>sepulcrorum</strong></span> <span class='ocrx_word' id='word_1_424' title='bbox 3080 1179 3302 1235; x_wconf 75' lang='lat' dir='ltr'><strong>eti‘osso-</strong></span> 
     </span>
    </p>
   </div>
   <div class='ocr_carea' id='block_1_57' title="bbox 1727 1263 3307 1342">
    <p class='ocr_par' dir='ltr' id='par_1_57' title="bbox 1727 1263 3307 1342">
     <span class='ocr_line' id='line_1_57' title="bbox 1727 1263 3307 1342; baseline 0.011 -30"><span class='ocrx_word' id='word_1_425' title='bbox 1727 1274 1814 1314; x_wconf 87' lang='lat' dir='ltr'><strong>res</strong></span> <span class='ocrx_word' id='word_1_426' title='bbox 1839 1274 2051 1329; x_wconf 77' lang='lat' dir='ltr'><strong>pmnam</strong></span> <span class='ocrx_word' id='word_1_427' title='bbox 2094 1263 2517 1336; x_wconf 88' lang='lat' dir='ltr'><strong>vitarunthuot</strong></span> <span class='ocrx_word' id='word_1_428' title='bbox 2557 1268 2728 1323; x_wconf 83' lang='lat' dir='ltr'><strong>fures!</strong></span> <span class='ocrx_word' id='word_1_429' title='bbox 2787 1279 2917 1339; x_wconf 81' lang='lat' dir='ltr'><strong>quot</strong></span> <span class='ocrx_word' id='word_1_430' title='bbox 2958 1273 3140 1328; x_wconf 82' lang='lat' dir='ltr'><strong>avari!</strong></span> <span class='ocrx_word' id='word_1_431' title='bbox 3170 1284 3307 1342; x_wconf 60' lang='lat' dir='ltr'><strong>quos</strong></span> 
     </span>
    </p>
   </div>
   <div class='ocr_carea' id='block_1_58' title="bbox 1727 1353 3302 1432">
    <p class='ocr_par' dir='ltr' id='par_1_58' title="bbox 1727 1353 3302 1432">
     <span class='ocr_line' id='line_1_58' title="bbox 1727 1353 3302 1432; baseline 0.01 -28"><span class='ocrx_word' id='word_1_432' title='bbox 1727 1360 1968 1420; x_wconf 85' lang='lat' dir='ltr'><strong>raptores</strong></span> <span class='ocrx_word' id='word_1_433' title='bbox 1994 1353 2005 1405; x_wconf 88' lang='lat'><strong>!</strong></span> <span class='ocrx_word' id='word_1_434' title='bbox 2028 1353 2083 1410; x_wconf 85' lang='lat' dir='ltr'><strong>Si</strong></span> <span class='ocrx_word' id='word_1_435' title='bbox 2108 1369 2238 1425; x_wconf 76' lang='lat' dir='ltr'><strong>ergo</strong></span> <span class='ocrx_word' id='word_1_436' title='bbox 2263 1357 2503 1425; x_wconf 83' lang='lat' dir='ltr'><strong>geltenna</strong></span> <span class='ocrx_word' id='word_1_437' title='bbox 2536 1374 2639 1411; x_wconf 86' lang='lat' dir='ltr'><strong>non</strong></span> <span class='ocrx_word' id='word_1_438' title='bbox 2663 1370 2824 1425; x_wconf 85' lang='lat' dir='ltr'><strong>esset,</strong></span> <span class='ocrx_word' id='word_1_439' title='bbox 2854 1361 3067 1415; x_wconf 81' lang='lat' dir='ltr'><strong>ubinam</strong></span> <span class='ocrx_word' id='word_1_440' title='bbox 3091 1363 3164 1416; x_wconf 80' lang='lat' dir='ltr'><strong>illi</strong></span> <span class='ocrx_word' id='word_1_441' title='bbox 3188 1381 3302 1432; x_wconf 74' lang='lat' dir='ltr'><strong>pw-</strong></span> 
     </span>
    </p>
   </div>
   <div class='ocr_carea' id='block_1_59' title="bbox 1727 1444 3296 1521">
    <p class='ocr_par' dir='ltr' id='par_1_59' title="bbox 1727 1444 3296 1521">
     <span class='ocr_line' id='line_1_59' title="bbox 1727 1444 3296 1521; baseline 0.01 -25"><span class='ocrx_word' id='word_1_442' title='bbox 1727 1459 1851 1499; x_wconf 89' lang='lat' dir='ltr'><strong>nam</strong></span> <span class='ocrx_word' id='word_1_443' title='bbox 1881 1444 2126 1504; x_wconf 87' lang='lat' dir='ltr'><strong>dabunt!</strong></span> <span class='ocrx_word' id='word_1_444' title='bbox 2168 1445 2304 1501; x_wconf 86' lang='lat' dir='ltr'><strong>Num</strong></span> <span class='ocrx_word' id='word_1_445' title='bbox 2356 1450 2841 1505; x_wconf 81' lang='lat' dir='ltr'><strong>contradicentibus</strong></span> <span class='ocrx_word' id='word_1_446' title='bbox 2898 1455 3296 1521; x_wconf 87' lang='lat' dir='ltr'><strong>persuademus,</strong></span> 
     </span>
    </p>
   </div>
   <div class='ocr_carea' id='block_1_60' title="bbox 1726 1536 3304 1606">
    <p class='ocr_par' dir='ltr' id='par_1_60' title="bbox 1726 1536 3304 1606">
     <span class='ocr_line' id='line_1_60' title="bbox 1726 1536 3304 1606; baseline 0.01 -18"><span class='ocrx_word' id='word_1_447' title='bbox 1726 1552 1846 1606; x_wconf 72' lang='lat' dir='ltr'><strong>qua:</strong></span> <span class='ocrx_word' id='word_1_448' title='bbox 1891 1536 1958 1591; x_wconf 92' lang='lat' dir='ltr'><strong>de</strong></span> <span class='ocrx_word' id='word_1_449' title='bbox 1985 1537 2075 1591; x_wconf 92' lang='lat' dir='ltr'><strong>illa</strong></span> <span class='ocrx_word' id='word_1_450' title='bbox 2128 1547 2415 1594; x_wconf 90' lang='lat' dir='ltr'><strong>narrantur</strong></span> <span class='ocrx_word' id='word_1_451' title='bbox 2441 1555 2545 1594; x_wconf 92' lang='lat' dir='ltr'><strong>non</strong></span> <span class='ocrx_word' id='word_1_452' title='bbox 2590 1557 2710 1597; x_wconf 90' lang='lat' dir='ltr'><strong>esse</strong></span> <span class='ocrx_word' id='word_1_453' title='bbox 2754 1542 3025 1600; x_wconf 76' lang='lat' dir='ltr'><strong>fabulam?</strong></span> <span class='ocrx_word' id='word_1_454' title='bbox 3051 1545 3127 1601; x_wconf 83' lang='lat' dir='ltr'><strong>Ita</strong></span> <span class='ocrx_word' id='word_1_455' title='bbox 3157 1549 3304 1603; x_wconf 85' lang='lat' dir='ltr'><strong>enim</strong></span> 
     </span>
    </p>
   </div>
   <div class='ocr_carea' id='block_1_61' title="bbox 1725 1634 3295 1709">
    <p class='ocr_par' dir='ltr' id='par_1_61' title="bbox 1725 1634 3295 1709">
     <span class='ocr_line' id='line_1_61' title="bbox 1725 1634 3295 1709; baseline 0.008 -28"><span class='ocrx_word' id='word_1_456' title='bbox 1725 1643 1849 1682; x_wconf 80' lang='lat' dir='ltr'><strong>vera</strong></span> <span class='ocrx_word' id='word_1_457' title='bbox 1878 1638 2024 1693; x_wconf 91' lang='lat' dir='ltr'><strong>sunt,</strong></span> <span class='ocrx_word' id='word_1_458' title='bbox 2049 1640 2104 1684; x_wconf 93' lang='lat' dir='ltr'><strong>ut</strong></span> <span class='ocrx_word' id='word_1_459' title='bbox 2133 1646 2236 1684; x_wconf 92' lang='lat' dir='ltr'><strong>non</strong></span> <span class='ocrx_word' id='word_1_460' title='bbox 2272 1646 2368 1686; x_wconf 91' lang='lat' dir='ltr'><strong>nos</strong></span> <span class='ocrx_word' id='word_1_461' title='bbox 2396 1642 2619 1701; x_wconf 90' lang='lat' dir='ltr'><strong>tantum,</strong></span> <span class='ocrx_word' id='word_1_462' title='bbox 2640 1634 2735 1689; x_wconf 90' lang='lat' dir='ltr'><strong>sed</strong></span> <span class='ocrx_word' id='word_1_463' title='bbox 2764 1636 2924 1690; x_wconf 88' lang='lat' dir='ltr'><strong>etiam</strong></span> <span class='ocrx_word' id='word_1_464' title='bbox 2956 1649 3146 1707; x_wconf 64' lang='lat' dir='ltr'><strong>poetae,</strong></span> <span class='ocrx_word' id='word_1_465' title='bbox 3177 1640 3295 1709; x_wconf 87' lang='lat' dir='ltr'><strong>phi-</strong></span> 
     </span>
    </p>
   </div>
   <div class='ocr_carea' id='block_1_62' title="bbox 1726 1720 3301 1798">
    <p class='ocr_par' dir='ltr' id='par_1_62' title="bbox 1726 1720 3301 1798">
     <span class='ocr_line' id='line_1_62' title="bbox 1726 1720 3301 1798; baseline 0.008 -24"><span class='ocrx_word' id='word_1_466' title='bbox 1726 1720 1933 1791; x_wconf 87' lang='lat' dir='ltr'><strong>losophi</strong></span> <span class='ocrx_word' id='word_1_467' title='bbox 1962 1731 2018 1777; x_wconf 92' lang='lat' dir='ltr'><strong>et</strong></span> <span class='ocrx_word' id='word_1_468' title='bbox 2044 1721 2338 1779; x_wconf 86' lang='lat' dir='ltr'><strong>fabularum</strong></span> <span class='ocrx_word' id='word_1_469' title='bbox 2362 1726 2649 1795; x_wconf 88' lang='lat' dir='ltr'><strong>scriptores</strong></span> <span class='ocrx_word' id='word_1_470' title='bbox 2677 1727 2744 1782; x_wconf 91' lang='lat' dir='ltr'><strong>de</strong></span> <span class='ocrx_word' id='word_1_471' title='bbox 2770 1726 2942 1783; x_wconf 90' lang='lat' dir='ltr'><strong>futura</strong></span> <span class='ocrx_word' id='word_1_472' title='bbox 2977 1746 3071 1798; x_wconf 88' lang='lat' dir='ltr'><strong>pro</strong></span> <span class='ocrx_word' id='word_1_473' title='bbox 3108 1733 3301 1787; x_wconf 80' lang='lat' dir='ltr'><strong>merito</strong></span> 
     </span>
    </p>
   </div>
   <div class='ocr_carea' id='block_1_63' title="bbox 1724 1812 3299 1886">
    <p class='ocr_par' dir='ltr' id='par_1_63' title="bbox 1724 1812 3299 1886">
     <span class='ocr_line' id='line_1_63' title="bbox 1724 1812 3299 1886; baseline 0.008 -21"><span class='ocrx_word' id='word_1_474' title='bbox 1724 1824 1868 1867; x_wconf 83' lang='lat' dir='ltr'><strong>sorte</strong></span> <span class='ocrx_word' id='word_1_475' title='bbox 1899 1812 2251 1883; x_wconf 84' lang='lat' dir='ltr'><strong>philosophati</strong></span> <span class='ocrx_word' id='word_1_476' title='bbox 2287 1817 2393 1869; x_wconf 91' lang='lat' dir='ltr'><strong>sint</strong></span> <span class='ocrx_word' id='word_1_477' title='bbox 2427 1857 2441 1881; x_wconf 89' lang='lat'><strong>,</strong></span> <span class='ocrx_word' id='word_1_478' title='bbox 2475 1826 2527 1870; x_wconf 92' lang='lat' dir='ltr'><strong>et</strong></span> <span class='ocrx_word' id='word_1_479' title='bbox 2558 1817 2825 1886; x_wconf 87' lang='lat' dir='ltr'><strong>improbos</strong></span> <span class='ocrx_word' id='word_1_480' title='bbox 2857 1818 2907 1873; x_wconf 84' lang='lat' dir='ltr'><strong>in</strong></span> <span class='ocrx_word' id='word_1_481' title='bbox 2940 1819 3146 1875; x_wconf 86' lang='lat' dir='ltr'><strong>inferno</strong></span> <span class='ocrx_word' id='word_1_482' title='bbox 3176 1837 3299 1877; x_wconf 86' lang='lat' dir='ltr'><strong>cru-</strong></span> 
     </span>
    </p>
   </div>
   <div class='ocr_carea' id='block_1_64' title="bbox 1723 1904 3299 1970">
    <p class='ocr_par' dir='ltr' id='par_1_64' title="bbox 1723 1904 3299 1970">
     <span class='ocr_line' id='line_1_64' title="bbox 1723 1904 3299 1970; baseline 0.008 -12"><span class='ocrx_word' id='word_1_483' title='bbox 1723 1904 1849 1958; x_wconf 82' lang='lat' dir='ltr'><strong>ciari</strong></span> <span class='ocrx_word' id='word_1_484' title='bbox 1881 1904 2138 1959; x_wconf 79' lang='lat' dir='ltr'><strong>dixerint.</strong></span> <span class='ocrx_word' id='word_1_485' title='bbox 2159 1906 2288 1960; x_wconf 84' lang='lat' dir='ltr'><strong>Nam</strong></span> <span class='ocrx_word' id='word_1_486' title='bbox 2315 1908 2520 1963; x_wconf 88' lang='lat' dir='ltr'><strong>etiamsi</strong></span> <span class='ocrx_word' id='word_1_487' title='bbox 2552 1909 2665 1964; x_wconf 65' lang='lat' dir='ltr'><strong>haec</strong></span> <span class='ocrx_word' id='word_1_488' title='bbox 2681 1926 2805 1965; x_wconf 81' lang='lat' dir='ltr'><strong>vere</strong></span> <span class='ocrx_word' id='word_1_489' title='bbox 2823 1922 2877 1964; x_wconf 92' lang='lat' dir='ltr'><strong>ut</strong></span> <span class='ocrx_word' id='word_1_490' title='bbox 2897 1921 3017 1966; x_wconf 91' lang='lat' dir='ltr'><strong>sunt</strong></span> <span class='ocrx_word' id='word_1_491' title='bbox 3043 1929 3299 1970; x_wconf 79' lang='lat' dir='ltr'><strong>enarrare</strong></span> 
     </span>
    </p>
   </div>
   <div class='ocr_carea' id='block_1_65' title="bbox 1723 2000 3294 2075">
    <p class='ocr_par' dir='ltr' id='par_1_65' title="bbox 1723 2000 3294 2075">
     <span class='ocr_line' id='line_1_65' title="bbox 1723 2000 3294 2075; baseline 0.007 -26"><span class='ocrx_word' id='word_1_492' title='bbox 1723 2011 1827 2051; x_wconf 88' lang='lat' dir='ltr'><strong>non</strong></span> <span class='ocrx_word' id='word_1_493' title='bbox 1857 2006 2155 2066; x_wconf 91' lang='lat' dir='ltr'><strong>potuerunt,</strong></span> <span class='ocrx_word' id='word_1_494' title='bbox 2187 2008 2366 2069; x_wconf 90' lang='lat' dir='ltr'><strong>utpote</strong></span> <span class='ocrx_word' id='word_1_495' title='bbox 2390 2000 2478 2070; x_wconf 90' lang='lat' dir='ltr'><strong>qui</strong></span> <span class='ocrx_word' id='word_1_496' title='bbox 2500 2015 2566 2054; x_wconf 81' lang='lat' dir='ltr'><strong>ex</strong></span> <span class='ocrx_word' id='word_1_497' title='bbox 2590 2001 2864 2056; x_wconf 88' lang='lat' dir='ltr'><strong>ratiocinio</strong></span> <span class='ocrx_word' id='word_1_498' title='bbox 2891 2011 3091 2056; x_wconf 88' lang='lat' dir='ltr'><strong>tantum</strong></span> <span class='ocrx_word' id='word_1_499' title='bbox 3124 2020 3294 2075; x_wconf 79' lang='lat' dir='ltr'><strong>exque</strong></span> 
     </span>
    </p>
   </div>
   <div class='ocr_carea' id='block_1_66' title="bbox 1723 2088 3291 2162">
    <p class='ocr_par' dir='ltr' id='par_1_66' title="bbox 1723 2088 3291 2162">
     <span class='ocr_line' id='line_1_66' title="bbox 1723 2088 3291 2162; baseline 0.004 -19"><span class='ocrx_word' id='word_1_500' title='bbox 1723 2098 1904 2143; x_wconf 86' lang='lat' dir='ltr'><strong>nostra</strong></span> <span class='ocrx_word' id='word_1_501' title='bbox 1930 2088 2170 2145; x_wconf 88' lang='lat' dir='ltr'><strong>doctrina</strong></span> <span class='ocrx_word' id='word_1_502' title='bbox 2199 2091 2338 2157; x_wconf 84' lang='lat' dir='ltr'><strong>male</strong></span> <span class='ocrx_word' id='word_1_503' title='bbox 2376 2100 2592 2161; x_wconf 89' lang='lat' dir='ltr'><strong>accepta</strong></span> <span class='ocrx_word' id='word_1_504' title='bbox 2639 2092 2705 2147; x_wconf 90' lang='lat' dir='ltr'><strong>ad</strong></span> <span class='ocrx_word' id='word_1_505' title='bbox 2736 2092 2788 2147; x_wconf 91' lang='lat' dir='ltr'><strong>id</strong></span> <span class='ocrx_word' id='word_1_506' title='bbox 2815 2095 3036 2162; x_wconf 88' lang='lat' dir='ltr'><strong>permoti</strong></span> <span class='ocrx_word' id='word_1_507' title='bbox 3062 2095 3291 2162; x_wconf 85' lang='lat' dir='ltr'><strong>fuerint,</strong></span> 
     </span>
    </p>
   </div>
   <div class='ocr_carea' id='block_1_67' title="bbox 1720 2182 3293 2255">
    <p class='ocr_par' dir='ltr' id='par_1_67' title="bbox 1720 2182 3293 2255">
     <span class='ocr_line' id='line_1_67' title="bbox 1720 2182 3293 2255; baseline 0.008 -21"><span class='ocrx_word' id='word_1_508' title='bbox 1720 2191 1955 2236; x_wconf 87' lang='lat' dir='ltr'><strong>attamen</strong></span> <span class='ocrx_word' id='word_1_509' title='bbox 1978 2182 2051 2235; x_wconf 91' lang='lat' dir='ltr'><strong>illi</strong></span> <span class='ocrx_word' id='word_1_510' title='bbox 2074 2183 2353 2251; x_wconf 83' lang='lat' dir='ltr'><strong>imaginem</strong></span> <span class='ocrx_word' id='word_1_511' title='bbox 2366 2183 2646 2254; x_wconf 86' lang='lat' dir='ltr'><strong>quamdam</strong></span> <span class='ocrx_word' id='word_1_512' title='bbox 2668 2184 2854 2254; x_wconf 87' lang='lat' dir='ltr'><strong>judicii</strong></span> <span class='ocrx_word' id='word_1_513' title='bbox 2875 2185 3050 2255; x_wconf 86' lang='lat' dir='ltr'><strong>adepti</strong></span> <span class='ocrx_word' id='word_1_514' title='bbox 3064 2188 3293 2247; x_wconf 87' lang='lat' dir='ltr'><strong>fuerant.</strong></span> 
     </span>
    </p>
   </div>
   <div class='ocr_carea' id='block_1_68' title="bbox 1722 2271 3293 2347">
    <p class='ocr_par' dir='ltr' id='par_1_68' title="bbox 1722 2271 3293 2347">
     <span class='ocr_line' id='line_1_68' title="bbox 1722 2271 3293 2347; baseline 0.006 -22"><span class='ocrx_word' id='word_1_515' title='bbox 1722 2271 1948 2342; x_wconf 81' lang='lat' dir='ltr'><strong>Cocytos</strong></span> <span class='ocrx_word' id='word_1_516' title='bbox 1977 2272 2118 2327; x_wconf 88' lang='lat' dir='ltr'><strong>enim</strong></span> <span class='ocrx_word' id='word_1_517' title='bbox 2139 2283 2435 2328; x_wconf 91' lang='lat' dir='ltr'><strong>memorant</strong></span> <span class='ocrx_word' id='word_1_518' title='bbox 2454 2315 2469 2337; x_wconf 89' lang='lat'><strong>,</strong></span> <span class='ocrx_word' id='word_1_519' title='bbox 2514 2274 3044 2346; x_wconf 84' lang='lat' dir='ltr'><strong>Pyriphlegethontas</strong></span> <span class='ocrx_word' id='word_1_520' title='bbox 3069 2277 3257 2334; x_wconf 86' lang='lat' dir='ltr'><strong>ﬂuvios</strong></span> <span class='ocrx_word' id='word_1_521' title='bbox 3275 2321 3293 2347; x_wconf 90' lang='lat'><strong>,</strong></span> 
     </span>
    </p>
   </div>
   <div class='ocr_carea' id='block_1_69' title="bbox 1721 2361 3287 2434">
    <p class='ocr_par' dir='ltr' id='par_1_69' title="bbox 1721 2361 3287 2434">
     <span class='ocr_line' id='line_1_69' title="bbox 1721 2361 3287 2434; baseline 0.006 -19"><span class='ocrx_word' id='word_1_522' title='bbox 1721 2372 1774 2415; x_wconf 93' lang='lat' dir='ltr'><strong>et</strong></span> <span class='ocrx_word' id='word_1_523' title='bbox 1794 2361 1970 2434; x_wconf 80' lang='lat' dir='ltr'><strong>Stygis</strong></span> <span class='ocrx_word' id='word_1_524' title='bbox 1996 2378 2208 2433; x_wconf 87' lang='lat' dir='ltr'><strong>aquam,</strong></span> <span class='ocrx_word' id='word_1_525' title='bbox 2238 2372 2294 2419; x_wconf 90' lang='lat' dir='ltr'><strong>et</strong></span> <span class='ocrx_word' id='word_1_526' title='bbox 2319 2364 2598 2419; x_wconf 81' lang='lat' dir='ltr'><strong>Tartarum</strong></span> <span class='ocrx_word' id='word_1_527' title='bbox 2630 2374 2831 2420; x_wconf 88' lang='lat' dir='ltr'><strong>tantum</strong></span> <span class='ocrx_word' id='word_1_528' title='bbox 2856 2382 2888 2421; x_wconf 91' lang='lat' dir='ltr'><strong>a</strong></span> <span class='ocrx_word' id='word_1_529' title='bbox 2909 2375 3048 2422; x_wconf 89' lang='lat' dir='ltr'><strong>terra</strong></span> <span class='ocrx_word' id='word_1_530' title='bbox 3079 2367 3287 2424; x_wconf 78' lang='lat' dir='ltr'><strong>distan-</strong></span> 
     </span>
    </p>
   </div>
   <div class='ocr_carea' id='block_1_70' title="bbox 1724 2455 3301 2529">
    <p class='ocr_par' dir='ltr' id='par_1_70' title="bbox 1724 2455 3301 2529">
     <span class='ocr_line' id='line_1_70' title="bbox 1724 2455 3301 2529; baseline 0 -20"><span class='ocrx_word' id='word_1_531' title='bbox 1724 2463 1851 2522; x_wconf 90' lang='lat' dir='ltr'><strong>tem,</strong></span> <span class='ocrx_word' id='word_1_532' title='bbox 1879 2464 2134 2527; x_wconf 89' lang='lat' dir='ltr'><strong>quantum</strong></span> <span class='ocrx_word' id='word_1_533' title='bbox 2161 2455 2273 2526; x_wconf 86' lang='lat' dir='ltr'><strong>ipsa</strong></span> <span class='ocrx_word' id='word_1_534' title='bbox 2298 2472 2328 2509; x_wconf 90' lang='lat' dir='ltr'><strong>a</strong></span> <span class='ocrx_word' id='word_1_535' title='bbox 2350 2455 2500 2522; x_wconf 69' lang='lat' dir='ltr'><strong>caalo,</strong></span> <span class='ocrx_word' id='word_1_536' title='bbox 2531 2457 2726 2512; x_wconf 90' lang='lat' dir='ltr'><strong>multos</strong></span> <span class='ocrx_word' id='word_1_537' title='bbox 2754 2473 2961 2529; x_wconf 86' lang='lat' dir='ltr'><strong>quoque</strong></span> <span class='ocrx_word' id='word_1_538' title='bbox 2986 2458 3121 2515; x_wconf 86' lang='lat' dir='ltr'><strong>alios</strong></span> <span class='ocrx_word' id='word_1_539' title='bbox 3140 2460 3301 2515; x_wconf 88' lang='lat' dir='ltr'><strong>ultio-.</strong></span> 
     </span>
    </p>
   </div>
   <div class='ocr_carea' id='block_1_71' title="bbox 1722 2546 3296 2621">
    <p class='ocr_par' dir='ltr' id='par_1_71' title="bbox 1722 2546 3296 2621">
     <span class='ocr_line' id='line_1_71' title="bbox 1722 2546 3296 2621; baseline 0.003 -19"><span class='ocrx_word' id='word_1_540' title='bbox 1722 2548 1806 2603; x_wconf 91' lang='lat' dir='ltr'><strong>nis</strong></span> <span class='ocrx_word' id='word_1_541' title='bbox 1830 2546 2016 2602; x_wconf 89' lang='lat' dir='ltr'><strong>modos</strong></span> <span class='ocrx_word' id='word_1_542' title='bbox 2046 2566 2061 2601; x_wconf 91' lang='lat'><strong>:</strong></span> <span class='ocrx_word' id='word_1_543' title='bbox 2091 2562 2410 2619; x_wconf 90' lang='lat' dir='ltr'><strong>rursumque</strong></span> <span class='ocrx_word' id='word_1_544' title='bbox 2430 2548 2669 2619; x_wconf 84' lang='lat' dir='ltr'><strong>Elysium</strong></span> <span class='ocrx_word' id='word_1_545' title='bbox 2687 2564 2956 2621; x_wconf 88' lang='lat' dir='ltr'><strong>campum,</strong></span> <span class='ocrx_word' id='word_1_546' title='bbox 2980 2558 3036 2605; x_wconf 88' lang='lat' dir='ltr'><strong>et</strong></span> <span class='ocrx_word' id='word_1_547' title='bbox 3057 2550 3296 2607; x_wconf 60' lang='lat' dir='ltr'><strong>fortuna.</strong></span> 
     </span>
    </p>
   </div>
   <div class='ocr_carea' id='block_1_72' title="bbox 1723 2636 3305 2709">
    <p class='ocr_par' dir='ltr' id='par_1_72' title="bbox 1723 2636 3305 2709">
     <span class='ocr_line' id='line_1_72' title="bbox 1723 2636 3305 2709; baseline 0.003 -18"><span class='ocrx_word' id='word_1_548' title='bbox 1723 2647 1896 2692; x_wconf 89' lang='lat' dir='ltr'><strong>torum</strong></span> <span class='ocrx_word' id='word_1_549' title='bbox 1942 2637 2163 2704; x_wconf 88' lang='lat' dir='ltr'><strong>insulas,</strong></span> <span class='ocrx_word' id='word_1_550' title='bbox 2215 2647 2364 2709; x_wconf 90' lang='lat' dir='ltr'><strong>prata</strong></span> <span class='ocrx_word' id='word_1_551' title='bbox 2407 2636 2615 2705; x_wconf 81' lang='lat' dir='ltr'><strong>ﬂorida,</strong></span> <span class='ocrx_word' id='word_1_552' title='bbox 2672 2638 3009 2709; x_wconf 77' lang='lat' dir='ltr'><strong>fragrantiam</strong></span> <span class='ocrx_word' id='word_1_553' title='bbox 3051 2641 3305 2705; x_wconf 64' lang='lat' dir='ltr'><strong>multam,</strong></span> 
     </span>
    </p>
   </div>
   <div class='ocr_carea' id='block_1_73' title="bbox 1722 2727 3303 2807">
    <p class='ocr_par' dir='ltr' id='par_1_73' title="bbox 1722 2727 3303 2807">
     <span class='ocr_line' id='line_1_73' title="bbox 1722 2727 3303 2807; baseline 0.005 -25"><span class='ocrx_word' id='word_1_554' title='bbox 1722 2742 1907 2782; x_wconf 89' lang='lat' dir='ltr'><strong>auram</strong></span> <span class='ocrx_word' id='word_1_555' title='bbox 1931 2737 2142 2807; x_wconf 83' lang='lat' dir='ltr'><strong>tenuem</strong></span> <span class='ocrx_word' id='word_1_556' title='bbox 2169 2738 2223 2783; x_wconf 93' lang='lat' dir='ltr'><strong>et</strong></span> <span class='ocrx_word' id='word_1_557' title='bbox 2248 2727 2443 2784; x_wconf 90' lang='lat' dir='ltr'><strong>choros</strong></span> <span class='ocrx_word' id='word_1_558' title='bbox 2463 2729 2571 2784; x_wconf 90' lang='lat' dir='ltr'><strong>illic</strong></span> <span class='ocrx_word' id='word_1_559' title='bbox 2598 2738 2892 2798; x_wconf 85' lang='lat' dir='ltr'><strong>versantes,</strong></span> <span class='ocrx_word' id='word_1_560' title='bbox 2935 2731 3060 2787; x_wconf 89' lang='lat' dir='ltr'><strong>albo</strong></span> <span class='ocrx_word' id='word_1_561' title='bbox 3081 2732 3303 2791; x_wconf 79' lang='lat' dir='ltr'><strong>indutos</strong></span> 
     </span>
    </p>
   </div>
   <div class='ocr_carea' id='block_1_74' title="bbox 1721 2819 3288 2890">
    <p class='ocr_par' dir='ltr' id='par_1_74' title="bbox 1721 2819 3288 2890">
     <span class='ocr_line' id='line_1_74' title="bbox 1721 2819 3288 2890; baseline 0.001 -14"><span class='ocrx_word' id='word_1_562' title='bbox 1721 2820 1939 2886; x_wconf 78' lang='lat' dir='ltr'><strong>amictu,</strong></span> <span class='ocrx_word' id='word_1_563' title='bbox 1988 2820 2241 2890; x_wconf 89' lang='lat' dir='ltr'><strong>quasdam</strong></span> <span class='ocrx_word' id='word_1_564' title='bbox 2270 2819 2605 2876; x_wconf 88' lang='lat' dir='ltr'><strong>modulantes</strong></span> <span class='ocrx_word' id='word_1_565' title='bbox 2628 2822 2948 2890; x_wconf 87' lang='lat' dir='ltr'><strong>cantilenas,</strong></span> <span class='ocrx_word' id='word_1_566' title='bbox 2993 2823 3048 2880; x_wconf 91' lang='lat' dir='ltr'><strong>in</strong></span> <span class='ocrx_word' id='word_1_567' title='bbox 3084 2839 3288 2880; x_wconf 85' lang='lat' dir='ltr'><strong>summa</strong></span> 
     </span>
    </p>
   </div>
   <div class='ocr_carea' id='block_1_75' title="bbox 1720 2912 3297 2984">
    <p class='ocr_par' dir='ltr' id='par_1_75' title="bbox 1720 2912 3297 2984">
     <span class='ocr_line' id='line_1_75' title="bbox 1720 2912 3297 2984; baseline 0 -15"><span class='ocrx_word' id='word_1_568' title='bbox 1720 2912 1880 2969; x_wconf 87' lang='lat' dir='ltr'><strong>bonis</strong></span> <span class='ocrx_word' id='word_1_569' title='bbox 1906 2922 1963 2969; x_wconf 91' lang='lat' dir='ltr'><strong>et</strong></span> <span class='ocrx_word' id='word_1_570' title='bbox 1986 2913 2140 2970; x_wconf 87' lang='lat' dir='ltr'><strong>malis</strong></span> <span class='ocrx_word' id='word_1_571' title='bbox 2165 2922 2284 2984; x_wconf 86' lang='lat' dir='ltr'><strong>post</strong></span> <span class='ocrx_word' id='word_1_572' title='bbox 2319 2912 2523 2969; x_wconf 77' lang='lat' dir='ltr'><strong>exitum</strong></span> <span class='ocrx_word' id='word_1_573' title='bbox 2548 2928 2614 2969; x_wconf 80' lang='lat' dir='ltr'><strong>ex</strong></span> <span class='ocrx_word' id='word_1_574' title='bbox 2646 2914 2744 2968; x_wconf 90' lang='lat' dir='ltr'><strong>hac</strong></span> <span class='ocrx_word' id='word_1_575' title='bbox 2770 2914 2876 2968; x_wconf 89' lang='lat' dir='ltr'><strong>vita</strong></span> <span class='ocrx_word' id='word_1_576' title='bbox 2906 2923 3144 2983; x_wconf 85' lang='lat' dir='ltr'><strong>paratam</strong></span> <span class='ocrx_word' id='word_1_577' title='bbox 3180 2930 3297 2971; x_wconf 84' lang='lat' dir='ltr'><strong>sor-</strong></span> 
     </span>
    </p>
   </div>
   <div class='ocr_carea' id='block_1_76' title="bbox 1722 3003 3295 3077">
    <p class='ocr_par' dir='ltr' id='par_1_76' title="bbox 1722 3003 3295 3077">
     <span class='ocr_line' id='line_1_76' title="bbox 1722 3003 3295 3077; baseline 0.001 -18"><span class='ocrx_word' id='word_1_578' title='bbox 1722 3012 1829 3059; x_wconf 92' lang='lat' dir='ltr'><strong>tem</strong></span> <span class='ocrx_word' id='word_1_579' title='bbox 1854 3006 2219 3076; x_wconf 89' lang='lat' dir='ltr'><strong>promeritam.</strong></span> <span class='ocrx_word' id='word_1_580' title='bbox 2249 3003 2329 3059; x_wconf 84' lang='lat' dir='ltr'><strong>Ne</strong></span> <span class='ocrx_word' id='word_1_581' title='bbox 2348 3004 2526 3074; x_wconf 89' lang='lat' dir='ltr'><strong>itaque</strong></span> <span class='ocrx_word' id='word_1_582' title='bbox 2542 3004 2800 3077; x_wconf 73' lang='lat' dir='ltr'><strong>gehennte</strong></span> <span class='ocrx_word' id='word_1_583' title='bbox 2833 3004 2987 3061; x_wconf 85' lang='lat' dir='ltr'><strong>fidem</strong></span> <span class='ocrx_word' id='word_1_584' title='bbox 3019 3021 3295 3077; x_wconf 82' lang='lat' dir='ltr'><strong>negemus,</strong></span> 
     </span>
    </p>
   </div>
   <div class='ocr_carea' id='block_1_77' title="bbox 1723 3096 3296 3170">
    <p class='ocr_par' dir='ltr' id='par_1_77' title="bbox 1723 3096 3296 3170">
     <span class='ocr_line' id='line_1_77' title="bbox 1723 3096 3296 3170; baseline 0.001 -17"><span class='ocrx_word' id='word_1_585' title='bbox 1723 3113 1792 3154; x_wconf 91' lang='lat' dir='ltr'><strong>ne</strong></span> <span class='ocrx_word' id='word_1_586' title='bbox 1819 3097 1873 3154; x_wconf 87' lang='lat' dir='ltr'><strong>in</strong></span> <span class='ocrx_word' id='word_1_587' title='bbox 1901 3097 2044 3153; x_wconf 92' lang='lat' dir='ltr'><strong>illam</strong></span> <span class='ocrx_word' id='word_1_588' title='bbox 2085 3096 2379 3152; x_wconf 89' lang='lat' dir='ltr'><strong>incidamus</strong></span> <span class='ocrx_word' id='word_1_589' title='bbox 2400 3113 2418 3153; x_wconf 70' lang='grc' dir='ltr'><strong>ς</strong></span> <span class='ocrx_word' id='word_1_590' title='bbox 2442 3112 2564 3151; x_wconf 88' lang='lat' dir='ltr'><strong>nam</strong></span> <span class='ocrx_word' id='word_1_591' title='bbox 2590 3098 2678 3168; x_wconf 89' lang='lat' dir='ltr'><strong>qui</strong></span> <span class='ocrx_word' id='word_1_592' title='bbox 2709 3113 2814 3151; x_wconf 89' lang='lat' dir='ltr'><strong>non</strong></span> <span class='ocrx_word' id='word_1_593' title='bbox 2838 3098 3038 3164; x_wconf 89' lang='lat' dir='ltr'><strong>credit,</strong></span> <span class='ocrx_word' id='word_1_594' title='bbox 3083 3100 3296 3170; x_wconf 88' lang='lat' dir='ltr'><strong>segnior</strong></span> 
     </span>
    </p>
   </div>
   <div class='ocr_carea' id='block_1_78' title="bbox 1722 3186 3290 3260">
    <p class='ocr_par' dir='ltr' id='par_1_78' title="bbox 1722 3186 3290 3260">
     <span class='ocr_line' id='line_1_78' title="bbox 1722 3186 3290 3260; baseline -0.001 -15"><span class='ocrx_word' id='word_1_595' title='bbox 1722 3189 1997 3255; x_wconf 83' lang='lat' dir='ltr'><strong>efficitur;</strong></span> <span class='ocrx_word' id='word_1_596' title='bbox 2031 3189 2120 3260; x_wconf 91' lang='lat' dir='ltr'><strong>qui</strong></span> <span class='ocrx_word' id='word_1_597' title='bbox 2148 3188 2325 3257; x_wconf 88' lang='lat' dir='ltr'><strong>segnis</strong></span> <span class='ocrx_word' id='word_1_598' title='bbox 2345 3194 2447 3251; x_wconf 88' lang='lat' dir='ltr'><strong>est,</strong></span> <span class='ocrx_word' id='word_1_599' title='bbox 2478 3188 2531 3242; x_wconf 92' lang='lat' dir='ltr'><strong>in</strong></span> <span class='ocrx_word' id='word_1_600' title='bbox 2558 3186 2699 3241; x_wconf 87' lang='lat' dir='ltr'><strong>illam</strong></span> <span class='ocrx_word' id='word_1_601' title='bbox 2743 3188 2926 3259; x_wconf 92' lang='lat' dir='ltr'><strong>procul</strong></span> <span class='ocrx_word' id='word_1_602' title='bbox 2965 3187 3127 3243; x_wconf 88' lang='lat' dir='ltr'><strong>dubio</strong></span> <span class='ocrx_word' id='word_1_603' title='bbox 3154 3188 3290 3244; x_wconf 91' lang='lat' dir='ltr'><strong>ibit:</strong></span> 
     </span>
    </p>
   </div>
   <div class='ocr_carea' id='block_1_79' title="bbox 1726 3276 3293 3349">
    <p class='ocr_par' dir='ltr' id='par_1_79' title="bbox 1726 3276 3293 3349">
     <span class='ocr_line' id='line_1_79' title="bbox 1726 3276 3293 3349; baseline -0.001 -15"><span class='ocrx_word' id='word_1_604' title='bbox 1726 3284 1832 3335; x_wconf 91' lang='lat' dir='ltr'><strong>imo</strong></span> <span class='ocrx_word' id='word_1_605' title='bbox 1857 3280 2138 3335; x_wconf 91' lang='lat' dir='ltr'><strong>credamus</strong></span> <span class='ocrx_word' id='word_1_606' title='bbox 2169 3278 2284 3333; x_wconf 82' lang='lat' dir='ltr'><strong>sine</strong></span> <span class='ocrx_word' id='word_1_607' title='bbox 2313 3276 2645 3332; x_wconf 87' lang='lat' dir='ltr'><strong>dubitatione</strong></span> <span class='ocrx_word' id='word_1_608' title='bbox 2670 3318 2687 3344; x_wconf 95' lang='lat'><strong>,</strong></span> <span class='ocrx_word' id='word_1_609' title='bbox 2730 3276 2901 3347; x_wconf 89' lang='lat' dir='ltr'><strong>deque</strong></span> <span class='ocrx_word' id='word_1_610' title='bbox 2933 3278 3019 3331; x_wconf 91' lang='lat' dir='ltr'><strong>illa</strong></span> <span class='ocrx_word' id='word_1_611' title='bbox 3050 3276 3293 3349; x_wconf 89' lang='lat' dir='ltr'><strong>frequen-</strong></span> 
     </span>
    </p>
   </div>
   <div class='ocr_carea' id='block_1_80' title="bbox 1723 3367 3293 3439">
    <p class='ocr_par' dir='ltr' id='par_1_80' title="bbox 1723 3367 3293 3439">
     <span class='ocr_line' id='line_1_80' title="bbox 1723 3367 3293 3439; baseline -0.002 -13"><span class='ocrx_word' id='word_1_612' title='bbox 1723 3380 1809 3428; x_wconf 89' lang='lat' dir='ltr'><strong>ter</strong></span> <span class='ocrx_word' id='word_1_613' title='bbox 1832 3370 2216 3439; x_wconf 83' lang='lat' dir='ltr'><strong>colloquamur,</strong></span> <span class='ocrx_word' id='word_1_614' title='bbox 2262 3376 2318 3423; x_wconf 90' lang='lat' dir='ltr'><strong>et</strong></span> <span class='ocrx_word' id='word_1_615' title='bbox 2360 3384 2466 3423; x_wconf 92' lang='lat' dir='ltr'><strong>non</strong></span> <span class='ocrx_word' id='word_1_616' title='bbox 2499 3367 2653 3422; x_wconf 88' lang='lat' dir='ltr'><strong>facile</strong></span> <span class='ocrx_word' id='word_1_617' title='bbox 2704 3367 3058 3438; x_wconf 83' lang='lat' dir='ltr'><strong>peccabimus.</strong></span> <span class='ocrx_word' id='word_1_618' title='bbox 3103 3368 3293 3439; x_wconf 88' lang='lat' dir='ltr'><strong>llujus-</strong></span> 
     </span>
    </p>
   </div>
   <div class='ocr_carea' id='block_1_81' title="bbox 1724 3457 3294 3532">
    <p class='ocr_par' dir='ltr' id='par_1_81' title="bbox 1724 3457 3294 3532">
     <span class='ocr_line' id='line_1_81' title="bbox 1724 3457 3294 3532; baseline -0.003 -15"><span class='ocrx_word' id='word_1_619' title='bbox 1724 3463 1866 3518; x_wconf 91' lang='lat' dir='ltr'><strong>modi</strong></span> <span class='ocrx_word' id='word_1_620' title='bbox 1893 3479 2119 3532; x_wconf 80' lang='lat' dir='ltr'><strong>namque</strong></span> <span class='ocrx_word' id='word_1_621' title='bbox 2139 3475 2443 3517; x_wconf 87' lang='lat' dir='ltr'><strong>sermonum</strong></span> <span class='ocrx_word' id='word_1_622' title='bbox 2473 3457 2929 3523; x_wconf 88' lang='lat' dir='ltr'><strong>commemoratio,</strong></span> <span class='ocrx_word' id='word_1_623' title='bbox 2966 3459 3114 3528; x_wconf 86' lang='lat' dir='ltr'><strong>quasi</strong></span> <span class='ocrx_word' id='word_1_624' title='bbox 3143 3475 3294 3515; x_wconf 87' lang='lat' dir='ltr'><strong>accr-</strong></span> 
     </span>
    </p>
   </div>
   <div class='ocr_carea' id='block_1_82' title="bbox 1724 3550 3293 3625">
    <p class='ocr_par' dir='ltr' id='par_1_82' title="bbox 1724 3550 3293 3625">
     <span class='ocr_line' id='line_1_82' title="bbox 1724 3550 3293 3625; baseline -0.004 -15"><span class='ocrx_word' id='word_1_625' title='bbox 1724 3556 1848 3610; x_wconf 81' lang='lat' dir='ltr'><strong>butn</strong></span> <span class='ocrx_word' id='word_1_626' title='bbox 1877 3553 2140 3625; x_wconf 82' lang='lat' dir='ltr'><strong>quoddam</strong></span> <span class='ocrx_word' id='word_1_627' title='bbox 2166 3551 2481 3617; x_wconf 85' lang='lat' dir='ltr'><strong>remedium,</strong></span> <span class='ocrx_word' id='word_1_628' title='bbox 2510 3550 2802 3621; x_wconf 89' lang='lat' dir='ltr'><strong>nequitiam</strong></span> <span class='ocrx_word' id='word_1_629' title='bbox 2832 3563 3047 3604; x_wconf 86' lang='lat' dir='ltr'><strong>onmem</strong></span> <span class='ocrx_word' id='word_1_630' title='bbox 3083 3551 3293 3605; x_wconf 89' lang='lat' dir='ltr'><strong>abster-</strong></span> 
     </span>
    </p>
   </div>
   <div class='ocr_carea' id='block_1_83' title="bbox 1722 3640 3303 3719">
    <p class='ocr_par' dir='ltr' id='par_1_83' title="bbox 1722 3640 3303 3719">
     <span class='ocr_line' id='line_1_83' title="bbox 1722 3640 3303 3719; baseline -0.006 -16"><span class='ocrx_word' id='word_1_631' title='bbox 1722 3664 1848 3719; x_wconf 89' lang='lat' dir='ltr'><strong>gere</strong></span> <span class='ocrx_word' id='word_1_632' title='bbox 1874 3646 2087 3717; x_wconf 87' lang='lat' dir='ltr'><strong>poterit,</strong></span> <span class='ocrx_word' id='word_1_633' title='bbox 2118 3646 2163 3700; x_wconf 91' lang='lat' dir='ltr'><strong>si</strong></span> <span class='ocrx_word' id='word_1_634' title='bbox 2192 3640 2387 3705; x_wconf 85' lang='lat' dir='ltr'><strong>nostris</strong></span> <span class='ocrx_word' id='word_1_635' title='bbox 2411 3652 2673 3715; x_wconf 85' lang='lat' dir='ltr'><strong>perpetuo</strong></span> <span class='ocrx_word' id='word_1_636' title='bbox 2697 3640 2893 3696; x_wconf 89' lang='lat' dir='ltr'><strong>animis</strong></span> <span class='ocrx_word' id='word_1_637' title='bbox 2912 3640 3159 3696; x_wconf 89' lang='lat' dir='ltr'><strong>insideat.</strong></span> <span class='ocrx_word' id='word_1_638' title='bbox 3184 3640 3303 3701; x_wconf 75' lang='lat' dir='ltr'><strong>lloe</strong></span> 
     </span>
    </p>
   </div>
   <div class='ocr_carea' id='block_1_84' title="bbox 1725 3733 3303 3810">
    <p class='ocr_par' dir='ltr' id='par_1_84' title="bbox 1725 3733 3303 3810">
     <span class='ocr_line' id='line_1_84' title="bbox 1725 3733 3303 3810; baseline -0.003 -16"><span class='ocrx_word' id='word_1_639' title='bbox 1725 3741 1903 3810; x_wconf 76' lang='lat' dir='ltr'><strong>itaque</strong></span> <span class='ocrx_word' id='word_1_640' title='bbox 1945 3736 2183 3794; x_wconf 88' lang='lat' dir='ltr'><strong>remedio</strong></span> <span class='ocrx_word' id='word_1_641' title='bbox 2214 3746 2443 3802; x_wconf 90' lang='lat' dir='ltr'><strong>utamur,</strong></span> <span class='ocrx_word' id='word_1_642' title='bbox 2500 3743 2557 3789; x_wconf 91' lang='lat' dir='ltr'><strong>ut</strong></span> <span class='ocrx_word' id='word_1_643' title='bbox 2600 3733 2765 3805; x_wconf 82' lang='lat' dir='ltr'><strong>probe</strong></span> <span class='ocrx_word' id='word_1_644' title='bbox 2804 3734 3112 3804; x_wconf 79' lang='lat' dir='ltr'><strong>expurgati,</strong></span> <span class='ocrx_word' id='word_1_645' title='bbox 3154 3734 3303 3805; x_wconf 85' lang='lat' dir='ltr'><strong>digni</strong></span> 
     </span>
    </p>
   </div>
   <div class='ocr_carea' id='block_1_85' title="bbox 1724 3825 3298 3900">
    <p class='ocr_par' dir='ltr' id='par_1_85' title="bbox 1724 3825 3298 3900">
     <span class='ocr_line' id='line_1_85' title="bbox 1724 3825 3298 3900; baseline -0.004 -14"><span class='ocrx_word' id='word_1_646' title='bbox 1724 3832 1894 3887; x_wconf 89' lang='lat' dir='ltr'><strong>simus</strong></span> <span class='ocrx_word' id='word_1_647' title='bbox 1911 3830 2001 3900; x_wconf 90' lang='lat' dir='ltr'><strong>qui</strong></span> <span class='ocrx_word' id='word_1_648' title='bbox 2046 3830 2213 3884; x_wconf 88' lang='lat' dir='ltr'><strong>Deum</strong></span> <span class='ocrx_word' id='word_1_649' title='bbox 2242 3828 2517 3883; x_wconf 86' lang='lat' dir='ltr'><strong>videamus</strong></span> <span class='ocrx_word' id='word_1_650' title='bbox 2537 3866 2555 3891; x_wconf 97' lang='lat'><strong>,</strong></span> <span class='ocrx_word' id='word_1_651' title='bbox 2583 3834 2643 3881; x_wconf 90' lang='lat' dir='ltr'><strong>ut</strong></span> <span class='ocrx_word' id='word_1_652' title='bbox 2682 3825 2751 3880; x_wconf 91' lang='lat' dir='ltr'><strong>ab</strong></span> <span class='ocrx_word' id='word_1_653' title='bbox 2798 3825 3103 3881; x_wconf 86' lang='lat' dir='ltr'><strong>hominibus</strong></span> <span class='ocrx_word' id='word_1_654' title='bbox 3130 3825 3298 3880; x_wconf 87' lang='lat' dir='ltr'><strong>videri</strong></span> 
     </span>
    </p>
   </div>
   <div class='ocr_carea' id='block_1_86' title="bbox 1724 3915 3300 3992">
    <p class='ocr_par' dir='ltr' id='par_1_86' title="bbox 1724 3915 3300 3992">
     <span class='ocr_line' id='line_1_86' title="bbox 1724 3915 3300 3992; baseline -0.004 -16"><span class='ocrx_word' id='word_1_655' title='bbox 1724 3930 1919 3992; x_wconf 91' lang='lat' dir='ltr'><strong>potest,</strong></span> <span class='ocrx_word' id='word_1_656' title='bbox 1945 3928 2004 3976; x_wconf 90' lang='lat' dir='ltr'><strong>et</strong></span> <span class='ocrx_word' id='word_1_657' title='bbox 2023 3918 2216 3975; x_wconf 85' lang='lat' dir='ltr'><strong>futuris</strong></span> <span class='ocrx_word' id='word_1_658' title='bbox 2238 3918 2477 3974; x_wconf 88' lang='lat' dir='ltr'><strong>fruamur</strong></span> <span class='ocrx_word' id='word_1_659' title='bbox 2508 3915 2683 3982; x_wconf 88' lang='lat' dir='ltr'><strong>bonis,</strong></span> <span class='ocrx_word' id='word_1_660' title='bbox 2700 3916 2868 3987; x_wconf 89' lang='lat' dir='ltr'><strong>gratia</strong></span> <span class='ocrx_word' id='word_1_661' title='bbox 2897 3924 2952 3971; x_wconf 91' lang='lat' dir='ltr'><strong>et</strong></span> <span class='ocrx_word' id='word_1_662' title='bbox 2974 3915 3300 3985; x_wconf 83' lang='lat' dir='ltr'><strong>benignitate</strong></span> 
     </span>
    </p>
   </div>
   <div class='ocr_carea' id='block_1_87' title="bbox 1725 4004 3290 4078">
    <p class='ocr_par' dir='ltr' id='par_1_87' title="bbox 1725 4004 3290 4078">
     <span class='ocr_line' id='line_1_87' title="bbox 1725 4004 3290 4078; baseline -0.004 -10"><span class='ocrx_word' id='word_1_663' title='bbox 1725 4011 1935 4068; x_wconf 89' lang='lat' dir='ltr'><strong>Domini</strong></span> <span class='ocrx_word' id='word_1_664' title='bbox 1963 4010 2130 4066; x_wconf 87' lang='lat' dir='ltr'><strong>nostri</strong></span> <span class='ocrx_word' id='word_1_665' title='bbox 2158 4010 2286 4066; x_wconf 87' lang='lat' dir='ltr'><strong>Jesu</strong></span> <span class='ocrx_word' id='word_1_666' title='bbox 2314 4005 2530 4063; x_wconf 89' lang='lat' dir='ltr'><strong>Christi.</strong></span> <span class='ocrx_word' id='word_1_667' title='bbox 2556 4004 2662 4078; x_wconf 85' lang='lat' dir='ltr'><strong>Ipsi</strong></span> <span class='ocrx_word' id='word_1_668' title='bbox 2685 4005 2855 4078; x_wconf 85' lang='lat' dir='ltr'><strong>gloria</strong></span> <span class='ocrx_word' id='word_1_669' title='bbox 2882 4005 2937 4060; x_wconf 93' lang='lat' dir='ltr'><strong>in</strong></span> <span class='ocrx_word' id='word_1_670' title='bbox 2966 4007 3159 4061; x_wconf 71' lang='lat' dir='ltr'><strong>smcula</strong></span> <span class='ocrx_word' id='word_1_671' title='bbox 3187 4021 3290 4061; x_wconf 83' lang='lat' dir='ltr'><strong>sa:-</strong></span> 
     </span>
    </p>
   </div>
   <div class='ocr_carea' id='block_1_88' title="bbox 1722 4102 2207 4161">
    <p class='ocr_par' dir='ltr' id='par_1_88' title="bbox 1722 4102 2207 4161">
     <span class='ocr_line' id='line_1_88' title="bbox 1722 4102 2207 4161; baseline -0.016 0"><span class='ocrx_word' id='word_1_672' title='bbox 1722 4102 1987 4161; x_wconf 87' lang='lat' dir='ltr'><strong>culorum.</strong></span> <span class='ocrx_word' id='word_1_673' title='bbox 2015 4102 2207 4157; x_wconf 89' lang='lat' dir='ltr'><strong>Amen.</strong></span> 
     </span>
    </p>
   </div>
   <div class='ocr_carea' id='block_1_89' title="bbox 50 4495 3310 4575">
    <p class='ocr_par' dir='ltr' id='par_1_89' title="bbox 50 4495 3310 4575">
     <span class='ocr_line' id='line_1_89' title="bbox 50 4495 3310 4575; baseline -0.003 -66"><span class='ocrx_word' id='word_1_674' title='bbox 50 4502 3281 4575; x_wconf 40' lang='lat' dir='ltr'><strong>ww</strong></span> <span class='ocrx_word' id='word_1_675' title='bbox 3307 4495 3310 4498; x_wconf 75' lang='lat'><em>.</em></span> 
     </span>
    </p>
   </div>
   <div class='ocr_carea' id='block_1_90' title="bbox 682 4830 2657 4921">
    <p class='ocr_par' dir='ltr' id='par_1_90' title="bbox 682 4830 2657 4921">
     <span class='ocr_line' id='line_1_90' title="bbox 682 4830 2657 4921; baseline -0.016 0"><span class='ocrx_word' id='word_1_676' title='bbox 682 4859 790 4921; x_wconf 84' lang='lat' dir='ltr'><strong>AD</strong></span> <span class='ocrx_word' id='word_1_677' title='bbox 837 4851 1250 4918; x_wconf 83' lang='lat' dir='ltr'><strong>HOMILIAM</strong></span> <span class='ocrx_word' id='word_1_678' title='bbox 1292 4848 1373 4910; x_wconf 83' lang='grc' dir='ltr'><strong>ΙΝ</strong></span> <span class='ocrx_word' id='word_1_679' title='bbox 1426 4841 1721 4911; x_wconf 79' lang='lat' dir='ltr'><strong>JOSEPH</strong></span> <span class='ocrx_word' id='word_1_680' title='bbox 1774 4839 1878 4901; x_wconf 88' lang='lat' dir='ltr'><strong>ET</strong></span> <span class='ocrx_word' id='word_1_681' title='bbox 1939 4836 2045 4897; x_wconf 90' lang='lat' dir='ltr'><strong>DE</strong></span> <span class='ocrx_word' id='word_1_682' title='bbox 2094 4830 2657 4893; x_wconf 80' lang='lat' dir='ltr'><strong>CONTINENTIA.</strong></span> 
     </span>
    </p>
   </div>
   <div class='ocr_carea' id='block_1_91' title="bbox 52 5072 3273 5180">
    <p class='ocr_par' dir='ltr' id='par_1_91' title="bbox 52 5072 3273 5180">
     <span class='ocr_line' id='line_1_91' title="bbox 52 5072 3273 5180; baseline -0.017 -2"><span class='ocrx_word' id='word_1_683' title='bbox 52 5119 187 5177; x_wconf 85' lang='lat' dir='ltr'><strong>docti</strong></span> <span class='ocrx_word' id='word_1_684' title='bbox 215 5127 275 5175; x_wconf 85' lang='lat' dir='ltr'><strong>et</strong></span> <span class='ocrx_word' id='word_1_685' title='bbox 296 5110 543 5171; x_wconf 89' lang='lat' dir='ltr'><strong>accurati</strong></span> <span class='ocrx_word' id='word_1_686' title='bbox 576 5107 777 5180; x_wconf 83' lang='lat' dir='ltr'><strong>Josepb</strong></span> <span class='ocrx_word' id='word_1_687' title='bbox 808 5101 1131 5167; x_wconf 86' lang='lat' dir='ltr'><strong>Boevvlesii,</strong></span> <span class='ocrx_word' id='word_1_688' title='bbox 1158 5088 1715 5179; x_wconf 85' lang='lat' dir='ltr'><strong>protobibliothecarii</strong></span> <span class='ocrx_word' id='word_1_689' title='bbox 1740 5084 2015 5143; x_wconf 86' lang='lat' dir='ltr'><strong>Bodleiani</strong></span> <span class='ocrx_word' id='word_1_690' title='bbox 2036 5122 2052 5150; x_wconf 92' lang='lat'><strong>,</strong></span> <span class='ocrx_word' id='word_1_691' title='bbox 2082 5097 2203 5153; x_wconf 82' lang='lat' dir='ltr'><strong>quae</strong></span> <span class='ocrx_word' id='word_1_692' title='bbox 2247 5078 2566 5152; x_wconf 84' lang='lat' dir='ltr'><strong>paucissima</strong></span> <span class='ocrx_word' id='word_1_693' title='bbox 2597 5076 2651 5130; x_wconf 89' lang='lat' dir='ltr'><strong>in</strong></span> <span class='ocrx_word' id='word_1_694' title='bbox 2686 5072 3053 5143; x_wconf 85' lang='lat' dir='ltr'><strong>Manuscripto</strong></span> <span class='ocrx_word' id='word_1_695' title='bbox 3084 5086 3273 5142; x_wconf 84' lang='lat' dir='ltr'><strong>supcr—</strong></span> 
     </span>
    </p>
   </div>
   <div class='ocr_carea' id='block_1_92' title="bbox 51 5211 3283 5325">
    <p class='ocr_par' dir='ltr' id='par_1_92' title="bbox 51 5211 3283 5325">
     <span class='ocr_line' id='line_1_92' title="bbox 51 5211 3283 5325; baseline -0.017 -6"><span class='ocrx_word' id='word_1_696' title='bbox 51 5272 201 5317; x_wconf 84' lang='lat' dir='ltr'><strong>erant</strong></span> <span class='ocrx_word' id='word_1_697' title='bbox 230 5258 473 5317; x_wconf 76' lang='lat' dir='ltr'><strong>exscribi</strong></span> <span class='ocrx_word' id='word_1_698' title='bbox 509 5254 754 5325; x_wconf 86' lang='lat' dir='ltr'><strong>mihique</strong></span> <span class='ocrx_word' id='word_1_699' title='bbox 786 5245 1079 5311; x_wconf 90' lang='lat' dir='ltr'><strong>transmitti</strong></span> <span class='ocrx_word' id='word_1_700' title='bbox 1106 5240 1332 5300; x_wconf 84' lang='lat' dir='ltr'><strong>curavit.</strong></span> <span class='ocrx_word' id='word_1_701' title='bbox 1361 5237 1564 5294; x_wconf 83' lang='lat' dir='ltr'><strong>Caetera</strong></span> <span class='ocrx_word' id='word_1_702' title='bbox 1602 5232 1747 5288; x_wconf 90' lang='lat' dir='ltr'><strong>enim</strong></span> <span class='ocrx_word' id='word_1_703' title='bbox 1786 5228 1983 5286; x_wconf 90' lang='lat' dir='ltr'><strong>avulsis</strong></span> <span class='ocrx_word' id='word_1_704' title='bbox 2027 5225 2168 5282; x_wconf 89' lang='lat' dir='ltr'><strong>foliis</strong></span> <span class='ocrx_word' id='word_1_705' title='bbox 2200 5223 2500 5295; x_wconf 86' lang='lat' dir='ltr'><strong>perierunt,</strong></span> <span class='ocrx_word' id='word_1_706' title='bbox 2534 5227 2595 5274; x_wconf 90' lang='lat' dir='ltr'><strong>ut</strong></span> <span class='ocrx_word' id='word_1_707' title='bbox 2622 5216 2833 5273; x_wconf 92' lang='lat' dir='ltr'><strong>monuit</strong></span> <span class='ocrx_word' id='word_1_708' title='bbox 2866 5215 2983 5284; x_wconf 89' lang='lat' dir='ltr'><strong>ipse</strong></span> <span class='ocrx_word' id='word_1_709' title='bbox 3024 5211 3283 5268; x_wconf 85' lang='lat' dir='ltr'><strong>laudatus</strong></span> 
     </span>
    </p>
   </div>
   <div class='ocr_carea' id='block_1_93' title="bbox 54 5392 546 5453">
    <p class='ocr_par' dir='ltr' id='par_1_93' title="bbox 54 5392 546 5453">
     <span class='ocr_line' id='line_1_93' title="bbox 54 5392 546 5453; baseline -0.016 0"><span class='ocrx_word' id='word_1_710' title='bbox 54 5399 130 5453; x_wconf 78' lang='lat' dir='ltr'><strong>vir</strong></span> <span class='ocrx_word' id='word_1_711' title='bbox 163 5392 546 5452; x_wconf 86' lang='lat' dir='ltr'><strong>Boevvlesius.</strong></span> 
     </span>
    </p>
   </div>
   <div class='ocr_carea' id='block_1_94' title="bbox 120 5504 1837 5607">
    <p class='ocr_par' dir='ltr' id='par_1_94' title="bbox 120 5504 1837 5607">
     <span class='ocr_line' id='line_1_94' title="bbox 120 5504 1837 5607; baseline -0.023 -16"><span class='ocrx_word' id='word_1_712' title='bbox 120 5528 515 5607; x_wconf 80' lang='lat' dir='ltr'><strong>interpretatio</strong></span> <span class='ocrx_word' id='word_1_713' title='bbox 538 5523 749 5590; x_wconf 80' lang='lat' dir='ltr'><strong>Latina,</strong></span> <span class='ocrx_word' id='word_1_714' title='bbox 776 5518 878 5577; x_wconf 89' lang='lat' dir='ltr'><strong>etsi</strong></span> <span class='ocrx_word' id='word_1_715' title='bbox 907 5526 1083 5584; x_wconf 87' lang='lat' dir='ltr'><strong>vetus,</strong></span> <span class='ocrx_word' id='word_1_716' title='bbox 1120 5524 1202 5571; x_wconf 88' lang='lat' dir='ltr'><strong>sat</strong></span> <span class='ocrx_word' id='word_1_717' title='bbox 1226 5513 1363 5569; x_wconf 88' lang='lat' dir='ltr'><strong>bcnc</strong></span> <span class='ocrx_word' id='word_1_718' title='bbox 1390 5504 1711 5563; x_wconf 88' lang='lat' dir='ltr'><strong>concinnata</strong></span> <span class='ocrx_word' id='word_1_719' title='bbox 1735 5507 1837 5554; x_wconf 89' lang='lat' dir='ltr'><strong>est.</strong></span> 
     </span>
    </p>
   </div>
   <div class='ocr_carea' id='block_1_95' title="bbox 1552 5689 1824 5708">
    <p class='ocr_par' dir='ltr' id='par_1_95' title="bbox 1552 5689 1824 5708">
     <span class='ocr_line' id='line_1_95' title="bbox 1552 5689 1824 5708; baseline -0.007 -2"><span class='ocrx_word' id='word_1_720' title='bbox 1552 5689 1824 5708; x_wconf 44' lang='grc' dir='ltr'><strong><em>μ</em></strong></span> 
     </span>
    </p>
   </div>
  </div>
