3720 6274
522 316 629 377 295

524 427 736 484 oculum
768 421 986 487 mentis,
1018 425 1074 474 et
1098 417 1373 473 doloribus
1397 413 1685 478 cruciatur,
1717 409 1885 480 magis
1928 409 2103 462 inten-

526 532 609 573 tus
644 516 714 571 sit
754 521 813 569 ut
855 512 1058 583 aperiat
1086 509 1297 563 oculum
1341 507 1405 561 ad
1436 501 1830 573 suscipiendum
1856 496 2104 554 salutaris

524 608 674 664 verbi
718 605 999 676 collyrium
1023 642 1039 669 ,
1071 615 1176 671 quo
1202 615 1307 653 non
1335 597 1506 651 solum
1539 592 1976 655 consolationem,
2006 590 2101 644 sed

522 702 685 758 etiam
725 697 1021 754 remedium
1070 697 1444 760 consequatur.
1492 688 1707 742 Certum
1750 694 1836 739 est
1882 692 2099 739 autem.

526 793 647 863 quia
672 791 718 845 is
748 790 835 860 qui
866 787 1010 841 dolet
1056 784 1288 847 oculum,
1330 780 1373 834 si
1401 794 1522 833 cum
1550 777 1757 831 medico
1806 772 2102 863 infundenti

525 862 801 954 collyrium
851 876 1059 946 aperire
1102 872 1372 934 noluerit,
1425 868 1699 937 collyrium
1730 864 1944 934 quidem
1974 862 2103 917 foris

526 984 679 1029 extra
708 971 955 1041 pupillam
979 966 1241 1028 funditur,
1283 962 1469 1016 oculus
1508 975 1637 1013 vero
1667 966 1907 1013 remanet
1930 958 1981 1011 in
2003 956 2103 1010 do-

524 1068 644 1120 ‘lore
676 1082 690 1119 :
716 1066 792 1118 sic
819 1070 871 1117 et
897 1072 1045 1114 mens
1073 1057 1321 1121 dolentis,
1357 1054 1401 1107 si
1433 1062 1651 1122 propter
1680 1051 1896 1105 nimiam
1927 1049 2103 1103 tristi»

528 1153 841 1210 tiam'verbo
872 1165 930 1205 se
955 1147 1224 1211 clauserit,
1264 1159 1367 1197 non
1402 1150 1615 1210 recepta
1648 1141 1845 1195 salubri
1868 1138 2104 1193 admoni-

528 1247 691 1307 tione,
720 1226 1078 1310 incipietplus
1116 1236 1317 1299 dolere,
1345 1242 1398 1288 et
1417 1233 1634 1287 forsitan
1662 1231 1766 1300 pati
1799 1228 1925 1284 illud
1964 1228 2104 1297 quod

527 1332 587 1393 in
617 1337 888 1406 Scriptura
913 1331 1223 1387 continetur
1252 1368 1267 1393 ,
1302 1327 1441 1394 Quia
1465 1325 1665 1378 tristitia
1700 1322 1872 1376 mundi
1897 1332 2105 1375 mortem

529 1440 767 1502 operatur
786 1426 883 1499 (‘2.
913 1421 1031 1480 Cor.
1058 1423 1112 1478 7.
1169 1420 1297 1493 10).
1351 1419 1543 1472 Beatus
1572 1416 1768 1471 Paulus
1812 1414 2104 1484 apostolus,

527 1522 767 1578 ‘lideliutn
797 1519 984 1573 doctor
1009 1556 1025 1581 ,
1062 1512 1307 1569 medicus
1344 1508 1618 1571 salutaris,
1646 1508 1779 1561 duas
1805 1520 1924 1560 esse
1976 1504 2109 1558 dixit

527 1612 775 1667 'trlstitias
810 1628 824 1663 :
873 1618 1032 1661 unam
1074 1604 1289 1666 bonam,
1346 1610 1399 1653 ει
1420 1598 1641 1651 alteram
1670 1596 1904 1660 malam;
1945 1608 2105 1647 unam

528 1705 733 1767 utilem,
758 1709 810 1757 et
832 1701 1053 1754 alteram
1082 1696 1351 1758 inutilem;
1387 1703 1546 1745 unam
1577 1706 1693 1760 quze
1723 1690 1912 1756 salvat,
1941 1698 1996 1743 et
2018 1688 2106 1741 ‘al-

538 1804 709 1852 teram
747 1807 865 1863 quae
910 1788 1101 1859 perdit.
1132 1787 1197 1840 Et
1224 1800 1290 1838 ne
1325 1783 1542 1837 dubium
1584 1780 1741 1834 alicui
1778 1779 2019 1833 videatur
2054 1779 2107 1833 id

534 1888 675 1959 quod
704 1886 842 1953 dico,
888 1883 1001 1952 ipsa
1036 1879 1152 1948 ejus
1179 1877 1338 1931 verba
1378 1873 1637 1928 recitabo.
1672 1872 1758 1925 Ait
1787 1872 1953 1937 enim,
1982 1871 2107 1935 Quae

528 1978 805 2048 secuqdum
825 1973 987 2027 Deum
1004 1981 1073 2025 est
1104 1968 1325 2031 tristitia,
1348 1964 1688 2037 pmniteutiam
1714 1964 1765 2016 in
1782 1962 1993 2016 salutem
2012 1973 2109 2016 δια.
2154 1989 2158 1993 ~

529 2071 675 2125 bilem
702 2077 938 2137 aperatur
992 2060 1178 2134 (Ibid)
1227 2059 1382 2113 :hzec
1426 2065 1509 2113 est
1556 2055 1642 2111 illa
1686 2056 1827 2111 bona
1874 2056 2103 2110 tristitia.

530 2161 777 2231 Sequitur
814 2155 1005 2211 deinde
1034 2172 1047 2207 :
1081 2152 1218 2207 Nam
1272 2152 1445 2206 διεσαιὶ
1476 2151 1627 2219 hujus
1655 2149 1857 2203 tristitia
1897 2157 2107 2202 martem

532 2261 767 2319 aperatur
789 2264 808 2301 :
826 2248 941 2300 ha:c
968 2254 1050 2298 est
1073 2244 1155 2295 illa
1184 2242 1339 2295 mala.

607 2343 662 2395 2.
696 2340 885 2404 Luctus
912 2354 980 2388 an
1015 2335 1191 2404 prosit,
1218 2345 1386 2385 necne.
1417 2324 1699 2385 Videamus
1723 2344 1870 2398 ergo,
1894 2326 2101 2393 fratres,

533 2438 634 2491 ista
663 2431 867 2488 tristitia
892 2442 1010 2499 quae
1040 2441 1182 2480 nunc
1204 2432 1288 2479 est
1309 2424 1361 2477 in
1391 2422 1653 2485 inanibus,
1678 2434 1796 2490 qua:
1831 2434 1969 2473 nunc
1992 2419 2107 2488 agi-

533 2535 618 2580 tur
641 2524 695 2578 in
725 2528 955 2592 pectore,
988 2527 1044 2574 et
1087 2516 1295 2571 auditur
1315 2528 1447 2568 voce
1467 2555 1481 2577 ,
1515 2512 1658 2566 utilis
1682 2511 1752 2566 sit
1789 2526 1856 2565 an
1884 2511 2103 2577 inutilis,

534 2616 785 2688 prodesse
812 2613 982 2667 valeat
1001 2626 1067 2663 an
1092 2621 1307 2662 nocere.
1329 2604 1614 2660 Jacetecce
1633 2614 1825 2672 corpus
1842 2602 2100 2667 exanime,

532 2711 673 2780 jacet
700 2709 753 2761 in
791 2703 967 2758 tabula
1004 2700 1167 2754 homo
1214 2698 1331 2753 sine
1373 2695 1588 2750 homine
1618 2735 1631 2758 ,
1667 2694 1902 2748 membra
1930 2693 2109 2763 utique

534 2802 650 2854 sine
689 2798 916 2868 spiritu;
946 2794 1206 2849 clamatur
1230 2832 1244 2857 ,
1292 2804 1392 2845 nec
1422 2788 1743 2857 respondet;
1776 2794 1992 2840 vocatur
2016 2825 2032 2852 ,
2055 2794 2110 2839 et

541 2908 648 2946 non
671 2888 854 2955 audit;
882 2887 1026 2955 jacet
1075 2883 1231 2937 facies
1262 2881 1473 2951 pallida,
1528 2879 1695 2933 forma
1738 2884 1961 2941 mutata,
2014 2886 2110 2945 per

538 3000 694 3054 quam
723 2997 863 3036 mors
890 2980 1003 3050 ipsa
1032 2977 1268 3032 cernitur
1287 2974 1364 3047 (a)
1385 2990 1399 3038 ;
1424 2974 1684 3043 cogitatur
1709 2981 1965 3042 prteterea
1991 2970 2106 3039 ejus

535 3081 851 3145 perpetuum
901 3069 1169 3125 silentium
1197 3108 1212 3131 ,
1244 3067 1507 3136 cogitatur
1533 3064 1834 3128 delectatio,
1866 3071 1958 3117 aut
1990 3076 2108 3132 qnae

538 3165 654 3229 fuit,
683 3172 772 3217 aut
802 3177 922 3229 qum
954 3158 1126 3213 futura
1151 3167 1266 3211 erat
1289 3156 1518 3219 utilitas;
1547 3154 1845 3223 cogitantur
1870 3152 2104 3207 necessio

538 3264 697 3321 tates,
734 3253 957 3308 veniunt
1010 3252 1061 3304 in
1109 3257 1339 3303 mentem
1386 3247 1548 3302 verba
1577 3246 1880 3300 dulcissima
1907 3287 1922 3308 ,
1954 3247 2109 3314 lenga

538 3346 871 3405 consuetudo
910 3342 1217 3413 requiritur.
1282 3340 1405 3394 Hth
1453 3347 1575 3391 sunt
1616 3338 1731 3391 sine
1774 3335 1937 3389 dubio
1992 3348 2110 3404 qua:

537 3447 751 3495 movent
792 3439 1072 3506 lacrymas,
1123 3433 1342 3486 incitant
1370 3429 1659 3495 ululatum,
1693 3438 1745 3481 et
1774 3436 1942 3480 totum
1986 3424 2107 3478 ani-

536 3548 677 3587 mum
709 3531 761 3585 in
776 3528 1104 3598 profundam
1118 3522 1392 3580 tristitiam
1411 3522 1743 3590 demergunt.
1774 3519 1971 3573 Contra
1997 3519 2113 3572 ha'c

537 3636 643 3679 tam
668 3621 870 3688 valida,
902 3630 1005 3674 tam
1042 3614 1200 3671 fortia
1250 3615 1450 3670 doloris
1475 3628 1621 3667 arma
1664 3611 1792 3666 illud
1824 3612 1993 3680 primo
2037 3610 2110 3682 (ll)

540 3717 775 3769 omnium
827 3710 1201 3781 opponendum
1224 3715 1324 3772 est,
1351 3706 1470 3774 quia
1499 3720 1655 3760 omne
1673 3746 1688 3771 ,
1716 3702 1855 3773 quod
1883 3704 2114 3757 nascitur

539 3808 591 3863 in
624 3808 724 3862 hoc
748 3804 965 3870 mundo,
983 3816 1201 3857 necesse
1217 3809 1299 3855 est
1322 3799 1477 3852 mori.
1504 3797 1630 3853 Ha‘c
1646 3797 1881 3851 estenim
1909 3797 1990 3850 lex
2022 3794 2112 3849 Dei

535 3907 589 3953 et
613 3897 870 3953 sententia
896 3892 1256 3959 immutabilis,
1279 3905 1434 3961 quam
1458 3898 1577 3958 post
1598 3888 1843 3943 delictum
1872 3888 2116 3956 princeps

536 3992 748 4065 generis
803 3988 1016 4045 humani
1063 3986 1302 4054 accepit,
1349 3983 1557 4038 dicente
1591 3982 1697 4036 Deo
1731 4022 1744 4045 ,
1773 3979 1931 4033 Terra
1957 3996 2027 4045 es,
2068 3991 2114 4033 et

536 4086 587 4139 in
626 4094 813 4138 terram
838 4082 931 4136 ibis
957 4079 1111 4152 (Gen.
1159 4078 1213 4131 5.
1246 4075 1371 4146 l9).
1410 4074 1542 4142 Quid
1568 4087 1694 4142 ergo
1716 4073 1833 4126 novi
1862 4073 2113 4140 contigit,

536 4176 579 4229 si
608 4178 767 4227 homo
794 4171 859 4226 ad
885 4172 993 4229 hoc
1020 4177 1173 4224 natus
1202 4167 1391 4221 divinae
1422 4165 1522 4235 legi
1553 4179 1616 4219 ac
1646 4163 1921 4219 sententia:
1956 4162 2112 4216 satis-

539 4260 841 4332 fecit‘tquid
872 4258 995 4313 novi
1021 4257 1233 4320 accidit,
1253 4258 1298 4311 si
1317 4274 1379 4312 ex
1406 4255 1712 4309 mortalibus
1743 4264 1894 4307 natus
1916 4261 2117 4307 natura:

542 4354 792 4425 pmpriar,
818 4354 939 4422 quia
970 4366 1069 4406 nec
1099 4359 1307 4421 poterat
1328 4362 1582 4404 excusare
1605 4388 1618 4410 ,
1655 4346 1969 4414 respondit?
1999 4344 2113 4399 Non

543 4455 629 4501 est
656 4444 959 4499 inusitatum
990 4442 1131 4513 quod
1150 4443 1419 4510 antiquum
1450 4448 1562 4502 est,
1595 4446 1792 4491 nonest
1822 4435 2113 4489 inauditum

544 4535 685 4604 quod
718 4533 1093 4603 quotidianum
1112 4542 1217 4597 est,
1253 4544 1356 4584 non
1382 4538 1463 4582 est
1488 4526 1756 4596 proprium
1800 4523 1937 4595 quod
1966 4540 2115 4578 com-

547 4640 708 4682 mune
749 4632 852 4679 est.
904 4622 961 4677 Si
1016 4634 1142 4675 avos
1185 4629 1237 4675 et
1292 4634 1515 4689 proavos
1562 4618 1801 4673 novimus
1840 4633 1935 4685 per
1982 4616 2119 4670 hanc

550 4719 688 4773 viam
711 4716 896 4773 mortis
922 4714 1188 4784 profectos
1218 4753 1233 4778 ,
1269 4712 1312 4766 si
1343 4711 1486 4781 ipsos
1533 4708 1760 4779 denique
1789 4707 2118 4778 patriarchas

541 4820 599 4868 ct
649 4810 931 4880 prophetas
955 4807 1023 4863 ab
1049 4805 1216 4861 Adam
1259 4802 1583 4874 protoplasto
1623 4816 1726 4856 non
1770 4800 1885 4856 sine
1926 4814 2118 4855 occasu

545 4900 842 4957 audivimus
870 4900 1124 4968 migrasse
1144 4896 1211 4950 de
1236 4894 1451 4957 saeculo,
1482 4893 1751 4947 elevemns
1774 4892 2011 4946 animum
2047 4890 2116 4945 de

550 4991 813 5064 profundo
841 4990 1068 5045 tristitia:
1095 5006 1108 5044 :
1140 4989 1260 5059 quia
1283 4985 1421 5055 quod
1464 4984 1711 5051 debebat,
1737 4984 1839 5039 hoc
1864 4983 2111 5039 reddidit.

548 5083 615 5136 Et
641 5082 820 5149 utique
844 5078 1077 5135 debitum
1096 5094 1214 5131 cum
1237 5075 1499 5139 redditur,
1523 5090 1679 5144 quam
1704 5082 1878 5143 potest
1918 5074 2115 5128 habere

547 5170 814 5224 tristitiam
839 5168 863 5222 τ
905 5166 1025 5221 Hoc
1047 5174 1130 5221 est
1165 5179 1288 5219 vere
1312 5163 1545 5217 debitum
1564 5205 1578 5225 ,
1608 5162 1745 5232 quod
1777 5164 1917 5216 nulla
1945 5171 2120 5231 potest

550 5263 771 5334 pecunia
802 5260 1031 5315 redimi:
1072 5258 1174 5312 hoc
1200 5265 1283 5311 est
1306 5255 1541 5310 debitum
1565 5296 1581 5320 ,
1637 5253 1777 5323 quod
1809 5270 1907 5309 nec
1950 5253 2119 5309 virtus

551 5360 786 5420 excusat,
817 5366 920 5406 nec
945 5350 1338 5420 sapicntia,nec
1366 5355 1618 5417 potestas,
1645 5360 1741 5400 nec
1767 5345 1863 5414 ipsi
1893 5345 2120 5417 denique

526 5460 701 5518 reges
752 5449 1009 5513 poterunt
1050 5441 1341 5497 declinare.
1398 5439 1562 5493 Plane
1612 5437 1856 5517 hortarer
1911 5452 2010 5508 ego
2062 5445 2121 5492 ut

606 5561 681 5623 (a)
712 5567 849 5623 Post,
867 5565 1097 5623 cernitur,
1114 5556 1307 5623 quidam
1327 5556 1445 5623 aliti
1464 5553 1660 5623 addunt,
1684 5559 1730 5603 et
1752 5553 2034 5623 horretur."

608 5561 659 5623 (α
712 5567 849 5622 Post,
867 5565 1097 5619 cemitur,
1114 5561 1305 5620 quidam
1327 5561 1445 5604 Editi
1464 5561 1660 5611 addunt,
1684 5561 1730 5603 et
1752 5561 1993 5623 horretur.
2024 5614 2034 5623 .

608 5561 681 5733 ἓξὲξ
709 5622 828 5676 Editi
856 5622 1055 5694 quinm,
1077 5627 1207 5690 post.
1228 5616 1405 5667 doloris
1428 5629 1581 5670 arma,
1623 5615 1803 5674 ferunt,
1828 5612 2121 5677 spiritalibus

666 5698 769 5733 mus
780 5698 977 5733 armari
994 5684 1245 5733 arcendus.
1276 5678 1397 5728 Illud
1421 5690 1549 5733 ergo,
1578 5685 1669 5726 etc.

546 5678 978 5737 debémusarniari
992 5678 1245 5749 pftésidiis.
1276 5678 1397 5728 Illud
1421 5690 1549 5739 ergo,
1578 5685 1669 5726 etc.

3318 207 3371 250 ά

1225 306 1290 363 ’8.
1329 301 1604 361 JOANNIS
1638 287 2085 356 CH'RYSOSTOM

2218 286 2463 345 lCHlEP.
2503 286 3030 346 CONSTANTINGP.
3646 291 3688 351 ις

2202 415 2429 469 augeres
2450 401 2717 459 tristitiam
2748 440 2763 466 ,
2791 400 2837 454 si
2865 399 3055 455 fuisset
3083 399 3200 455 talis
3230 414 3337 462 res,
3367 414 3485 469 qua:
3506 413 3613 455 cum
3636 420 3688 472 pq

2204 502 2288 547 set
2316 501 2413 547 tua
2431 492 2723 547 substantia
2751 491 2962 556 redimi,
2981 491 3066 545 vel
3090 490 3312 557 differri,
3333 491 3633 560 negligentia
3653 510 3688 551 at

2208 582 2464 652 parcitate
2484 581 2836 649 provenisset.
2860 580 2992 634 Cum
3011 596 3140 636 vero
3162 581 3255 634 Dei
3275 580 3547 636 decretum
3565 582 3688 649 ﬁﬂnul

2206 673 2278 726 sit
2326 681 2381 726 et
2433 669 2806 736 immutabile,
2863 668 3059 724 frustra
3112 670 3374 734 dolemus,
3420 678 3478 725 et
3521 670 3581 724 de
3612 675 3688 739 ποι,

2207 764 2494 834 quau-imus
2519 777 2686 833 quare
2712 763 2783 815 sit
2807 772 3071 826 mortuus,
3099 775 3222 816 cum
3263 762 3521 830 scriptum
3545 762 3618 824 sit,
3644 764 3688 825 Di

2208 854 2333 907 mini
2378 853 2471 907 Dei
2496 863 2616 906 sunt
2644 853 2805 906 exitus
2852 854 3028 906 martis
3054 851 3228 921 (Psal.
3251 851 3337 906 67.
3366 852 3428 907 21
3460 852 3499 921 ).
3533 852 3688 928 lstaeq

2208 947 2507 1003 communis
2537 944 2658 997 vita:
2712 943 2947 998 conditio
2976 943 3021 997 si
3062 943 3344 1012 recipiatur
3369 945 3419 997 in
3470 946 3688 1011 animo,it

2208 1037 2368 1106 cipiet
2407 1043 2654 1105 gravatus
2693 1033 2871 1089 cordis
2899 1033 3106 1099 oculus,
3130 1035 3279 1101 quasi
3321 1034 3491 1103 prima
3525 1036 3688 1101 infusiot

2209 1129 2382 1183 releva
2390 1127 2454 1181 ri.
2554 1112 2557 1115 Α

2276 1220 2333 1272 ὅ.
2358 1216 2544 1270 Luctus
2584 1217 2770 1271 nimius
2809 1233 2841 1268 a
2877 1217 3074 1269 ratione
3099 1216 3293 1269 alienus
3315 1217 3561 1286 etiamque
3580 1222 3688 1286 periq

2211 1310 2368 1363 (osus.
2394 1338 2467 1348 —
2490 1307 2595 1363 Sed
2642 1307 2794 1373 dicis,
2823 1308 2934 1363 scio
2974 1322 3308 1361 communem
3350 1324 3473 1363 esse
3513 1308 3633 1363 hunc
3666 1328 3688 1369 α

2203 1414 2360 1463 sum;
2386 1400 2503 1454 scio
2527 1398 2649 1467 quia
2676 1398 2742 1463 is,
2773 1398 2860 1466 qui
2887 1406 3130 1452 mortuus
3156 1406 3237 1452 est
3262 1438 3278 1464 ,
3309 1398 3552 1453 debitum
3585 1401 3688 1455 solvi

2210 1491 2305 1546 sed
2324 1491 2729 1546 delectationem
2751 1494 2945 1561 cogito,
2973 1491 3314 1545 necessitates
3334 1502 3539 1561 repeto,
3558 1509 3688 1547 censu

2213 1583 2445 1636 tudinem
2489 1582 2725 1651 requiro.
2764 1582 2819 1636 Si
2861 1590 3075 1651 pmpter
3125 1581 3238 1635 haec
3277 1582 3491 1636 tristitia
3535 1584 3687 1637 atticen

2211 1687 2396 1729 errore
2432 1673 2642 1727 duceris
2668 1714 2681 1737 ,
2705 1687 2822 1727 non
2852 1674 3059 1728 ratione
3095 1673 3428 1743 gubernaris.
3457 1674 3598 1729 Scire
3634 1677 3688 1739 cui

2210 1762 2397 1827 debes,
2427 1763 2547 1832 quia
2598 1763 2856 1817 Dominus
2882 1804 2897 1828 ,
2931 1766 3019 1833 qui
3065 1764 3206 1819 hanc
3230 1764 3452 1819 dederat
3478 1766 3688 1835 delectati

2212 1870 2355 1920 nem,
2383 1855 2512 1910 dare
2535 1865 2709 1925 potest
2745 1866 2800 1911 et
2823 1858 2979 1911 aliam
3009 1859 3267 1927 potiorem
3292 1900 3306 1924 ,
3338 1868 3392 1914 et
3411 1861 3508 1930 qui
3532 1862 3615 1915 tibi
3639 1862 3687 1919 ha

2212 1946 2386 2000 intulit
2413 1948 2807 2014 necessitatem,
2841 1948 3114 2004 sufficiens
3139 1958 3219 2003 est
3244 1964 3338 2018 per
3362 1952 3527 2006 aliam
3553 1955 3688 2009 occas]

2213 2054 2335 2093 nem
2388 2040 2656 2108 supplere.
2710 2039 2998 2094 Utilitatem
3027 2042 3041 2071 ¹
3077 2052 3201 2095 νει-ο
3226 2083 3241 2107 ,
3272 2043 3406 2096 sicut
3434 2053 3578 2097 tuam
3608 2046 3688 2101 vidi

2211 2129 2374 2185 debes
2389 2139 2443 2185 et
2469 2131 2585 2199 ejus
2610 2131 2699 2200 qui
2743 2131 3025 2185 defunctus
3048 2141 3129 2186 est
3171 2133 3405 2202 cogitare
3440 2152 3455 2188 :
3488 2136 3603 2205 quia
3625 2138 3684 2190 sic

2211 2222 2431 2276 forsitan
2472 2222 2805 2292 espediebat,
2837 2224 2976 2278 sicut
3016 2225 3272 2292 scriptum
3301 2234 3417 2279 est:
3453 2226 3638 2298 Raptus
3669 2244 3688 2285 ε

2212 2326 2273 2365 ne
2294 2313 2488 2365 malitia
2513 2322 2725 2365 mutaret
2781 2313 2892 2379 eius
2930 2313 3252 2368 intellectum.
3285 2314 3494 2370 Placita
3531 2321 3646 2371 enim
3666 2330 3688 2373 tt

2211 2401 2319 2456 Deo
2344 2404 2513 2457 anima
2538 2405 2664 2473 ejus,
2690 2405 2900 2473 ideoque
2943 2408 3227 2475 properavit
3248 2406 3318 2459 de
3342 2409 3512 2461 media
3537 2412 3688 2479 iniquis

2211 2496 2419 2550 educere
2440 2510 2551 2550 eum
2578 2498 2729 2568 (δίῳ.
2758 2500 2812 2552 4.
2843 2499 2927 2551 11.
2959 2498 3069 2569 14).
3099 2501 3172 2555 De
3204 2503 3585 2558 consuetudine
3610 2516 3688 2559 autt

2212 2585 2335 2654 quid
2383 2585 2577 2651 dicam,
2622 2603 2778 2655 quam
2819 2586 2944 2641 dum
2976 2592 3226 2659 tempus'
3251 2592 3329 2645 sic
3353 2593 3483 2647 facit
3528 2596 3688 2648 obiit-is

2215 2683 2272 2729 ut
2329 2690 2616 2744 numquam
2671 2675 2837 2732 fuisse
2883 2679 3165 2733 videatur?
3207 2682 3359 2747 Quod
3408 2698 3542 2754 ergo
3584 2694 3688 2755 terni

2215 2777 2429 2835 prtcstat
2472 2776 2525 2822 et
2578 2769 2713 2834 dies,
2751 2771 2918 2824 multo
2966 2772 3132 2840 magis
3176 2773 3337 2828 debet
3378 2778 3520 2830 ratio
3570 2788 3618 2831 et
3644 2779 3688 2833 bo

2219 2867 2472 2927 prtestare
2500 2861 2771 2929 cogitatio.
2807 2861 2875 2914 Et
2903 2861 2988 2916 vel
3020 2862 3146 2916 illud
3178 2866 3407 2919 maxime
3453 2867 3688 2935 cogitandi

2218 2960 2319 3013 est,
2352 2950 2495 3021 quod
2541 2951 2719 3005 divina
2761 2965 2856 3020 per
2883 2953 3193 3020 Apostolnm
3224 2957 3493 3010 sententia
3522 2958 3688 3013 diﬂlnil

2217 3041 2348 3106 Quia
2375 3042 2576 3095 tristitia
2612 3043 2787 3095 mundi
2832 3052 3041 3096 mortem
3067 3054 3301 3114 aperatur
3328 3046 3400 3115 (2.
3431 3047 3553 3102 Cor.
3582 3049 3627 3100 7.
3655 3048 3688 3101 ll

2215 3132 2367 3200 Quod
2419 3135 2464 3187 si
2514 3144 2617 3186 tam
2662 3132 2960 3199 oblectatio,
2995 3148 3154 3203 quam
3182 3136 3373 3191 utilitas
3400 3153 3688 3207 praesens,s

2215 3224 2541 3279 consuetudo
2564 3264 2578 3287 ,
2608 3238 2696 3279 res
2722 3223 2908 3278 mundi
2948 3234 3073 3280 sunt
3100 3235 3153 3281 et
3174 3228 3360 3296 gaudia
3388 3232 3572 3283 saeculi
3602 3240 3687 3283 trar

2216 3317 2372 3381 toria,
2421 3327 2639 3387 propter
2692 3318 2805 3372 hinc
2854 3318 3090 3373 animum
3142 3321 3395 3389 dejicere,
3449 3332 3507 3377 et
3552 3324 3687 3389 spirit

2216 3410 2536 3476 contristari,
2568 3410 2689 3466 vide
2714 3427 2782 3466 ne
2822 3412 2892 3466 sit
2921 3429 3045 3468 vere
3094 3414 3362 3469 mortifera
3390 3416 3653 3469 valetudo.
3680 3415 3688 3470 l

2218 3508 2406 3569 petens
2432 3511 2608 3556 autem
2645 3503 2835 3557 iterum
2863 3514 3021 3574 atque
3053 3504 3242 3560 iterum
3277 3506 3454 3560 dicam
3488 3525 3502 3562 :
3546 3506 3669 3573 Quia

2216 3593 2351 3645 stitia
2396 3594 2570 3646 mundi
2605 3604 2813 3647 mortem
2868 3608 3104 3667 operatur
3134 3594 3342 3670 (Ibid).
3385 3598 3568 3666 Quare
3613 3607 3688 3653 aut

2218 3691 2441 3736 mortem
2495 3686 2781 3753 operatur?
2834 3686 2964 3753 Quia
3019 3687 3159 3741 solet
3209 3688 3371 3740 nimia
3421 3690 3635 3743 tristitia

2217 3773 2281 3827 ad
2306 3774 2692 3830 dubitationem
2715 3816 2730 3842 ,
2758 3783 2850 3830 aut
2871 3776 2938 3830 ad
2963 3777 3310 3846 perniciosam
3336 3778 3633 3848 perducere
3656 3780 3687 3832 ιι

2220 3867 2508 3936 phemiam.

2288 3960 2341 4012 4.
2374 3957 2561 4013 Luctus
2587 3960 2648 4014 iis
2673 3960 2758 4029 qui
2801 3969 2916 4014 ante
2941 3959 3191 4014 Christum
3221 3961 3405 4015 licitas.
3442 3962 3550 4016 Cur
3572 3962 3688 4015 Cllfit

2218 4048 2407 4117 ﬂeverit
2434 4047 2705 4102 Lazarum.
2733 4046 2931 4119 Lugete
2952 4059 3171 4104 mortuos
3188 4052 3302 4119 jam
3333 4068 3437 4106 non
3468 4052 3687 4107 licet—1

2218 4137 2361 4192 dicet
2386 4138 2575 4208 aliquis
2600 4156 2613 4191 :
2638 4139 2895 4193 Proltihes
2925 4140 3106 4209 lugere
3134 4151 3405 4207 mortuos,
3448 4157 3574 4196 cum
3613 4153 3660 4196 et

2220 4230 2463 4285 triarchte
2506 4230 2696 4300 plorati
2740 4238 2882 4296 sunt,
2930 4240 2984 4286 et
3028 4230 3233 4301 Moyses
3283 4232 3368 4287 ille
3412 4233 3687 4286 famulus!

2219 4329 2275 4375 et
2300 4322 2450 4374 multi
2476 4320 2670 4376 deinde
2697 4321 2987 4390 prophetae,
3004 4324 3296 4392 praesertim
3319 4338 3447 4377 cum
3470 4324 3575 4379 Job
3594 4342 3688 4394 quo

2216 4413 2542 4482 justissimus
2571 4422 2768 4467 vestem
2812 4428 2961 4467 suam
3008 4429 3165 4483 supra
3209 4416 3441 4470 ﬁliorum
3485 4414 3688 4470 conscid

2222 4517 2406 4556 necem
2434 4500 2571 4571 (Job.
2604 4503 2655 4556 l.
2690 4501 2822 4572 20)?
2850 4500 2966 4556 Non
3002 4517 3099 4572 ego
3138 4504 3393 4571 prohibeo
3442 4505 3632 4575 lugere
3658 4521 3687 4559 η

2223 4601 2340 4644 tuos
2361 4631 2375 4655 ,
2402 4591 2507 4646 sed
2533 4592 2765 4661 gentium
2797 4591 3443 4662 illttminatorApostolns,
3475 4592 3571 4665 qui
3600 4597 3672 4650 sic

2222 4679 2361 4734 Nolo
2403 4696 2489 4735 vos
2524 4682 2776 4751 ignorare,
2817 4681 3030 4750 fratres,
3076 4682 3137 4735 de
3172 4682 3577 4750 dormientibus,
3617 4696 3669 4738 ut

2222 4773 2578 4825 contristemini
2596 4813 2611 4835 ,
2640 4773 2768 4825 sicut
2794 4772 2879 4841 qui
2914 4788 3053 4841 spem
3092 4788 3190 4849 non
3217 4773 3396 4826 habent
3425 4776 3508 4845 (1.
3547 4774 3688 4828 Thes:

2223 4860 2333 4934 12).
2363 4862 2476 4916 Νοη
2498 4862 2969 4933 potestEvangclii
2998 4862 3209 4916 claritas
3237 4862 3546 4927 obscurari,
3580 4867 3626 4919 si
3658 4866 3688 4918 ii

2217 4965 2344 5010 ante
2373 4955 2537 5024 legem
2562 4994 2578 5020 ,
2607 4962 2699 5007 aut
2726 4953 2826 5008 sub
2852 4954 2981 5024 legis
3008 4953 3191 5007 umbra
3216 4955 3373 5024 positi
3405 4955 3659 5019 fuerant,
3685 4972 3687 5009 ι

2221 5055 2458 5101 mortuos
2486 5048 2697 5101 flebant.
2728 5045 2795 5099 Et
2822 5045 3012 5098 merito
3045 5045 3275 5105 ﬂebant,
3304 5046 3431 5115 quia
3476 5049 3688 5101 nondun

2222 5138 2366 5192 cznlis
2394 5146 2607 5190 venerat
2629 5134 2892 5200 Christus,
2922 5135 3011 5203 qui
3044 5133 3240 5188 fontem
3270 5134 3416 5187 illum
3454 5136 3687 5204 lacryma

2224 5242 2317 5281 sua
2346 5225 2734 5281 resurrectione
2760 5224 2997 5279 siccavit.
3026 5222 3211 5277 Merito
3234 5223 3461 5292 ﬂebant,
3494 5229 3619 5296 quia
3646 5242 3687 5278 at

2289 5407 2304 5436 ί
2340 5402 2493 5452 Aliam
2535 5401 2808 5469 lectionem
2862 5400 3029 5469 habet,
3061 5400 3235 5469 Editiq_
3255 5398 3486 5469 quaedam
3536 5408 3688 5469 Auges

2224 5478 2424 5526 nempe,
2447 5462 2692 5526 potiorem,
2715 5470 2758 5511 et
2782 5461 3107 5526 necessitatem
3127 5460 3320 5526 sufﬁcit
3342 5460 3448 5509 alia
3471 5460 3688 5526 occasion

2223 5522 2372 5593 plere.
2405 5522 2676 5593 Utilitatem,
2695 5522 2899 5593 egosed
2926 5522 3226 5582 praeferenda
3245 5523 3443 5572 videtur
3470 5522 3633 5572 altera
3677 5522 3688 5569 Ι

2224 5583 2335 5651 'qute
2360 5589 2407 5636 in
2431 5586 2649 5648 margine
2672 5583 2887 5633 atl'ertur.

2292 5672 2313 5701 ι
2344 5676 2482 5718 Forte
2506 5665 2695 5725 melius,
2716 5678 2857 5729 quam
2874 5663 3114 5716 interdum
3138 5671 3339 5727 tempus.
