3720 6274
16 324 113 381 97
475 384 488 395 ι
774 344 779 349 ι
1031 316 1034 319 λ
1174 307 1262 365 nu
1299 301 1816 366 CONSOLATIONE
1855 301 2127 364 nonus.

27 440 197 498 mortis
227 437 500 495 sententia
530 435 895 509 permanebat.
928 430 1114 489 Merito
1143 426 1600 493 lamentabamur,

25 535 127 604 quia
182 531 429 587 nondum
486 528 809 585 resurrectio
852 522 1256 595 praedicabatur.
1308 520 1607 591 Sperabam

24 624 222 695 quidem
252 623 426 677 sancti
452 622 644 691 quique
667 617 950 672 adventum
980 613 1207 679 Domini,
1240 612 1338 667 sed
1364 619 1606 664 mortuos

20 716 219 768 interim
256 712 485 775 ﬂebant,
535 712 656 781 quia
698 708 931 763 nondum
961 706 1207 760 viderant
1231 717 1386 773 quem
1418 717 1601 771 spera-

24 810 152 861 bant.
190 807 440 876 Denique
466 806 679 859 Simeon
713 816 849 855 unus
876 800 942 855 de
970 799 1238 852 veteribus
1265 796 1483 855 sanctis,
1514 793 1602 864 qui

24 902 155 969 prius
187 898 373 953 fuerat
399 898 466 951 de
491 912 583 951 sua
613 903 783 948 morte
808 892 1086 955 sollicitus,
1116 900 1391 959 postquam
1421 887 1601 941 Jesum

23 992 301 1045 Dominum
335 989 510 1044 adhuc
550 1002 770 1056 puerum
800 983 1090 1038 secundum
1123 995 1337 1034 carnem
1370 978 1604 1047 suscepit

26 1084 67 1134 in
94 1082 373 1145 manibus,
403 1081 469 1134 de
497 1094 592 1133 suo
619 1078 760 1132 exitu
790 1076 1085 1145 gratulatur
1110 1072 1309 1137 dicens,
1341 1070 1493 1123 Nunc
1519 1070 1602 1121 di-

22 1173 197 1236 mittis,
234 1170 500 1232 .Domiuc,
548 1183 743 1223 servum
782 1176 921 1219 tuum
959 1166 1013 1218 in
1045 1180 1197 1232 pace,
1230 1163 1348 1231 quia
1376 1162 1604 1214 viderunt

24 1266 144 1317 oculi
174 1266 278 1317 mei
305 1264 531 1317 salutare
559 1272 699 1314 tuum
721 1259 873 1329 (Luc.
902 1256 958 1310 2.
986 1257 1075 1311 29.
1105 1256 1214 1327 50).
1241 1255 1284 1309 Ο
1310 1257 1492 1309 beatus
1514 1254 1602 1307 ille

22 1357 273 1411 Simeon!
309 1355 444 1421 Quia
475 1354 612 1423 quod
654 1351 901 1421 sperabat
945 1348 1180 1410 viderat,
1221 1347 1331 1414 jant
1375 1354 1601 1399 mortem

26 1466 159 1502 Suam
188 1463 381 1516 pacem
413 1454 467 1500 et
496 1446 728 1514 requiem
750 1440 1110 1510 computabat.
1135 1439 1237 1494 Sed
1266 1438 1408 1493 dices
1430 1453 1444 1492 :
1465 1437 1603 1492 Ecce

28 1541 69 1591 in
98 1538 393 1607 Evangelio
441 1537 659 1606 legitur,
708 1532 1107 1604 archisyuagogi
1140 1532 1400 1600 ploratam
1441 1530 1599 1582 ﬁliam

28 1630 160 1697 (Luc.
186 1631 244 1682 8.
266 1629 386 1695 52),
415 1636 469 1681 et
494 1640 704 1681 sorores
723 1624 904 1679 Lazari
922 1624 1179 1677 Lazarum
1200 1621 1405 1676 ﬂevisse
1423 1617 1599 1693 (Joau.

24 1721 101 1774 11.
131 1719 247 1788 51).
283 1719 393 1773 Sed
426 1719 498 1772 illi
531 1718 703 1783 adhuc
730 1714 1018 1769 secundum
1048 1723 1283 1768 veterem
1315 1713 1481 1781 legem
1512 1727 1603 1765 Sa-

24 1812 250 1879 piebant,
270 1810 395 1880 quia
422 1809 643 1863 necdum
666 1823 693 1859 a
720 1805 941 1860 mortuis
955 1804 1223 1859 Christum
1243 1801 1607 1855 resurrexisse

29 1910 434 1972 Conspexerant.
464 1900 633 1955 Flevit
662 1900 817 1968 plane
842 1905 897 1953 et
924 1897 1037 1965 ipse
1068 1894 1319 1950 Dominus
1344 1892 1601 1946 Lazarum

24 1995 119 2062 jam
148 1993 423 2062 sepultum
450 2035 464 2057 ,
498 2005 601 2045 non
634 1990 813 2059 utique
839 1997 895 2042 ut
925 1985 1085 2041 ﬂendi
1116 1991 1354 2038 mortuos
1379 1982 1602 2036 formam

22 2085 164 2138 daret
184 2126 198 2146 ,
242 2083 341 2137 sed
387 2092 444 2135 ιιι
474 2094 524 2135 et
552 2097 609 2135 se
640 2097 732 2149 per
760 2078 1020 2148 lacrymas
1047 2091 1168 2130 suas
1198 2090 1381 2131 verum
1414 2088 1605 2142 corpus

22 2174 380 2243 assumpsisse
409 2180 745 2228 monstraret.
793 2170 885 2225 Vel
927 2180 1072 2224 certe
1111 2167 1254 2222 ﬂevit
1295 2182 1478 2221 amore
1503 2167 1605 2219 hu-

18 2266 210 2320 mano‘
237 2263 479 2327 Judaaos,
511 2263 632 2333 quia
664 2276 763 2316 nec
789 2261 877 2315 tali
907 2260 1059 2330 signo
1086 2265 1380 2312 monstrato
1407 2257 1457 2309 in
1485 2271 1606 2310 eum

24 2357 226 2411 fuerant
253 2356 531 2411 credituri.
558 2353 738 2422 Neque
760 2352 900 2408 enim
929 2365 1072 2404 mors
1091 2348 1276 2403 Lazari
1301 2362 1458 2402 causa
1491 2362 1608 2401 esse

26 2458 226 2517 poterat
265 2450 626 2518 lacrymarum
648 2488 663 2513 ,
705 2462 862 2516 quem
896 2445 1008 2515 ipse
1033 2444 1186 2498 Jesus
1213 2451 1265 2496 et
1295 2440 1611 2495 dormivisse

25 2541 245 2603 dixerat,
278 2550 339 2594 et
359 2539 733 2593 suscitaturum
764 2552 823 2590 se
854 2535 1186 2606 promiserat,
1218 2534 1354 2587 sicut
1382 2542 1434 2587 et
1463 2531 1605 2585 fecit.

89 2632 139 2685 5.
170 2631 491 2684 Habuerunt
518 2645 643 2700 ergo
677 2637 887 2684 veteres
916 2642 1069 2682 suum
1100 2640 1324 2691 morem,
1355 2639 1611 2694 suamque

18 2722 368 2790 fragilitatem
395 2764 409 2785 ,
461 2721 658 2776 Christi
702 2720 986 2774 adventum
1031 2716 1395 2788 pratcedentes
1421 2718 1464 2769 ².
1493 2715 1609 2770 Jam

28 2829 148 2867 vero
171 2830 241 2869 ex
269 2828 382 2883 quo
413 2813 642 2868 Verbum
682 2827 808 2867 caro
833 2810 1028 2866 factum
1053 2818 1165 2877 est,
1197 2818 1250 2865 et
1277 2810 1531 2865 habitavit
1556 2810 1610 2863 in

33 2905 201 2969 nobis,
244 2918 315 2957 ex
357 2918 463 2972 quo
507 2904 679 2974 primo
721 2903 850 2956 Adae
876 2900 1053 2956 datam
1098 2901 1413 2955 sententiam
1442 2900 1610 2953 Adam

31 2997 351 3050 novissimus
374 2996 549 3061 solvit,
578 3010 643 3050 ex
664 3010 772 3065 quo
797 3003 1033 3048 nostram
1063 3002 1289 3047 mortem
1317 3006 1410 3045 sua
1443 2999 1612 3045 morte

29 3090 308 3152 destruxit,
342 3099 394 3143 et
423 3087 488 3141 ab
515 3087 697 3143 inferis
725 3086 811 3141 die
839 3085 990 3140 tertia
1017 3085 1270 3139 Dominus
1299 3084 1609 3150 resurrexit,

32 3180 128 3247 iam
171 3196 279 3234 non
328 3189 409 3234 est
454 3179 700 3234 terribilis
742 3192 888 3233 mors
926 3176 1171 3232 ﬁdelibus
1206 3192 1351 3233 :non
1399 3176 1611 3230 timetur

35 3288 267 3339 occasus,
298 3273 419 3341 quia
438 3272 629 3328 Oriens
657 3271 801 3327 venit
829 3286 895 3325 ex
927 3271 1052 3323 alto.
1075 3268 1282 3323 Clamat
1301 3268 1413 3337 ipse
1436 3267 1612 3320 Domi-

39 3382 127 3418 nus
149 3366 241 3435 qui
283 3365 498 3418 mentiri
527 3363 732 3418 nescit:
757 3361 868 3433 Ego
898 3378 1037 3425 sum,
1073 3361 1273 3429 inquit,
1316 3359 1610 3413 resurrectio

36 3469 76 3509 rt
100 3458 199 3509 vita
216 3457 340 3526 :qui
372 3456 529 3509 credit
556 3457 608 3509 in
646 3472 743 3519 me,
768 3455 962 3507 etiamsi
988 3465 1215 3506 mortuus
1242 3452 1411 3522 fuerit,
1443 3451 1567 3504 vivet
1592 3464 1611 3503 :

37 3561 74 3602 et
110 3552 276 3603 omnis
312 3552 399 3620 qui
442 3550 554 3602 vivit
598 3559 644 3602 et
673 3548 831 3601 credit
858 3548 909 3600 in
939 3564 1033 3611 me,
1064 3558 1272 3599 mortem
1307 3562 1405 3598 non
1432 3545 1610 3598 videbit

38 3643 80 3695 iu
104 3654 351 3695 «vernum
382 3641 560 3711 (Joan.
596 3642 681 3694 11.
711 3641 800 3694 25.
833 3640 949 3710 26).
980 3638 1251 3693 Manifesta
1278 3650 1356 3692 est
1378 3678 1393 3698 ,
1423 3636 1611 3691 fratres

38 3736 316 3800 carissimi,
349 3749 450 3789 vox
479 3735 674 3801 divina,
706 3733 827 3804 quia
856 3733 943 3802 qui
967 3732 1136 3788 credit
1156 3730 1470 3797 Christo,'et
1496 3734 1611 3798 ejus

41 3826 279 3879 mandata
306 3824 569 3885 custodit,
602 3827 644 3878 si
679 3836 918 3878 mortuus
947 3822 1124 3889 fuerit,
1154 3823 1312 3877 vivet.
1347 3822 1493 3875 llanc
1520 3837 1612 3874 vo-

37 3933 145 3972 cem
177 3918 367 3973 beatus
398 3917 591 3971 Paulus
628 3916 901 3986 apostolus
936 3914 1222 3984 accipiens,
1254 3923 1307 3969 et
1336 3916 1460 3967 totis
1490 3913 1609 3967 ﬁdei

36 4010 231 4065 viribus
256 4011 529 4073 retinens,
562 4008 889 4062 instruebat:
920 4006 1055 4062 Nolo
1074 4049 1088 4073 ,
1122 4007 1326 4076 inquit,
1355 4023 1440 4059 vos
1464 4007 1609 4076 igno-

36 4119 143 4156 rare
161 4144 176 4166 ,
220 4101 439 4171 fratres,
482 4099 545 4153 de
569 4099 927 4153 dormientibus
947 4140 961 4163 ,
1001 4108 1054 4151 ut
1083 4114 1183 4152 non
1211 4100 1373 4151 tristes
1398 4098 1506 4149 sitis
1533 4097 1606 4165 (1.

35 4191 208 4247 Thess.
237 4193 293 4247 ι.
320 4191 432 4261 12).
453 4191 498 4246 Ο
519 4192 649 4245 mira
664 4191 902 4259 Apostoli
936 4190 1320 4259 pronuntiatio!
1347 4188 1464 4244 Uuo
1494 4204 1612 4249 ser-

36 4300 209 4350 mone,
232 4291 517 4353 antequam
539 4282 830 4337 doctrinam
858 4280 1146 4351 proferat',
1168 4279 1611 4335 resurrectionem

37 4375 391 4432 commendat.
436 4375 767 4429 Dormientes
810 4389 1038 4444 namque
1066 4372 1299 4443 appellat
1326 4372 1473 4436 illos,
1523 4371 1613 4440 qui

38 4471 223 4525 mortui
251 4478 397 4537 sunt,
432 4480 483 4523 ut
514 4469 637 4524 dum
665 4467 899 4523 dormire
926 4482 1020 4522 eos
1043 4466 1190 4532 dicit,
1217 4475 1612 4521 resurrecturos

34 4566 145 4618 sine
175 4563 509 4616 dubitatione
539 4561 833 4631 consignet.
882 4557 1032 4624 Non,
1075 4558 1276 4627 inquit,
1312 4557 1474 4610 tristes
1504 4556 1612 4610 sitis

34 4657 93 4707 de
115 4651 500 4718 dormientibus,
528 4652 656 4705 sicut
681 4661 725 4704 et
752 4650 937 4705 ceteri.
962 4648 1063 4715 Qui
1091 4664 1239 4719 spem
1267 4663 1367 4702 non
1393 4647 1611 4712 habent,

31 4744 454 4797 contristentur:
478 4757 575 4796 nos
602 4750 778 4795 autem
810 4740 897 4810 qui
928 4740 1039 4809 spei
1074 4738 1163 4793 ﬁlii
1194 4752 1396 4802 sumus,
1429 4738 1611 4792 collzn-

32 4848 220 4887 ttemur.
244 4832 378 4901 Qua:
396 4842 573 4888 autem
592 4833 745 4887 nobis
759 4847 881 4901 spes
897 4832 984 4898 sit,
1004 4831 1118 4900 ipse
1133 4839 1514 4884 commemorat
1533 4828 1617 4881 di-

24 4944 172 4980 cens:
190 4925 252 4980 Si
265 4925 539 4989 credimus,
551 4925 667 4993 quia
680 4919 906 4976 Christus
917 4931 1145 4975 mortuus
1157 4928 1248 4984 est,
1263 4930 1307 4973 et
1321 4919 1615 4973 resurrexit:

16 4998 95 5071 ita
124 5030 171 5072 et
191 5017 339 5073 Deus
358 5034 462 5084 eos,
491 5018 578 5085 qui
599 5017 925 5079 dormierunt,
955 5031 1045 5085 per
1062 5011 1237 5067 Iesum
1261 5013 1471 5065 adducet
1498 5028 1613 5065 cum

26 5113 113 5179 εο(
128 5114 144 5165 Ι
162 5151 176 5162 .
194 5108 382 5164 Thess.
410 5108 600 5178 4.15).
619 5106 773 5162 Jesus
793 5105 934 5160 enim
958 5104 1108 5158 nobis
1132 5112 1185 5158 et
1205 5103 1291 5157 hic
1317 5101 1612 5156 viventibus

16 5206 167 5261 salus
194 5210 306 5268 est,
333 5210 390 5256 et
412 5199 536 5255 hinc
570 5196 943 5254 recedentibus
965 5196 1069 5250 vita
1100 5203 1199 5250 est.
1235 5194 1397 5259 Mihi,
1445 5193 1614 5263 inquit

16 5303 39 5350 1
57 5292 508 5365 postelus,vivere
525 5287 755 5345 Christus
776 5296 869 5355 est,
899 5296 946 5341 et
975 5286 1102 5339 mori
1128 5286 1323 5339 lucrum
1354 5284 1609 5357 (Philipp.

20 5390 61 5437 ι.
102 5380 218 5451 ευ,
256 5382 491 5437 Lucrum
515 5379 688 5451 plane,
710 5380 832 5448 quia
851 5375 1122 5448 angustias
1139 5383 1194 5430 et
1214 5373 1604 5438 tribulatioues,

85 5587 100 5615 ι
134 5590 221 5631 Its.
249 5581 588 5638 Corbeiensis,
611 5591 742 5638 more
763 5576 984 5626 humano.

88 5648 105 5675 ²
140 5653 221 5692 διε.
246 5642 588 5697 Corbeiensis,
607 5637 784 5689 Christi
807 5640 1009 5688 adventu
1033 5638 1283 5699 pendente.

89 5708 108 5738 ³
138 5706 260 5757 ιι·Δὶιί
283 5705 504 5769 quidam,
530 5716 622 5752 uno
638 5714 854 5753 sermone
877 5708 926 5750 ut
944 5697 1195 5763 utramque
1219 5697 1487 5747 doctruutm
1509 5712 1614 5761 pro-

3189 311 3298 370 298

1717 441 1848 495 quas
1891 426 2057 481 habet
2078 427 2287 495 longior
2313 424 2456 494 vita,
2505 440 2651 483 mors
2680 426 2984 486 accelerans
3013 429 3296 488 lucrifaeit.

1713 514 1832 569 Jam
1860 531 1986 569 vero
2013 516 2255 569 ordinem
2297 524 2352 570 et
2392 515 2632 571 habitum
2671 520 2783 588 spei
2815 528 3010 576 nostra:
3038 521 3300 577 describit

1708 602 2021 673 Apostolus.
2049 607 2264 671 «Hoc,»
2309 607 2499 677 inquit,
2547 609 2734 663 «vobis
2774 611 3001 666 dicimus
3040 612 3091 665 in
3135 614 3299 667 verbo

1714 697 1945 763 Domini,
1976 698 2098 768 quia
2132 713 2229 752 nos
2255 701 2343 768 qui
2372 700 2617 763 vivimus,
2645 701 2733 770 qui
2766 703 2963 757 residui
2994 718 3178 759 sumus
3200 747 3213 768 ,
3246 706 3297 759 in

1712 786 1943 842 adventu
1986 788 2102 857 ejus
2128 802 2232 843 non
2262 790 2649 859 prae-veniemus
2685 807 2778 845 eos
2804 793 2893 861 qui
2921 794 3249 849 dormierunt
3277 811 3291 848 :

1710 879 1831 948 quia
1860 879 1973 948 ipse
1998 879 2254 933 Dominus
2278 881 2330 933 in
2356 880 2503 947 jussu
2534 888 2587 934 et
2614 895 2744 935 voce
2767 883 3071 951 archangeli
3096 925 3111 949 ,
3158 893 3212 938 et
3241 886 3294 938 in

1711 971 1833 1024 tuba
1863 970 1953 1025 Dei
1980 969 2269 1025 descendet
2290 971 2356 1025 de
2383 973 2535 1035 caelo,
2570 981 2622 1025 et
2663 974 2856 1046 mortui
2887 975 2974 1043 qui
3007 975 3057 1027 in
3083 974 3298 1029 Christo

1710 1071 1833 1115 sunt
1864 1070 2144 1130 resurgent
2169 1061 2323 1130 primi
2353 1076 2366 1115 :
2396 1061 2589 1116 deinde
2619 1078 2716 1117 nos
2743 1063 2830 1132 qui
2863 1065 3110 1129 vivimus,
3135 1064 3294 1120 simul

1708 1165 1826 1204 cum
1850 1151 1953 1204 illis
1979 1152 2246 1220 rapiemur
2267 1153 2318 1205 iu
2346 1152 2570 1206 nubibus
2586 1152 2793 1207 obviam
2822 1152 3036 1210 Christo
3065 1157 3116 1209 in
3142 1170 3290 1225 aera,

1708 1249 1761 1293 et
1791 1239 1863 1293 ita
1892 1255 2104 1310 semper
2128 1255 2246 1294 cum
2270 1241 2494 1295 Domino
2523 1243 2721 1296 erimus
2745 1261 2764 1294 ι
2793 1242 2838 1312 (l
2856 1286 2868 1297 .
2892 1242 3071 1299 Thess.
3099 1247 3151 1299 4.
3185 1248 3295 1301 14-

1709 1328 1820 1398 16).
1852 1330 1964 1385 Hoc
2004 1338 2087 1384 est
2112 1330 2250 1399 quod
2278 1330 2438 1395 dicit,
2468 1332 2589 1401 quia
2618 1347 2737 1387 cum
2769 1336 2973 1389 venerit
3003 1336 3256 1392 Dominus
3276 1377 3294 1403 ,

1708 1421 1943 1476 inveniet
1984 1422 2181 1476 multos
2210 1423 2261 1476 in
2293 1437 2517 1492 corpore
2554 1422 2904 1490 Christianos,
2939 1428 3027 1496 qui
3058 1430 3291 1483 nondum

1707 1513 1916 1580 experti
1942 1521 2067 1567 sunt
2091 1521 2316 1568 mortem
2342 1529 2354 1565 :
2379 1524 2432 1568 et
2459 1523 2632 1575 tamen
2656 1530 2760 1569 non
2786 1526 2909 1571 ante
2933 1518 3207 1587 rapientur
3228 1520 3293 1575 ad

1708 1604 1937 1671 'etelum,
1984 1598 2142 1674 quam
2182 1606 2375 1659 mortui
2415 1607 2583 1659 sancti
2621 1606 2688 1660 de
2729 1610 3088 1665 monumentis
3114 1625 3295 1665 resur-

1713 1697 1968 1763 rexerint,
2000 1697 2123 1752 tuba
2155 1698 2244 1751 Dei
2287 1706 2341 1751 et
2386 1712 2513 1752 voce
2544 1698 2845 1770 archangeli
2875 1703 3132 1758 suscitati.
3158 1703 3293 1758 Cttm

1709 1795 1886 1841 autem
1927 1786 2124 1842 fuerint
2151 1789 2407 1855 suscitati,
2432 1788 2601 1858 juncti
2631 1793 2827 1859 pariter
2849 1808 2969 1847 cum
2997 1795 3296 1852 viventibus

1710 1876 1985 1946 rapientur
2030 1878 2081 1932 in
2113 1879 2341 1934 nubibus
2370 1879 2577 1934 obviam
2607 1880 2822 1936 Christo
2850 1884 2902 1936 iu
2935 1898 3059 1938 aera
3081 1926 3094 1948 ,
3127 1893 3181 1939 et
3217 1888 3296 1941 sic

1711 1982 1927 2038 semper
1948 1984 2070 2024 cum
2099 1970 2213 2039 ipso
2252 1972 2566 2040 regnabunt.
2594 1971 2703 2026 Nec
2728 1988 2857 2028 sane
2880 1974 3048 2043 possit
3067 1974 3294 2029 dubitari

1709 2061 1849 2128 quod
1891 2063 2095 2131 possint
2134 2077 2390 2131 corpora,
2422 2063 2659 2131 quamvis
2692 2064 2798 2116 siut
2825 2064 2999 2132 gravia
3024 2104 3040 2128 ,
3089 2064 3140 2117 in
3170 2079 3293 2119 aera

1710 2151 1980 2206 sublevari
2006 2171 2018 2205 :
2042 2168 2163 2206 cum
2189 2152 2410 2221 iubente
2443 2153 2665 2207 Domino
2694 2152 2881 2207 Petrus
2907 2155 3075 2223 ipsum
3102 2170 3296 2225 corpus

1709 2241 1912 2297 habens
1952 2259 2112 2313 super
2156 2244 2325 2299 undas
2365 2247 2715 2301 ambulaverit
2758 2250 2920 2304 maris
2950 2248 3162 2321 (Matth.
3204 2252 3293 2304 H.

1711 2330 1833 2403 29),
1857 2332 2001 2386 Elias
2027 2348 2238 2404 quoque
2264 2334 2327 2388 ad
2357 2336 2515 2403 hujus
2539 2337 2651 2405 spei
2681 2337 3172 2403 conﬁrmationem,
3203 2354 3298 2407 per

1717 2421 1855 2476 hunc
1884 2437 2006 2477 aera
2032 2438 2191 2479 curru
2222 2423 2470 2480 ﬂammeo
2490 2427 2555 2480 sit
2579 2436 2760 2496 raptus
2776 2427 2840 2482 ad
2859 2429 3044 2482 cadum
3062 2428 3140 2499 (4.
3164 2429 3292 2501 Reg.

1709 2513 1766 2567 2.
1800 2515 1913 2583 ιι).

1784 2605 1840 2660 6.
1890 2605 2078 2672 Quales
2117 2608 2280 2678 futuri
2313 2611 2470 2662 simus
2509 2619 2620 2680 post
2660 2611 3294 2669 resurrectionem—Set!

1708 2698 1912 2766 qumris
1939 2698 2079 2753 forte
2105 2716 2117 2751 :
2141 2699 2338 2765 Quales
2365 2710 2519 2755 erunt
2558 2703 2645 2771 qui
2673 2718 2701 2754 a
2732 2705 2954 2757 mortuis
2991 2719 3299 2759 resurrexe-

1712 2788 1858 2843 rint?
1904 2789 2038 2844 Audi
2087 2791 2256 2858 ipsum
2307 2792 2569 2846 dicentem
2617 2793 2895 2848 Dominum
2929 2794 3295 2861 tuuszuuc,

1710 2880 1903 2950 inquit,
1948 2882 2071 2951 iusti
2113 2882 2406 2952 fulgebunt,
2452 2885 2581 2937 sicut
2620 2884 2697 2938 sol
2738 2884 2790 2938 in
2830 2902 2981 2955 regno
3014 2884 3183 2941 Patris
3218 2889 3298 2941 sui

1713 2970 1928 3043 (Matth.
1952 2973 2039 3027 15.
2063 2972 2175 3044 45).
2194 2973 2331 3039 Quid
2352 2974 2690 3043 splendorem
2705 2991 3117 3033 commemorem
3137 2980 3299 3034 solis?

1710 3064 1845 3120 Cum
1875 3065 2058 3121 ﬁdeles
2086 3066 2449 3137 transﬁgurari
2476 3082 2694 3123 necesse
2720 3079 2800 3123 est
2825 3069 2889 3122 ad
2920 3069 3083 3138 ipsius
3103 3071 3299 3126 Christi

1716 3158 1929 3213 Domini
1962 3161 2306 3225 claritatem,
2358 3169 2417 3213 ut
2471 3168 2696 3215 testatur
2745 3161 3016 3229 apostolus
3061 3163 3295 3217 Paulus:

1718 3250 1964 3315 «Nostra,
1994 3269 2014 3303 ι
2049 3252 2236 3320 inquit,
2272 3269 2291 3303 ι
2313 3251 2648 3306 conversatio
2674 3252 2725 3305 in
2756 3251 2901 3305 cadis
2927 3263 3007 3306 est
3032 3270 3044 3304 :
3073 3253 3211 3309 unde
3241 3264 3297 3309 et

1712 3340 1884 3410 ipsum
1905 3340 2229 3396 Salvatorem
2251 3350 2624 3410 exspectamus
2650 3341 2926 3394 Dominum
2948 3340 3127 3395 Jesum
3145 3339 3298 3396 Chri-

1713 3440 1872 3494 stum,
1901 3432 1990 3501 qui
2019 3430 2417 3486 transformabit
2444 3445 2638 3499 corpus
2663 3429 2977 3485 humilitatis
3004 3442 3198 3486 nostra:
3224 3435 3290 3487 ad

1712 3520 2187 3576 conformationem
2210 3521 2448 3592 corporis
2467 3520 2655 3591 gloria:
2678 3536 2787 3574 suae
2815 3541 2832 3573 ο
2859 3519 3183 3593 (ΡΙιὶιὶρρ.5.
3202 3523 3295 3578 20.

1712 3612 2322 3683 21):transﬁgurabitur
2360 3613 2475 3665 sine
2515 3611 2675 3665 dubio
2727 3626 2852 3665 caro
2897 3613 2991 3666 ista
3053 3614 3295 3667 mortalis

1712 3704 1778 3759 ad
1806 3705 2280 3760 conformationem
2303 3704 2498 3759 Christi
2522 3702 2794 3766 claritatis,
2819 3702 3001 3758 induet
3027 3704 3041 3761 i
3077 3705 3298 3760 mortale

1712 3797 2164 3852 immortalitatem
2185 3814 2197 3850 :
2216 3798 2339 3867 quia
2373 3796 2523 3862 Quod
2548 3797 2849 3852 seminatum
2874 3797 3040 3867 fuerat
3070 3799 3121 3852 in
3151 3799 3297 3866 inﬁr-

1713 3890 1904 3955 mitate,
1934 3889 2171 3958 protinus
2194 3898 2362 3959 surget
2390 3889 2441 3963 in
2467 3889 2645 3941 virtute
2671 3886 2747 3960 (l.
2776 3887 2891 3942 Cor.
2917 3889 3003 3943 15.
3033 3889 3146 3957 45).
3179 3888 3293 3944 Non

1716 3979 1922 4035 timebit
1950 3995 2076 4034 caro
2102 3979 2329 4049 amplius
2367 3976 2758 4047 corruptionem
2782 4019 2796 4043 ,
2826 3994 2930 4032 non
2962 3979 3186 4046 patietur
3215 3980 3296 4033 fa-

1717 4086 1877 4133 mem,
1907 4085 2010 4124 non
2032 4070 2173 4123 sitim
2195 4110 2209 4135 ,
2242 4085 2347 4123 non
2378 4068 2719 4138 aegritudines
2742 4109 2755 4132 ,
2788 4083 2892 4123 non
2921 4083 3076 4122 casus
3104 4069 3297 4124 adver-

1715 4178 1825 4218 sos.
1856 4164 1964 4217 Pax
1990 4163 2130 4216 enim
2160 4169 2267 4215 tuta
2291 4202 2304 4220 ,
2338 4170 2390 4214 et
2421 4160 2570 4213 ﬁrma
2611 4161 2868 4214 securitas
2900 4160 3020 4213 vita:
3044 4171 3144 4215 est.
3178 4162 3295 4216 Alia

1715 4254 1894 4322 utique
1919 4252 2145 4307 caelestis
2174 4260 2255 4305 est
2280 4251 2445 4322 gloria
2469 4290 2486 4316 ,
2516 4248 2604 4304 ubi
2645 4260 2699 4305 et
2726 4250 2973 4320 gaudium
3003 4249 3119 4306 sine
3144 4251 3294 4307 defe-
3389 4273 3395 4279 ·

1712 4330 1892 4400 ηοιίοηθ
1922 4342 2279 4414 praestabitur.

1789 4437 1840 4491 7.
1877 4436 2016 4491 Mors
2047 4438 2206 4506 magis
2228 4434 2473 4506 optanda,
2504 4450 2655 4505 quam
2680 4433 2918 4505 lugenda,
2949 4436 3037 4488 sed
3071 4451 3169 4488 non
3203 4436 3297 4490 sibi

1716 4525 2228 4598 inferenda—Haec
2274 4524 2325 4578 in
2373 4521 2533 4578 sensu
2578 4532 2631 4577 et
2671 4523 2837 4577 oculis
2876 4539 3067 4593 gerens
3109 4525 3297 4578 beatus

1719 4620 1912 4675 Paulus
1938 4619 2182 4686 dicebat,
2221 4635 2239 4668 ι
2264 4616 2520 4686 Optabam
2566 4615 2806 4681 dissolvi,
2839 4624 2893 4670 et
2932 4629 3051 4669 cum
3083 4616 3297 4672 Christo

1715 4726 1834 4766 esse
1864 4711 2032 4764 multo
2054 4708 2218 4779 magis
2242 4708 2429 4761 melius
2447 4708 2466 4738 ¹
2493 4725 2511 4757 ι
2540 4704 2795 4778 (Philipp.
2826 4705 2989 4774 1.23)
3007 4746 3017 4756 .
3037 4704 3105 4759 Et
3124 4705 3295 4759 adhuc

1716 4809 1898 4868 aperte
1925 4798 2155 4864 docens,
2195 4816 2215 4849 ‹
2240 4798 2373 4851 Dum
2403 4809 2606 4858 sumus,
2631 4812 2649 4844 ι
2685 4794 2871 4863 inquit,
2904 4813 2921 4844 ι
2946 4794 2995 4847 in
3026 4808 3253 4863 corpore
3278 4838 3293 4858 ,

1718 4890 2116 4961 peregrinamur
2136 4904 2163 4940 a
2190 4887 2412 4941 Domino
2437 4903 2450 4938 :
2476 4900 2569 4954 per
2592 4884 2746 4938 ﬁdem
2774 4883 2913 4936 enim
2941 4883 3294 4949 ambulamus,

1717 4990 1771 5036 et
1799 4994 1902 5034 non
1935 4994 2027 5049 per
2045 4977 2296 5048 speciem.
2336 4974 2602 5029 llabemus
2623 4982 2796 5025 autem
2823 4974 3007 5041 magis,
3034 4992 3053 5025 ι
3095 4973 3261 5042 inqttit
3279 5014 3293 5034 ,

1724 5093 1743 5128 ι
1762 5076 1953 5131 bonam
1966 5073 2286 5127 voluntatem
2303 5067 2625 5139 peregrinari
2640 5081 2667 5118 a
2681 5080 2923 5135 corpore,
2939 5076 2991 5119 et
3004 5075 3295 5134 przcseutes

1718 5183 1836 5225 esse
1860 5167 1924 5222 ad
1943 5165 2227 5221 Dominum
2251 5181 2269 5216 ι
2310 5162 2383 5233 (‘2.
2419 5159 2532 5215 Cor.
2560 5160 2612 5215 5.
2632 5156 2773 5228 6-8).
2797 5157 2931 5225 Quid
2961 5158 3168 5228 agimus
3199 5171 3294 5209 nos

1720 5277 1895 5332 parva:
1927 5259 2046 5314 ﬁdei
2088 5256 2352 5318 homines,
2397 5254 2487 5323 qui
2517 5252 2795 5305 anxiamur
2820 5259 2875 5305 et
2912 5251 3183 5305 deﬁcimus
3203 5288 3220 5313 ,
3251 5249 3294 5300 si

1718 5352 1910 5423 aliquis
1948 5352 2017 5405 de
2055 5348 2194 5404 caris
2228 5344 2429 5401 nostris
2473 5343 2666 5413 migret
2706 5341 2770 5396 ad
2804 5342 3123 5395 Dominum?
3156 5338 3293 5406 Quid

1712 5582 1715 5583 '
1784 5575 1801 5605 ί
1836 5580 1963 5629 Mss,
1988 5570 2231 5630 induetur.
2332 5628 2339 5630 ξ
2810 5620 2853 5630 η
3082 5617 3110 5630 __
3236 5615 3247 5626 .

1784 5637 1804 5666 ⁸
1836 5617 2386 5683 sie‘ilsX‘mbeiensis.
2426 5624 2543 5675 ιτΛίιὶ
2590 5636 2708 5671 vero
2741 5620 2932 5683 quidam
2951 5617 3141 5683 ,Amutto
3171 5617 3312 5666 enim.

1720 5681 1905 5766 melius.
1930 5693 2059 5742 Infra
2081 5699 2161 5741 ius.
2196 5689 2360 5748 Corb.,
2401 5692 2659 5755 pra’scntes
2694 5681 2795 5734 esse
2839 5688 2881 5731 et
2914 5681 3172 5733 adventare
3204 5687 3293 5730 D0-

1722 5770 1868 5811 muto.
