3720 6274
414 238 522 294 9.99

415 352 658 425 agimus,
684 350 839 421 uiuos
861 344 1217 419 peregrinatio
1244 345 1298 399 in
1326 343 1429 400 hoc
1460 340 1660 398 mundo
1704 339 1873 410 magis
1894 337 1991 393 de-

417 446 611 511 lectat,
638 456 812 517 «quam
850 436 1235 509 repraesentari
1278 435 1344 489 ad
1367 434 1577 491 .Christi
1606 430 2001 501 :conspectum?

421 534 577 599 Vere,
611 546 740 589 vere
762 528 1125 600 peregrinatio
1149 535 1411 585 cstomne
1431 523 1571 596 quod
1582 522 1819 578 avivimus
1842 540 1856 575 :
1880 536 2000 576 nam

419 625 557 679 sicut
600 620 863 693 peregrini
899 621 948 673 in
981 617 1209 683 sazcnlo,
1249 615 1407 671 sedes
1446 611 1999 677 habemusincertas,

421 714 756 777 laboramus,
803 710 1160 774 desudamus,
1207 707 1319 763 vias
1352 705 1687 763 ambulantes
1716 703 2001 774 difficiles,

421 808 676 880 periculis
705 807 889 876 plenas
914 822 927 857 :
953 802 1184 871 undique
1214 798 1431 859 insidia:
1458 840 1472 864 ,
1512 813 1552 851 a
1597 797 1942 867 spiritalibus,
1973 811 2003 851 a

420 892 1091 967 corporalibusinimicis‘,
1117 889 1352 959 undique
1374 901 1615 949 errorum
1635 887 1860 949 calliculi
1882 894 2007 941 sunt

421 987 726 1061 przeparati.
773 986 839 1043 Et
876 1000 998 1041 cum
1044 982 1205 1043 tantis
1235 981 1486 1052 periculis
1523 987 1810 1052 urgeamur
1832 1022 1847 1046 ,
1888 995 2007 1043 non

422 1081 595 1137 solum
623 1078 723 1147 ipsi
763 1073 1382 1146 nonicupimusiiberari
1402 1114 1418 1140 ,
1438 1072 1541 1126 sed
1571 1073 1727 1135 etiam
1760 1073 2008 1137 liberatus

420 1182 693 1241 tamquam
720 1168 957 1238 perditos
987 1168 1228 1238 Ingemus
1256 1173 1309 1219 et
1341 1163 1659 1233 plangimus.
1678 1160 1830 1235 Quid
1852 1160 2009 1219 nobis

424 1262 675 1335 prazstitit
699 1261 954 1331 Deuspcr
979 1274 1132 1314 suum
1164 1255 1526 1327 Unigenitum,
1554 1256 1597 1310 si
1624 1254 2010 1317 adliuczmortis

425 1354 678 1408 timemus
696 1350 925 1409 casum?
954 1348 1090 1417 Quid
1106 1362 1218 1402 =nos
1232 1348 1463 1405 renatos
1483 1359 1547 1407 ex
1574 1350 1799 1421 πραετερ
1811 1343 2011 1414 Spiritu

426 1448 734 1519 gloriamur,
754 1455 888 1513 quos
908 1440 1259 1512 peregrinatio
1280 1437 1347 1493 de
1362 1436 1466 1522 hoc
1486 1436 1685 1497 mundo
1699 1435 2012 1499 contristat?

428 1538 546 1609 ipse
579 1536 833 1592 Dominus
857 1534 1071 1597 clamat,
1108 1530 1168 1585 Si
1192 1530 1302 1597 quis
1328 1528 1452 1583 mihi
1479 1527 1749 1590 ministrat,
1774 1530 2015 1596 sequatur

428 1646 507 1684 me
526 1637 611 1687 εχει
634 1626 722 1681 ubi
746 1642 834 1695 ego
861 1639 995 1689 sum,
1022 1622 1089 1677 ibi
1112 1621 1203 1675 erit
1224 1628 1269 1674 et
1297 1619 1687 1677 minister-meus
1715 1616 1893 1687 (Joan.
1922 1612 2012 1672 12.

428 1719 544 1791 26).
596 1719 757 1773 Putas
792 1717 848 1770 ,si
894 1730 990 1771 rex
1010 1712 1289 1771 terrestris
1330 1711 1397 1767 ad
1440 1726 1594 1775 suum
1626 1710 1890 1781 palatium
1928 1708 2013 1774 rei

426 1809 732 1867 'convivium
759 1808 989 1877 aliquem
1004 1814 1324 1871 -voeet,.non
1344 1818 1469 1863 cum
1494 1803 1795 1873 gratiarum,
1809 1802 2016 1860 actione

430 1900 775 1975 properabit?
804 1899 1013 1967 Quanto
1038 1897 1222 1967 magis
1266 1895 1333 1951 ad
1379 1895 1647 1957 cmlestem
1690 1892 2013 1957 currendum

430 1990 1025 2062 est.regem,.quiquos
1054 1992 1335 2056 receperit,
1378 2002 1483 2040 non
1512 1985 1699 2045 solum
1726 1984 1979 2039 convivas
1997 2024 2014 2049 ,

430 2085 533 2140 sed.
551 2085 711 2140 etiam
726 2089 1151 2151 conregnatores
1167 2078 1195 2121 '-
1210 2078 1423 2139 efficiet,
1456 2077 1601 2132 sicut
1614 2076 1869 2145 scriptum
1900 2084 1981 2131 est
1998 2080 2015 2129 T:

435 2170 496 2231 Si
526 2174 1052 2239 commortui‘sumns,
1094 2181 1140 2225 et
1171 2171 1517 2232 convivemus;
1544 2169 1592 2231 si
1616 2169 1939 2233 sustinemus,
1971 2172 2020 2223 ei

430 2268 847 2340 tonregnabimus
889 2265 965 2334 (2.
1009 2252 1144 2319 Tim.
1191 2263 1227 2316 2
1298 2257 1385 2319 ιι.
1440 2261 1551 2331 12).
1602 2260 1711 2319 Nec
1766 2260 1868 2321 hoc
1919 2268 2021 2331 ego

442 2363 584 2429 dico,
622 2370 682 2415 ut
709 2360 827 2430 quis
861 2372 1052 2413 manus
1086 2356 1184 2413 sibi
1231 2355 1451 2418 inferat,
1502 2353 1592 2416 aut
1614 2368 1695 2411 se
1722 2353 2020 2411 .interiiciat

437 2462 623 2509 contra
650 2452 977 2506 voluntatem
1025 2448 1117 2502 Dei
1145 2447 1437 2508 creatoris,
1478 2456 1570 2500 aut
1613 2445 1843 2503 animam
1870 2449 1929 2505 ut
1954 2442 2022 2503 de

435 2546 678 2617 corporis
703 2544 785 2600 sui
808 2539 1333 2613 ekpeliatlmspitio;
1365 2537 1458 2595 sed
1486 2537 1754 2604 hoc-dico,
1784 2540 1843 2592 iit
1869 2526 2022 2596 lte'tus

434 2649 490 2696 et
511 2637 771 2710 gaudens,
792 2647 913 2691 enm
938 2642 1032 2688 aut
1052 2633 1167 2703 ipse
1192 2639 1412 2687 vocatur
1431 2637 1485 2689 et
1506 2629 1802 2699 proximus,
1828 2636 1883 2687 et
1910 2627 2024 2698 ipse

436 2732 613 2796 vadat,
638 2738 693 2785 et
706 2727 957 2787 euntibus
973 2724 1289 2796 gratuletur.
1307 2722 1431 2779 llmc
1449 2723 1590 2777 enim
1611 2720 2024 2781 estChristiana:

437 2823 562 2879 fidei
586 2833 825 2884 summa,
862 2808 1041 2877 ..vitam-
1058 2829 1236 2873 veram
1264 2818 1581 2883 eitspectare
1608 2820 1732 2882 post
1754 2819 2023 2877 mortem,

441 2915 671 2971 reditum
716 2925 935 2981 sperare
964 2917 1099 2979 post
1128 2907 1368 2969 exitum.
1402 2908 1651 2976 ,Acocpta
1695 2906 1853 2976 igitur
1888 2919 2028 2962 ,νοω

442 2993 712 3078 Apostoli,
738 3012 868 3058 cum
902 2992 1097 3057 fiducia
1126 3000 1249 3070 iam
1273 2998 1516 3057 dicamus
1532 2998 1737 3069 gratias
1762 2998 1905 3063 Deo,
1935 2996 2027 3066 qui

442 3096 598 3152 nobis
626 3105 811 3157 contra
852 3103 1077 3151 mortem
1110 3091 1393 3153 -,victoriam
1422 3091 1601 3158 dedit,
1639 3090 2028 3161 perChristum

444 3190 727 3251 Dominum
756 3195 1015 3253 nostrum,
1047 3185 1244 3245 cuiiest
1268 3185 1531 3256 glorianti:
1545 3192 2031 3256 potesusnune'et

445 3282 500 3341 in
528 3281 720 3339 saecula
746 3278 1087 3341 saeculorum.
1112 3277 1308 3337 Amen.

1056 3382 1310 3444 'SEMO
1337 3387 1407 3442 ll.

524 3508 576 3559 l.
600 3502 921 3558 ‘Ruurrectio
960 3500 1096 3554 unde
1133 3495 1537 3571 apud‘inﬁdeles
1560 3498 1730 3555 dubia.
1759 3500 2035 3570 —‘Supe-

450 3596 580 3651 riori
606 3592 819 3665 quidem
847 3591 1027 3647 libello
1058 3591 1467 3659 perstrinximus
1488 3593 1720 3655 breviter
1741 3594 1808 3649 de
1836 3608 2035 3657 conso-

451 3689 653 3745 latione
692 3683 1112 3750 mortalitatis“,
1162 3683 1231 3739 de
1270 3698 1366 3754 spe
1411 3685 1818 3741 resurrectionis
1850 3702 1863 3739 :
1893 3700 2037 3742 nunc

452 3778 662 3849 plenius
698 3785 754 3833 et
777 3774 1004 3830 validius
1033 3773 1103 3830 de
1126 3773 1328 3829 eisdem
1353 3774 1536 3830 dicere
1562 3791 1932 3845 properamus.
1956 3773 2034 3839 jSi

452 3870 664 3941 quidem
715 3868 867 3933 haec,
910 3881 1029 3937 qua:
1066 3865 1489 3937 loqttutussum,
1531 3867 1776 3923 fidelibus
1821 3868 2035 3938 quidem

451 3975 593 4019 certa
636 3971 793 4027 sunt,
826 3960 1123 4016 infidelibus
1146 3970 1326 4023 autem
1355 3975 1419 4016 ac
1442 3960 1882 4021 dubiisvidentur
1915 3978 2037 4020 esse

455 4056 714 4121 fabulosa,
759 4052 825 4109 ad
856 4067 990 4123 quos
1021 4067 1185 4122 pauca
1213 4052 1447 4107 strictius
1479 4053 1829 4122 proferamus.
1874 4054 2035 4111 Certe

454 4146 775 4216 quicumque
800 4146 929 4201 estis
958 4144 1213 4207 increduli
1238 4186 1255 4211 ,
1303 4159 1519 4200 omnem
1560 4145 1943 4209 dubitatiOnem
1969 4146 2038 4204 de

453 4236 748 4291 substantia
769 4234 1009 4305 corporis
1033 4235 1324 4289 sustinetis.
1349 4234 1673 4297 Discreditur
1697 4237 1839 4291 enim
1867 4253 1895 4291 a
1917 4238 2039 4308 qui-

456 4325 702 4391 busdam,
719 4339 934 4379 carnem
957 4338 1267 4378 conversam
1282 4322 1334 4391 in
1352 4324 1646 4393 pulverem,
1671 4312 1865 4382 iterum
1884 4343 2041 4396 posse

457 4432 772 4488 resurgere,
820 4418 1011 4471 iterum
1055 4416 1395 4470 reviviscere.
1443 4416 1708 4475 Caeterum
1753 4418 1821 4474 de
1864 4419 2040 4477 anima

460 4512 663 4565 nullum
694 4525 849 4579 posse
865 4509 1136 4569 hominum
1163 4508 1406 4567 dubitare
1424 4510 1504 4567 :,si
1530 4510 1742 4581 quidem
1762 4513 1830 4569 de
1849 4516 2040 4573 anima:

461 4602 857 4663 immortalitate
888 4614 988 4661 nec
1018 4599 1316 4669 philosophi
1350 4599 1489 4675 ipsi,
1533 4612 1655 4656 cum
1692 4604 1798 4658 sint
1824 4608 2038 4679 pagani,

462 4693 805 4749 dissentiunt.
834 4691 986 4746 ‘Nam
1013 4690 1139 4761 quid
1168 4699 1252 4745 est
1278 4705 1422 4746 mors
1442 4731 1457 4756 ,
1505 4693 1605 4748 nisi
1632 4696 1894 4765 separatio
1920 4713 2043 4753 cor-

462 4785 609 4856 poris
637 4783 975 4854 animteqne?
1005 4781 1307 4839 Recedente
1334 4783 1476 4838 enim
1507 4785 1713 4854 anima,
1746 4805 1867 4858 qua:
1896 4804 2041 4845 sem-

465 4892 562 4946 per
590 4877 758 4940 vivit,
800 4891 918 4946 qua:
948 4874 1082 4929 mori
1124 4873 1331 4943 nescit,
1375 4876 1496 4945 quia
1527 4876 1595 4932 de
1624 4877 1748 4933 flatu
1777 4880 1868 4936 Dei
1892 4891 1975 4936 est
1997 4881 2039 4946 ⁸,

466 4967 637 5021 solum
661 4980 855 5039 corpus
880 4966 1136 5020 emoritur
1162 4983 1177 5019 :
1201 4966 1323 5035 quia
1350 4966 1491 5022 aliud
1534 4970 1585 5022 in
1617 4969 1770 5029 nobis
1798 4974 2042 5045 mortale,

469 5057 611 5111 aliud
638 5057 937 5113 immortale
961 5065 1061 5113 est.
1086 5056 1193 5111 Sed
1215 5057 1469 5113 recedens
1494 5059 1690 5125 anima,
1713 5077 1835 5131 qua:
1855 5078 2044 5118 carna-

469 5149 610 5204 libus
648 5147 817 5207 oculis
846 5163 950 5201 non
995 5145 1244 5212 videtur,
1284 5147 1352 5202 ab
1393 5150 1597 5225 angelis
1638 5153 1948 5221 suscipitur,
1994 5166 2046 5210 ct

533 5287 666 5355 nus,
690 5282 909 5343 corb.,1a
930 5280 1475 5355 spiritalibus
1516 5288 1726 5355 tantum,
1773 5296 1825 5339 et
1845 5290 2044 5354 ibidem,

469 5345 678 5410 uidique
698 5358 915 5395 errorum
939 5343 1079 5393 casus
1101 5343 1266 5394 saeculi
1289 5345 1571 5407 prwparati.

533 5412 554 5441 ¹
587 5415 689 5467 Ms.,
708 5412 1091 5468 conregnaturos.

534 5471 555 5501 ³
588 5470 941 5533 Editiveteres
978 5468 1245 5533 augustini,
1288 5467 1350 5517 de
1386 5467 1699 5533 conseiatione
1734 5479 2046 5533 mortuorum.

470 5531 614 5582 Corb.
639 5530 822 5587 Codex,
847 5530 907 5580 de
930 5527 1242 5581 consolatione
1262 5528 1585 5581 mortalitatis.

534 5603 556 5624 ο
588 5593 705 5641 tlditi
730 5599 945 5663 veteres,
965 5592 1027 5663 (te
1046 5588 1166 5663 ﬂatu
1189 5590 1280 5660 19d
1300 5596 1371 5641 est
1402 5590 1655 5663 ignauam,
1682 5599 1735 5646 et
1755 5596 1897 5661 paulo
1917 5608 2043 5663 post,

474 5666 582 5716 quw
602 5652 873 5705 ramalibus
893 5652 1221 5704 oculis'vidcri
1236 5666 1327 5704 non
1357 5652 1522 5717 potest.

1113 229 1178 290 Β.
1220 229 1497 288 JOANNIS
1532 220 2010 291 CttnYSOSTOM!
2038 218 2364 291 arantur.
2392 226 2940 294 iCONSTANTINOP.

3586 232 3678 295 δυο

2111 330 2402 399 cellocatur
2431 347 2535 403 ant
2557 340 2778 407 timsinu
2813 339 3078 415 Annua},
3117 338 3613 416 sifideiis.est;,aut
3633 344 3677 399 in

2108 430 2561 503 careerisinferni
2580 431 2875 509 custodia,
2903 432 3249 507 si,peecatria
3275 441 3397 495 est:
3428 431 3555 499 dum
3583 444 3676 488 sta-

2108 529 2255 587 tutus
2279 522 2631 596 veniatdies,
2663 540 2770 593 quo
2794 538 2948 587 suum
2979 524 3452 601 recipiatcorpns,
3481 532 3537 591 et
3557 528 3675 594 apud

2112 612 2342 676 tribunal
2382 612 2579 677 Christi
2610 613 2811 687 iudicis
2844 614 2959 681 veri
3000 613 3188 671 reddat
3229 629 3450 673 suorum
3478 628 3677 685 operum

2110 703 2396 765 rationem.
2434 705 2583 776 Ergo
2612 705 2751 775 quia
2776 705 2859 763 .de
2897 719 3061 769 carne
3092 714 3214 769 tota
3240 706 3519 771 cunctatio
3546 717 3619 760 est
3647 710 3677 769 ',

2112 794 2269 866 hujus
2294 804 2375 853 est
2404 797 2683 863 infirmitas
2722 795 3090 866 defendenda,
3122 808 3176 854 et
3201 799 3539 865 resurrectio
3572 815 3682 855 con-

2112 885 2388 956 signanda.

2182 977 2239 1031 2.
2269 978 2462 1031 Μοτιυί
2494 978 3058 1049 quomodo-resurgant.
3101 979 3351 1037 Probatur
3376 980 3548 1035 Deum
3574 998 3682 1034 mor-

2115 1078 2228 1124 tuos
2246 1082 2413 1146 posse
2440 1070 2703 1123 suscitare.
2743 1099 2815 1110 —
2856 1068 3095 1138 Quodsi
3137 1070 3254 1141 quis
3298 1072 3541 1142 requirat
3566 1086 3682 1127 ante

2115 1161 2304 1221 dubius
2329 1161 2711 1217 etiincredulus
2734 1202 2749 1225 ,
2780 1161 3046 1238 Quomodo
3080 1165 3263 1217 mortui
3289 1174 3577 1235 resurgent,
3604 1181 3682 1235 quo

2115 1262 2281 1307 autem
2322 1268 2532 1329 corpore
2574 1252 2805 1309 venient?
2852 1253 3188 1330 respondebo
3225 1256 3271 1309 ei
3299 1270 3394 1310 ore
3425 1269 3495 1311 ac
3530 1256 3682 1311 verbis

2119 1336 2385 1418 Apostoli,
2424 1343 2705 1417 Iitsipicns,
2734 1352 2789 1398 tu
2823 1344 2955 1414 quod
2993 1347 3232 1411 seminus,
3262 1363 3371 1403 non
3400 1348 3682 1418 uiviﬂcatxr,

2117 1435 2218 1491 nisi
2251 1437 2392 1504 prius
2434 1434 2724 1497 moriatur:
2750 1444 2796 1488 et
2833 1436 2966 1504 quod
2988 1438 3237 1504 sentinae,
3269 1439 3473 1499 nudum
3493 1441 3682 1493 sentina:

2116 1542 2330 1597 granum
2357 1527 2507 1589 tritici
2539 1538 2627 1582 aut
2656 1528 2863 1581 alterius
2884 1527 3114 1598 ,aliaujut
3134 1531 3336 1591 seminis
3364 1532 3447 1602 (1.
3470 1528 3586 1585 Cor.
3617 1534 3682 1585 15.

2120 1617 2311 1687 55-37)
2336 1657 2351 1683 ,
2383 1625 2651 1675 mortuum
2691 1627 2746 1672 et
2779 1618 2988 1675 aridum
3021 1620 3140 1683 sine
3181 1621 3444 1687 humore;
3499 1631 3553 1675 ct
3588 1638 3682 1677 cum

2117 1706 2471 1779 putrefactum
2513 1707 2691 1776 fuerit,
2722 1708 2997 1771 fecundius
3024 1711 3227 1787 Surgit,
3264 1714 3427 1783 fitque
3463 1718 3682 1781 vestitum

2122 1798 2403 1863 folliculis,
2447 1799 2626 1855 aristis
2667 1809 2950 1862 armatum.
3001 1802 3101 1870 Qui
3145 1818 3271 1873 ergo
3297 1819 3528 1873 granum
3555 1805 3682 1858 tritici

2122 1890 2341 1945 suscitat
2397 1900 2613 1969 propter
2642 1899 2752 1957 te,
2790 1892 2977 1963 ipsum
3024 1903 3074 1949 te
3130 1909 3235 1950 non
3286 1896 3492 1965 poterit
3543 1899 3682 1952 snsci-

2124 1992 2237 2038 tare
2266 1995 2486 2054 propter
2528 1998 2587 2039 se
2630 1982 2751 2055 (a)?
2796 1986 2888 2055 qui
2940 1985 3109 2042 solem
3155 1988 3390 2058 quotidie
3441 1989 3596 2059 quasi
3640 1990 3682 2044 de

2122 2075 2368 2144 sepulcro
2406 2075 2580 2130 noctis
2608 2077 2864 2143 suscitat,
2896 2086 2957 2141 et
2997 2077 3177 2133 lunam
3215 2081 3365 2149 quasi
3392 2080 3466 2139 de
3496 2082 3682 2136 interitu

2123 2170 2372 2235 reparat,
2405 2174 2727 2237 ettempora
2752 2167 3057 2235 recedentia
3095 2180 3311 2235 revocat
3332 2171 3402 2225 ad
3434 2172 3682 2239 utilitatem

2123 2256 2328 2312 scilicet
2352 2267 2590 2321 nostrain
2625 2276 2638 2313 :
2679 2258 2821 2328 ipsos
2848 2275 2961 2327 nos
2980 2272 3239 2332 ,propter
3258 2276 3393 2330 quos
3424 2264 3600 2328 omnia
3629 2278 3681 2319 re

2125 2356 2311 2419 parat,
2354 2363 2460 2409 non
2501 2349 2776 2419 requiret,
2806 2360 2862 2408 et
2900 2352 3067 2408 semel
3104 2354 3633 2423 patieturcxstingui
3660 2356 3682 2419 ',

2126 2457 2262 2517 quos
2285 2457 2382 2499 suo
2410 2442 2536 2497 flatu
2565 2442 2843 2512 accendit,
2890 2460 3023 2514 quos
3062 2460 3162 2501 suo
3194 2445 3390 2516 spiritu
3420 2446 3682 2515 animavitl

2128 2542 2181 2590 et
2210 2533 2262 2588 in
2292 2533 2741 2611 perpetuumiiam
2768 2548 2872 2597 non
2907 2536 3008 2598 erit
3032 2536 3218 2601 homo,
3246 2536 3339 2609 qui
3375 2538 3632 2605 iilumpie
3654 2548 3682 2591 el

2122 2624 2814 2699 agnovitet,coluit?.Sed
2863 2625 3328 2691 iterumdubitas,
3370 2628 3523 2698 quod
3552 2631 3682 2697 possit

2130 2715 2367 2789 reparari
2396 2725 2518 2786 post
2555 2724 2818 2783 mortem,
2865 2717 3231 2791 τεδιὶωἰιροει,
3246 2718 3491 2785 cinerem
3514 2728 3572 2773 et
3598 2733 3682 2772 oss:

2124 2807 2487 2878 consumpta?
2512 2808 2557 2862 0
2585 2807 2777 2880 homo,
2795 2807 2881 2873 die
2902 2808 3052 2872 mihi,
3083 2807 3209 2878 quid
3242 2808 3379 2863 fuisti
3409 2819 3539 2873 ante
3562 2825 3682 2879 quan

2122 2899 2188 2959 in
2204 2898 2400 2963 matris
2425 2905 2578 2961 utero
2594 2897 2989 2975 concipereris?
3014 2896 3155 2952 Nihil
3183 2898 3383 2968 utique.
3407 2899 3550 2954 Deus
3570 2914 3681 2969 ergo]

2126 2991 2223 3071 qui
2244 3000 2296 3045 te
2315 2991 2515 3045 creavit
2536 3004 2602 3045 ex
2632 2989 2821 3057 nihilo,
2836 3004 3015 3045 nonne
3032 2988 3462 3061 faciliuspoterit
3477 3006 3682 3063 reparari

2135 3082 2202 3138 de
2230 3082 2451 3162 aliquo?
2476 3082 2617 3145 Mihi
2641 3083 2801 3137 crede
2822 3124 2849 3149 ,
2868 3081 3089 3157 facilius
3104 3083 3296 3153 poterit
3320 3085 3550 3140 reticere
3584 3099 3682 3155 quoi

2124 3175 2389 3245 anteiam
2416 3175 2548 3249 fuit,
2592 3176 2680 3245 qui
2711 3175 2885 3245 potuit
2910 3175 2931 3207 ⁸
2960 3190 3144 3243 creare
3163 3176 3302 3247 quod
3330 3190 3439 3232 non
3467 3178 3580 3233 fuit.
3623 3178 3682 3245 Qui

2124 3274 2192 3331 ,te
2225 3282 2291 3321 cx
2327 3274 2474 3336 gutta
2512 3264 2753 3329 informis
2782 3266 3002 3333 liquoris
3044 3267 3097 3333 in
3140 3276 3245 3337 tua:
3268 3268 3460 3324 matris
3491 3277 3638 3324 utero
3663 3270 3682 3323 il

2140 3370 2353 3429 nervos,
2381 3370 2543 3412 venas
2569 3363 2623 3413 et
2647 3357 2957 3435 ossaiussit
2976 3372 3307 3426 excrescere,
3351 3361 3573 3427 poterit,
3599 3361 3681 3414 mil

2139 3448 2320 3515 crede,
2350 3448 2418 3504 de
2440 3455 2593 3504 utero
2621 3459 2779 3503 terra:
2804 3449 3001 3525 iterum
3021 3464 3300 3519 generare.
3340 3448 3634 3517 Sedtimes
3656 3468 3682 3507 η

2139 3539 2280 3596 forte
2307 3554 2428 3595 ossa
2467 3548 2553 3595 tua
2596 3540 2747 3594 arida
2777 3540 2957 3603 vestiri
2998 3539 3218 3610 pristina
3261 3550 3426 3605 carne
3466 3558 3575 3597 non
3605 3557 3682 3613 pos

2143 3632 2289 3686 sint?
2334 3631 2488 3699 Noli,
2522 3632 2661 3703 noli,
2697 3631 2988 3697 secundum
3027 3640 3170 3687 tuam
3196 3633 3602 3703 impotentiam,
3636 3636 3682 3689 Dl

2144 3724 2412 3785 testimare
2447 3723 2802 3799 maiesmtem.
2850 3722 2992 3781 Deus
3020 3724 3111 3779 ille
3141 3740 3320 3781 rerum
3340 3728 3593 3791 omnium
3612 3740 3682 3795 ρι’(

2144 3823 2375 3879 creator,
2427 3815 2515 3883 qui
2565 3816 2722 3873 vestit
2763 3814 2986 3873 arbores
3014 3814 3183 3889 foliis,
3218 3818 3682 3897 -et4pratalloribut

2145 3906 2344 3978 poterit
2371 3914 2425 3960 et
2464 3913 2553 3960 tua
2598 3920 2717 3960 ossa
2764 3905 2907 3965 illico
2944 3906 3087 3963 veris
3129 3907 3503 3979 temporc‘in
3554 3921 3682 3963 [Galil

2147 3997 2385 4051 rectione
2417 3996 2634 4059 vestire.
2688 3984 3351 4066 Dubitaverataliquando
3371 3997 3447 4059 de
3478 3998 3585 4059 hoc
3622 3998 3682 4067 ips

2132 4085 2688 4164 .proplietaEaecbiel
2712 4127 2727 4152 ,
2756 4088 2811 4141 et
2840 4088 3195 4158 interrogatus
3214 4103 3257 4149 ,a
3276 4090 3532 4161 Domino,
3562 4100 3682 4147 utrui

2150 4177 2393 4232 viverent
2412 4192 2535 4231 ossa
2561 4176 2706 4241 arida
2726 4212 2742 4244 ,
2768 4192 2890 4247 qum
2910 4178 3233 4241 videbantur
3252 4193 3437 4249 sparsa
3470 4196 3571 4248 per
3591 4195 3682 4235 eam

2150 4283 2295 4337 pum,
2326 4266 2602 4336 respondit
2622 4307 2637 4332 ,
2670 4265 2746 4320 Tu
2772 4269 2889 4336 scis,
2918 4266 3135 4324 Domine
3166 4254 3371 4338 (Ezech.
3399 4270 3495 4324 57.
3526 4270 3598 4343 3).
3630 4272 3682 4327 St

2151 4367 2429 4428 postquam
2462 4357 2570 4412 Deo
2604 4357 2827 4427 iubente
2849 4399 2864 4424 ,
2896 4367 2950 4412 et
2974 4359 3152 4428 seipse
3180 4359 3542 4429 prophetattte
3565 4403 3582 4429 ,
3613 4360 3682 4415 vid

2150 4464 2270 4503 ossa
2312 4447 2378 4502 ad
2405 4448 2736 4511 sualoeaet
2772 4448 3051 4518 juncturas
3096 4450 3405 4517 currentia,
3459 4461 3681 4521 postqua

2152 4538 2283 4593 vidit
2309 4554 2429 4594 ossa
2451 4538 2597 4593 arida
2627 4542 2804 4601 nervis
2826 4539 2996 4615 ligari,
3028 4541 3179 4596 venis
3202 4541 3393 4609 intexi,
3419 4557 3587 4597 carne
3611 4558 3682 4596 co:

2152 4630 2286 4702 tegi,
2333 4638 2453 4686 cute
2492 4632 2705 4698 vestiri,
2754 4640 2938 4700 postea
2981 4632 3317 4702 prephetarit
3347 4634 3399 4699 in
3430 4635 3656 4704 Spiritu,

2152 4720 2372 4775 veniens
2414 4720 2633 4791 spiritus
2674 4721 3085 4795 uniuscuiusque
3135 4723 3371 4777 introivit
3421 4725 3475 4779 in
3516 4740 3681 4793 corpu

2154 4812 2242 4866 illa
2263 4811 2490 4881 iacentia
2511 4854 2526 4879 ,
2568 4822 2622 4867 et
2655 4822 3089 4881 resurrexerunt,
3132 4822 3186 4868 et
3224 4829 3346 4868 mox
3378 4824 3646 4872 steterunt
3676 4815 3682 4846 '

2153 4903 2232 4958 sic
2259 4902 2600 4958 confirmatus
2630 4902 2699 4957 de
2743 4904 3135 4967 resurrectione
3178 4903 3485 4975 propheta,
3535 4908 3682 4975 script

2154 4994 2413 5050 visionem
2435 5034 2452 5061 ,
2484 5002 2541 5049 ut
2568 4993 2633 5048 ad
2664 5001 2907 5064 posteros
2942 5001 3115 5059 tanta;
3128 4995 3215 5050 rei
3233 4996 3473 5065 cognitio
3504 5013 3681 5065 pervcr

2220 5147 2237 5177 ί
2272 5144 2391 5195 Bditt
2426 5151 2658 5205 veteres,
2696 5149 2792 5195 tota
2825 5143 3142 5195 emtradictio
3166 5150 3281 5205 est,
3322 5143 3623 5208 molestia
3650 5160 3682 5195 Ill

2146 5208 2448 5270 spernenda.
2470 5242 2473 5243 ν

2219 5271 2239 5332 τ
2275 5269 2444 5329 tidem,
2467 5273 2511 5317 et
2531 5265 2714 5332 cineres
2734 5267 2938 5329 patietur
2957 5266 3212 5332 exstingui.

2221 5331 2243 5362 ³
2275 5337 2353 5379 Ms.
2374 5329 2585 5393 secunda
2608 5343 2775 5393 manu,
2794 5342 2937 5393 quam
2955 5329 3121 5393 petua.

2219 5392 2242 5424 δ
2275 5398 2403 5451 Mss,
2418 5390 2503 5441 illo
2523 5397 2654 5441 certo
2675 5392 2793 5440 veri.

2219 5455 2241 5485 ⁸
2275 5460 2403 5513 Hac,
2426 5459 2473 5503 et
2494 5466 2607 5503 mox
2629 5458 2875 5512 steterunt,
2897 5452 3075 5503 desunt
3108 5454 3157 5502 in
3183 5461 3287 5502 Mss.

2222 5537 2293 5601 (ιι)
2325 5545 2457 5601 Hm,
2478 5537 2637 5601 iam!
2658 5542 2705 5587 ιε
2720 5549 2813 5588 non
2832 5537 3007 5601 poterit
3026 5536 3257 5601 suscitare
3273 5542 3477 5601 propter
3499 5550 3571 5599 se.
3596 5549 3642 5586 In
3664 5547 3682 5583 ε

2159 5599 2347 5649 teribus
2385 5599 2530 5662 aditis
2566 5599 2842 5662 habentur,
2866 5606 2918 5649 et
2951 5599 3011 5662 ad
3047 5599 3332 5662 marginem
3351 5599 3549 5662 reiecta
3568 5606 3671 5649 sunt

2164 5669 2407 5723 postrema
2428 5661 2660 5712 witione.
2685 5660 2775 5712 Sed
2789 5669 2905 5726 puto
2924 5661 2982 5711 ad
3006 5660 3187 5713 seriem
3212 5660 3470 5724 quadrare.
