3720 6274
45 259 133 315 5οῑ

43 379 131 424 ret.
175 347 366 422 Merito
395 378 522 434 ergo
546 364 743 419 clamat
774 360 936 415 Isaias
964 375 979 414 :
1011 356 1298 428 Exsurgeut
1323 358 1536 417 mortui,
1569 359 1615 404 et

41 467 294 534 resurgent
335 435 419 528 qui
457 465 572 510 sunt
609 454 661 507 in
700 449 1063 512 monumentis,
1109 455 1154 500 et
1195 444 1497 500 (tutabantur
1534 439 1620 510 qui

40 532 142 603 sunt
167 551 223 603 in
257 560 409 602 terra.
459 547 564 601 Res
590 545 741 608 enim,
777 542 864 610 qui
889 540 975 593 abs
998 549 1044 592 te
1069 547 1170 603 est,
1211 537 1398 590 sanitas
1430 541 1499 586 est
1519 532 1622 584 illis

40 639 187 708 (Isai.
205 640 300 694 26.
327 637 441 708 19).
457 635 598 690 Vere
617 633 782 697 enim,
807 633 944 685 sicut
964 644 1085 683 rorc
1104 617 1397 682 madefacta
1420 621 1623 678 semina

41 731 342 801 germinant
373 737 426 784 et
453 732 778 794 exsurgunt,
826 722 904 778 sic
933 735 1056 775 rore
1085 720 1313 788 Spiritus
1338 731 1460 772 ossa
1491 713 1624 769 lide-

42 825 161 877 lium
188 820 564 893 germinabunt
593 819 634 871 ⁸.

108 915 162 969 5.
195 911 354 968 Aliud
386 917 754 981 argumentum.
781 933 854 947 --
876 903 982 960 Sed
1005 901 1233 965 dubitas,
1265 896 1531 969 quomodo
1561 895 1627 952 de

44 1003 219 1072 parvis
255 1003 466 1058 ossibus
501 1010 643 1054 totus
685 998 845 1052 homo
870 994 1076 1049 restitui
1103 991 1312 1062 possit?
1341 989 1545 1044 Revera
1572 995 1630 1041 tu

45 1109 108 1147 ex
130 1093 349 1148 modica
378 1090 605 1147 scintilla
627 1088 760 1157 ignis
782 1086 1051 1154 ingentem
1072 1081 1298 1137 suscitas
1322 1079 1625 1142 ﬂammam;

49 1188 182 1239 Deus
217 1199 328 1240 non
359 1183 548 1253 poterit
587 1196 652 1235 ex
684 1177 895 1233 modico
920 1174 1116 1230 cineris
1160 1172 1232 1227 tui
1260 1173 1520 1227 fermento
1548 1178 1631 1224 to-

49 1287 152 1330 tum
181 1273 489 1345 corpusculi
534 1272 608 1326 tui
658 1269 1025 1338 redintegrare
1062 1263 1456 1335 conspersum?
1499 1261 1630 1316 Nam

51 1369 143 1423 etsi
189 1368 346 1422 dicas
377 1383 390 1420 :
420 1365 688 1434 Nusquam
730 1368 1041 1430 comparent
1079 1357 1255 1413 carnis
1298 1355 1462 1424 ipsius
1503 1353 1634 1407 reli-

53 1459 219 1528 quiae;
263 1457 486 1512 forsitan
513 1456 655 1510 enim
686 1459 776 1506 aut
799 1452 920 1521 igne
954 1455 1284 1516 consumpta:
1309 1451 1452 1511 sunt,
1483 1451 1574 1497 aut
1602 1455 1633 1495 a

54 1548 234 1604 bestiis
279 1547 547 1602 devorata:
577 1561 590 1598 :
624 1543 724 1598 hoc
754 1541 980 1612 primum
1011 1539 1175 1603 scito,
1217 1536 1339 1606 quia
1382 1531 1635 1604 quidquid

54 1639 420 1704 consumitur,
472 1638 526 1692 in
573 1644 731 1692 terra:
775 1631 1070 1688 visceribus
1114 1629 1446 1691 continetur,
1495 1623 1637 1679 unde

56 1749 237 1788 rursus
265 1732 462 1802 poterit
492 1731 600 1785 Deo
625 1727 968 1800 praecipiente
1012 1722 1251 1793 produci.
1308 1720 1440 1775 Nam
1470 1728 1525 1774 et
1556 1727 1631 1782 tu,

56 1841 168 1879 cum
199 1841 311 1879 non
337 1831 589 1894 appareat
614 1822 748 1892 ignis
774 1861 789 1884 ,
832 1819 1052 1874 adhibes
1085 1815 1324 1886 lapillum
1343 1855 1357 1878 ,
1387 1820 1442 1868 et
1468 1811 1640 1867 modi-

57 1933 173 1970 cum
215 1915 348 1970 ferri
373 1956 388 1980 ,
437 1922 490 1970 et
515 1913 721 1970 excutis
751 1910 818 1965 de
846 1907 1140 1965 visceribus
1185 1905 1348 1975 lapilli
1382 1910 1638 1974 quantum

58 2022 184 2075 opus
216 2013 302 2061 est
346 2005 500 2076 ignis.
548 2003 699 2072 Quod
737 2015 864 2072 ergo
903 2015 998 2070 per
1043 2009 1186 2053 tuam
1230 1995 1542 2051 industriam
1587 2001 1643 2047 et

59 2098 398 2168 Sapientiam,
425 2109 581 2166 quam
630 2093 723 2148 tibi
770 2093 906 2148 Deus
933 2091 1046 2161 ipse
1072 2087 1354 2152 concessit,
1387 2085 1546 2152 facis,
1583 2091 1643 2139 ut

59 2189 325 2259 producas
350 2188 488 2257 quod
514 2200 620 2241 non
639 2194 858 2256 apparet
883 2185 905 2216 ¹
926 2225 941 2251 ,
976 2182 1224 2252 majestas
1253 2180 1340 2235 illa
1368 2179 1542 2234 divina
1564 2175 1643 2230 fa-

62 2295 182 2335 cere
207 2294 303 2334 sua
332 2279 525 2333 virtute
551 2293 655 2331 non
681 2276 908 2346 poterit,
952 2282 1010 2328 ut
1033 2288 1152 2344 quae
1179 2273 1391 2327 interim
1418 2285 1522 2326 non
1557 2269 1641 2324 vi-

63 2369 254 2425 dentur
276 2367 552 2424 excutiat?
578 2366 704 2421 Mihi
737 2365 916 2429 crede,
945 2370 1124 2434 potest
1145 2362 1320 2417 omnia
1348 2362 1508 2418 Deus.

126 2462 186 2514 4.
210 2459 442 2514 Christus
467 2461 692 2530 futuram
717 2457 1126 2511 resurrectionem
1154 2454 1468 2522 testiﬁcatur.
1514 2451 1646 2506 Item

63 2551 279 2619 apostoli
309 2559 357 2603 et
382 2557 625 2619 martyres
645 2588 659 2612 ,
695 2557 740 2602 et
772 2546 1181 2601 Machabatorttm
1211 2554 1388 2599 mater.
1421 2574 1492 2585 -—
1536 2543 1647 2598 Hoc

67 2651 269 2694 tantum
314 2639 527 2709 require
550 2679 566 2705 ,
608 2647 787 2692 utrum
831 2636 1136 2706 promiserit
1170 2650 1230 2690 se
1257 2635 1435 2691 facere
1460 2649 1642 2690 resur-

68 2733 366 2787 rectionem
410 2749 424 2786 :
463 2741 519 2786 et
558 2743 679 2784 cum
726 2729 1042 2799 promissam
1093 2734 1356 2782 tantorum
1398 2726 1648 2781 didiceris

68 2823 389 2877 testimoniis
412 2861 428 2886 ,
475 2821 582 2876 imo
606 2834 727 2875 cum
755 2820 919 2889 ipsius
944 2819 1141 2874 Christi
1169 2817 1377 2872 Domini
1416 2816 1644 2874 certissi-

68 2927 214 2968 mam
241 2912 440 2967 habeas
464 2911 760 2967 cautionem
785 2949 800 2974 ,
847 2909 1190 2966 continuatus
1231 2909 1336 2964 ﬁde
1357 2950 1372 2975 ,
1420 2917 1647 2963 mortem

65 3007 254 3061 desine
268 3006 381 3074 jam
409 3005 616 3059 timere.
645 3003 744 3072 Qui
770 3001 916 3058 enim
941 3002 1093 3057 timet
1115 3001 1286 3057 adhuc
1305 3041 1321 3067 ,
1353 2999 1607 3056 discredit
1633 3015 1649 3054 :

65 3099 157 3168 qui
203 3096 496 3163 discredit,
547 3103 820 3166 peccatum
862 3094 1131 3154 contrahit
1173 3094 1500 3160 insanabile,
1525 3093 1650 3164 quia

68 3205 163 3243 sua
205 3187 579 3244 incredulitate
617 3187 778 3242 audet
817 3186 985 3242 Deum
1027 3195 1121 3241 aut
1167 3185 1515 3256 impotentem
1559 3194 1654 3239 aut

67 3289 218 3335 certe
258 3293 565 3334 asseverare
600 3277 932 3334 mendacem.
981 3277 1085 3333 Sed
1114 3292 1223 3333 non
1251 3279 1322 3332 ita
1349 3278 1490 3333 beati
1527 3292 1655 3348 apo-

69 3373 218 3436 stoli,
247 3387 356 3426 non
382 3372 452 3426 ita
487 3371 656 3427 sancti
684 3379 946 3442 martyres
967 3370 1213 3441 probant.
1239 3370 1501 3440 Apostoli,
1531 3383 1654 3439 pro-

73 3474 192 3530 pter
235 3461 376 3517 hanc
419 3461 851 3532 medicationem
896 3461 1340 3529 resurrectionis,
1385 3461 1655 3516 Christum

71 3554 438 3610 resurrexisse
465 3552 790 3623 praedicant,
833 3561 888 3608 et
912 3552 964 3607 in
992 3552 1107 3622 ipso
1136 3560 1374 3608 mortuos
1399 3553 1660 3608 suscitan-

71 3646 171 3700 dos
202 3645 556 3710 annuntiant,
597 3659 700 3700 nec
735 3653 962 3700 mortem
1006 3659 1104 3709 nec
1153 3652 1413 3700 tormenta
1440 3657 1658 3699 recusa-

73 3746 270 3793 verunt
297 3751 401 3792 nec
435 3750 640 3819 cruces.
687 3735 745 3792 Si
773 3751 900 3807 ergo
924 3737 979 3791 in
1005 3751 1099 3792 ore
1126 3736 1353 3791 duorum
1378 3737 1460 3792 vel
1502 3736 1658 3792 trium

73 3829 294 3883 testium
323 3835 429 3882 stat
456 3843 614 3884 omne
641 3828 866 3882 verbum
896 3845 909 3881 :
951 3828 1274 3883 resurrectio
1300 3837 1656 3896 mortuorum,

73 3920 160 3974 cui
202 3929 279 3974 tot
307 3929 361 3975 et
389 3927 496 3974 tam
525 3919 698 3976 idonei
731 3928 894 3976 testes
920 3921 1213 3988 exsistunt,
1257 3921 1342 3976 cui
1380 3937 1499 3977 cum
1530 3921 1663 3977 εσυ.

73 4011 230 4066 sione
257 4009 532 4079 sanguinis
559 4011 916 4066 testimonium
941 4011 1156 4080 dicunt,
1192 4011 1461 4082 quomodo
1489 4022 1664 4082 potest

77 4103 128 4155 in
159 4102 390 4156 dubium
428 4101 706 4158 revocari?
747 4101 885 4173 Quid
930 4111 1108 4164 autem
1148 4105 1318 4159 sancti
1365 4105 1664 4176 martyres?

77 4194 384 4250 habuerunt
408 4202 609 4250 certam
653 4209 802 4264 spem
848 4194 1288 4259 resurrectionis,
1333 4196 1551 4250 annon?
1607 4195 1662 4250 Si

75 4302 188 4341 non
218 4286 569 4351 habuissent,
613 4302 718 4342 non
747 4286 927 4356 utique
965 4300 1062 4355 per
1101 4295 1278 4342 tantos
1316 4287 1584 4343 cruciatus
1609 4295 1665 4342 et

77 4396 269 4450 plenas
301 4388 529 4435 mortem
560 4394 657 4449 pro
686 4380 832 4434 lucro
875 4381 1104 4435 maximo
1131 4379 1490 4449 suscepissent
1514 4397 1526 4434 :
1556 4396 1662 4435 non

77 4473 387 4543 cogitabant
410 4473 667 4542 supplicia
690 4471 988 4541 prtesentia,
1007 4472 1102 4530 sed
1127 4474 1338 4540 praemia
1361 4483 1663 4544 sequutura.

77 4563 337 4619 Sciebant
357 4563 556 4618 dictum
577 4604 592 4628 ,
623 4562 749 4630 ρυω
766 4563 996 4616 uidentur
1014 4605 1030 4628 ,
1060 4563 1127 4616 ad
1150 4573 1343 4634 tempus
1367 4573 1519 4630 sunt;
1554 4582 1666 4636 qua

79 4667 250 4710 autent
280 4673 385 4710 non
428 4656 691 4719 uidentur,
726 4665 914 4710 aeterna
941 4664 1053 4709 sunt
1085 4656 1158 4725 (2.
1183 4654 1302 4713 Cor.
1325 4658 1378 4712 4.
1411 4658 1523 4727 18).
1559 4660 1667 4713 Au-

81 4749 193 4802 ditc
211 4789 225 4812 ,
259 4747 455 4802 fratres
477 4788 492 4814 ,
519 4747 728 4802 virtutis
755 4746 1078 4815 exemplum.
1109 4746 1272 4802 Mater
1292 4757 1498 4818 septem
1527 4749 1666 4804 ﬁlios

81 4839 431 4904 hortabatur,
477 4846 534 4892 et
576 4853 679 4891 non
724 4836 974 4907 lugebat,
1027 4837 1120 4891 sed
1149 4838 1326 4906 potius
1353 4839 1666 4896 ltetabatur:

78 4927 300 4982 videbat
327 4927 462 4982 ﬁlios
490 4942 616 4982 suos
642 4928 851 4998 ungulis
889 4927 1041 4991 radi,
1089 4927 1234 4983 ferro
1273 4931 1478 4986 concidi
1496 4971 1516 4995 ,_
1553 4946 1667 4984 sar-

76 5020 260 5087 tagine
288 5018 491 5084 assari;
529 5028 586 5073 et
611 5031 717 5071 non
743 5017 1003 5088 lacrymas
1029 5017 1312 5082 fundebat,
1358 5035 1468 5076 non
1501 5021 1669 5084 ulula-

74 5124 159 5165 tus
191 5110 456 5174 tollebat,
501 5109 598 5168 sed
623 5109 850 5173 sollicite
869 5109 935 5164 ad
965 5110 1298 5166 tolerantiam
1322 5112 1458 5168 filios
1483 5112 1667 5180 horta.

71 5204 252 5258 batur.
290 5202 410 5257 Non
435 5203 576 5258 enim
603 5211 718 5258 erat
747 5203 835 5258 illa
859 5202 1090 5259 crudelis
1114 5204 1314 5274 utique,
1343 5206 1436 5260 sed
1463 5206 1664 5262 fidelis:

68 5296 299 5349 amabat
326 5295 493 5359 ﬁlios,
536 5308 642 5348 non
665 5293 888 5349 delicate
910 5335 926 5361 ,
953 5294 1046 5350 sed
1074 5295 1304 5351 fortiter.
1351 5296 1670 5354 llortabatur

131 5410 146 5440 ³
193 5407 541 5478 lnveteribus
562 5409 724 5467 aditis,
747 5407 818 5459 sic
855 5421 966 5478 rore
989 5411 1143 5460 sancti
1184 5410 1398 5478 Spiritus
1421 5427 1529 5464 ossa
1551 5411 1671 5478 ﬁde-

70 5468 189 5580 lﬂn
215 5470 418 5581 ftisitatu
441 5484 553 5520 cum
587 5485 669 5521 sue
693 5483 894 5534 corpore
935 5472 983 5523 in
1022 5468 1251 5523 retentam
1273 5474 1481 5538 gloriam
1498 5468 1670 5540 germi-

70 5545 84 5576 ι
117 5548 126 5560 ι
163 5546 214 5579 ια
261 5569 276 5580 .

69 5545 254 5580 11601οα
261 5569 276 5580 .

75 5654 83 5660 .
131 5597 152 5626 ν
189 5603 332 5661 tunc,
358 5600 408 5642 ut
432 5589 669 5663 producas
693 5594 824 5663 quod
843 5602 1187 5663 non_appnrel,
1232 5606 1283 5648 et
1316 5613 1448 5662 mox,
1483 5606 1533 5651 ut
1562 5613 1670 5663 qua:

69 5658 276 5708 interim
300 5669 395 5706 non
421 5658 640 5704 ridentur
661 5660 890 5717 excutiat,
921 5659 1102 5709 desunt
1125 5660 1174 5708 in
1198 5668 1276 5710 tus.

391 5749 665 5812 Parant.
715 5751 806 5812 (in
821 5798 834 5812 .
882 5751 1038 5815 LVI.

1197 243 1288 301 DE
1325 236 1671 307 CQNSOLAT
1677 233 1833 294 IGNE
1868 233 2136 291 MORTIS.

3202 226 3308 282 δίη

1723 349 1862 403 ﬁlios
1885 349 1950 403 ad
1978 347 2278 419 passionem
2304 388 2319 413 ,
2360 359 2516 415 quam
2543 342 2780 414 gaudens
2809 342 2920 412 ipsa
2949 355 3162 412 quoque
3187 357 3308 397 sus-

1722 439 1881 510 cepit.
1930 439 2058 493 Erat
2090 438 2231 493 enim
2288 436 2356 492 de
2394 451 2488 490 sua
2519 443 2573 490 et
2610 449 2826 490 suorum
2866 433 3093 488 ﬁliorum
3124 449 3307 488 resur-

1725 531 1964 587 rectione
2002 543 2211 584 secura.
2270 525 2406 593 Quid
2451 526 2638 595 loquar
2675 525 2838 591 viros,
2887 524 3011 594 quid
3061 523 3308 589 feminas,

1727 621 1851 690 quid
1870 635 2083 690 pueros,
2107 618 2232 688 quid
2262 617 2500 686 puellas?
2528 615 2796 687 quomodo
2818 616 2916 671 sibi
2943 613 3009 670 de
3027 615 3124 670 ista
3139 625 3311 669 morte

1729 713 2000 776 luserunt,
2051 709 2318 779 quomodo
2362 723 2572 763 summa
2617 707 2892 763 celeritate
2934 705 3001 760 ad
3043 705 3310 761 caelestem

1729 803 1972 859 militiam
2020 801 2382 856 transierunt?
2426 799 2683 855 Poterant
2729 798 2915 867 utique
2965 796 3031 851 ad
3076 811 3316 868 prmseus

1728 897 1914 952 vivere
1934 897 1979 951 si
2007 895 2321 960 voluissent,
2346 894 2466 964 quia
2494 895 2546 948 in
2578 892 2706 962 ipsis
2728 900 2843 948 erat
2873 891 3098 960 positum
3122 932 3136 958 ,
3161 888 3310 945 Chri-

1733 998 1872 1045 stum
1902 987 2143 1058 negando
2169 987 2450 1051 viverent,
2481 994 2570 1040 aut
2599 983 2901 1039 confitendo
2924 991 3263 1038 morerentur
3292 997 3306 1033 :

1734 1080 1830 1136 sed
1877 1079 2045 1149 magis
2089 1079 2367 1149 elegerunt
2390 1078 2554 1132 vitam
2595 1075 2854 1147 projicere
2892 1084 3314 1144 temporaneam,

1735 1180 1792 1228 et
1810 1171 1970 1226 vitam
1996 1184 2269 1226 assumere
2296 1169 2676 1240 sempiternam
2700 1210 2715 1236 ,
2747 1165 2966 1253 excludi.
2984 1166 3050 1222 de
3074 1174 3234 1233 terra,
3266 1175 3321 1221 et

1737 1266 1972 1321 incolere
1990 1266 2200 1322 caelum.

1808 1359 1861 1413 5.
1891 1355 2136 1412 Formido
2157 1356 2330 1412 mortis
2354 1355 2659 1411 excluditur.
2685 1385 2757 1396 -
2779 1353 2920 1409 inter
2936 1353 3073 1420 haec,
3105 1351 3319 1420 fratres,

1739 1451 1859 1521 quis
1885 1447 2230 1505 dubitationis
2259 1458 2341 1504 est
2373 1447 2562 1504 locus?
2605 1448 2695 1503 ubi
2726 1457 2909 1518 potest
2932 1446 3105 1502 adhuc
3134 1445 3324 1500 mortis

1740 1543 1981 1599 residere
2008 1542 2276 1597 formido?
2307 1541 2364 1597 Si
2391 1551 2684 1614 martyrum
2711 1555 2893 1596 sumus
2924 1539 3038 1603 filii,
3070 1539 3113 1592 si
3136 1552 3324 1592 eorum

1741 1635 1870 1689 socii
1892 1634 2136 1690 volumus
2162 1632 2408 1700 inveniri,
2452 1649 2558 1687 non
2586 1632 2967 1688 contristcmur
2995 1636 3189 1694 morte,
3220 1643 3324 1681 non

1742 1725 2017 1795 lugeamus
2061 1738 2243 1790 caros,
2293 1724 2382 1794 qui
2431 1739 2529 1779 nos
2567 1722 2874 1794 praecedunt
2913 1722 2980 1777 ad
3018 1721 3323 1776 Dominum.

1743 1815 1874 1870 Nam
1905 1814 1948 1870 si
1989 1814 2238 1885 plangere
2268 1814 2628 1880 voluerimus,
2677 1813 2776 1882 ipsi
2818 1813 2970 1868 nobis
2998 1811 3332 1866 insultabunt

1745 1907 1886 1962 beati
1926 1915 2208 1977 martyres,
2254 1913 2309 1960 ct
2334 1904 2510 1961 dicent
2539 1921 2555 1959 :
2583 1904 2628 1960 Ο
2659 1903 2840 1960 fideles
2867 1904 2880 1958 !
2927 1919 2960 1958 ο
2984 1917 3207 1974 regnum
3232 1901 3328 1956 Dei

1745 1999 2059 2071 cupientes!
2109 2012 2205 2054 vos
2245 1999 2334 2068 qui
2369 2013 2523 2054 caros
2547 2007 2755 2054 vestros
2785 1997 3011 2054 delicate
3038 1997 3329 2052 morientes

1748 2095 1800 2150 in
1831 2095 1981 2149 lectis
2012 2094 2192 2165 utique
2221 2099 2275 2147 et
2299 2093 2492 2163 plumis
2513 2133 2527 2160 ,
2572 2107 2692 2148 cum
2733 2107 2966 2147 mcerorc
2995 2089 3246 2165 plangitis
3273 2097 3330 2142 et

1748 2183 1957 2255 lugetis,
1987 2184 2030 2238 si
2055 2198 2148 2240 eos
2177 2199 2206 2238 a
2231 2184 2514 2255 gentilibus
2536 2192 2753 2254 propter
2765 2197 2957 2238 nomen
2983 2181 3189 2235 Domini
3210 2194 3334 2234 cru-

1746 2274 1874 2330 ciari
1897 2284 1950 2330 et
1970 2274 2476 2340 interﬁcivideretis,
2491 2273 2615 2345 quid
2632 2272 2818 2327 facturi
2833 2271 3066 2328 essetis?
3091 2271 3198 2325 Aut
3227 2285 3332 2323 non

1748 2368 1899 2423 vobis
1915 2368 2185 2437 praecessit
2203 2367 2542 2438 exemplum?-
2561 2365 2826 2420 Abraham
2852 2361 3149 2435 patriarcha
3166 2361 3332 2416 ﬁlium

1752 2459 1967 2514 unicum
1994 2459 2225 2516 offerens
2246 2457 2567 2515 sacriﬁcium
2590 2500 2604 2525 ,
2636 2457 2811 2529 gladio
2836 2455 3154 2512 obedientiae
3171 2452 3333 2523 jugu-

1751 2554 1876 2608 lavit
1905 2552 2055 2624 (Gen.
2083 2551 2174 2607 22.
2208 2552 2297 2624 l0)
2330 2569 2344 2605 :
2371 2567 2470 2608 nec
2490 2551 2558 2619 ei,
2577 2566 2734 2622 quem
2758 2557 2905 2604 tanto
2925 2562 3108 2603 amore
3127 2546 3332 2611 dilexit,

1751 2645 2055 2715 pepercit‘,
2104 2651 2161 2698 ut
2208 2643 2431 2699 Domino
2469 2642 2725 2697 obediens
2751 2641 3092 2712 probaretur.
3151 2637 3254 2694 Sed
3286 2636 3329 2690 si

1754 2737 1947 2792 dicatis
1968 2778 1982 2804 ,
2032 2737 2176 2792 illum
2224 2745 2444 2808 propter
2488 2737 2581 2792 Dei
2614 2736 2715 2791 hoc
2742 2736 2932 2790 fecisse
2962 2741 3287 2806 praeceptum
3321 2747 3336 2782 :

1753 2839 1806 2884 et
1831 2844 1927 2884 vos
1948 2828 2154 2884 habetis
2185 2837 2528 2900 pneceptum,
2558 2837 2615 2883 ut
2640 2843 2743 2882 non
2773 2827 2949 2882 tristes
2973 2827 3091 2881 sitis
3116 2825 3184 2880 de
3213 2824 3340 2879 dor-

1753 2922 2061 2978 mientibus.
2113 2921 2211 2989 Qui
2252 2937 2380 2993 ergo
2428 2921 2646 2977 minima
2691 2938 2796 2978 non
2843 2928 3086 2986 servant,
3135 2918 3336 2988 majora

1756 3013 1968 3084 quando
1996 3013 2326 3069 servabunt?
2375 3015 2456 3069 An
2499 3013 2745 3079 nescitis,
2785 3013 2908 3084 quia
2932 3013 3141 3067 animus
3170 3011 3256 3079 qui
3285 3009 3337 3062 in

1761 3105 1954 3160 talibus
2005 3104 2282 3176 frangitur,
2333 3104 2400 3160 ad
2443 3105 2666 3160 fortiora
2720 3103 2981 3175 reprobus
3031 3103 3340 3158 invenitur?

1759 3197 1890 3263 Quis
1915 3197 2107 3251 timens
2135 3197 2307 3250 rivum
2326 3237 2341 3263 ,
2382 3210 2532 3251 mare
2561 3196 2861 3268 aliquando
2887 3192 3224 3263 ingreditur?
3249 3191 3339 3246 Sic

1760 3286 1848 3357 qui
1879 3286 2078 3356 plangit
2109 3286 2450 3356 impatienter
2473 3285 2756 3351 amissum,
2801 3284 3014 3355 quando
3041 3284 3237 3355 poterit
3271 3283 3339 3336 ad

1759 3377 1999 3449 martyrii
2041 3377 2318 3448 pervenire
2360 3377 2670 3433 certamen?
2715 3377 2846 3432 Nam
2875 3377 2961 3445 qui
2991 3377 3044 3431 in
3089 3377 3171 3431 his
3207 3389 3340 3432 con-

1761 3477 1907 3524 stans
1945 3477 1997 3524 et
2043 3469 2410 3540 magnanimus
2457 3469 2696 3534 exsistit,
2741 3471 2853 3540 iam
2891 3469 2991 3524 sibi
3030 3467 3249 3540 gradum
3273 3467 3339 3521 ad

1761 3561 1968 3631 potiora
1997 3561 2304 3617 substernit.
3048 3543 3049 3547 “

1835 3655 1889 3708 6.
1936 3652 2208 3724 Egregium
2250 3651 2465 3708 Davidis
2509 3654 2812 3724 exemplum.
2879 3652 3050 3708 Vestes
3091 3653 3250 3724 nigrae
3290 3651 3344 3704 in

1768 3743 1998 3799 luctibus.
2037 3773 2110 3784 —
2149 3743 2429 3800 Sufﬁciunt
2457 3749 2602 3813 lucc,
2651 3745 2841 3801 fratres
2862 3788 2875 3810 ,
2907 3744 2972 3799 ad
3000 3746 3189 3800 mortis
3216 3761 3346 3801 con-

1767 3845 2046 3906 temptum,
2069 3845 2123 3891 et
2140 3837 2204 3892 ad
2232 3838 2345 3906 spei
2371 3831 2561 3893 futurae
2583 3837 3063 3892 conﬁrmationem.
3087 3836 3351 3910 Superest

1767 3939 1825 3983 ut
1872 3944 2030 3983 unum
2075 3927 2144 3984 de
2189 3928 2459 3984 veteribus
2505 3930 2804 3999 exemplum
2847 3929 3150 4000 proferam,
3203 3927 3345 3998 quod

1767 4036 1980 4077 omnem
2007 4023 2423 4077 consolationem
2454 4022 2630 4088 faciat,
2666 4033 2719 4078 et
2741 4024 2882 4092 quod
2908 4024 3068 4077 etiam
3101 4021 3347 4092 patienti-

1767 4115 1866 4170 bus
1886 4115 2062 4170 cordis
2086 4114 2304 4169 auribus
2322 4115 2444 4169 volo
2472 4130 2658 4170 omnes
2677 4115 2882 4169 audire.
2925 4114 3085 4168 David
3117 4129 3210 4168 rex
3236 4129 3347 4168 ma-

1766 4221 1902 4277 gnus
1925 4206 2089 4260 ﬁlium
2115 4205 2367 4261 dilectum
2389 4248 2402 4271 ,
2444 4221 2600 4277 quem
2639 4207 2776 4261 sicut
2809 4207 3039 4260 animam
3077 4205 3345 4276 propriam

1768 4298 2039 4368 diligebat,
2071 4297 2376 4353 inﬁrmitate
2411 4313 2721 4369 percussum
2785 4298 3246 4368 impatientissime
3274 4296 3349 4351 fc-

1769 4390 1919 4445 rebat
1949 4389 2023 4460 (2.
2057 4389 2184 4460 Reg.
2217 4388 2304 4444 l2.
2332 4389 2418 4445 l6.
2449 4389 2608 4461 seqq.)
2642 4407 2654 4443 :
2699 4398 2753 4444 et
2789 4404 2914 4444 cum
2968 4389 3199 4444 humana
3237 4388 3347 4458 jam

1769 4482 1962 4536 auxilia
1989 4482 2118 4535 nihil
2149 4481 2492 4550 prodessent,
2537 4482 2770 4552 seipsum
2793 4482 3057 4536 convertit
3079 4480 3144 4535 ad
3171 4479 3352 4534 Domi-

1771 4589 1919 4640 num,
1948 4572 2188 4642 deposita
2219 4572 2383 4641 regali
2419 4571 2602 4642 gloria,
2645 4571 2782 4626 sedit
2822 4572 2874 4626 in
2905 4581 3075 4637 terra,
3101 4571 3269 4641 iacuit
3297 4571 3348 4625 in

1770 4665 1964 4731 cilicio,
1987 4681 2092 4720 non
2112 4665 2468 4732 manducavit,
2491 4680 2596 4719 non
2618 4665 2770 4731 bibit,
2792 4674 2998 4735 septem
3017 4665 3202 4719 diebus
3223 4679 3349 4720 con-

1771 4759 1932 4814 tinuis
1978 4774 2139 4814 orans
2184 4759 2380 4824 Deum,
2433 4759 2478 4813 si
2529 4757 2664 4812 forte
2710 4758 2810 4813 sibi
2860 4757 3000 4811 filius
3039 4756 3351 4812 donaretur.

1772 4850 2126 4904 Accesserunt
2159 4849 2400 4904 seniores
2423 4847 2616 4902 domus
2641 4847 2756 4915 ejus
2779 4889 2794 4913 ,
2826 4847 3163 4902 consolantes
3191 4862 3350 4919 roga-

1771 4949 1966 4994 verunt
1989 4948 2046 4993 ut
2069 4955 2260 5010 panem
2293 4946 2546 5003 sumeret,
2571 4938 2725 4992 veriti
2757 4953 2824 4993 ne
2852 4937 3006 5002 forte,
3036 4937 3164 4992 dum
3187 4936 3353 4996 ﬁlium

1773 5033 1931 5088 vellet
1956 5033 2165 5099 vivere,
2200 5031 2312 5101 ipse
2337 5039 2460 5085 ante
2488 5029 2760 5085 deﬁceret.
2805 5029 2919 5085 Non
2951 5037 3237 5101 potuerunt
3261 5043 3352 5082 ex-

1773 5131 2038 5194 torquere,
2081 5138 2188 5177 non
2225 5137 2449 5192 cogere;
2497 5137 2654 5177 amor
2693 5122 2836 5178 enim
2896 5121 3179 5193 impatiens
3216 5121 3354 5178 solet

1772 5215 2008 5284 pericula
2035 5215 2145 5284 ipsa
2176 5223 2540 5270 contemnere.
2588 5215 2736 5270 Jacet
2759 5231 2851 5271 rex
2880 5216 2931 5270 in
2958 5216 3206 5286 squalore
3239 5215 3355 5270 cili-

1773 5306 1843 5362 cii
1870 5314 2159 5377 :egrotante
2190 5305 2298 5360 ﬁlio
2326 5324 2340 5359 :
2370 5321 2468 5362 nec
2497 5307 2656 5362 verba
2686 5305 2888 5361 faciunt
2913 5307 3355 5373 consolationem,

1776 5413 1875 5453 ncc
1918 5398 2029 5469 ipsa
2078 5412 2321 5454 escarum
2376 5398 2667 5454 necessitas
2711 5408 2886 5455 vocat.
2943 5399 3091 5456 Mens
3143 5400 3353 5456 tristitia

1843 5664 1856 5694 ¹
1894 5668 1998 5723 tts.,
2021 5674 2108 5713 nec
2129 5667 2259 5712 tanta
2281 5674 2415 5713 utitor
2439 5667 2668 5727 peperat.
2912 5729 2982 5791 ‘9
