3720 6274
384 214 484 306 sos
502 212 509 217 ’

386 383 621 453 pascitur
644 386 681 450 ¹,
715 392 898 454 pectus
922 386 1106 444 dolore
1132 390 1552 457 reﬁciturgoculi
1590 392 1850 463 laerytnas
1876 405 1975 462 pro

383 474 595 543 potibus
625 474 813 531 ﬂuunt.
847 476 989 533 Inter
1019 479 1132 534 inec
1159 480 1354 535 factum
1382 490 1462 537 est
1494 482 1634 553 quod
1663 483 1975 539 decreverat

384 567 524 621 Deus
553 585 570 624 :
599 569 825 624 moritur
866 585 1019 641 puer.
1063 570 1209 627 Uxor
1252 574 1304 627 in
1343 573 1520 641 luctu,
1564 581 1672 628 tota
1701 574 1890 629 domus
1920 575 1970 628 in

382 658 615 729 planctu,
640 662 836 717 servuli
862 663 1056 734 pavidi,
1073 663 1199 734 quid
1220 665 1371 721 ﬁeret
1395 675 1750 721 exmstuantes
1774 685 1789 722 :
1812 681 1973 722 nemo

379 750 522 805 enim
553 750 784 807 audebat
810 751 1229 809 domino-ﬁlium
1255 765 1529 810 mortuum
1566 755 1812 811 nuntiare
1835 797 1850 823 ,
1900 756 1971 809 ti-

380 851 590 899 mentes
632 842 815 914 utique
835 885 851 911 ,
893 860 961 900 ne
990 844 1079 900 ille
1105 845 1296 916 quisic
1325 846 1665 917 impatienter
1688 847 1863 903 adhuc
1892 847 1971 901 vi-

380 950 503 989 vum
527 934 760 1006 lugebat,
784 935 829 991 si
856 936 1090 993 audisset
1108 948 1396 1005 mortuum,
1421 941 1542 995 vitae
1566 939 1762 997 faceret
1784 940 1967 996 ﬁnem.

381 1026 517 1082 Dum
565 1037 813 1097 strepunt
859 1028 1042 1085 famuli
1071 1030 1210 1087 inter
1236 1045 1315 1097 se,
1343 1031 1469 1086 dum
1517 1032 1695 1090 tristes
1734 1033 1870 1088 alter
1903 1033 1968 1088 ad

377 1117 605 1172 alterum
632 1118 812 1176 dicere
836 1130 928 1176 aut
956 1121 1145 1177 snadet
1170 1132 1263 1177 aut
1292 1132 1468 1187 vetat,
1503 1124 1757 1180 intellexit
1780 1126 1964 1192 David,

376 1212 636 1280 praevenit
664 1213 912 1281 nuntios,
955 1229 1021 1269 an
1065 1217 1225 1271 vitam
1271 1217 1410 1272 ﬁlius
1450 1218 1758 1275 exhalasset
1806 1220 1970 1275 inter-

376 1311 547 1372 rogat.
590 1301 797 1375 Negare
822 1319 928 1361 non
959 1316 1212 1375 possunt,
1245 1306 1441 1365 factum
1474 1308 1686 1366 ﬂetibus
1713 1311 1965 1367 indicant.

376 1392 461 1450 Fit
489 1410 783 1453 concursus
810 1398 1057 1453 insolitus
1086 1402 1128 1465 ',
1174 1404 1507 1472 exspectatio
1534 1404 1751 1473 grandis
1775 1412 1830 1461 et
1855 1422 1970 1461 mc-

378 1494 463 1542 tus
483 1528 498 1552 ,
538 1504 605 1543 ne
631 1488 755 1559 quid
785 1490 886 1544 sibi
917 1490 1137 1559 periculi
1166 1492 1284 1561 pius
1331 1501 1482 1561 pater
1532 1492 1750 1553 inferat.
1792 1495 1972 1567 Surgit

375 1579 632 1634 continuo
672 1595 766 1636 rex
808 1580 971 1636 David
1000 1580 1068 1636 de
1104 1581 1277 1637 cilicio
1302 1624 1317 1648 ,
1361 1583 1531 1652 surgit
1565 1583 1783 1647 hilaris,
1818 1585 1967 1655 quasi

378 1670 543 1725 ﬁlium
584 1687 739 1727 suum
782 1672 1017 1729 audisset
1055 1672 1375 1729 incolumem
1407 1692 1421 1730 :
1455 1675 1595 1731 vadit
1623 1675 1690 1730 ad
1722 1676 1966 1743 balneas,

378 1761 520 1816 lavat
544 1763 944 1833 corpusculum,
989 1764 1133 1820 vadit
1157 1764 1225 1821 ad
1253 1765 1531 1837 templum,
1556 1767 1749 1823 adorat
1777 1770 1966 1836 Deum,

376 1854 624 1923 epulatur
657 1870 779 1910 cum
822 1857 1045 1931 amica,
1090 1858 1418 1928 compressis
1457 1859 1721 1929 suspiriis,
1769 1862 1969 1932 gemitu

375 1946 524 2003 omni
553 1947 798 2019 deposito
818 1990 833 2018 ,
877 1950 1026 2005 vultu
1048 1949 1161 2020 jam
1185 1951 1328 2006 laeto.
1380 1951 1636 2007 Mirantur
1663 1952 1966 2019 domestici,

375 2049 593 2111 stupent
636 2043 790 2098 amici
840 2059 1035 2100 novam
1080 2052 1135 2100 et
1178 2044 1408 2119 subitam
1456 2046 1864 2102 conversionem
1892 2046 1914 2078 ³
1951 2064 1965 2101 :

374 2135 571 2193 audent
599 2136 829 2209 denique
854 2138 1190 2209 interrogare
1212 2178 1227 2204 ,
1255 2138 1382 2210 quid
1410 2138 1511 2194 sibi
1541 2139 1707 2196 vellet
1741 2139 1844 2195 hoc
1863 2147 1971 2208 ,λιι

374 2242 495 2283 cum
523 2229 737 2286 vivente
763 2230 873 2286 lilio
902 2231 979 2286 sic
1001 2230 1270 2300 doluerit,
1317 2243 1531 2288 mortuo
1574 2247 1679 2288 non
1718 2231 1970 2289 doleret?

376 2322 677 2393 Respondit
722 2324 803 2378 vir
854 2324 946 2379 ille
996 2324 1439 2396 magnanimitate
1483 2325 1824 2396 praecipuus:
1865 2325 1972 2383 Ne-

375 2429 529 2471 cesse
576 2416 674 2471 fuit
716 2431 837 2473 eum
864 2417 1038 2473 adhuc
1065 2418 1269 2473 viveret
1293 2418 1435 2473 ﬁlius
1457 2460 1473 2486 ,
1504 2427 1559 2474 et
1585 2417 1888 2485 humiliari,
1917 2426 1972 2475 et

371 2509 620 2580 jejunare
638 2551 653 2575 ,
696 2520 751 2566 et
779 2511 962 2582 lugere
991 2511 1044 2566 in
1074 2519 1364 2581 conspectu
1388 2510 1636 2578 Domini;
1682 2518 1800 2567 erat
1826 2510 1969 2567 enim

376 2618 500 2672 Spes
527 2601 844 2675 impetrandi
866 2610 1216 2659 commeatus
1244 2602 1365 2657 vita:
1398 2610 1500 2657 :at
1530 2616 1660 2658 vero
1690 2609 1970 2673 postquam

375 2696 622 2751 voluntas
656 2695 861 2750 Domini
908 2694 1044 2751 facta
1084 2702 1200 2761 est,
1227 2694 1463 2750 stultum
1510 2701 1595 2751 est
1628 2702 1684 2750 et
1722 2693 1967 2765 impium,

377 2788 615 2843 animum
642 2788 1036 2845 lamentatione
1074 2786 1246 2844 inutili
1292 2788 1549 2843 macerari
1575 2802 1599 2842 ς
1630 2786 1709 2842 sic
1746 2785 1968 2842 dicens:

381 2879 492 2952 Ego
517 2880 597 2935 ibo
628 2880 694 2934 ad
719 2880 884 2949 illum,
912 2878 1000 2934 ille
1025 2895 1126 2934 non
1154 2888 1425 2934 revertetur
1452 2878 1521 2931 ad
1535 2894 1612 2932 me
1632 2877 1709 2950 (2.
1727 2877 1857 2949 Reg.
1878 2875 1966 2930 12.

376 2973 495 3045 28).
547 2974 686 3029 Ecce
729 2972 1033 3042 exemplum
1062 2970 1516 3043 magnanimitatis
1543 2979 1706 3040 atque
1733 2968 1965 3025 virtutis.

377 3066 527 3134 Quod
556 3067 600 3120 si
628 3066 718 3121 ille
749 3065 912 3122 David
931 3106 948 3134 ,
976 3064 1153 3121 adhuc
1175 3063 1277 3120 sub
1306 3064 1421 3134 lege
1454 3063 1661 3133 positus
1684 3102 1699 3128 ,
1731 3061 1832 3117 sub
1856 3061 1967 3127 illa,

378 3174 481 3214 non
508 3159 629 3214 dico
658 3159 901 3225 licentia,
950 3157 1046 3213 sed
1084 3157 1405 3213 necessitate
1433 3154 1863 3221 lamentationis,
1890 3154 1971 3209 sic

376 3250 613 3305 animum
641 3265 671 3304 a
696 3249 1206 3306 luctuirrationabili
1229 3248 1497 3320 separavit
1518 3246 1559 3315 ἓ,
1589 3246 1667 3302 sic
1698 3246 1967 3302 tristitiam

377 3361 526 3401 suam
558 3360 885 3416 suorumque
912 3343 1238 3415 compescuit
1272 3361 1287 3398 :
1310 3356 1408 3398 nos
1436 3341 1526 3413 qui
1547 3342 1657 3411 jam
1678 3340 1779 3396 sub
1802 3341 1967 3411 gratia

377 3452 561 3492 sumus
586 3479 599 3499 ,
633 3437 733 3493 sub
759 3445 905 3492 certa
929 3452 1023 3507 spe
1065 3433 1475 3490 resurrectionis
1499 3472 1515 3498 ,
1566 3432 1758 3502 quibus
1795 3431 1969 3485 omnis

380 3529 587 3583 tristitia
612 3528 967 3588 interdicitur.
999 3542 1103 3599 qua
1134 3527 1306 3581 fronte
1334 3535 1574 3580 mortuos
1598 3533 1810 3579 nostros
1837 3538 1969 3593 gen-

380 3622 549 3675 tilium
580 3636 727 3675 more
766 3619 1097 3690 plangimus.
1145 3618 1376 3673 ululatus
1406 3618 1624 3672 insanos
1649 3615 1965 3680 attollimus,

379 3712 538 3767 veluti
568 3711 675 3767 alio
713 3725 910 3781 genere
954 3710 1310 3776 bacchantes,
1346 3707 1847 3765 conscissistunicis
1872 3722 1967 3776 pe-

377 3813 526 3860 ctora
549 3803 831 3869 nudamus,
862 3802 1025 3858 verba
1052 3801 1227 3855 inania
1253 3809 1307 3856 et
1338 3800 1541 3853 nronias
1567 3800 1709 3855 circa
1731 3799 1753 3832 ⁸
1772 3813 1969 3868 corpus

378 3906 433 3953 et
468 3896 727 3952 tumulum
767 3893 1005 3951 defuncti
1029 3893 1339 3950 cantamus?
1364 3893 1646 3948 Postremo
1674 3891 1835 3947 etiam
1866 3907 1968 3961 qua

379 3994 586 4048 ratione
629 4000 804 4047 vestes
834 3991 1013 4062 nigras
1043 3990 1293 4061 tingimus
1316 4031 1330 4053 ,
1365 3988 1464 4043 nisi
1494 3995 1552 4043 ut
1588 4001 1688 4043 nos
1732 4002 1860 4043 vere
1887 3988 1969 4041 in-

379 4084 564 4141 ﬁdeles
605 4094 659 4139 et
704 4083 932 4138 miseros
957 4097 1064 4137 non
1113 4091 1316 4136 tantum
1366 4079 1615 4143 ﬂetibus,
1666 4078 1762 4136 sed
1792 4079 1967 4136 etiam

378 4177 615 4233 vestibus
640 4174 1038 4247 approbemus?
1068 4175 1251 4230 Aliena
1276 4182 1405 4229 sunt
1433 4175 1533 4229 ista
1552 4215 1573 4240 ,
1600 4172 1796 4229 fratres
1815 4215 1828 4236 ,
1872 4189 1971 4228 ex-

380 4278 563 4324 tranea
585 4276 728 4335 sunt,
758 4283 865 4323 non
893 4268 1056 4324 licent
1087 4283 1100 4319 :
1133 4276 1188 4322 et
1217 4267 1260 4321 si
1286 4267 1529 4333 licerent,
1561 4281 1664 4321 non
1693 4265 1965 4321 decereut.

378 4363 484 4419 Sed
515 4362 814 4433 aliqttantos
841 4361 909 4416 de
938 4360 1192 4415 fratribus
1221 4368 1275 4414 et
1314 4359 1588 4415 sororibus
1608 4400 1623 4418 .
1660 4359 1800 4412 licet
1837 4359 1968 4413 fides

380 4455 595 4525 propria
623 4463 677 4510 et
707 4462 1033 4524 prmceptum
1063 4450 1462 4508 Domini-fortes
1481 4452 1657 4518 faciat,
1689 4459 1968 4521 parentum

383 4555 562 4601 tamen
604 4554 659 4603 et
706 4544 1000 4601 vicinorum
1042 4543 1225 4612 opinio
1260 4542 1504 4598 debilitat
1544 4551 1598 4597 et
1635 4541 1870 4612 frangit:
1902 4558 1971 4597 ne

386 4637 581 4709 Iapidei
606 4648 660 4695 et
690 4638 946 4696 crudeles
987 4637 1322 4708 iudicentur,
1367 4637 1410 4691 si
1448 4635 1784 4707 prpereerint
1810 4637 1973 4689 vesti-

385 4740 569 4788 mento
597 4729 641 4795 ⁸,
684 4729 731 4785 si
770 4744 878 4786 non
922 4728 1125 4785 insanis
1154 4728 1383 4783 luctibus
1410 4726 1607 4781 fuerint
1631 4725 1967 4782 debacchati.

386 4826 452 4881 Et
476 4825 578 4881 hoc
601 4839 760 4896 quam
791 4838 986 4881 vanum
1013 4830 1131 4889 est,
1176 4837 1339 4893 quam
1386 4821 1643 4890 ineptum,
1693 4819 1972 4889 opiniones

380 4916 657 4977 hominum
684 4917 978 4972 errantium
1010 4914 1264 4984 cogitare,
1292 4921 1345 4968 et
1374 4927 1477 4966 non
1514 4910 1719 4975 timere,
1742 4924 1819 4965 ne
1846 4909 1971 4979 quid

383 5013 559 5066 minus
587 5009 745 5065 faciat
765 5008 833 5065 de
864 5008 967 5063 fide
992 5022 1150 5077 quam
1176 5005 1443 5076 suscepit!
1473 5003 1649 5071 Quare
1677 5017 1781 5056 non
1803 5001 1972 5071 magis

385 5104 541 5157 discit
570 5100 907 5158 tolerantiam
946 5099 1037 5155 ille
1063 5100 1151 5171 qui
1180 5098 1304 5154 talis
1331 5097 1457 5152 est?
1495 5112 1660 5167 quare
1689 5110 1795 5149 non
1826 5110 1857 5149 a
1885 5109 1972 5150 me

450 5262 463 5290 ί
504 5258 640 5316 Fditi,
684 5253 940 5315 necessitas
959 5252 1186 5316 atrocqvit.
1227 5251 1473 5316 tristitiam
1508 5252 1706 5315 patitur,
1726 5260 1798 5316 _et
1832 5265 1972 5316 mox,

384 5318 511 5371 oculi
535 5312 1050 5383 tacrymisperpetibus
1069 5315 1245 5381 ﬂuunt.
1277 5315 1410 5365 In‘fra
1432 5312 1567 5375 vero,
1598 5313 1795 5367 Domino
1818 5312 1974 5371 ﬁlium

385 5390 623 5435 mortuum
642 5382 911 5431 nominare.

448 5448 469 5478 ²
504 5452 607 5505 315.,
634 5441 712 5494 ῆι
730 5454 994 5493 concursus
1016 5439 1198 5492 solitus.
1224 5439 1373 5500 Infra,
1397 5452 1455 5490 ne
1477 5437 1594 5503 quid
1611 5437 1702 5489 sibi
1716 5433 1807 5503 ﬁlii
1823 5438 1975 5503 ipsius

421 5514 541 5558 nter.

386 5521 610 5627 pr'ie'i'm.
636 5564 1061 5627 conversationem,
1085 5567 1246 5616 minus
1266 5571 1424 5625 recte,
1449 5565 1498 5613 ni
1520 5562 1675 5613 fallor.

451 5633 471 5663 ι
506 5634 641 5689 Editi,
666 5628 925 5693 superat-it.

450 5696 473 5724 ει
507 5702 608 5748 us,
632 5700 676 5743 et
695 5692 815 5742 vana
838 5692 988 5742 circa.

454 5760 474 5790 ε
500 5756 635 5816 ilzec,
661 5755 703 5805 si
726 5754 1025 5820 pepercerim
1051 5752 1339 5815 rrstimrnto,
1362 5751 1535 5801 desunt
1565 5752 1609 5801 iu
1636 5758 1713 5800 \zs.

931 248 1000 305 's.
1026 245 1324 304 ’JOANNIS
1354 214 1851 303 cnnvsosrom
1890 247 2215 306 ARCHIEP.
2256 246 2365 307 cr.
2399 219 2808 313 DE'CONSOL.
2850 255 3131 337 MORTIS.

3591 258 3696 316 301

2078 390 2236 448 discit
2278 392 2438 449 fidem
2479 393 2569 450 ille
2606 395 2697 465 qui
2732 392 2941 453 dubius
2983 397 3108 453 est?
3150 396 3389 466 Quando
3424 397 3612 455 etiam
3643 400 3688 455 si

2080 491 2258 539 tantus
2296 484 2365 539 sit
2420 484 2574 541 dolor
2623 486 2887 556 ejusmodi
2939 489 3205 557 pectoris,
3246 491 3427 546 tacite
3481 489 3695 545 debeat

2079 574 2276 629 luctum
2314 590 2474 631 sensu
2510 576 2752 648 digerere
2780 579 2834 646 ί,
2878 587 3070 636 etnon
3111 580 3331 638 levitate
3369 582 3467 637 sui
3514 582 3689 637 animi

2077 664 2369 734 publicare.

2147 757 2201 811 7.
2231 756 2439 813 Ethnici
2469 760 2646 815 audita
2670 761 2770 831 ﬁlii
2798 772 2958 819 morte
2998 762 3210 818 dictum.
3236 762 3549 838 Plangendi
3576 764 3691 819 eth-

2077 849 2215 916 nici,
2285 849 2491 916 Judtet',
2559 861 2606 907 et
2650 855 2995 910 catechumeni
3039 857 3326 912 morientes.
3371 887 3451 899 —
3501 855 3690 913 Unum

2076 939 2252 996 adhuc
2282 942 2407 997 volo
2447 958 2746 1014 preponere
2773 946 3078 1016 exemplum
3104 947 3172 1003 ad
3199 948 3569 1020 corrigendos
3597 963 3693 1003 eus

2076 1031 2165 1103 qui
2193 1033 2366 1103 plangi
2397 1044 2637 1091 mortuos
2664 1037 3009 1093 arbitrantur.
3049 1039 3363 1110 Exemplum
3394 1049 3597 1096 autem
3625 1040 3691 1094 de

2078 1139 2403 1194 paganorum
2442 1127 2664 1183 historia
2684 1137 2803 1185 est.
2839 1130 2962 1186 Ruit
2988 1132 3204 1203 quidam
3233 1134 3689 1203 princepBJnSa-

2079 1232 2176 1273 nus
2222 1216 2333 1291 (a),
2373 1220 2462 1290 qui
2507 1220 2736 1276 habebat
2772 1221 2939 1278 ﬁlium
2969 1224 3192 1280 unicum
3214 1266 3230 1292 ,
3257 1227 3509 1296 satisque
3532 1224 3691 1280 dile-

2076 1318 2242 1364 ctum.
2290 1309 2388 1367 Hic
2427 1326 2551 1367 cum
2589 1312 2644 1366 in
2673 1311 2934 1383 Capitolio
2962 1314 3117 1371 idolis
3143 1316 3466 1387 suisgentili
3494 1331 3689 1373 errore

2076 1401 2435 1471 sacriﬁcaret,
2480 1403 2754 1459 nuntiatur
2800 1405 2851 1460 ei
2892 1404 3033 1476 quod
3071 1406 3213 1463 ﬁlius
3236 1407 3324 1463 ille
3352 1408 3687 1464 unicusde-

2079 1489 2267 1548 fuisset
2317 1490 2415 1565 (b).
2454 1491 2573 1548 Non
2604 1493 2819 1565 reliquit
2843 1509 3016 1563 sacra,
3038 1512 3158 1567 quae
3177 1497 3398 1568 gerebat
3417 1499 3478 1554 in
3502 1499 3687 1554 mani-

2077 1585 2207 1649 bus,
2261 1601 2364 1645 non
2411 1586 2763 1658 lacrymavit,
2810 1602 2912 1644 nec
2952 1589 3173 1645 omnino
3207 1590 3507 1662 suspiravit
3540 1608 3557 1643 :
3590 1592 3685 1645 sed

2076 1676 2202 1749 quid
2244 1677 2548 1747 respondit,
2590 1678 2770 1735 audite
2802 1680 3174 1750 :Sepeliatur,
3210 1683 3419 1753 inquit;
3450 1684 3683 1738 memini

2076 1769 2219 1825 enim
2242 1785 2329 1826 me
2355 1771 2518 1827 ﬁlium
2548 1773 2797 1842 genuisse
2824 1774 3124 1830 mortalem.
3157 1773 3291 1830 Vide
3310 1790 3681 1845 responsum,

2075 1861 2197 1916 vide
2241 1861 2473 1918 hominis
2516 1864 2703 1934 pagani
2742 1864 2990 1920 virtutem
3013 1905 3030 1932 ,
3062 1874 3120 1920 ut
3153 1880 3253 1922 nec
3284 1867 3600 1937 exspectari
3626 1882 3684 1922 se

2070 1952 2326 2023 jusserit,
2357 1954 2438 2010 vel
2471 1964 2527 2010 ut
2551 1966 2816 2026 praesente
2846 1971 2905 2012 se
2930 1957 3390 2027 sepulturaefilius
3423 1959 3680 2016 traderc~

2078 2052 2183 2099 tur.
2230 2045 2366 2114 Quid
2396 2048 2607 2117 agimus
2628 2088 2643 2113 ,
2675 2046 2898 2115 fratres,
2929 2050 2974 2105 si
3004 2048 3246 2107 diabolus
3275 2050 3421 2107 hunc
3446 2052 3502 2106 in
3534 2052 3679 2107 diem

2072 2135 2260 2207 judieii
2304 2154 2484 2193 coram
2515 2138 2742 2195 Christo
2782 2149 2969 2195 contra
3005 2156 3105 2196 nos
3122 2142 3385 2211 producat
3412 2142 3675 2209 etdicrt,

2078 2226 2177 2283 Hie
2222 2243 2373 2285 meus
2419 2229 2629 2296 cultor,
2678 2245 2837 2302 quem
2871 2246 2972 2302 ego
3010 2234 3293 2305 prmstigiis
3330 2234 3676 2304 decipiebant

2076 2322 2213 2378 meis
2231 2360 2250 2390 ,
2295 2332 2355 2379 ut
2382 2323 2610 2380 serviret
2630 2323 2787 2381 caecis
2816 2334 2869 2379 et
2895 2324 3072 2380 surdis
3095 2326 3392 2381 simulacris
3414 2365 3429 2389 .
3459 2327 3552 2381 cui
3579 2341 3677 2397 ego

2076 2430 2178 2473 nec
2225 2417 2675 2473 resurrectionem
2714 2432 2745 2473 a
2782 2417 3006 2473 mortuis
3027 2459 3045 2485 ,
3073 2433 3173 2475 nec
3196 2419 3507 2490 paradisum
3533 2461 3551 2485 ,
3580 2436 3677 2475 nec

2074 2510 2328 2566 caelorum
2383 2524 2543 2581 regna
2573 2510 2922 2581 promiseram
2947 2552 2962 2577 ,
2990 2511 3077 2566 hic
3101 2509 3192 2566 ﬁlii
3220 2511 3419 2567 nobilis
3448 2513 3668 2582 sapiens

2078 2604 2219 2659 unici
2244 2612 2474 2659 mortem
2505 2618 2607 2659 nec
2633 2602 2804 2659 doluit
2829 2617 2930 2659 nec
2957 2603 3211 2675 ingemuit
3236 2645 3252 2672 ,
3280 2619 3381 2660 nec
3414 2605 3508 2660 tali
3541 2622 3673 2659 nun-

2079 2696 2153 2750 tio
2198 2710 2320 2751 mea
2361 2710 2512 2751 sacra
2536 2695 2777 2751 deseruit
2805 2712 2818 2749 :
2849 2696 2925 2750 tui
2952 2705 3129 2751 autem
3157 2695 3449 2757 Christiani
3471 2738 3487 2758 .
3519 2698 3597 2751 tui
3612 2698 3673 2749 «ﬁ-

2077 2786 2227 2843 deles
2251 2830 2266 2853 ,
2318 2802 2414 2857 pro
2456 2787 2650 2859 quibus
2678 2788 2796 2843 ideo
2827 2788 3115 2844 cruciﬁxus
3137 2798 3190 2843 et
3212 2802 3463 2845 mortuus
3490 2805 3554 2844 es
3577 2832 3591 2852 .
3620 2800 3673 2843 tu

2078 2886 2307 2933 mortem
2331 2878 2431 2948 ipsi
2452 2894 2558 2934 non
2581 2881 2850 2944 timerent,
2873 2878 2965 2933 sed
2983 2889 3163 2934 essent
3183 2879 3252 2933 de
3271 2882 3672 2936 resurrectione

2078 2972 2251 3026 securi
2279 3012 2293 3037 ,
2321 2985 2429 3025 non
2458 2970 2630 3024 solum
2657 2971 2835 3040 lugent
2857 2976 3097 3024 mortuos
3123 2978 3181 3025 et
3204 2983 3337 3025 voce
3363 2978 3421 3026 et
3452 2970 3668 3035 habitu,

2076 3066 2172 3121 sed
2216 3064 2378 3121 etiam
2402 3065 2775 3120 adecclesiam
2801 3063 3097 3133 procedere
3120 3062 3549 3130 confunduntur,
3574 3065 3669 3117 ali-

2075 3157 2262 3229 quanti
2295 3157 2477 3213 -etiam
2520 3157 2621 3227 ipsi
2659 3156 2841 3211 clerici
2869 3157 2942 3211 tui
2969 3165 3023 3211 et
3047 3165 3287 3225 pastores
3313 3157 3667 3214 ministerium

2076 3266 2232 3306 suum
2262 3250 2622 3307 intermittunt
2646 3291 2661 3316 ,
2689 3259 2939 3304 vacantes
2961 3250 3146 3317 luctui,
3169 3250 3319 3320 quasi
3352 3250 3669 3305 insultantes

2079 3345 2468 3401 tuaeveluutati
2486 3344 2713 3413 ?.Quare
2734 3344 2757 3398 ?
2782 3344 2912 3411 Quia
2945 3358 3081 3414 quos
3100 3344 3310 3400 voluisti
3336 3386 3351 3411 ,
3383 3343 3456 3399 de
3483 3346 3667 3399 saeculi

2076 3439 2301 3510 caligine
2329 3438 2398 3494 ad
2436 3447 2489 3493 te
2519 3438 2740 3491 vocasti.
2764 3436 2902 3504 Quid
2920 3437 2985 3490 ad
3018 3436 3133 3491 tunc
3157 3436 3489 3506 respondere
3520 3446 3670 3508 pote-

2075 3533 2283 3598 rimus,
2332 3529 2564 3585 fratres?
2610 3528 2796 3583 Nonne
2834 3526 3078 3583 confusio
3120 3541 3219 3582 nos
3263 3526 3666 3597 apprehendet,

2076 3639 2197 3679 eum
2246 3625 2297 3677 in
2341 3622 2440 3677 hac
2469 3630 2618 3691 parte
2644 3619 2925 3675 inferiores
2949 3619 3197 3691 gentibus
3227 3619 3576 3673 invenimur?
3610 3619 3668 3673 Et

2076 3717 2257 3787 utique
2298 3714 2479 3786 lugere
2522 3713 2684 3769 debet
2729 3727 2981 3783 paganus,
3027 3712 3115 3783 qui
3148 3712 3407 3787 nesciens
3458 3712 3663 3775 Deum,

2078 3824 2201 3865 mox
2229 3819 2286 3863 ut
2316 3807 2560 3875 moritur,
2591 3815 2742 3861 recto
2760 3819 2920 3861 cursu
2942 3805 3190 3875 pergitad
3218 3819 3454 3874 ptenam.
3481 3804 3664 3873 ἰηπαιςί

2076 3900 2235 3956 debet
2274 3899 2533 3965 dudaeus,
2584 3900 2673 3969 qui
2718 3896 2932 3953 Christo
2977 3912 3083 3953 non
3111 3896 3387 3960 credens,
3433 3896 3662 3951 animam

2076 4008 2229 4049 suam
2271 3992 2555 4064 perditioni
2601 3990 2891 4061 deputavit.
2945 3989 3239 4044 Dolendttm
3283 3998 3366 4043 est
3411 3989 3575 4057 plane
3601 3989 3663 4043 de

2076 4085 2477 4143 catechumenis
2522 4083 2757 4149 nostris,
2814 4081 2859 4136 si
2889 4090 2979 4135 aut
3007 4096 3101 4135 sua
3132 4081 3509 4135 incredulitate
3533 4123 3547 4145 ,
3580 4090 3663 4133 aut

2077 4178 2398 4252 negligentia
2444 4177 2805 4248 proximorum
2826 4216 2842 4242 ,
2876 4174 3001 4229 sine
3033 4174 3302 4244 baptismo
3339 4173 3565 4228 salutari
3594 4189 3663 4227 re-

2076 4271 2358 4329 cesserint.
2394 4270 2657 4325 Cmterum
2686 4267 2777 4339 qui
2805 4266 3353 4334 sanctiﬁealus-gratia
3377 4307 3393 4328 ,
3425 4266 3660 4335 signatus

2080 4364 2185 4418 fide
2209 4402 2225 4429 ,
2248 4361 2657 4417 conversatione
2674 4360 2956 4429 probatus,
2980 4360 3065 4414 vel
3080 4356 3389 4411 innocentia
3416 4371 3658 4420 securus,

2077 4457 2146 4513 de
2170 4456 2272 4511 hoc
2299 4453 2499 4509 mundo
2524 4453 2762 4517 recedit,
2790 4449 3192 4508 beatiﬁcandus
3209 4458 3313 4516 est,
3344 4464 3453 4505 non
3484 4450 3661 4519 lugen-

2077 4548 2206 4614 dus;
2235 4544 2636 4611 desiderandus,
2656 4559 2760 4599 non
2774 4542 3142 4615 plangendus;
3163 4540 3256 4596 sed
3277 4541 3663 4596 desiderandus

2078 4656 2198 4696 cum
2230 4637 2596 4693 moderatione
2619 4676 2635 4700 ,
2661 4650 2783 4691 eum
2810 4636 3041 4690 sciamus
3068 4648 3165 4688 nos
3189 4633 3334 4702 ipsos
3362 4633 3659 4687 accedenti-

2079 4732 2179 4788 bus
2206 4733 2540 4801 temporibus
2562 4739 2914 4803 sequuturos.

2149 4828 2203 4881 8.
2232 4824 2462 4879 Tristitia
2487 4824 2725 4878 salutaris
2748 4838 2997 4892 quanam.
3020 4852 3091 4863 —-
3112 4822 3286 4890 Tcrge
3313 4820 3475 4890 igitur
3503 4820 3661 4890 lacry«

2078 4929 2196 4972 mas
2218 4958 2233 4983 ,
2268 4915 2562 4971 intermitte
2590 4914 2817 4982 suspiria
2839 4954 2854 4979 ,
2883 4927 3167 4984 compesce
3186 4912 3413 4983 gemitus
3437 4951 3454 4976 ,
3475 4925 3512 4964 ο
3536 4910 3661 4964 tide-

2079 5008 2147 5063 lis
2169 5047 2185 5073 ,
2230 5015 2284 5062 et
2324 5021 2422 5076 pro
2461 5004 2561 5059 hac
2582 5004 2797 5059 tristitia
2827 5004 3116 5059 salutarem
3144 5003 3285 5060 illam
3312 5001 3477 5056 indue
3508 5000 3663 5055 tristi-

2079 5101 2207 5156 tiam
2232 5142 2247 5169 ,
2276 5101 2458 5170 utique
2484 5114 2641 5170 quam
2664 5093 3149 5168 beatusApostolus
3170 5095 3470 5151 secundum
3503 5095 3660 5149 Deum

2080 5208 2201 5250 esse
2239 5191 2556 5247 memoravit
2581 5234 2593 5254 ,
2615 5204 2736 5260 quae
2762 5188 2989 5243 salutem
3018 5187 3262 5242 stabilem
3287 5185 3430 5241 solet
3457 5184 3659 5256 operati

2080 5285 2138 5359 (2
2157 5287 2275 5341 Cor.
2296 5285 2349 5338 7.
2371 5283 2486 5354 10);
2511 5282 2692 5352 utique
2715 5277 3078 5349 paenitentiam
3101 5277 3392 5331 facinorum
3414 5274 3662 5330 commis-

2079 5394 2283 5437 sorum.
2323 5378 2573 5434 Scrutare
2598 5384 2784 5445 pectus
2812 5383 2959 5428 tuum
2985 5414 3000 5439 ,
3029 5373 3301 5441 propriam
3333 5371 3661 5440 interrogans

2145 5494 2161 5527 ί
2197 5493 2405 5549 Habent,
2431 5487 2660 5553 dirigere,
2690 5485 2806 5553 Έῤίιί
2860 5493 3077 5542 veteres,
3102 5485 3184 5546 qui
3224 5495 3337 5531 mox
3367 5482 3543 5539 verbo,
3589 5493 3662 5541 pa-

2080 5557 2277 5613 blicore,
2302 5551 2581 5603 sermonem
2604 5551 2851 5600 claudunt.

2120 5602 2532 5700 :ﬁltttarchus
2574 5614 2624 5663 in
2665 5612 2903 5661 laconicis
2946 5605 3446 5671 Apopbtbegmatiltus
3483 5620 3529 5669 p.
3567 5602 3659 5663 εδ,

2081 5675 2215 5731 Titus
2236 5679 2393 5726 Livius
2414 5675 2443 5725 l.
2474 5677 2521 5724 2.
3118 5730 3129 5740 _

2148 5744 2220 5805 (ιι)
2255 5749 2411 5799 t‘ortc,
2440 5736 2690 5800 defunctus
2704 5742 2825 5788 esset
2847 5731 2949 5798 [vel
2974 5732 3264 5795 defeetsset].
