3720 6274
70 353 162 411 335
1287 340 1602 399 DlATRlBA
1646 343 1709 399 IN
1748 342 2099 402 SYNOPSIN.

66 460 444 516 conscientiam
468 500 484 526 ,
518 466 572 514 et
594 457 639 514 si
671 456 906 511 invenias
927 454 1122 526 aliquid
1148 446 1506 525 paenitendum
1532 457 1641 528 (in-

65 553 237 606 venies
278 561 460 605 autem
504 565 624 605 cum
651 550 724 604 sis
751 546 931 620 homo)
956 588 971 613 ,
1005 547 1153 601 trahe
1180 548 1401 618 suspiria
1430 549 1481 604 in
1511 564 1640 603 con-

65 642 292 697 fessione
314 684 330 708 ,
376 641 538 696 funde
568 642 828 712 lacryrnas
859 640 911 693 in
938 640 1179 694 oratione
1198 681 1213 707 ,
1244 650 1360 695 esto
1387 636 1642 697 sollicitus

62 736 120 789 de
163 744 343 788 morte
390 734 479 787 illa
513 748 635 787 vera
659 774 675 796 ,
706 732 772 785 de
802 746 957 800 paena
984 733 1173 786 anima:
1194 774 1209 797 ,
1241 742 1358 787 esto
1385 734 1641 789 sollicitus

64 825 122 878 de
163 834 424 893 peccato,
472 824 608 878 sicut
650 822 810 876 David
846 821 971 875 dicit
1005 837 1020 875 :
1067 822 1313 886 Quom’am
1334 824 1641 892 iniquitatem

66 930 212 967 meant
242 908 537 983 pronuntio,
567 922 611 966 et
636 913 879 967 sollicitus
899 926 982 964 ero
1012 928 1102 981 pro
1125 921 1324 979 peccato
1343 927 1451 966 meo
1471 911 1638 983 (Psal.

64 1006 144 1060 50.
173 1006 229 1075 5)
264 1023 276 1057 :
324 1015 381 1060 et
421 1018 524 1058 non
551 1004 616 1058 de
659 1002 900 1072 corporis
927 1002 1081 1071 hujus
1107 1002 1374 1057 solutione
1401 1004 1643 1058 terrebe-

64 1096 164 1161 ris,
198 1097 346 1166 quod
377 1110 474 1150 suo
496 1106 733 1164 tempore
761 1095 812 1146 in
841 1093 1058 1156 melius,
1090 1093 1198 1147 Deo
1220 1094 1467 1163 jubente,
1493 1109 1644 1163 repa-

64 1189 282 1241 rabitur.
314 1185 452 1240 Vide
488 1182 931 1254 quemadmodum
968 1192 1251 1252 utrumque
1276 1185 1536 1239 sententia
1563 1183 1644 1237 di-

66 1281 176 1332 vina
225 1279 507 1347 complexa
548 1286 664 1340 est,
708 1275 923 1341 dicens,
977 1273 1121 1327 Venit
1160 1276 1319 1339 liora,
1365 1291 1479 1327 cum
1509 1291 1644 1327 mor-

67 1370 129 1421 tui
146 1410 160 1433 ,
205 1370 298 1436 qui
342 1376 459 1421 sunt
485 1368 538 1419 in
566 1363 898 1418 monumentis
917 1405 929 1425 .
960 1374 1218 1435 resurgent
1242 1364 1419 1435 (Joon.
1448 1366 1499 1419 5.
1526 1364 1640 1436 28).

70 1465 193 1518 Ecce
216 1462 513 1527 securitas,-
536 1474 661 1513 ecce
681 1467 1015 1526 contemptus
1040 1457 1248 1512 mortis.
1277 1458 1383 1512 Sed
1408 1458 1531 1528 quid
1559 1474 1645 1513 se-

65 1554 276 1623 quitur?
309 1553 412 1619 Qui
437 1552 567 1605 bona
587 1552 844 1621 fecerunt,
874 1549 924 1601 in
950 1550 1356 1602 resurrectionem
1385 1550 1534 1612 vitw;
1559 1550 1644 1616 qui

62 1656 225 1698 autem
253 1645 397 1697 mala
429 1652 629 1713 egerunt
653 1682 668 1710 ,
689 1642 742 1696 in
767 1640 1174 1695 resurrectionem
1190 1641 1376 1711 judicii
1403 1640 1560 1711 (Ibid.
1589 1656 1638 1695 υ.

61 1736 170 1807 29).
213 1736 361 1790 Ecce
401 1734 681 1788 diversitas
716 1731 1125 1802 resurgentium.
1175 1731 1398 1785 Omnem
1428 1732 1641 1801 quidem

69 1841 279 1881 necesse
307 1836 394 1880 est
443 1839 654 1879 carnem
691 1837 971 1892 resurgere
1000 1822 1275 1876 dumtaxat
1304 1822 1591 1877 humanam
1625 1839 1639 1877 :

69 1918 150 1972 sed
215 1918 393 1972 bonus
454 1924 695 1986 resurget
736 1914 802 1969 ad
841 1914 1038 1980 vitam,
1083 1915 1255 1967 malus
1288 1923 1525 1983 resurget
1576 1912 1642 1967 ad

70 2024 270 2079 pinnam
301 2050 318 2074 ,
352 2009 489 2062 sicut
512 2008 767 2077 scriptum
808 2015 892 2061 est
927 2023 940 2058 :
969 2004 1098 2058 Ideo
1126 2020 1228 2057 non
1262 2015 1520 2074 resurgant
1546 2005 1645 2057 im-

68 2104 131 2170 pii
163 2107 219 2154 in
250 2101 454 2170 judicio
476 2142 491 2166 ,
537 2116 694 2169 neque
732 2108 1015 2170 peccatores
1053 2098 1107 2151 in
1146 2096 1360 2151 concilio
1390 2099 1643 2166 iustorum

68 2192 228 2263 (Psol.
262 2207 302 2246 ι.
329 2192 409 2261 5).
436 2190 502 2246 Ut
524 2205 653 2259 ergo
674 2204 777 2244 non
800 2190 853 2244 in
876 2190 1133 2259 judicium
1160 2204 1531 2259 resurgamus,
1564 2189 1645 2242 in-

67 2285 307 2339 termissa
344 2283 532 2338 mortis
568 2282 777 2337 tristitia
822 2281 965 2335 illam
998 2280 1364 2351 ptenitentiam
1396 2289 1450 2334 et
1479 2280 1644 2334 tristi-

69 2377 188 2429 tiam
227 2388 507 2429 sumamus
532 2414 547 2439 ,
588 2380 644 2428 et
682 2386 865 2427 curam
896 2372 1156 2426 bonorum
1180 2384 1399 2439 operum
1430 2384 1493 2424 ac
1518 2369 1643 2423 vita:

67 2467 298 2522 melioris
323 2465 612 2520 habeamus
636 2505 652 2531 ,
682 2474 738 2519 et
766 2464 833 2518 ad
861 2465 961 2518 hoc
988 2463 1059 2517 sit
1087 2463 1241 2516 nobis
1263 2462 1512 2531 cogitatio
1541 2460 1639 2513 htt-

66 2560 143 2629 qu
166 2558 372 2613 funeris
392 2567 447 2612 et
460 2556 735 2611 cadaveris
752 2596 767 2621 ,
798 2565 856 2611 ut
882 2569 978 2609 nos
1008 2553 1266 2608 mortales
1288 2566 1408 2607 esse
1434 2565 1585 2606 novet
1600 2550 1643 2605 ἱ-

69 2667 178 2705 mus
197 2693 213 2719 ,
237 2660 294 2705 et
315 2665 409 2719 per
433 2648 570 2703 hanc
584 2648 959 2717 cogitationem
984 2645 1210 2700 salutem
1232 2652 1490 2710 nostram,
1513 2641 1639 2696 dum

69 2756 269 2813 tempus
310 2752 425 2807 est,
458 2742 584 2796 dum
611 2741 769 2803 licet,
794 2730 1011 2793 minime
1037 2736 1367 2807 negligamus
1396 2751 1410 2788 :
1440 2733 1642 2788 scilicet

68 2846 150 2890 aut
172 2835 555 2893 fructiﬁcantes
578 2834 634 2887 in
660 2834 879 2899 melius,
917 2839 1008 2884 aut
1027 2829 1395 2893 emendantes,
1423 2827 1468 2880 si
1491 2827 1642 2895 igno-

68 2938 239 2981 rantes
268 2924 567 2981 erravimus
592 2940 606 2976 :
630 2937 698 2976 ne
726 2919 1279 2990 subitoprmoccupati
1301 2917 1387 2971 die
1411 2916 1600 2970 mortis
1622 2954 1638 2980 ,

67 3031 363 3086 qumramus
403 3014 629 3084 spatium
666 3013 1016 3082 poenitentia},
1047 3020 1100 3065 et
1126 3025 1231 3064 non
1260 3008 1498 3062 invenire
1525 3019 1643 3075 pos-

66 3109 225 3162 simus
247 3148 263 3173 ,
311 3117 610 3177 qumramus
654 3104 1023 3174 eleemosynas
1057 3113 1281 3169 erogare
1354 3107 1411 3153 et
1438 3095 1641 3152 satisfa-

67 3213 183 3254 cere
208 3214 307 3267 pro
331 3196 539 3251 delictis
561 3235 576 3261 ,
602 3209 702 3249 nec
723 3193 864 3263 quod
887 3192 1130 3246 volumus
1155 3187 1497 3245 concedatur.

3220 345 3325 401 306

1821 459 1875 514 9.
1922 458 2292 526 Recapitulatio
2331 458 2570 512 sermonis
2604 459 2875 528 utriusque.
2900 486 2969 500 -
2994 458 3219 517 Ostensa
3241 462 3330 532 igi-

1752 559 1857 615 tur,
1885 548 2074 603 fratres
2095 589 2109 612 ,
2142 548 2330 603 mortis
2355 549 2652 603 communis
2683 548 2756 618 (α)
2786 592 2800 613 ,
2827 561 3039 605 ostensa
3072 552 3331 623 lacryma-

1749 655 1867 695 rum
1910 638 2283 694 interdictione
2307 681 2321 704 ,
2349 649 2640 693 monstrata
2669 649 2905 694 veterum
2934 641 3106 696 adhuc
3134 642 3326 712 fragili-

1752 739 1859 783 tate
1888 738 1942 785 et
1969 744 2072 782 non
2096 727 2515 783 Christianitatis
2540 728 2765 797 virtute,
2795 740 3088 786 monstrato
3117 732 3325 786 Domini

1750 829 2085 876 sacramento
2131 827 2186 876 et
2224 820 2582 890 apostolorum
2629 820 2696 875 de
2736 822 3127 877 resurrectione
3172 822 3329 877 docu-

1751 922 1950 980 mento,
1972 913 2399 967 commemoratis
2420 912 2782 982 apostolorum
2805 913 3031 981 actibus,
3056 922 3109 967 et
3137 924 3330 986 marty-

1754 1020 1869 1059 rum
1910 1003 2241 1074 passionibns
2265 1044 2279 1065 ,
2323 1014 2540 1057 ostenso
2567 1012 2823 1073 prmterea
2855 1004 3017 1057 David
3044 1005 3287 1073 exemplo
3309 1045 3327 1072 ,

1752 1105 1804 1148 et
1852 1094 2064 1165 gentilis
2112 1094 2339 1147 hominis
2367 1094 2583 1162 insuper
2608 1093 2746 1146 facto
2768 1135 2781 1156 ,
2808 1094 2872 1147 ad
2897 1093 3136 1147 ultimum
3168 1108 3329 1163 expo-

1748 1188 1848 1241 sita
1890 1195 1946 1241 et
1981 1186 2136 1241 noxia
2181 1194 2233 1240 et
2277 1184 2390 1239 utili
2441 1187 2685 1251 tristitia,
2734 1186 2819 1239 illa
2855 1201 2974 1255 qua:
3002 1194 3193 1254 nocet,
3227 1188 3327 1242 ista

1749 1294 1867 1349 qua:
1911 1293 2007 1347 per
2035 1277 2400 1347 paenitentiam
2429 1277 2598 1330 salvat
2626 1295 2638 1331 :
2670 1278 2752 1330 his
2778 1278 3023 1332 omnibus
3053 1279 3129 1333 sic
3155 1289 3330 1333 ostcn-

1748 1372 1822 1426 sis
1842 1414 1855 1436 ,
1885 1370 2008 1441 quid
2038 1385 2135 1424 nos
2159 1370 2331 1423 facere
2358 1368 2465 1439 jam
2496 1370 2635 1423 aliud
2662 1378 2893 1439 Oportet,
2926 1370 3134 1433 fratres,
3168 1388 3325 1441 quam

1748 1464 1945 1534 gratias
1982 1470 2203 1533 agentes
2243 1462 2349 1515 Deo
2394 1461 2536 1515 Patri
2578 1461 2793 1526 dicere,
2838 1460 2957 1515 Fiat
2987 1462 3213 1516 voluntas
3240 1472 3327 1516 tua

1749 1556 1878 1610 sicut
1923 1556 1974 1608 in
2005 1555 2128 1609 uelo
2151 1565 2196 1608 et
2223 1554 2274 1607 in
2305 1564 2437 1607 terra
2463 1553 2673 1623 (Matth.
2705 1552 2759 1609 6.
2789 1552 2920 1625 10);
2950 1562 3003 1609 tu
3030 1554 3220 1609 dedisti
3250 1557 3327 1609 vi-

1750 1656 1877 1711 tam,
1902 1657 1955 1700 tu
1987 1645 2304 1699 constituisti
2337 1655 2562 1698 mortem
2588 1660 2603 1709 ;
2638 1654 2691 1697 tu
2722 1643 2926 1699 inducis
2952 1646 3005 1699 itt
3031 1646 3279 1700 saeculum
3304 1689 3317 1711 ,

1749 1745 1802 1791 tu
1827 1736 2009 1792 educis
2037 1735 2104 1790 de
2135 1736 2330 1789 saeculo
2350 1776 2365 1800 ,
2393 1743 2447 1789 et
2471 1749 2592 1788 cum
2622 1733 2871 1789 eduxeris
2893 1776 2909 1801 ,
2942 1750 3127 1789 servas
3150 1752 3165 1801 ;
3193 1736 3326 1789 nihil

1748 1830 1889 1883 enim
1912 1828 2115 1895 deperit
2139 1836 2345 1880 tuorum
2374 1867 2388 1889 ,
2412 1827 2499 1895 qui
2528 1840 2626 1879 nec
2649 1825 2897 1895 capillum
2927 1828 3114 1896 capitis
3140 1842 3323 1881 eorum

1752 1924 1923 1992 perire
1951 1922 2129 1976 dixisti
2157 1937 2170 1979 :
2210 1938 2228 1971 t
2262 1919 2515 1975 Auferes»
2543 1920 2682 1973 enim
2711 1920 3005 1989 t‘spiritum
3035 1935 3244 1985 eorum,
3272 1930 3327 1973 ct

1749 2013 1995 2068 delicient
2018 2054 2031 2074 ,
2074 2021 2128 2067 et
2172 2014 2223 2066 in
2249 2022 2440 2066 terram
2471 2025 2616 2064 suam
2647 2019 2977 2064 revertentur
3013 2028 3032 2061 ι
3058 2008 3204 2079 (Luc.
3230 2008 3320 2063 21.

1752 2104 1840 2173 18)
1864 2104 1986 2168 ;scd
2009 2121 2027 2153 ι
2047 2101 2280 2156 Emittes
2293 2100 2534 2170 Spiritum
2553 2108 2720 2164 tuum,
2744 2108 2797 2153 et
2816 2100 3154 2165 creabuntur,
3174 2107 3225 2153 et
3246 2115 3325 2153 rc-

1753 2192 1974 2247 novabis
2002 2192 2187 2246 faciem
2219 2200 2409 2245 terra!»
2436 2189 2605 2260 (Psat.
2641 2190 2763 2244 105.
2790 2189 2881 2245 29.
2915 2190 3027 2260 30).
3058 2189 3182 2243 llaec
3207 2204 3327 2243 ver-

1750 2282 1813 2337 ba
1835 2323 1848 2347 ,
1874 2280 2067 2336 fratres
2090 2323 2104 2347 ,
2132 2281 2285 2349 digna
2311 2280 2573 2345 ﬁdelibus,
2600 2278 2716 2333 hmo
2745 2279 3004 2334 medicina
3030 2279 3279 2333 salutaris
3304 2299 3318 2332 :

1749 2371 1848 2426 hac
1873 2373 2091 2441 spongia
2110 2370 2487 2425 consolationis
2506 2369 2749 2425 detersus
2769 2370 2974 2438 oculus,
3004 2370 3105 2424 hoc
3123 2370 3327 2426 infusus

1748 2465 1967 2535 collyrio
2015 2463 2267 2527 rationis,
2318 2478 2424 2518 non
2470 2463 2632 2518 modo
2663 2463 2954 2518 eiecitatem
2983 2475 3046 2518 ex
3073 2461 3326 2532 despera-

1753 2551 1900 2607 tione
1916 2566 2027 2606 non
2043 2550 2363 2614 sentiet,sed
2377 2566 2478 2606 nec
2494 2552 2846 2622 lippitudines
2866 2554 3077 2624 aliquas
3098 2536 3331 2613 tristitia:

1751 2645 2058 2710 sustinebit,
2081 2644 2211 2714 quin
2233 2644 2413 2713 potius
2432 2644 2605 2699 oculis
2627 2645 2807 2700 cordis
2832 2645 3010 2701 lucida
3027 2656 3223 2703 cuncta
3250 2665 3335 2703 re-

1750 2738 2005 2806 spiciens,
2038 2737 2179 2791 dicet
2205 2737 2508 2791 secundum
2538 2737 2995 2807 patientissimum
3026 2740 3177 2795 illum
3203 2741 3329 2807 Job,

1756 2848 1774 2879 ι
1801 2827 2061 2882 Dominus
2075 2827 2245 2890 dedit,
2274 2837 2330 2882 et
2355 2828 2618 2883 Dominus
2648 2830 2900 2895 abstulit;
2931 2831 3075 2886 sicut
3099 2832 3333 2888 Domino

1748 2917 1927 2971 visum
1956 2926 2059 2983 est,
2086 2917 2158 2972 ita
2184 2917 2383 2973 factum
2410 2927 2494 2973 est
2535 2938 2549 2974 :
2580 2920 2649 2974 sit
2684 2935 2884 2975 nomen
2924 2921 3135 2977 Domini
3167 2924 3332 2980 bene-

1748 3010 1951 3064 dictum
1976 3028 1996 3062 ›
2035 3010 2149 3081 (Job
2203 3011 2253 3064 1.
2284 3011 2373 3083 21)
2406 3012 2457 3064 in
2490 3012 2687 3066 saecula
2719 3013 3060 3069 saeculorum.
3097 3015 3293 3071 Amen.

1750 3130 1886 3243 ἄξιαι)
1913 3127 2187 3178 addendum
2211 3130 2335 3190 post,
2354 3121 2517 3174 mortis
2538 3117 2813 3180 conuuunis,
2831 3117 2928 3178 vel,
2944 3124 3087 3177 sorte,
3108 3114 3331 3174 vel,cuno

1823 3203 1947 3242 sane.

1823 3203 1947 3242 sane.

234 3313 3163 3357 ﬂ

86 3361 224 3400 ⁵⁵
568 3420 571 3423 ’
1248 3444 2169 3560 ιιιΔνιιιιιΒΑ

1182 3619 1265 3680 IN
1307 3615 1688 3679 SYNOPSIN
1732 3609 2210 3687 SEQUENTEM
2219 3652 2234 3669 .

138 3756 323 3810 Exstat
364 3751 481 3804 hac
522 3745 779 3819 Synopsis
814 3744 866 3799 in
897 3742 1102 3798 duobus
1138 3740 1423 3798 Codicibus
1449 3753 1637 3794 manu-

69 3848 273 3917 scriptis
298 3886 313 3910 ,
360 3855 586 3913 quorum
631 3839 766 3893 alter
790 3845 871 3891 est
900 3834 1242 3891 Bibliotheca:
1268 3831 1636 3898 Coisliuiaute,

70 3939 185 3993 olim
210 3935 569 4005 Seguerianze,
615 3944 761 3985 num.
798 3927 933 3991 588,
964 3926 1098 3981 alter
1124 3924 1465 3980 Bibliotheca:
1494 3922 1636 3992 Lug-

68 4030 185 4085 duni
228 4028 547 4083 Batavorum
568 4062 583 4089 ,
623 4022 750 4077 olim
794 4020 955 4075 lsaaci
984 4017 1178 4074 Vossii.
1204 4018 1357 4074 Prior
1384 4027 1468 4071 est
1515 4031 1637 4070 om-

68 4121 188 4176 nino
215 4131 408 4174 recens
424 4158 440 4182 ,
466 4124 522 4170 et
545 4114 684 4169 circa
715 4109 1075 4185 typographite
1096 4109 1313 4165 exordia
1334 4149 1353 4173 ,
1376 4107 1468 4162 sed
1495 4122 1525 4160 a
1547 4121 1643 4177 pe-

70 4215 166 4267 rito
184 4225 289 4267 nec
318 4209 531 4265 indocto
551 4208 723 4262 scriba
745 4213 993 4261 exaratos
1016 4202 1083 4258 ad
1110 4201 1269 4257 ﬁdem
1292 4200 1638 4271 antiquioris;

71 4306 290 4361 alterum
330 4302 522 4367 etiam,
560 4300 657 4355 etsi
701 4313 808 4353 non
853 4297 1059 4352 licuerit
1097 4294 1264 4350 oculis
1294 4293 1423 4364 ipsis
1461 4291 1644 4360 explo-

72 4412 215 4465 rare,
259 4404 529 4451 recentem
557 4406 766 4464 quoque
791 4400 917 4461 puto
935 4430 950 4454 ,
984 4388 1185 4457 fuitque
1209 4386 1278 4442 ab
1305 4384 1636 4455 imperitiore

74 4501 395 4545 amanuense
439 4486 757 4555 descriptus.
805 4482 869 4537 lli
909 4495 1070 4551 porro
1103 4478 1358 4544 Codices,
1390 4493 1458 4532 ne
1486 4476 1643 4532 ambo

74 4581 281 4651 quidem
306 4588 471 4634 totam
495 4576 758 4649 Synopsin
782 4574 1223 4644 complectuntur,
1251 4571 1425 4641 qualis
1451 4569 1519 4624 ab
1545 4583 1645 4623 au-

75 4684 215 4728 ctore
256 4671 512 4726 adornata
558 4667 763 4732 fuerat;
805 4665 899 4720 sed
927 4664 981 4719 in
1008 4663 1121 4718 alio.
1142 4662 1244 4717 alia
1272 4660 1519 4716 deﬁciunt
1545 4676 1560 4724 ;
1590 4659 1643 4714 in

74 4772 292 4834 utroque
310 4769 488 4816 autem
514 4768 623 4814 tota
649 4757 778 4813 Novi
803 4755 1127 4811 Testamenti
1156 4754 1411 4825 Synopsis
1434 4752 1643 4809 deside-

74 4867 233 4913 ratur.
257 4856 611 4912 Coislinianus
633 4854 785 4909 initio
810 4852 1025 4908 exhibet
1050 4849 1418 4921 przefationem
1440 4848 1507 4903 ab
1528 4848 1645 4917 ipso

71 4952 332 5021 scriptore
375 4948 777 5012 concinnatam,
803 4954 856 5001 et
882 4945 1096 5015 optimae
1126 4953 1263 4997 notre
1282 4982 1299 5009 ,
1323 4955 1486 5008 quam
1517 4938 1649 4995 Pro—

72 5041 314 5095 tbeon'am
332 5037 593 5092 inscribit.
623 5036 749 5091 Haec
774 5043 951 5089 autem
981 5032 1293 5088 Protheoria
1309 5040 1415 5085 tota
1446 5031 1596 5086 abest
1615 5044 1646 5084 a

69 5130 264 5189 Codice
305 5126 684 5199 Lugdunensi:
715 5124 1052 5194 vicissimque
1092 5121 1458 5192 Lugdunensis
1485 5120 1647 5175 multa

70 5222 229 5276 habet
249 5261 265 5285 ,
304 5234 425 5290 quae
459 5224 513 5273 tn
538 5217 866 5273 Coisliniano
892 5228 1111 5284 prorsus
1139 5213 1366 5276 desunt;
1398 5212 1647 5267 nimirum

68 5312 334 5384 Synopsin
360 5312 415 5365 in
437 5309 732 5365 Leviticum
749 5346 765 5373 ,
798 5305 1155 5376 Epilogum'in
1184 5302 1452 5374 Synopses
1480 5301 1645 5355 libro-

66 5418 183 5459 rum
205 5402 411 5472 Regum
436 5416 452 5465 ;
481 5400 750 5470 Synopses
776 5398 831 5452 in
864 5394 1290 5462 Paralipomena,
1319 5392 1371 5445 in
1397 5390 1642 5454 Esdram,

66 5496 118 5549 in
150 5496 321 5551 libros
347 5491 542 5548 Esther
560 5531 575 5557 ,
604 5488 786 5546 Tobite
804 5529 820 5557 ,
849 5485 1029 5543 Judith
1047 5527 1063 5553 ,
1086 5484 1186 5540 Job
1205 5526 1220 5551 ,
1250 5484 1304 5538 in
1324 5483 1517 5538 librum
1544 5482 1643 5536 Sa-

67 5585 280 5654 pientiae
298 5624 315 5650 ,
339 5584 396 5637 in
422 5580 729 5637 Proverbia.

136 5675 216 5730 Ex
258 5674 408 5729 hisce
444 5671 653 5728 duobus
695 5670 822 5726 διες.
853 5668 1032 5739 prodit
1058 5664 1313 5738 Synopsis
1337 5662 1524 5719 isthmc
1545 5702 1562 5728 ,
1594 5662 1648 5717 in

68 5780 168 5836 qua
202 5763 459 5823 nonnulla
488 5762 647 5821 etiam
676 5776 741 5819 ex
769 5758 946 5817 Veteri
971 5758 1310 5817 Testamento
1337 5752 1648 5813 desideran-

1745 3746 1868 3803 tur;
1906 3736 2155 3790 nimirum
2184 3731 2442 3804 Synopsis
2472 3730 2800 3786 Psalmorum
2819 3768 2834 3793 ,
2864 3733 2920 3782 et
2940 3723 3170 3795 quinque
3199 3720 3329 3776 Pro-

1747 3830 2028 3899 phetarum
2074 3826 2356 3881 minorum.
2400 3822 2455 3877 ln
2495 3829 2723 3890 utroque
2747 3833 2907 3889 porro
2932 3815 3127 3871 Codice
3156 3811 3330 3884 Syno-

1746 3922 1856 3990 psis
1896 3918 2085 3975 Joanni
2124 3916 2502 3987 Cbrysostomo
2545 3912 2788 3967 tribuitur
2837 3926 2850 3962 :
2894 3907 2948 3961 in
2995 3905 3157 3960 titulis
3185 3902 3326 3957 enim

1745 4011 2049 4068 Coisliniani
2088 4017 2143 4064 et
2180 4004 2552 4077 Lugdunensis
2576 4001 2786 4058 Codiris
2813 3994 3179 4069 Cbrysostomi
3205 4007 3327 4049 esse

1743 4104 1967 4166 dicitur,
2017 4108 2075 4155 ut
2116 4114 2237 4153 mox
2276 4095 2496 4151 videbis.
2537 4094 2652 4148 Jatn
2684 4105 2811 4146 vero
2837 4087 3118 4159 quaeritur,
3150 4093 3323 4138 utrum

1746 4210 1872 4251 vere
1916 4188 2281 4262 Chrysostomi
2310 4188 2415 4252 sit,
2443 4198 2631 4239 necne.
2665 4183 2873 4236 lsaacus
2896 4188 3038 4233 certe
3066 4171 3288 4229 Vossius
3310 4211 3326 4238 ,

1744 4285 1896 4355 cujus
1938 4291 2053 4337 erat
2080 4279 2260 4335 Codex
2284 4278 2373 4331 ille
2402 4274 2743 4330 Bibliotheca:
2770 4262 3141 4339 Lugdunensis
3171 4262 3331 4355 Bala~

1745 4353 1899 4443 victe,
1928 4390 2033 4430 non
2058 4374 2272 4443 putabat
2300 4384 2420 4424 esse
2435 4364 2818 4439 Chrysostomi,
2843 4358 3156 4417 testiﬁcante
3175 4353 3329 4411 Guil-

1745 4470 1905 4526 lelmo
1950 4468 2092 4523 Cave
2140 4466 2192 4520 in
2238 4464 2465 4519 Historia
2510 4475 2604 4514 sua
2634 4454 2879 4518 .literaria
2927 4452 3154 4508 Geneva:
3187 4461 3331 4502 anno

1746 4560 1886 4617 1705
1907 4559 2047 4615 edita
2069 4598 2084 4624 ,
2112 4556 2264 4625 cujus
2294 4555 2408 4609 lucc
2432 4559 2554 4607 sunt
2580 4547 2740 4603 verba
2759 4588 2773 4612 ,
2806 4561 2857 4615 p.
2888 4543 2995 4598 215
3023 4560 3036 4596 :
3075 4559 3094 4594 ι
3131 4540 3320 4594 Exstat

1747 4654 1936 4710 Graece
1973 4650 2073 4706 Is.
2120 4650 2171 4704 in
2203 4645 2529 4702 Bibliotheca
2556 4640 2810 4694 Vossiana
2837 4636 2935 4692 sub
2960 4630 3327 4724 Chrysostonti

1746 4743 1966 4800 nomine
2014 4740 2272 4812 Synopsis
2299 4735 2505 4791 Veteris
2551 4730 2915 4793 Testamenti;
2952 4728 3049 4783 sed
3077 4740 3181 4779 non
3211 4736 3331 4775 esse

1746 4835 2036 4907 genuinum
2060 4811 2433 4900 Cbrysostomi
2463 4827 2645 4880 fretum
2676 4820 2791 4890 ipse
2819 4818 2948 4874 mihi
2971 4816 3097 4869 olim
3120 4811 3332 4869 confes-

1748 4901 1840 4980 sus
1866 4931 1950 4979 est
1972 4922 2045 4978 cl.
2078 4920 2315 4977 Vossius.
2351 4934 2374 4969 ι
2409 4918 2477 4970 At
2502 4913 2691 4983 Opinor
2721 4909 2961 4965 Vossium
2984 4906 3097 4960 bzec
3117 4901 3329 4973 perfun-

1748 5018 1917 5073 ctorie
1962 5016 2152 5085 legisse
2173 5053 2190 5077 ,
2236 5020 2291 5064 et
2333 5025 2399 5065 ex
2438 5007 2560 5078 styli
2589 5007 2814 5059 fortasse
2837 5000 3041 5055 ratione
3065 4995 3327 5053 calculum

1751 5108 1939 5163 tulisse
1987 5124 2000 5160 :
2039 5119 2198 5175 quam
2239 5101 2363 5173 styli
2394 5098 2617 5155 formam
2643 5110 2749 5150 non
2775 5092 2944 5165 potuit
2970 5091 3021 5146 in
3052 5100 3156 5146 tam
3183 5102 3331 5142 com-

1751 5200 2005 5271 pendiosa
2044 5196 2349 5252 narratione
2377 5187 2796 5261 deprehendere.
2823 5184 2903 5240 Ad
2934 5183 3048 5236 haec
3075 5195 3202 5236 vero
3224 5179 3329 5235 Co-

1750 5293 1854 5349 dex
1882 5292 1977 5347 illc
2004 5289 2300 5347 Vossianus
2330 5283 2693 5340 Protheoriam
2717 5279 2864 5335 illam
2886 5277 2940 5332 in
2964 5276 3136 5330 fronte
3157 5273 3330 5342 Syno-

1750 5399 1908 5455 pseos
1949 5383 2175 5452 positam
2214 5395 2320 5434 non
2361 5377 2560 5432 habet:
2590 5388 2706 5445 quae
2738 5385 2871 5427 sane
2906 5365 3214 5445 Protheoria
3251 5369 3334 5429 sat

1758 5477 1965 5548 prolixa
2000 5484 2054 5530 et
2084 5489 2115 5527 a
2146 5472 2320 5543 sagaci
2349 5473 2464 5525 viro
2492 5468 2684 5538 scripta
2702 5507 2718 5532 ,
2749 5462 3003 5534 quasdam
3033 5455 3335 5548 suppeditat

1758 5547 1913 5623 notas
1937 5581 2054 5636 quae
2083 5565 2465 5634 Cbrysostomo
2491 5556 2755 5629 Synepsin
2778 5551 3046 5609 vindicare
3068 5547 3332 5602 videntur.

1761 5659 1817 5714 In
1845 5660 1961 5729 ipsa
1987 5658 2145 5713 etiam
2170 5653 2397 5726 Synopsi
2425 5668 2530 5707 non
2561 5663 2723 5721 pauca
2752 5650 3069 5708 occurrunt,
3096 5652 3212 5710 quae
3237 5650 3339 5707 pro

1758 5749 2138 5821 Chrysostomo
2184 5751 2436 5817 pugnant.
2484 5740 2601 5798 Non
2626 5754 2688 5795 ea
2713 5750 2872 5810 porro
2900 5739 3078 5791 mente
3107 5730 3220 5785 haec
3249 5741 3338 5782 ar-
