3720 6274
392 306 497 363 307

390 428 638 491 gntncnta
665 417 984 489 proferimus
1003 460 1018 485 ,
1047 425 1105 474 ut
1131 417 1247 474 sine
1271 415 1380 472 ulla
1408 426 1626 485 prorsus
1644 411 1972 467 dubitatione

392 513 654 585 Synopsin
678 526 799 568 esse
813 512 1176 585 Chrysostomi
1199 519 1528 566 statuamus:
1559 522 1663 561 non
1681 506 1823 561 enim
1854 518 1974 573 pcr-

393 604 515 659 inde
544 603 717 657 affecti
742 617 956 669 sumus,
985 611 1144 672 atque
1186 600 1426 656 nonnulli
1465 599 1772 668 scriptores,
1801 596 1889 665 qui
1910 610 1973 650 ea

389 713 510 767 qua:
542 712 607 752 ex
639 697 873 753 tenebris
892 706 1116 761 eruunt,
1145 695 1209 749 iis
1234 709 1372 765 quos
1412 700 1639 747 tractant
1668 689 1973 745 auctoribus

392 790 462 844 ita
489 804 731 844 asserere
754 796 1041 852 conantur,
1070 794 1129 841 ut
1155 786 1351 841 nullam
1382 784 1642 838 rationem
1672 781 1866 836 habere
1892 778 1972 832 vi-

393 879 621 934 deantur
660 892 851 933 eorum
895 890 1015 946 qua:
1051 882 1286 945 possunt
1314 881 1501 929 contra
1539 871 1719 941 ohjici.
1752 870 1973 924 Etiamsi

390 972 534 1037 enim
556 969 667 1025 haec
687 982 806 1039 quae
826 967 1143 1039 proferimus
1162 963 1336 1036 magni
1358 978 1476 1019 esse
1496 962 1747 1016 momenti
1773 960 1978 1031 perspi-

390 1079 551 1119 cuum
594 1061 748 1117 nobis
788 1059 860 1116 sit
904 1077 917 1113 :
962 1067 1246 1127 antequam
1285 1054 1529 1110 ultimum
1558 1068 1621 1108 ea
1650 1052 1720 1109 de
1748 1068 1805 1107 re
1829 1050 1974 1123 judi-

390 1159 531 1213 cium
552 1166 845 1214 statuamus
862 1196 877 1222 ,
901 1162 1212 1227 argumenta
1238 1159 1420 1207 nostra
1446 1151 1655 1207 erudito
1680 1151 1863 1206 lectori
1890 1148 1951 1203 of
1953 1179 1974 1190 -

390 1247 531 1305 ferre
570 1247 743 1305 visum
771 1255 877 1315 est,
929 1255 985 1302 ut
1028 1256 1132 1300 tam
1173 1244 1314 1299 illius
1338 1284 1353 1308 ,
1382 1258 1541 1313 quam
1570 1240 1976 1312 nostrojudicio

389 1341 513 1413 quid
539 1340 866 1397 censendum
894 1338 963 1395 sit
992 1339 1152 1393 tutius
1181 1335 1529 1392 afﬂrmemus.

460 1433 697 1488 Primum
748 1431 907 1502 igitur
952 1437 1325 1500 argumentum
1374 1436 1677 1482 mutuamur
1722 1439 1789 1480 ex
1828 1422 1977 1480 hisce

392 1526 678 1596 postremis
704 1523 1029 1580 Protheorite
1055 1522 1229 1578 verbis
1248 1562 1263 1589 ,
1295 1521 1381 1575 ubi
1407 1520 1636 1589 scriptor
1659 1531 1977 1574 enumerans

389 1620 523 1675 Novi
550 1619 874 1675 Testamenti
903 1616 1096 1682 libros,
1128 1623 1426 1686 postremas
1451 1612 1601 1682 ponit
1631 1621 1739 1667 tres
1764 1610 1976 1680 Episto-

391 1713 470 1768 las
498 1712 808 1772 catholicas.
840 1721 885 1765 et
909 1721 1085 1765 tresea:
1104 1708 1363 1764 catholicis
1391 1706 1654 1777 Epistolis.
1683 1702 1975 1759 Catholicae

390 1813 567 1858 autem
616 1812 737 1859 sunt
782 1802 1033 1873 Epistolae
1077 1809 1315 1870 septem,
1362 1813 1584 1868 quarum
1624 1805 1733 1850 tres
1773 1803 1977 1848 tantum

392 1903 633 1965 tmnpore
671 1894 1037 1964 Chrysostomi
1084 1892 1134 1946 in
1166 1891 1400 1946 Ecclesia
1435 1889 1794 1954 Antiocheua,
1825 1887 1977 1957 cujus

390 1989 479 2043 ille
505 1987 783 2057 presbyter
808 1995 918 2042 erat
941 2023 959 2051 .
989 1984 1400 2054 recipiebantur.
1431 1980 1563 2035 Nam
1595 1981 1713 2035 licet
1739 1979 1976 2050 Epistola

392 2079 625 2134 secunda
652 2077 829 2141 Petri,
862 2076 1094 2131 secunda
1121 2085 1173 2130 et
1201 2074 1351 2128 tertia
1383 2074 1603 2131 Joannis
1622 2114 1638 2140 ,
1665 2080 1824 2142 atque
1846 2070 1975 2140 Epi-

392 2170 525 2224 stola
564 2170 632 2223 Β.
671 2168 821 2224 Juda:
866 2166 1091 2236 apostoli
1122 2166 1261 2221 inter
1284 2175 1650 2223 sacrosanctas
1676 2173 1729 2219 et
1756 2162 1977 2217 canoni-

391 2260 808 2332 casScripturas
830 2274 860 2313 a
876 2259 1058 2315 multis
1079 2258 1187 2328 jam
1215 2258 1427 2313 smenlis
1453 2272 1549 2327 per
1575 2265 1740 2311 totam
1758 2255 1977 2309 omnino

393 2354 686 2409 Ecclesiam
712 2338 1074 2421 recipiantur,
1100 2350 1364 2421 prioribus
1380 2358 1561 2405 tamen
1592 2350 1848 2405 Ecclesia:
1872 2364 1977 2403 εαξη

391 2447 525 2501 culis
564 2448 679 2500 istae
702 2454 929 2517 quatuor
964 2444 1212 2513 Epistula:
1240 2458 1347 2500 non
1374 2444 1428 2499 in
1457 2443 1705 2499 omnibus
1730 2442 1978 2498 Ecclesiis

395 2550 452 2592 nt
493 2537 762 2593 canonica)
805 2535 1224 2591 admittebantur
1269 2552 1283 2588 :
1325 2534 1569 2604 qumdam
1616 2534 1762 2589 enim
1790 2542 1975 2597 erant.

392 2629 493 2685 etsi
537 2643 753 2698 paucae,
803 2643 923 2697 qum
966 2627 1080 2681 illas
1125 2642 1229 2681 non
1274 2626 1660 2695 admittebant,
1701 2633 1759 2681 ut
1798 2624 1979 2681 videas

394 2724 532 2793 apud
576 2724 782 2779 Sixtum
816 2722 1123 2778 Senensem‘
1146 2722 1283 2777 libro
1312 2722 1482 2790 primo
1504 2725 1562 2778 in
1590 2722 1698 2775 line
1724 2719 1978 2775 sectionis

394 2816 663 2873 secundae.
689 2816 792 2871 Sed
819 2831 849 2870 a
873 2817 1098 2870 maxima
1129 2814 1413 2871 Orientalis
1442 2813 1690 2869 Ecclesiae
1715 2821 1894 2883 parte,
1926 2822 1981 2867 et

394 2924 425 2963 a
469 2918 580 2964 toto
620 2924 755 2979 pene
782 2900 1079 2963 Occidente
1119 2908 1257 2962 inter
1293 2906 1579 2961 canonicos
1603 2906 1765 2961 libros
1788 2919 1977 2961 cense-

396 2999 621 3065 bantur;
663 3001 800 3055 inter
826 3000 991 3055 libros
1019 2999 1267 3054 videlicet
1297 2999 1535 3064 divinos,
1566 2997 1822 3052 canonice
1848 2997 1981 3052 scri-

395 3100 513 3159 ptos
537 3131 551 3154 ,
592 3093 823 3151 traditos
860 3088 1207 3155 et‘creditos,
1239 3090 1407 3159 inquit
1431 3104 1652 3159 magnus
1678 3088 1767 3143 ille
1788 3088 1980 3143 Eccle-

394 3182 488 3235 si:e
532 3198 707 3251 prch
747 3181 1106 3248 Athanasius,
1149 3182 1235 3251 qui
1277 3180 1567 3235 catholicas
1607 3180 1870 3250 Epistolas
1895 3195 1981 3234 se-

393 3283 539 3343 ptem
588 3275 639 3330 in
688 3275 897 3330 illorum
946 3289 1170 3330 numero
1223 3274 1379 3330 locat.
1410 3275 1479 3329 At
1526 3274 1762 3329 Ecclesia
1792 3273 1977 3326 Antin—

396 3366 560 3421 chena
586 3376 812 3436 quatuor
843 3367 958 3422 illas
989 3381 1145 3435 supra
1176 3374 1497 3420 memoratas
1526 3364 1793 3434 Epistolas
1820 3364 1980 3418 Jo:in-

395 3460 479 3513 nis
525 3458 892 3529 Chrysostomi
942 3467 1181 3527 tempore
1223 3473 1327 3511 non
1364 3456 1704 3521 admittebat,
1732 3456 1841 3509 imo
1868 3453 1978 3524 pri-

394 3549 519 3603 stini
562 3558 715 3603 tenax
763 3549 1054 3618 propositi,
1100 3563 1165 3602 ne
1196 3555 1434 3616 tempore
1457 3547 1668 3617 quidem
1698 3546 1978 3600 Justiniani

397 3642 737 3712 Imperatoris
784 3642 900 3695 illas
943 3641 1117 3695 adhuc
1162 3640 1544 3710 adoptaverat;
1572 3638 1623 3694 id
1648 3638 1790 3709 quod
1818 3638 1980 3710 Syro-

399 3749 519 3788 rum
542 3734 813 3803 pr0prium
840 3741 954 3787 erat
975 3773 988 3793 ,
1018 3740 1076 3786 ut
1096 3731 1252 3786 modo
1272 3730 1587 3786 videbimus.
1954 3738 1959 3745 ’

467 3824 620 3894 Quod
655 3833 834 3879 autem
877 3823 1112 3878 Ecclesia
1139 3823 1467 3877 Antiochcna
1490 3819 1854 3876 secundamet
1876 3827 1980 3873 ter-

399 3917 526 3972 tiam
569 3916 789 3972 Joannis
832 3932 937 3970 non
979 3916 1274 3985 reciperet,
1303 3914 1355 3969 id
1383 3913 1583 3983 liquido
1607 3912 1982 3983 comprobatur

400 4026 466 4066 ex
493 4009 721 4065 llomilia
749 4024 871 4063 mox
899 4007 1125 4075 edenda,
1156 4022 1313 4078 quam
1339 4006 1485 4076 prior
1509 4005 1794 4076 publicavit
1814 4003 1980 4059 Joan—

401 4103 484 4157 nis
513 4101 875 4174 Cbrysostomi
907 4101 1121 4155 nomine
1144 4098 1441 4154 Cotelerius
1460 4138 1475 4163 ,
1504 4111 1768 4167 quamque
1791 4095 1985 4165 proba.

400 4208 520 4249 mus
547 4194 598 4248 in
621 4193 816 4248 Monito
840 4191 974 4247 infra
1004 4208 1108 4248 non
1129 4191 1494 4263 Chrysostomi
1520 4204 1661 4257 esse,
1687 4188 1781 4244 sed
1805 4188 1982 4257 cujus-

400 4286 522 4341 dam
572 4284 868 4355 presbyteri
895 4283 1209 4339 Antiocheni
1246 4282 1387 4337 illius
1407 4281 1504 4335 aevi
1526 4295 1707 4335 coram
1730 4279 1982 4335 Flaviano

402 4377 653 4447 episcopo
681 4376 1067 4430 concionantis.
1097 4373 1153 4427 in
1181 4374 1281 4428 hac
1299 4373 1459 4443 igitur
1474 4371 1727 4437 Homilia,
1749 4385 1898 4424 num.
1925 4369 1980 4434 6,

402 4469 469 4523 de
494 4467 714 4523 Joannis
740 4466 1080 4535 evangelistae
1109 4463 1346 4533 Epistola
1367 4461 1600 4518 secunda
1622 4470 1677 4517 et
1700 4460 1852 4515 tertia
1870 4460 1985 4514 tunc

405 4559 658 4613 dicuntur
688 4574 701 4611 :
738 4576 758 4610 ‹
799 4557 940 4612 Idem
971 4556 1059 4610 ille
1085 4568 1282 4625 praeco,
1314 4554 1405 4624 qui
1430 4552 1545 4606 haec
1566 4551 1906 4621 priedicavit,
1932 4551 1982 4604 in

406 4651 642 4721 Epistula
688 4664 782 4703 sua
829 4646 1011 4704 scribit
1043 4664 1056 4700 :
1086 4645 1253 4717 prima
1293 4652 1470 4700 autem
1495 4642 1732 4712 Epistula
1762 4642 1900 4697 inter
1921 4656 1983 4697 ea

403 4760 522 4814 quae
563 4744 615 4797 in
671 4741 907 4797 Ecclesia
961 4738 1326 4825 r/ecipiuntur,
1387 4750 1493 4790 non
1522 4735 1661 4790 inter
1683 4734 1985 4806 apocrypha

405 4841 725 4890 reccnsetur
759 4852 774 4886 :
820 4844 943 4887 nam
985 4829 1274 4885 secundam
1317 4838 1371 4883 et
1396 4828 1603 4884 tertiam
1630 4834 1807 4895 patres
1834 4835 1986 4881 extra

404 4941 663 4981 canoncm
686 4931 917 4995 ponunt;
938 4924 1158 4990 primam
1174 4933 1302 4976 vero
1321 4919 1609 4990 Epistolam
1624 4917 1845 4972 Joannis
1868 4930 1987 4971 esse

406 5033 593 5073 omnes
623 5017 980 5072 consentiunt.
1015 5033 1033 5065 ι
1069 5013 1202 5069 nine
1230 5012 1380 5068 vides
1398 5010 1686 5067 secundam
1705 5017 1760 5064 et
1779 5009 1985 5065 tertiam

406 5109 626 5165 Joannis
653 5107 944 5177 Epistolam
970 5113 1108 5159 Inter
1128 5104 1411 5159 canonicas
1430 5100 1726 5156 Antiochiae
1753 5114 1859 5155 non
1889 5098 1990 5152 ha-

408 5203 542 5257 bitas
612 5201 792 5255 luisse.
819 5197 1118 5255 Secundam
1147 5196 1273 5251 item
1299 5195 1439 5250 Petri
1464 5236 1477 5261 ,
1503 5202 1556 5248 et
1588 5193 1879 5262 Epistolam
1895 5191 1992 5249 Ju-

408 5292 491 5349 (ιω
521 5289 995 5365 apostoli,perinde
1020 5298 1179 5360 atque
1205 5286 1492 5343 secundam
1520 5295 1575 5341 et
1603 5286 1811 5341 tertiam
1832 5284 1993 5341 Joan-

407 5387 491 5442 nis
513 5428 527 5452 ,
553 5402 582 5439 a
606 5385 753 5457 Syris
777 5426 792 5452 ,
816 5393 975 5455 atque
993 5381 1127 5437 adeo
1146 5381 1214 5436 ab
1238 5379 1583 5436 Antiochenis
1609 5393 1713 5433 non
1735 5378 1993 5433 admissas

408 5478 576 5533 fuisse
614 5478 814 5532 diserte
853 5474 1009 5531 docet
1037 5472 1257 5530 Cosmas
1289 5471 1567 5542 Egyptius
1591 5513 1605 5537 ,
1633 5472 1723 5540 qui
1753 5481 1992 5541 tempore

411 5568 693 5627 Justiniani
712 5566 1054 5638 Imperatoris
1069 5564 1351 5622 scribebat.
1377 5563 1527 5618 Hunc
1547 5563 1860 5631 scriptorem
1881 5562 1994 5616 edi-

410 5661 585 5717 (limus
622 5676 764 5715 anno
795 5659 951 5715 1706.
985 5658 1073 5713 Sic
1096 5664 1273 5711 autem
1303 5655 1463 5709 habet
1489 5668 1540 5723 p.
1570 5652 1704 5719 292,
1739 5653 1899 5707 multa
1927 5652 1995 5707 de

410 5753 686 5809 catholicis
730 5753 977 5824 Epistolis
1023 5761 1077 5808 et
1116 5751 1183 5807 de
1212 5763 1392 5806 earum
1422 5748 1732 5803 auctoritate
1760 5756 1881 5801 ante
1908 5745 1989 5799 lu-

1628 292 1952 353 DIATRIBA
1995 291 2057 349 IN
2095 290 2445 349 SYNOPSIN.

3553 305 3656 372 303

2081 416 2276 476 qnutus
2309 424 2324 462 :
2361 427 2381 460 ι
2419 408 2572 480 Apud
2604 409 2767 483 Syros
2792 419 2968 469 autem
2996 430 3102 471 non
3133 416 3233 472 nisi
3265 426 3370 474 tres
3396 421 3657 492 praedicta:

2082 502 2455 569 reperiuntur;
2483 501 2729 560 videlicet
2765 503 2945 560 Jacobi
2966 545 2983 572 ,
3010 508 3154 564 Petri
3179 519 3235 566 et
3258 511 3482 567 Joannis
3511 531 3526 568 :
3552 516 3659 572 alia

2082 594 2277 666 quippe
2323 609 2484 665 penes
2528 596 2647 652 illos
2694 612 2763 653 ne
2804 599 3017 669 quidem
3057 601 3336 659 habentur.
3366 605 3657 663 Perfectum

2082 684 2261 755 itaque
2297 687 2655 745 Christianum
2699 690 2873 747 dubiis
2912 693 3060 748 inniti
3104 709 3211 751 non
3254 707 3518 769 oportet,
3548 714 3661 755 cum

2080 792 2160 832 ere
2175 777 2514 848 Scriptum,
2546 796 2664 849 quae
2692 781 2745 836 in
2768 797 2977 838 canone
3002 787 3248 855 reposita:
3266 826 3284 853 ,
3310 795 3368 842 et
3383 787 3532 857 apud
3552 805 3661 842 om-

2085 885 2179 924 nes
2209 870 2258 924 iu
2274 870 2522 927 confesso
2537 880 2681 939 sunt,
2704 876 2883 930 omnia
2897 876 3025 930 satis
3045 877 3370 935 declarent.»
3399 880 3541 936 Hinc
3562 897 3664 935 ma-

2083 960 2275 1023 nifeste
2306 961 2454 1019 vides
2482 965 2641 1020 etiam
2670 974 2909 1036 tempore
2927 966 3210 1024 Justiniani
3234 968 3583 1039 imperatoris
3605 988 3664 1027 ex

2082 1052 2357 1115 catholicis
2373 1055 2478 1110 illis
2499 1056 2751 1127 Epistolis
2776 1059 2985 1113 nonnisi
3012 1069 3119 1115 tres
3138 1060 3275 1129 apud
3299 1061 3493 1133 Syros,
3514 1073 3664 1133 atque

2081 1146 2215 1202 adeo
2243 1147 2294 1202 in
2326 1148 2560 1204 Ecclesia
2589 1149 2918 1206 Antiochena
2939 1190 2954 1217 ,
2977 1162 3218 1220 receptas
3242 1151 3430 1208 fuisse.

2151 1238 2288 1294 llinc
2324 1240 2483 1311 igitur
2500 1242 2678 1312 palam
2704 1250 2787 1297 est
2814 1242 2954 1296 hunc
2979 1242 3304 1312 Scriptorem
3331 1284 3345 1307 ,
3377 1258 3543 1315 quem
3564 1243 3664 1313 jam

2082 1329 2135 1384 in
2166 1330 2433 1401 publicum
2458 1331 2792 1398 emittimus,
2818 1332 3013 1403 quique
3042 1342 3147 1388 tres
3178 1343 3379 1389 tantum
3402 1335 3667 1404 Epistolas

2081 1423 2373 1478 catholicas
2438 1424 2550 1479 sive
2608 1424 2895 1480 canonicas
2949 1425 3220 1490 admittit,
3274 1427 3665 1482 Antiochenam

2082 1529 2238 1581 esse;
2265 1514 2484 1587 jamque
2512 1515 2634 1571 hinc
2656 1516 2886 1586 aliquam
2918 1517 3070 1573 titulo
3093 1519 3362 1575 conciliari
3390 1518 3555 1574 [idem
3577 1561 3593 1586 ,
3622 1521 3666 1574 in

2081 1622 2187 1678 quo
2230 1608 2426 1663 dicitur
2467 1622 2589 1664 esse
2624 1607 2847 1664 Joannis
2871 1605 3262 1680 Chrysostomi.
3290 1610 3359 1665 Et
3386 1626 3521 1667 vere
3551 1628 3668 1667 san-

2081 1710 2198 1757 ctus
2223 1701 2309 1758 hic
2337 1701 2548 1768 doctor,
2577 1702 2666 1773 qui
2691 1702 2979 1773 Scriptura:
3004 1718 3173 1758 sacrae
3203 1704 3366 1759 libros
3390 1720 3590 1760 omnes
3620 1707 3667 1759 in

2084 1793 2327 1849 llomiliis
2375 1795 2490 1849 suis
2532 1795 2749 1851 adhibet
2773 1835 2787 1859 .
2817 1805 3044 1864 quatuor
3071 1796 3276 1852 illarum
3306 1797 3669 1869 Epistolarum

2083 1884 2195 1940 loca
2237 1898 2494 1953 nusquam
2540 1883 2734 1950 all‘ert;
2784 1893 2880 1941 aut
2921 1885 3109 1943 saltem
3139 1886 3445 1955 hujusmodi
3478 1888 3591 1942 loca
3619 1890 3670 1942 in

2082 1976 2199 2044 cjns
2241 1977 2452 2045 scriptis
2498 1976 2734 2033 nondum
2777 1976 3144 2047 deprehendi:
3175 1980 3382 2034 etiamsi
3416 1995 3551 2035 vero
3580 1982 3669 2035 de-

2084 2067 2543 2138 prehenderentur
2571 2110 2587 2131 ,
2642 2083 2748 2124 non
2794 2079 2969 2124 tamen
3022 2070 3143 2125 inde
3188 2082 3509 2140 sequeretur
3556 2088 3669 2127 eam

2081 2159 2369 2229 Scriptura:
2411 2169 2618 2228 partem
2646 2160 2956 2215 canonicam
2979 2160 3162 2217 haberi
3195 2179 3209 2215 :
3242 2178 3362 2216 naut
3394 2163 3507 2217 illis
3539 2174 3670 2221 tem-

2082 2254 2299 2323 poribus
2326 2268 2429 2306 nnn
2456 2266 2622 2322 paura
2650 2263 2803 2309 erant
2831 2255 2881 2310 in
2911 2256 3223 2324 quibusdam
3248 2256 3533 2324 Ecclesiis.
3552 2273 3670 2326 qua:

2083 2345 2391 2415 legebantur
2434 2345 2681 2413 quidem,
2726 2344 2821 2401 sed
2864 2347 3116 2420 canonica
3154 2363 3277 2413 esse
3312 2363 3423 2403 non
3463 2360 3674 2418 reputa-

2084 2439 2296 2492 bantur.
2376 2437 2696 2492 Manendum
2744 2447 2922 2493 autem
2966 2439 3463 2504 existimoplocum
3490 2441 3673 2496 haberi

2083 2529 2309 2621 llomilia
2348 2540 2495 2585 sexta
2535 2530 2756 2586 Joannis
2798 2530 3166 2603 Cltrysostomi
3209 2533 3262 2588 in
3290 2534 3550 2590 Genesim
3574 2574 3592 2602 ,
3614 2552 3672 2617 p.

2081 2621 2152 2677 40
2183 2621 2443 2677 Editionis
2481 2633 2710 2687 nostra),
2748 2622 2832 2677 ubi
2864 2624 2942 2679 sic
2966 2624 3159 2694 legitur
3186 2642 3204 2683 :
3233 2623 3287 2678 Ii
3314 2642 3433 2679 vero
3462 2628 3553 2693 qui
3577 2630 3673 2680 ali-

2081 2713 2285 2780 quando
2315 2728 2370 2770 se
2395 2712 2447 2767 in
2471 2712 2664 2766 diaboli
2691 2714 2819 2768 retia
2846 2714 3078 2784 injicinnt
3098 2756 3114 2781 ,
3143 2716 3351 2773 canibus
3370 2734 3675 2786 corruperan-

2080 2811 2165 2855 tur
2190 2819 2225 2856 a
2254 2803 2522 2872 Scriptura
2548 2805 2717 2861 divina
2749 2820 2768 2859 :
2800 2805 2969 2860 llomo
2996 2807 3139 2861 enim
3165 2848 3181 2872 ,
3206 2808 3396 2879 inquit,
3429 2812 3525 2880 qui
3550 2826 3675 2866 con-

2085 2896 2309 2951 vertitur
2349 2910 2382 2950 a
2426 2906 2642 2965 peccato
2682 2911 2778 2950 suo
2803 2937 2818 2961 ,
2845 2906 2901 2952 et
2928 2898 3199 2954 iterumin
3224 2900 3465 2968 idipsutn
3497 2901 3637 2956 redit
3660 2944 3673 2964 ,

2083 2988 2275 3043 similis
2299 2996 2384 3043 est
2406 2987 2528 3043 caui
2558 2989 2624 3041 ad
2648 2989 2901 3044 vomitum
2933 2989 3197 3047 redeunti.
3232 2991 3306 3046 lbi
3330 3007 3467 3049 vero
3498 3010 3598 3047 nos
3629 2996 3675 3047 in

2083 3081 2322 3151 margine
2348 3080 2535 3134 locum
2561 3080 2905 3136 indicavimus
2932 3081 2966 3137 2
2994 3082 3136 3137 Petri
3161 3080 3216 3148 δί,
3247 3082 3318 3139 22
3344 3101 3362 3140 :
3391 3092 3453 3138 at
3477 3085 3580 3139 etsi
3612 3085 3676 3138 ibi

2082 3172 2149 3227 de
2176 3187 2307 3226 cane
2327 3172 2394 3226 ad
2423 3172 2678 3226 vomitum
2707 3187 2932 3227 reverso
2957 3183 3160 3243 agatur,
3186 3186 3393 3231 certum
3426 3185 3517 3231 est
3544 3174 3681 3233 hunc

2086 3265 2259 3319 locum
2289 3264 2352 3318 ad
2384 3264 2671 3319 secundam
2706 3264 2846 3319 Petri
2877 3265 3170 3335 Epistolam
3202 3280 3303 3320 non
3333 3266 3678 3322 referendum

2084 3372 2236 3421 esse,
2278 3355 2371 3410 sed
2400 3356 2464 3409 ad
2496 3356 2900 3410 Provrrbiorum
2928 3356 3121 3411 librum
3147 3398 3161 3421 ,
3190 3372 3312 3427 cap.
3338 3357 3410 3411 ‘26
3429 3400 3447 3423 ,
3483 3375 3539 3412 v.
3576 3359 3633 3413 ll
3664 3400 3679 3425 ,

2084 3460 2243 3518 atque
2268 3447 2403 3501 adeo
2429 3447 2772 3517 marginaletn
2796 3456 2976 3502 notam
2999 3449 3077 3503 sic
3106 3448 3495 3503 restituendam
3518 3466 3641 3506 esse
3665 3492 3681 3517 ,

2091 3539 2249 3593 Prov.
2274 3538 2366 3593 26.
2398 3540 2457 3593 Η
2497 3538 2595 3611 (a).
2627 3538 2721 3593 llic
2740 3539 3130 3594 animadvertas
3153 3541 3332 3605 velint,
3354 3540 3685 3613 ChrySosto-

2086 3648 2229 3686 mum
2273 3631 2680 3686 concionantem
2723 3632 2807 3686 hic
2830 3641 2887 3686 et
2911 3632 3210 3689 sexcenties
3233 3633 3355 3688 alibi
3382 3633 3693 3707 Scriptura:

2086 3724 2198 3779 loca
2224 3763 2240 3789 ,
2290 3732 2449 3793 prout
2490 3724 2760 3778 memoria:
2802 3736 2923 3778 sese
2958 3722 3288 3789 adurebant,
3320 3724 3686 3794 alligavisse,

2080 3815 2347 3886 longeque
2375 3815 2589 3871 diverso
2609 3832 2636 3867 a
2668 3814 2955 3883 Scriptura
2972 3823 3121 3875 lentu
3141 3814 3320 3871 modo.
3350 3815 3534 3883 Locus
3556 3833 3689 3886 ergo

2085 3908 2408 3978 Scriptor-te,
2440 3922 2600 3978 quem
2628 3907 2720 3962 hic
2736 3909 2963 3977 «reSpicit
2986 3908 3425 3980 Chrysostomus,
3450 3921 3539 3965 est
3567 3926 3691 3964 ver-

2085 4000 2289 4056 siculus
2327 4000 2417 4054 ille
2455 3999 2862 4055 Proverbiorum
2883 4040 2901 4066 ,
2926 4013 3085 4069 quem
3112 4000 3202 4059 ille
3224 4014 3323 4069 pro
3348 4016 3509 4056 more
3534 4012 3592 4057 et
3620 4001 3686 4054 ad

2084 4108 2238 4150 suum
2267 4106 2489 4163 scopum
2525 4090 2897 4157 concinnavit,
2927 4101 2984 4146 ut
3006 4090 3074 4147 ad
3097 4100 3305 4160 captiua
3334 4091 3514 4161 [dehis
3540 4103 3690 4151 esset

2085 4184 2537 4242 accommodatior
2579 4199 2595 4244 :
2645 4183 2723 4240 sic
2762 4192 2939 4238 autem
2968 4183 3126 4238 habet
3154 4183 3206 4238 in
3228 4198 3332 4239 ex!
3364 4184 3691 4253 interpret:-

2087 4279 2187 4333 bus
2214 4293 2231 4332 :
2265 4276 2411 4332 Sicut
2439 4276 2581 4330 canis
2602 4290 2721 4331 cum
2741 4289 2967 4328 reversus
2987 4274 3146 4328 estad
3160 4274 3406 4341 vomitum
3438 4293 3618 4339 suum,
3645 4286 3693 4329 et

2086 4375 2292 4429 odiosus
2324 4382 2397 4429 est
2430 4371 2664 4439 eiectus,
2698 4370 2772 4425 sic
2802 4371 2987 4424 stultus
3021 4370 3213 4427 umlitia
3240 4386 3334 4423 sua
3358 4385 3598 4439 reversus
3622 4372 3694 4422 ad

2084 4476 2345 4537 peccatum
2393 4480 2561 4519 ritum.
2605 4462 2741 4518 Cum
2784 4462 2886 4518 hoc
2915 4462 3033 4517 loco
3058 4477 3279 4531 prorsus
3299 4472 3575 4516 consonat
3602 4463 3698 4517 ille

2088 4571 2282 4627 supra;
2329 4556 2397 4610 ad
2436 4555 2686 4625 Epistulae
2725 4568 2852 4610 vero
2894 4553 3142 4610 secundae
3188 4553 3331 4608 Petri
3361 4552 3546 4607 locum
3581 4568 3697 4607 non

2089 4650 2312 4719 perinde
2349 4651 2610 4719 quadrat;
2649 4648 2728 4704 sic
2766 4661 2926 4717 porro
2951 4646 3036 4703 ille
3064 4645 3224 4703 habet
3250 4662 3264 4700 :
3287 4644 3528 4715 Contigit
3544 4649 3699 4701 enim

2089 4746 2161 4799 eis
2196 4744 2329 4798 illud
2369 4744 2471 4797 reri
2508 4740 2752 4811 prouerbii
2787 4756 2808 4794 :
2834 4740 2979 4793 canis
3002 4752 3225 4793 reversus
3248 4745 3317 4789 ad
3342 4754 3499 4792 suum
3527 4740 3701 4792 vomi-

2090 4845 2237 4901 tum;
2264 4844 2345 4899 et,
2374 4850 2459 4888 sua
2483 4833 2588 4887 lota
2614 4833 2669 4889 in
2697 4829 2960 4887 volutabra
2985 4829 3099 4883 luti.
3128 4827 3343 4883 Certum
3376 4828 3563 4897 itaque
3597 4844 3699 4883 ex-

2090 4930 2460 5000 ploratumque
2501 4932 2586 4981 est
2627 4924 2801 4980 locum
2845 4920 3211 4993 Chrysostotni
3251 4936 3359 4975 non
3402 4919 3555 4975 belle
3603 4937 3699 4975 se-

2088 5023 2279 5081 cundae
2308 5022 2451 5079 Petri
2477 5019 2796 5075 versiculum
2818 5017 3083 5087 respicere
3100 5055 3116 5080 ,
3148 5013 3241 5069 sed
3271 5014 3425 5071 illum
3452 5014 3700 5068 Prover-

2091 5118 2323 5173 biorum.
2349 5114 2684 5182 Quamquam
2703 5151 2718 5175 ,
2741 5119 2800 5164 ut
2826 5108 2969 5172 dixi,
3000 5107 3102 5163 etsi
3127 5103 3359 5163 secunda
3386 5104 3543 5159 Petri
3567 5105 3703 5173 Epi-

2093 5209 2229 5263 stola
2271 5206 2555 5276 aliquando
2600 5217 2727 5257 usus
2774 5208 2917 5256 esset
2941 5198 3389 5267 Chrysostmnus,
3422 5208 3535 5257 non
3570 5194 3703 5249 inde

2095 5310 2270 5355 tamen
2303 5305 2617 5368 sequeretur
2642 5294 2784 5349 illam
2814 5291 2901 5347 vel
2922 5290 2991 5346 ab
3013 5304 3075 5344 se
3094 5290 3178 5345 vel
3203 5286 3273 5343 ab
3300 5286 3551 5347 Ecclesia
3580 5289 3704 5341 An—

2158 5482 2232 5546 (a)
2265 5486 2315 5529 In
2338 5480 2428 5546 hac
2442 5485 2605 5546 nostra
2628 5475 2862 5546 Fditione,
2880 5478 3018 5546 from.
3046 5475 3127 5546 ιδ.
3143 5466 3470 5546 Διὼὶ
3491 5466 3704 5546 scilicet

2096 5529 2302 5595 occurrit
2341 5543 2475 5591 locus
2496 5540 2559 5588 de
2595 5552 2692 5602 quo
2714 5537 2793 5585 hic
2813 5529 3202 5602 agi_tur,verl_)a1
3236 5539 3473 5602 nomen"
3519 5529 3704 5602 εὶηιὶιῇ

2096 5589 2314 5664 iniiinii,
2341 5589 2457 5662 etc,
2484 5614 2579 5664 non
2612 5589 2695 5664 ’θα
2729 5589 2997 5664 secundam;
3015 5595 3141 5643 Petri
3174 5589 3473 5664 Epistolam,_
3652 5594 3704 5639 an

2099 5652 2322 5715 ῐῆτδύξηέὲιὶ
2346 5652 2456 5726 ea:
2476 5663 2553 5721 ω,
2580 5677 2627 5713 v.
2650 5663 2726 5721 lli,
2751 5668 2832 5709 ιιι».
2857 5658 3175 5708 Itaurinorum
3197 5652 3422 5705 ὀπαοθω
3442 5652 3697 5703 decima

2100 5738 2196 5790 tes,
2217 5729 2562 5779 rcvoutvitnus.
2763 5729 2820 5772 ll.
