3720 6274
102 370 403 435 tioehena,
442 378 499 424 ut
527 369 837 425 canonicam
866 367 1152 422 admissam
1182 365 1366 422 misse.
1392 367 1526 420 Hinc
1546 381 1706 437 porro

99 460 377 531 liquidum
422 471 517 517 est“
546 471 816 517 auctorem
840 460 1144 531 Synopseos
1167 474 1287 515 esse
1313 459 1394 514 vel
1420 460 1707 515 Antioche-

98 566 240 604 num
272 553 361 607 vel
388 553 576 609 saltem
606 552 801 624 Syrum
827 592 841 615 ,
870 561 1029 621 atque
1047 593 1063 616 ,
1087 558 1154 605 ut-
1170 549 1272 606 l‘ert
1301 550 1501 614 titulus,
1528 550 1703 622 Chrys

97 654 413 700 sostomum
437 661 455 712 ;
485 644 625 715 quod
656 654 710 700 et
737 644 853 699 aliis
874 643 1187 713 probabitur
1205 642 1551 714 argumentis.

179 739 349 793 Aliud
378 747 747 811 argumentum
772 738 895 793 inde
923 738 1181 803 sumitur,
1207 737 1349 808 quod
1378 738 1515 793 inter
1537 752 1700 791 cano-

98 829 268 885 nicos
292 830 582 901 Scripturze
612 831 778 886 libros
800 872 815 897 ,
842 846 978 901 quos
1000 830 1144 886 solos
1168 832 1219 884 in
1245 830 1353 884 line
1374 830 1703 887 Protheoriat

97 937 222 978 suae
253 934 446 978 auctor
474 932 655 978 uoster
680 933 944 986 recenset,
978 923 1325 993 Apocalypsis
1351 938 1456 976 non
1482 938 1702 993 compn-

99 1023 248 1067 reat.
275 1014 355 1070 Ne
384 1031 510 1069 vero
539 1023 752 1085 putetur
776 1029 899 1068 eam
922 1015 1070 1083 lapstt
1094 1014 1348 1083 graphice
1377 1016 1702 1084 praetermis-

97 1120 226 1159 sam
272 1105 470 1171 fuisse,
502 1114 647 1160 vetat
688 1104 988 1160 schollastte
1031 1103 1306 1173 cujusdam
1347 1113 1470 1158 nota
1500 1105 1699 1173 margi-

100 1197 253 1250 nalis
276 1239 301 1262 ,7
320 1212 441 1266 qua:
463 1197 542 1251 sic
568 1196 726 1251 habet
746 1239 761 1260 ,
788 1193 927 1250 Nota
954 1197 1119 1265 ipsum
1142 1211 1243 1248 non
1268 1211 1547 1249 memorare
1568 1196 1701 1264 Apo-

102 1287 369 1357 calypsin.
412 1288 757 1358 Apocalypsis
794 1287 935 1342 enim
975 1286 1163 1356 priscis
1202 1285 1452 1340 Ecclesia:
1491 1286 1701 1340 saeculis

106 1394 218 1433 non
254 1380 307 1433 in
351 1379 595 1434 omnibus
624 1378 879 1434 Ecclesiis
908 1377 1294 1448 recipiebatur,
1326 1385 1383 1432 ut
1412 1377 1560 1431 aiunt
1588 1377 1700 1431 Eu-

106 1470 295 1525 sebius
320 1512 337 1536 ,
371 1470 723 1540 Hieronymus
758 1469 828 1524 dc
868 1469 1125 1539 Scriptor.
1159 1469 1365 1525 Eceles.
1393 1485 1408 1534 ;
1438 1467 1700 1538 Nicepho—

105 1576 201 1614 rus
233 1575 368 1615 vero
397 1560 690 1629 patriarcha
722 1560 779 1613 in
804 1559 1061 1629 Catalogo
1086 1574 1183 1613 suo
1202 1599 1217 1624 ,
1247 1574 1403 1629 quem
1432 1558 1700 1614 edidimus

106 1652 164 1706 in
206 1651 537 1706 Bibliotheca
564 1650 885 1706 Coisliniana
907 1691 921 1714 ,
956 1665 1007 1721 p.
1038 1649 1178 1717 203,
1211 1651 1354 1705 illam
1396 1651 1536 1706 inter
1570 1665 1699 1720 apo-

105 1745 314 1816 crypha
346 1753 586 1799 recenset
609 1785 625 1809 ,
657 1753 714 1798 ut
736 1751 795 1797 et
818 1743 963 1798 alios.
981 1743 1081 1813 qui
1102 1742 1234 1797 infra
1261 1743 1316 1798 in
1340 1753 1463 1797 nota
1490 1759 1697 1799 memo-

105 1837 356 1889 rabitur:
382 1851 573 1889 verum
594 1843 773 1904 patres
798 1849 985 1889 omnes
1010 1835 1263 1905 praecipui
1289 1876 1304 1902 ,
1336 1837 1659 1891 Athanasius
1677 1879 1695 1903 ,

106 1927 372 1992 Basilius,
399 1927 689 1997 Gregorius
712 1927 1075 1983 Nazianzenus
1094 1970 1109 1993 ,
1139 1936 1387 1997 totusque
1412 1928 1717 1995 Occidens,

104 2027 173 2071 ut
192 2017 489 2088 legitimum
517 2019 735 2073 Joannis
764 2020 987 2088 apostoli
1012 2033 1147 2089 opus
1166 2060 1181 2087 ,
1208 2029 1263 2074 et
1289 2028 1346 2074 ut
1387 2022 1695 2076 canonicam

102 2112 442 2181 Scriptorum
466 2112 698 2166 habuere
722 2129 735 2167 :
761 2111 1082 2181 domumque
1104 2126 1199 2183 per
1220 2120 1383 2167 totam
1404 2112 1715 2169 Eeclcsiam

102 2214 219 2258 tum
249 2203 491 2259 Gratcam
521 2212 631 2257 tum
662 2202 902 2256 Latinam
933 2202 995 2256 in.
1014 2216 1219 2258 canone
1258 2217 1533 2258 sacrorum
1561 2203 1723 2259 divi»

103 2312 407 2366 nor-umque
434 2296 689 2350 librorum
718 2303 930 2365 recepta
966 2302 1067 2349 est.

175 2391 431 2443 Attamen
457 2388 508 2442 in
541 2387 640 2443 hac
665 2387 892 2458 Synopsi
923 2387 1270 2458 Apocalypsis
1298 2403 1402 2441 non
1430 2402 1711 2444 memora-7

100 2489 189 2534 tur
208 2522 226 2546 ,
259 2489 312 2534 et
345 2488 596 2534 monente
636 2479 918 2533 scltoliasta
944 2478 1042 2543 ,.ld
1075 2494 1178 2533 non
1208 2479 1406 2533 librarii
1434 2479 1565 2534 vitio
1588 2479 1691 2533 tri-

101 2569 375 2624 buendum
404 2576 505 2623 est.
534 2567 686 2625 Unde
710 2568 946 2638 arguitur
970 2569 1290 2638 a~scriptorc
1333 2570 1449 2637 ipso
1472 2610 1487 2633 ,
1534 2579 1715 2639 atque—

99 2671 160 2716 ut
185 2662 313 2716 hinc
341 2660 606 2730 consequi
641 2660 881 2727 videtur,
930 2661 998 2715 ah
1048 2661 1318 2729 Ecclesia,
1373 2662 1526 2732 cujus
1579 2664 1692 2732 ipse

98 2761 252 2819 erat,
287 2752 521 2807 nondum
540 2760 807 2821 receptam
836 2751 999 2807 fuisse
1026 2767 1145 2806 cum
1165 2752 1279 2806 hare
1304 2753 1687 2808 scriberentur.

95 2845 261 2899 Certe
290 2842 977 2914 JoannesChrysostomus,
1000 2844 1089 2914 qui
1114 2853 1302 2899 auctor
1321 2846 1501 2914 operis
1521 2844 1689 2900 fertur

96 2938 149 2989 in
192 2936 350 2990 titulo
370 2977 385 2999 ,
414 2950 700 3004 numquam
731 2934 1045 3006 Apocalypsi
1089 2950 1214 2990 usus
1241 2945 1324 2991 est
1352 2938 1403 2990 in
1449 2937 1687 2991 llomiliis

94 3026 329 3096 aliisque
370 3025 523 3079 libris
549 3026 660 3079 suis
680 3067 693 3090 ,
727 3024 858 3089 etsi,
905 3025 970 3079 ad
999 3040 1178 3080 mores
1207 3026 1601 3092 informandus,
1634 3030 1684 3082 in

93 3134 203 3187 quo
230 3119 959 3188 generemaximeversatur
983 3129 1203 3175 sanctus
1224 3119 1438 3187 doctor,
1467 3120 1688 3191 iit-Apo-

98 3210 491 3281 ealypsitmulta
521 3209 1133 3280 idoneaopportunaque
1158 3211 1519 3280 reperiantur,
1549 3225 1686 3280 prze~

98 3304 360 3372 cipueque
385 3303 438 3356 in
469 3303 638 3357 tribus
667 3304 931 3373 prioribus
954 3305 1237 3374 capitibus.
1265 3304 1683 3372 Quantamcum-

97 3409 199 3463 que
215 3394 548 3462 diligentiam
568 3391 923 3457 adhibuerim,
948 3403 1005 3448 ut
1022 3395 1358 3464 explorarem
1384 3410 1510 3449 num
1533 3395 1687 3465 quid-

98 3485 234 3553 piam
268 3484 323 3537 in
351 3493 513 3538 tanta.
542 3498 760 3555 operum
788 3485 929 3540 serie
958 3484 1023 3539 ad
1052 3486 1409 3558 Apocalypsin
1436 3496 1685 3557 spectans

95 3574 620 3645 deprehenderetur,
670 3576 798 3630 nihil
848 3576 1103 3632 hactenus
1154 3579 1347 3646 reperi.
1393 3578 1460 3633 Et
1508 3588 1684 3635 tamen

96 3667 259 3721 multa
287 3677 446 3722 erant
473 3667 525 3720 in
570 3667 722 3722 libris
746 3708 760 3732 ,
786 3668 933 3723 verbi
973 3668 1137 3739 gratia
1161 3710 1175 3736 ,
1217 3668 1287 3725 de
1330 3670 1642 3727 Sacerdotio
1666 3716 1681 3740 ,

91 3776 212 3829 qua:
239 3759 311 3814 ad
338 3760 709 3814 remmaxime
736 3760 983 3816 conferre
1012 3775 1168 3830 posse
1194 3762 1522 3818 videbantur.
1554 3765 1684 3820 lntle

96 3860 269 3907 autem
297 3852 441 3905 aliud
485 3852 755 3921 exsurgit,
782 3853 894 3907 sive
919 3861 1285 3923 argumentum
1305 3855 1461 3918 ,.sive
1501 3855 1681 3923 conje-

92 3953 261 4007 Ctnra,
286 3957 389 4013 qua
414 3941 550 3997 hanc
569 3941 831 4012 Synopsin
855 3942 1238 4013 Chrysostomo
1261 3959 1503 4000 asserere
1526 3960 1687 4014 posse

93 4036 357 4091 videmur.
377 4035 501 4090 llaec
514 4044 638 4090 sunt
658 4043 964 4106 argumenta
982 4051 1113 4107 quas
1131 4043 1437 4094 mutuamur
1468 4054 1535 4094 ex
1556 4039 1683 4093 Pro~

95 4127 301 4182 theoria
328 4126 654 4199 Synopseos.

160 4218 220 4273 In
262 4218 377 4287 ipsa
407 4230 565 4287 porro
588 4217 814 4288 Synopsi
851 4218 950 4273 alia
983 4219 1148 4273 multa
1177 4227 1333 4288 sunt,
1358 4234 1487 4290 quze-
1507 4219 1681 4291 Chry-

93 4317 386 4364 sostomum
406 4309 521 4378 ejus
537 4322 660 4364 esse
677 4319 949 4365 auctorem
964 4312 1211 4381 probent.
1224 4313 1480 4382 Exempli
1496 4328 1677 4381 causa,

94 4398 249 4467 paulo
278 4406 415 4468 post
430 4399 635 4453 initium
676 4399 984 4465 Geueseos,
1019 4401 1107 4456 ubi
1133 4400 1558 4458 Chamverenda
1585 4419 1679 4474 pa-

94 4492 186 4545 tris
205 4491 292 4546 sui
316 4491 889 4560 revelasse-narratur,
923 4493 1149 4565 ideoque
1170 4504 1225 4550 et
1252 4494 1415 4550 Cham
1445 4507 1499 4552 et
1537 4496 1676 4552 ﬁlius

94 4586 210 4654 ejus
226 4584 480 4641 Chanaan
502 4587 877 4644 maledicitur:
918 4588 1032 4645 haec
1054 4590 1123 4644 ibi
1148 4591 1433 4658 leguntur:
1472 4593 1676 4648 LPost-

96 4693 151 4731 ea
173 4692 302 4733 vero
327 4678 490 4734 Semo
506 4679 724 4748 quidem
749 4688 802 4734 et
824 4680 1050 4751 Japhete
1074 4682 1378 4751 benediait;
1408 4684 1676 4739 maledicit

94 4779 263 4823 autem
292 4767 637 4825 Chanaanum
658 4811 672 4835 ,
700 4773 819 4841 quia
842 4782 994 4841 pater
1019 4773 1135 4842 ejus
1154 4773 1322 4828 Cham
1349 4776 1675 4831 revelaverat

92 4860 381 4917 nuditatem
407 4864 594 4931 patris.
635 4863 932 4919 Maledictio
972 4873 1150 4920 autem
1180 4866 1265 4919 illa
1305 4876 1550 4922 eventum
1579 4868 1673 4923 ha-

92 4950 199 5005 buit
226 4953 280 5007 in
318 4952 628 5010 Gabaonitis
651 4970 681 5019 ;.
709 4956 1019 5026 imor-potius
1056 4958 1234 5027 specie
1261 4958 1473 5029 quidem
1502 4962 1670 5015 male-

89 5045 245 5101 dictio
270 5055 420 5113 erat,
462 5048 554 5102 sed
595 5063 779 5103 revera
820 5048 1116 5118 prophetia.
1154 5050 1276 5105 ιιΕι
1300 5050 1415 5106 haec
1437 5060 1520 5107 est
1547 5067 1671 5107 sen-

91 5137 246 5190 tentia
275 5136 669 5208 Chrysostomo.
703 5134 948 5208 propria,
978 5155 1135 5209 quam
1161 5140 1297 5209 apud
1328 5149 1553 5196 crateres
1576 5157 1667 5197 ec-

87 5226 408 5281 elesiasticos
442 5229 743 5298 Scriptores
766 5244 870 5284 non
890 5230 1115 5285 memini
1141 5245 1226 5285 me
1250 5231 1446 5301 legere,
1477 5248 1675 5302 nempe-

88 5318 511 5374 maledictionem
532 5320 803 5375 Chanaani
827 5321 878 5375 in
905 5320 1214 5377 Gabaonitis
1237 5322 1511 5391 impletam
1539 5322 1666 5378 luis-

88 5424 159 5462 se.
190 5407 497 5478 lpsissima,
529 5409 773 5480 inquam,
802 5409 858 5465 S.
886 5410 1119 5466 doctoris
1150 5412 1412 5466 sententia
1433 5454 1449 5479 ,
1478 5412 1664 5468 iisdem

90 5509 137 5551 ut
162 5500 445 5568 plurimum
473 5498 653 5555 verbis
680 5514 956 5571 expressa.
1002 5500 1089 5557 Sic
1118 5501 1258 5557 enim
1286 5501 1447 5558 habet
1473 5503 1527 5557 in
1558 5504 1677 5558 lsa—.

90 5592 203 5652 iam,
230 5604 351 5660 cap.
378 5589 436 5655 2,
463 5606 516 5645 v.
549 5591 834 5661 l,hujusce
855 5592 1005 5648 Tomi
1026 5592 1088 5647 Vl
1116 5592 1218 5649 col.
1249 5593 1319 5649 28
1352 5610 1365 5647 :
1403 5612 1421 5645 ι
1443 5592 1497 5647 ld
1523 5595 1664 5664 quod

90 5682 237 5737 etiam
262 5680 323 5738 in
341 5681 634 5742 Chauaano
677 5684 869 5740 factum
910 5693 1008 5741 est.
1050 5686 1229 5758 Neque
1256 5689 1395 5743 enim
1423 5686 1677 5745 videmus

1354 250 1675 308 DlATRlBA
1713 249 1781 306 IN
1816 249 2186 313 SYNOPSIN..

3292 267 3397 324 διο

1807 366 1958 424 illum
1991 368 2292 426 servivisse-
2312 370 2561 428 fratribus
2608 373 2751 434 suis.
2784 389 2956 446 neque
2983 376 3144 432 etiam
3171 378 3383 435 maledi.

1808 459 2037 516 ctionem
2054 462 2335 527 excidisse,
2349 464 2447 519 sed
2466 465 2515 520 in
2538 465 2845 537 Gabaonitis
2866 468 3234 524 chhanaano
3256 474 3393 529 ortis

1809 549 1970 606 linem
1992 551 2282 621 accepisse.
2328 553 2461 609 Nam
2509 555 2559 609 id
2606 557 2750 626 quod
2795 557 3068 613 dicebatur
3114 560 3391 630 prophetia

1808 650 1948 710 erat,
1966 643 2350 703 maledictionis
2371 645 2538 703 forma
2556 649 2779 719 prolata.
2810 670 2830 703 ι
2864 651 2933 704 Ει
2962 652 3063 707 hoc
3092 653 3262 723 ipsum
3286 654 3396 710 alio

1807 732 1968 787 modo
1991 732 2118 788 dicit
2143 733 2279 790 infra
2305 736 2355 790 in
2382 735 2610 808 Synopsi
2652 738 2866 794 losum:
2902 758 2920 792 ‹
2958 740 3089 795 Cum
3115 758 3221 797 non
3253 760 3385 815 pos-

1807 832 1928 879 sent
1968 824 2221 882 lsraelitae
2266 839 2483 898 prepter
2549 831 2672 885 data
2714 832 3013 901 juramenta
3070 833 3392 895 Gabaonitas
3440 850 3445 861 '

1807 930 2114 988 oppugnare
2134 960 2151 983 ,
2182 934 2367 975 servos
2396 920 2541 990 ipsos
2587 924 3008 991 constituerunt,
3039 927 3292 997 lignarios
3336 940 3394 987 et

1806 1021 1958 1076 aqua:
1975 1007 2200 1079 bajulos.
2230 1010 2325 1066 llic
2351 1014 2549 1067 exitum
2582 1013 2739 1070 habet
2766 1018 3039 1085 praedictio
3058 1019 3201 1087 Noe,
3231 1038 3394 1092 quam

1807 1096 1978 1154 dixit:
2008 1100 2251 1156 Chanaan
2275 1119 2401 1172 puer
2430 1121 2600 1159 servus
2626 1122 2645 1159 :
2671 1122 2737 1161 ex
2781 1108 2873 1164 illo
2913 1124 3143 1181 namque
3190 1112 3244 1167 hi
3287 1113 3391 1170 orti

1806 1198 1975 1244 erant.
2014 1210 2035 1242 ι
2073 1191 2197 1247 Haec
2233 1208 2362 1249 sane
2384 1210 2488 1250 non
2521 1198 2666 1265 parvi
2690 1200 2945 1254 momenti
2969 1202 3178 1258 erudito
3204 1203 3388 1261 lectori

1805 1279 2125 1335 videbuntur
2168 1283 2234 1337 ad
2277 1299 2411 1350 Opus
2456 1285 2840 1358 Chrysostomo
2872 1290 3325 1361 adjudicandum.-

1876 1371 2036 1427 Aliud
2063 1384 2428 1443 argumentum
2445 1419 2459 1442 ,
2488 1393 2587 1432 nec
2606 1393 2736 1434 sane
2761 1380 2958 1447 levius,
2983 1382 3186 1436 eruitur
3205 1399 3269 1437 ex
3296 1400 3388 1439 ea-

1804 1460 1926 1516 dem
1954 1462 2224 1519 Geneseos
2253 1463 2479 1537 Synopsi
2506 1485 2519 1522 :
2551 1470 2774 1524 Assumit
2804 1470 2976 1524 Thura
3005 1482 3147 1542 pater
3175 1474 3395 1530 Abrahae

1802 1553 1940 1621 ﬁlios
1962 1571 2081 1609 suos
2103 1555 2357 1611 Abraham
2384 1568 2431 1613 et
2456 1557 2668 1615 Nae/tor
2691 1570 2738 1615 et
2757 1572 2986 1632 nepotem
3010 1580 3158 1617 suum
3184 1562 3281 1619 Lot
3299 1607 3316 1634 ,
3343 1576 3391 1621 et

1802 1646 1934 1699 venit
1959 1646 2013 1700 in
2039 1644 2289 1702 Cliarran.
2319 1649 2443 1704 llaec
2469 1658 2614 1707 certe
2641 1651 2801 1707 lectio
2829 1652 3007 1708 vitiata
3037 1652 3168 1719 fuit,
3199 1662 3254 1710 et
3281 1655 3389 1711 Na-

1801 1736 1934 1791 chor
1959 1746 2142 1793 contra
2166 1740 2323 1795 (idem
2356 1750 2528 1797 textus
2567 1743 2811 1799 Hebraici
2837 1785 2850 1808 ,
2880 1745 3129 1802 editionis
3155 1747 3301 1803 LXX
3335 1760 3390 1806 et

1801 1827 2045 1896 vulgatae,
2064 1827 2115 1882 in
2137 1828 2276 1884 hunc
2297 1838 2496 1887 textum
2516 1833 2744 1903 irrepsit.
2763 1834 2909 1890 Hanc
2926 1850 3084 1905 porro
3103 1837 3385 1894 lectionem

1799 1934 2063 1989 nusquam
2083 1921 2215 1976 alias
2235 1923 2429 1992 reperi,
2453 1926 2552 1979 nisi
2576 1926 2713 1995 apud
2742 1927 3203 1998 ChrySostomum,
3228 1945 3385 2000 quem

1802 2021 2003 2083 eertum
2035 2023 2117 2067 est
2146 2012 2216 2067 ita
2246 2014 2437 2085 legisse
2466 2016 2518 2070 in
2543 2018 2834 2087 exemplari
2860 2034 2958 2073 suo
2986 2037 2999 2075 :
3030 2035 3153 2073 nam
3186 2021 3383 2076 llomil.

1799 2101 1863 2156 ει
1892 2103 1967 2158 ἱημ
1985 2102 2258 2171 Genesim,
2281 2106 2386 2161 col.
2412 2106 2520 2163 282
2549 2108 2702 2162 Tom.
2724 2109 2758 2162 4
2784 2119 2980 2165 nostra:
3006 2110 3254 2166 editionis
3273 2154 3288 2177 ,
3313 2114 3389 2169 sic

1800 2192 2024 2264 legimus
2041 2212 2053 2250 :
2069 2194 2139 2249 Et
2150 2197 2341 2266 accepit
2363 2197 2563 2252 Tharra
2582 2200 2769 2254 Abram
2787 2210 2835 2254 et
2858 2200 3071 2258 Nacltor
3095 2205 3229 2272 ﬁlios
3249 2222 3386 2271 suos,

1800 2295 1848 2339 et
1863 2284 1960 2339 Lot
1977 2286 2153 2355 ﬁlium
2164 2289 2329 2341 Arran
2348 2289 2444 2357 ﬁlii
2465 2291 2564 2344 sui.
2589 2290 2715 2346 lla'c
2742 2307 2870 2348 vero
2894 2293 3051 2348 lectio
3066 2296 3145 2350 sic
3164 2296 3389 2352 habetur

1786 2374 1853 2430 in
1881 2376 2128 2433 omnibus
2154 2378 2372 2433 omnino
2400 2394 2519 2435 cum
2548 2380 2721 2435 Editis
2763 2390 2870 2437 tum
2898 2385 3305 2457 manuscriptis,
3335 2398 3389 2443 et

1800 2466 1861 2520 in.
1878 2467 2066 2522 eadem
2096 2467 2322 2525 Humilia
2351 2469 2510 2535 infra,
2540 2472 2645 2527 col.
2674 2473 2810 2539 285,
2834 2488 2977 2545 seq.,
2996 2475 3193 2531 eadem
3226 2477 3389 2534 lectio

1799 2556 1883 2611 bis
1917 2560 2175 2628 repetitur
2200 2578 2216 2614 :
2246 2560 2315 2615 ita
2344 2570 2400 2615 ut
2423 2562 2553 2616 nihil
2583 2563 2727 2619 dubii
2754 2565 2974 2621 subesse
3018 2568 3218 2637 possit,
3259 2572 3388 2640 quin

1802 2646 1886 2703 hic
1911 2649 2062 2704 locus
2085 2651 2161 2705 sic
2181 2666 2468 2721 expressus
2496 2654 2656 2709 fuerit
2683 2655 2735 2710 in
2763 2658 3051 2727 exemplari
3083 2675 3187 2730 quo
3214 2662 3386 2733 Chry-

1797 2747 2065 2795 sostomus
2095 2742 2340 2798 utebatur
2365 2762 2377 2798 :
2411 2760 2518 2815 quo
2543 2760 2669 2801 usus
2697 2758 2778 2802 est
2802 2749 2962 2803 etiam
2979 2761 3163 2806 auctor
3180 2752 3387 2823 Symp.

1796 2844 1952 2898 sees,
1974 2831 2093 2888 sive
2118 2833 2232 2903 ipse
2260 2834 2704 2907 Chrysostomus,
2732 2849 2806 2894 tut
2827 2855 2892 2895 ex
2921 2840 3024 2898 hoc
3050 2850 3104 2897 et
3146 2859 3212 2898 ex
3249 2859 3389 2914 pra:-

1794 2923 2107 2981 cedentibus
2146 2930 2471 2997 argumentis
2501 2930 2712 2999 probari
2748 2931 2982 2987 videtur.

1865 3016 1979 3071 Non
2004 3019 2267 3074 minorem
2305 3021 2728 3090 praecedentibus
2755 3026 3120 3093 probationem
3148 3027 3407 3082 eruimus.

1793 3126 1858 3166 ex
1883 3111 2112 3183 Synopsi
2132 3113 2525 3168 Deuteronemii
2543 3155 2559 3182 ,
2583 3116 2669 3171 ubi
2693 3115 2924 3171 dicitur:
2955 3115 3055 3171 llic
3073 3119 3213 3188 jacet
3230 3119 3389 3185 illud,

1792 3203 2115 3260 Maledictus:
2137 3207 2311 3263 omnis
2341 3208 2429 3280 qui
2461 3208 2733 3278 pendetrin
2764 3209 2924 3280 ligno.
2958 3210 3092 3275 Quia
3120 3228 3239 3282 ergo
3267 3229 3392 3267 ητα-ι

1793 3295 1991 3350 ledictio
2016 3297 2215 3366 prolata
2254 3299 2442 3352 eratin
2466 3314 2550 3353 eos
2584 3301 2672 3369 qui
2696 3317 2799 3354 non
2825 3301 3139 3356 observarent
3182 3302 3342 3372 legem
3361 3345 3377 3372 ,
3404 3358 3407 3359 ν

1791 3387 2099 3444 Maledictus
2128 3390 2300 3443 omnis
2327 3390 2415 3460 qui
2445 3405 2551 3445 non
2578 3400 2759 3446 manet
2783 3392 2834 3446 in
2878 3392 3126 3448 omnibus
3168 3394 3382 3463 scriptis

1791 3479 1844 3533 in
1864 3478 1966 3534 hoc
1986 3479 2154 3535 libro:
2182 3480 2246 3534 de
2265 3479 2372 3551 lege
2396 3481 2616 3551 loquitur
2637 3481 2859 3552 Moyses,
2893 3498 2983 3536 nec
3010 3493 3203 3552 poterat
3231 3482 3380 3539 Chri-

1790 3574 1972 3627 δικαίη
1996 3574 2128 3627 hanc
2149 3574 2405 3631 incurrere
2442 3575 2843 3630 maledirtionem
2863 3591 2883 3631 :
2898 3576 3132 3646 implevit
3158 3593 3378 3646 nutuque

1791 3666 1969 3737 lcgem,
1998 3668 2397 3722 maledictionem
2418 3669 2771 3724 maledictione
2795 3671 3119 3724 commutavit
3135 3711 3151 3738 ,
3174 3687 3379 3740 suspen-

1788 3773 1877 3812 sus
1913 3760 1966 3813 in
2004 3760 2161 3831 ligno.
2203 3760 2317 3816 Hoc
2354 3762 2525 3831 ipsum
2571 3763 3177 3832 pluribusenuntiatum
3214 3763 3377 3823 habes

1788 3851 2186 3907 Commentario
2211 3853 2265 3907 in
2292 3850 2583 3922 Epistolam
2611 3854 2675 3907 ad
2707 3853 2921 3910 Galatas
2942 3894 2959 3919 ,
2988 3854 3159 3925 capite
3184 3856 3219 3910 5
3238 3895 3252 3920 .
3277 3856 3374 3910 υΙή

1788 3931 1919 3997 rem'
1938 3942 2174 4013 explicat
2191 3941 2304 4006 ille,
2322 3948 2399 4007 et,
2422 3955 2545 4011 quae
2565 3940 2657 3997 hic
2679 3942 2924 3999 breviter
2942 3943 3163 4008 extulit,
3188 3944 3375 3999 multis

1785 4032 2036 4102 explanat
2071 4033 2269 4087 verbis.
2310 4032 2380 4087 lis
2405 4046 2534 4088 vero
2577 4031 2872 4087 referendis
2910 4030 3184 4088 brevitatis
3208 4048 3371 4089 causa

1786 4122 2127 4192 supersedeo.
2151 4122 2254 4178 Sed
2276 4123 2571 4178 studiosum
2597 4123 2849 4177 lectorem
2870 4122 3056 4177 hortor
3074 4163 3090 4189 ,
3112 4132 3171 4177 ut
3191 4122 3369 4179 locum

1787 4215 1957 4283 ipsum
1986 4215 2174 4280 adeat,
2203 4225 2256 4271 et
2284 4229 2407 4271 meo
2445 4214 2683 4285 periculo
2724 4214 2796 4268 ibi
2838 4213 3277 4285 Chrysostomum
3304 4231 3368 4270 ea

1787 4305 2023 4375 pluribus
2064 4288 2405 4373 narrantem,
2448 4313 2519 4361 et
2545 4303 2789 4360 eumdem
2835 4304 3270 4377 Chrysostomum
3314 4304 3391 4363 iu,

1785 4395 1886 4451 hac
1914 4397 2140 4468 Synopsi
2168 4397 2441 4466 epitomen
2468 4411 2652 4453 eorum
2682 4395 3019 4452 exhibentem
3051 4400 3364 4468 compcriet.

1854 4491 2055 4544 Auctor
2077 4490 2161 4544 hic
2182 4498 2362 4545 noster
2385 4488 2801 4561 Chrysostomus
2820 4490 3021 4559 passim
3043 4503 3162 4545 cum
3189 4489 3367 4545 Judm-

1782 4581 1848 4647 is,
1870 4596 2095 4651 quorum
2122 4597 2342 4651 magnus
2367 4580 2665 4635 Antiochiae.
2692 4594 2944 4637 numerus
2970 4590 3117 4649 erat,
3138 4596 3366 4638 concer-

1781 4681 1878 4727 tat.
1901 4673 2035 4728 Illud
2059 4674 2232 4741 ipsum
2253 4674 2304 4727 iu
2329 4672 2433 4728 hac
2449 4673 2681 4745 Synopsi
2706 4672 3008 4743 frequenter
3028 4673 3383 4739 observatur...

1780 4763 1911 4817 nihil
1936 4763 2183 4818 obstante
2208 4762 2465 4818 brevitate
2483 4802 2498 4829 ,
2529 4776 2687 4832 quam
2714 4762 2797 4817 vel
2823 4777 2892 4818 ex
2925 4762 3042 4832 ipso
3067 4776 3165 4819 suo
3192 4764 3364 4816 nomi-

1780 4872 1846 4910 ne
1866 4856 2322 4927 Synopsisexigit.
2347 4854 2642 4925 Aliquando
2663 4854 2822 4909 etiam
2843 4855 2959 4911 loca
2987 4854 3185 4909 indicat
3202 4896 3216 4917 ,
3241 4870 3361 4926 qua:

1777 4948 1984 5019 pessint
2008 4960 2191 5002 contra
2230 4946 2445 5001 .ludzeos
2479 4945 2755 5015 usurpari,
2789 4953 2849 5000 ut
2877 4944 2929 4999 iu
2955 4945 3184 5017 Synopsi
3206 4945 3360 5001 lere-

1777 5040 1899 5096 miae
1918 5041 2033 5097 sic:
2071 5058 2089 5091 ‹
2137 5040 2201 5094 Et
2225 5041 2267 5093 si
2290 5038 2488 5093 malum
2513 5038 2731 5093 iecerint
2750 5076 2764 5100 ,
2795 5052 2900 5090 non
2929 5035 3117 5090 faciam
3146 5052 3246 5107 ego
3265 5037 3361 5092 bo:

1775 5148 1842 5188 na
1889 5149 2007 5204 qua:
2050 5133 2317 5202 loquutus
2345 5145 2460 5186 sum
2503 5138 2571 5184 ut
2598 5129 2826 5183 facerem
2865 5128 2986 5183 illis.
3017 5127 3131 5183 llnc
3175 5137 3357 5184 autem

1774 5234 1935 5294 caput
1951 5234 2136 5280 contra
2156 5224 2366 5279 ludat-os
2389 5222 2517 5277 utile
2536 5220 2638 5277 erit
2657 5261 2674 5287 ,
2690 5235 2817 5281 cum
2841 5219 3050 5286 dicent,
3074 5221 3356 5276 Dominum

1775 5318 1903 5387 ipsis
1930 5319 2066 5373 bona
2093 5317 2419 5387 promisisse.
2447 5314 2579 5370 Cum
2604 5314 2745 5369 enim
2772 5312 3223 5368 noncrediderint
3249 5312 3359 5367 Do-

1773 5410 1920 5464 mino
1949 5406 2527 5463 ηοειτο-Ιρηςιιτοιιτὶειο
2550 5445 2566 5472 ,
2601 5405 2711 5473 ipsi
2733 5404 2835 5459 sibi
2865 5403 2993 5473 ipsis
3017 5418 3177 5458 causa
3206 5401 3356 5459 luere

1773 5501 2112 5571 prmsentitttn
2153 5500 2432 5555 malorum.
2475 5516 2494 5549 ι

1841 5591 2206 5664 Chrysostomi
2243 5605 2435 5659 scapus
2459 5596 2540 5644 est
2581 5585 2848 5642 multisin.
2881 5584 3012 5640 locis
3033 5626 3048 5650 ,
3073 5594 3131 5641 et
3155 5585 3352 5642 Iudaeis

1770 5696 1824 5743 et
1851 5683 2162 5743 Christianis
2202 5682 2461 5753 probare,
2507 5688 2771 5752 prteeepta
2815 5676 3372 5749 hujusmodilegalia.
