3720 6274
410 300 509 359 ειι

405 434 515 474 non
554 416 715 472 fuisse
740 423 884 471 tanta
910 416 1163 488 religione
1192 416 1469 472 servanda.
1501 416 1635 485 Quin
1664 419 1821 471 etiam
1850 431 1975 469 sau-

405 518 521 564 ctos
550 508 693 562 viros
721 508 773 562 in
807 508 981 563 Veteri
1009 508 1349 563 Testamento
1380 508 1465 560 illa
1495 506 1652 562 facile
1681 516 1977 575 transgres-

407 615 494 654 sos
525 613 674 665 esse,
717 599 963 669 quoniam
994 614 1055 655 ea
1077 640 1092 666 ,
1123 614 1242 669 qua:
1267 598 1332 652 ad
1362 599 1520 652 ritum
1549 597 1853 667 cultumque
1880 611 1977 650 ex-

404 689 663 749 teriorem
693 689 1046 759 pertinebant,
1067 703 1173 743 non
1198 704 1317 744 esse
1360 689 1488 742 tanti
1515 687 1788 749 momenti,
1812 695 1868 741 et
1893 685 1975 739 fa-

402 783 507 837 cile
527 795 682 851 posse
693 782 1022 852 praetermitti
1041 781 1276 852 putabat.
1293 780 1381 837 Sic
1405 781 1455 833 in
1470 781 1655 835 Isaiam
1673 794 1850 849 supra,
1868 780 1973 834 col.

408 872 477 928 19
503 877 521 943 (
547 888 574 926 a
593 872 792 928 Grzecis
817 873 1105 929 referendis
1131 873 1403 927 brevitatis
1424 886 1583 925 causa
1608 870 1928 941 supersedeo
1956 869 1977 938 )

412 965 675 1036 legimus:
705 964 1015 1018 Ilolocausla
1054 965 1267 1019 arietum
1309 975 1355 1019 et
1398 965 1597 1033 adipem
1642 978 1890 1033 agnorum
1929 970 1978 1016 et

405 1057 701 1125 saitgm'nem
742 1066 1000 1109 taurorum
1041 1063 1086 1109 et
1138 1056 1390 1108 hircorum
1431 1054 1567 1107 nolo.
1612 1053 1667 1107 In
1704 1054 1818 1106 haec
1849 1066 1975 1106 ver-

410 1147 473 1198 ba
510 1142 919 1215 Chrysostomus
948 1145 1018 1199 ita
1057 1145 1326 1215 loquitur:
1375 1162 1394 1196 ‹
1427 1143 1557 1198 Nam
1587 1144 1708 1212 quia
1745 1142 1977 1198 accusati

405 1235 711 1306 frequenter
730 1277 745 1302 ,
770 1235 911 1306 quod
934 1237 1141 1291 caneris
1168 1235 1447 1289 virtutibus
1470 1235 1621 1289 vacui
1645 1244 1852 1300 essent,
1880 1248 1977 1303 pro

404 1329 634 1383 maxima
687 1326 996 1383 defensione
1038 1328 1293 1382 sacrificia
1333 1324 1720 1390 obtendebant,
1764 1332 1822 1379 ut
1858 1339 1977 1394 quae

405 1422 711 1491 frequenter
751 1420 1151 1489 persolvebant,
1200 1420 1391 1474 merito
1418 1430 1639 1488 uterque
1678 1417 1934 1487 propheta
1958 1457 1973 1484 ,

404 1509 512 1564 imo
541 1510 714 1579 potius
739 1510 915 1564 caeteri
952 1523 1138 1563 omnes
1163 1509 1230 1563 ab
1268 1508 1368 1562 hac
1407 1508 1712 1562 defensione
1739 1507 1857 1561 illos
1882 1521 1975 1561 ex-

405 1601 640 1656 turbant.
671 1600 823 1657 Unde
852 1600 1063 1670 planum
1090 1609 1172 1656 est
1198 1614 1259 1654 ea
1286 1613 1393 1653 non
1418 1613 1536 1654 esse
1566 1612 1662 1667 per
1689 1612 1747 1651 se
1784 1596 1976 1666 praeci-

410 1710 510 1762 pue
538 1695 818 1749 constituta
838 1734 854 1760 ,
878 1691 971 1747 sed
998 1700 1053 1745 ut
1077 1692 1142 1745 ad
1170 1700 1372 1745 rectum
1401 1690 1521 1743 vitae
1552 1690 1844 1743 institutum
1873 1703 1977 1742 ca:-

407 1795 652 1855 terasque
689 1785 908 1838 virtutes
936 1783 1056 1837 illos
1085 1781 1427 1837 deducerent.
1463 1800 1480 1830 ι
1519 1779 1857 1847 ΕΧιιοείιίοηθ
1884 1793 1977 1831 au-

406 1886 513 1930 tem
544 1876 597 1930 in
626 1875 883 1944 psalmum
909 1874 999 1940 45,
1032 1874 1182 1928 Tom.
1212 1874 1274 1939 V,
1298 1872 1401 1927 col.
1434 1871 1532 1925 l67
1561 1887 1692 1939 sqq,
1726 1878 1867 1922 totus
1895 1877 1977 1923 est

405 1982 467 2020 ea
496 1966 546 2020 in
576 1981 633 2019 re
659 1965 947 2034 probanda,
967 1965 1197 2033 dicitque
1219 1970 1535 2032 prteccptum
1564 1962 1630 2015 de
1656 1960 1875 2014 sabbato
1890 1974 1978 2013 so-

406 2058 573 2113 lutum
595 2057 774 2123 fuisse,
794 2072 913 2111 cum
930 2057 1153 2128 populus
1176 2072 1269 2125 per
1287 2063 1487 2124 septem
1504 2052 1615 2108 dies
1628 2062 1863 2108 armatus
1879 2052 1977 2107 sub

404 2147 565 2203 Josue
590 2147 719 2213 fuit;
750 2162 869 2200 nam
892 2156 1095 2216 septem
1124 2145 1360 2199 continui
1389 2144 1502 2199 dies
1533 2144 1832 2197 necessario
1858 2142 1977 2197 sab-

406 2239 589 2294 batum
620 2237 911 2292 includunt.
940 2236 1065 2291 Hzec
1092 2236 1381 2305 smpissime
1401 2235 1641 2289 decantat
1660 2233 1978 2305 Chrysosto-

410 2344 549 2383 mus.
588 2326 641 2381 ln
678 2327 907 2399 Synapsi
946 2335 1122 2380 autem
1155 2326 1270 2379 libri
1303 2324 1461 2379 .losue
1492 2325 1619 2377 infra
1650 2324 1727 2378 sic
1752 2323 1979 2378 dilucide

410 2419 646 2489 loquitur
670 2436 682 2472 :
708 2418 887 2473 «Tunc
908 2417 1062 2472 Jesus
1090 2418 1272 2471 cultris
1300 2416 1515 2485 lapideis
1532 2414 1860 2469 circumcidit
1885 2413 1979 2470 Ju-

407 2511 587 2565 dteos:
619 2510 738 2580 quia
760 2509 1097 2579 quadraginta
1120 2508 1272 2562 annis
1294 2517 1532 2562 versatus
1551 2505 1721 2560 fuerat
1740 2505 1903 2561 Israel
1925 2507 1978 2560 in

409 2605 661 2658 deserto:
696 2603 917 2671 ideoque
962 2600 1113 2654 multi
1159 2614 1342 2654 eorum
1369 2599 1680 2653 bellatorum
1702 2640 1717 2663 .
1747 2598 1836 2667 qui
1879 2596 1980 2651 ob-

404 2690 605 2757 ierant,
620 2689 992 2747 incircumcisi
1009 2694 1183 2742 erant.
1196 2684 1305 2738 Pro
1324 2688 1424 2741 illis
1447 2687 1718 2742 substituit
1745 2687 1885 2741 Deus
1912 2687 1974 2741 fi-

409 2783 507 2836 lios
533 2796 716 2836 eorum
737 2822 751 2847 ,
784 2795 915 2849 quos
942 2779 1095 2834 Jesus
1120 2777 1483 2833 circumcidit:
1514 2777 1654 2848 quod
1684 2777 1783 2847 ipsi
1812 2778 1976 2833 incir-

408 2876 627 2930 cuineisi
655 2873 1040 2929 mansisseutin
1059 2873 1160 2926 via.
1186 2872 1333 2925 Tunc
1364 2870 1486 2925 fecit
1512 2870 1711 2925 Pascha
1741 2879 1868 2925 :eta
1890 2871 1978 2926 die

406 2982 509 3037 qua
524 2965 866 3021 comederunt
881 2977 1063 3036 azyma
1077 2980 1142 3019 ex
1161 2963 1421 3017 frumento
1438 2970 1592 3016 terra:
1610 2962 1767 3027 illius,
1785 2961 1978 3017 defecit

406 3071 617 3111 manna.
640 3056 860 3112 Jubetur
876 3055 1033 3111 Iesus
1055 3056 1258 3110 solvere
1278 3054 1693 3108 calceamentum
1716 3068 1895 3119 suum,
1920 3062 1975 3108 et

404 3150 630 3205 circuire
653 3148 865 3203 Jericbo
890 3163 1009 3202 cum
1028 3147 1364 3203 tubisetarca
1384 3154 1588 3216 septem
1617 3145 1839 3201 diebus:
1869 3163 1975 3216 quo

402 3248 619 3307 peracto
638 3254 734 3309 per
758 3254 818 3294 se
845 3239 979 3293 muri
998 3237 1322 3293 ceciderunt.
1348 3236 1678 3291 Manifestum
1705 3237 1879 3307 itaque
1893 3246 1976 3292 est

398 3333 507 3403 jam
532 3340 653 3384 tunc
678 3338 906 3398 coeptum
936 3344 1054 3384 esse
1079 3328 1217 3382 solvi
1254 3327 1572 3382 sabbatum:
1604 3327 1974 3398 undecumque

402 3422 606 3479 initium
621 3421 747 3490 quis
762 3422 959 3485 ducat,
989 3433 1206 3474 necesse
1241 3428 1323 3473 est
1360 3418 1634 3473 sabbatum
1666 3417 1899 3473 incidere
1921 3419 1974 3471 in

402 3526 604 3586 septem
646 3517 763 3570 illos
787 3517 919 3571 dies.
960 3535 980 3567 ι
1013 3512 1206 3570 Statuit
1233 3526 1359 3581 ergo
1382 3510 1790 3583 Chrysostomus
1839 3526 1975 3580 pra:-

403 3616 553 3675 cepta
576 3606 661 3659 illa
686 3607 753 3660 ad
776 3606 1093 3661 exteriorem
1116 3605 1313 3661 cultum
1338 3602 1651 3675 pertinentia
1672 3644 1687 3666 ,
1714 3618 1815 3657 non
1844 3601 1971 3657 fuis-

403 3711 462 3751 se
487 3698 569 3752 vel
595 3713 623 3749 a
659 3699 855 3751 sanctis
882 3697 1007 3751 viris
1038 3706 1178 3750 tanta
1216 3696 1472 3766 religione
1511 3704 1754 3760 servata,
1786 3703 1842 3748 ut
1868 3694 1974 3749 cir-

403 3790 658 3844 cumcisio
684 3798 739 3844 et
765 3788 1059 3844 sabbatum.
1088 3788 1143 3841 lu
1164 3790 1255 3843 his
1276 3790 1454 3859 utique
1482 3804 1586 3843 non
1626 3791 1785 3844 alium
1812 3802 1970 3859 quam

401 3882 834 3953 Chrysostomum
876 3896 1162 3951 agnoscere
1189 3896 1441 3952 possum;
1469 3883 1594 3952 quid
1623 3898 1751 3938 vero
1776 3884 1820 3937 si
1848 3897 1970 3941 cum

401 3982 480 4028 tot
506 3974 623 4027 aliis
653 3974 976 4043 argumentis
1004 3974 1102 4027 hoc
1125 3974 1284 4027 etiam
1325 3974 1618 4043 adiungas?
1666 3975 1802 4029 Alibi
1830 3991 1965 4045 qun-

399 4080 505 4133 que
534 4065 585 4118 in
602 4064 705 4120 bac
725 4061 962 4135 Synopsi
979 4063 1091 4117 loca
1114 4064 1346 4133 reperias
1366 4105 1380 4129 ,
1405 4064 1490 4118 ubi
1513 4065 1738 4134 scriptor
1758 4081 1818 4121 se
1845 4082 1966 4121 cum

396 4155 593 4210 ,Μᾶτρις
622 4171 763 4223 δτιιρε
793 4170 1004 4209 manum
1035 4170 1316 4211 conserere
1343 4155 1657 4210 subindieat.

470 4248 668 4301 Praeter
697 4248 809 4300 haec
833 4256 1141 4318 argumenta
1162 4287 1176 4311 ,
1204 4263 1322 4318 qua:
1348 4264 1474 4302 sane
1501 4249 1819 4303 validissima
1850 4266 1968 4305 esse

399 4354 556 4391 nemo
582 4354 610 4391 a
638 4339 975 4407 pra'judicata
1015 4340 1265 4407 Opinione
1293 4340 1426 4394 liber
1452 4355 1555 4393 non
1583 4341 1835 4405 fateatur,
1864 4343 1965 4397 alia

398 4428 539 4481 forte
566 4428 767 4480 minora
787 4467 801 4491 ,
831 4428 924 4481 sed
949 4443 1064 4497 qua:
1090 4429 1158 4482 ob
1197 4428 1540 4497 frequentiam
1562 4472 1576 4496 ,
1605 4442 1655 4485 et
1686 4434 1960 4500 repetitam

400 4519 647 4587 loquendi
694 4519 1053 4589 probandique
1095 4520 1492 4576 similitudinem
1525 4538 1619 4591 pro
1648 4524 1967 4595 Chrysosto-

400 4625 489 4664 mo
522 4618 785 4679 pugnent,
820 4610 903 4664 hic
928 4624 1216 4680 congerere
1241 4611 1450 4665 animus
1473 4624 1575 4666 est.
1615 4613 1765 4667 Initio
1791 4615 1966 4685 Syno-

401 4702 508 4771 psis
535 4702 803 4757 Geneseos
830 4701 985 4768 dicit,
1016 4701 1153 4756 ﬁlios
1181 4703 1270 4758 Dei
1296 4701 1350 4756 in
1375 4701 1567 4759 Genesi
1598 4704 1699 4759 dici
1724 4721 1848 4773 eos,
1876 4708 1966 4777 qui

397 4811 426 4848 a
456 4794 619 4850 Setho
644 4798 746 4849 orti
772 4804 958 4861 erant,
987 4805 1041 4851 et
1063 4796 1199 4851 hunc
1225 4796 1398 4851 loeum
1428 4797 1619 4852 Psalmi
1642 4800 1821 4865 affert,
1856 4799 1966 4871 Ego

396 4886 503 4939 dixi
520 4928 533 4945 .
565 4886 636 4939 dii
662 4886 798 4940 estis.
829 4886 1057 4955 ldipsum
1083 4902 1211 4941 vero
1236 4887 1470 4956 pluribus
1493 4888 1619 4943 dicit
1652 4888 1872 4944 llomilia
1898 4891 1968 4945 22

396 4976 449 5029 in
482 4975 763 5043 Genesim,
796 4976 952 5030 allato
980 4977 1167 5032 eodem
1214 4977 1409 5031 Psalmi
1454 4978 1589 5032 loco.
1636 4979 1713 5033 Ex
1759 4980 1966 5035 chero

397 5063 711 5118 llcbraicam
740 5066 965 5134 linguam
994 5082 1184 5120 nomen
1215 5067 1479 5137 accepisse
1507 5069 1634 5122 dicit
1660 5068 1745 5123 hic
1777 5069 1965 5125 eodem

361 5212 367 5239 ι
398 5154 509 5207 fere
532 5153 705 5218 modo,
728 5169 832 5223 quo
865 5155 914 5208 in
942 5155 1211 5217 Genesim,
1238 5157 1387 5210 Tom.
1415 5157 1501 5223 IV,
1534 5159 1638 5213 col.
1666 5160 1790 5215 ‘279.
1815 5160 1966 5228 Quod

360 5280 363 5283 -
396 5243 461 5297 ad
479 5243 709 5298 decimas
720 5254 922 5312 spectat
936 5260 1065 5315 quas
1080 5246 1267 5300 obtulit
1282 5247 1545 5303 Abraham
1562 5247 1964 5317 Melchisedeco,

358 5356 371 5417 ξ
398 5334 584 5389 eadem
615 5333 823 5389 brevius
851 5335 936 5388 hic
964 5336 1092 5391 dicit
1118 5352 1237 5406 qua:
1266 5338 1318 5391 in
1354 5338 1750 5396 Commentario
1786 5342 1837 5396 in
1865 5343 1968 5399 Ce-

356 5432 371 5494 t
400 5425 568 5478 nesim
588 5464 605 5491 ,
632 5425 737 5480 col.
759 5425 882 5488 527,
905 5425 1029 5490 328,
1057 5425 1244 5480 eodem
1272 5428 1433 5482 allato
1459 5428 1519 5482 Β.
1551 5429 1697 5485 Pauli
1726 5431 1861 5486 loco.
1894 5433 1966 5488 De

369 5517 606 5572 @filiabus
624 5516 725 5571 Lot
745 5516 881 5571 idem
904 5517 988 5572 hic
1010 5519 1343 5587 paucioribus
1369 5519 1496 5574 dicit
1520 5562 1536 5586 ,
1565 5521 1702 5588 quod
1730 5522 1966 5591 pluribus

313 5666 325 5701 ᾖ
365 5602 582 5701 ξηειιτιιῑ
606 5610 661 5665 in
689 5607 933 5701 Genesim
958 5647 973 5673 ,
1002 5608 1105 5663 col.
1151 5608 1413 5664 “0-412.
1457 5609 1583 5701 ltem
1611 5610 1677 5666 de
1706 5613 1965 5667 sacrificio

313 5691 327 5718 ‘
371 5691 622 5755 'Abrahre
653 5699 969 5771 compendio
991 5708 1172 5756 narrat
1201 5716 1260 5757 ea
1283 5743 1297 5770 ,
1326 5716 1443 5773 quae
1483 5700 1596 5758 fuse
1639 5702 1865 5773 explicat
1910 5704 1958 5758 in

1604 297 1921 354 DIATRIBA
1966 294 2027 350 IN
2068 294 2425 354 SYNOPSIN.

3565 298 3664 353 3i?

2085 411 2355 479 Genesim,
2390 414 2497 467 col.
2526 414 2651 469 451.
2690 414 3007 483 Allcgoriam
3049 413 3115 470 dc
3160 413 3436 469 Natalibus
3469 413 3666 471 Phares

2084 513 2140 558 et
2164 504 2312 558 Zarze
2334 505 2517 559 eodem
2542 504 2701 559 modo
2723 504 2808 559 hic
2828 505 3058 572 explicat
3076 515 3235 574 atque
3266 504 3665 560 Commentario

2084 596 2136 648 in
2184 595 2450 657 Geuesim,
2507 595 2610 649 col.
2663 596 2807 661 55L,
2859 596 2989 651 555.
3037 595 3091 650 ld
3133 596 3274 665 quod
3320 597 3464 650 circa
3509 596 3663 651 finem

2084 692 2339 765 Synopsis
2358 695 2630 750 Geneseos
2656 693 2783 748 dicit
2808 690 3058 747 Sicimam
3088 706 3120 745 a
3151 692 3418 761 Symeone
3456 701 3511 746 et
3544 692 3662 747 Levi

2081 792 2286 853 captam
2308 784 2471 840 fuisse
2490 826 2505 849 ,
2535 785 2760 855 idipsum
2800 792 2981 838 narrat
3019 783 3261 850 pluribus
3288 783 3486 837 llomil.
3516 784 3587 838 59
3613 784 3660 838 in

2081 870 2349 933 Gen.,col.
2381 872 2507 939 5l6,
2547 874 2670 928 5l7.
2702 875 2829 932 [lare
2854 891 3013 945 porro
3034 875 3191 930 lectio
3218 876 3406 946 capitis
3431 876 3541 941 A9,
3577 876 3660 942 l0,

2080 978 2198 1033 qua:
2224 965 2277 1017 in
2305 963 2531 1036 Synopsi
2558 967 2637 1021 sic
2661 967 2818 1022 habet
2842 1008 2858 1034 ,
2885 968 3042 1022 donec
3070 969 3232 1021 veniat
3271 968 3314 1021 is
3354 968 3435 1021 cui
3462 968 3659 1035 reposi~

2081 1064 2185 1108 tum
2204 1065 2306 1119 est,
2337 1070 2550 1125 semper
2575 1058 2653 1113 sic
2676 1057 2895 1113 effertur
2921 1074 2949 1110 a
2976 1058 3395 1127 Chrysostomo;
3423 1057 3516 1110 alii
3539 1074 3661 1111 vero

2080 1149 2366 1216 scriptores
2387 1149 2621 1202 variant:
2646 1164 2766 1203 nam
2789 1148 3002 1218 quidam
3021 1149 3120 1203 hoc
3136 1150 3251 1217 ipso
3266 1149 3425 1202 modo
3450 1149 3659 1218 legunt;

2080 1240 2171 1295 alii
2188 1255 2336 1305 vero,
2355 1242 2512 1295 donec
2528 1241 2724 1295 veniant
2748 1256 2860 1312 qua:
2882 1241 2958 1295 illi
2974 1242 3192 1310 reposita
3216 1250 3351 1294 sunt.
3370 1239 3426 1294 In
3452 1239 3658 1301 Exodo,

2080 1330 2221 1400 quod
2246 1330 2437 1385 dicitur
2460 1331 2512 1385 in
2539 1329 2788 1402 Synopsi,
2809 1346 2997 1387 manus
3013 1331 3209 1403 Moysis
3236 1340 3519 1396 extensas,
3544 1348 3662 1399 quae

2082 1422 2353 1476 victoriam
2398 1422 2651 1478 lsraelitis
2676 1431 3015 1492 pepererunt,
3040 1422 3260 1491 figuram
3280 1422 3457 1476 crucis
3477 1422 3660 1486 fuisse,

2084 1511 2184 1567 hoc
2204 1514 2373 1582 ipsum
2403 1514 2564 1568 refert
2588 1512 3021 1582 Chrysostomus,
3056 1512 3251 1567 llomil.
3282 1514 3334 1566 in
3353 1512 3523 1567 illud:
3560 1512 3661 1564 Pa-

2082 1614 2186 1669 ter,
2212 1606 2257 1658 si
2285 1606 2521 1676 possibile
2546 1615 2651 1671 est,
2688 1605 2840 1659 Tom.
2883 1604 2970 1670 Ill,
2998 1604 3105 1659 col.
3126 1603 3214 1659 56.

2153 1695 2303 1750 Dicet
2325 1694 2555 1750 fortasse
2592 1695 2855 1765 quiSpiam
2889 1714 2904 1751 :
2936 1694 2994 1749 Si
3020 1694 3137 1750 haec
3174 1694 3433 1765 Synopsis
3468 1696 3658 1764 genui-

2082 1801 2208 1839 num
2232 1786 2303 1839 sit
2323 1786 2693 1858 Chrysostomi
2720 1801 2876 1856 opus,
2902 1800 3003 1841 cur
3027 1801 3057 1839 a
3091 1787 3325 1851 nemine,
3365 1787 3507 1856 quod
3540 1790 3661 1855 qui-

2081 1878 2202 1933 dem
2247 1880 2513 1944 sciamus,
2567 1887 2859 1934 memorata
2919 1879 3033 1933 est?
3077 1894 3173 1933 cur
3221 1888 3422 1933 tantum
3464 1879 3532 1933 de
3573 1881 3662 1932 illo

2081 1986 2243 2040 opere
2292 1969 2431 2039 apud
2479 1986 2667 2026 omnes
2711 1970 3117 2025 Ecclesiastieos
3161 1971 3451 2040 scriptores
3495 1973 3659 2025 silen-

2080 2062 2247 2114 tium?
2281 2060 2475 2116 Verum
2509 2076 2613 2115 non
2643 2073 2726 2117 εει
2744 2061 2884 2131 quod
2911 2071 3129 2130 stupeas
3151 2062 3217 2116 de
3245 2073 3391 2115 tanto
3415 2063 3657 2123 silentio,

2080 2152 2292 2223 quando
2316 2168 2384 2208 ne
2420 2153 2678 2209 decimam
2722 2153 2937 2223 quidem
2976 2162 3177 2223 partem
3226 2169 3447 2223 operum
3490 2155 3661 2226 Chry-

2081 2244 2324 2308 sostomi,
2355 2259 2473 2313 qua:
2507 2259 2646 2298 nunc
2673 2253 2901 2309 exstant,
2923 2259 2953 2296 a
2971 2244 3163 2298 Photio
3190 2248 3503 2315 cat-terisque
3531 2250 3661 2301 scti-

2085 2332 2326 2401 ptoribus
2354 2342 2702 2389 memoratam
2723 2334 3116 2402 comperimus;
3139 2334 3206 2389 de
3230 2335 3310 2389 his
3338 2346 3516 2391 autem
3537 2352 3660 2407 ope-

2081 2423 2227 2478 ribus
2249 2424 2590 2494 loquor,qu
2617 2440 2864 2494 germana
2894 2441 3015 2481 esse
3042 2427 3182 2496 apud
3207 2428 3449 2483 eruditos
3474 2444 3662 2484 omnes

2082 2514 2135 2569 in
2161 2516 2406 2571 confesso
2452 2526 2554 2571 est.
2583 2517 2765 2586 Neque
2799 2526 2883 2573 est
2905 2518 3047 2586 Quod
3099 2519 3356 2575 miremur
3398 2521 3501 2577 hoc
3525 2540 3661 2592 opus

2081 2606 2215 2660 adeo
2245 2608 2541 2676 neglectum
2576 2607 2760 2675 fuisse,
2794 2620 2851 2663 ut
2875 2610 2989 2679 ejus
3024 2625 3147 2678 pars
3175 2611 3405 2665 maxima
3450 2614 3662 2667 excide-

2080 2698 2177 2761 rit,
2229 2714 2293 2752 ex
2340 2699 2517 2754 Veteri
2561 2714 2751 2770 nempe
2794 2701 3137 2756 Testamento
3184 2703 3427 2771 qumdam
3474 2716 3528 2761 et
3571 2708 3660 2762 illa

2082 2791 2260 2845 omnia
2290 2807 2408 2861 qua:
2432 2792 2498 2847 ad
2524 2792 2727 2848 Novum
2760 2793 3113 2864 pertinebant.
3129 2794 3442 2863 llujusmodi
3463 2798 3661 2869 quipgc

2079 2884 2289 2951 generis
2309 2884 2503 2953 scripta
2520 2884 2690 2940 Graeci
2714 2885 2998 2940 admodum
3016 2886 3374 2956 negligebant,
3411 2887 3660 2945 bomilias

2081 2987 2213 3027 vero
2242 2984 2350 3027 tum
2382 2990 2552 3042 veras,
2577 2984 2685 3030 tum
2714 2978 2943 3045 spurius,
2962 2976 3304 3033 libentissime
3330 2980 3657 3037 scribebant.

2077 3063 2209 3119 Nam
2258 3076 2536 3137 utrumque
2578 3068 2976 3124 Testamentum
3023 3068 3153 3123 sica
3180 3068 3562 3141 Chrysostomo
3605 3076 3656 3130 in

2077 3158 2447 3227 compendium
2496 3159 2768 3216 redactum
2806 3160 2971 3217 fuisse
3007 3162 3161 3219 docet
3186 3163 3497 3220 Pretbeoria
3544 3166 3653 3233 illa,

2076 3263 2233 3317 quam
2266 3249 2409 3303 solus
2435 3248 2593 3305 habet
2621 3249 2797 3307 Codex
2828 3252 3196 3311 Coislinianus.
3234 3258 3289 3313 Si
3311 3257 3444 3313 Novi
3470 3257 3657 3313 Testa-

2077 3340 2243 3393 menti
2270 3339 2527 3411 Synopsis
2569 3355 2892 3411 superesset,
2927 3347 3089 3401 multa
3116 3349 3252 3403 haud
3283 3350 3443 3405 dubie
3463 3350 3657 3418 depre-

2078 3429 2453 3497 hcuderemus,
2489 3450 2607 3503 qua:
2631 3434 2823 3489 Joanni
2867 3437 3253 3508 Chrysostomo
3293 3449 3458 3494 totam
3484 3441 3657 3511 Syno-

2077 3524 2193 3593 psiu
2221 3537 2543 3579 assererent.
2590 3525 2722 3581 Nam
2743 3537 2993 3597 quantam
3025 3539 3180 3599 putas
3204 3531 3529 3600 diligentiam
3563 3532 3657 3585 ad-

2077 3613 2312 3668 hibuisse
2363 3615 2507 3669 illum
2551 3616 2604 3670 in
2653 3619 2960 3685 tractandis,
2998 3632 3156 3691 atque
3198 3624 3249 3676 in
3276 3624 3651 3691 compendium

2076 3704 2379 3774 redigendis
2412 3707 2471 3760 Β.
2506 3707 2653 3762 Pauli
2697 3709 2979 3778 Epistolis?
3020 3714 3187 3778 Quam
3216 3714 3501 3784 Scripiurze
3535 3732 3656 3784 par-

2078 3806 2183 3853 tem
2208 3809 2259 3854 et
2289 3800 2614 3870 frequentius
2651 3802 2910 3867 adhibuit,
2937 3814 2985 3859 et
3015 3806 3166 3874 quasi
3196 3808 3517 3875 prmeipuam
3536 3809 3654 3861 ubi-

2073 3905 2179 3960 que
2206 3892 2525 3957 celebravit;
2553 3894 2596 3947 si
2627 3904 2800 3949 tamen
2831 3895 2956 3964 quid
2990 3897 3311 3965 praecipuum
3350 3898 3453 3951 dici
3487 3901 3654 3967 possit

2076 3981 2126 4034 in
2157 3983 2240 4048 iis,
2272 3998 2389 4049 qua:
2430 3983 2655 4052 primum
2691 3995 2961 4039 auctorem
2993 3986 3249 4055 Spiritum
3293 3998 3539 4042 sanctum
3562 3990 3654 4043 ha-

2073 4073 2221 4129 bent.
2252 4074 2373 4129 lllas
2396 4084 2541 4130 certe
2568 4077 2831 4145 Epistolas
2855 4078 2988 4133 adeo
3018 4082 3069 4133 in
3096 4088 3293 4145 mente,
3317 4080 3367 4133 in
3391 4084 3651 4136 memoria

2073 4167 2341 4231 versabat,
2376 4175 2431 4221 ut
2458 4182 2549 4225 eas
2578 4169 2769 4241 ubique
2795 4183 2847 4226 et
2872 4171 3056 4243 quavis
3088 4173 3301 4229 minima
3339 4173 3460 4230 data
3490 4190 3654 4232 occa-

2072 4258 2222 4312 sione
2264 4258 2543 4315 adhiberet
2572 4262 2623 4315 in
2657 4262 2889 4317 homiliis
2914 4264 2966 4317 in
3002 4264 3226 4334 aliisque
3264 4265 3518 4335 cperibus
3564 4283 3657 4322 cu-

2067 4350 2233 4420 jusvis
2274 4355 2502 4421 generis.
2548 4353 2675 4409 lude
2717 4365 2831 4422 est,
2871 4365 2927 4410 ut
2953 4357 3005 4410 in
3038 4356 3643 4429 SynopsiPenutteuchi

2072 4456 2212 4512 smpe
2233 4444 2452 4497 Paulum
2467 4445 2652 4500 videas
2671 4447 2721 4500 in
2741 4445 2971 4501 medium
2991 4446 3201 4512 adduci,
3225 4448 3275 4501 in
3306 4447 3372 4501 iis
3393 4446 3652 4501 nimirum

2074 4533 2419 4589 Pentateuchi
2458 4535 2607 4601 locis,
2634 4552 2752 4607 qua:
2777 4537 2970 4593 Paulus
2999 4537 3052 4590 in
3083 4537 3331 4606 EpiStolis
3357 4538 3470 4592 suis
3488 4538 3655 4593 adhi-

2073 4624 2277 4679 buerat.
2314 4624 2570 4696 Quodque
2607 4628 3083 4695 singularissimum
3121 4638 3222 4695 est,
3251 4629 3302 4683 in
3332 4629 3657 4685 Protheoria

2073 4732 2188 4783 sua,
2230 4718 2319 4772 ubi
2361 4719 2525 4773 libros
2561 4718 2692 4774 Novi
2734 4719 3077 4786 Testamenti,
3126 4736 3258 4791 quos
3301 4720 3353 4775 in
3379 4720 3655 4791 Synopsin

2074 4809 2370 4879 redegerat,
2417 4820 2728 4878 rccenset,a
2758 4813 3155 4882 quatuordecim
3201 4814 3449 4882 Epistolis
3494 4814 3655 4868 Pauli

2073 4899 2347 4954 exordium
2397 4900 2575 4965 ducit,
2620 4901 2865 4971 ipsasque
2913 4903 3183 4972 praemittit
3236 4903 3363 4972 ipsis
3417 4913 3660 4973 quatuor

2074 4987 2376 5057 Et'augcliis
2413 4999 2465 5043 et
2487 4990 2862 5060 Apostolorum
2884 4993 3108 5046 actibus.
3135 4990 3284 5048 Unde
3303 4993 3533 5050 fortasse
3551 5011 3659 5049 n0-

2073 5094 2196 5132 vum
2228 5080 2489 5149 quispiam
2517 5092 2885 5149 argumentum
2916 5092 3066 5137 cruat
3089 5084 3152 5138 ad
3182 5084 3445 5155 Synopsin
3476 5085 3657 5159 Chry-

2072 5180 2311 5225 sostomo
2339 5173 2698 5237 asserendam,
2718 5174 2807 5243 qui
2834 5189 2936 5229 non
2969 5178 3133 5230 semel
3161 5176 3379 5230 Paulum
3410 5192 3469 5231 se
3490 5179 3657 5233 vehe-

2073 5268 2278 5314 menter
2306 5275 2486 5314 amare
2528 5261 2825 5330 profitetur,
2850 5271 2905 5317 et
2933 5264 3048 5333 plus
3084 5265 3228 5320 Pauli
3261 5264 3410 5319 libris
3438 5276 3491 5320 et
3521 5272 3656 5323 actis

2074 5350 2258 5412 utitur,
2281 5366 2439 5420 quam
2466 5353 2672 5405 caneris
2697 5352 2985 5420 Scriptura:
3011 5369 3175 5408 sacrm
3202 5356 3348 5410 libris
3375 5355 3478 5428 (a).

2141 5442 2344 5512 Stylum
2374 5452 2547 5497 autem
2568 5442 2707 5512 quod
2732 5453 2955 5512 spectat,
2981 5443 3326 5514 proﬂuentem
3354 5447 3498 5502 illam
3530 5466 3655 5505 vcr~

2072 5532 2263 5586 borum
2290 5540 2343 5587 et
2364 5532 2764 5588 similitudinum
2799 5534 3027 5603 copiam,
3053 5551 3156 5605 qtta
3190 5536 3265 5592 uti
3306 5537 3446 5592 solet
3477 5539 3651 5612 Chry-

2139 5711 2212 5774 (a)
2245 5710 2352 5764 Vid.
2372 5714 2501 5763 Tomi
2524 5712 2664 5775 Luius
2686 5710 2808 5763 πει
2840 5712 2865 5775 §
2889 5718 2956 5763 ιιι.
