3720 6274
32 341 146 397 313⁸

30 462 315 517 miomne,
352 452 407 507 in
448 449 1097 525 Synopsi-etieompendio
1142 449 1441 519 exquirere,
1485 447 1613 503 illud

32 554 168 599 esset
197 543 398 599 nodum
427 544 482 599 in
510 545 687 613 scirpo
722 556 980 613 quaerere.
1019 540 1215 596 Verum
1245 539 1409 595 dictio
1437 539 1612 611 Chry-

29 633 265 688 sestomi.
281 648 407 689 esse
426 632 865 705 deprehenditur,
894 631 967 685 ita
995 646 1149 701 pura,
1174 629 1317 685 clara
1345 628 1615 699 nitidaque

27 735 118 779 est.
155 724 274 779 Etsi
309 739 438 780 vero
472 721 903 793 resoompendio
940 720 1156 788 referat,
1204 720 1490 790 aliquando
1531 728 1616 774 ta-

28 832 140 871 men
187 817 540 888 interpretem
557 817 684 887 agit,
712 830 801 871 res
826 814 1078 885 explicat,
1115 824 1169 869 et
1193 813 1293 867 alia
1324 812 1614 883 Scriptura:

27 908 361 977 maximeque
399 907 550 963 Pauli
581 908 697 963 loca
723 905 880 962 an‘ert
907 905 973 961 ad
1004 904 1432 976 explanationem
1470 912 1612 975 apta.

24 999 124 1055 Nec
168 1000 349 1055 nimis-
371 1000 553 1070 jejuna
593 999 851 1072 Synopsis
889 1007 1007 1065 est,
1038 998 1134 1054 sed
1173 999 1223 1053 in
1254 996 1617 1053 Pentateuclto

25 1089 253 1146 maxime
290 1090 433 1160 iusta
459 1104 596 1161 pene
610 1088 937 1160 longitudine
963 1088 1238 1145 historiam
1258 1089 1489 1155 texit,.ut
1516 1104 1623 1145 ex-

24 1181 275 1250 emplaris
292 1182 412 1237 loco
428 1182 600 1238 hacin
624 1189 774 1252 parte
794 1180 974 1237 haberi
997 1182 1181 1252 possit.
1202 1180 1504 1238 Verisimile
1529 1197 1617 1238 au-

24 1284 123 1330 tem
151 1284 239 1331 est
264 1277 437 1347 ipsum
457 1275 526 1332 ad
549 1290 701 1332 usum
728 1289 883 1330 suum
914 1283 1082 1330 totam
1104 1274 1432 1345 Scripturam
1460 1274 1537 1330 sic
1561 1276 1613 1329 in

24 1363 289 1436 Synopsin
320 1374 476 1436 atque
503 1365 877 1436 compendium
898 1364 1187 1435 redegisse.
1221 1364 1278 1419 Si
1301 1380 1461 1436 porro
1481 1365 1615 1421 Novi

26 1460 629 1532 TestamentiSynopsis
644 1458 1021 1531 aliquandorex
1048 1458 1284 1515 tenebris
1306 1459 1611 1528 emerserit,

37 1551 148 1605 inde
172 1566 335 1615 nova,
361 1560 418 1605 ut
441 1551 578 1617 dixi,
594 1551 883 1622 prodibunt
910 1557 1219 1620 argumenta
1235 1593 1251 1616 ,
1281 1552 1433 1623 queis
1455 1566 1632 1608 verus

32 1644 188 1697 totius
216 1642 524 1715 Synopseos
542 1651 731 1699 auctor
764 1641 1211 1712 deprehendatur.
1244 1641 1416 1698 Ex'iis
1434 1652 1614 1700 autem

21 1748 134 1801 qua:
149 1740 475 1803 supersunt,
490 1740 545 1788 et
560 1746 624 1789 ex
642 1732 1017 1804 Manuscriptis
1036 1742 1187 1790 eruta
1203 1743 1346 1803 sunt,
1380 1733 1618 1808 Chryso-

25 1834 252 1879 stomum
278 1838 418 1891 esse,
436 1825 761 1895 argumentis
784 1825 839 1879 in
866 1824 1099 1880 medium
1121 1824 1315 1891 allatis,
1342 1825 1563 1895 probavi
1592 1844 1609 1881 :

26 1931 119 1969 non
148 1916 225 1971 ita
254 1925 431 1972 tamen
454 1927 513 1971 ut
533 1930 645 1972 rem
684 1916 971 1986 perfectam
1002 1916 1404 1988 absolutamque
1432 1918 1616 1976 existi-

24 2024 177 2062 mem.
208 2009 557 2065 Eruditorum
580 2009 774 2079 quippe
788 2008 1043 2080 judicium
1065 2017 1322 2079 exspecto
1347 2028 1362 2065 :
1387 2025 1508 2064 nam
1528 2025 1614 2067 res

22 2099 233 2168 majoris
251 2108 336 2156 est
360 2102 612 2157 momenti
628 2115 785 2171 quam
806 2108 864 2155 ut
877 2101 1043 2171 possit
1059 2101 1218 2155 unius
1236 2101 1510 2171 scriptoris
1526 2102 1623 2171 ju-'

20 2191 150 2246 dicio
171 2192 379 2261 dirimi,
402 2202 456 2249 et
482 2193 683 2264 absque
725 2192 1087 2249 controversia
1118 2207 1237 2248 esse
1257 2194 1611 2264 pronuntiari.

81 2282 273 2340 Restat
296 2294 351 2339 ut
378 2285 447 2341 de
474 2284 706 2356 Synopsi
742 2282 1035 2353 Scriptum
1077 2284 1166 2339 illa
1205 2299 1444 2356 agamus,
1492 2300 1611 2356 qua:

23 2376 152 2432 inter
195 2378 478 2435 Athanasii
516 2379 688 2450 Opera
732 2376 1124 2446 circumfertur,
1154 2393 1441 2450 quamque,
1485 2377 1627 2435 licet.

1265 331 1589 390 DI'A'IiRIBA
1628 334 1700 391 IN
1736 332 2088 392 SYNOPSIN.
2776 326 2823 347 “"

3211 343 3333 399 31'."

1723 448 1991 519 diligentis
2027 446 2299 517 scriptoris
2325 462 2460 517 opus
2485 448 2573 514 sit,
2599 447 2874 505 Athanasii
2902 465 3008 506 non
3038 465 3159 508 esse
3187 468 3318 523 pro-

1723 540 1963 594 bavimus
2002 539 2155 594 Tom.
2179 539 2237 593 2.
2272 539 2359 593 llla
2382 554 2511 594 vero
2539 539 2593 593 in
2618 539 2770 595 libris
2812 542 3060 597 omnibus
3100 543 3321 599 histori-

1720 630 1819 696 cis,
1850 630 1903 684 in
1932 630 2316 698 Pentateucbo,
2364 630 2416 685 in
2448 630 2597 687 libris
2634 630 2864 702 Regum,
2895 640 2951 689 et
2979 634 3031 688 in
3075 634 3320 705 Prophe-

1721 724 1809 789 tis,
1840 733 1953 779 toto
1993 725 2125 780 caelo
2154 724 2330 780 ditl‘ert
2356 725 2425 780 ab
2446 724 2547 781 hac
2583 734 2765 781 nostra
2806 724 3058 799 Synopsi,
3099 744 3201 785 nec
3231 739 3316 785 est

1722 813 1845 870 huic
1884 815 2262 885 comparanda,
2295 825 2352 871 ut
2388 816 2562 886 quivis
2606 819 2788 873 statim
2832 820 3137 889 perspiciat.
3162 821 3219 876 In
3250 822 3317 877 li-

1717 908 1831 964 bris
1858 924 1987 965 vero
2011 909 2333 974 Salomonis,
2359 910 2410 964 in
2429 908 2718 980 Sapientia,
2738 911 2791 966 in
2818 911 3075 977 Siracide,
3094 912 3307 977 Esther,

1718 998 1918 1066 Tobia,
1965 999 2183 1066 Judith,
2222 1000 2407 1056 eadem
2453 1002 2566 1071 ipsa
2611 1011 2694 1057 est
2729 1019 2743 1056 :
2774 1018 3112 1074 angurorque
3161 1004 3312 1059 illum

1718 1088 1990 1161 Synopses
2010 1091 2268 1147 librorum
2296 1091 2598 1162 hujusmodi
2624 1107 2692 1149 ex
2721 1104 2903 1149 nostra
2933 1094 3161 1167 Synopsi
3197 1111 3314 1149 mus

1722 1189 1926 1238 tuatum
1952 1198 2091 1239 esse.
2116 1182 2247 1238 Nam
2266 1183 2407 1239 illius
2422 1184 2727 1256 Synopseos
2750 1187 3087 1257 scriptorem,
3109 1196 3308 1243 nostrae

1718 1274 2024 1345 Synopseos
2044 1284 2263 1331 auctore
2282 1285 2437 1330 aetate
2458 1277 2615 1348 longe
2631 1275 2936 1333 inferiorem
2956 1293 3074 1334 esse
3095 1294 3199 1333 non
3217 1280 3306 1333 dn-

1717 1365 1850 1431 bito,
1870 1381 1968 1422 nec
1989 1366 2250 1422 dubitabit
2266 1375 2391 1437 puto
2408 1368 2710 1437 quisquam.
2725 1367 2989 1424 Caeterum
3010 1369 3131 1424 libri
3155 1369 3309 1425 Leri-

1718 1456 1809 1512 tiei
1834 1455 2112 1529 Synopsis,
2145 1473 2265 1528 qua:
2291 1460 2344 1512 in
2373 1456 2699 1515 Coisliniano
2727 1459 2923 1516 Codice
2952 1460 3306 1529 desideratur,

1717 1561 1987 1618 quamque
2014 1563 2080 1603 ex
2107 1547 2358 1604 Batavico
2375 1548 2713 1620 Lugdunensi
2741 1550 3155 1621 desumpsimus,
3176 1568 3299 1609 cum

1716 1638 1943 1711 Synopsi
1968 1640 2054 1694 illa
2070 1639 2360 1695 Athanasio
2372 1640 2635 1709 adscripta
2645 1658 2667 1706 ,·
2682 1641 3175 1714 quod‘ad'mag'nam
3194 1638 3272 1700 sal
3285 1675 3304 1685 -

1718 1739 1825 1786 tem
1853 1732 1933 1786 sui
1963 1740 2189 1802 partem,
2216 1734 2503 1801 consentit,
2531 1733 2673 1805 quod
2703 1748 2806 1805 qua
2844 1735 3046 1791 ratione
3071 1738 3309 1809 contige-

1716 1824 1805 1890 rit,
1830 1839 1936 1878 non
1963 1824 2092 1879 satis
2120 1825 2373 1895 percipio.

1788 1914 2088 1972 Putaverim
2109 1924 2286 1971 autem
2321 1914 2757 1989 Chrysostomum
2786 1916 2890 1973 hoc
2912 1918 3090 1989 operis
3117 1918 3306 1975 Antio-

1716 2003 1854 2060 chie‘n
1882 2005 2227 2061 adornavisse
2251 2005 2482 2063 fortasse
2500 2017 2782 2079 antequam
2800 2010 3148 2065 concionandi
3177 2026 3305 2081 ope-
3373 2072 3385 2082 ,

1717 2112 1831 2152 ram
1872 2098 2192 2168 susciperet,
2236 2109 2294 2153 ut
2343 2097 2446 2154 hoc
2490 2100 2620 2155 satis
2658 2101 2839 2171 amplo
2876 2102 3195 2173 compendio
3238 2102 3303 2157 ad

1717 2187 1865 2242 verbi
1894 2187 1988 2243 Dei
2031 2188 2463 2259 prmdicationem
2502 2198 2766 2259 uteretur,
2799 2200 2854 2247 et
2874 2191 2939 2246 ad
2972 2208 3185 2248 manum
3212 2192 3305 2246 ba-

1718 2278 1869 2336 beret
1897 2276 2037 2334 unde
2056 2278 2371 2336 concionum
2397 2288 2706 2351 argumenta
2737 2289 3089 2337 mutuaretur.
