3720 6274
77 323 167 385 815

1132 303 1463 364 SYNOPSIS
1496 297 1914 359 SCRIPTURAS
1952 293 2221 352 SACRIE.

3192 286 3300 344 5M

989 1176 1402 1268 SANCTI
1477 1166 1899 1263 PATRIS
1971 1160 2411 1257 NOSTRI

565 1598 1368 1766 JOANNIS
1485 1583 2854 1753 CHRYSOSTOMI
2992 1617 3000 1625 '

1426 2098 1994 2196 SYNOPSIS

723 2432 957 2500 Veteris
986 2438 1044 2493 et
1081 2428 1229 2491 novi
1268 2422 1653 2496 testamenti,
1702 2418 1881 2501 quasi
1923 2411 2381 2477 commonitorit'
2411 2427 2577 2470 more
2619 2405 2730 2488 (α).

1326 3274 1800 3344 CONSPECTUS
1841 3272 2133 3337 OPERIS.

169 3664 339 3729 Quare
356 3660 506 3731 prius
531 3657 923 3712 Testamentum
945 3652 1257 3725 appelletur,
1294 3649 1472 3707 Vetus.
1491 3650 1694 3720 Scopas

109 3761 370 3826 utriusque
386 3750 705 3808 Testamenti
716 3763 867 3802 unus.
882 3745 1082 3801 Divisio
1094 3742 1292 3800 Veteris
1308 3741 1629 3798 Testamenti
1642 3743 1700 3796 in

103 3835 1703 3912 Ιιέειοτὶαιπβοηείἰὶαεῑρτορὴειὶαηιμ-Νονυωτεεωῐηρηῑυιιι

106 3943 293 3998 dicitur
311 3948 367 3995 et
383 3953 414 3992 a
441 3947 682 4004 tempore
704 3941 759 3988 et
777 3946 807 3985 a
826 3938 1009 3985 natura
1031 3941 1206 3983 rerum
1228 3939 1361 3996 quas
1379 3924 1688 3994 complecti-

108 4043 208 4101 tur,
219 4030 470 4104 quoniam
480 4026 655 4082 omnia
667 4028 919 4079 renovata
932 4026 1074 4086 sunt,
1086 4016 1365 4088 primoque
1376 4015 1559 4081 homo,
1572 4029 1690 4085 pro-

106 4135 219 4196 pter
228 4137 391 4195 quem
407 4121 584 4176 omnia
600 4124 725 4172 sunt
740 4110 972 4170 condita.
994 4108 1071 4165 Ne
1085 4108 1204 4181 quis
1219 4116 1394 4163 autem
1410 4106 1551 4161 dicat
1570 4123 1583 4159 :
1603 4105 1689 4160 At-

106 4218 191 4287 qui
205 4216 393 4271 ctutum
406 4210 664 4274 idem-est,
683 4217 826 4264 terra
844 4204 1123 4269 eadem,et
1134 4201 1303 4279 homo
1335 4213 1569 4270 quoque,
1594 4212 1683 4253 res

108 4308 341 4364 omnium
359 4301 699 4373 dignissima;
726 4310 862 4354 nova
876 4295 960 4350 lex
978 4294 1098 4349 data
1115 4303 1219 4359 est,
1242 4276 1378 4345 nova
1402 4296 1686 4360 praecepta,

110 4415 240 4455 nova
255 4396 428 4469 gratia
455 4408 554 4465 per
567 4392 1051 4447 lavacrumznovus
1080 4384 1261 4449 homo,
1280 4396 1433 4436 novae
1469 4378 1693 4450 promis-

110 4497 304 4548 siones.
324 4489 442 4546 Non
465 4487 607 4544 enim
636 4483 775 4540 ultra
810 4481 983 4554 agitur
1012 4479 1080 4534 de
1101 4486 1243 4533 terra
1257 4484 1311 4530 et
1331 4473 1396 4529 de
1423 4471 1689 4535 terrenis;

110 4585 201 4640 sed
223 4583 293 4639 de
306 4581 439 4638 caelo
453 4587 509 4635 et
522 4577 592 4633 de
606 4573 928 4632 czelestibus.
944 4570 1091 4625 Nova
1122 4566 1397 4639 mysteria.
1418 4562 1533 4620 Non
1557 4564 1693 4617 ultra

111 4678 284 4732 locum
299 4672 498 4729 habent
510 4668 601 4724 illa
612 4680 893 4737 corporea,
912 4663 1046 4727 ovis,
1063 4659 1300 4730 sanguis,
1315 4655 1490 4719 nidor,
1509 4654 1690 4717 fimus;

112 4767 204 4824 sed
218 4762 546 4822 rationabilis
560 4759 649 4815 ille
661 4759 960 4825 virtuteque
971 4759 1189 4808 ornatus
1200 4748 1372 4803 cultus
1390 4765 1401 4800 :
1418 4758 1551 4800 nova
1568 4757 1696 4814 pra:-

111 4869 284 4930 cepta.
319 4856 539 4926 Lignum
562 4864 664 4907 nos
692 4848 758 4904 ad
774 4846 963 4902 caelum
998 4842 1175 4908 ducit,
1202 4840 1562 4906 sublimesque
1578 4833 1697 4890 efﬁ-

111 4925 202 5005 cit.
216 4925 422 5018 Scopus
438 4952 617 5001 autem
634 4941 688 4996 in
704 4949 931 5008 utroque
958 4935 1303 4990 Testamento
1322 4943 1461 4984 unus
1483 4936 1584 4992 est,
1600 4925 1698 4980 ho-

111 5044 313 5098 minum
331 5052 525 5109 nempe
539 5032 864 5092 emendatio.
881 5026 1084 5101 Ecquid
1099 5025 1293 5081 mirum
1307 5022 1374 5077 de
1394 5021 1694 5089 Scriptura,

109 5132 323 5207 quando
337 5143 526 5189 natura
547 5138 657 5185 tota
687 5126 752 5181 ad
776 5125 892 5195 ejus
912 5136 1067 5178 usum
1096 5127 1178 5175 cst
1206 5114 1462 5172 condita?
1491 5111 1699 5167 Etenim

112 5206 361 5296 magnum
384 5232 606 5296 propter
631 5220 780 5276 illum
802 5214 991 5273 caelum
1014 5208 1271 5276 condidit,
1297 5217 1491 5263 terram
1516 5206 1700 5268 latam,

112 5335 264 5375 mare
293 5317 485 5387 majus,
514 5327 674 5386 quam
704 5308 996 5365 necessitas
1025 5302 1299 5375 postulare
1324 5297 1620 5373 videbatur,
1648 5302 1705 5347 ut

113 5427 139 5467 ι
167 5408 536 5482 magnitudine
565 5403 898 5476 opiﬁciorum
916 5396 1183 5470 ‘Opitlcem
1209 5394 1485 5458 mirantes,
1517 5386 1584 5444 ad
1612 5386 1705 5441 Dei

176 5609 251 5678 (ᾳ)
286 5614 419 5656 Bene
432 5603 637 5678 dicitur.
1038 5592 1119 5678 vel
1142 5587 1460 5678 forte,‘brevis
1473 5597 1710 5678 commen-

117 5646 418 5721 ιαὲἶίηῖίῖ
432 5646 848 5724 ιῖἆῖίιῖὶἰτ
867 5646 1261 5724 -βιιτέβοεωωιιδ
1274 5646 1474 5724 breves
1501 5646 1711 5724 explica-

116 5717 279 5780 tiones
294 5717 491 5791 adjecit,
514 5717 790 5791 rerum-que
801 5717 1041 5791 in__Vete'ri
1055 5721 1367 5769 Testamento
1382 5717 1712 5764 cometarum

115 5805 226 5843 arm
242 5782 372 5845 Νονὸ
394 5782 753 5841 consonantiam
777 5782 967 5834 iudicat.

1791 3649 2151 3721 cognitionem
2174 3647 2442 3702 venirent.
2468 3640 2593 3700 Haec
2624 3643 2801 3716 itaque
2829 3653 3046 3715 prepter
3071 3644 3219 3700 illum
3247 3643 3384 3702 facta

1792 3750 1935 3797 sunt.
1963 3739 2225 3810 Quoniam
2252 3738 2412 3809 igitur
2440 3737 2652 3794 Veteris
2674 3747 2728 3794 et
2750 3737 2883 3793 Novi
2912 3738 3237 3794 Testamenti
3266 3753 3387 3797 sco-

1791 3846 1892 3903 pus
1926 3847 2063 3887 unus
2102 3841 2221 3898 est,
2254 3830 2615 3885 necessarium
2644 3830 2804 3884 etiam
2832 3830 3035 3899 putavit
3061 3829 3271 3900 Moyses
3292 3829 3381 3883 hi-

1791 3923 1986 3980 storias
2003 3933 2214 3979 veteres
2234 3922 2538 3978 describere
2562 3940 2576 3975 :
2601 3933 2705 3977 n0n
2726 3921 3023 3977 secundum
3044 3927 3398 3977 externorum

1792 4030 1996 4071 morem
2022 4056 2037 4077 ,
2065 4014 2155 4084 qui
2188 4013 2439 4069 historias
2467 4013 2705 4068 scribunt
2735 4028 2797 4067 ea
2841 4021 3021 4067 mente
3056 4019 3260 4065 tantum
3281 4049 3295 4074 ,
3329 4018 3389 4062 ut

1793 4122 1971 4163 rerum
2004 4106 2340 4160 narrationes
2371 4112 2575 4169 texant,
2600 4113 2656 4159 et
2683 4103 2821 4158 bella
2853 4115 3159 4172 pugnasque
3190 4102 3240 4155 in
3273 4115 3388 4155 me-

1794 4199 1942 4253 dium
1968 4206 2151 4269 agant,
2181 4207 2343 4267 atque
2367 4211 2434 4252 ex
2460 4195 2671 4266 scriptis
2697 4195 2921 4266 gloriam
2951 4192 3051 4247 sibi
3080 4199 3286 4263 parent.
3314 4191 3386 4244 At

1796 4289 2070 4359 legislator
2094 4303 2203 4343 non
2230 4290 2309 4344 sic
2339 4306 2352 4343 :
2380 4287 2475 4343 sed
2508 4302 2724 4358 semper
2757 4286 3005 4341 historias
3033 4284 3218 4340 scribit
3257 4283 3383 4338 illu-

1795 4384 1986 4439 strium
2013 4384 2247 4439 virorum
2278 4382 2370 4453 qui
2399 4396 2486 4438 res
2515 4381 2799 4452 praeclaras
2826 4386 3143 4450 gesserunt;
3173 4386 3234 4431 ut
3262 4375 3389 4431 vita:

1797 4475 2011 4531 illorum
2037 4474 2275 4530 narratio
2313 4474 2544 4545 posteris
2586 4473 2657 4528 sit
2692 4472 2907 4542 Optima:
2940 4469 3198 4525 doctrinae
3224 4483 3387 4537 argu-

1798 4578 2056 4624 mentum.
2090 4567 2322 4638 ldeoque
2350 4581 2456 4621 non
2489 4565 2649 4621 modo
2678 4579 2771 4621 eos
2800 4564 2889 4634 qui
2918 4578 2976 4618 se
3007 4562 3171 4632 probe
3196 4576 3390 4632 gesse-

1800 4669 1926 4715 runt
1951 4660 2003 4715 in
2034 4658 2269 4715 medium
2309 4658 2563 4723 adducit,
2605 4656 2698 4712 sed
2742 4657 2903 4710 etiam
2945 4663 3252 4727 peccatores
3284 4671 3299 4711 :
3335 4661 3396 4708 ut

1800 4753 1921 4808 illos
1957 4751 2303 4818 aemulemur,
2348 4751 2447 4807 hos
2483 4760 2658 4805 autem
2700 4748 2959 4819 fugiamus
2986 4790 3002 4817 ,
3045 4755 3100 4802 et
3133 4746 3392 4816 utrinque

1801 4843 2054 4898 virtutem
2096 4841 2535 4912 diligentiamque
2577 4839 2836 4909 majorem
2882 4836 3265 4906 adipiscamur.
3314 4834 3395 4888 Ne

1803 4938 1921 5009 quis
1964 4951 2093 5008 ergo
2133 4936 2401 4991 existimet
2442 4942 2593 4991 extra
2640 4930 2958 5004 legislatoris
2991 4928 3224 4984 ofﬁcium
3274 4941 3396 4983 esse

1804 5028 2055 5083 historias
2083 5036 2294 5083 veteres
2331 5040 2551 5081 narrare
2574 5065 2590 5092 ,
2645 5032 2700 5079 et
2727 5023 2871 5093 leges
2916 5020 3267 5093 perscribere.
3298 5019 3395 5074 Et-

1806 5122 1948 5178 enim
1981 5136 2139 5192 quam
2170 5120 2273 5173 vim
2292 5118 2453 5174 habet
2480 5117 2590 5185 lex,
2612 5115 2853 5173 eamdem
2868 5114 3069 5169 obtinet
3091 5121 3399 5167 sanctorum

1804 5214 1929 5267 vitae
1959 5212 2210 5266 narratio.
2242 5209 2342 5265 Est
2368 5209 2545 5279 itaque
2574 5209 2628 5263 in
2660 5208 2825 5262 veteri
2851 5207 2972 5277 lege
3000 5204 3142 5259 aliud
3174 5203 3396 5257 histori-

1808 5320 1929 5361 cum
1959 5347 1974 5371 ,
2005 5312 2061 5358 ut
2087 5301 2446 5360 Oclateuchus
2472 5300 2582 5372 (a);
2616 5313 2808 5369 nempe
2829 5296 3075 5364 Genesis,
3102 5309 3221 5365 qua:
3245 5307 3400 5349 crea-

1812 5399 2008 5453 tionem
2036 5404 2272 5459 enarrat,
2305 5404 2512 5449 nctmon
2534 5391 2693 5447 vitam
2715 5404 2900 5446 eorum
2933 5387 3021 5457 qui
3051 5386 3160 5439 Deo
3188 5381 3395 5451 accepti

1812 5491 1992 5557 fuere;
2025 5488 2267 5556 Exodus,
2290 5502 2408 5559 quae
2425 5483 2638 5542 Iudaeos
2660 5481 2877 5539 exhibet
2897 5495 2961 5535 ex
2984 5476 3214 5547 AEgypto
3236 5473 3402 5527 mira-

1879 5642 1952 5705 (a)
1987 5640 2453 5705 Octateucltus,_octo
2469 5638 2657 5705 priores
2676 5635 2930 5705 Scriptum
2948 5621 3406 5705 libras-99991999-

1815 5694 1911 5763 tur‘,
1932 5694 2182 5761 'Genesim,
2215 5694 2448 5759 Exodum,
2471 5694 2758 5763 'l.evi_ticum,
2777 5694 3050 5753 'n‘utueros,
3082 5694 3399 5745 ,Deuterouo-

1816 5760 1983 5830 mium,
2002 5760 2174 5826 Josue,
2190 5763 2403 5824 iudices,
2424 5768 2476 5812 ct
2496 5760 2634 5810 nutlt.
3156 5766 3157 5773 ‘
