3720 6274
392 250 507 307 ’315

400 366 575 420 hiliter
591 362 810 419 eductos
830 368 884 416 et
905 360 1174 422 liberatos,
1198 369 1355 430 atque
1372 360 1422 413 in
1446 357 1659 414 deserto
1675 356 1763 411 diu
1782 370 1988 409 moran-

399 465 500 519 tes,
521 455 795 523 legemque
812 453 968 507 latam
996 470 1009 517 ;
1031 450 1316 517 Leviticus,
1349 451 1400 504 in
1423 464 1527 519 quo
1547 448 1615 503 de
1634 446 1911 502 sacriﬁciis
1929 454 1983 500 et

400 545 738 600 sacerdotio:
770 559 891 599 nam
914 544 1085 599 tribus
1109 542 1234 597 Levi
1264 540 1617 597 sacerdotium
1640 540 1825 595 sortita
1855 549 1938 595 est
1970 557 1984 593 :

398 646 455 691 et
477 652 541 691 ex
566 637 737 690 tribus
764 636 977 691 nomine
1008 643 1341 703 nuncupatus
1369 633 1505 687 liber
1524 640 1625 686 est.
1652 631 1849 684 Deinde
1874 630 1985 683 Nu-

400 730 573 794 meri;
617 738 738 798 post
779 742 1053 798 egressum
1078 729 1237 802 enim
1278 740 1343 779 ex
1389 723 1628 794 [Egypto
1653 722 1815 791 jussit
1846 722 1987 775 Deus

398 820 667 874 numerari
715 819 971 888 populum
1012 815 1295 871 Iudaicum
1322 856 1339 880 ,
1384 823 1645 883 erantque
1686 814 1989 868 sexcenties

399 913 578 978 mille,
612 913 679 966 ab
710 929 815 967 uno
844 911 1075 967 homine
1091 909 1393 964 Abrahamo
1418 909 1539 965 orti.
1569 909 1761 964 Postea
1790 909 1985 962 Deute-

398 1004 700 1061 ronomium
731 1021 746 1058 :
776 1004 943 1073 legem
972 1003 1113 1058 enim
1140 1001 1378 1057 secundo
1407 1001 1786 1071 interpretatus
1815 1010 1896 1055 est
1921 1000 1985 1055 il-

398 1096 465 1150 lis
488 1095 718 1167 Moyses.
762 1078 963 1151 Deinde
989 1095 1147 1151 Iesus
1187 1096 1326 1150 ﬁlius
1359 1094 1547 1150 Nave:
1576 1094 1664 1148 hic
1695 1094 1837 1149 enim
1868 1102 1985 1162 post

396 1188 633 1259 Moysem
665 1188 875 1241 illorum
908 1187 1015 1241 dux
1047 1187 1365 1241 constitutus
1390 1227 1404 1252 ,
1441 1186 1492 1240 in
1524 1194 1718 1241 terram
1752 1186 1981 1254 promis»

398 1280 567 1334 sionis
587 1278 878 1332 introduxit
898 1278 1038 1344 illos,
1063 1286 1364 1346 terramque
1388 1292 1485 1347 per
1511 1284 1683 1331 sortes
1703 1275 1983 1329 duodecim

400 1371 643 1427 tribubus
668 1370 864 1425 divisit.
894 1370 1024 1425 Post
1051 1369 1191 1424 hunc
1217 1368 1431 1424 Iudices
1463 1386 1477 1423 :
1518 1382 1641 1421 nam
1680 1366 1807 1421 Iesu
1837 1381 1983 1419 mor-

402 1472 514 1529 tuo,
546 1461 844 1531 respublica
874 1458 1181 1515 Iudaeorum
1210 1461 1260 1514 in
1286 1458 1670 1514 aristocratiam
1697 1471 1849 1511 versa
1877 1465 1978 1522 est,

399 1563 454 1607 et
479 1554 647 1607 tribus
670 1552 952 1622 imperium
970 1550 1405 1606 moderabantur.
1432 1548 1633 1603 Deinde
1656 1546 1821 1614 Ruth,
1850 1547 1984 1601 liber

399 1646 621 1715 exiguus
645 1687 659 1710 ,
691 1645 965 1699 historiam
996 1643 1358 1712 complectens
1382 1641 1620 1695 mulieris
1648 1640 1979 1706 alienigena,

397 1753 515 1806 qua
541 1736 723 1791 Iudae
748 1736 957 1791 cuidam
986 1736 1182 1805 nupsit.
1207 1735 1334 1789 Post
1359 1734 1500 1787 hunc
1526 1732 1830 1801 Regnorum
1861 1730 1982 1784 libri

397 1839 625 1896 quatuor
653 1845 666 1880 :
701 1828 752 1881 in
781 1829 972 1898 quibus
1000 1836 1150 1896 gesta
1179 1826 1373 1889 Saulis,
1398 1823 1632 1889 Davidis,
1659 1822 1980 1887 Salomonis,

399 1920 551 1983 Elia,
588 1920 788 1983 Elisai,
819 1928 871 1973 et
900 1918 1101 1988 reliqua
1131 1931 1300 1986 usque
1323 1916 1387 1968 ad
1417 1915 1777 1983 captivitatem
1810 1913 1985 1983 Baby-

399 2012 645 2067 Ionicam.
692 2011 819 2065 Post
865 2010 1169 2079 Regnorum
1212 2008 1373 2062 libros
1422 2005 1643 2060 Esdras.
1692 2004 1987 2072 Postquam

398 2104 540 2156 enim
570 2102 620 2155 in
658 2102 981 2172 Babylonem
1010 2100 1078 2155 ob
1106 2108 1318 2170 peccata
1354 2112 1446 2151 sua
1477 2096 1691 2151 abducti
1731 2094 1981 2160 fuerant,

400 2195 576 2265 ibique
601 2196 933 2265 septuaginta
960 2194 1114 2247 annis
1144 2194 1194 2247 in
1224 2191 1480 2246 servitute
1508 2198 1815 2244 manserant
1839 2231 1853 2255 ,
1885 2189 1982 2243 de-

402 2301 547 2340 mum
582 2286 721 2339 Deus
752 2286 989 2354 placatus
1014 2324 1027 2346 ,
1060 2284 1113 2339 id
1152 2282 1381 2353 providit
1427 2292 1482 2335 ut
1520 2280 1693 2351 Cyrus
1726 2290 1849 2335 tunc
1890 2296 1983 2334 rex

401 2378 705 2443 Persarum,
740 2375 930 2447 Cyrus,
963 2377 1197 2446 inquam.
1227 2359 1379 2443 cujus
1410 2373 1665 2443 puerilem
1696 2372 1987 2426 institutio‘

402 2483 523 2522 nem
543 2467 825 2536 descripsit
839 2466 1160 2536 Xenophon,
1178 2465 1415 2535 captivos
1435 2463 1747 2518 dimitteret.
1768 2463 1983 2517 Dimissi

402 2574 528 2612 vero
550 2558 821 2612 redierunt
846 2558 1067 2613 ducibus
1097 2557 1290 2624 Esdra,
1320 2554 1535 2610 Neemia
1556 2564 1610 2609 et
1635 2554 1981 2609 Zorobabelc.

402 2649 553 2704 llunc
586 2648 812 2703 reditum
842 2649 1100 2704 describit
1129 2648 1324 2702 Esdras
1346 2688 1363 2713 ,
1394 2654 1448 2701 et
1484 2642 1754 2716 quomodo
1782 2644 1984 2699 reversi

405 2741 655 2809 templum
679 2739 849 2795 denuo
864 2737 1292 2801 construxerint,
1306 2737 1598 2806 urbemque
1626 2736 1985 2791 readiﬁcave-

402 2833 526 2886 rint.
550 2834 773 2887 Centum
795 2831 987 2887 deinde
1008 2832 1161 2886 annis
1175 2830 1395 2901 elapsis,
1414 2844 1598 2883 rursus
1619 2829 1739 2883 illos
1762 2828 1983 2898 bellum,

402 2922 793 2978 Macedonicum
826 2938 1016 2992 nempe
1041 2964 1056 2988 ,
1087 2923 1302 2976 invasit.
1335 2920 1538 2975 Deinde
1567 2919 1817 2974 Antiochi
1859 2920 1985 2989 Epi-

402 3016 592 3085 phanis
618 3024 764 3087 gesta
805 3025 1122 3086 sequuntur,
1157 3012 1370 3085 quando
1400 3012 1567 3068 tribus
1609 3012 1764 3067 annis
1800 3021 1854 3067 et
1896 3012 1982 3067 di-

400 3108 565 3163 midio
592 3107 797 3163 obsessi
822 3147 838 3171 ,
872 3107 1115 3176 maleque
1145 3104 1317 3161 affecti
1344 3146 1358 3169 ,
1387 3120 1417 3158 a
1445 3103 1837 3159 calamitatibus
1865 3120 1984 3158 rur-

399 3216 518 3254 sum
538 3201 701 3270 erepti
724 3208 865 3255 sunt.
891 3200 1017 3254 Post
1041 3198 1156 3253 hac
1179 3197 1388 3253 modico
1409 3196 1592 3266 elapso
1618 3206 1857 3266 tempore
1881 3195 1981 3268 (a),

395 3289 638 3345 Christus
663 3290 897 3354 advenit,
923 3299 978 3345 et
1004 3289 1168 3344 Vetus
1190 3288 1587 3344 Testamentum
1617 3286 1831 3343 desinit.

466 3382 765 3436 Judaorum
804 3399 961 3454 genus
1008 3382 1161 3437 unde.
1191 3411 1264 3423 -—
1299 3380 1370 3437 Ut
1407 3388 1583 3436 autem
1614 3380 1848 3436 discatur
1876 3379 1979 3435 Iu-

400 3473 564 3527 daica
609 3475 781 3543 gentis
821 3475 1010 3545 origo,
1054 3474 1295 3544 quadam
1347 3473 1434 3529 hic
1485 3473 1778 3528 enarranda
1835 3482 1980 3528 sunt.

399 3563 524 3617 Post
548 3564 715 3618 Adam
743 3564 839 3618 fuit
864 3564 1013 3631 Seth,
1038 3564 1231 3619 deinde
1260 3563 1469 3630 Enoch,
1497 3571 1680 3635 postea
1699 3563 1787 3617 alii
1816 3578 1982 3633 usque

398 3654 463 3709 ad
496 3655 686 3709 multas
713 3657 1111 3725 generationes;
1134 3655 1346 3709 demum
1372 3654 1507 3721 Noe,
1535 3654 1686 3724 cujus
1717 3663 1977 3724 tempore,

395 3763 517 3801 cum
549 3747 789 3802 homines
818 3758 999 3803 essent
1031 3748 1231 3802 malitia
1254 3748 1526 3817 corrupti,
1560 3746 1815 3802 diluvium
1839 3747 1981 3803 acci-

397 3838 493 3893 dit.
546 3839 801 3895 Cessante
839 3839 1038 3895 diluvio
1063 3881 1079 3908 ,
1110 3853 1356 3911 egressus
1394 3855 1462 3895 ex
1503 3853 1626 3894 arca
1669 3840 1815 3896 solus
1857 3854 1977 3896 cum

396 3928 567 3985 tribus
596 3929 737 3997 ﬁliis,
772 3939 965 3984 terram
993 3944 1206 3985 omnem
1230 3931 1378 4000 prole
1402 3945 1495 3986 sua
1522 3930 1767 4000 replevit,
1799 3931 1981 3986 multis

393 4020 732 4075 successione
759 4020 984 4091 quadam
1013 4022 1306 4091 prognatis.
1339 4020 1470 4076 Cum
1498 4037 1626 4093 ergo
1652 4023 1863 4092 plurimi
1889 4037 1977 4078 es-

392 4120 548 4179 sent,
582 4111 946 4166 deliberarent
984 4112 1249 4168 adiﬁcare
1290 4113 1513 4180 turrim,
1542 4128 1661 4183 quae
1690 4113 1757 4169 ad
1788 4113 1976 4168 calum

395 4218 561 4273 usque
585 4204 929 4274 pertingeret.
955 4204 1150 4259 Eorum
1173 4204 1453 4260 consilium
1482 4203 1793 4276 improbans
1813 4204 1974 4271 Deus,

393 4295 602 4365 linguas
630 4296 863 4365 ipsorum
886 4295 1145 4362 confudit,
1179 4311 1445 4367 unamque
1472 4297 1525 4351 in
1552 4297 1747 4351 multas
1776 4296 1975 4352 divisit.

392 4386 567 4454 Quare
594 4400 713 4440 eum
742 4401 847 4441 non
875 4401 993 4442 sese
1022 4396 1204 4442 mutuo
1232 4387 1511 4453 audirent,
1546 4387 1706 4442 simul
1736 4386 1978 4443 habitare

395 4494 501 4533 non
534 4464 817 4548 potuerunt
846 4495 860 4533 :
893 4494 1010 4549 qua
1050 4493 1210 4534 causa
1250 4478 1433 4534 fuitut
1474 4493 1570 4549 per
1599 4487 1766 4534 totum
1795 4479 1977 4535 orbem

397 4569 855 4642 dispergerentur.
889 4570 1093 4626 Dicitur
1119 4578 1299 4625 autem
1335 4571 1389 4625 in
1418 4570 1507 4625 illa
1536 4570 1845 4627 confusione
1876 4571 1979 4626 lin-

391 4676 612 4731 guarum
633 4702 647 4722 .
681 4660 950 4716 Heberum
979 4660 1285 4717 Iudaeorum
1315 4661 1710 4732 progenitorem
1742 4663 1978 4718 noluisse

390 4752 578 4807 tentati
599 4753 776 4822 operis
799 4768 919 4808 esse
947 4753 1279 4824 participem,
1307 4755 1585 4826 solumque
1612 4754 1870 4810 mansisse
1888 4755 1976 4825 qui

393 4844 626 4914 linguam
669 4853 913 4900 servaret
950 4843 1021 4917 (ὁ)
1048 4886 1063 4913 ,
1108 4844 1211 4901 hoc
1244 4846 1431 4915 optimi
1461 4845 1671 4903 consilii
1703 4847 1976 4916 praemium

392 4934 663 5004 adeptum.
690 4936 765 4990 Ex
785 4937 1065 5007 nepotibus
1079 4937 1195 5007 ejus
1216 4936 1314 4992 fuit
1328 4937 1596 4993 Abraham
1617 4956 1630 4992 :
1651 4938 1875 5009 ideoque
1894 4936 1978 4993 In-

392 5025 629 5081 daorum
650 5027 849 5097 lingua,
873 5026 1129 5083 llebraica
1152 5020 1377 5083 vocatur
1402 5029 1469 5083 ab
1490 5028 1717 5084 Hebero.
1748 5030 1976 5083 Ahraha

394 5119 535 5174 ﬁlius
576 5119 672 5174 fuit
710 5119 857 5174 lsaac
880 5159 896 5183 ,
930 5119 1086 5190 hujus
1122 5120 1307 5176 Iacob.
1355 5120 1455 5176 llic
1482 5120 1669 5191 genuit
1694 5120 1974 5176 duodecim

392 5210 748 5282 patriarchas,
782 5211 966 5267 Ruben
993 5253 1007 5277 .
1033 5213 1289 5283 Symeon,
1315 5212 1463 5280 Levi,
1496 5211 1709 5279 Iudam,
1742 5212 1973 5281 lsachar,

391 5303 653 5369 Zabulon,
675 5302 1201 5374 Nephthalim,Gad,
1233 5304 1367 5372 Dan,
1401 5306 1555 5367 Aser.
1590 5304 1809 5374 Ioseph,
1841 5305 1978 5360 Ben-

348 5470 355 5473 _
392 5477 406 5479 _
448 5416 522 5479 (a)
556 5424 589 5479 Α
634 5414 967 5479 profanatione
1010 5413 1181 5476 templi
1224 5428 1314 5479 per
1358 5415 1639 5479 antiochum
1680 5415 1977 5479 Epiphauem

384 5476 510 5528 facta
533 5478 590 5526 ad
614 5476 773 5527 ortum
795 5476 971 5529 Christi
994 5479 1107 5526 anni
1130 5476 1244 5527 sunt
1265 5477 1459 5526 circiter
1482 5484 1679 5538 centum
1701 5476 1974 5538 Seiagitita.

453 5539 525 5603 (b)
560 5539 775 5603 llomiliis
807 5541 854 5587 in
886 5540 1109 5603 (genesim
1130 5546 1262 5588 Tom.
1302 5538 1394 5603 IV,
1427 5537 1519 5587 col.
1545 5538 1657 5603 279ἶ
1681 5540 1750 5603 ait
1773 5539 1977 5603 Chrwa

382 5600 569 5653 atomus
591 5602 835 5650 Heberum
846 5600 1000 5650 solum
1020 5603 1221 5662 primum
1234 5600 1396 5649 mundi
1408 5613 1634 5648 servasse
1649 5600 1835 5649 idiorna.
1849 5600 1977 5662 quod

391 5663 469 5712 hic
488 5666 638 5715 etiam
659 5663 775 5714 dicit
815 5662 906 5714 Sed
932 5663 1063 5715 eadc
1075 5677 1130 5714 rc
1142 5662 1664 5714 controvertitur.Vide
1680 5669 1838 5711 notam
1856 5661 1973 5712 ibid.

1109 246 1166 303 S.
1206 244 1493 303 IOANNIS
1521 239 2002 326 οηιιῑδρδτθω
2041 241 2356 299 ABCIIIEP.
2386 241 2921 302 CONS'I'ANTINOP.

3569 248 3680 305 316

2089 355 2279 425 jamin.
2306 356 2564 414 Undecim
2604 359 2791 414 horum
2828 358 3244 430 patriarcharum
3278 376 3476 419 nomen
3515 378 3676 419 acea

2095 462 2221 516 pere
2252 448 2419 503 tribus
2458 448 2525 504 ab
2563 449 2669 503 illis
2705 460 2857 505 orta.
2900 449 3274 523 Unusquisque
3300 456 3442 510 enim
3470 458 3673 511 tribum

2092 539 2493 607 proseminavit,
2514 550 2567 595 et
2586 541 2764 611 proles
2788 543 2856 598 ab
2882 545 2967 598 eis
2984 544 3444 602 denominahatnr.
3471 549 3683 613 Vanum}

2093 629 2310 697 Iosephi
2339 646 2444 685 non
2475 648 2577 686 una
2601 633 2789 698 tribus,
2818 635 2911 689 sed
2932 634 3050 691 dua
3076 637 3307 692 luerunt.
3330 638 3511 695 Noluit
3530 643 3683 695 enim

2091 720 2308 791 Iosephi
2354 733 2503 793 pater
2523 739 2681 779 unam
2727 726 2920 780 tribum
2940 726 3008 783 ab
3027 743 3093 783 eo
3134 727 3492 786 denominari.
3537 732 3683 800 Quid

2092 826 2219 881 ergo
2240 812 2436 867 factum
2463 824 2544 869 est
2569 815 2593 867 ?
2620 814 2749 881 Quia
2777 830 2915 871 unus
2940 827 3055 872 erat
3082 818 3273 885 ille,.ut
3294 820 3501 891 duplex.
3525 822 3683 877 ﬁeret

2097 904 2417 972 patriarcha,
2437 905 2688 975 Ephraim
2702 917 2756 963 et
2770 907 3065 965 Manassem
3083 910 3218 966 duos
3236 912 3352 982 ejus
3367 912 3530 983 ﬁlios,
3545 914 3678 969 dua-

2092 993 2189 1049 bus
2235 995 2474 1051 tribubus
2511 998 2726 1052 nomina
2758 1014 2852 1054 sua
2882 1000 3011 1055 dare
3045 1001 3225 1071 jussit.
3274 1002 3423 1060 Unde
3448 1008 3673 1075 contigit

2090 1097 2149 1142 ut
2178 1088 2431 1144 tredecim
2464 1091 2632 1146 tribus
2660 1100 2875 1159 essent;
2909 1109 3101 1165 nempe
3131 1096 3374 1153 undecim
3404 1100 3637 1155 aliorum
3656 1142 3675 1163 ν

2093 1190 2146 1233 et
2171 1178 2289 1234 dua
2316 1179 2534 1251 Iosephi
2566 1198 2671 1253 per
2689 1184 2805 1252 ejus
2842 1184 3000 1240 ﬁlios.
3032 1186 3237 1244 Tribus.
3268 1189 3397 1246 Levi
3428 1190 3559 1247 hinc
3586 1208 3674 1245 ex-

2093 1271 2339 1341 trahitur,
2361 1276 2643 1349 ordinique
2662 1279 2976 1334 sacerdotali
2997 1281 3312 1352 deputatur:
3328 1299 3503 1355 neque
3521 1286 3670 1340 enim

2091 1368 2449 1423 necessarium
2480 1380 2592 1425 erat
2616 1372 2758 1426 aliud
2782 1373 3055 1442 quidpiam
3082 1375 3180 1445 ipsi
3210 1376 3454 1443 tradere;
3486 1379 3673 1449 sicque

2089 1465 2270 1512 manet
2296 1458 2576 1515 duodecim
2619 1462 2848 1517 tribuum
2889 1479 3143 1521 numerus
3190 1481 3297 1521 non
3336 1467 3673 1523 imminutus.

2090 1548 2376 1605 Duodecim
2403 1567 2531 1624 ergo
2562 1554 2729 1609 tribus
2757 1556 2859 1611 alia
2890 1558 3067 1612 omnia
3096 1559 3353 1628 gerebant
3379 1578 3393 1615 :
3422 1560 3553 1616 Levi
3582 1579 3675 1615 au-

2090 1648 2194 1694 tem
2229 1641 2385 1696 tribui
2413 1644 2504 1698 uni
2544 1646 2893 1702 sacerdotalia
2934 1648 3117 1703 munia
3153 1651 3455 1706 concredita
3492 1663 3668 1708 erant.

2088 1730 2169 1785 Ex
2203 1733 2301 1788 hac
2327 1735 2465 1790 tribu
2494 1736 2703 1807 Moyses
2728 1747 2862 1793 erat.
2892 1739 2954 1793 lli
2984 1754 3111 1809 ergo
3139 1741 3417 1798 duodecim
3444 1745 3673 1812 patriar-

2089 1823 2203 1878 cha
2233 1824 2286 1879 in
2328 1826 2615 1897 Egyptum
2648 1829 2905 1898 profecti,
2941 1831 3155 1900 impleta
3187 1832 3281 1886 Dei
3315 1833 3671 1901 promissione

2088 1914 2395 1971 Abrahamo
2424 1919 2560 1973 facta
2581 1962 2597 1986 ,
2629 1935 2731 1990 qua
2758 1920 3054 1989 dicebatur,
3088 1922 3300 1976 Faciant
3330 1940 3502 1979 semen
3532 1936 3669 1979 tuum

2088 2006 2214 2060 sicut
2237 2008 2408 2064 stellas
2431 2011 2562 2073 cali,
2591 2022 2965 2067 sexcentorum
2996 2014 3220 2068 millium
3246 2013 3395 2070 fuere
3424 2017 3671 2086 progeni-

2091 2108 2252 2153 tores.
2271 2099 2406 2155 Hinc
2422 2101 2727 2157 Iudaorum
2746 2119 2912 2173 genus
2935 2105 3391 2168 eonstitutumest,
3405 2109 3555 2179 quod
3570 2122 3667 2161 no-

2090 2206 2211 2245 men
2238 2194 2442 2264 accepit
2468 2208 2498 2247 a
2531 2195 2665 2249 tribu
2694 2195 2831 2250 Iuda
2858 2196 3095 2250 omnium
3124 2198 3390 2266 pracipua
3420 2207 3475 2252 et
3504 2199 3669 2268 regia,

2089 2284 2229 2339 unde
2257 2299 2411 2353 reges
2429 2287 2601 2340 exorti
2623 2287 2980 2343 sunt.Veteris
2996 2287 3155 2358 igitur
3175 2288 3503 2345 Testamenti
3529 2291 3666 2345 aliud

2087 2373 2300 2443 quidem
2331 2374 2640 2432 historicum
2669 2386 2791 2443 est,
2822 2376 2925 2434 hoc
2949 2392 3141 2449 nempe
3169 2378 3310 2448 quod
3334 2379 3445 2449 jam
3475 2394 3671 2435 recen-

2087 2466 2312 2521 suimus.
2342 2467 2471 2534 Qua
2496 2468 2563 2523 ad
2591 2470 2811 2524 consilia
2836 2470 3055 2524 moralia
3080 2470 3367 2540 pertinent,
3395 2479 3524 2526 sunt
3544 2471 3666 2526 Pro-

2086 2557 2288 2623 verbia,
2318 2557 2586 2628 Sapientia
2616 2558 2820 2626 Sirach,
2854 2559 3224 2626 Ecclesiastes,
3250 2560 3468 2617 Cantica
3498 2562 3665 2617 canti-

2088 2662 2291 2702 corum.
2329 2648 2706 2719 Propheticum
2735 2665 2864 2706 vero
2891 2659 3017 2706 sunt
3044 2650 3317 2708 sexdecim
3344 2652 3630 2723 Propheta
3652 2694 3665 2715 ,

2088 2736 2229 2792 Ruth
2252 2738 2351 2811 (a),
2372 2750 2426 2795 et
2448 2740 2631 2796 David.
2654 2740 2894 2805 [lavero
2913 2741 3119 2815 species
3138 2741 3346 2807 divisa,
3367 2743 3530 2799 etiam
3554 2758 3665 2814 per-

2087 2830 2292 2885 mixtim
2328 2832 2445 2887 alia
2472 2834 2523 2888 in
2553 2832 2673 2889 aliis
2706 2833 3063 2904 reperiuntur.
3096 2834 3344 2905 Exempli
3382 2850 3546 2893 causa
3570 2878 3585 2903 ,
3616 2836 3663 2891 in

2088 2919 2322 2977 historiis
2351 2922 2682 2993 prophetiam
2706 2924 2955 2981 invenire.
2971 2933 3089 2981 est:
3110 2934 3166 2982 et
3191 2926 3480 2997 prophetas
3505 2925 3666 2983 histo-

2088 3012 2195 3066 rica
2226 3013 2389 3067 multa
2420 3028 2703 3071 recensere
2730 3015 2995 3083 audimus,
3026 3024 3186 3088 atque
3211 3017 3265 3073 in
3292 3016 3488 3074 borum
3517 3028 3664 3074 utro-

2086 3119 2190 3174 que
2214 3105 2434 3159 consilia
2456 3114 2511 3161 et
2531 3107 2736 3163 monita
2750 3107 3217 3178 deprehendimus,
3248 3125 3443 3181 nempe
3465 3112 3522 3166 in
3549 3126 3665 3182 pro~

2087 3195 2272 3265 phetia.
2292 3204 2349 3252 et
2374 3197 2427 3253 in
2474 3197 2718 3255 historia.
2759 3198 2885 3255 Hac
2913 3200 3090 3255 omnia
3110 3241 3133 3269 ,
3158 3209 3217 3256 ut
3242 3200 3378 3266 dixi,
3408 3201 3477 3257 ad
3506 3218 3671 3257 uirum

2085 3286 2410 3356 respiciunt,
2442 3303 2633 3359 nempe
2654 3288 2721 3344 ad
2747 3289 3076 3346 audientium
3102 3292 3533 3348 emendationem
3553 3336 3570 3360 ,
3599 3294 3663 3347 ita

2088 3386 2146 3432 ut
2169 3394 2235 3432 ex
2261 3378 2411 3448 prius
2437 3389 2704 3451 gestorum
2727 3383 3052 3451 narratione,
3079 3399 3143 3439 ex
3176 3385 3399 3440 consilio
3422 3386 3663 3440 admoni-

2089 3470 2428 3541 tioneque,et
2453 3487 2518 3527 ex
2550 3472 2828 3543 prophetia
2849 3473 2915 3529 ad
2936 3474 2989 3529 id
3013 3474 3155 3545 quod
3182 3474 3435 3532 decorum
3461 3486 3547 3532 est
3575 3490 3664 3532 nos

2085 3562 2487 3619 concinnemus.
2512 3564 2814 3635 Prophetia
2830 3579 2960 3622 vero
2976 3565 3104 3621 illud
3119 3568 3355 3622 maxime
3374 3582 3521 3638 opus
3532 3578 3660 3633 erat,

2085 3664 2144 3710 ut
2170 3655 2341 3710 futura
2364 3657 2767 3725 pranuntiaret,
2795 3670 2891 3712 seu
2917 3656 3056 3713 bona
3084 3672 3179 3713 seu
3204 3658 3341 3713 mala
3368 3670 3585 3726 essent;
3613 3669 3663 3716 ut

2084 3747 2218 3802 alios
2254 3745 2585 3802 attraherent
2606 3789 2619 3812 ,
2650 3747 2783 3804 alios
2821 3756 2967 3804 metu
2994 3763 3026 3803 a
3055 3748 3289 3820 nequitia
3333 3762 3658 3807 coercerem.

2082 3838 2181 3895 Est
2205 3846 2258 3892 et
2280 3836 2423 3893 aliud
2453 3836 2746 3908 prophetia
2768 3852 2962 3909 genus,
2987 3853 3180 3909 nempe
3204 3854 3267 3894 ea
3290 3854 3410 3910 qua
3429 3838 3498 3895 ad
3517 3840 3662 3895 Chr?-

2084 3940 2225 3985 stum
2251 3930 2520 4000 pertinent
2538 3930 2814 3986 vaticinari
2839 3946 2852 3986 :
2876 3932 2966 3988 ubi
2989 3940 3237 3989 accurate
3262 3940 3538 4002 tractatur,
3561 3950 3659 3988 non

2084 4020 2152 4077 de
2188 4021 2415 4077 adventu
2446 4022 2604 4078 modo
2626 4062 2643 4089 ,
2687 4021 2783 4089 sed
2810 4029 2867 4078 et
2893 4020 2960 4078 de
2990 4022 3055 4077 iis
3080 4037 3198 4092 qua
3226 4031 3348 4094 post
3373 4022 3659 4079 adventum

2085 4111 2318 4168 facturus
2346 4120 2498 4181 erat,
2529 4111 2598 4169 de
2624 4122 2779 4183 partu
2796 4154 2812 4182 ,
2845 4112 2915 4170 de
2943 4113 3212 4170 natalibus
3228 4155 3253 4183 ,
3273 4113 3342 4170 de
3366 4129 3528 4171 cruce
3551 4157 3569 4183 ,
3601 4117 3659 4168 de

2082 4202 2377 4270 miraculis,
2401 4202 2469 4258 de
2497 4202 2879 4275 discipulorum
2897 4204 3184 4271 electione,
3210 4203 3279 4261 de
3297 4203 3450 4261 Novo
3475 4204 3657 4261 Testa-

2082 4301 2283 4360 mento,
2326 4292 2394 4349 de
2420 4294 2720 4351 cessatione
2754 4294 3094 4351 Iudaicorum
3122 4295 3337 4363 rituum,
3359 4295 3428 4351 de
3452 4295 3659 4352 destru-

2084 4385 2262 4441 ctione
2298 4386 2679 4455 gentilitiorum
2703 4426 2718 4454 ,
2759 4385 2829 4441 de
2869 4385 3148 4442 nobilitate
3173 4385 3429 4442 Ecclesia
3449 4427 3465 4453 ,
3496 4386 3660 4457 deque

2083 4477 2205 4532 aliis
2228 4478 2474 4533 omnibus
2499 4475 3150 4547 subsequentibusrebus.
3188 4476 3315 4533 Hac
3343 4477 3525 4533 omnia
3553 4478 3657 4533 cla-

2083 4569 2294 4625 rissime
2322 4578 2446 4625 ante
2472 4569 2699 4624 multum
2728 4577 2936 4640 tempus
2965 4566 3323 4639 pradixerant
3345 4568 3619 4641 propheta
3640 4608 3658 4635 ,

2082 4659 2185 4715 alia
2211 4660 2417 4732 ﬁguris,
2437 4660 2538 4714 alia
2564 4658 2762 4715 verbis.

2155 4749 2445 4820 Prophetia:
2474 4751 2588 4805 dua:
2613 4750 2821 4820 species,
2852 4766 2941 4821 per
2964 4765 3118 4821 opera
3138 4758 3189 4805 et
3215 4766 3304 4822 per
3328 4748 3496 4803 ccuba.
3530 4748 3658 4803 Pra-

2084 4842 2265 4913 phetia:
2282 4850 2354 4897 est
2384 4858 2483 4896 non
2509 4840 2656 4896 modo
2680 4840 2871 4910 futura,
2895 4840 2986 4895 sed
3007 4841 3160 4895 etiam
3180 4840 3431 4909 praeterita
3446 4841 3659 4911 aperire.

2082 4963 2154 4974 —
2179 4932 2389 4989 Etenim
2413 4932 2518 4988 duo
2542 4939 2667 4987 sunt
2692 4930 2985 5002 prophetia
3005 4945 3222 5001 genera,
3251 4938 3310 4986 et
3333 4930 3655 5001 operibusct

2084 5025 2259 5081 verbis
2288 5024 2463 5081 futura
2501 5022 2861 5094 pranuntiare
2894 5039 2909 5076 :
2948 5021 3128 5078 verbis
3168 5020 3383 5092 quidem
3400 5060 3428 5087 ,,
3449 5030 3507 5076 ut
3546 5035 3655 5077 eum

2083 5132 2298 5174 crucem
2324 5115 2622 5188 signiﬁcare
2645 5115 2906 5182 volentes,
2934 5113 3154 5170 dicunt:
3182 5112 3326 5169 Sicut
3346 5113 3450 5168 ouis
3478 5113 3549 5167 ad
3571 5126 3659 5166 ca.

2081 5209 2197 5262 dem
2221 5208 2399 5263 ductus
2426 5215 2497 5261 est
2519 5247 2533 5271 ,
2559 5216 2605 5260 et
2640 5206 2772 5260 sicut
2811 5220 2975 5276 agnus
3011 5220 3183 5258 coram
3210 5219 3267 5259 se
3291 5202 3529 5257 tondente
3563 5203 3656 5257 sine

2084 5317 2200 5356 voce
2229 5299 2396 5373 (Isai.
2426 5300 2513 5356 55.
2542 5298 2635 5369 7).
2662 5297 2778 5353 Hoc
2814 5297 2992 5369 itaque
3017 5297 3193 5353 verbis
3232 5296 3365 5368 ipsis
3390 5295 3653 5351 vaticinari

2146 5412 2220 5486 (α)
2255 5411 2374 5486 ηυρλ
2413 5412 2556 5484 inter.
2584 5409 2916 5486 PPPhR‘fPQ-i-
2932 5408 3334 5486 libses.,,£9r3c§§9
3356 5408 3652 5486 Mena???

2081 5468 2226 5525 unius
2246 5472 2465 5522 mulieris
2485 5468 2688 5539 privatae:
2726 5471 2926 5539 historia
2957 5484 3054 5520 non
3078 5470 3331 5539 videbatur
3357 5468 3501 5539 inter
3524 5468 3653 5539 libus

2082 5548 2250 5587 sacros
2271 5529 2520 5596 accenseri
2545 5546 2709 5596 posse,
2733 5534 2824 5581 nisi
2848 5545 2910 5581 ex
2948 5546 3010 5581 ea
3028 5529 3237 5596 muliere
3261 5532 3535 5596 nasciturus
3556 5530 3653 5577 fuis-

2082 5605 2161 5647 set
2182 5597 2415 5654 Christus,
2438 5595 2483 5644 id
2507 5592 2636 5654 quod
2666 5602 2739 5644 tot
2773 5600 2889 5643 ante
2926 5592 3119 5644 saculis
3156 5594 3345 5642 nonnisi
3383 5593 3651 5653 prophetico

2085 5608 2161 5647 εει
2182 5608 2415 5654 Ull‘lSlllS,
2438 5608 2483 5644 ια
2544 5608 2636 5644 ιιοα
2666 5608 2739 5644 [Ol
2773 5608 2889 5643 ante
2926 5608 3119 5644 saeuus
3156 5608 3345 5642 DDDUISI
3383 5608 3488 5653 ιποι

2085 5658 2198 5711 sciri
2218 5663 2434 5721 poterat;
2462 5608 2539 5708 vel
2565 5657 2688 5708 forte
2709 5655 2829 5707 Ruth
2853 5654 2932 5705 hic
2955 5655 3192 5706 mendose
3214 5655 3492 5718 irrepscrit.
