3722 6274
50 386 227 438 ἐκεῖνο
276 381 337 436 αί
367 380 645 434 Βασιλεῖαι
676 378 734 431 al
775 377 1061 449 τέσσαρες,
1108 375 1169 432 ύν
1197 372 1285 442 αἶς
1330 379 1399 431 τὰ
1425 380 1506 441 είς
1543 377 1633 431 τὸν

48 476 244 537 Σαοὺλ,
297 473 367 526 τὰ
394 474 473 536 είς
499 472 589 526 τὸν
619 470 800 535 Δαυῖδ,
832 471 900 524 τά
941 470 1020 533 είς
1063 469 1381 538 Σολομῶντα
1423 469 1518 523 καὶ
1547 470 1635 522 τὸν

58 563 246 616 Ἠλίαν
278 564 374 615 καὶ
404 563 493 614 τὸν
541 561 861 625 Ἐλισσαῖον,
894 558 988 612 καὶ
1022 558 1088 611 τά
1116 558 1275 630 μέχρι
1305 559 1404 628 τῆς
1426 560 1631 628 αἰχμα-

44 657 248 719 λωσίας
298 654 402 724 τῆς
450 655 529 717 είς
570 651 882 707 Βαϐυλῶνα.
920 650 1075 705 Μετὰ
1117 651 1173 703 δὲ
1217 651 1315 713 τὰς
1363 650 1635 720 βασιλείας

51 749 313 818 Ἔσδρας.
368 744 586 815 Ἐπειδὴ
622 743 729 816 γάρ
777 742 1163 813 ἀπηνέχθησαν
1208 745 1287 805 εἰς
1339 742 1633 796 Βαϐυλῶνα

50 838 416 911 ἁμαρτόντες,
447 838 539 890 καὶ
566 835 937 906 ἐϐδομήκοντα
982 833 1077 904 ἐτη
1108 834 1415 888 διετέλεσαν
1444 834 1633 889 αὐτόθι

49 928 418 992 δουλεύοντες,
438 927 467 979 6
489 926 620 990 Θεὸς
660 926 884 996 ὕστερον
924 925 1080 987 ἵλεως
1106 924 1286 987 αὐτοῖς
1324 924 1631 994 γενόμενος,

56 1018 446 1091 παρεσκεύασε
479 1017 567 1070 τὸν
602 1016 781 1089 Κῦρον
828 1016 918 1069 τὸν
959 1015 1077 1068 τότε
1124 1015 1348 1085 Περσῶν
1382 1014 1631 1084 βασιλεύ-

48 1126 201 1172 οντα,
240 1109 445 1180 Κῦρον,
495 1100 556 1161 οῦ
607 1108 707 1171 τὰς
760 1106 1005 1171 παιδείας
1038 1105 1312 1176 ἀνέγραψε
1362 1104 1628 1174 Ξενοφῶν,

49 1205 272 1271 ἀφεῖναι
311 1200 438 1263 τοὺς
482 1198 876 1270 αἰχμαλώτους.
908 1197 1017 1251 Kal
1050 1198 1297 1267 ἀφέντος,
1332 1197 1631 1267 ἐπανῆλθον

50 1291 359 1362 ἡγουμένου
410 1290 502 1343 τοῦ
562 1290 802 1361 Ἔσδρα,
849 1287 941 1341 τοῦ
998 1288 1272 1360 Νεεμίου,
1331 1290 1421 1342 τοῦ
1479 1290 1634 1360 Ζορο-

54 1384 244 1437 ϐάϐελ.
272 1382 386 1436 Kal
421 1381 518 1453 τὴν
556 1381 812 1435 ἐπάνοδον
831 1380 1038 1451 ταύτην
1069 1379 1267 1450 γράφει
1288 1381 1317 1433 6
1343 1380 1579 1450 Ἔσδρας
1598 1396 1625 1417 ν’

53 1478 127 1539 ὡς
156 1472 547 1537 ἐπανελθόντες
574 1475 640 1526 ἐκ
679 1472 1054 1544 δευτέρουτὺν
1084 1470 1211 1525 ναὸν
1248 1472 1622 1543 ᾠκοδόμησαν,

54 1564 146 1615 καὶ
184 1563 286 1633 την
314 1560 468 1613 πόλιν
507 1560 832 1629 ἀνέστησαν.
866 1558 975 1613 Καὶ
1008 1560 1196 1612 ἐκατὸν
1239 1560 1630 1629 διαγενομένων

52 1650 226 1713 ἐτῶν,
276 1648 438 1704 πάλιν
489 1648 723 1718 πόλεμος
769 1649 964 1711 αὐτοὺς
1028 1647 1326 1702 κατέλαϐεν
1375 1651 1403 1702 6
1435 1650 1625 1703 Μακε-

52 1741 280 1803 δονικός.
335 1735 467 1793 Εἶτα
513 1738 583 1792 τὰ
631 1740 722 1792 ἐπὶ
763 1738 1032 1808 Ἀντιόχου
1082 1739 1278 1810 συνέϐη
1328 1739 1421 1793 τοῦ
1481 1741 1629 1792 Ἐπι-

56 1831 256 1900 φανοῦς
276 1872 292 1894 ,
335 1832 424 1883 ὅτε
447 1832 541 1883 καὶ
566 1831 692 1902 τρία
722 1830 817 1901 ἔτη
844 1830 1286 1903 πολιορκηθέντες
1323 1831 1413 1884 καὶ
1438 1832 1626 1901 ἥμισυ,

56 1923 238 1986 κακῶς
267 1922 551 1984 παθόντες,
599 1921 758 1974 πάλιν
807 1921 1197 1993 ἀπηλλάγησαν
1239 1921 1347 1973 τῶν
1390 1923 1630 1989 ἐπιγενο-

58 2015 234 2085 μένων
277 2012 485 2065 κακῶν.
524 2011 636 2065 Καὶ
682 2014 798 2082 μετ’
842 2013 1015 2064 ἐκεῖνο
1045 2010 1221 2078 ὀλίγου
1252 2010 1627 2081 διαγενομένου

51 2108 274 2177 χῴνου,
324 2104 544 2177 ἔρχεται
576 2106 604 2158 6
649 2104 917 2175 Χριστὸς,
962 2104 1055 2156 καὶ
1098 2102 1247 2165 τέλος
1283 2102 1544 2174 λαμϐάνει
1595 2105 1628 2173 ὴ

54 2195 289 2249 Παλαιά.
910 2264 915 2265 γ
966 2190 969 2195 ’

122 2310 292 2364 ’Ὥστε
348 2309 407 2361 δέ
472 2308 663 2379 μαθεῖν
719 2305 881 2360 πόθεν
938 2306 1167 2377 συνέστη
1236 2307 1295 2359 16
1362 2305 1629 2360 Ἰουδαίων

53 2404 230 2472 γένος,
258 2403 554 2470 ἀναγκαῖον
588 2399 742 2466 ὀλίγα
786 2401 978 2452 εἰπεῖν.
1020 2398 1176 2452 Μετὰ
1211 2399 1299 2453 τὸν
1336 2400 1504 2469 ’Λδὰμ
1536 2398 1628 2466 γέ-

54 2505 209 2562 γονεν
241 2496 272 2547 6
311 2493 440 2563 Σὴθ,
485 2487 605 2545 εἶτα
646 2490 834 2559 Ἑνὼχ,
879 2484 998 2542 εἶτα
1041 2489 1217 2561 ἕτεροι
1247 2489 1406 2560 μέχρι
1452 2488 1628 2541 πλειό-

54 2606 158 2640 νων
184 2585 387 2655 γενεῶν
412 2600 426 2615 ⁵
458 2583 554 2639 καὶ
584 2583 705 2636 τότε
730 2586 757 2636 ὁ
792 2582 933 2647 Νῶε,
962 2582 1046 2652 ἐφ’
1066 2573 1151 2646 οὗ,
1200 2580 1307 2633 τῶν
1332 2578 1629 2651 ἀνθρώπων

55 2674 461 2745 διαφθαρέντων
496 2670 599 2724 ὑπὸ
631 2670 849 2733 κακίας,
897 2669 1106 2736 γίνεται
1149 2669 1177 2720 6
1226 2664 1626 2735 κατακλυσμὸς.

57 2762 186 2817 Εἶτα
216 2761 314 2816 τοῦ
351 2758 733 2829 κατακλυσμοῦ
768 2757 1088 2820 παυθέντος,
1136 2754 1362 2819 ἐξελθὼν
1398 2753 1501 2807 ἀπὸ
1532 2753 1629 2823 τῆς

55 2852 292 2908 κιϐωτοῦ
347 2852 503 2922 μόνος
552 2850 689 2922 μετά
741 2848 943 2902 παίδων
975 2846 1162 2918 τριῶν,
1214 2844 1476 2915 ἐνέπλησε
1532 2843 1627 2914 τὴν

54 2947 156 3016 γῆν
184 2948 249 2999 ἐκ
282 2944 383 3015 τῆς
413 2940 581 2997 αὐτοῦ
609 2942 817 3009 γενεᾶς.
854 2938 995 2992 κατά
1017 2937 1261 3008 διαδοχὴν
1284 2936 1490 2990 πολλῶν
1539 2934 1627 2987 δν-

52 3053 159 3089 των
185 3034 295 3088 τῶν
317 3031 669 3103 τικτομένων.
712 3030 799 3093 Ὠς
836 3024 929 3082 οῦν
958 3027 1201 3096 ἐγένοντο
1242 3026 1444 3089 πολλοὶ,
1473 3024 1626 3078 ἐϐου-

54 3126 316 3181 λεύσαντο
366 3123 573 3194 πύργον
616 3120 962 3192 οίκοδομῆσαι
990 3160 1005 3184 ,
1060 3120 1329 3189 φθάνοντα
1382 3118 1487 3181 ἓως
1533 3115 1626 3169 τοῦ

52 3216 308 3294 οὐρανοῦ.
336 3215 657 3284 Καταγνοὺς
690 3212 747 3266 δέ
790 3212 965 3265 αὐτῶν
1002 3210 1096 3282 τὴν
1129 3210 1353 3281 γνώμην
1396 3210 1424 3261 6
1464 3209 1625 3272 Θεὸς,

56 3311 309 3380 συνέχεεν
342 3306 520 3362 αὐτῶν
535 3306 634 3369 τὰς
659 3299 1035 3374 γλιῖισσας,καὶ
1054 3303 1151 3375 τὴν
1176 3303 1302 3374 μίαν
1323 3304 1403 3364 είς
1431 3300 1628 3364 πολλὰς

54 3403 320 3471 διέτεμεν.
344 3396 494 3469 [516]
511 3396 672 3450 Ὀθεν
692 3397 901 3466 ἀνάγκη
918 3394 1136 3463 γέγονεν
1157 3393 1338 3455 αὐτοῖς
1354 3392 1451 3445 οὐκ
1469 3390 1629 3443 ἀκού-

54 3510 205 3546 ουσιν
224 3491 498 3559 ἀλλήλων,
536 3488 671 3558 μηδέ⁹
696 3486 1006 3556 συνοικῆσαι
1047 3483 1294 3553 ἀλλήλοις
1320 3499 1333 3512 '
1362 3482 1453 3534 καὶ
1489 3480 1626 3550 αὕτη

53 3585 244 3652 γέγονε
278 3581 548 3652 πρόφασις
578 3577 672 3632 τοῦ
716 3574 990 3646 πανταχοῦ
1037 3574 1398 3645 διασπαρῆναι
1435 3571 1629 3633 αὐτοὺς

54 3677 149 3745 τῆς
182 3671 531 3743 οἰκουμένης.
554 3668 784 3736 Λέγεται
803 3667 859 3719 δὲ
886 3668 943 3719 ὲν
962 3664 1133 3737 ταύτῃ
1154 3667 1218 3736 τῇ
1248 3662 1500 3733 συγχύσει
1521 3661 1627 3715 τῶν

53 3766 317 3837 γλωσσῶν
348 3766 377 3817 6
402 3761 567 3832 Ἔϐερ
596 3762 625 3813 6
654 3759 761 3813 τῶν
803 3758 1067 3812 Ἰουδαίων
1099 3757 1357 3827 πρόγονος
1391 3756 1464 3825 μὴ
1503 3753 1627 3823 βου-

54 3860 285 3930 ληθῆναι
332 3853 654 3923 κοινωνῆσαι
696 3851 793 3921 τῆς
845 3849 1232 3919 ἐπιχειρήσεως
1291 3847 1493 3909 αὐτοῖς,
1537 3846 1629 3898 καὶ

54 3954 215 4024 μόνος
276 3947 458 4018 μεῖναι
501 3941 770 4013 διατηρῶν
800 3940 896 4011 τὴν
944 3938 1149 3992 οἰκείαν
1200 3936 1468 4005 γλῶσσαν,
1528 3935 1628 4007 τῆς

51 4043 356 4109 καλλίστης
391 4034 615 4107 γνώμης
656 4032 811 4085 τοῦτο
850 4030 1121 4101 τιμηθείς.
1165 4027 1364 4081 Τούτου
1410 4027 1627 4095 ἔγγονος

53 4133 301 4201 ἐγένετο,
329 4124 580 4197 Ἀϐραάμ
596 4141 607 4151 ·
632 4122 711 4175 διὸ
730 4120 822 4173 καὶ
847 4116 1110 4171 Ἰουδαίων
1126 4115 1341 4185 γλῶσσα
1367 4113 1625 4183 Ἐϐραῖκὴ

51 4223 358 4290 κέκληται,
418 4216 526 4271 ἀπὸ
561 4212 655 4268 τοῦ
697 4211 885 4281 Ἔϐερ,
931 4208 1134 4262 Τούτου
1183 4206 1362 4259 τοίνυν
1413 4204 1627 4272 ἐγένετο

50 4287 273 4379 ἔγγονος
320 4300 655 4379 [Ἁϐραάμ]
682 4341 695 4364 ,
734 4298 826 4353 τοῦ
888 4297 1138 4370 ’Λϐραάμ
1175 4308 1222 4360 ιι,
1285 4293 1469 4346 Ἰσαὰκ
1496 4332 1509 4357 ,
1565 4287 1626 4347 οὗ

59 4401 279 4457 Ἰακώϐ.
314 4390 481 4459 Οὗτος
506 4394 760 4463 ἐγέννησε
782 4390 907 4454 τοὺς
925 4390 1133 4443 δώδεκα
1156 4387 1514 4457 πατριάρχας,
1537 4384 1625 4437 τὸν

58 4493 343 4562 Ῥουϐεὶμ,
379 4489 469 4542 16v
503 4484 758 4556 Συμεὼν,
802 4483 892 4537 τὸν
929 4484 1082 4547 Λευὶ,
1131 4481 1221 4535 τὸν
1279 4479 1497 4542 Ἰούδαν,
1536 4479 1625 4531 τὸν

57 4584 312 4655 Ἰσαχαρ,
355 4580 449 4633 τὸν
497 4575 802 4644 Ζαϐουλὼν,
840 4575 930 4629 τὸν
960 4572 1310 4643 Νεφθαλείμ,
1361 4572 1453 4624 τὸν
1498 4570 1622 4634 Γὰδ,

45 4678 132 4730 τὸν
156 4675 294 4737 Δάν,
324 4670 422 4724 τὸν
460 4670 649 4740 Ἀσὴρ,
672 4668 764 4721 τὸν
814 4666 1032 4736 Ἰωσὴφ,
1052 4663 1144 4716 τὸν
1181 4662 1457 4733 Βενιαμίν.
1492 4661 1626 4714 Τού-

42 4785 151 4820 των
181 4764 296 4817 τῶν
324 4760 518 4813 ἐνδεκα
546 4754 900 4829 πατριαρχῶν
930 4751 1207 4823 ἐπώνυμοι
1253 4752 1537 4821 γεγόνασιν
1566 4752 1622 4803 αἱ

42 4860 192 4931 μετὰ
220 4854 401 4909 ταῦτα
421 4850 604 4922 φυλαί.
632 4850 900 4910 Ἕκαστος
938 4844 1047 4916 γὰρ
1075 4843 1245 4915 φυλὴν
1267 4842 1621 4913 ἀπεγέννησε,

36 4954 131 5006 καὶ
152 4950 210 5004 οἱ
234 4945 539 5017 τεχθέντες,
562 4942 657 4997 ἀπ’
678 4940 900 4994 ἐκείνων
920 4937 1227 4991 ἐκαλοῦντο.
1270 4937 1410 4989 Ἀντὶ
1442 4936 1623 5007 μέντοι

33 5044 127 5099 τοῦ
182 5039 390 5109 Ἰωσὴφ
431 5036 533 5107 μία
587 5032 727 5104 φυλὴ
756 5030 935 5085 οὐκέτι
966 5030 1194 5099 γίνεται,
1235 5028 1369 5082 ἀλλὰ
1401 5028 1511 5083 δύο.
1548 5028 1620 5082 Οὐ

32 5138 141 5206 γὰρ
173 5126 462 5201 ἠϐουλήθη
510 5126 539 5178 6
568 5126 751 5195 πατὴρ
795 5125 824 5176 ὁ
848 5121 943 5176 τοῦ
993 5120 1189 5191 Ἰωσὴφ
1227 5120 1323 5191 μιᾷ
1354 5118 1493 5190 φυλῇ
1528 5120 1622 5206 ἐπ-

28 5205 261 5296 ώνυμον
280 5219 449 5274 αὐτόν
484 5216 756 5287 γενέσθαι.
789 5214 854 5267 Τί
883 5208 975 5267 οὖν
1013 5212 1257 5282 γίνεται;
1298 5211 1515 5281 Ἐπειδὴ
1542 5205 1622 5273 εἷς

25 5319 86 5395 ῆν
134 5322 169 5373 6
209 5314 411 5378 αὐτὸς,
459 5312 549 5364 ῖνα
595 5308 815 5373 διπλοῦς
864 5306 1089 5377 γένηται
1124 5305 1485 5376 πατριάρχης,
1530 5304 1621 5356 16v

35 5393 295 5483 Ἐφραῒμ
327 5402 424 5458 καὶ
442 5401 533 5455 τὸν
560 5398 823 5470 Μανασσῆ
851 5396 977 5461 τοὺς
1005 5395 1154 5461 υίοὺς
1177 5394 1340 5451 αὑτοῦ
1361 5396 1486 5458 τοὺς
1504 5393 1616 5459 δύο,

77 5552 105 5581 ⁸
136 5547 244 5597 Hic
284 5539 522 5591 mendum
546 5549 659 5590 esse
680 5535 894 5597 videtur.
929 5532 1231 5597 LegendumA
1252 5533 1303 5582 ni
1324 5530 1491 5597 fallor,
1516 5531 1619 5593 ἐγέ-

24 5629 123 5674 νετο
138 5594 383 5674 ’ἕκτονρς
424 5601 662 5674 Ἀδραᾲιιν
699 5595 811 5674 τοὶ
830 5594 1619 5674 26.91%;39243-93119???

284 5656 499 5727 primum
519 5656 655 5727 ἴσως
676 5662 879 5711 uncinos
902 5656 1169 5720 posuimus.
1195 5668 1259 5706 ne
1285 5656 1535 5706 videretur
1556 5668 1616 5706 ex

22 5748 105 5787 ms.
119 5734 448 5783 demtum.

1167 260 1500 318 SYNOPSlS
1532 259 1946 317 SCRIPTURE
1988 260 2262 320 SACRE.

1742 377 1966 442 τούτους
1983 380 2205 448 ἐποίησε
2224 376 2318 432 δύο
2338 378 2519 447 φυλῶν
2542 379 2793 448 γενέσθαι
2822 379 3140 453 ἐπωνύμους
3154 382 3205 446 δ,
3232 388 3326 439 καὶ

1741 470 1796 522 αἱ
1828 468 1920 521 δύο
1945 469 2109 538 φυλαὶ
2132 469 2208 539 τῷ
2250 470 2445 539 Ἰωσὴφ
2477 470 2795 537 ἐλογίζοντο.
2829 473 2991 526 Ὥστε
3027 473 3224 546 συνέϐη
3256 479 3321 529 ὲκ

1740 560 1928 614 τούτου
1980 560 2175 613 ἕνδεκα
2222 560 2283 631 (l.
2340 561 2721 632 τρισκαίδεκα)
2778 559 2915 616 εἶναι
2973 563 3070 628 τὰς
3124 565 3319 634 φυλάς,

1740 650 1932 704 ἕνδεκα
1953 651 2050 713 τὰς
2075 649 2182 703 τῶν
2207 650 2399 715 ἄλλων,
2417 651 2509 705 δύο
2528 652 2622 715 τὰς
2646 652 2735 705 τοῦ
2766 653 2959 722 Ἰωσὴφ
2984 654 3078 715 τὰς
3101 655 3188 707 διὰ
3211 657 3322 710 τῶν

1742 741 1963 793 παίδων.
2001 740 2403 813 ’Υπεξαιρεῖται
2428 742 2570 811 ήτοῦ
2605 742 2755 806 Λευὶ,
2788 743 2879 795 καὶ
2908 743 3227 812 ἀφορίζεται
3251 748 3318 816 τῇ

1738 831 1888 897 τάξει
1920 832 2019 900 τῆς
2047 832 2380 904 ἱερωσύνης·
2400 833 2520 885 οὐδὲ
2552 833 2657 903 γάρ
2687 829 2754 904 ἦν
2782 835 3083 901 ἀναγκαῖον
3107 836 3234 889 ἄλλο
3263 854 3317 889 τι

1742 922 2153 994 μεταχειρίσαιο
2201 924 2297 976 καὶ
2332 924 2481 994 μένει
2525 924 2635 976 τῶν
2668 923 2871 977 δώδεκα
2912 924 2939 975 6
2970 924 3203 996 ἀριθμὸς
3245 927 3321 999 μὴ

1688 1052 1693 1059 -
1738 1014 2225 1086 ἀκρωτηριασθείς.
2257 1018 2321 1068 At
2369 1016 2466 1086 μὲν
2497 1010 2590 1069 οῦν
2620 1015 2823 1069 δώδεκα
2865 1016 2933 1069 τά
2971 1017 3104 1071 ἄλλα
3143 1017 3320 1071 πάντα

1739 1103 2005 1174 ἔπραττον
2025 1119 2037 1133 ⁸
2066 1106 2097 1174 ἠ
2120 1104 2176 1156 δὲ
2197 1104 2290 1157 τοῦ
2314 1106 2443 1158 Λευὶ
2465 1104 2530 1158 τὰ
2549 1107 2591 1157 Es
2603 1104 2796 1176 ρατικά
2816 1101 2884 1176 ἦν
2910 1107 3317 1180 ὲπιτεταγμένη

1742 1196 1896 1267 μόνη.
1939 1197 2033 1249 Ἐκ
2079 1196 2284 1266 ταύτης
2332 1193 2401 1267 ἦν
2446 1197 2474 1247 6
2520 1198 2780 1266 Μιυῦσῆς.
2842 1192 2999 1251 Οὗτοι
3037 1201 3217 1253 τοίνυν
3262 1203 3313 1253 οί

1736 1285 1941 1340 δώδεκα
1971 1288 2303 1358 πατριάρχαι
2338 1288 2659 1350 ἀπελθόντες
2680 1290 2758 1352 είς
2785 1288 3074 1358 Αἴγυπτον,
3098 1294 3196 1361 τῆς
3222 1291 3315 1345 τοῦ
3368 1336 3373 1341 .

1737 1377 1871 1430 Θεοῦ
1894 1378 2224 1446 ἐπαγγελίας
2243 1379 2341 1447 τῆς
2363 1378 2500 1449 πρὸς
2526 1379 2617 1431 τὸν
2654 1379 2903 1450 Ἁϐραάμ
2931 1380 3317 1452 πληρουμένης

1714 1468 1834 1539 ,τῆς
1867 1468 2149 1540 λεγούσης,
2171 1470 2410 1539 Ποιήσω
2427 1469 2494 1523 τὸ
2515 1470 2752 1539 σπέρμα
2782 1486 2897 1525 σου
2928 1472 3008 1537 ὡς
3031 1472 3316 1541 radat-pa

1737 1557 1842 1612 τοῦ
1862 1559 2138 1627 οίφανοῦ,
2157 1560 2448 1624 ἑξακοσίων
2477 1561 2730 1631 χιλιάδων
2757 1564 3002 1630 ἐγένοντο
3039 1564 3311 1635 πρόγονοι.

1714 1712 1717 1715 η
1749 1649 2024 1703 Ἐντεῦθεν
2053 1651 2114 1704 16
2136 1651 2243 1704 τῶν
2290 1652 2553 1705 Ἰουδαίων
2612 1653 2845 1723 συνέστη
2880 1653 3037 1721 γένος
3074 1656 3183 1707 ἀπὸ
3218 1656 3316 1726 τῆς

1750 1742 1916 1794 Ἰούδα
1964 1742 2135 1812 φυλῆς
2167 1742 2466 1812 ὀνομασθὲν
2508 1743 2607 1812 τῆς
2640 1743 3088 1815 βασιλικωτάτης,
3123 1746 3242 1799 ὅθεν
3266 1749 3315 1800 οί

1741 1831 1986 1902 βασιλεῖς
2020 1832 2085 1885 ἂν
2140 1832 2406 1901 ἐγένοντο.
2443 1833 2553 1902 Τῆς
2589 1830 2680 1887 οῦν
2704 1835 2946 1900 Παλαιᾶς
2979 1837 3092 1887 ἐστι
3122 1836 3183 1888 τὸ
3213 1838 3311 1907 μὲν

1741 1922 2027 1993 ἱστορικὸν,
2057 1923 2212 1977 τοῦτο
2247 1925 2312 1994 δὴ
2350 1924 2378 1975 ὃ
2419 1927 2858 1996 προειρήκαμενο
2902 1926 2963 1979 16
2989 1927 3043 1981 δὲ
3081 1928 3316 1998 συμϐου-

1710 2012 1998 2097 λευτικὸν,
2037 2012 2111 2078 ὡς
2155 2014 2217 2067 αἴ
2257 2031 2316 2067 τε
2366 2015 2699 2085 Παροιμίαι,
2751 2018 2846 2070 καὶ
2894 2019 2927 2089 ή
2966 2018 3060 2071 τοῦ
3111 2019 3311 2089 Σειράχ

1736 2106 1904 2176 Σοφία
1929 2145 1942 2169 ,
1985 2106 2076 2159 καὶ
2107 2107 2135 2158 6
2169 2106 2597 2178 Ἐκκλησιαστὴς
2621 2148 2635 2172 ,
2680 2111 2774 2162 καὶ
2816 2110 2886 2163 τά
2921 2111 3174 2182 ’ᾼσματα
3206 2112 3314 2165 τῶν

1736 2198 2025 2268 ᾀσμάτων·
2071 2199 2133 2251 16
2174 2199 2228 2252 δὲ
2268 2202 2603 2271 προφητικὸν
2630 2241 2643 2264 ,
2698 2202 2773 2264 ὡς
2821 2204 2870 2255 οί
2926 2201 3116 2270 δεκαέξ
3170 2203 3314 2271 λέγω

1737 2289 2037 2360 Προφῆται,
2076 2291 2170 2342 xal
2224 2290 2413 2357 Ῥοὺθ,
2468 2292 2561 2345 καὶ
2599 2293 2778 2347 Δαυῖδ.
2826 2294 2992 2364 Εὖροι
3033 2295 3077 2348 δ’
3122 2294 3185 2349 ἀν
3230 2312 3314 2359 τις

1710 2370 1804 2431 τὰ
1838 2380 1951 2450 εἴδη
1985 2379 2155 2433 ταῦτα
2170 2381 2472 2453 διῃρημένα
2502 2381 2773 2454 ἁδρομερῆ
2801 2385 2857 2436 ἐν
2887 2384 3132 2454 ἀλλήλοις
3160 2385 3309 2438 ὄντα.

1737 2465 1861 2524 Οἷόν
1894 2489 1946 2523 τι
1977 2470 2139 2538 λέγω,
2176 2473 2235 2524 ἐν
2264 2473 2383 2533 ταῖς
2420 2472 2678 2545 ίστορίαις
2707 2474 2855 2545 εὖροι
2900 2490 2984 2537 τις
3012 2474 3076 2528 ἂν
3105 2491 3313 2547 προφη-

1734 2563 1883 2615 τείαν
1904 2580 1916 2592 ·
1952 2562 2045 2616 καὶ
2076 2563 2184 2615 τῶν
2215 2563 2507 2635 προφητῶν
2545 2563 2828 2617 ἀκούσειεν
2873 2564 2941 2617 ἂν
2970 2564 3137 2618 πολλά
3172 2566 3314 2618 ίστο-

1740 2652 1866 2722 ρικὰ
1907 2653 2320 2724 διαλεγομένων.
2374 2655 2482 2707 Kal
2511 2655 2572 2708 16
2600 2657 2699 2726 τῆς
2741 2656 3050 2727 συμϐουλῆς
3086 2655 3143 2709 δὲ
3174 2654 3315 2720 εἶδος

1735 2745 1828 2800 καὶ
1846 2747 1907 2798 16
1933 2747 2031 2815 τῆς
2056 2746 2446 2818 παραινέσεως,
2478 2750 2534 2800 ἐν
2556 2748 2799 2819 ἐκατέρῳ
2817 2748 3042 2811 τούτων,
3083 2747 3140 2800 εν
3160 2764 3219 2800 τε
3242 2751 3310 2819 τῇ

1736 2837 2059 2907 προφητείᾳ,
2090 2836 2148 2889 ἐν
2184 2855 2242 2890 τε
2273 2841 2339 2909 τῇ
2375 2838 2603 2909 ἱστορίᾳ.
2638 2837 2891 2891 Πάνταδέ
2907 2836 3100 2901 ταῦτα,
3124 2836 3312 2909 ὥσπερ

1736 2925 1905 2996 ἔφθην
1933 2926 2120 2989 είπὼν,
2155 2929 2235 2989 είς
2262 2927 2320 2980 ἓν
2351 2928 2558 2997 βλέπει,
2582 2928 2680 2999 τὴν
2709 2927 2820 2980 τῶν
2839 2928 3141 2981 ἀκουόντων
3164 2926 3311 2998 διόρ-

1736 3018 1932 3081 θωσιν,
1966 3018 2107 3073 ὣστε
2136 3020 2232 3075 καὶ
2258 3020 2365 3073 ἀπὸ
2396 3019 2497 3088 τῆς
2536 3020 2645 3072 τῶν
2675 3018 2952 3090 προτέρων
2987 3018 3310 3088 διηγήσεως,

1736 3111 1831 3164 καὶ
1847 3111 1955 3165 ἀπὸ
1975 3110 2123 3183 [517]
2141 3112 2238 3181 τῆς
2262 3111 2565 3182 συμϐουλῆς
2581 3110 2674 3163 καὶ
2694 3109 2793 3178 τῆς
2809 3108 3199 3183 παραινέσεως,
3215 3109 3310 3161 καὶ

1735 3202 1843 3256 ἀπὸ
1868 3202 1967 3271 τῆς
1995 3202 2331 3272 προφητείας
2366 3200 2718 3271 ρυθμίζεσθαι
2742 3200 2879 3270 πρὸς
2911 3198 2972 3252 16
3002 3198 3137 3252 δέον.
3167 3201 3309 3270 Προ-

1736 3290 1962 3362 φητείας
2001 3290 2056 3343 δὲ
2101 3289 2256 3343 τοῦτο
2297 3290 2456 3360 ἔργον
2484 3288 2679 3358 μᾶλλον
2718 3283 2807 3358 ἦν,
2851 3287 2912 3339 τὸ
2942 3287 3012 3339 τά
3044 3286 3307 3358 μέλλοντα

1736 3385 2160 3455 προαναφωνεῖν,
2178 3381 2287 3435 εἴτε
2308 3380 2543 3452 χρηστὰ,
2567 3381 2676 3433 εἴτε
2702 3378 2939 3449 λυπηρὰ,
2965 3362 3050 3432 ἵνα
3066 3380 3189 3443 τοὺς
3207 3379 3307 3450 μὲν

1734 3475 2181 3539 ἀποσπάσωνται,
2202 3475 2326 3538 τοὺς
2343 3473 2401 3525 δὲ
2427 3473 2503 3545 τῷ
2528 3473 2676 3543 φόϐῳ
2700 3473 2798 3543 τῆς
2823 3472 3018 3536 κακίας
3041 3472 3309 3543 ἀπείρξω-

1736 3584 1837 3619 σιν.
1878 3568 2030 3620 Ἔστι
2059 3566 2114 3619 δέ
2143 3567 2235 3620 καὶ
2263 3566 2445 3638 ἕτερον
2479 3565 2811 3636 προφητείας
2842 3559 2999 3629 εἶδος,
3018 3564 3075 3617 16
3093 3564 3162 3619 τά
3183 3566 3307 3636 περὶ

1732 3656 1827 3709 τοῦ
1861 3654 2097 3726 Χριστοῦ
2126 3655 2621 3725 προαναφωνῆσαι·
2649 3651 2776 3705 ἔνθα
2802 3652 2919 3722 μετ’
2949 3651 3228 3721 ἀκριϐείας
3244 3654 3303 3705 ού

1736 3750 1862 3821 περὶ
1891 3749 1990 3818 τῆς
2017 3749 2317 3820 παρουσίας
2346 3749 2525 3818 μόνον,
2562 3745 2699 3799 ἀλλά
2736 3745 2829 3798 καὶ
2861 3745 2990 3816 περὶ
3016 3736 3091 3797 ὧν
3118 3744 3305 3816 ἔμελλε

1734 3841 2170 3913 παραγενόμενος
2210 3839 2489 3911 πράττειν,
2520 3838 2615 3891 καὶ
2660 3836 2788 3907 περὶ
2831 3834 2923 3888 τοῦ
2978 3834 3161 3899 τόκου,
3211 3836 3307 3888 καὶ

1734 3935 1862 4005 περὶ
1889 3935 1985 4004 τῆς
2011 3934 2334 4003 γεννήσεως,
2366 3930 2461 3984 καὶ
2484 3930 2611 4001 περὶ
2642 3927 2737 3981 τοῦ
2773 3926 3030 3999 σταυροῦ,
3064 3927 3157 3979 καὶ
3180 3929 3306 3997 περὶ

1732 4025 1840 4077 τῶν
1869 4024 2180 4094 θαυμάτων,
2210 4022 2305 4075 καὶ
2327 4022 2464 4092 ,περὶ
2485 4021 2583 4090 τῆς
2618 4019 2726 4072 τῶν
2768 4017 3025 4089 μαθητῶν
3053 4017 3300 4087 ἐκλογῆς,

1733 4115 1858 4183 περὶ
1882 4116 1981 4183 τῆς
2010 4113 2215 4182 Καινῆς
2251 4111 2544 4181 Διαθήκης,
2584 4110 2710 4178 περὶ
2758 4109 2857 4178 τῆς
2908 4105 3157 4170 παύσεως
3192 4107 3302 4158 τῶν

1719 4242 1725 4254 .
1746 4204 2069 4268 Ἰουδαϊκῶν,
2094 4202 2333 4273 καὶπερὶ
2357 4201 2450 4254 τοῦ
2479 4199 2790 4270 ἀφανισμοῦ
2811 4199 2917 4251 τῶν
2958 4198 3299 4268 Ἑλληνικῶν,

1732 4296 1825 4350 καὶ
1854 4297 2097 4367 περὶτῆς
2123 4293 2402 4362 εὐγενείας
2424 4292 2527 4363 τῆς
2553 4292 2695 4346 κατὰ
2713 4292 2812 4365 τὴν
2839 4292 3184 4362 Ἐκκλησίαν,
3208 4274 3301 4346 καὶ

1732 4388 1862 4460 περὶ
1895 4388 2002 4441 τῶν
2050 4386 2224 4441 ἀλλων
2274 4384 2528 4439 ἀπάντων
2555 4385 2664 4438 τῶν
2696 4384 2933 4455 καθεξῆς
2959 4383 3127 4438 ὄντων
3163 4401 3303 4455 πρα-

1731 4484 1975 4554 γμάτων.
2005 4479 2189 4534 Ταῦτα
2218 4478 2396 4533 πάντα
2436 4479 2574 4550 μετὰ
2615 4478 2911 4549 σαφηνείας
2948 4476 3167 4548 ἀπάσης
3196 4477 3301 4548 πρὸ

1730 4574 1925 4630 πολλοῦ
1961 4573 2055 4628 τοῦ
2098 4575 2288 4645 χρόνου
2325 4571 2786 4643 προανεφώνησαν
2813 4570 2864 4624 οἱ
2902 4569 3199 4641 προφῆται,
3230 4569 3300 4623 τά

1732 4668 1831 4739 μὲν
1855 4667 1943 4722 διὰ
1962 4666 2166 4730 τύπων,
2199 4665 2266 4718 τὰ
2292 4664 2350 4717 δὲ
2373 4662 2462 4716 διὰ
2490 4663 2770 4733 ῥημάτων.

1800 4760 1911 4814 Kal
1936 4758 2044 4829 γάρ
2073 4757 2166 4811 δύο
2195 4755 2529 4827 προφητείας
2560 4754 2696 4824 εἴδη,
2733 4754 2829 4807 καὶ
2872 4754 2959 4808 διὰ
2994 4753 3169 4824 ἔργων
3207 4754 3299 4807 καὶ

1728 4855 1817 4909 διά
1842 4854 2014 4921 λόγων
2036 4851 2441 4922 προαναφωνεῖν
2462 4847 2529 4900 τὰ
2558 4846 2817 4918 μέλλοντα
2837 4862 2849 4874 ·
2871 4845 2956 4898 διὰ
2975 4844 3147 4915 λόγων
3176 4845 3294 4916 μὲν,

1728 4948 1803 5010 ῶς
1826 4947 1955 4999 ὅταν
1980 4943 2069 4997 16v
2088 4940 2315 5011 σταυρὸν
2346 4937 2656 5010 βουλόμενοι
2686 4939 2881 5002 εἰπεῖν,
2901 4936 3131 5007 λέγωσιν
3150 4955 3163 4968 ο
3204 4936 3298 5003 Ὠς

1728 5038 2021 5107 πρόϐατον
2052 5033 2145 5087 ἐπὶ
2175 5030 2420 5102 σφαγὴν
2446 5029 2627 5099 ἤχθη,
2665 5029 2763 5084 καὶ
2806 5030 2887 5096 ὼς
2912 5029 3101 5099 ἀμνὸς
3127 5029 3298 5083 έναν.

1727 5132 1858 5186 τίον
1875 5128 1981 5183 τοῦ
2012 5126 2314 5194 κείροντος
2361 5122 2548 5177 αὐτόν
2577 5120 2834 5191 ἄφωνος.
2865 5119 3034 5175 Τοῦτο
3076 5119 3175 5193 μέν
3202 5115 3297 5175 οῦν

1786 5347 1817 5387 b
1840 5345 2021 5395 Homil.
2049 5344 2076 5391 7
2100 5343 2337 5392 adversus
2362 5342 2574 5391 Iudaeos.
2600 5347 2715 5391 tom.
2740 5340 2782 5399 Ῐ,
2800 5355 2849 5404 p.
2873 5341 3001 5404 6678A:
3027 5342 3297 5404 Μανασσῆς

1724 5411 1807 5472 καὶ
1841 5409 2043 5472 Ἐφραὶμ
2062 5406 2152 5472 δύο,
2178 5404 2596 5472 φυλαὶχεγόνασιν
2638 5401 2892 5472 ἐπωνύμοι.
2929 5401 3199 5472 Ubi__SaVil.
3244 5406 3298 5447 et

1725 5464 2064 5532 aliquoi'més.
2104 5464 2197 5532 δύο
2224 5464 2381 5528 φυλῶν
2406 5465 2588 5532 Im_benl
2608 5471 2660 5512 et
2689 5464 2890 5532 fortass_e
2933 5464 3144 5532 gpelius:
3185 5473 3298 5509 nam

1725 5526 1832 5583 cuni
1855 5533 1943 5580 hac
1963 5529 2173 5589 SynOpsi
2200 5526 2436 5589 pbnsonut
2458 5527 2563 5589 haec
2584 5532 2837 5589 postrema
2857 5526 3015 5589 ΙιξςιῇοΣ

1793 5578 1827 5625 έν
1848 5578 1917 5644 ὗε
1946 5578 2082 5641 Inﬁce
2103 5578 2295 5637 'duobus
2333 5578 2611 5650 prophgligé
2649 5583 2917 5650 κρηπῖδος
2950 5582 3155 5650 iii-ipsam
3183 5578 3295 5650 fera-ro

1724 5644 2347 5719 dicjggoLChv-ysostomus'
2383 5644 2436 5698 ι.’
2468 5647 2529 5708 ll,
2574 5644 2783 5697 lloiuilia
2806 5647 2837 5695 6
2874 5649 2937 5695 dc
2972 5644 3295 5706 l’wuilenua,
3398 5716 3399 5719 η

1725 5731 1777 5781 p.
1798 5715 1904 5778 διε,
1930 5715 1989 5766 D.
