3722 6274
23 333 89 390 It'l
1021 308 1361 373 svuorsrs.
1380 296 1788 383 scalprum
1821 292 2086 356 saeua;

24 452 295 514 siluerunt;
332 439 589 513 operibus
606 450 742 493 vero
763 473 782 499 ,
822 448 947 489 cum
984 429 1252 486 Abraham
1277 424 1559 482 exhibetur

24 544 139 596 lilium
165 537 394 592 offerens
413 574 430 597 ,
460 540 514 587 et
549 530 769 584 arietem
806 525 1074 595 jngulans.
1103 522 1200 576 Hic
1222 520 1369 576 enim
1398 515 1559 572 rebus

24 633 109 699 lpa‘lS
124 628 293 683 erucis
321 623 605 692 imaginem
632 616 1029 688 praesigniﬁcat,
1054 624 1213 699 atque
1235 610 1438 699 caedem
1458 621 1559 699 pro

24 697 110 777 irbe
132 718 381 772 futuram.
411 713 605 767 Multas
631 716 780 764 certe
803 706 1046 773 invenire
1070 706 1157 754 est
1178 698 1234 753 in
1252 698 1431 756 Veteri
1456 697 1559 753 Te-

23 819 238 866 ttamento
269 801 578 873 lmjusmodi
621 800 816 869 figuras
839 838 856 863 ,
900 792 1316 866 prophetiasque
1349 803 1447 858 per
1472 800 1561 841 res

24 899 257 958 :xhibitas.
289 893 591 963 Prophetize
616 905 748 946 vero
773 902 971 944 munus
1026 894 1128 948 est,
1160 899 1266 938 non
1292 880 1452 936 modo
1482 879 1564 932 lu-

24 1007 100 1045 nra
121 990 295 1044 dicere
318 1026 334 1051 ,
363 984 459 1041 sed
489 983 651 1039 etiam
678 981 963 1051 praeterita,
994 974 1136 1047 quod
1164 974 1394 1029 maxime
1421 970 1559 1042 apud

24 1085 208 1154 lloysem
249 1076 689 1147 deprehenditur.
718 1069 942 1141 Quando
972 1068 1116 1124 enim
1154 1067 1223 1122 de
1250 1065 1384 1121 caelo
1413 1073 1468 1120 et
1495 1064 1563 1119 de

24 1190 123 1228 ,erra
150 1172 403 1243 loquitur,
432 1183 520 1223 res
540 1165 754 1236 quidem
780 1162 911 1218 dicit
930 1158 1229 1232 praeteritas
1248 1167 1301 1213 et
1325 1166 1564 1225 tempore

24 1266 303 1327 abscuratas,
326 1258 422 1316 sed
450 1257 728 1330 prephetia
765 1255 882 1309 haec
901 1252 1160 1307 enuntiat.
1205 1248 1565 1318 Quemadmo-

24 1356 113 1410 lum
133 1355 274 1409 enim
304 1350 598 1423 prophetia:
623 1355 725 1411 est,
750 1362 841 1402 res
855 1342 1089 1398 nondum
1116 1350 1312 1412 gestas,
1341 1354 1566 1411 quaeque

24 1449 151 1501 adhuc
177 1446 400 1500 occulta:
430 1448 555 1497 sunt
582 1436 919 1500 annuntiare,
950 1433 1029 1489 sic
1057 1441 1112 1489 et
1137 1448 1224 1487 res
1250 1440 1428 1502 gestas
1450 1431 1569 1500 qui-

23 1539 129 1603 dem,
155 1536 248 1591 sed
278 1534 347 1589 ob
374 1545 582 1605 tempus
607 1528 841 1585 occultas
867 1526 1138 1591 revelare,
1168 1530 1224 1579 et
1251 1522 1307 1577 in
1334 1522 1567 1578 medium

24 1630 278 1692 adducere,
327 1640 509 1696 parem
542 1623 767 1694 gratiam
806 1619 1061 1690 postulat.
1109 1616 1190 1671 Ad
1233 1614 1577 1691 prophetiam,

24 1735 193 1789 quoque
237 1719 467 1788 pertinet
516 1729 602 1769 res
638 1720 930 1783 prmseutes
968 1707 1324 1774 annuutiare,
1355 1704 1568 1775 quando

24 1813 249 1880 quidpiam
276 1808 527 1873 efficitur,
559 1805 653 1860 sed
682 1802 950 1859 occultum
975 1810 1093 1864 est;
1124 1810 1183 1854 ut
1206 1797 1398 1854 accidit
1427 1798 1567 1852 circa

24 1903 244 1958 Aminiam
272 1909 325 1955 et
351 1896 689 1968 Sappbiram.
717 1894 825 1949 Illic
847 1894 991 1949 enim
1021 1905 1197 1962 neque
1220 1888 1567 1960 praeteritum,

24 2010 161 2065 neque
185 1995 441 2056 futurum,
469 1988 564 2045 sed
591 2002 679 2043 res
703 1998 969 2056 praesens,
997 1983 1203 2038 occulta
1234 1991 1429 2036 tamen.
1466 1980 1570 2035 Pe-

23 2098 111 2143 trus
139 2102 263 2158 ergo
297 2086 412 2143 haec
442 2098 538 2154 per
563 2079 898 2151 prophetiam
941 2077 1222 2143 revelans,
1252 2076 1307 2131 in
1338 2074 1573 2131 medium

23 2180 218 2235 adducit.
247 2179 389 2234 Sane
416 2190 537 2245 quae
563 2172 630 2231 ad
663 2172 822 2227 Vetus
845 2170 1252 2231 Testamentum
1278 2168 1569 2237 pertinent,

23 2283 67 2329 ut
86 2274 190 2344 quis
213 2269 494 2327 confertim
520 2266 665 2321 dicat
682 2305 704 2332 ,
740 2260 1004 2333 ejusmodi
1044 2268 1187 2316 sunt.
1217 2258 1277 2315 lu
1302 2258 1452 2315 Novo
1477 2274 1575 2313 au-

24 2377 105 2420 tem
133 2379 187 2419 ea
208 2404 225 2429 ,
260 2376 377 2432 qua:
404 2359 460 2414 in
492 2355 671 2412 Veteri
702 2352 1043 2423 'aauigmatice
1073 2350 1214 2406 dicta
1243 2358 1389 2415 sunt,
1419 2348 1573 2405 exhi-

24 2455 223 2510 bentur:
254 2451 322 2507 de
368 2446 665 2521 prophetiis
700 2445 926 2515 loquor,
970 2443 1166 2513 quibus
1212 2440 1576 2497 testimonium

24 2547 271 2618 perhibent
298 2544 411 2616 ipsa
441 2555 604 2613 opera
624 2580 645 2608 ,
684 2551 880 2607 nempe
909 2536 1031 2591 vitae
1056 2534 1353 2590 institutum
1377 2532 1446 2589 ad
1471 2548 1579 2587 cur.

24 2643 111 2698 lum
137 2655 296 2711 usque
322 2637 652 2709 pertingens,
678 2644 873 2687 arcana
904 2629 1201 2684 futurorum
1234 2627 1374 2683 bona
1399 2668 1414 2693 ,
1449 2628 1579 2694 Quae

24 2751 94 2786 uec
129 2734 295 2787 oculus
322 2729 477 2796 uidit,
513 2742 603 2781 nec
631 2724 771 2778 auris
794 2722 987 2775 audiuit
1005 2761 1022 2788 ,
1052 2735 1141 2774 nec
1170 2720 1220 2773 in
1249 2735 1336 2772 cor
1360 2717 1580 2772 hominis

24 2827 315 2879 ascenderunt
331 2821 405 2891 (1.
424 2819 543 2874 Cor.
561 2818 617 2872 9..
640 2814 717 2889 9).
734 2814 944 2871 Novum
963 2812 1158 2882 quippe
1179 2810 1578 2867 Testamentum

24 2918 262 2971 hominem
289 2930 382 2986 per
406 2910 575 2973 Vetus
597 2916 876 2979 acceptum
895 2946 913 2974 ,
944 2905 1218 2960 moderate
1238 2912 1295 2958 et
1320 2903 1519 2957 sensim
1548 2917 1578 2956 a

24 3010 225 3079 nequitia
249 3007 317 3062 ad
341 3004 658 3075 angelorum
682 2999 983 3055 institutum
1003 2996 1239 3052 adducit.
1272 2996 1456 3066 Itaque
1478 2994 1583 3049 Ve-

25 3105 128 3158 teris
152 3101 362 3174 quidem
392 3098 722 3154 Testamenti
752 3107 886 3163 opus
917 3099 1031 3147 erat
1058 3090 1328 3146 hominem
1372 3089 1578 3155 facere;

24 3195 131 3248 Novi
157 3189 653 3268 autem,hominem
684 3184 899 3241 efficere
941 3182 1210 3253 angelum.
1240 3180 1583 3250 Quandoqui-

27 3287 124 3341 dem
149 3287 287 3341 enim
326 3281 561 3353 nequitia
591 3276 645 3333 id
671 3276 850 3332 elfecit
876 3283 933 3330 ut
977 3272 1106 3328 illud
1147 3272 1435 3344 perderent
1477 3286 1583 3342 quo

30 3378 239 3435 homines
292 3385 443 3435 erant
467 3414 486 3441 ,
530 3374 781 3443 ipsosque
808 3370 860 3424 in
890 3368 1166 3424 brutorum
1201 3366 1583 3436 ignobilitatem

28 3472 191 3539 dejecit
214 3512 229 3536 ,
271 3486 333 3526 ac
362 3469 565 3525 ferinos
594 3462 829 3519 reddidit
854 3476 869 3526 ;
907 3461 996 3517 lex
1030 3458 1246 3530 quidem
1291 3458 1409 3513 illos
1435 3473 1467 3513 a
1494 3457 1582 3512 tali

30 3564 200 3618 malitia
236 3561 530 3622 liberabat;
572 3556 741 3628 gratia
777 3568 906 3610 vero
946 3552 1075 3623 ipsis
1115 3551 1251 3606 hanc
1291 3550 1582 3621 angelicam

30 3655 249 3709 virtutem
285 3651 452 3707 addit.
499 3648 637 3704 Sunt
674 3653 853 3700 autem
896 3642 1029 3698 Novi
1057 3642 1382 3697 Testamenti
1425 3640 1584 3706 libri,

32 3746 255 3815 Epistula:
290 3741 692 3817 quatuordeeim
722 3737 869 3793 Pauli
895 3735 992 3807 (α),
1023 3744 1251 3805 quatuor
1277 3734 1582 3805 Evangelia,

30 3839 112 3895 duo
138 3839 517 3910 discipulorum
558 3830 796 3897 Christi,
839 3828 1059 3886 Joannis
1087 3836 1143 3883 et
1177 3826 1407 3882 Mattbmi
1432 3868 1451 3895 ,
1479 3826 1587 3881 duo

31 3941 180 3986 autem
207 3929 363 3984 Luca:
382 3936 437 3982 et
452 3924 612 3981 Marci
639 3940 651 3976 :
674 3934 903 3994 quorum
928 3919 1065 3973 alius
1092 3918 1251 3982 Petri,
1280 3917 1416 3973 alius
1438 3916 1586 3972 Pauli

31 4022 291 4092 discipulus
317 4021 433 4077 fuit.
466 4018 547 4074 llli
577 4016 723 4072 enim
758 4015 887 4086 ipsis
925 4013 1096 4068 oculis
1133 4011 1401 4067 Christum
1432 4011 1588 4068 vide-

34 4126 148 4181 mt,
172 4130 235 4171 ac
262 4130 385 4170 cum
422 4112 518 4168 illo
546 4109 741 4167 versati
772 4108 1020 4171 fuerant;
1051 4104 1107 4160 hi
1130 4119 1258 4161 vero
1280 4119 1343 4159 ea
1368 4120 1490 4175 quae
1518 4120 1587 4160 ex

31 4207 138 4276 ipsis
179 4213 538 4277 acceperant,
584 4201 704 4256 aliis
750 4198 1128 4262 tradiderunt;
1175 4196 1409 4267 itemque
1453 4196 1589 4252 liber

33 4302 257 4366 Actuum,
286 4299 375 4367 qui
404 4296 567 4352 etiam
600 4293 754 4350 Lucae
780 4299 885 4356 est,
904 4288 1170 4345 narrantis
1195 4302 1258 4343 ea
1287 4303 1407 4360 qua:
1435 4296 1586 4357 gesta

32 4402 167 4458 sunt;
195 4400 253 4448 et
276 4405 342 4447 ex
368 4386 644 4445 catholicis
672 4393 779 4440 tres
806 4381 1060 4453 Epistula:
1094 4379 1189 4453 (b).

82 4548 144 4608 (α)
177 4547 341 4608 Itirum
360 4543 441 4608 hic
464 4539 683 4608 videatur
701 4536 931 4608 Epistolas
943 4533 1307 4608 quatuordeeim
1330 4531 1457 4608 Pauli
1474 4538 1589 4584 ante

296 4607 428 4671 poni.
465 4605 701 4671 Quantum
736 4595 923 4671 amaret
964 4595 1166 4671 Paulum
1206 4595 1588 4671 Chrysostomus,

29 4657 269 4732 quain'prae
284 4657 392 4717 aliis
412 4657 910 4732 omnibusscripturte
929 4672 1083 4732 sacrae
1119 4657 1256 4732 libris
1279 4657 1387 4720 ejus
1408 4659 1591 4732 Episto-

30 4722 87 4780 ὼ
104 4722 297 4794 semper
308 4742 414 4794 ore
432 4728 700 4794 menteque
723 4722 961 4794 versaret,
988 4722 1180 4794 ignorat
1203 4732 1347 4794 nemo
1368 4722 1451 4781 qui
1470 4722 1591 4794 scri-

116 4782 221 4855 ejus‘
240 4791 321 4842 vel
346 4782 644 4855 primoribus
672 4785 825 4855 labris
853 4782 1087 4855 attigerit.
1127 4782 1355 4855 Ordinem
1389 4792 1511 4855 ergo
1533 4782 1592 4831 n-

125 4843 203 4904 tim
223 4843 649 4904 Novi’restamenti
671 4848 749 4897 hic
768 4860 862 4895 non
878 4843 1050 4896 ordine
1070 4844 1333 4903 recensuit,
1353 4843 1444 4892 sed
1466 4848 1519 4893 ut
1535 4856 1595 4894 se

25 4916 211 4974 primum
257 4915 424 4974 menti
450 4909 722 4960 offerebant
758 4906 1048 4969 descripsit;
1094 4906 1164 4955 sic
1199 4911 1433 4974 Joannem
1454 4913 1592 4974 laute

24 4964 183 5026 omnes,
197 4973 552 5038 Evangelistas,
577 4980 629 5023 et
642 4978 810 5020 Lucam
832 4964 1173 5038 auteatarcum
1192 4964 1594 5038 posuit._Catholi-

24 5054 93 5090 cas
111 5028 444 5101 spiswlasvhic
466 5028 572 5101 tres
599 5031 859 5101 recenseri
892 5030 1031 5085 vides
1072 5028 1345 5101 secundum
1370 5036 1597 5101 Syrorum

29 5090 189 5149 murem
212 5112 411 5149 necnon
432 5095 657 5145 Ecclesiae
681 5091 1007 5151 Antiocheam,
1038 5093 1122 5140 ubi
1145 5090 1306 5139 Jacobi
1330 5090 1442 5149 una,
1468 5090 1594 5151 Petri

29 5164 175 5231 pfima,
199 5160 405 5211 Joannis
417 5161 544 5231 item
569 5158 719 5231 prima
741 5149 1313 5231 solumnadmittebantur.
1336 5159 1433 5211 Qua
1453 5149 1518 5200 de
1534 5162 1595 5200 re

27 5216 223 5282 pluribus
244 5234 397 5284 supra
416 5222 466 5270 in
490 5216 698 5284 Diatriba
718 5217 865 5266 verba
876 5216 1108 5284 fecimus.

93 5285 139 5348 ι)
174 5277 491 5348 Nota,'inquit
526 5277 832 5348 scholiastes,
871 5279 1031 5348 ipsum
1064 5289 1161 5348 non
1183 5286 1454 5348 memorare
1477 5281 1596 5348 Apg:

27 5335 251 5409 ulypsim.
280 5335 515 5408 liquidem
529 5341 638 5390 hinc
657 5335 931 5391 Scholiastis
942 5338 1184 5387 adnotatio
1206 5336 1383 5400 aliquid
1409 5335 1599 5399 negbtii

27 5407 254 5459 haesere
279 5412 466 5467 potest,
487 5408 603 5467 quia
626 5401 967 5466 Apocalypsim,
989 5399 1202 5467 amplum
1224 5398 1341 5467 licet
1356 5397 1551 5467 librum,
1567 5411 1597 5449 a

487 5432 603 5467 quia
626 5432 967 5466 ηγυυιιιμνιιυ,
989 5432 1202 5462 αιιιγιιιιιι
1224 5432 1341 5472 ιινιέι
1356 5432 1551 5454 ..νη-ιιι,
1567 5432 1595 5449 σι

28 5475 188 5520 mne
310 5473 579 5525 rysostomo
603 5470 878 5525 usurpatam
910 5461 1122 5525 nondum
1151 5472 1335 5525 reperi,
1376 5472 1470 5509 nec
1504 5458 1595 5525 de-

28 5528 162 5595 fuere,
184 5532 277 5595 qui
302 5520 370 5595 de
392 5529 502 5595 eius
521 5520 881 5595 auctoritatem
904 5520 1486 5595 Eccles‘iapsaltem
1508 5520 1597 5570 du-

26 5583 293 5651 bitaverint,
322 5583 720 5652 aicéphorusque
752 5585 1020 5652 patriarcha
1050 5583 1599 5652 (bustantimpolitanus

26 5657 64 5702 tu
80 5646 394 5705 Canone'suo
413 5646 682 5700 recensuit.
706 5646 823 5708 Quin
846 5654 898 5697 et
917 5650 966 5697 in
984 5646 1198 5697 secundo
1230 5646 1367 5695 romo'
1383 5647 1599 5707 Gregorii

28 5718 289 5766 κατίδοιθηὶ
317 5715 366 5763 in
388 5709 618 5775 Catalogo
641 5710 872 5760 librorum
908 5710 1179 5771 Scriptum,
1226 5708 1311 5771 qui
1344 5709 1452 5769 ejus
1486 5720 1599 5757 esse

30 5793 111 5832 non
134 5792 372 5849 putatur,
401 5783 509 5833 haec
538 5783 781 5850 leguntur
816 5794 869 5852 Ρ.
902 5780 995 5834 194
1024 5794 1038 5835 :
1067 5782 1167 5838 Τὴν
1199 5783 1242 5834 δ’
1284 5782 1606 5848 ’Λποκάλυψιν

3147 293 3255 352 518

2180 426 2420 470 srnorsts
2456 428 2671 470 crassis
2693 413 2736 468 ⁸.

1735 547 1916 604 Mundi
1963 547 2205 612 ereatio,
2249 544 2589 615 hominisque
2634 544 2900 599 formatio.
2945 543 3250 602 Mandatum

1665 640 1856 708 accipit
1880 638 2047 693 Adam
2070 678 2083 702 ,
2116 645 2171 692 et
2195 636 2455 691 formatur
2484 636 2672 691 mulier
2697 650 2762 690 ex
2787 645 2934 690 costa
2963 637 3078 705 ejus
3097 678 3111 701 ,
3137 653 3257 707 qua:

1665 745 1703 785 a~
1724 740 1973 799 serpente
2000 729 2241 798 decepta,
2275 728 2446 783 virum
2468 726 2687 793 decipit,
2709 734 2868 796 atque
2887 741 2991 781 una
3016 743 3137 782 cum
3165 728 3257 782 illo

1666 822 1945 877 maledicta
1966 821 2175 891 ejicitur
2198 835 2261 876 ex
2289 819 2558 891 paradiso.
2590 818 2825 887 Serpens
2852 820 3251 888 quoqne‘male-

1666 913 1864 968 dictum
1893 914 2118 983 accipit,
2150 921 2205 967 ut
2234 927 2393 981 super
2420 919 2606 981 pectus
2630 911 2925 981 gradiatur.
2955 911 3089 965 Cain
3115 911 3261 965 oeci-

1667 1004 1748 1060 dit
1786 1005 2042 1069 fratrem,
2075 1005 2199 1074 quia
2232 1003 2548 1058 laudabilius
2573 1018 2632 1057 se
2656 1011 2915 1072 gesserat.
2948 1002 3144 1073 datque
3169 1003 3260 1057 ille

1668 1110 1854 1166 prenas
1878 1114 1890 1149 :
1918 1103 2205 1165 posteaque
2228 1094 2425 1149 liberos
2452 1094 2692 1163 suscipit.
2720 1094 2826 1147 Eva
2852 1092 3074 1148 Sethum
3097 1094 3256 1162 parit.

1668 1183 1949 1255 Catalogus
1969 1200 2157 1240 eorum
2199 1184 2290 1253 qui
2327 1183 2395 1238 ab
2434 1183 2639 1238 Adamo
2668 1194 2722 1238 et
2748 1198 2777 1236 a
2801 1182 2969 1238 Setho
2995 1183 3099 1237 orti
3135 1190 3271 1238 sunt-

1668 1294 1836 1350 usqne
1865 1278 1933 1333 ad
1960 1277 2075 1333 Noe
2101 1295 2115 1333 :
2145 1277 2531 1347 hominumque
2576 1276 2879 1331 criminatio
2903 1276 2974 1331 ob
3009 1275 3258 1331 indecora

1666 1369 1953 1435 connubia,
1976 1384 2042 1423 ac
2067 1378 2292 1423 crateras
2322 1367 2649 1438 iniquitates.
2675 1367 2839 1422 Filios
2871 1367 2963 1421 Dei
2995 1367 3082 1422 hic
3105 1376 3261 1422 vocat

1670 1476 1764 1516 eos
1793 1460 1881 1531 qui
1918 1476 1949 1514 a
1986 1460 2149 1515 Setho
2170 1474 2338 1530 genus
2363 1459 2626 1514 ducebant
2648 1458 2667 1529 (
2692 1456 2818 1511 Gen.
2848 1458 2899 1513 6.
2929 1458 3033 1528 2);
3069 1459 3264 1514 disitur

1670 1554 1810 1609 enim
1836 1571 1850 1606 :
1877 1553 1988 1624 Ego
2021 1554 2148 1620 dixi,
2186 1552 2273 1606 Dii
2303 1554 2440 1620 estis,
2478 1561 2523 1606 et
2558 1553 2651 1620 ﬁlii
2690 1551 2936 1607 Altissimi
2983 1570 3151 1608 omnes
3184 1554 3261 1625 (ιι)

1670 1644 1836 1716 (Psal.
1864 1645 1950 1699 81.
1967 1646 2047 1715 6).
2072 1644 2231 1700 Filias
2253 1660 2379 1699 vero
2398 1644 2669 1698 hominum
2688 1657 2839 1699 vocat
2862 1660 2953 1700 eas
2973 1662 3131 1716 quam
3153 1646 3265 1702 Cai-

1673 1750 1744 1789 no
1773 1744 1903 1791 ortae
1931 1745 2103 1791 erant.
2126 1735 2371 1790 Pracdicit
2402 1736 2539 1790 Deus
2569 1734 2696 1789 Nom
2722 1734 2952 1790 futuram
2987 1737 3260 1793 hominum

1676 1826 1961 1896 perniciem
2002 1842 2098 1896 per
2125 1827 2402 1892 diluvium,
2435 1835 2489 1881 et
2521 1826 2671 1896 jubet
2714 1841 2890 1882 arcam
2918 1838 3257 1894 construere,

1674 1926 2035 1973 trecentorum
2094 1919 2396 1973 cubitorum
2455 1918 2819 1989 longitudine,
2878 1921 3261 1990 quinquaginta

1674 2009 1972 2064 cubitorum
2001 2009 2299 2075 latitudine,
2327 2020 2379 2063 et
2405 2010 2616 2080 triginta
2639 2010 2937 2064 cubitorum
2962 2010 3258 2067 altitudine.

1677 2100 1745 2157 Ut
1772 2111 1948 2156 autem
1991 2102 2263 2171 ingressus
2302 2109 2384 2155 est
2428 2100 2481 2154 in
2526 2116 2704 2155 arcam
2730 2142 2743 2165 ,
2771 2101 2985 2156 advenit
3008 2101 3262 2157 diluvium

1675 2192 2020 2263 quadraginta
2050 2192 2238 2247 diebus
2268 2201 2322 2246 et
2348 2192 2698 2262 quadraginta
2733 2192 2995 2247 noctibus.
3023 2192 3265 2248 Obtinuit

1674 2297 1810 2353 aqua
1830 2291 2044 2338 centum
2066 2283 2449 2354 quinquaginta
2465 2283 2672 2337 diebus.
2698 2284 3068 2353 Apparuerunt
3086 2296 3263 2339 autem

1677 2374 1952 2430 cacumina
1979 2375 2237 2428 montium
2272 2374 2445 2443 primo
2471 2374 2559 2430 die
2589 2374 2779 2429 decimi
2811 2376 3031 2430 mensis.
3056 2376 3122 2431 Et
3146 2386 3267 2447 post

1678 2467 2028 2539 quadraginta
2068 2465 2183 2521 dies
2227 2466 2407 2521 emisit
2454 2480 2713 2532 corvum,
2746 2467 2836 2537 qui
2867 2481 2973 2521 non
3018 2483 3265 2523 reversus

1678 2566 1762 2614 est
1796 2576 1815 2612 :
1853 2567 1907 2613 et
1954 2565 2073 2627 post
2121 2566 2329 2627 septem
2383 2557 2499 2612 dies
2542 2557 2721 2612 emisit
2767 2557 3102 2624 columbam,
3147 2575 3267 2629 qua:

1681 2662 1894 2703 reversa
1918 2658 2000 2703 est
2029 2663 2235 2702 ramum
2261 2647 2415 2701 olivae
2443 2655 2678 2716 gestans.
2707 2646 2935 2703 Jubetur
2953 2663 2982 2703 a
3012 2648 3124 2704 Deo
3149 2644 3264 2705 Noe

1680 2740 1861 2810 egredi
1892 2755 1955 2795 ex
1986 2755 2106 2795 arca
2126 2758 2150 2792 ':
2177 2752 2230 2795 et
2256 2753 2503 2809 egressus
2536 2740 2644 2795 Deo
2667 2740 3008 2808 sacrificavit,
3039 2751 3089 2797 ot
3115 2742 3269 2798 bene-

1680 2830 1855 2885 dictus
1898 2837 1981 2885 est
2021 2847 2141 2885 cum
2170 2830 2290 2887 ﬁliis
2328 2832 2457 2886 suis.
2504 2833 2825 2903 Ai-cepitque
2862 2835 3269 2904 promissionem

1682 2936 1711 2975 a
1744 2923 1873 2987 Deo,
1904 2937 2011 2976 non
2037 2922 2171 2975 ultra
2205 2920 2436 2976 futuram
2459 2921 2762 2991 hujusntodi
2788 2926 3076 2994 perniciem
3100 2928 3271 2982 homi-

1686 3030 1811 3068 num
1843 3030 1936 3084 per
1960 3014 2239 3069 diluvium.
2293 3013 2482 3069 Postea
2511 3030 2637 3069 vero
2661 3014 2823 3071 Semo
2859 3017 3072 3085 quidem
3094 3028 3148 3073 ct
3174 3019 3269 3074 Ja-

1686 3107 1848 3178 pheto
1891 3108 2155 3162 benedicit
2181 3150 2195 3171 ,
2231 3107 2497 3161 maledicit
2540 3116 2715 3162 autem
2748 3107 3115 3175 Chanaanum,
3144 3112 3270 3180 quia

1688 3208 1836 3269 pater
1863 3199 1981 3268 ejus
2005 3200 2170 3253 Cbam
2202 3198 2532 3253 revelaverat
2562 3200 2852 3254 nuditatem
2885 3203 3071 3270 patris.
3104 3202 3271 3258 Male-

1686 3290 1847 3346 dictio
1890 3303 2067 3345 autem
2098 3290 2181 3345 illa
2213 3301 2462 3345 eventum
2511 3290 2696 3345 habuit
2733 3293 2783 3347 in
2824 3292 3133 3350 Gabaonitis
3158 3296 3269 3367 (b);

1687 3384 1795 3439 imo
1825 3385 2000 3454 potius
2025 3384 2203 3456 Specie
2230 3384 2442 3455 quidem
2473 3386 2774 3442 maledictio
2803 3396 2935 3454 erat,
2968 3391 3060 3445 sed
3082 3407 3271 3447 revera

1689 3476 1991 3547 prophetia.
2016 3476 2150 3531 Hinc
2171 3476 2580 3552 sequunturqui
2609 3494 2674 3533 ex
2699 3478 2811 3535 Noe
2834 3481 2934 3539 orti
2956 3491 3079 3538 sunt
3105 3498 3274 3554 usque

1688 3568 1754 3622 ad
1778 3568 1986 3633 Phalec,
2010 3568 2099 3639 qui
2128 3569 2229 3623 hoc
2251 3583 2445 3623 nomen
2476 3570 2693 3624 sortitus
2720 3582 2821 3637 cst,
2849 3573 2970 3642 quia
3002 3573 3118 3643 ejus
3145 3585 3274 3631 tem-

1691 3674 1819 3729 pore
1846 3660 2013 3714 divisa
2045 3659 2139 3714 fuit
2169 3668 2329 3714 terra.
2358 3660 2507 3715 Tunc
2532 3662 2674 3716 enim
2706 3666 2889 3719 turrim
2922 3666 3271 3735 aedificarunt,

1691 3753 1832 3807 unde
1849 3752 1999 3807 locus
2034 3750 2270 3823 Babylon
2300 3760 2383 3807 est
2402 3755 2695 3823 appellatus
2714 3796 2728 3821 ,
2752 3757 2893 3827 quod
2908 3758 3277 3829 Confusionem

1690 3844 1983 3913 signiﬁcat,
2030 3844 2152 3914 quia
2200 3844 2305 3898 illic
2351 3843 2589 3898 confusae
2637 3856 2757 3899 sunt
2821 3846 3016 3917 linguae
3069 3865 3274 3903 eorum.

1695 3936 1853 3991 Pater
1892 3947 2070 3991 autem
2099 3935 2314 3990 Phaleci
2346 3935 2519 3989 lleher
2548 3936 2743 3991 dicitur
2787 3952 2892 3990 non
2941 3940 3278 3996 consensisse

1690 4043 1811 4082 cum
1837 4028 2047 4082 caeteris
2066 4026 2206 4081 circa
2237 4025 2644 4080 aedificationem
2675 4029 2873 4093 turris;
2907 4026 3134 4099 ideoque
3175 4030 3278 4099 ipsi

1694 4120 1955 4189 loquelam
2003 4135 2109 4173 nun
2155 4126 2410 4172 mutatam
2459 4117 2654 4183 fuisse,
2684 4118 2777 4173 sed
2822 4124 3083 4177 mansisse
3130 4123 3278 4179 illum

1757 4239 1774 4269 ι
1808 4237 1992 4298 Titulus
2015 4238 2061 4286 in
2084 4234 2388 4298 Lttgdunensi
2409 4232 2524 4284 Cod.
2549 4235 2619 4298 sic
2637 4234 2846 4285 habetur
2871 4248 2884 4284 :
2922 4235 3087 4298 Bretis
3108 4238 3281 4290 veteris

1697 4297 1977 4370 ταξιαηωὶ
1999 4294 2236 4362 synopsis,
2273 4300 2469 4346 auctore
2505 4294 2857 4359 Cltrysostomo.
2893 4296 3104 4349 Genesis.
3140 4299 3277 4351 Liber

1727 4374 1892 4413 ηηιω.

1692 4374 1971 4485 pn(’:)mtimc
1995 4422 2213 4485 pluribus
2236 4420 2691 4485 explic_antur_Tom.
2713 4419 2797 4485 IV,
2814 4428 2946 4470 Hom.
2963 4422 3032 4485 722
3052 4424 3099 4471 in
3122 4431 3277 4474 Gene-

1692 4482 1904 4543 sim,'ubi
1930 4482 2165 4548 probatur
2184 4496 2288 4543 eos,
2304 4482 2393 4546 qui
2414 4494 2440 4548 a
2466 4482 2613 4548 Setho
2634 4484 2725 4548 niti
2752 4492 2907 4542 erant,
2946 4484 3174 4548 ﬁliosADei
3200 4500 3281 4535 vo-

1694 4542 1810 4609 cari,
1836 4555 1888 4597 et
1911 4542 1989 4609 hic
2011 4548 2116 4609 ipse
2152 4542 2289 4609 locus
2328 4542 2495 4609 iisalmi
2524 4543 2584 4609 ﬁt
2629 4543 2870 4609 all‘ertur_:
2890 4554 2994 4609 Ego
3030 4546 3156 4608 dixi,
3204 4547 3282 4598 Dii

1693 4608 1823 4659 estis.
1863 4608 2001 4659 Filias
2031 4606 2208 4658 autem
2238 4608 2485 4656 hominum
2517 4606 2639 4659 tilias
2671 4618 2783 4656 esse
2820 4606 2952 4659 Calui
2987 4608 3104 4659 dicit
3138 4606 3282 4673 paulo

1757 4678 1881 4721 stea.

1695 4684 2216 4795 poflggalhmmentario
2236 4732 2287 4778 in
2308 4729 2481 4778 Isaiam
2504 4728 2563 4795 ad
2593 4739 2698 4795 cap.
2733 4726 2954 4795 2_,__versu
2973 4729 3157 4795 j,_hzec
3178 4733 3280 4793 ipsa

1700 4790 1783 4854 sig
1797 4790 2037 4854 exprimit
2062 4792 2433 4854 tihrysostomus
2458 4803 2470 4837 :
2498 4790 2569 4854 Qt‘i
2591 4791 2685 4854 μήγ
2711 4790 2829 4854 ρύδὲ
2852 4791 2938 4854 τῇν
2964 4790 3083 4854 span
3108 4790 3275 4854 atas;-

1698 4848 1903 4913 σοῦσαῦ,
1926 4853 2028 4901 ἀλλ’
2053 4853 2128 4900 ἐπὶ
2149 4848 2243 4899 τῶν
2268 4848 2831 4913 Γαϐαονιτῶνίῖαϐρῦσαν
2850 4851 2905 4898 τὸ
2933 4848 3067 4907 τέῖος
3096 4853 3192 4900 τῶν
3218 4853 3274 4900 ἐκ

1696 4914 1786 4962 τοῦ
1813 4911 2004 4963 Χάὲισαν
2024 4914 2303 4976 γεγονότῳν.
2334 4912 2425 4976 Κμαὶ
2449 4913 2551 4976 γᾴρ-
2568 4912 2615 4959 ἐν
2641 4911 2766 4966 τάξει
2792 4912 2908 4976 ἀρᾶς
2930 4915 3192 4975 προφητεία
3216 4915 3277 4976 τὸ

1697 4976 1949 5038 λεγόμενον
1970 4972 2044 5033 iv.
2073 4972 2192 5033 Quae
2220 4972 2465 5038 ipsissima
2504 4972 2584 5022 hic
2608 4985 2807 5038 quoque
2829 4972 3077 5038 habentur
3104 4990 3115 5023 :
3141 4975 3274 5024 unde

1695 5035 1888 5101 prunari
1908 5040 2232 5101 videaturtwe
2244 5035 2376 5101 opus
2384 5036 2709 5101 ψευδιερεωωὶ
2727 5045 2865 5101 esse.
2875 5041 2971 5101 [Ioc
2992 5035 3148 5096 ipsum
3165 5049 3281 5101 vero

1695 5092 1761 5149 ile
1795 5100 2065 5149 Gabaonitis
2100 5098 2169 5146 ait
2202 5092 2349 5147 etiam
2381 5092 2502 5145 infra
2538 5095 2589 5143 in
2620 5095 2817 5159 Synopsi
2850 5092 2963 5145 libri
2992 5092 3135 5160 Iesu,
3176 5099 3289 5149 sive

1696 5169 1861 5213 30808.

1708 5266 1796 5325 τὴν
1825 5263 2047 5329 Ἰωάννου
2069 5264 2211 5329 mihi:
2238 5264 2359 5329 τινὶς
2388 5264 2471 5329 μὲν
2502 5263 2813 5328 ἐγιρίνουσιν,
2848 5268 2893 5316 oi
2932 5264 3123 5329 πλιίαυς
3153 5266 3207 5316 δέ
3234 5282 3289 5329 γι

1708 5330 1843 5390 νρθον
1863 5328 2075 5390 λέγουσι.
2097 5327 2280 5377 Verum
2312 5327 2397 5377 hic
2422 5327 2634 5389 scriptOr
2659 5340 2757 5390 non
2788 5335 3027 5390 accurate
3048 5327 3283 5390 loquitur.
3348 5384 3355 5387 ,

1710 5388 1832 5440 Nam
1859 5387 2063 5451 Patrum
2087 5390 2364 5439 Grecorum
2392 5387 2666 5451 principes,
2690 5389 2987 5440 Athanasius
3014 5387 3065 5436 in
3095 5387 3292 5451 Cannae

1711 5464 1804 5502 suo
1829 5465 1877 5513 p.
1906 5450 2017 5509 962,
2042 5451 2273 5513 Basilius,
2307 5448 2581 5513 Gregorius
2605 5450 2740 5507 Naz.,
2765 5452 3068 5512 insuperque
3102 5448 3294 5513 Hippo:

1710 5507 1848 5576 lytus
1871 5507 2023 5576 atque
2042 5507 2331 5576 ,Metbodius
2361 5507 2533 5563 aurctor
2564 5512 2848 5576 Synopseos
2877 5507 3010 5576 inter
3036 5507 3295 5576 Athanasii

1713 5570 1905 5637 Opera,
1938 5570 1997 5624 'ad
2037 5575 2144 5637 hinc
2164 5581 2333 5624 autem
2366 5581 2467 5637 tota
2497 5570 2665 5622 Latina
2692 5570 2915 5637 Ecclesia
2939 5570 3293 5637 Apocalypsim

1714 5634 1847 5698 inter
1865 5635 2149 5685 authentica
2180 5649 2335 5698 opera
2364 5636 2686 5698 admiserunt.
2711 5634 3179 5698 Quamobremjure
3207 5635 3292 5698 illa

1713 5696 1851 5748 inter
1869 5700 2130 5759 cauonicas
2148 5692 2436 5759 scripturas
2463 5699 2621 5759 iocum
2649 5692 2968 5759 liabetgqvme
2987 5692 3289 5748 OEeumeuii

1712 5766 2005 5824 opusculum
2027 5758 2078 5810 in
2102 5755 2338 5811 Bibliotlt.
2362 5755 2655 5812 Coisliuiana
2676 5771 2724 5821 p.
2750 5756 2865 5857 278;
