  <div class='ocr_page' id='page_1' title='image "/cluster/home/n/w/nwhite01/storage/ocr_20150623/56/hvd.32044019304435/309.png"; bbox 0 0 3722 6274; ppageno 0'>
   <div class='ocr_carea' id='block_1_1' title="bbox 408 315 517 375">
    <p class='ocr_par' dir='ltr' id='par_1_1' title="bbox 408 315 517 375">
     <span class='ocr_line' id='line_1_1' title="bbox 408 315 517 375; baseline -0.018 0"><span class='ocrx_word' id='word_1_1' title='bbox 408 315 517 375; x_wconf 70' lang='grc' dir='ltr'><strong>διο</strong></span> 
     </span>
    </p>
   </div>
   <div class='ocr_carea' id='block_1_2' title="bbox 398 425 1987 498">
    <p class='ocr_par' dir='ltr' id='par_1_2' title="bbox 398 425 1987 498">
     <span class='ocr_line' id='line_1_2' title="bbox 398 425 1987 498; baseline -0.005 -12"><span class='ocrx_word' id='word_1_2' title='bbox 398 445 519 486; x_wconf 85' lang='lat' dir='ltr'><strong>eum</strong></span> <span class='ocrx_word' id='word_1_3' title='bbox 546 430 750 498; x_wconf 85' lang='lat' dir='ltr'><strong>integra</strong></span> <span class='ocrx_word' id='word_1_4' title='bbox 772 442 867 483; x_wconf 87' lang='lat' dir='ltr'><strong>sua</strong></span> <span class='ocrx_word' id='word_1_5' title='bbox 890 425 1137 491; x_wconf 88' lang='lat' dir='ltr'><strong>dialeclo,</strong></span> <span class='ocrx_word' id='word_1_6' title='bbox 1157 441 1275 496; x_wconf 82' lang='lat' dir='ltr'><strong>quae</strong></span> <span class='ocrx_word' id='word_1_7' title='bbox 1306 425 1482 483; x_wconf 89' lang='lat' dir='ltr'><strong>abillo</strong></span> <span class='ocrx_word' id='word_1_8' title='bbox 1503 426 1987 481; x_wconf 85' lang='lat' dir='ltr'><strong>denominationem</strong></span> 
     </span>
    </p>
   </div>
   <div class='ocr_carea' id='block_1_3' title="bbox 402 516 1989 582">
    <p class='ocr_par' dir='ltr' id='par_1_3' title="bbox 402 516 1989 582">
     <span class='ocr_line' id='line_1_3' title="bbox 402 516 1989 582; baseline -0.005 -5"><span class='ocrx_word' id='word_1_9' title='bbox 402 522 591 577; x_wconf 88' lang='lat' dir='ltr'><strong>sortita</strong></span> <span class='ocrx_word' id='word_1_10' title='bbox 622 522 712 575; x_wconf 90' lang='lat' dir='ltr'><strong>sit.</strong></span> <span class='ocrx_word' id='word_1_11' title='bbox 757 519 889 574; x_wconf 85' lang='lat' dir='ltr'><strong>Nam</strong></span> <span class='ocrx_word' id='word_1_12' title='bbox 919 535 1041 575; x_wconf 86' lang='lat' dir='ltr'><strong>cum</strong></span> <span class='ocrx_word' id='word_1_13' title='bbox 1065 519 1158 575; x_wconf 89' lang='lat' dir='ltr'><strong>ille</strong></span> <span class='ocrx_word' id='word_1_14' title='bbox 1180 518 1359 574; x_wconf 86' lang='lat' dir='ltr'><strong>IIeber</strong></span> <span class='ocrx_word' id='word_1_15' title='bbox 1388 526 1703 582; x_wconf 82' lang='lat' dir='ltr'><strong>vocaretur,</strong></span> <span class='ocrx_word' id='word_1_16' title='bbox 1736 517 1852 571; x_wconf 78' lang='lat' dir='ltr'><strong>ba-c</strong></span> <span class='ocrx_word' id='word_1_17' title='bbox 1882 516 1989 570; x_wconf 91' lang='lat' dir='ltr'><strong>Ile-</strong></span> 
     </span>
    </p>
   </div>
   <div class='ocr_carea' id='block_1_4' title="bbox 397 606 1987 681">
    <p class='ocr_par' dir='ltr' id='par_1_4' title="bbox 397 606 1987 681">
     <span class='ocr_line' id='line_1_4' title="bbox 397 606 1987 681; baseline -0.006 -13"><span class='ocrx_word' id='word_1_18' title='bbox 397 613 581 668; x_wconf 88' lang='lat' dir='ltr'><strong>braica</strong></span> <span class='ocrx_word' id='word_1_19' title='bbox 610 610 874 681; x_wconf 88' lang='lat' dir='ltr'><strong>appellata</strong></span> <span class='ocrx_word' id='word_1_20' title='bbox 898 619 981 664; x_wconf 90' lang='lat' dir='ltr'><strong>est</strong></span> <span class='ocrx_word' id='word_1_21' title='bbox 1006 608 1083 679; x_wconf 92' lang='lat' dir='ltr'><strong>(a)</strong></span> <span class='ocrx_word' id='word_1_22' title='bbox 1117 608 1301 678; x_wconf 87' lang='lat' dir='ltr'><strong>:quod</strong></span> <span class='ocrx_word' id='word_1_23' title='bbox 1340 608 1548 678; x_wconf 86' lang='lat' dir='ltr'><strong>signum</strong></span> <span class='ocrx_word' id='word_1_24' title='bbox 1583 616 1665 662; x_wconf 89' lang='lat' dir='ltr'><strong>est</strong></span> <span class='ocrx_word' id='word_1_25' title='bbox 1699 606 1987 661; x_wconf 89' lang='lat' dir='ltr'><strong>maximum</strong></span> 
     </span>
    </p>
   </div>
   <div class='ocr_carea' id='block_1_5' title="bbox 399 697 1989 769">
    <p class='ocr_par' dir='ltr' id='par_1_5' title="bbox 399 697 1989 769">
     <span class='ocr_line' id='line_1_5' title="bbox 399 697 1989 769; baseline -0.006 -11"><span class='ocrx_word' id='word_1_26' title='bbox 399 702 720 758; x_wconf 82' lang='lat' dir='ltr'><strong>Hebraicam</strong></span> <span class='ocrx_word' id='word_1_27' title='bbox 762 715 885 755; x_wconf 85' lang='lat' dir='ltr'><strong>esse</strong></span> <span class='ocrx_word' id='word_1_28' title='bbox 923 700 1160 754; x_wconf 90' lang='lat' dir='ltr'><strong>omnium</strong></span> <span class='ocrx_word' id='word_1_29' title='bbox 1209 699 1506 769; x_wconf 76' lang='lat' dir='ltr'><strong>linguarum</strong></span> <span class='ocrx_word' id='word_1_30' title='bbox 1544 697 1989 767; x_wconf 91' lang='lat' dir='ltr'><strong>antiquissimam.</strong></span> 
     </span>
    </p>
   </div>
   <div class='ocr_carea' id='block_1_6' title="bbox 402 789 1992 862">
    <p class='ocr_par' dir='ltr' id='par_1_6' title="bbox 402 789 1992 862">
     <span class='ocr_line' id='line_1_6' title="bbox 402 789 1992 862; baseline -0.004 -14"><span class='ocrx_word' id='word_1_31' title='bbox 402 795 698 862; x_wconf 79' lang='lat' dir='ltr'><strong>Antequam</strong></span> <span class='ocrx_word' id='word_1_32' title='bbox 730 792 872 846; x_wconf 91' lang='lat' dir='ltr'><strong>enim</strong></span> <span class='ocrx_word' id='word_1_33' title='bbox 912 789 1370 846; x_wconf 90' lang='lat' dir='ltr'><strong>confunderentur</strong></span> <span class='ocrx_word' id='word_1_34' title='bbox 1398 789 1592 860; x_wconf 65' lang='lat' dir='ltr'><strong>lingua</strong></span> <span class='ocrx_word' id='word_1_35' title='bbox 1616 830 1631 853; x_wconf 87' lang='lat'><strong>,</strong></span> <span class='ocrx_word' id='word_1_36' title='bbox 1660 789 1760 844; x_wconf 90' lang='lat' dir='ltr'><strong>hac</strong></span> <span class='ocrx_word' id='word_1_37' title='bbox 1803 801 1992 843; x_wconf 91' lang='lat' dir='ltr'><strong>omnes</strong></span> 
     </span>
    </p>
   </div>
   <div class='ocr_carea' id='block_1_7' title="bbox 400 879 1990 949">
    <p class='ocr_par' dir='ltr' id='par_1_7' title="bbox 400 879 1990 949">
     <span class='ocr_line' id='line_1_7' title="bbox 400 879 1990 949; baseline -0.004 -9"><span class='ocrx_word' id='word_1_38' title='bbox 400 886 704 940; x_wconf 84' lang='lat' dir='ltr'><strong>utebantur.</strong></span> <span class='ocrx_word' id='word_1_39' title='bbox 726 884 818 937; x_wconf 85' lang='lat' dir='ltr'><strong>Est</strong></span> <span class='ocrx_word' id='word_1_40' title='bbox 856 890 1038 937; x_wconf 89' lang='lat' dir='ltr'><strong>autem</strong></span> <span class='ocrx_word' id='word_1_41' title='bbox 1065 881 1152 935; x_wconf 89' lang='lat' dir='ltr'><strong>hic</strong></span> <span class='ocrx_word' id='word_1_42' title='bbox 1174 880 1351 935; x_wconf 87' lang='lat' dir='ltr'><strong>Heber</strong></span> <span class='ocrx_word' id='word_1_43' title='bbox 1393 881 1533 935; x_wconf 88' lang='lat' dir='ltr'><strong>inter</strong></span> <span class='ocrx_word' id='word_1_44' title='bbox 1554 880 1786 949; x_wconf 80' lang='lat' dir='ltr'><strong>majores</strong></span> <span class='ocrx_word' id='word_1_45' title='bbox 1816 879 1990 935; x_wconf 87' lang='lat' dir='ltr'><strong>Abra-</strong></span> 
     </span>
    </p>
   </div>
   <div class='ocr_carea' id='block_1_8' title="bbox 401 968 1993 1041">
    <p class='ocr_par' dir='ltr' id='par_1_8' title="bbox 401 968 1993 1041">
     <span class='ocr_line' id='line_1_8' title="bbox 401 968 1993 1041; baseline -0.006 -10"><span class='ocrx_word' id='word_1_46' title='bbox 401 974 507 1031; x_wconf 73' lang='lat' dir='ltr'><strong>hze.</strong></span> <span class='ocrx_word' id='word_1_47' title='bbox 528 973 761 1029; x_wconf 87' lang='lat' dir='ltr'><strong>Assumit</strong></span> <span class='ocrx_word' id='word_1_48' title='bbox 782 972 957 1028; x_wconf 86' lang='lat' dir='ltr'><strong>Thara</strong></span> <span class='ocrx_word' id='word_1_49' title='bbox 985 981 1134 1041; x_wconf 91' lang='lat' dir='ltr'><strong>pater</strong></span> <span class='ocrx_word' id='word_1_50' title='bbox 1159 970 1410 1037; x_wconf 68' lang='lat' dir='ltr'><strong>Abrahaa,</strong></span> <span class='ocrx_word' id='word_1_51' title='bbox 1431 970 1568 1024; x_wconf 92' lang='lat' dir='ltr'><strong>ﬁlios</strong></span> <span class='ocrx_word' id='word_1_52' title='bbox 1584 984 1709 1024; x_wconf 92' lang='lat' dir='ltr'><strong>suos</strong></span> <span class='ocrx_word' id='word_1_53' title='bbox 1725 968 1993 1024; x_wconf 82' lang='lat' dir='ltr'><strong>Abraham</strong></span> 
     </span>
    </p>
   </div>
   <div class='ocr_carea' id='block_1_9' title="bbox 401 1058 1993 1135">
    <p class='ocr_par' dir='ltr' id='par_1_9' title="bbox 401 1058 1993 1135">
     <span class='ocr_line' id='line_1_9' title="bbox 401 1058 1993 1135; baseline -0.004 -15"><span class='ocrx_word' id='word_1_54' title='bbox 401 1074 457 1120; x_wconf 90' lang='lat' dir='ltr'><strong>et</strong></span> <span class='ocrx_word' id='word_1_55' title='bbox 482 1065 692 1120; x_wconf 84' lang='lat' dir='ltr'><strong>Nachor</strong></span> <span class='ocrx_word' id='word_1_56' title='bbox 717 1058 868 1135; x_wconf 72' lang='lat' dir='ltr'><strong>(b),et</strong></span> <span class='ocrx_word' id='word_1_57' title='bbox 891 1071 1138 1132; x_wconf 86' lang='lat' dir='ltr'><strong>nepotem</strong></span> <span class='ocrx_word' id='word_1_58' title='bbox 1170 1077 1324 1116; x_wconf 89' lang='lat' dir='ltr'><strong>suum</strong></span> <span class='ocrx_word' id='word_1_59' title='bbox 1345 1060 1465 1128; x_wconf 88' lang='lat' dir='ltr'><strong>Lot,</strong></span> <span class='ocrx_word' id='word_1_60' title='bbox 1491 1070 1545 1116; x_wconf 90' lang='lat' dir='ltr'><strong>et</strong></span> <span class='ocrx_word' id='word_1_61' title='bbox 1566 1060 1711 1115; x_wconf 83' lang='lat' dir='ltr'><strong>venit</strong></span> <span class='ocrx_word' id='word_1_62' title='bbox 1734 1061 1787 1114; x_wconf 92' lang='lat' dir='ltr'><strong>in</strong></span> <span class='ocrx_word' id='word_1_63' title='bbox 1822 1058 1993 1114; x_wconf 83' lang='lat' dir='ltr'><strong>Char-</strong></span> 
     </span>
    </p>
   </div>
   <div class='ocr_carea' id='block_1_10' title="bbox 405 1151 1994 1235">
    <p class='ocr_par' dir='ltr' id='par_1_10' title="bbox 405 1151 1994 1235">
     <span class='ocr_line' id='line_1_10' title="bbox 405 1151 1994 1235; baseline -0.003 -24"><span class='ocrx_word' id='word_1_64' title='bbox 405 1173 501 1235; x_wconf 42' lang='lat' dir='ltr'><strong>nan</strong></span> <span class='ocrx_word' id='word_1_65' title='bbox 523 1198 539 1222; x_wconf 92' lang='lat'><strong>,</strong></span> <span class='ocrx_word' id='word_1_66' title='bbox 574 1157 627 1210; x_wconf 89' lang='lat' dir='ltr'><strong>in</strong></span> <span class='ocrx_word' id='word_1_67' title='bbox 667 1156 847 1209; x_wconf 88' lang='lat' dir='ltr'><strong>animo</strong></span> <span class='ocrx_word' id='word_1_68' title='bbox 872 1154 1075 1209; x_wconf 90' lang='lat' dir='ltr'><strong>habens</strong></span> <span class='ocrx_word' id='word_1_69' title='bbox 1105 1153 1229 1209; x_wconf 91' lang='lat' dir='ltr'><strong>inde</strong></span> <span class='ocrx_word' id='word_1_70' title='bbox 1252 1153 1514 1223; x_wconf 91' lang='lat' dir='ltr'><strong>proﬁcisci</strong></span> <span class='ocrx_word' id='word_1_71' title='bbox 1545 1154 1597 1207; x_wconf 88' lang='lat' dir='ltr'><strong>in</strong></span> <span class='ocrx_word' id='word_1_72' title='bbox 1630 1160 1825 1207; x_wconf 88' lang='lat' dir='ltr'><strong>terram</strong></span> <span class='ocrx_word' id='word_1_73' title='bbox 1852 1151 1994 1206; x_wconf 87' lang='lat' dir='ltr'><strong>Cha-</strong></span> 
     </span>
    </p>
   </div>
   <div class='ocr_carea' id='block_1_11' title="bbox 404 1242 1994 1314">
    <p class='ocr_par' dir='ltr' id='par_1_11' title="bbox 404 1242 1994 1314">
     <span class='ocr_line' id='line_1_11' title="bbox 404 1242 1994 1314; baseline -0.004 -12"><span class='ocrx_word' id='word_1_74' title='bbox 404 1262 734 1302; x_wconf 70' lang='lat' dir='ltr'><strong>nanzeorum.</strong></span> <span class='ocrx_word' id='word_1_75' title='bbox 786 1244 987 1314; x_wconf 90' lang='lat' dir='ltr'><strong>Illoque</strong></span> <span class='ocrx_word' id='word_1_76' title='bbox 1027 1253 1238 1300; x_wconf 88' lang='lat' dir='ltr'><strong>mortuo</strong></span> <span class='ocrx_word' id='word_1_77' title='bbox 1285 1244 1338 1298; x_wconf 90' lang='lat' dir='ltr'><strong>in</strong></span> <span class='ocrx_word' id='word_1_78' title='bbox 1388 1244 1661 1308; x_wconf 82' lang='lat' dir='ltr'><strong>Gharran,</strong></span> <span class='ocrx_word' id='word_1_79' title='bbox 1707 1242 1922 1312; x_wconf 87' lang='lat' dir='ltr'><strong>jnbetur</strong></span> <span class='ocrx_word' id='word_1_80' title='bbox 1963 1257 1994 1297; x_wconf 88' lang='lat' dir='ltr'><strong>a</strong></span> 
     </span>
    </p>
   </div>
   <div class='ocr_carea' id='block_1_12' title="bbox 412 1334 1993 1405">
    <p class='ocr_par' dir='ltr' id='par_1_12' title="bbox 412 1334 1993 1405">
     <span class='ocr_line' id='line_1_12' title="bbox 412 1334 1993 1405; baseline -0.003 -14"><span class='ocrx_word' id='word_1_81' title='bbox 412 1338 520 1392; x_wconf 90' lang='lat' dir='ltr'><strong>Deo</strong></span> <span class='ocrx_word' id='word_1_82' title='bbox 550 1335 819 1391; x_wconf 83' lang='lat' dir='ltr'><strong>Abraham</strong></span> <span class='ocrx_word' id='word_1_83' title='bbox 852 1336 1231 1405; x_wconf 82' lang='lat' dir='ltr'><strong>transmigrare</strong></span> <span class='ocrx_word' id='word_1_84' title='bbox 1276 1351 1339 1389; x_wconf 87' lang='lat' dir='ltr'><strong>ex</strong></span> <span class='ocrx_word' id='word_1_85' title='bbox 1379 1334 1641 1401; x_wconf 88' lang='lat' dir='ltr'><strong>Charran,</strong></span> <span class='ocrx_word' id='word_1_86' title='bbox 1671 1343 1725 1390; x_wconf 88' lang='lat' dir='ltr'><strong>et</strong></span> <span class='ocrx_word' id='word_1_87' title='bbox 1748 1335 1895 1391; x_wconf 85' lang='lat' dir='ltr'><strong>venit</strong></span> <span class='ocrx_word' id='word_1_88' title='bbox 1938 1334 1993 1388; x_wconf 94' lang='lat' dir='ltr'><strong>in</strong></span> 
     </span>
    </p>
   </div>
   <div class='ocr_carea' id='block_1_13' title="bbox 406 1424 1993 1499">
    <p class='ocr_par' dir='ltr' id='par_1_13' title="bbox 406 1424 1993 1499">
     <span class='ocr_line' id='line_1_13' title="bbox 406 1424 1993 1499; baseline -0.003 -16"><span class='ocrx_word' id='word_1_89' title='bbox 406 1427 635 1499; x_wconf 86' lang='lat' dir='ltr'><strong>Sychctn</strong></span> <span class='ocrx_word' id='word_1_90' title='bbox 660 1428 712 1481; x_wconf 92' lang='lat' dir='ltr'><strong>in</strong></span> <span class='ocrx_word' id='word_1_91' title='bbox 743 1436 882 1480; x_wconf 87' lang='lat' dir='ltr'><strong>terra</strong></span> <span class='ocrx_word' id='word_1_92' title='bbox 924 1426 1196 1480; x_wconf 81' lang='lat' dir='ltr'><strong>Chanaan.</strong></span> <span class='ocrx_word' id='word_1_93' title='bbox 1233 1425 1299 1479; x_wconf 87' lang='lat' dir='ltr'><strong>Et</strong></span> <span class='ocrx_word' id='word_1_94' title='bbox 1326 1424 1459 1480; x_wconf 81' lang='lat' dir='ltr'><strong>dixit</strong></span> <span class='ocrx_word' id='word_1_95' title='bbox 1498 1425 1550 1480; x_wconf 90' lang='lat' dir='ltr'><strong>ei</strong></span> <span class='ocrx_word' id='word_1_96' title='bbox 1596 1425 1755 1489; x_wconf 84' lang='lat' dir='ltr'><strong>Deus,</strong></span> <span class='ocrx_word' id='word_1_97' title='bbox 1803 1424 1993 1478; x_wconf 87' lang='lat' dir='ltr'><strong>semini</strong></span> 
     </span>
    </p>
   </div>
   <div class='ocr_carea' id='block_1_14' title="bbox 410 1515 1996 1588">
    <p class='ocr_par' dir='ltr' id='par_1_14' title="bbox 410 1515 1996 1588">
     <span class='ocr_line' id='line_1_14' title="bbox 410 1515 1996 1588; baseline -0.003 -14"><span class='ocrx_word' id='word_1_98' title='bbox 410 1520 530 1588; x_wconf 83' lang='lat' dir='ltr'><strong>ejus</strong></span> <span class='ocrx_word' id='word_1_99' title='bbox 558 1534 617 1573; x_wconf 89' lang='lat' dir='ltr'><strong>sc</strong></span> <span class='ocrx_word' id='word_1_100' title='bbox 641 1517 887 1572; x_wconf 89' lang='lat' dir='ltr'><strong>daturum</strong></span> <span class='ocrx_word' id='word_1_101' title='bbox 916 1525 1113 1571; x_wconf 87' lang='lat' dir='ltr'><strong>terram</strong></span> <span class='ocrx_word' id='word_1_102' title='bbox 1140 1518 1301 1570; x_wconf 89' lang='lat' dir='ltr'><strong>illam.</strong></span> <span class='ocrx_word' id='word_1_103' title='bbox 1332 1516 1400 1571; x_wconf 83' lang='lat' dir='ltr'><strong>Et</strong></span> <span class='ocrx_word' id='word_1_104' title='bbox 1423 1516 1703 1570; x_wconf 82' lang='lat' dir='ltr'><strong>aediﬁcavit</strong></span> <span class='ocrx_word' id='word_1_105' title='bbox 1730 1515 1996 1570; x_wconf 83' lang='lat' dir='ltr'><strong>Abraham</strong></span> 
     </span>
    </p>
   </div>
   <div class='ocr_carea' id='block_1_15' title="bbox 411 1606 1995 1671">
    <p class='ocr_par' dir='ltr' id='par_1_15' title="bbox 411 1606 1995 1671">
     <span class='ocr_line' id='line_1_15' title="bbox 411 1606 1995 1671; baseline -0.003 -8"><span class='ocrx_word' id='word_1_106' title='bbox 411 1611 580 1663; x_wconf 87' lang='lat' dir='ltr'><strong>altare</strong></span> <span class='ocrx_word' id='word_1_107' title='bbox 612 1610 742 1671; x_wconf 89' lang='lat' dir='ltr'><strong>Deo,</strong></span> <span class='ocrx_word' id='word_1_108' title='bbox 772 1619 824 1661; x_wconf 91' lang='lat' dir='ltr'><strong>et</strong></span> <span class='ocrx_word' id='word_1_109' title='bbox 854 1606 970 1661; x_wconf 87' lang='lat' dir='ltr'><strong>ﬁxit</strong></span> <span class='ocrx_word' id='word_1_110' title='bbox 995 1608 1392 1662; x_wconf 90' lang='lat' dir='ltr'><strong>tabernaculum</strong></span> <span class='ocrx_word' id='word_1_111' title='bbox 1419 1621 1572 1661; x_wconf 88' lang='lat' dir='ltr'><strong>suum</strong></span> <span class='ocrx_word' id='word_1_112' title='bbox 1601 1620 1790 1662; x_wconf 90' lang='lat' dir='ltr'><strong>versus</strong></span> <span class='ocrx_word' id='word_1_113' title='bbox 1826 1621 1995 1661; x_wconf 88' lang='lat' dir='ltr'><strong>mare.</strong></span> 
     </span>
    </p>
   </div>
   <div class='ocr_carea' id='block_1_16' title="bbox 411 1696 1998 1769">
    <p class='ocr_par' dir='ltr' id='par_1_16' title="bbox 411 1696 1998 1769">
     <span class='ocr_line' id='line_1_16' title="bbox 411 1696 1998 1769; baseline 0.001 -15"><span class='ocrx_word' id='word_1_114' title='bbox 411 1700 544 1755; x_wconf 91' lang='lat' dir='ltr'><strong>Cum</strong></span> <span class='ocrx_word' id='word_1_115' title='bbox 581 1698 750 1753; x_wconf 86' lang='lat' dir='ltr'><strong>fames</strong></span> <span class='ocrx_word' id='word_1_116' title='bbox 796 1708 973 1752; x_wconf 87' lang='lat' dir='ltr'><strong>autem</strong></span> <span class='ocrx_word' id='word_1_117' title='bbox 1018 1706 1181 1764; x_wconf 87' lang='lat' dir='ltr'><strong>esset,</strong></span> <span class='ocrx_word' id='word_1_118' title='bbox 1233 1696 1564 1752; x_wconf 88' lang='lat' dir='ltr'><strong>descendens</strong></span> <span class='ocrx_word' id='word_1_119' title='bbox 1610 1698 1661 1752; x_wconf 92' lang='lat' dir='ltr'><strong>in</strong></span> <span class='ocrx_word' id='word_1_120' title='bbox 1710 1697 1998 1769; x_wconf 64' lang='lat' dir='ltr'><strong>Egyptum</strong></span> 
     </span>
    </p>
   </div>
   <div class='ocr_carea' id='block_1_17' title="bbox 411 1789 1998 1861">
    <p class='ocr_par' dir='ltr' id='par_1_17' title="bbox 411 1789 1998 1861">
     <span class='ocr_line' id='line_1_17' title="bbox 411 1789 1998 1861; baseline -0.001 -17"><span class='ocrx_word' id='word_1_121' title='bbox 411 1791 667 1861; x_wconf 72' lang='lat' dir='ltr'><strong>przecepit</strong></span> <span class='ocrx_word' id='word_1_122' title='bbox 695 1806 760 1844; x_wconf 92' lang='lat' dir='ltr'><strong>ux</strong></span> <span class='ocrx_word' id='word_1_123' title='bbox 776 1789 845 1844; x_wconf 80' lang='lat' dir='ltr'><strong>)ri</strong></span> <span class='ocrx_word' id='word_1_124' title='bbox 886 1798 1083 1859; x_wconf 71' lang='lat' dir='ltr'><strong>sur,ut</strong></span> <span class='ocrx_word' id='word_1_125' title='bbox 1111 1789 1312 1844; x_wconf 85' lang='lat' dir='ltr'><strong>diceret</strong></span> <span class='ocrx_word' id='word_1_126' title='bbox 1349 1806 1409 1844; x_wconf 89' lang='lat' dir='ltr'><strong>se</strong></span> <span class='ocrx_word' id='word_1_127' title='bbox 1446 1805 1683 1845; x_wconf 86' lang='lat' dir='ltr'><strong>sororem</strong></span> <span class='ocrx_word' id='word_1_128' title='bbox 1711 1791 1827 1860; x_wconf 88' lang='lat' dir='ltr'><strong>ejus</strong></span> <span class='ocrx_word' id='word_1_129' title='bbox 1859 1806 1998 1845; x_wconf 91' lang='lat' dir='ltr'><strong>esse.</strong></span> 
     </span>
    </p>
   </div>
   <div class='ocr_carea' id='block_1_18' title="bbox 413 1882 2000 1952">
    <p class='ocr_par' dir='ltr' id='par_1_18' title="bbox 413 1882 2000 1952">
     <span class='ocr_line' id='line_1_18' title="bbox 413 1882 2000 1952; baseline -0.001 -12"><span class='ocrx_word' id='word_1_130' title='bbox 413 1882 545 1941; x_wconf 91' lang='lat' dir='ltr'><strong>Cum</strong></span> <span class='ocrx_word' id='word_1_131' title='bbox 594 1898 755 1952; x_wconf 90' lang='lat' dir='ltr'><strong>porro</strong></span> <span class='ocrx_word' id='word_1_132' title='bbox 793 1882 1099 1937; x_wconf 86' lang='lat' dir='ltr'><strong>sustulisset</strong></span> <span class='ocrx_word' id='word_1_133' title='bbox 1129 1898 1246 1936; x_wconf 87' lang='lat' dir='ltr'><strong>eam</strong></span> <span class='ocrx_word' id='word_1_134' title='bbox 1277 1883 1503 1946; x_wconf 88' lang='lat' dir='ltr'><strong>Pharao,</strong></span> <span class='ocrx_word' id='word_1_135' title='bbox 1533 1893 1588 1938; x_wconf 87' lang='lat' dir='ltr'><strong>et</strong></span> <span class='ocrx_word' id='word_1_136' title='bbox 1620 1883 1712 1938; x_wconf 90' lang='lat' dir='ltr'><strong>Dei</strong></span> <span class='ocrx_word' id='word_1_137' title='bbox 1745 1885 2000 1939; x_wconf 88' lang='lat' dir='ltr'><strong>ultionem</strong></span> 
     </span>
    </p>
   </div>
   <div class='ocr_carea' id='block_1_19' title="bbox 412 1974 2003 2045">
    <p class='ocr_par' dir='ltr' id='par_1_19' title="bbox 412 1974 2003 2045">
     <span class='ocr_line' id='line_1_19' title="bbox 412 1974 2003 2045; baseline 0.001 -16"><span class='ocrx_word' id='word_1_138' title='bbox 412 1983 666 2045; x_wconf 87' lang='lat' dir='ltr'><strong>expertus</strong></span> <span class='ocrx_word' id='word_1_139' title='bbox 703 1984 866 2038; x_wconf 88' lang='lat' dir='ltr'><strong>esset,</strong></span> <span class='ocrx_word' id='word_1_140' title='bbox 898 1974 1129 2028; x_wconf 86' lang='lat' dir='ltr'><strong>reddidit</strong></span> <span class='ocrx_word' id='word_1_141' title='bbox 1171 1974 1315 2027; x_wconf 80' lang='lat' dir='ltr'><strong>illam</strong></span> <span class='ocrx_word' id='word_1_142' title='bbox 1356 1974 1605 2028; x_wconf 62' lang='lat' dir='ltr'><strong>Abrahae.</strong></span> <span class='ocrx_word' id='word_1_143' title='bbox 1651 1974 2003 2044; x_wconf 78' lang='lat' dir='ltr'><strong>Litigantibus</strong></span> 
     </span>
    </p>
   </div>
   <div class='ocr_carea' id='block_1_20' title="bbox 413 2066 2006 2136">
    <p class='ocr_par' dir='ltr' id='par_1_20' title="bbox 413 2066 2006 2136">
     <span class='ocr_line' id='line_1_20' title="bbox 413 2066 2006 2136; baseline 0 -14"><span class='ocrx_word' id='word_1_144' title='bbox 413 2068 641 2122; x_wconf 80' lang='lat' dir='ltr'><strong>invicem</strong></span> <span class='ocrx_word' id='word_1_145' title='bbox 686 2066 989 2136; x_wconf 88' lang='lat' dir='ltr'><strong>pastoribus</strong></span> <span class='ocrx_word' id='word_1_146' title='bbox 1031 2066 1260 2120; x_wconf 69' lang='lat' dir='ltr'><strong>Abrahae</strong></span> <span class='ocrx_word' id='word_1_147' title='bbox 1286 2075 1340 2120; x_wconf 91' lang='lat' dir='ltr'><strong>et</strong></span> <span class='ocrx_word' id='word_1_148' title='bbox 1367 2066 1483 2120; x_wconf 82' lang='lat' dir='ltr'><strong>Loti</strong></span> <span class='ocrx_word' id='word_1_149' title='bbox 1507 2107 1520 2133; x_wconf 90' lang='lat'><strong>,</strong></span> <span class='ocrx_word' id='word_1_150' title='bbox 1553 2066 1651 2136; x_wconf 88' lang='lat' dir='ltr'><strong>ipsi</strong></span> <span class='ocrx_word' id='word_1_151' title='bbox 1680 2067 2006 2122; x_wconf 86' lang='lat' dir='ltr'><strong>habitatione</strong></span> 
     </span>
    </p>
   </div>
   <div class='ocr_carea' id='block_1_21' title="bbox 413 2156 2003 2228">
    <p class='ocr_par' dir='ltr' id='par_1_21' title="bbox 413 2156 2003 2228">
     <span class='ocr_line' id='line_1_21' title="bbox 413 2156 2003 2228; baseline -0.001 -16"><span class='ocrx_word' id='word_1_152' title='bbox 413 2158 644 2228; x_wconf 84' lang='lat' dir='ltr'><strong>separati</strong></span> <span class='ocrx_word' id='word_1_153' title='bbox 702 2166 845 2211; x_wconf 93' lang='lat' dir='ltr'><strong>sunt.</strong></span> <span class='ocrx_word' id='word_1_154' title='bbox 899 2156 999 2210; x_wconf 90' lang='lat' dir='ltr'><strong>Lot</strong></span> <span class='ocrx_word' id='word_1_155' title='bbox 1049 2157 1254 2225; x_wconf 88' lang='lat' dir='ltr'><strong>accepit</strong></span> <span class='ocrx_word' id='word_1_156' title='bbox 1306 2156 1698 2211; x_wconf 80' lang='lat' dir='ltr'><strong>Sudomitarum</strong></span> <span class='ocrx_word' id='word_1_157' title='bbox 1760 2166 2003 2212; x_wconf 91' lang='lat' dir='ltr'><strong>terram:</strong></span> 
     </span>
    </p>
   </div>
   <div class='ocr_carea' id='block_1_22' title="bbox 416 2247 2006 2319">
    <p class='ocr_par' dir='ltr' id='par_1_22' title="bbox 416 2247 2006 2319">
     <span class='ocr_line' id='line_1_22' title="bbox 416 2247 2006 2319; baseline -0.001 -14"><span class='ocrx_word' id='word_1_158' title='bbox 416 2249 687 2305; x_wconf 79' lang='lat' dir='ltr'><strong>Abraham</strong></span> <span class='ocrx_word' id='word_1_159' title='bbox 719 2264 846 2305; x_wconf 87' lang='lat' dir='ltr'><strong>vero</strong></span> <span class='ocrx_word' id='word_1_160' title='bbox 873 2247 941 2303; x_wconf 87' lang='lat' dir='ltr'><strong>ad</strong></span> <span class='ocrx_word' id='word_1_161' title='bbox 974 2262 1230 2317; x_wconf 88' lang='lat' dir='ltr'><strong>quercum</strong></span> <span class='ocrx_word' id='word_1_162' title='bbox 1274 2248 1510 2303; x_wconf 85' lang='lat' dir='ltr'><strong>Mambre</strong></span> <span class='ocrx_word' id='word_1_163' title='bbox 1540 2249 1830 2315; x_wconf 80' lang='lat' dir='ltr'><strong>habitavit,</strong></span> <span class='ocrx_word' id='word_1_164' title='bbox 1878 2264 2006 2319; x_wconf 88' lang='lat' dir='ltr'><strong>pro-</strong></span> 
     </span>
    </p>
   </div>
   <div class='ocr_carea' id='block_1_23' title="bbox 418 2339 2009 2410">
    <p class='ocr_par' dir='ltr' id='par_1_23' title="bbox 418 2339 2009 2410">
     <span class='ocr_line' id='line_1_23' title="bbox 418 2339 2009 2410; baseline 0.003 -17"><span class='ocrx_word' id='word_1_165' title='bbox 418 2340 809 2409; x_wconf 86' lang='lat' dir='ltr'><strong>missionesque</strong></span> <span class='ocrx_word' id='word_1_166' title='bbox 829 2353 1043 2393; x_wconf 89' lang='lat' dir='ltr'><strong>rursum</strong></span> <span class='ocrx_word' id='word_1_167' title='bbox 1068 2353 1098 2392; x_wconf 91' lang='lat' dir='ltr'><strong>a</strong></span> <span class='ocrx_word' id='word_1_168' title='bbox 1131 2339 1238 2393; x_wconf 89' lang='lat' dir='ltr'><strong>Deo</strong></span> <span class='ocrx_word' id='word_1_169' title='bbox 1261 2340 1488 2409; x_wconf 87' lang='lat' dir='ltr'><strong>accepit,</strong></span> <span class='ocrx_word' id='word_1_170' title='bbox 1516 2340 1631 2410; x_wconf 86' lang='lat' dir='ltr'><strong>ejus</strong></span> <span class='ocrx_word' id='word_1_171' title='bbox 1657 2356 1840 2397; x_wconf 90' lang='lat' dir='ltr'><strong>semen</strong></span> <span class='ocrx_word' id='word_1_172' title='bbox 1869 2341 2009 2397; x_wconf 59' lang='lat' dir='ltr'><strong>mul—</strong></span> 
     </span>
    </p>
   </div>
   <div class='ocr_carea' id='block_1_24' title="bbox 418 2429 2006 2502">
    <p class='ocr_par' dir='ltr' id='par_1_24' title="bbox 418 2429 2006 2502">
     <span class='ocr_line' id='line_1_24' title="bbox 418 2429 2006 2502; baseline 0.003 -18"><span class='ocrx_word' id='word_1_173' title='bbox 418 2430 641 2485; x_wconf 89' lang='lat' dir='ltr'><strong>titudine</strong></span> <span class='ocrx_word' id='word_1_174' title='bbox 668 2429 1065 2500; x_wconf 88' lang='lat' dir='ltr'><strong>propagandum</strong></span> <span class='ocrx_word' id='word_1_175' title='bbox 1092 2445 1234 2494; x_wconf 88' lang='lat' dir='ltr'><strong>esse,</strong></span> <span class='ocrx_word' id='word_1_176' title='bbox 1272 2439 1326 2484; x_wconf 89' lang='lat' dir='ltr'><strong>et</strong></span> <span class='ocrx_word' id='word_1_177' title='bbox 1353 2430 1495 2484; x_wconf 90' lang='lat' dir='ltr'><strong>illam</strong></span> <span class='ocrx_word' id='word_1_178' title='bbox 1542 2440 1738 2485; x_wconf 87' lang='lat' dir='ltr'><strong>terram</strong></span> <span class='ocrx_word' id='word_1_179' title='bbox 1790 2447 2006 2502; x_wconf 88' lang='lat' dir='ltr'><strong>posses-</strong></span> 
     </span>
    </p>
   </div>
   <div class='ocr_carea' id='block_1_25' title="bbox 416 2521 2011 2593">
    <p class='ocr_par' dir='ltr' id='par_1_25' title="bbox 416 2521 2011 2593">
     <span class='ocr_line' id='line_1_25' title="bbox 416 2521 2011 2593; baseline 0.001 -16"><span class='ocrx_word' id='word_1_180' title='bbox 416 2536 623 2577; x_wconf 86' lang='lat' dir='ltr'><strong>surum.</strong></span> <span class='ocrx_word' id='word_1_181' title='bbox 652 2521 1118 2591; x_wconf 81' lang='lat' dir='ltr'><strong>Chodollagomor,</strong></span> <span class='ocrx_word' id='word_1_182' title='bbox 1147 2522 1269 2591; x_wconf 91' lang='lat' dir='ltr'><strong>quia</strong></span> <span class='ocrx_word' id='word_1_183' title='bbox 1290 2521 1358 2576; x_wconf 92' lang='lat' dir='ltr'><strong>ab</strong></span> <span class='ocrx_word' id='word_1_184' title='bbox 1382 2522 1496 2591; x_wconf 89' lang='lat' dir='ltr'><strong>ipso</strong></span> <span class='ocrx_word' id='word_1_185' title='bbox 1521 2521 1831 2578; x_wconf 83' lang='lat' dir='ltr'><strong>defecerant</strong></span> <span class='ocrx_word' id='word_1_186' title='bbox 1853 2524 2011 2593; x_wconf 87' lang='lat' dir='ltr'><strong>quin-</strong></span> 
     </span>
    </p>
   </div>
   <div class='ocr_carea' id='block_1_26' title="bbox 416 2613 2006 2685">
    <p class='ocr_par' dir='ltr' id='par_1_26' title="bbox 416 2613 2006 2685">
     <span class='ocr_line' id='line_1_26' title="bbox 416 2613 2006 2685; baseline 0.003 -18"><span class='ocrx_word' id='word_1_187' title='bbox 416 2628 523 2683; x_wconf 88' lang='lat' dir='ltr'><strong>que</strong></span> <span class='ocrx_word' id='word_1_188' title='bbox 547 2628 699 2683; x_wconf 86' lang='lat' dir='ltr'><strong>reges</strong></span> <span class='ocrx_word' id='word_1_189' title='bbox 722 2613 1065 2668; x_wconf 86' lang='lat' dir='ltr'><strong>Sodomiticae</strong></span> <span class='ocrx_word' id='word_1_190' title='bbox 1087 2622 1265 2680; x_wconf 66' lang='lat' dir='ltr'><strong>terrai,</strong></span> <span class='ocrx_word' id='word_1_191' title='bbox 1284 2616 1372 2684; x_wconf 91' lang='lat' dir='ltr'><strong>qui</strong></span> <span class='ocrx_word' id='word_1_192' title='bbox 1399 2614 1497 2684; x_wconf 92' lang='lat' dir='ltr'><strong>ipsi</strong></span> <span class='ocrx_word' id='word_1_193' title='bbox 1524 2617 1668 2685; x_wconf 90' lang='lat' dir='ltr'><strong>prius</strong></span> <span class='ocrx_word' id='word_1_194' title='bbox 1690 2616 2006 2681; x_wconf 86' lang='lat' dir='ltr'><strong>servierant,</strong></span> 
     </span>
    </p>
   </div>
   <div class='ocr_carea' id='block_1_27' title="bbox 419 2705 2009 2781">
    <p class='ocr_par' dir='ltr' id='par_1_27' title="bbox 419 2705 2009 2781">
     <span class='ocr_line' id='line_1_27' title="bbox 419 2705 2009 2781; baseline 0.005 -24"><span class='ocrx_word' id='word_1_195' title='bbox 419 2705 706 2774; x_wconf 89' lang='lat' dir='ltr'><strong>assumptis</strong></span> <span class='ocrx_word' id='word_1_196' title='bbox 754 2720 933 2759; x_wconf 91' lang='lat' dir='ltr'><strong>secum</strong></span> <span class='ocrx_word' id='word_1_197' title='bbox 985 2705 1154 2760; x_wconf 89' lang='lat' dir='ltr'><strong>tribus</strong></span> <span class='ocrx_word' id='word_1_198' title='bbox 1200 2706 1317 2760; x_wconf 89' lang='lat' dir='ltr'><strong>aliis</strong></span> <span class='ocrx_word' id='word_1_199' title='bbox 1360 2707 1607 2777; x_wconf 78' lang='lat' dir='ltr'><strong>regibus,</strong></span> <span class='ocrx_word' id='word_1_200' title='bbox 1641 2708 1839 2763; x_wconf 90' lang='lat' dir='ltr'><strong>bellum</strong></span> <span class='ocrx_word' id='word_1_201' title='bbox 1879 2709 2009 2781; x_wconf 76' lang='lat' dir='ltr'><strong>ipsis</strong></span> 
     </span>
    </p>
   </div>
   <div class='ocr_carea' id='block_1_28' title="bbox 421 2794 2007 2867">
    <p class='ocr_par' dir='ltr' id='par_1_28' title="bbox 421 2794 2007 2867">
     <span class='ocr_line' id='line_1_28' title="bbox 421 2794 2007 2867; baseline 0.005 -20"><span class='ocrx_word' id='word_1_202' title='bbox 421 2794 619 2860; x_wconf 92' lang='lat' dir='ltr'><strong>intulit,</strong></span> <span class='ocrx_word' id='word_1_203' title='bbox 652 2810 851 2865; x_wconf 90' lang='lat' dir='ltr'><strong>eosque</strong></span> <span class='ocrx_word' id='word_1_204' title='bbox 884 2797 935 2849; x_wconf 89' lang='lat' dir='ltr'><strong>in</strong></span> <span class='ocrx_word' id='word_1_205' title='bbox 967 2795 1142 2866; x_wconf 82' lang='lat' dir='ltr'><strong>fugam</strong></span> <span class='ocrx_word' id='word_1_206' title='bbox 1172 2811 1356 2851; x_wconf 89' lang='lat' dir='ltr'><strong>versos</strong></span> <span class='ocrx_word' id='word_1_207' title='bbox 1396 2798 1635 2867; x_wconf 82' lang='lat' dir='ltr'><strong>captivos</strong></span> <span class='ocrx_word' id='word_1_208' title='bbox 1660 2799 1912 2865; x_wconf 84' lang='lat' dir='ltr'><strong>abduxit;</strong></span> <span class='ocrx_word' id='word_1_209' title='bbox 1954 2800 2007 2855; x_wconf 93' lang='lat' dir='ltr'><strong>in</strong></span> 
     </span>
    </p>
   </div>
   <div class='ocr_carea' id='block_1_29' title="bbox 420 2884 2007 2954">
    <p class='ocr_par' dir='ltr' id='par_1_29' title="bbox 420 2884 2007 2954">
     <span class='ocr_line' id='line_1_29' title="bbox 420 2884 2007 2954; baseline 0.006 -19"><span class='ocrx_word' id='word_1_210' title='bbox 420 2884 613 2954; x_wconf 92' lang='lat' dir='ltr'><strong>quibus</strong></span> <span class='ocrx_word' id='word_1_211' title='bbox 648 2894 764 2938; x_wconf 90' lang='lat' dir='ltr'><strong>eral.</strong></span> <span class='ocrx_word' id='word_1_212' title='bbox 790 2885 947 2939; x_wconf 86' lang='lat' dir='ltr'><strong>etiam</strong></span> <span class='ocrx_word' id='word_1_213' title='bbox 977 2885 1098 2940; x_wconf 86' lang='lat' dir='ltr'><strong>Lot.</strong></span> <span class='ocrx_word' id='word_1_214' title='bbox 1154 2886 1248 2940; x_wconf 88' lang='lat' dir='ltr'><strong>Ilis</strong></span> <span class='ocrx_word' id='word_1_215' title='bbox 1290 2886 1487 2940; x_wconf 88' lang='lat' dir='ltr'><strong>auditis</strong></span> <span class='ocrx_word' id='word_1_216' title='bbox 1528 2889 1832 2952; x_wconf 78' lang='lat' dir='ltr'><strong>Abraham,</strong></span> <span class='ocrx_word' id='word_1_217' title='bbox 1885 2905 2007 2945; x_wconf 93' lang='lat' dir='ltr'><strong>cum</strong></span> 
     </span>
    </p>
   </div>
   <div class='ocr_carea' id='block_1_30' title="bbox 422 2974 2006 3047">
    <p class='ocr_par' dir='ltr' id='par_1_30' title="bbox 422 2974 2006 3047">
     <span class='ocr_line' id='line_1_30' title="bbox 422 2974 2006 3047; baseline 0.006 -23"><span class='ocrx_word' id='word_1_218' title='bbox 422 2974 722 3028; x_wconf 83' lang='lat' dir='ltr'><strong>vernaculis</strong></span> <span class='ocrx_word' id='word_1_219' title='bbox 772 2976 882 3028; x_wconf 92' lang='lat' dir='ltr'><strong>suis</strong></span> <span class='ocrx_word' id='word_1_220' title='bbox 912 2976 1161 3029; x_wconf 86' lang='lat' dir='ltr'><strong>trecentis</strong></span> <span class='ocrx_word' id='word_1_221' title='bbox 1188 2975 1509 3041; x_wconf 89' lang='lat' dir='ltr'><strong>octodecim,</strong></span> <span class='ocrx_word' id='word_1_222' title='bbox 1529 2977 1648 3031; x_wconf 88' lang='lat' dir='ltr'><strong>illos</strong></span> <span class='ocrx_word' id='word_1_223' title='bbox 1673 2977 2006 3047; x_wconf 85' lang='lat' dir='ltr'><strong>insequutus,</strong></span> 
     </span>
    </p>
   </div>
   <div class='ocr_carea' id='block_1_31' title="bbox 421 3063 2010 3135">
    <p class='ocr_par' dir='ltr' id='par_1_31' title="bbox 421 3063 2010 3135">
     <span class='ocr_line' id='line_1_31' title="bbox 421 3063 2010 3135; baseline 0.004 -17"><span class='ocrx_word' id='word_1_224' title='bbox 421 3064 615 3133; x_wconf 88' lang='lat' dir='ltr'><strong>eripuit</strong></span> <span class='ocrx_word' id='word_1_225' title='bbox 641 3063 818 3120; x_wconf 83' lang='lat' dir='ltr'><strong>fratris</strong></span> <span class='ocrx_word' id='word_1_226' title='bbox 867 3065 1032 3120; x_wconf 90' lang='lat' dir='ltr'><strong>ﬁlium</strong></span> <span class='ocrx_word' id='word_1_227' title='bbox 1062 3080 1181 3120; x_wconf 90' lang='lat' dir='ltr'><strong>cum</strong></span> <span class='ocrx_word' id='word_1_228' title='bbox 1221 3067 1459 3135; x_wconf 89' lang='lat' dir='ltr'><strong>equitatu</strong></span> <span class='ocrx_word' id='word_1_229' title='bbox 1485 3075 1539 3120; x_wconf 88' lang='lat' dir='ltr'><strong>et</strong></span> <span class='ocrx_word' id='word_1_230' title='bbox 1582 3068 1925 3135; x_wconf 86' lang='lat' dir='ltr'><strong>mulieribus;</strong></span> <span class='ocrx_word' id='word_1_231' title='bbox 1955 3079 2010 3125; x_wconf 89' lang='lat' dir='ltr'><strong>et</strong></span> 
     </span>
    </p>
   </div>
   <div class='ocr_carea' id='block_1_32' title="bbox 420 3155 2011 3229">
    <p class='ocr_par' dir='ltr' id='par_1_32' title="bbox 420 3155 2011 3229">
     <span class='ocr_line' id='line_1_32' title="bbox 420 3155 2011 3229; baseline 0.004 -21"><span class='ocrx_word' id='word_1_232' title='bbox 420 3155 807 3211; x_wconf 81' lang='lat' dir='ltr'><strong>Melchisedeco</strong></span> <span class='ocrx_word' id='word_1_233' title='bbox 859 3171 919 3211; x_wconf 92' lang='lat' dir='ltr'><strong>se</strong></span> <span class='ocrx_word' id='word_1_234' title='bbox 952 3156 1288 3211; x_wconf 83' lang='lat' dir='ltr'><strong>benedicenti</strong></span> <span class='ocrx_word' id='word_1_235' title='bbox 1330 3167 1383 3211; x_wconf 90' lang='lat' dir='ltr'><strong>et</strong></span> <span class='ocrx_word' id='word_1_236' title='bbox 1418 3157 1662 3213; x_wconf 78' lang='lat' dir='ltr'><strong>alfcrenti</strong></span> <span class='ocrx_word' id='word_1_237' title='bbox 1721 3175 1908 3229; x_wconf 88' lang='lat' dir='ltr'><strong>panem</strong></span> <span class='ocrx_word' id='word_1_238' title='bbox 1957 3170 2011 3215; x_wconf 90' lang='lat' dir='ltr'><strong>et</strong></span> 
     </span>
    </p>
   </div>
   <div class='ocr_carea' id='block_1_33' title="bbox 421 3238 2005 3324">
    <p class='ocr_par' dir='ltr' id='par_1_33' title="bbox 421 3238 2005 3324">
     <span class='ocr_line' id='line_1_33' title="bbox 421 3238 2005 3324; baseline 0.001 -18"><span class='ocrx_word' id='word_1_239' title='bbox 421 3238 638 3318; x_wconf 80' lang='lat' dir='ltr'><strong>vinum,</strong></span> <span class='ocrx_word' id='word_1_240' title='bbox 682 3252 917 3307; x_wconf 87' lang='lat' dir='ltr'><strong>decimas</strong></span> <span class='ocrx_word' id='word_1_241' title='bbox 960 3252 1127 3307; x_wconf 86' lang='lat' dir='ltr'><strong>dedit.</strong></span> <span class='ocrx_word' id='word_1_242' title='bbox 1171 3251 1293 3307; x_wconf 91' lang='lat' dir='ltr'><strong>Ideo</strong></span> <span class='ocrx_word' id='word_1_243' title='bbox 1331 3252 1404 3307; x_wconf 89' lang='lat' dir='ltr'><strong>ait</strong></span> <span class='ocrx_word' id='word_1_244' title='bbox 1468 3252 1662 3307; x_wconf 84' lang='lat' dir='ltr'><strong>Paulus</strong></span> <span class='ocrx_word' id='word_1_245' title='bbox 1694 3252 1763 3324; x_wconf 73' lang='grc' dir='ltr'><strong>(τ)</strong></span> <span class='ocrx_word' id='word_1_246' title='bbox 1803 3255 1854 3307; x_wconf 92' lang='lat' dir='ltr'><strong>in</strong></span> <span class='ocrx_word' id='word_1_247' title='bbox 1893 3254 2005 3323; x_wconf 90' lang='lat' dir='ltr'><strong>epi-</strong></span> 
     </span>
    </p>
   </div>
   <div class='ocr_carea' id='block_1_34' title="bbox 420 3341 2011 3415">
    <p class='ocr_par' dir='ltr' id='par_1_34' title="bbox 420 3341 2011 3415">
     <span class='ocr_line' id='line_1_34' title="bbox 420 3341 2011 3415; baseline 0.001 -18"><span class='ocrx_word' id='word_1_248' title='bbox 420 3343 553 3397; x_wconf 87' lang='lat' dir='ltr'><strong>stola</strong></span> <span class='ocrx_word' id='word_1_249' title='bbox 570 3343 634 3395; x_wconf 90' lang='lat' dir='ltr'><strong>ad</strong></span> <span class='ocrx_word' id='word_1_250' title='bbox 665 3342 925 3398; x_wconf 63' lang='lat' dir='ltr'><strong>Hebraeos</strong></span> <span class='ocrx_word' id='word_1_251' title='bbox 945 3360 956 3396; x_wconf 92' lang='lat'>:</span> <span class='ocrx_word' id='word_1_252' title='bbox 973 3341 1041 3396; x_wconf 82' lang='lat' dir='ltr'><strong>Et</strong></span> <span class='ocrx_word' id='word_1_253' title='bbox 1060 3342 1178 3396; x_wconf 84' lang='lat' dir='ltr'><strong>Levi</strong></span> <span class='ocrx_word' id='word_1_254' title='bbox 1205 3343 1290 3413; x_wconf 83' lang='lat' dir='ltr'><strong>qui</strong></span> <span class='ocrx_word' id='word_1_255' title='bbox 1320 3343 1539 3398; x_wconf 80' lang='lat' dir='ltr'><strong>decimas</strong></span> <span class='ocrx_word' id='word_1_256' title='bbox 1566 3344 1777 3413; x_wconf 83' lang='lat' dir='ltr'><strong>accepit,</strong></span> <span class='ocrx_word' id='word_1_257' title='bbox 1801 3345 2011 3415; x_wconf 42' lang='lat' dir='ltr'><strong>decima:</strong></span> 
     </span>
    </p>
   </div>
   <div class='ocr_carea' id='block_1_35' title="bbox 424 3434 2009 3506">
    <p class='ocr_par' dir='ltr' id='par_1_35' title="bbox 424 3434 2009 3506">
     <span class='ocr_line' id='line_1_35' title="bbox 424 3434 2009 3506; baseline 0.002 -18"><span class='ocrx_word' id='word_1_258' title='bbox 424 3446 504 3489; x_wconf 81' lang='lat' dir='ltr'><strong>tus</strong></span> <span class='ocrx_word' id='word_1_259' title='bbox 540 3445 611 3488; x_wconf 77' lang='lat' dir='ltr'><strong>est</strong></span> <span class='ocrx_word' id='word_1_260' title='bbox 638 3434 818 3506; x_wconf 81' lang='lat' dir='ltr'><strong>(Hebr.</strong></span> <span class='ocrx_word' id='word_1_261' title='bbox 851 3436 901 3489; x_wconf 87' lang='lat'><strong>7.</strong></span> <span class='ocrx_word' id='word_1_262' title='bbox 928 3435 1005 3506; x_wconf 86' lang='lat'><strong>9).</strong></span> <span class='ocrx_word' id='word_1_263' title='bbox 1026 3435 1155 3505; x_wconf 80' lang='lat' dir='ltr'><strong>Regi</strong></span> <span class='ocrx_word' id='word_1_264' title='bbox 1185 3434 1537 3490; x_wconf 89' lang='lat' dir='ltr'><strong>Sodomorum</strong></span> <span class='ocrx_word' id='word_1_265' title='bbox 1558 3439 1757 3506; x_wconf 80' lang='lat' dir='ltr'><strong>roganti</strong></span> <span class='ocrx_word' id='word_1_266' title='bbox 1781 3445 1836 3491; x_wconf 91' lang='lat' dir='ltr'><strong>ut</strong></span> <span class='ocrx_word' id='word_1_267' title='bbox 1858 3438 2009 3506; x_wconf 89' lang='lat' dir='ltr'><strong>equi-</strong></span> 
     </span>
    </p>
   </div>
   <div class='ocr_carea' id='block_1_36' title="bbox 422 3526 2010 3600">
    <p class='ocr_par' dir='ltr' id='par_1_36' title="bbox 422 3526 2010 3600">
     <span class='ocr_line' id='line_1_36' title="bbox 422 3526 2010 3600; baseline 0.001 -19"><span class='ocrx_word' id='word_1_268' title='bbox 422 3535 587 3581; x_wconf 90' lang='lat' dir='ltr'><strong>tatum</strong></span> <span class='ocrx_word' id='word_1_269' title='bbox 617 3528 883 3596; x_wconf 89' lang='lat' dir='ltr'><strong>acciperet</strong></span> <span class='ocrx_word' id='word_1_270' title='bbox 933 3542 1039 3580; x_wconf 91' lang='lat' dir='ltr'><strong>non</strong></span> <span class='ocrx_word' id='word_1_271' title='bbox 1088 3526 1274 3580; x_wconf 81' lang='lat' dir='ltr'><strong>annuit</strong></span> <span class='ocrx_word' id='word_1_272' title='bbox 1306 3545 1318 3579; x_wconf 90' lang='lat'>:</span> <span class='ocrx_word' id='word_1_273' title='bbox 1350 3526 1432 3580; x_wconf 82' lang='lat' dir='ltr'><strong>Ne</strong></span> <span class='ocrx_word' id='word_1_274' title='bbox 1466 3528 1625 3600; x_wconf 60' lang='lat' dir='ltr'><strong>digus,</strong></span> <span class='ocrx_word' id='word_1_275' title='bbox 1660 3527 1865 3597; x_wconf 87' lang='lat' dir='ltr'><strong>inquit,</strong></span> <span class='ocrx_word' id='word_1_276' title='bbox 1898 3528 2010 3600; x_wconf 86' lang='lat' dir='ltr'><strong>Ego</strong></span> 
     </span>
    </p>
   </div>
   <div class='ocr_carea' id='block_1_37' title="bbox 422 3545 2008 3697">
    <p class='ocr_par' dir='ltr' id='par_1_37' title="bbox 422 3545 2008 3697">
     <span class='ocr_line' id='line_1_37' title="bbox 422 3545 2008 3600; baseline 0.001 -19"><span class='ocrx_word' id='word_1_277' title='bbox 422 3545 587 3581; x_wconf 84' lang='lat' dir='ltr'><strong>talum</strong></span> <span class='ocrx_word' id='word_1_278' title='bbox 617 3545 883 3596; x_wconf 77' lang='lat' dir='ltr'><strong>accnperet</strong></span> <span class='ocrx_word' id='word_1_279' title='bbox 933 3545 1039 3580; x_wconf 91' lang='lat' dir='ltr'><strong>non</strong></span> <span class='ocrx_word' id='word_1_280' title='bbox 1088 3545 1274 3580; x_wconf 88' lang='lat' dir='ltr'><strong>anntnt</strong></span> <span class='ocrx_word' id='word_1_281' title='bbox 1306 3545 1318 3579; x_wconf 89' lang='lat'>:</span> <span class='ocrx_word' id='word_1_282' title='bbox 1350 3545 1432 3580; x_wconf 66' lang='lat' dir='ltr'><strong>ne</strong></span> <span class='ocrx_word' id='word_1_283' title='bbox 1466 3545 1515 3579; x_wconf 78' lang='lat' dir='ltr'><strong>at</strong></span> <span class='ocrx_word' id='word_1_284' title='bbox 1548 3545 1625 3593; x_wconf 84' lang='lat' dir='ltr'><strong>as,</strong></span> <span class='ocrx_word' id='word_1_285' title='bbox 1660 3545 1828 3597; x_wconf 84' lang='lat' dir='ltr'><strong>tnqmt</strong></span> <span class='ocrx_word' id='word_1_286' title='bbox 1849 3568 1865 3594; x_wconf 90' lang='lat'><strong>,</strong></span> <span class='ocrx_word' id='word_1_287' title='bbox 1898 3545 2008 3600; x_wconf 59' lang='lat' dir='ltr'><strong>ego</strong></span> 
     </span>
     <span class='ocr_line' id='line_1_38' title="bbox 422 3545 2008 3697; baseline 0.003 -28"><span class='ocrx_word' id='word_1_288' title='bbox 422 3617 577 3670; x_wconf 83' lang='lat' dir='ltr'><strong>ditavi</strong></span> <span class='ocrx_word' id='word_1_289' title='bbox 601 3616 873 3669; x_wconf 83' lang='lat' dir='ltr'><strong>Abraham.</strong></span> <span class='ocrx_word' id='word_1_290' title='bbox 893 3619 911 3697; x_wconf 74' lang='grc' dir='ltr'><em>ς</em></span> <span class='ocrx_word' id='word_1_291' title='bbox 931 3615 1150 3670; x_wconf 56' lang='lat' dir='ltr'><strong>Geruli.</strong></span> <span class='ocrx_word' id='word_1_292' title='bbox 1178 3616 1303 3686; x_wconf 74' lang='lat'><strong>‘25).</strong></span> <span class='ocrx_word' id='word_1_293' title='bbox 1333 3616 1482 3671; x_wconf 87' lang='lat' dir='ltr'><strong>Tune</strong></span> <span class='ocrx_word' id='word_1_294' title='bbox 1512 3545 1621 3672; x_wconf 50' lang='lat' dir='ltr'><strong>seu</strong></span> <span class='ocrx_word' id='word_1_295' title='bbox 1651 3619 1753 3687; x_wconf 86' lang='lat' dir='ltr'><strong>ipsi</strong></span> <span class='ocrx_word' id='word_1_296' title='bbox 1775 3619 2008 3686; x_wconf 81' lang='lat' dir='ltr'><strong>dicente,</strong></span> 
     </span>
    </p>
   </div>
   <div class='ocr_carea' id='block_1_38' title="bbox 425 3707 2011 3780">
    <p class='ocr_par' dir='ltr' id='par_1_38' title="bbox 425 3707 2011 3780">
     <span class='ocr_line' id='line_1_39' title="bbox 425 3707 2011 3780; baseline 0.001 -18"><span class='ocrx_word' id='word_1_297' title='bbox 425 3708 618 3763; x_wconf 79' lang='lat' dir='ltr'><strong>Merces</strong></span> <span class='ocrx_word' id='word_1_298' title='bbox 647 3719 735 3762; x_wconf 87' lang='lat' dir='ltr'><strong>tua</strong></span> <span class='ocrx_word' id='word_1_299' title='bbox 772 3725 954 3779; x_wconf 86' lang='lat' dir='ltr'><strong>magna</strong></span> <span class='ocrx_word' id='word_1_300' title='bbox 988 3707 1373 3780; x_wconf 72' lang='lat' dir='ltr'><strong>erit(Cen.15.</strong></span> <span class='ocrx_word' id='word_1_301' title='bbox 1410 3711 1431 3763; x_wconf 88' lang='lat' dir='ltr'><strong>l</strong></span> <span class='ocrx_word' id='word_1_302' title='bbox 1463 3710 1502 3779; x_wconf 93' lang='lat'><strong>),</strong></span> <span class='ocrx_word' id='word_1_303' title='bbox 1546 3710 1773 3764; x_wconf 89' lang='lat' dir='ltr'><strong>ﬁliorum</strong></span> <span class='ocrx_word' id='word_1_304' title='bbox 1814 3712 2011 3766; x_wconf 86' lang='lat' dir='ltr'><strong>orbita-</strong></span> 
     </span>
    </p>
   </div>
   <div class='ocr_carea' id='block_1_39' title="bbox 423 3798 2010 3877">
    <p class='ocr_par' dir='ltr' id='par_1_39' title="bbox 423 3798 2010 3877">
     <span class='ocr_line' id='line_1_40' title="bbox 423 3798 2010 3877; baseline 0.003 -25"><span class='ocrx_word' id='word_1_305' title='bbox 423 3809 530 3853; x_wconf 90' lang='lat' dir='ltr'><strong>tem</strong></span> <span class='ocrx_word' id='word_1_306' title='bbox 579 3798 825 3869; x_wconf 88' lang='lat' dir='ltr'><strong>deplorat</strong></span> <span class='ocrx_word' id='word_1_307' title='bbox 866 3815 880 3851; x_wconf 88' lang='lat'><strong>:</strong></span> <span class='ocrx_word' id='word_1_308' title='bbox 926 3812 1240 3867; x_wconf 90' lang='lat' dir='ltr'><strong>rursumque</strong></span> <span class='ocrx_word' id='word_1_309' title='bbox 1288 3798 1457 3865; x_wconf 90' lang='lat' dir='ltr'><strong>audit,</strong></span> <span class='ocrx_word' id='word_1_310' title='bbox 1508 3815 1633 3853; x_wconf 90' lang='lat' dir='ltr'><strong>cum</strong></span> <span class='ocrx_word' id='word_1_311' title='bbox 1674 3800 1764 3877; x_wconf 89' lang='lat' dir='ltr'><strong>qui</strong></span> <span class='ocrx_word' id='word_1_312' title='bbox 1814 3817 1876 3855; x_wconf 82' lang='lat' dir='ltr'><strong>ex</strong></span> <span class='ocrx_word' id='word_1_313' title='bbox 1917 3800 2010 3857; x_wconf 90' lang='lat' dir='ltr'><strong>illo</strong></span> 
     </span>
    </p>
   </div>
   <div class='ocr_carea' id='block_1_40' title="bbox 422 3888 2004 3959">
    <p class='ocr_par' dir='ltr' id='par_1_40' title="bbox 422 3888 2004 3959">
     <span class='ocr_line' id='line_1_41' title="bbox 422 3888 2004 3959; baseline 0.002 -15"><span class='ocrx_word' id='word_1_314' title='bbox 422 3903 736 3959; x_wconf 83' lang='lat' dir='ltr'><strong>egressurus</strong></span> <span class='ocrx_word' id='word_1_315' title='bbox 786 3897 920 3953; x_wconf 89' lang='lat' dir='ltr'><strong>erat,</strong></span> <span class='ocrx_word' id='word_1_316' title='bbox 955 3888 1072 3957; x_wconf 86' lang='lat' dir='ltr'><strong>ejus</strong></span> <span class='ocrx_word' id='word_1_317' title='bbox 1113 3888 1461 3943; x_wconf 85' lang='lat' dir='ltr'><strong>hereditatem</strong></span> <span class='ocrx_word' id='word_1_318' title='bbox 1491 3899 1830 3958; x_wconf 88' lang='lat' dir='ltr'><strong>accepturum</strong></span> <span class='ocrx_word' id='word_1_319' title='bbox 1868 3906 2004 3956; x_wconf 86' lang='lat' dir='ltr'><strong>esse,</strong></span> 
     </span>
    </p>
   </div>
   <div class='ocr_carea' id='block_1_41' title="bbox 425 3976 2010 4050">
    <p class='ocr_par' dir='ltr' id='par_1_41' title="bbox 425 3976 2010 4050">
     <span class='ocr_line' id='line_1_42' title="bbox 425 3976 2010 4050; baseline 0 -14"><span class='ocrx_word' id='word_1_320' title='bbox 425 3991 479 4037; x_wconf 91' lang='lat' dir='ltr'><strong>et</strong></span> <span class='ocrx_word' id='word_1_321' title='bbox 518 3995 701 4035; x_wconf 88' lang='lat' dir='ltr'><strong>semen</strong></span> <span class='ocrx_word' id='word_1_322' title='bbox 737 3978 854 4048; x_wconf 88' lang='lat' dir='ltr'><strong>ejus</strong></span> <span class='ocrx_word' id='word_1_323' title='bbox 897 3976 1129 4032; x_wconf 88' lang='lat' dir='ltr'><strong>futurum</strong></span> <span class='ocrx_word' id='word_1_324' title='bbox 1161 3978 1298 4033; x_wconf 87' lang='lat' dir='ltr'><strong>sicut</strong></span> <span class='ocrx_word' id='word_1_325' title='bbox 1335 3980 1517 4034; x_wconf 87' lang='lat' dir='ltr'><strong>stellas</strong></span> <span class='ocrx_word' id='word_1_326' title='bbox 1560 3980 1696 4035; x_wconf 59' lang='lat' dir='ltr'><strong>creli.</strong></span> <span class='ocrx_word' id='word_1_327' title='bbox 1750 3980 1846 4036; x_wconf 83' lang='lat' dir='ltr'><strong>Hic</strong></span> <span class='ocrx_word' id='word_1_328' title='bbox 1866 3981 2010 4050; x_wconf 89' lang='lat' dir='ltr'><strong>jacet</strong></span> 
     </span>
    </p>
   </div>
   <div class='ocr_carea' id='block_1_42' title="bbox 422 4068 2009 4141">
    <p class='ocr_par' dir='ltr' id='par_1_42' title="bbox 422 4068 2009 4141">
     <span class='ocr_line' id='line_1_43' title="bbox 422 4068 2009 4141; baseline 0.001 -16"><span class='ocrx_word' id='word_1_329' title='bbox 422 4071 552 4126; x_wconf 90' lang='lat' dir='ltr'><strong>illud</strong></span> <span class='ocrx_word' id='word_1_330' title='bbox 580 4091 593 4125; x_wconf 90' lang='lat'><strong>:</strong></span> <span class='ocrx_word' id='word_1_331' title='bbox 626 4070 850 4125; x_wconf 81' lang='lat' dir='ltr'><strong>Credidit</strong></span> <span class='ocrx_word' id='word_1_332' title='bbox 890 4069 1149 4123; x_wconf 80' lang='lat' dir='ltr'><strong>Abraham</strong></span> <span class='ocrx_word' id='word_1_333' title='bbox 1178 4068 1315 4138; x_wconf 87' lang='lat' dir='ltr'><strong>Deo,</strong></span> <span class='ocrx_word' id='word_1_334' title='bbox 1345 4081 1391 4124; x_wconf 88' lang='lat' dir='ltr'><strong>et</strong></span> <span class='ocrx_word' id='word_1_335' title='bbox 1436 4081 1723 4141; x_wconf 83' lang='lat' dir='ltr'><strong>reputatum</strong></span> <span class='ocrx_word' id='word_1_336' title='bbox 1752 4082 1821 4126; x_wconf 79' lang='lat' dir='ltr'><strong>est</strong></span> <span class='ocrx_word' id='word_1_337' title='bbox 1846 4073 1919 4126; x_wconf 85' lang='lat' dir='ltr'><strong>illi</strong></span> <span class='ocrx_word' id='word_1_338' title='bbox 1941 4072 2009 4126; x_wconf 84' lang='lat' dir='ltr'><strong>ad</strong></span> 
     </span>
    </p>
   </div>
   <div class='ocr_carea' id='block_1_43' title="bbox 422 4160 2009 4234">
    <p class='ocr_par' dir='ltr' id='par_1_43' title="bbox 422 4160 2009 4234">
     <span class='ocr_line' id='line_1_44' title="bbox 422 4160 2009 4234; baseline 0 -15"><span class='ocrx_word' id='word_1_339' title='bbox 422 4165 663 4229; x_wconf 76' lang='lat' dir='ltr'><strong>iustitiam</strong></span> <span class='ocrx_word' id='word_1_340' title='bbox 698 4160 864 4231; x_wconf 80' lang='lat' dir='ltr'><strong>(Gen.</strong></span> <span class='ocrx_word' id='word_1_341' title='bbox 919 4162 1007 4217; x_wconf 80' lang='grc'><strong>15.</strong></span> <span class='ocrx_word' id='word_1_342' title='bbox 1054 4162 1148 4233; x_wconf 89' lang='grc'><strong>6).</strong></span> <span class='ocrx_word' id='word_1_343' title='bbox 1197 4161 1573 4234; x_wconf 80' lang='lat' dir='ltr'><strong>Sectiones(d)</strong></span> <span class='ocrx_word' id='word_1_344' title='bbox 1604 4162 1741 4229; x_wconf 87' lang='lat' dir='ltr'><strong>facit,</strong></span> <span class='ocrx_word' id='word_1_345' title='bbox 1775 4174 1827 4218; x_wconf 91' lang='lat' dir='ltr'><strong>et</strong></span> <span class='ocrx_word' id='word_1_346' title='bbox 1853 4164 2009 4219; x_wconf 90' lang='lat' dir='ltr'><strong>discit</strong></span> 
     </span>
    </p>
   </div>
   <div class='ocr_carea' id='block_1_44' title="bbox 422 4252 2010 4325">
    <p class='ocr_par' dir='ltr' id='par_1_44' title="bbox 422 4252 2010 4325">
     <span class='ocr_line' id='line_1_45' title="bbox 422 4252 2010 4325; baseline -0.001 -15"><span class='ocrx_word' id='word_1_347' title='bbox 422 4254 755 4325; x_wconf 82' lang='lat' dir='ltr'><strong>peregrinum</strong></span> <span class='ocrx_word' id='word_1_348' title='bbox 793 4252 1023 4307; x_wconf 91' lang='lat' dir='ltr'><strong>futurum</strong></span> <span class='ocrx_word' id='word_1_349' title='bbox 1055 4267 1173 4308; x_wconf 90' lang='lat' dir='ltr'><strong>esse</strong></span> <span class='ocrx_word' id='word_1_350' title='bbox 1204 4268 1384 4308; x_wconf 89' lang='lat' dir='ltr'><strong>semen</strong></span> <span class='ocrx_word' id='word_1_351' title='bbox 1407 4269 1579 4319; x_wconf 88' lang='lat' dir='ltr'><strong>suum,</strong></span> <span class='ocrx_word' id='word_1_352' title='bbox 1604 4263 1656 4309; x_wconf 89' lang='lat' dir='ltr'><strong>et</strong></span> <span class='ocrx_word' id='word_1_353' title='bbox 1680 4263 1860 4324; x_wconf 90' lang='lat' dir='ltr'><strong>postea</strong></span> <span class='ocrx_word' id='word_1_354' title='bbox 1887 4254 2010 4309; x_wconf 86' lang='lat' dir='ltr'><strong>libe-</strong></span> 
     </span>
    </p>
   </div>
   <div class='ocr_carea' id='block_1_45' title="bbox 420 4341 2008 4415">
    <p class='ocr_par' dir='ltr' id='par_1_45' title="bbox 420 4341 2008 4415">
     <span class='ocr_line' id='line_1_46' title="bbox 420 4341 2008 4415; baseline 0.001 -17"><span class='ocrx_word' id='word_1_355' title='bbox 420 4344 644 4398; x_wconf 87' lang='lat' dir='ltr'><strong>randum</strong></span> <span class='ocrx_word' id='word_1_356' title='bbox 675 4341 789 4395; x_wconf 86' lang='lat' dir='ltr'><strong>fore</strong></span> <span class='ocrx_word' id='word_1_357' title='bbox 817 4352 1095 4411; x_wconf 87' lang='lat' dir='ltr'><strong>postquam</strong></span> <span class='ocrx_word' id='word_1_358' title='bbox 1118 4341 1427 4413; x_wconf 88' lang='lat' dir='ltr'><strong>depressum</strong></span> <span class='ocrx_word' id='word_1_359' title='bbox 1458 4342 1611 4397; x_wconf 89' lang='lat' dir='ltr'><strong>fuerit</strong></span> <span class='ocrx_word' id='word_1_360' title='bbox 1640 4359 1735 4413; x_wconf 90' lang='lat' dir='ltr'><strong>per</strong></span> <span class='ocrx_word' id='word_1_361' title='bbox 1757 4344 2008 4415; x_wconf 86' lang='lat' dir='ltr'><strong>quadrin-</strong></span> 
     </span>
    </p>
   </div>
   <div class='ocr_carea' id='block_1_46' title="bbox 419 4431 2005 4506">
    <p class='ocr_par' dir='ltr' id='par_1_46' title="bbox 419 4431 2005 4506">
     <span class='ocr_line' id='line_1_47' title="bbox 419 4431 2005 4506; baseline 0 -18"><span class='ocrx_word' id='word_1_362' title='bbox 419 4444 606 4506; x_wconf 81' lang='lat' dir='ltr'><strong>gentos</strong></span> <span class='ocrx_word' id='word_1_363' title='bbox 635 4448 823 4487; x_wconf 91' lang='lat' dir='ltr'><strong>aunos.</strong></span> <span class='ocrx_word' id='word_1_364' title='bbox 852 4431 981 4486; x_wconf 90' lang='lat' dir='ltr'><strong>Sara</strong></span> <span class='ocrx_word' id='word_1_365' title='bbox 1010 4441 1188 4486; x_wconf 90' lang='lat' dir='ltr'><strong>autem</strong></span> <span class='ocrx_word' id='word_1_366' title='bbox 1219 4432 1339 4502; x_wconf 87' lang='lat' dir='ltr'><strong>quia</strong></span> <span class='ocrx_word' id='word_1_367' title='bbox 1370 4433 1566 4486; x_wconf 88' lang='lat' dir='ltr'><strong>sterilis</strong></span> <span class='ocrx_word' id='word_1_368' title='bbox 1593 4442 1724 4497; x_wconf 90' lang='lat' dir='ltr'><strong>erat,</strong></span> <span class='ocrx_word' id='word_1_369' title='bbox 1750 4432 1843 4488; x_wconf 90' lang='lat' dir='ltr'><strong>dat</strong></span> <span class='ocrx_word' id='word_1_370' title='bbox 1862 4435 2005 4505; x_wconf 86' lang='lat' dir='ltr'><strong>Aga-</strong></span> 
     </span>
    </p>
   </div>
   <div class='ocr_carea' id='block_1_47' title="bbox 421 4521 2006 4592">
    <p class='ocr_par' dir='ltr' id='par_1_47' title="bbox 421 4521 2006 4592">
     <span class='ocr_line' id='line_1_48' title="bbox 421 4521 2006 4592; baseline -0.001 -14"><span class='ocrx_word' id='word_1_371' title='bbox 421 4540 537 4579; x_wconf 89' lang='lat' dir='ltr'><strong>rem</strong></span> <span class='ocrx_word' id='word_1_372' title='bbox 580 4521 916 4584; x_wconf 90' lang='lat' dir='ltr'><strong>Abrahamo,</strong></span> <span class='ocrx_word' id='word_1_373' title='bbox 949 4530 1009 4575; x_wconf 90' lang='lat' dir='ltr'><strong>ut</strong></span> <span class='ocrx_word' id='word_1_374' title='bbox 1054 4521 1253 4577; x_wconf 86' lang='lat' dir='ltr'><strong>liberos</strong></span> <span class='ocrx_word' id='word_1_375' title='bbox 1291 4521 1586 4592; x_wconf 88' lang='lat' dir='ltr'><strong>susciperet</strong></span> <span class='ocrx_word' id='word_1_376' title='bbox 1626 4536 1689 4575; x_wconf 91' lang='lat' dir='ltr'><strong>ex</strong></span> <span class='ocrx_word' id='word_1_377' title='bbox 1733 4522 1842 4577; x_wconf 90' lang='lat' dir='ltr'><strong>illa.</strong></span> <span class='ocrx_word' id='word_1_378' title='bbox 1873 4522 2006 4577; x_wconf 89' lang='lat' dir='ltr'><strong>Cum</strong></span> 
     </span>
    </p>
   </div>
   <div class='ocr_carea' id='block_1_48' title="bbox 419 4609 2006 4683">
    <p class='ocr_par' dir='ltr' id='par_1_48' title="bbox 419 4609 2006 4683">
     <span class='ocr_line' id='line_1_49' title="bbox 419 4609 2006 4683; baseline 0.001 -14"><span class='ocrx_word' id='word_1_379' title='bbox 419 4624 597 4670; x_wconf 88' lang='lat' dir='ltr'><strong>autem</strong></span> <span class='ocrx_word' id='word_1_380' title='bbox 619 4612 734 4668; x_wconf 65' lang='lat' dir='ltr'><strong>haec</strong></span> <span class='ocrx_word' id='word_1_381' title='bbox 762 4623 968 4667; x_wconf 88' lang='lat' dir='ltr'><strong>uterum</strong></span> <span class='ocrx_word' id='word_1_382' title='bbox 989 4619 1455 4683; x_wconf 72' lang='lat' dir='ltr'><strong>gestaret,,contra</strong></span> <span class='ocrx_word' id='word_1_383' title='bbox 1495 4609 1677 4664; x_wconf 90' lang='lat' dir='ltr'><strong>heram</strong></span> <span class='ocrx_word' id='word_1_384' title='bbox 1707 4625 1855 4666; x_wconf 89' lang='lat' dir='ltr'><strong>suam</strong></span> <span class='ocrx_word' id='word_1_385' title='bbox 1884 4628 2006 4670; x_wconf 90' lang='lat' dir='ltr'><strong>sese</strong></span> 
     </span>
    </p>
   </div>
   <div class='ocr_carea' id='block_1_49' title="bbox 419 4701 2008 4774">
    <p class='ocr_par' dir='ltr' id='par_1_49' title="bbox 419 4701 2008 4774">
     <span class='ocr_line' id='line_1_50' title="bbox 419 4701 2008 4774; baseline -0.004 -10"><span class='ocrx_word' id='word_1_386' title='bbox 419 4706 608 4764; x_wconf 84' lang='lat' dir='ltr'><strong>extulit</strong></span> <span class='ocrx_word' id='word_1_387' title='bbox 645 4722 659 4759; x_wconf 88' lang='lat'><strong>:</strong></span> <span class='ocrx_word' id='word_1_388' title='bbox 692 4703 956 4774; x_wconf 89' lang='lat' dir='ltr'><strong>traditque</strong></span> <span class='ocrx_word' id='word_1_389' title='bbox 996 4702 1139 4757; x_wconf 90' lang='lat' dir='ltr'><strong>illam</strong></span> <span class='ocrx_word' id='word_1_390' title='bbox 1196 4704 1344 4758; x_wconf 68' lang='lat' dir='ltr'><strong>Sara:</strong></span> <span class='ocrx_word' id='word_1_391' title='bbox 1390 4701 1695 4769; x_wconf 86' lang='lat' dir='ltr'><strong>Abraham,</strong></span> <span class='ocrx_word' id='word_1_392' title='bbox 1726 4711 1785 4757; x_wconf 90' lang='lat' dir='ltr'><strong>ut</strong></span> <span class='ocrx_word' id='word_1_393' title='bbox 1820 4713 2008 4759; x_wconf 81' lang='lat' dir='ltr'><strong>cuntu-</strong></span> 
     </span>
    </p>
   </div>
   <div class='ocr_carea' id='block_1_50' title="bbox 418 4790 2041 4857">
    <p class='ocr_par' dir='ltr' id='par_1_50' title="bbox 418 4790 2041 4857">
     <span class='ocr_line' id='line_1_51' title="bbox 418 4790 2041 4857; baseline -0.004 -2"><span class='ocrx_word' id='word_1_394' title='bbox 418 4798 637 4855; x_wconf 88' lang='lat' dir='ltr'><strong>meliam</strong></span> <span class='ocrx_word' id='word_1_395' title='bbox 670 4796 1036 4851; x_wconf 86' lang='lat' dir='ltr'><strong>ulcisceretur.</strong></span> <span class='ocrx_word' id='word_1_396' title='bbox 1059 4792 1149 4847; x_wconf 90' lang='lat' dir='ltr'><strong>Illa</strong></span> <span class='ocrx_word' id='word_1_397' title='bbox 1176 4806 1305 4848; x_wconf 87' lang='lat' dir='ltr'><strong>vero</strong></span> <span class='ocrx_word' id='word_1_398' title='bbox 1324 4791 1392 4847; x_wconf 92' lang='lat' dir='ltr'><strong>ab</strong></span> <span class='ocrx_word' id='word_1_399' title='bbox 1417 4790 1542 4847; x_wconf 89' lang='lat' dir='ltr'><strong>hera</strong></span> <span class='ocrx_word' id='word_1_400' title='bbox 1567 4808 1660 4846; x_wconf 91' lang='lat' dir='ltr'><strong>sua</strong></span> <span class='ocrx_word' id='word_1_401' title='bbox 1689 4794 1828 4849; x_wconf 88' lang='lat' dir='ltr'><strong>male</strong></span> <span class='ocrx_word' id='word_1_402' title='bbox 1853 4791 2007 4850; x_wconf 61' lang='lat' dir='ltr'><strong>accc-4</strong></span> <span class='ocrx_word' id='word_1_403' title='bbox 2032 4853 2041 4857; x_wconf 61' lang='grc'><em>,</em></span> 
     </span>
    </p>
   </div>
   <div class='ocr_carea' id='block_1_51' title="bbox 425 4883 2006 4960">
    <p class='ocr_par' dir='ltr' id='par_1_51' title="bbox 425 4883 2006 4960">
     <span class='ocr_line' id='line_1_52' title="bbox 425 4883 2006 4960; baseline 0 -19"><span class='ocrx_word' id='word_1_404' title='bbox 425 4898 539 4960; x_wconf 83' lang='lat' dir='ltr'><strong>pta,</strong></span> <span class='ocrx_word' id='word_1_405' title='bbox 578 4903 609 4943; x_wconf 88' lang='lat' dir='ltr'><strong>a</strong></span> <span class='ocrx_word' id='word_1_406' title='bbox 648 4887 809 4942; x_wconf 87' lang='lat' dir='ltr'><strong>domo</strong></span> <span class='ocrx_word' id='word_1_407' title='bbox 833 4884 1055 4957; x_wconf 90' lang='lat' dir='ltr'><strong>aufugit,</strong></span> <span class='ocrx_word' id='word_1_408' title='bbox 1082 4883 1150 4941; x_wconf 85' lang='lat' dir='ltr'><strong>ab</strong></span> <span class='ocrx_word' id='word_1_409' title='bbox 1174 4884 1470 4953; x_wconf 84' lang='lat' dir='ltr'><strong>angeloque</strong></span> <span class='ocrx_word' id='word_1_410' title='bbox 1503 4883 1722 4953; x_wconf 89' lang='lat' dir='ltr'><strong>jnbetur</strong></span> <span class='ocrx_word' id='word_1_411' title='bbox 1745 4885 1811 4940; x_wconf 91' lang='lat' dir='ltr'><strong>ad</strong></span> <span class='ocrx_word' id='word_1_412' title='bbox 1837 4886 2006 4941; x_wconf 86' lang='lat' dir='ltr'><strong>domi-</strong></span> 
     </span>
    </p>
   </div>
   <div class='ocr_carea' id='block_1_52' title="bbox 480 5015 2008 5083">
    <p class='ocr_par' dir='ltr' id='par_1_52' title="bbox 480 5015 2008 5083">
     <span class='ocr_line' id='line_1_53' title="bbox 480 5015 2008 5083; baseline -0.001 -13"><span class='ocrx_word' id='word_1_413' title='bbox 480 5020 554 5083; x_wconf 91' lang='lat' dir='ltr'><strong>(a)</strong></span> <span class='ocrx_word' id='word_1_414' title='bbox 589 5026 686 5070; x_wconf 79' lang='lat' dir='ltr'><strong>Hoc</strong></span> <span class='ocrx_word' id='word_1_415' title='bbox 708 5019 954 5083; x_wconf 81' lang='lat' dir='ltr'><strong>ipsum_d_e</strong></span> <span class='ocrx_word' id='word_1_416' title='bbox 978 5018 1189 5083; x_wconf 50' lang='lat' dir='ltr'><strong>Hebes-9,</strong></span> <span class='ocrx_word' id='word_1_417' title='bbox 1218 5017 1313 5066; x_wconf 78' lang='lat' dir='ltr'><strong>etsi</strong></span> <span class='ocrx_word' id='word_1_418' title='bbox 1335 5016 1551 5077; x_wconf 80' lang='lat' dir='ltr'><strong>brevius,</strong></span> <span class='ocrx_word' id='word_1_419' title='bbox 1593 5015 1708 5066; x_wconf 86' lang='lat' dir='ltr'><strong>dicit</strong></span> <span class='ocrx_word' id='word_1_420' title='bbox 1742 5016 1912 5066; x_wconf 84' lang='lat' dir='ltr'><strong>tlomil.</strong></span> <span class='ocrx_word' id='word_1_421' title='bbox 1946 5018 2008 5069; x_wconf 74' lang='lat'><strong>30</strong></span> 
     </span>
    </p>
   </div>
   <div class='ocr_carea' id='block_1_53' title="bbox 416 5051 1923 5150">
    <p class='ocr_par' dir='ltr' id='par_1_53' title="bbox 416 5051 1923 5150">
     <span class='ocr_line' id='line_1_54' title="bbox 481 5051 1912 5083; baseline -0.002 -14"><span class='ocrx_word' id='word_1_422' title='bbox 481 5051 554 5083; x_wconf 63' lang='grc' dir='ltr'><strong><em>ψ,</em></strong></span> <span class='ocrx_word' id='word_1_423' title='bbox 589 5051 686 5070; x_wconf 63' lang='grc' dir='ltr'>..νυ</span> <span class='ocrx_word' id='word_1_424' title='bbox 708 5051 865 5083; x_wconf 78' lang='lat'><strong>.,,......</strong></span> <span class='ocrx_word' id='word_1_425' title='bbox 889 5051 954 5068; x_wconf 63' lang='grc' dir='ltr'>ι...</span> <span class='ocrx_word' id='word_1_426' title='bbox 978 5051 1170 5067; x_wconf 61' lang='grc' dir='ltr'>..-ην</span> <span class='ocrx_word' id='word_1_427' title='bbox 1219 5051 1313 5066; x_wconf 55' lang='grc' dir='ltr'>...κ</span> <span class='ocrx_word' id='word_1_428' title='bbox 1335 5051 1551 5077; x_wconf 73' lang='lat'><strong>.,.........,</strong></span> <span class='ocrx_word' id='word_1_429' title='bbox 1593 5051 1708 5066; x_wconf 57' lang='grc' dir='ltr'>...ω</span> <span class='ocrx_word' id='word_1_430' title='bbox 1742 5051 1912 5066; x_wconf 71' lang='grc' dir='ltr'>..ν......</span> 
     </span>
     <span class='ocr_line' id='line_1_55' title="bbox 416 5051 1923 5150; baseline 0 0"><span class='ocrx_word' id='word_1_431' title='bbox 416 5083 466 5133; x_wconf 72' lang='lat' dir='ltr'><strong>in</strong></span> <span class='ocrx_word' id='word_1_432' title='bbox 487 5089 841 5150; x_wconf 56' lang='grc' dir='ltr'><strong>φριιςεοντιξιη-</strong></span> <span class='ocrx_word' id='word_1_433' title='bbox 868 5051 1206 5150; x_wconf 56' lang='grc' dir='ltr'><strong>ινιαὲεῒιέο</strong></span> <span class='ocrx_word' id='word_1_434' title='bbox 1325 5145 1336 5150; x_wconf 87' lang='grc'><strong>-</strong></span> <span class='ocrx_word' id='word_1_435' title='bbox 1384 5139 1395 5150; x_wconf 95' lang='grc'><strong>.</strong></span> <span class='ocrx_word' id='word_1_436' title='bbox 1461 5138 1578 5150; x_wconf 88' lang='lat'><strong>_.._.</strong></span> <span class='ocrx_word' id='word_1_437' title='bbox 1849 5139 1878 5150; x_wconf 93' lang='lat'><strong>..</strong></span> <span class='ocrx_word' id='word_1_438' title='bbox 1912 5140 1923 5150; x_wconf 93' lang='lat'><strong>.</strong></span> 
     </span>
    </p>
   </div>
   <div class='ocr_carea' id='block_1_54' title="bbox 491 5138 2006 5205">
    <p class='ocr_par' dir='ltr' id='par_1_54' title="bbox 491 5138 2006 5205">
     <span class='ocr_line' id='line_1_56' title="bbox 491 5138 2006 5205; baseline -0.001 -14"><span class='ocrx_word' id='word_1_439' title='bbox 491 5142 564 5205; x_wconf 74' lang='grc' dir='ltr'><strong>(ὁ)</strong></span> <span class='ocrx_word' id='word_1_440' title='bbox 598 5142 653 5191; x_wconf 86' lang='lat' dir='ltr'><strong>In</strong></span> <span class='ocrx_word' id='word_1_441' title='bbox 675 5138 910 5199; x_wconf 48' lang='lat' dir='ltr'><strong>&#39;Hebmo,</strong></span> <span class='ocrx_word' id='word_1_442' title='bbox 936 5138 994 5188; x_wconf 88' lang='lat' dir='ltr'><strong>in</strong></span> <span class='ocrx_word' id='word_1_443' title='bbox 1014 5139 1250 5205; x_wconf 47' lang='lat' dir='ltr'><strong>Vulgata,</strong></span> <span class='ocrx_word' id='word_1_444' title='bbox 1292 5145 1343 5187; x_wconf 91' lang='lat' dir='ltr'><strong>et</strong></span> <span class='ocrx_word' id='word_1_445' title='bbox 1382 5139 1431 5187; x_wconf 87' lang='lat' dir='ltr'><strong>in</strong></span> <span class='ocrx_word' id='word_1_446' title='bbox 1461 5138 1679 5187; x_wconf 81' lang='lat' dir='ltr'><strong>Editione</strong></span> <span class='ocrx_word' id='word_1_447' title='bbox 1702 5146 1808 5187; x_wconf 80' lang='lat' dir='ltr'><strong>LXX</strong></span> <span class='ocrx_word' id='word_1_448' title='bbox 1832 5139 2006 5189; x_wconf 88' lang='lat' dir='ltr'><strong>dicitur</strong></span> 
     </span>
    </p>
   </div>
   <div class='ocr_carea' id='block_1_55' title="bbox 425 5201 2007 5263">
    <p class='ocr_par' dir='ltr' id='par_1_55' title="bbox 425 5201 2007 5263">
     <span class='ocr_line' id='line_1_57' title="bbox 425 5201 2007 5263; baseline -0.001 -11"><span class='ocrx_word' id='word_1_449' title='bbox 425 5201 581 5253; x_wconf 80' lang='lat' dir='ltr'><strong>&#39;rhare</strong></span> <span class='ocrx_word' id='word_1_450' title='bbox 605 5215 774 5254; x_wconf 80' lang='lat' dir='ltr'><strong>secum</strong></span> <span class='ocrx_word' id='word_1_451' title='bbox 794 5202 1111 5263; x_wconf 80' lang='lat' dir='ltr'><strong>assumpsisse</strong></span> <span class='ocrx_word' id='word_1_452' title='bbox 1133 5201 1315 5263; x_wconf 67' lang='lat' dir='ltr'><strong>Abram</strong></span> <span class='ocrx_word' id='word_1_453' title='bbox 1338 5206 1597 5263; x_wconf 56' lang='lat' dir='ltr'><strong>(suetum,</strong></span> <span class='ocrx_word' id='word_1_454' title='bbox 1624 5206 1901 5263; x_wconf 75' lang='lat' dir='ltr'><strong>nouantem</strong></span> <span class='ocrx_word' id='word_1_455' title='bbox 1923 5209 2007 5251; x_wconf 76' lang='lat' dir='ltr'><strong>Na-</strong></span> 
     </span>
    </p>
   </div>
   <div class='ocr_carea' id='block_1_56' title="bbox 415 5259 2007 5333">
    <p class='ocr_par' dir='ltr' id='par_1_56' title="bbox 415 5259 2007 5333">
     <span class='ocr_line' id='line_1_58' title="bbox 415 5259 2007 5333; baseline 0 0"><span class='ocrx_word' id='word_1_456' title='bbox 415 5265 629 5333; x_wconf 65' lang='grc' dir='ltr'><strong>ςιιρτςως</strong></span> <span class='ocrx_word' id='word_1_457' title='bbox 644 5265 734 5312; x_wconf 70' lang='lat' dir='ltr'><strong>Sed</strong></span> <span class='ocrx_word' id='word_1_458' title='bbox 748 5259 1075 5333; x_wconf 58' lang='lat' dir='ltr'><strong>haestecﬂain</strong></span> <span class='ocrx_word' id='word_1_459' title='bbox 1099 5259 1366 5333; x_wconf 50' lang='lat' dir='ltr'><strong>eaeaeae</strong></span> <span class='ocrx_word' id='word_1_460' title='bbox 1381 5259 2007 5333; x_wconf 53' lang='lat' dir='ltr'><strong>Chryseetomieeudslapie</strong></span> 
     </span>
    </p>
   </div>
   <div class='ocr_carea' id='block_1_57' title="bbox 416 5320 2003 5399">
    <p class='ocr_par' dir='ltr' id='par_1_57' title="bbox 416 5320 2003 5399">
     <span class='ocr_line' id='line_1_59' title="bbox 416 5320 2003 5399; baseline -0.003 -23"><span class='ocrx_word' id='word_1_461' title='bbox 416 5326 704 5383; x_wconf 85' lang='lat' dir='ltr'><strong>habebatur,</strong></span> <span class='ocrx_word' id='word_1_462' title='bbox 727 5331 784 5374; x_wconf 86' lang='lat' dir='ltr'><strong>ut</strong></span> <span class='ocrx_word' id='word_1_463' title='bbox 803 5320 969 5399; x_wconf 66' lang='lat' dir='ltr'><strong>videas</strong></span> <span class='ocrx_word' id='word_1_464' title='bbox 990 5323 1159 5399; x_wconf 77' lang='lat' dir='ltr'><strong>uomit.</strong></span> <span class='ocrx_word' id='word_1_465' title='bbox 1177 5320 1305 5399; x_wconf 76' lang='lat' dir='ltr'><strong>51in</strong></span> <span class='ocrx_word' id='word_1_466' title='bbox 1335 5320 1532 5399; x_wconf 44' lang='lat' dir='ltr'><strong>ospes,</strong></span> <span class='ocrx_word' id='word_1_467' title='bbox 1548 5322 1774 5399; x_wconf 42' lang='lat' dir='ltr'><strong>:t‘omLIV,</strong></span> <span class='ocrx_word' id='word_1_468' title='bbox 1794 5322 2003 5399; x_wconf 43' lang='lat' dir='ltr'><strong>colz282,</strong></span> 
     </span>
    </p>
   </div>
   <div class='ocr_carea' id='block_1_58' title="bbox 413 5384 2007 5519">
    <p class='ocr_par' dir='ltr' id='par_1_58' title="bbox 413 5384 2007 5519">
     <span class='ocr_line' id='line_1_60' title="bbox 414 5384 2007 5452; baseline -0.003 -12"><span class='ocrx_word' id='word_1_469' title='bbox 414 5402 475 5440; x_wconf 70' lang='lat' dir='ltr'><strong>ut</strong></span> <span class='ocrx_word' id='word_1_470' title='bbox 491 5400 599 5440; x_wconf 73' lang='grc' dir='ltr'><strong>οισι</strong></span> <span class='ocrx_word' id='word_1_471' title='bbox 614 5400 738 5452; x_wconf 60' lang='lat' dir='ltr'><strong>eqs.</strong></span> <span class='ocrx_word' id='word_1_472' title='bbox 758 5399 820 5437; x_wconf 74' lang='grc' dir='ltr'><strong>τὸν</strong></span> <span class='ocrx_word' id='word_1_473' title='bbox 837 5385 995 5443; x_wconf 66' lang='lat' dir='ltr'><strong>item.</strong></span> <span class='ocrx_word' id='word_1_474' title='bbox 1015 5397 1075 5434; x_wconf 73' lang='lat' dir='ltr'><strong>ul</strong></span> <span class='ocrx_word' id='word_1_475' title='bbox 1094 5396 1158 5435; x_wconf 73' lang='grc' dir='ltr'><strong>τὸν</strong></span> <span class='ocrx_word' id='word_1_476' title='bbox 1180 5400 1213 5435; x_wconf 72' lang='lat' dir='ltr'><strong>u</strong></span> <span class='ocrx_word' id='word_1_477' title='bbox 1319 5418 1334 5440; x_wconf 86' lang='lat'><strong>,</strong></span> <span class='ocrx_word' id='word_1_478' title='bbox 1364 5391 1417 5432; x_wconf 79' lang='lat' dir='ltr'><strong>Et</strong></span> <span class='ocrx_word' id='word_1_479' title='bbox 1449 5384 1630 5444; x_wconf 81' lang='lat' dir='ltr'><strong>accepit</strong></span> <span class='ocrx_word' id='word_1_480' title='bbox 1661 5384 1815 5434; x_wconf 85' lang='lat' dir='ltr'><strong>Thara</strong></span> <span class='ocrx_word' id='word_1_481' title='bbox 1836 5384 2007 5436; x_wconf 73' lang='lat' dir='ltr'><strong>Abram</strong></span> 
     </span>
     <span class='ocr_line' id='line_1_61' title="bbox 413 5398 2007 5519; baseline -0.002 -18"><span class='ocrx_word' id='word_1_482' title='bbox 413 5459 462 5519; x_wconf 57' lang='grc' dir='ltr'><strong>εξ</strong></span> <span class='ocrx_word' id='word_1_483' title='bbox 485 5449 683 5510; x_wconf 81' lang='lat' dir='ltr'><strong>Naclwr,</strong></span> <span class='ocrx_word' id='word_1_484' title='bbox 710 5456 826 5506; x_wconf 87' lang='lat' dir='ltr'><strong>etc.,</strong></span> <span class='ocrx_word' id='word_1_485' title='bbox 853 5448 1166 5519; x_wconf 79' lang='lat' dir='ltr'><strong>quod_ipsum</strong></span> <span class='ocrx_word' id='word_1_486' title='bbox 1196 5398 1414 5519; x_wconf 46' lang='lat' dir='ltr'><strong>digium</strong></span> <span class='ocrx_word' id='word_1_487' title='bbox 1434 5447 1693 5519; x_wconf 62' lang='lat' dir='ltr'><strong>repetitur.</strong></span> <span class='ocrx_word' id='word_1_488' title='bbox 1717 5448 1831 5519; x_wconf 81' lang='lat' dir='ltr'><strong>Hinc</strong></span> <span class='ocrx_word' id='word_1_489' title='bbox 1861 5460 2007 5519; x_wconf 81' lang='lat' dir='ltr'><strong>porro</strong></span> 
     </span>
    </p>
   </div>
   <div class='ocr_carea' id='block_1_59' title="bbox 414 5506 2006 5577">
    <p class='ocr_par' dir='ltr' id='par_1_59' title="bbox 414 5506 2006 5577">
     <span class='ocr_line' id='line_1_62' title="bbox 414 5506 2006 5577; baseline -0.001 -14"><span class='ocrx_word' id='word_1_490' title='bbox 414 5506 914 5577; x_wconf 64' lang='lat' dir='ltr'><strong>Chrysostoinoassei&#39;l</strong></span> <span class='ocrx_word' id='word_1_491' title='bbox 930 5506 1119 5577; x_wconf 74' lang='lat' dir='ltr'><strong>videtur</strong></span> <span class='ocrx_word' id='word_1_492' title='bbox 1140 5508 1244 5577; x_wconf 65' lang='lat' dir='ltr'><strong>haec</strong></span> <span class='ocrx_word' id='word_1_493' title='bbox 1252 5508 1486 5577; x_wconf 69' lang='lat' dir='ltr'><strong>Syuopsis.</strong></span> <span class='ocrx_word' id='word_1_494' title='bbox 1500 5506 1665 5556; x_wconf 75' lang='lat' dir='ltr'><strong>Multas</strong></span> <span class='ocrx_word' id='word_1_495' title='bbox 1678 5516 1838 5577; x_wconf 76' lang='lat' dir='ltr'><strong>autem</strong></span> <span class='ocrx_word' id='word_1_496' title='bbox 1860 5506 2006 5577; x_wconf 73' lang='lat' dir='ltr'><strong>fuisse</strong></span> 
     </span>
    </p>
   </div>
   <div class='ocr_carea' id='block_1_60' title="bbox 412 5569 2006 5636">
    <p class='ocr_par' dir='ltr' id='par_1_60' title="bbox 412 5569 2006 5636">
     <span class='ocr_line' id='line_1_63' title="bbox 412 5569 2006 5636; baseline -0.003 -11"><span class='ocrx_word' id='word_1_497' title='bbox 412 5576 462 5625; x_wconf 80' lang='lat' dir='ltr'><strong>in</strong></span> <span class='ocrx_word' id='word_1_498' title='bbox 496 5569 856 5636; x_wconf 73' lang='lat' dir='ltr'><strong>exemplaribus</strong></span> <span class='ocrx_word' id='word_1_499' title='bbox 885 5576 993 5619; x_wconf 76' lang='lat' dir='ltr'><strong>LXX</strong></span> <span class='ocrx_word' id='word_1_500' title='bbox 1017 5570 1281 5636; x_wconf 73' lang='lat' dir='ltr'><strong>varietates</strong></span> <span class='ocrx_word' id='word_1_501' title='bbox 1309 5569 1625 5636; x_wconf 69' lang='lat' dir='ltr'><strong>Hieronymus</strong></span> <span class='ocrx_word' id='word_1_502' title='bbox 1653 5578 1702 5621; x_wconf 86' lang='lat' dir='ltr'><strong>et</strong></span> <span class='ocrx_word' id='word_1_503' title='bbox 1724 5571 1802 5636; x_wconf 87' lang='lat' dir='ltr'><strong>alii</strong></span> <span class='ocrx_word' id='word_1_504' title='bbox 1833 5573 2006 5636; x_wconf 80' lang='lat' dir='ltr'><strong>passim</strong></span> 
     </span>
    </p>
   </div>
   <div class='ocr_carea' id='block_1_61' title="bbox 412 5631 2004 5696">
    <p class='ocr_par' dir='ltr' id='par_1_61' title="bbox 412 5631 2004 5696">
     <span class='ocr_line' id='line_1_64' title="bbox 412 5631 2004 5696; baseline 0 -11"><span class='ocrx_word' id='word_1_505' title='bbox 412 5631 660 5686; x_wconf 68' lang='lat' dir='ltr'><strong>aﬁlrmant.</strong></span> <span class='ocrx_word' id='word_1_506' title='bbox 680 5635 843 5687; x_wconf 72' lang='lat' dir='ltr'><strong>(‘pdex</strong></span> <span class='ocrx_word' id='word_1_507' title='bbox 858 5645 1056 5696; x_wconf 87' lang='lat' dir='ltr'><strong>quoque</strong></span> <span class='ocrx_word' id='word_1_508' title='bbox 1071 5631 1663 5696; x_wconf 59' lang='lat' dir='ltr'><strong>Lugdunensistsachorem</strong></span> <span class='ocrx_word' id='word_1_509' title='bbox 1678 5635 1821 5696; x_wconf 75' lang='lat' dir='ltr'><strong>etiam</strong></span> <span class='ocrx_word' id='word_1_510' title='bbox 1836 5631 2004 5685; x_wconf 91' lang='lat' dir='ltr'><strong>habet.</strong></span> 
     </span>
    </p>
   </div>
   <div class='ocr_carea' id='block_1_62' title="bbox 475 5692 1719 5761">
    <p class='ocr_par' dir='ltr' id='par_1_62' title="bbox 475 5692 1719 5761">
     <span class='ocr_line' id='line_1_65' title="bbox 475 5692 1719 5761; baseline -0.002 -14"><span class='ocrx_word' id='word_1_511' title='bbox 475 5700 545 5761; x_wconf 81' lang='grc' dir='ltr'><strong>(ε)</strong></span> <span class='ocrx_word' id='word_1_512' title='bbox 579 5698 703 5748; x_wconf 79' lang='lat' dir='ltr'><strong>Vide</strong></span> <span class='ocrx_word' id='word_1_513' title='bbox 720 5692 893 5746; x_wconf 74' lang='lat' dir='ltr'><strong>HomilI</strong></span> <span class='ocrx_word' id='word_1_514' title='bbox 914 5692 991 5761; x_wconf 59' lang='grc' dir='ltr'><strong>ὅδ’</strong></span> <span class='ocrx_word' id='word_1_515' title='bbox 1007 5696 1056 5761; x_wconf 78' lang='lat' dir='ltr'><strong>in</strong></span> <span class='ocrx_word' id='word_1_516' title='bbox 1077 5692 1364 5761; x_wconf 69' lang='lat' dir='ltr'><strong>Geb_.,_&#39;!‘om.</strong></span> <span class='ocrx_word' id='word_1_517' title='bbox 1386 5692 1473 5761; x_wconf 69' lang='lat' dir='ltr'><strong>IV,</strong></span> <span class='ocrx_word' id='word_1_518' title='bbox 1488 5692 1719 5761; x_wconf 62' lang='lat' dir='ltr'><strong>_t_‘1)l_._538.</strong></span> 
     </span>
    </p>
   </div>
   <div class='ocr_carea' id='block_1_63' title="bbox 473 5753 1637 5823">
    <p class='ocr_par' dir='ltr' id='par_1_63' title="bbox 473 5753 1637 5823">
     <span class='ocr_line' id='line_1_66' title="bbox 473 5753 1637 5823; baseline -0.008 -13"><span class='ocrx_word' id='word_1_519' title='bbox 473 5753 553 5823; x_wconf 70' lang='grc' dir='ltr'><strong>(α’)</strong></span> <span class='ocrx_word' id='word_1_520' title='bbox 586 5761 835 5810; x_wconf 85' lang='lat' dir='ltr'><strong>Sectiones</strong></span> <span class='ocrx_word' id='word_1_521' title='bbox 852 5755 1145 5807; x_wconf 83' lang='lat' dir='ltr'><strong>animalium.</strong></span> <span class='ocrx_word' id='word_1_522' title='bbox 1168 5753 1294 5809; x_wconf 84' lang='lat' dir='ltr'><strong>Vide</strong></span> <span class='ocrx_word' id='word_1_523' title='bbox 1312 5761 1427 5806; x_wconf 85' lang='lat' dir='ltr'><strong>Gen.</strong></span> <span class='ocrx_word' id='word_1_524' title='bbox 1457 5756 1531 5817; x_wconf 84' lang='lat' dir='ltr'><strong>l5,</strong></span> <span class='ocrx_word' id='word_1_525' title='bbox 1558 5756 1637 5809; x_wconf 78' lang='lat'><strong>10,</strong></span> 
     </span>
    </p>
   </div>
   <div class='ocr_carea' id='block_1_64' title="bbox 1118 299 2910 370">
    <p class='ocr_par' dir='ltr' id='par_1_64' title="bbox 1118 299 2910 370">
     <span class='ocr_line' id='line_1_67' title="bbox 1118 299 2910 370; baseline -0.001 -1"><span class='ocrx_word' id='word_1_526' title='bbox 1118 312 1177 369; x_wconf 88' lang='lat' dir='ltr'><strong>S.</strong></span> <span class='ocrx_word' id='word_1_527' title='bbox 1215 312 1494 370; x_wconf 81' lang='lat' dir='ltr'><strong>JOANNIS</strong></span> <span class='ocrx_word' id='word_1_528' title='bbox 1517 309 1992 370; x_wconf 73' lang='lat' dir='ltr'><strong>CIIRYSOSTOMI</strong></span> <span class='ocrx_word' id='word_1_529' title='bbox 2030 308 2344 367; x_wconf 81' lang='lat' dir='ltr'><strong>ARCHIEP.</strong></span> <span class='ocrx_word' id='word_1_530' title='bbox 2375 299 2910 369; x_wconf 82' lang='lat' dir='ltr'><strong>CONSTANTINOP.</strong></span> 
     </span>
    </p>
   </div>
   <div class='ocr_carea' id='block_1_65' title="bbox 3590 317 3690 377">
    <p class='ocr_par' dir='ltr' id='par_1_65' title="bbox 3590 317 3690 377">
     <span class='ocr_line' id='line_1_68' title="bbox 3590 317 3690 377; baseline -0.02 0"><span class='ocrx_word' id='word_1_531' title='bbox 3590 317 3690 377; x_wconf 74' lang='lat'><strong>520</strong></span> 
     </span>
    </p>
   </div>
   <div class='ocr_carea' id='block_1_66' title="bbox 2103 421 3686 499">
    <p class='ocr_par' dir='ltr' id='par_1_66' title="bbox 2103 421 3686 499">
     <span class='ocr_line' id='line_1_69' title="bbox 2103 421 3686 499; baseline 0.004 -22"><span class='ocrx_word' id='word_1_532' title='bbox 2103 437 2225 477; x_wconf 89' lang='lat' dir='ltr'><strong>nam</strong></span> <span class='ocrx_word' id='word_1_533' title='bbox 2266 437 2416 478; x_wconf 90' lang='lat' dir='ltr'><strong>suam</strong></span> <span class='ocrx_word' id='word_1_534' title='bbox 2457 421 2670 487; x_wconf 88' lang='lat' dir='ltr'><strong>redire;</strong></span> <span class='ocrx_word' id='word_1_535' title='bbox 2726 422 3242 496; x_wconf 86' lang='lat' dir='ltr'><strong>promissionemque</strong></span> <span class='ocrx_word' id='word_1_536' title='bbox 3278 428 3473 499; x_wconf 79' lang='lat' dir='ltr'><strong>accipit</strong></span> <span class='ocrx_word' id='word_1_537' title='bbox 3509 444 3686 485; x_wconf 83' lang='lat' dir='ltr'><strong>semen</strong></span> 
     </span>
    </p>
   </div>
   <div class='ocr_carea' id='block_1_67' title="bbox 2101 514 3679 591">
    <p class='ocr_par' dir='ltr' id='par_1_67' title="bbox 2101 514 3679 591">
     <span class='ocr_line' id='line_1_70' title="bbox 2101 514 3679 591; baseline 0.004 -23"><span class='ocrx_word' id='word_1_538' title='bbox 2101 514 2268 584; x_wconf 90' lang='lat' dir='ltr'><strong>ipsius</strong></span> <span class='ocrx_word' id='word_1_539' title='bbox 2322 514 2781 585; x_wconf 89' lang='lat' dir='ltr'><strong>multiplicandum</strong></span> <span class='ocrx_word' id='word_1_540' title='bbox 2835 530 2957 571; x_wconf 88' lang='lat' dir='ltr'><strong>esse</strong></span> <span class='ocrx_word' id='word_1_541' title='bbox 3008 532 3024 571; x_wconf 92' lang='lat'><strong>:</strong></span> <span class='ocrx_word' id='word_1_542' title='bbox 3074 532 3346 589; x_wconf 87' lang='lat' dir='ltr'><strong>pueroque</strong></span> <span class='ocrx_word' id='word_1_543' title='bbox 3399 529 3679 591; x_wconf 81' lang='lat' dir='ltr'><strong>antequam</strong></span> 
     </span>
    </p>
   </div>
   <div class='ocr_carea' id='block_1_68' title="bbox 2101 606 3683 681">
    <p class='ocr_par' dir='ltr' id='par_1_68' title="bbox 2101 606 3683 681">
     <span class='ocr_line' id='line_1_71' title="bbox 2101 606 3683 681; baseline 0.006 -23"><span class='ocrx_word' id='word_1_544' title='bbox 2101 615 2418 661; x_wconf 88' lang='lat' dir='ltr'><strong>nasceretur</strong></span> <span class='ocrx_word' id='word_1_545' title='bbox 2469 621 2660 660; x_wconf 88' lang='lat' dir='ltr'><strong>nomen</strong></span> <span class='ocrx_word' id='word_1_546' title='bbox 2710 606 2935 675; x_wconf 88' lang='lat' dir='ltr'><strong>imponit</strong></span> <span class='ocrx_word' id='word_1_547' title='bbox 2983 609 3201 678; x_wconf 73' lang='lat' dir='ltr'><strong>angelus</strong></span> <span class='ocrx_word' id='word_1_548' title='bbox 3229 649 3246 676; x_wconf 94' lang='lat'><strong>,</strong></span> <span class='ocrx_word' id='word_1_549' title='bbox 3277 610 3467 666; x_wconf 88' lang='lat' dir='ltr'><strong>Ismael</strong></span> <span class='ocrx_word' id='word_1_550' title='bbox 3523 612 3683 681; x_wconf 81' lang='lat' dir='ltr'><strong>ipsum</strong></span> 
     </span>
    </p>
   </div>
   <div class='ocr_carea' id='block_1_69' title="bbox 2099 696 3684 767">
    <p class='ocr_par' dir='ltr' id='par_1_69' title="bbox 2099 696 3684 767">
     <span class='ocr_line' id='line_1_72' title="bbox 2099 696 3684 767; baseline 0.004 -18"><span class='ocrx_word' id='word_1_551' title='bbox 2099 696 2393 765; x_wconf 83' lang='lat' dir='ltr'><strong>appellans.</strong></span> <span class='ocrx_word' id='word_1_552' title='bbox 2426 696 2639 767; x_wconf 84' lang='lat' dir='ltr'><strong>Peperit</strong></span> <span class='ocrx_word' id='word_1_553' title='bbox 2667 702 2809 765; x_wconf 82' lang='lat' dir='ltr'><strong>Agar</strong></span> <span class='ocrx_word' id='word_1_554' title='bbox 2835 697 3114 753; x_wconf 88' lang='lat' dir='ltr'><strong>Ismaelem</strong></span> <span class='ocrx_word' id='word_1_555' title='bbox 3133 740 3148 765; x_wconf 93' lang='lat'><strong>,</strong></span> <span class='ocrx_word' id='word_1_556' title='bbox 3178 708 3232 754; x_wconf 90' lang='lat' dir='ltr'><strong>et</strong></span> <span class='ocrx_word' id='word_1_557' title='bbox 3260 700 3541 755; x_wconf 82' lang='lat' dir='ltr'><strong>Abraham</strong></span> <span class='ocrx_word' id='word_1_558' title='bbox 3578 717 3684 756; x_wconf 86' lang='lat' dir='ltr'><strong>cum</strong></span> 
     </span>
    </p>
   </div>
   <div class='ocr_carea' id='block_1_70' title="bbox 2100 788 3682 857">
    <p class='ocr_par' dir='ltr' id='par_1_70' title="bbox 2100 788 3682 857">
     <span class='ocr_line' id='line_1_73' title="bbox 2100 788 3682 857; baseline 0.004 -18"><span class='ocrx_word' id='word_1_559' title='bbox 2100 788 2389 857; x_wconf 88' lang='lat' dir='ltr'><strong>nonaginta</strong></span> <span class='ocrx_word' id='word_1_560' title='bbox 2440 801 2634 843; x_wconf 90' lang='lat' dir='ltr'><strong>novem</strong></span> <span class='ocrx_word' id='word_1_561' title='bbox 2686 802 2948 843; x_wconf 87' lang='lat' dir='ltr'><strong>annorum</strong></span> <span class='ocrx_word' id='word_1_562' title='bbox 2988 798 3167 851; x_wconf 86' lang='lat' dir='ltr'><strong>esset,</strong></span> <span class='ocrx_word' id='word_1_563' title='bbox 3218 806 3411 845; x_wconf 87' lang='lat' dir='ltr'><strong>nomen</strong></span> <span class='ocrx_word' id='word_1_564' title='bbox 3456 794 3682 846; x_wconf 83' lang='lat' dir='ltr'><strong>mutavit.</strong></span> 
     </span>
    </p>
   </div>
   <div class='ocr_carea' id='block_1_71' title="bbox 2100 875 3683 944">
    <p class='ocr_par' dir='ltr' id='par_1_71' title="bbox 2100 875 3683 944">
     <span class='ocr_line' id='line_1_74' title="bbox 2100 875 3683 944; baseline 0.004 -14"><span class='ocrx_word' id='word_1_565' title='bbox 2100 875 2215 930; x_wconf 81' lang='lat' dir='ltr'><strong>Non</strong></span> <span class='ocrx_word' id='word_1_566' title='bbox 2247 877 2389 931; x_wconf 90' lang='lat' dir='ltr'><strong>enim</strong></span> <span class='ocrx_word' id='word_1_567' title='bbox 2423 879 2561 932; x_wconf 86' lang='lat' dir='ltr'><strong>ultra</strong></span> <span class='ocrx_word' id='word_1_568' title='bbox 2601 878 2823 944; x_wconf 86' lang='lat' dir='ltr'><strong>Abram,</strong></span> <span class='ocrx_word' id='word_1_569' title='bbox 2865 877 2960 933; x_wconf 87' lang='lat' dir='ltr'><strong>sed</strong></span> <span class='ocrx_word' id='word_1_570' title='bbox 2999 879 3271 936; x_wconf 83' lang='lat' dir='ltr'><strong>Abraham</strong></span> <span class='ocrx_word' id='word_1_571' title='bbox 3324 892 3554 938; x_wconf 81' lang='lat' dir='ltr'><strong>vocatus</strong></span> <span class='ocrx_word' id='word_1_572' title='bbox 3593 892 3683 937; x_wconf 88' lang='lat' dir='ltr'><strong>est.</strong></span> 
     </span>
    </p>
   </div>
   <div class='ocr_carea' id='block_1_72' title="bbox 2100 967 3685 1039">
    <p class='ocr_par' dir='ltr' id='par_1_72' title="bbox 2100 967 3685 1039">
     <span class='ocr_line' id='line_1_75' title="bbox 2100 967 3685 1039; baseline 0.004 -17"><span class='ocrx_word' id='word_1_573' title='bbox 2100 967 2353 1039; x_wconf 65' lang='lat' dir='ltr'><strong>Prmeipit</strong></span> <span class='ocrx_word' id='word_1_574' title='bbox 2382 970 2452 1023; x_wconf 90' lang='lat' dir='ltr'><strong>illi</strong></span> <span class='ocrx_word' id='word_1_575' title='bbox 2495 971 2634 1024; x_wconf 89' lang='lat' dir='ltr'><strong>Deus</strong></span> <span class='ocrx_word' id='word_1_576' title='bbox 2661 980 2717 1025; x_wconf 91' lang='lat' dir='ltr'><strong>ut</strong></span> <span class='ocrx_word' id='word_1_577' title='bbox 2745 972 3157 1026; x_wconf 88' lang='lat' dir='ltr'><strong>circumcldatnr</strong></span> <span class='ocrx_word' id='word_1_578' title='bbox 3199 988 3319 1028; x_wconf 92' lang='lat' dir='ltr'><strong>cum</strong></span> <span class='ocrx_word' id='word_1_579' title='bbox 3351 984 3462 1028; x_wconf 89' lang='lat' dir='ltr'><strong>tota</strong></span> <span class='ocrx_word' id='word_1_580' title='bbox 3496 976 3685 1029; x_wconf 88' lang='lat' dir='ltr'><strong>domo:</strong></span> 
     </span>
    </p>
   </div>
   <div class='ocr_carea' id='block_1_73' title="bbox 2100 1062 3672 1135">
    <p class='ocr_par' dir='ltr' id='par_1_73' title="bbox 2100 1062 3672 1135">
     <span class='ocr_line' id='line_1_76' title="bbox 2100 1062 3672 1135; baseline 0.001 -17"><span class='ocrx_word' id='word_1_581' title='bbox 2100 1077 2398 1133; x_wconf 90' lang='lat' dir='ltr'><strong>nomenque</strong></span> <span class='ocrx_word' id='word_1_582' title='bbox 2437 1062 2859 1129; x_wconf 53' lang='lat' dir='ltr'><strong>Sarae&#39;mutatur,</strong></span> <span class='ocrx_word' id='word_1_583' title='bbox 2885 1072 3210 1135; x_wconf 87' lang='lat' dir='ltr'><strong>vocaturque</strong></span> <span class='ocrx_word' id='word_1_584' title='bbox 3246 1063 3343 1119; x_wconf 89' lang='lat' dir='ltr'><strong>illa</strong></span> <span class='ocrx_word' id='word_1_585' title='bbox 3373 1066 3534 1122; x_wconf 88' lang='lat' dir='ltr'><strong>Sara.</strong></span> <span class='ocrx_word' id='word_1_586' title='bbox 3589 1071 3672 1122; x_wconf 87' lang='lat' dir='ltr'><strong>Ac-</strong></span> 
     </span>
    </p>
   </div>
   <div class='ocr_carea' id='block_1_74' title="bbox 2100 1162 3684 1235">
    <p class='ocr_par' dir='ltr' id='par_1_74' title="bbox 2100 1162 3684 1235">
     <span class='ocr_line' id='line_1_77' title="bbox 2100 1162 3684 1235; baseline -0.001 -16"><span class='ocrx_word' id='word_1_587' title='bbox 2100 1164 2230 1235; x_wconf 92' lang='lat' dir='ltr'><strong>cipit</strong></span> <span class='ocrx_word' id='word_1_588' title='bbox 2273 1164 2537 1218; x_wconf 89' lang='lat' dir='ltr'><strong>Abraham</strong></span> <span class='ocrx_word' id='word_1_589' title='bbox 2582 1162 2987 1234; x_wconf 89' lang='lat' dir='ltr'><strong>promissionem</strong></span> <span class='ocrx_word' id='word_1_590' title='bbox 3035 1164 3175 1218; x_wconf 88' lang='lat' dir='ltr'><strong>circa</strong></span> <span class='ocrx_word' id='word_1_591' title='bbox 3219 1162 3481 1220; x_wconf 87' lang='lat' dir='ltr'><strong>Isaacum.</strong></span> <span class='ocrx_word' id='word_1_592' title='bbox 3522 1168 3684 1233; x_wconf 84' lang='lat' dir='ltr'><strong>Appa-</strong></span> 
     </span>
    </p>
   </div>
   <div class='ocr_carea' id='block_1_75' title="bbox 2101 1252 3682 1329">
    <p class='ocr_par' dir='ltr' id='par_1_75' title="bbox 2101 1252 3682 1329">
     <span class='ocr_line' id='line_1_78' title="bbox 2101 1252 3682 1329; baseline 0.001 -20"><span class='ocrx_word' id='word_1_593' title='bbox 2101 1262 2182 1310; x_wconf 86' lang='lat' dir='ltr'><strong>ret</strong></span> <span class='ocrx_word' id='word_1_594' title='bbox 2220 1256 2522 1310; x_wconf 88' lang='lat' dir='ltr'><strong>Abrahamo</strong></span> <span class='ocrx_word' id='word_1_595' title='bbox 2559 1254 2726 1309; x_wconf 89' lang='lat' dir='ltr'><strong>Filius</strong></span> <span class='ocrx_word' id='word_1_596' title='bbox 2775 1255 2865 1310; x_wconf 90' lang='lat' dir='ltr'><strong>Dei</strong></span> <span class='ocrx_word' id='word_1_597' title='bbox 2909 1252 2984 1329; x_wconf 89' lang='lat' dir='ltr'><strong>(a)</strong></span> <span class='ocrx_word' id='word_1_598' title='bbox 3022 1271 3140 1310; x_wconf 91' lang='lat' dir='ltr'><strong>cum</strong></span> <span class='ocrx_word' id='word_1_599' title='bbox 3186 1255 3390 1311; x_wconf 92' lang='lat' dir='ltr'><strong>duobus</strong></span> <span class='ocrx_word' id='word_1_600' title='bbox 3446 1259 3682 1328; x_wconf 80' lang='lat' dir='ltr'><strong>angelis,</strong></span> 
     </span>
    </p>
   </div>
   <div class='ocr_carea' id='block_1_76' title="bbox 2100 1347 3685 1419">
    <p class='ocr_par' dir='ltr' id='par_1_76' title="bbox 2100 1347 3685 1419">
     <span class='ocr_line' id='line_1_79' title="bbox 2100 1347 3685 1419; baseline -0.001 -16"><span class='ocrx_word' id='word_1_601' title='bbox 2100 1357 2156 1403; x_wconf 89' lang='lat' dir='ltr'><strong>et</strong></span> <span class='ocrx_word' id='word_1_602' title='bbox 2195 1348 2269 1401; x_wconf 89' lang='lat' dir='ltr'><strong>ait</strong></span> <span class='ocrx_word' id='word_1_603' title='bbox 2311 1347 2384 1401; x_wconf 91' lang='lat' dir='ltr'><strong>illi</strong></span> <span class='ocrx_word' id='word_1_604' title='bbox 2420 1366 2433 1403; x_wconf 91' lang='lat'><strong>:</strong></span> <span class='ocrx_word' id='word_1_605' title='bbox 2464 1349 2704 1403; x_wconf 81' lang='lat' dir='ltr'><strong>Revertar</strong></span> <span class='ocrx_word' id='word_1_606' title='bbox 2741 1348 2808 1400; x_wconf 87' lang='lat' dir='ltr'><strong>ad</strong></span> <span class='ocrx_word' id='word_1_607' title='bbox 2846 1356 2893 1401; x_wconf 85' lang='lat' dir='ltr'><strong>te</strong></span> <span class='ocrx_word' id='word_1_608' title='bbox 2929 1359 3149 1419; x_wconf 63' lang='lat' dir='ltr'><strong>tenuiore</strong></span> <span class='ocrx_word' id='word_1_609' title='bbox 3184 1350 3279 1403; x_wconf 80' lang='lat' dir='ltr'><strong>isto</strong></span> <span class='ocrx_word' id='word_1_610' title='bbox 3318 1352 3385 1403; x_wconf 86' lang='lat' dir='ltr'><strong>ad</strong></span> <span class='ocrx_word' id='word_1_611' title='bbox 3422 1350 3585 1405; x_wconf 80' lang='lat' dir='ltr'><strong>horas</strong></span> <span class='ocrx_word' id='word_1_612' title='bbox 3613 1363 3685 1404; x_wconf 73' lang='lat' dir='ltr'><strong>:rt</strong></span> 
     </span>
    </p>
   </div>
   <div class='ocr_carea' id='block_1_77' title="bbox 2103 1438 3687 1513">
    <p class='ocr_par' dir='ltr' id='par_1_77' title="bbox 2103 1438 3687 1513">
     <span class='ocr_line' id='line_1_80' title="bbox 2103 1438 3687 1513; baseline 0.002 -23"><span class='ocrx_word' id='word_1_613' title='bbox 2103 1438 2300 1491; x_wconf 74' lang='lat' dir='ltr'><strong>habebit</strong></span> <span class='ocrx_word' id='word_1_614' title='bbox 2326 1439 2488 1506; x_wconf 82' lang='lat' dir='ltr'><strong>ﬁlium</strong></span> <span class='ocrx_word' id='word_1_615' title='bbox 2520 1438 2683 1493; x_wconf 85' lang='lat' dir='ltr'><strong>Sarra</strong></span> <span class='ocrx_word' id='word_1_616' title='bbox 2710 1455 2837 1492; x_wconf 74' lang='lat' dir='ltr'><strong>uxor</strong></span> <span class='ocrx_word' id='word_1_617' title='bbox 2862 1449 2948 1491; x_wconf 88' lang='lat' dir='ltr'><strong>tua</strong></span> <span class='ocrx_word' id='word_1_618' title='bbox 2971 1438 2989 1513; x_wconf 95' lang='lat'>(</span> <span class='ocrx_word' id='word_1_619' title='bbox 3014 1438 3234 1495; x_wconf 70' lang='lat' dir='ltr'><strong>Gemis.</strong></span> <span class='ocrx_word' id='word_1_620' title='bbox 3272 1438 3397 1513; x_wconf 74' lang='grc'>10).</span> <span class='ocrx_word' id='word_1_621' title='bbox 3420 1442 3687 1496; x_wconf 83' lang='lat' dir='ltr'><strong>Abraham</strong></span> 
     </span>
    </p>
   </div>
   <div class='ocr_carea' id='block_1_78' title="bbox 2104 1528 3686 1602">
    <p class='ocr_par' dir='ltr' id='par_1_78' title="bbox 2104 1528 3686 1602">
     <span class='ocr_line' id='line_1_81' title="bbox 2104 1528 3686 1602; baseline 0.001 -18"><span class='ocrx_word' id='word_1_622' title='bbox 2104 1528 2351 1584; x_wconf 83' lang='lat' dir='ltr'><strong>obsecrat</strong></span> <span class='ocrx_word' id='word_1_623' title='bbox 2378 1530 2538 1584; x_wconf 92' lang='lat' dir='ltr'><strong>Deum</strong></span> <span class='ocrx_word' id='word_1_624' title='bbox 2582 1545 2677 1599; x_wconf 89' lang='lat' dir='ltr'><strong>pro</strong></span> <span class='ocrx_word' id='word_1_625' title='bbox 2717 1529 2989 1585; x_wconf 86' lang='lat' dir='ltr'><strong>Sodomis.</strong></span> <span class='ocrx_word' id='word_1_626' title='bbox 3033 1530 3147 1584; x_wconf 92' lang='lat' dir='ltr'><strong>Duo</strong></span> <span class='ocrx_word' id='word_1_627' title='bbox 3172 1531 3344 1602; x_wconf 83' lang='lat' dir='ltr'><strong>angeli</strong></span> <span class='ocrx_word' id='word_1_628' title='bbox 3387 1532 3613 1587; x_wconf 88' lang='lat' dir='ltr'><strong>veniunt</strong></span> <span class='ocrx_word' id='word_1_629' title='bbox 3637 1536 3686 1586; x_wconf 81' lang='lat' dir='ltr'><strong>ad</strong></span> 
     </span>
    </p>
   </div>
   <div class='ocr_carea' id='block_1_79' title="bbox 2104 1619 3686 1693">
    <p class='ocr_par' dir='ltr' id='par_1_79' title="bbox 2104 1619 3686 1693">
     <span class='ocr_line' id='line_1_82' title="bbox 2104 1619 3686 1693; baseline 0.001 -19"><span class='ocrx_word' id='word_1_630' title='bbox 2104 1619 2224 1674; x_wconf 90' lang='lat' dir='ltr'><strong>Lot.</strong></span> <span class='ocrx_word' id='word_1_631' title='bbox 2269 1620 2531 1675; x_wconf 85' lang='lat' dir='ltr'><strong>lustantes</strong></span> <span class='ocrx_word' id='word_1_632' title='bbox 2573 1620 2864 1675; x_wconf 72' lang='lat' dir='ltr'><strong>Sodomita:</strong></span> <span class='ocrx_word' id='word_1_633' title='bbox 2910 1623 3221 1690; x_wconf 88' lang='lat' dir='ltr'><strong>perquirunt</strong></span> <span class='ocrx_word' id='word_1_634' title='bbox 3258 1637 3367 1686; x_wconf 91' lang='lat' dir='ltr'><strong>eos,</strong></span> <span class='ocrx_word' id='word_1_635' title='bbox 3411 1633 3466 1678; x_wconf 89' lang='lat' dir='ltr'><strong>et</strong></span> <span class='ocrx_word' id='word_1_636' title='bbox 3510 1640 3686 1693; x_wconf 82' lang='lat' dir='ltr'><strong>percu-</strong></span> 
     </span>
    </p>
   </div>
   <div class='ocr_carea' id='block_1_80' title="bbox 2106 1709 3684 1785">
    <p class='ocr_par' dir='ltr' id='par_1_80' title="bbox 2106 1709 3684 1785">
     <span class='ocr_line' id='line_1_83' title="bbox 2106 1709 3684 1785; baseline 0.003 -21"><span class='ocrx_word' id='word_1_637' title='bbox 2106 1712 2308 1764; x_wconf 89' lang='lat' dir='ltr'><strong>tiuntur</strong></span> <span class='ocrx_word' id='word_1_638' title='bbox 2335 1711 2591 1765; x_wconf 72' lang='lat' dir='ltr'><strong>czecitate.</strong></span> <span class='ocrx_word' id='word_1_639' title='bbox 2624 1709 2866 1764; x_wconf 89' lang='lat' dir='ltr'><strong>Abducto</strong></span> <span class='ocrx_word' id='word_1_640' title='bbox 2916 1722 3092 1766; x_wconf 90' lang='lat' dir='ltr'><strong>autem</strong></span> <span class='ocrx_word' id='word_1_641' title='bbox 3142 1712 3274 1767; x_wconf 92' lang='lat' dir='ltr'><strong>Loto</strong></span> <span class='ocrx_word' id='word_1_642' title='bbox 3320 1712 3499 1784; x_wconf 84' lang='lat' dir='ltr'><strong>angeli</strong></span> <span class='ocrx_word' id='word_1_643' title='bbox 3548 1731 3684 1785; x_wconf 50' lang='lat' dir='ltr'><strong>egre.</strong></span> 
     </span>
    </p>
   </div>
   <div class='ocr_carea' id='block_1_81' title="bbox 2106 1800 3687 1872">
    <p class='ocr_par' dir='ltr' id='par_1_81' title="bbox 2106 1800 3687 1872">
     <span class='ocr_line' id='line_1_84' title="bbox 2106 1800 3687 1872; baseline 0.003 -17"><span class='ocrx_word' id='word_1_644' title='bbox 2106 1800 2324 1856; x_wconf 87' lang='lat' dir='ltr'><strong>diuntur</strong></span> <span class='ocrx_word' id='word_1_645' title='bbox 2369 1801 2528 1855; x_wconf 91' lang='lat' dir='ltr'><strong>domo</strong></span> <span class='ocrx_word' id='word_1_646' title='bbox 2559 1820 2571 1856; x_wconf 91' lang='lat'><strong>:</strong></span> <span class='ocrx_word' id='word_1_647' title='bbox 2604 1810 2657 1856; x_wconf 89' lang='lat' dir='ltr'><strong>et</strong></span> <span class='ocrx_word' id='word_1_648' title='bbox 2684 1802 2798 1872; x_wconf 87' lang='lat' dir='ltr'><strong>ipse</strong></span> <span class='ocrx_word' id='word_1_649' title='bbox 2828 1802 3043 1872; x_wconf 85' lang='lat' dir='ltr'><strong>quidem</strong></span> <span class='ocrx_word' id='word_1_650' title='bbox 3091 1818 3210 1857; x_wconf 89' lang='lat' dir='ltr'><strong>cum</strong></span> <span class='ocrx_word' id='word_1_651' title='bbox 3266 1804 3474 1860; x_wconf 71' lang='lat' dir='ltr'><strong>ﬁliabus</strong></span> <span class='ocrx_word' id='word_1_652' title='bbox 3525 1809 3687 1860; x_wconf 72' lang='lat' dir='ltr'><strong>salvus</strong></span> 
     </span>
    </p>
   </div>
   <div class='ocr_carea' id='block_1_82' title="bbox 2106 1895 3683 1966">
    <p class='ocr_par' dir='ltr' id='par_1_82' title="bbox 2106 1895 3683 1966">
     <span class='ocr_line' id='line_1_85' title="bbox 2106 1895 3683 1966; baseline 0.001 -15"><span class='ocrx_word' id='word_1_653' title='bbox 2106 1895 2339 1966; x_wconf 82' lang='lat' dir='ltr'><strong>confugit</strong></span> <span class='ocrx_word' id='word_1_654' title='bbox 2362 1895 2413 1949; x_wconf 93' lang='lat' dir='ltr'><strong>in</strong></span> <span class='ocrx_word' id='word_1_655' title='bbox 2438 1895 2605 1965; x_wconf 81' lang='lat' dir='ltr'><strong>Segor</strong></span> <span class='ocrx_word' id='word_1_656' title='bbox 2630 1913 2643 1950; x_wconf 89' lang='lat'><strong>:</strong></span> <span class='ocrx_word' id='word_1_657' title='bbox 2673 1911 2806 1949; x_wconf 89' lang='lat' dir='ltr'><strong>uxor</strong></span> <span class='ocrx_word' id='word_1_658' title='bbox 2831 1905 3005 1950; x_wconf 91' lang='lat' dir='ltr'><strong>autem</strong></span> <span class='ocrx_word' id='word_1_659' title='bbox 3035 1896 3149 1965; x_wconf 89' lang='lat' dir='ltr'><strong>ejus</strong></span> <span class='ocrx_word' id='word_1_660' title='bbox 3178 1896 3311 1951; x_wconf 88' lang='lat' dir='ltr'><strong>facta</strong></span> <span class='ocrx_word' id='word_1_661' title='bbox 3339 1907 3421 1952; x_wconf 91' lang='lat' dir='ltr'><strong>est</strong></span> <span class='ocrx_word' id='word_1_662' title='bbox 3446 1901 3683 1953; x_wconf 80' lang='lat' dir='ltr'><strong>columna</strong></span> 
     </span>
    </p>
   </div>
   <div class='ocr_carea' id='block_1_83' title="bbox 2108 1985 3687 2062">
    <p class='ocr_par' dir='ltr' id='par_1_83' title="bbox 2108 1985 3687 2062">
     <span class='ocr_line' id='line_1_86' title="bbox 2108 1985 3687 2062; baseline 0.003 -22"><span class='ocrx_word' id='word_1_663' title='bbox 2108 1986 2250 2052; x_wconf 90' lang='lat' dir='ltr'><strong>salis,</strong></span> <span class='ocrx_word' id='word_1_664' title='bbox 2281 1987 2400 2055; x_wconf 89' lang='lat' dir='ltr'><strong>quia</strong></span> <span class='ocrx_word' id='word_1_665' title='bbox 2428 1994 2570 2039; x_wconf 89' lang='lat' dir='ltr'><strong>retro</strong></span> <span class='ocrx_word' id='word_1_666' title='bbox 2599 1987 2850 2054; x_wconf 78' lang='lat' dir='ltr'><strong>respexit.</strong></span> <span class='ocrx_word' id='word_1_667' title='bbox 2879 1985 2949 2041; x_wconf 88' lang='lat' dir='ltr'><strong>Ut</strong></span> <span class='ocrx_word' id='word_1_668' title='bbox 2974 2002 3100 2041; x_wconf 86' lang='lat' dir='ltr'><strong>vero</strong></span> <span class='ocrx_word' id='word_1_669' title='bbox 3124 1987 3519 2044; x_wconf 88' lang='lat' dir='ltr'><strong>Sodomitarum</strong></span> <span class='ocrx_word' id='word_1_670' title='bbox 3558 1996 3687 2062; x_wconf 73' lang='lat' dir='ltr'><strong>rrg&#39;o</strong></span> 
     </span>
    </p>
   </div>
   <div class='ocr_carea' id='block_1_84' title="bbox 2109 2076 3685 2154">
    <p class='ocr_par' dir='ltr' id='par_1_84' title="bbox 2109 2076 3685 2154">
     <span class='ocr_line' id='line_1_87' title="bbox 2109 2076 3685 2154; baseline 0.005 -24"><span class='ocrx_word' id='word_1_671' title='bbox 2109 2076 2322 2131; x_wconf 88' lang='lat' dir='ltr'><strong>incensa</strong></span> <span class='ocrx_word' id='word_1_672' title='bbox 2352 2086 2432 2131; x_wconf 91' lang='lat' dir='ltr'><strong>est</strong></span> <span class='ocrx_word' id='word_1_673' title='bbox 2451 2086 2549 2142; x_wconf 83' lang='lat' dir='ltr'><strong>,et</strong></span> <span class='ocrx_word' id='word_1_674' title='bbox 2575 2077 2672 2131; x_wconf 88' lang='lat' dir='ltr'><strong>Lot</strong></span> <span class='ocrx_word' id='word_1_675' title='bbox 2701 2079 2752 2131; x_wconf 91' lang='lat' dir='ltr'><strong>in</strong></span> <span class='ocrx_word' id='word_1_676' title='bbox 2781 2087 3014 2133; x_wconf 91' lang='lat' dir='ltr'><strong>montem</strong></span> <span class='ocrx_word' id='word_1_677' title='bbox 3046 2095 3105 2135; x_wconf 86' lang='lat' dir='ltr'><strong>se</strong></span> <span class='ocrx_word' id='word_1_678' title='bbox 3145 2082 3400 2147; x_wconf 88' lang='lat' dir='ltr'><strong>contulit,</strong></span> <span class='ocrx_word' id='word_1_679' title='bbox 3430 2098 3685 2154; x_wconf 82' lang='lat' dir='ltr'><strong>concepe-</strong></span> 
     </span>
    </p>
   </div>
   <div class='ocr_carea' id='block_1_85' title="bbox 2111 2170 3681 2246">
    <p class='ocr_par' dir='ltr' id='par_1_85' title="bbox 2111 2170 3681 2246">
     <span class='ocr_line' id='line_1_88' title="bbox 2111 2170 3681 2246; baseline 0.005 -23"><span class='ocrx_word' id='word_1_680' title='bbox 2111 2179 2235 2223; x_wconf 88' lang='lat' dir='ltr'><strong>ruut</strong></span> <span class='ocrx_word' id='word_1_681' title='bbox 2264 2185 2329 2224; x_wconf 88' lang='lat' dir='ltr'><strong>ex</strong></span> <span class='ocrx_word' id='word_1_682' title='bbox 2362 2170 2453 2225; x_wconf 94' lang='lat' dir='ltr'><strong>illo</strong></span> <span class='ocrx_word' id='word_1_683' title='bbox 2498 2170 2616 2224; x_wconf 72' lang='lat' dir='ltr'><strong>dua:</strong></span> <span class='ocrx_word' id='word_1_684' title='bbox 2644 2170 2763 2224; x_wconf 64' lang='lat' dir='ltr'><strong>ﬁliae</strong></span> <span class='ocrx_word' id='word_1_685' title='bbox 2790 2170 2907 2240; x_wconf 89' lang='lat' dir='ltr'><strong>ejus</strong></span> <span class='ocrx_word' id='word_1_686' title='bbox 2934 2213 2948 2237; x_wconf 93' lang='lat'><strong>,</strong></span> <span class='ocrx_word' id='word_1_687' title='bbox 2981 2180 3033 2227; x_wconf 91' lang='lat' dir='ltr'><strong>et</strong></span> <span class='ocrx_word' id='word_1_688' title='bbox 3064 2172 3231 2243; x_wconf 89' lang='lat' dir='ltr'><strong>major</strong></span> <span class='ocrx_word' id='word_1_689' title='bbox 3271 2176 3481 2246; x_wconf 81' lang='lat' dir='ltr'><strong>peperit</strong></span> <span class='ocrx_word' id='word_1_690' title='bbox 3514 2177 3681 2241; x_wconf 79' lang='lat' dir='ltr'><strong>Moab,</strong></span> 
     </span>
    </p>
   </div>
   <div class='ocr_carea' id='block_1_86' title="bbox 2105 2250 3677 2337">
    <p class='ocr_par' dir='ltr' id='par_1_86' title="bbox 2105 2250 3677 2337">
     <span class='ocr_line' id='line_1_89' title="bbox 2105 2250 3677 2337; baseline 0.007 -25"><span class='ocrx_word' id='word_1_691' title='bbox 2105 2260 2287 2330; x_wconf 88' lang='lat' dir='ltr'><strong>junior</strong></span> <span class='ocrx_word' id='word_1_692' title='bbox 2311 2250 2439 2315; x_wconf 81' lang='lat' dir='ltr'><strong>vero</strong></span> <span class='ocrx_word' id='word_1_693' title='bbox 2480 2263 2706 2315; x_wconf 90' lang='lat' dir='ltr'><strong>Ammon</strong></span> <span class='ocrx_word' id='word_1_694' title='bbox 2761 2278 2773 2314; x_wconf 90' lang='lat'>:</span> <span class='ocrx_word' id='word_1_695' title='bbox 2821 2262 3019 2315; x_wconf 87' lang='lat' dir='ltr'><strong>coitum</strong></span> <span class='ocrx_word' id='word_1_696' title='bbox 3063 2278 3191 2318; x_wconf 89' lang='lat' dir='ltr'><strong>vero</strong></span> <span class='ocrx_word' id='word_1_697' title='bbox 3235 2279 3355 2319; x_wconf 93' lang='lat' dir='ltr'><strong>cum</strong></span> <span class='ocrx_word' id='word_1_698' title='bbox 3396 2275 3551 2336; x_wconf 83' lang='lat' dir='ltr'><strong>patre</strong></span> <span class='ocrx_word' id='word_1_699' title='bbox 3599 2282 3677 2337; x_wconf 75' lang='lat' dir='ltr'><strong>per</strong></span> 
     </span>
    </p>
   </div>
   <div class='ocr_carea' id='block_1_87' title="bbox 2112 2352 3681 2427">
    <p class='ocr_par' dir='ltr' id='par_1_87' title="bbox 2112 2352 3681 2427">
     <span class='ocr_line' id='line_1_90' title="bbox 2112 2352 3681 2427; baseline 0.004 -20"><span class='ocrx_word' id='word_1_700' title='bbox 2112 2353 2384 2408; x_wconf 90' lang='lat' dir='ltr'><strong>ebrietatis</strong></span> <span class='ocrx_word' id='word_1_701' title='bbox 2410 2352 2647 2407; x_wconf 92' lang='lat' dir='ltr'><strong>fraudem</strong></span> <span class='ocrx_word' id='word_1_702' title='bbox 2675 2364 3020 2424; x_wconf 73' lang='lat' dir='ltr'><strong>consequuta:</strong></span> <span class='ocrx_word' id='word_1_703' title='bbox 3050 2365 3191 2420; x_wconf 88' lang='lat' dir='ltr'><strong>sunt,</strong></span> <span class='ocrx_word' id='word_1_704' title='bbox 3240 2359 3501 2427; x_wconf 83' lang='lat' dir='ltr'><strong>putabant</strong></span> <span class='ocrx_word' id='word_1_705' title='bbox 3557 2361 3681 2415; x_wconf 74' lang='lat' dir='ltr'><strong>enim</strong></span> 
     </span>
    </p>
   </div>
   <div class='ocr_carea' id='block_1_88' title="bbox 2111 2445 3684 2520">
    <p class='ocr_par' dir='ltr' id='par_1_88' title="bbox 2111 2445 3684 2520">
     <span class='ocr_line' id='line_1_91' title="bbox 2111 2445 3684 2520; baseline 0.001 -19"><span class='ocrx_word' id='word_1_706' title='bbox 2111 2460 2280 2515; x_wconf 82' lang='lat' dir='ltr'><strong>genus</strong></span> <span class='ocrx_word' id='word_1_707' title='bbox 2326 2445 2616 2502; x_wconf 89' lang='lat' dir='ltr'><strong>humanum</strong></span> <span class='ocrx_word' id='word_1_708' title='bbox 2645 2446 2923 2502; x_wconf 86' lang='lat' dir='ltr'><strong>defecisse.</strong></span> <span class='ocrx_word' id='word_1_709' title='bbox 2948 2448 3317 2520; x_wconf 84' lang='lat' dir='ltr'><strong>Peregrinatus</strong></span> <span class='ocrx_word' id='word_1_710' title='bbox 3342 2462 3423 2506; x_wconf 90' lang='lat' dir='ltr'><strong>est</strong></span> <span class='ocrx_word' id='word_1_711' title='bbox 3453 2454 3510 2506; x_wconf 89' lang='lat' dir='ltr'><strong>in</strong></span> <span class='ocrx_word' id='word_1_712' title='bbox 3540 2453 3684 2509; x_wconf 51' lang='lat' dir='ltr'><strong>(Iern.</strong></span> 
     </span>
    </p>
   </div>
   <div class='ocr_carea' id='block_1_89' title="bbox 2113 2536 3681 2604">
    <p class='ocr_par' dir='ltr' id='par_1_89' title="bbox 2113 2536 3681 2604">
     <span class='ocr_line' id='line_1_92' title="bbox 2113 2536 3681 2604; baseline 0.004 -14"><span class='ocrx_word' id='word_1_713' title='bbox 2113 2536 2188 2590; x_wconf 90' lang='lat' dir='ltr'><strong>ris</strong></span> <span class='ocrx_word' id='word_1_714' title='bbox 2217 2536 2507 2604; x_wconf 84' lang='lat' dir='ltr'><strong>Abraham,</strong></span> <span class='ocrx_word' id='word_1_715' title='bbox 2541 2547 2593 2593; x_wconf 92' lang='lat' dir='ltr'><strong>et</strong></span> <span class='ocrx_word' id='word_1_716' title='bbox 2623 2538 2929 2594; x_wconf 86' lang='lat' dir='ltr'><strong>Ahimelech</strong></span> <span class='ocrx_word' id='word_1_717' title='bbox 2976 2556 3069 2594; x_wconf 92' lang='lat' dir='ltr'><strong>rex</strong></span> <span class='ocrx_word' id='word_1_718' title='bbox 3118 2539 3439 2597; x_wconf 86' lang='lat' dir='ltr'><strong>Gerarorum</strong></span> <span class='ocrx_word' id='word_1_719' title='bbox 3512 2542 3681 2598; x_wconf 74' lang='lat' dir='ltr'><strong>Seram</strong></span> 
     </span>
    </p>
   </div>
   <div class='ocr_carea' id='block_1_90' title="bbox 2109 2630 3682 2703">
    <p class='ocr_par' dir='ltr' id='par_1_90' title="bbox 2109 2630 3682 2703">
     <span class='ocr_line' id='line_1_93' title="bbox 2109 2630 3682 2703; baseline 0.005 -20"><span class='ocrx_word' id='word_1_720' title='bbox 2109 2630 2351 2699; x_wconf 69' lang='lat' dir='ltr'><strong>accepit:</strong></span> <span class='ocrx_word' id='word_1_721' title='bbox 2390 2631 2500 2685; x_wconf 90' lang='lat' dir='ltr'><strong>Deo</strong></span> <span class='ocrx_word' id='word_1_722' title='bbox 2522 2640 2696 2686; x_wconf 88' lang='lat' dir='ltr'><strong>autem</strong></span> <span class='ocrx_word' id='word_1_723' title='bbox 2730 2632 2902 2686; x_wconf 90' lang='lat' dir='ltr'><strong>minas</strong></span> <span class='ocrx_word' id='word_1_724' title='bbox 2941 2632 2993 2686; x_wconf 93' lang='lat' dir='ltr'><strong>in</strong></span> <span class='ocrx_word' id='word_1_725' title='bbox 3025 2634 3196 2703; x_wconf 89' lang='lat' dir='ltr'><strong>ipsum</strong></span> <span class='ocrx_word' id='word_1_726' title='bbox 3226 2634 3552 2699; x_wconf 84' lang='lat' dir='ltr'><strong>intentante,</strong></span> <span class='ocrx_word' id='word_1_727' title='bbox 3583 2652 3682 2691; x_wconf 33' lang='lat' dir='ltr'><strong>se‘e</strong></span> 
     </span>
    </p>
   </div>
   <div class='ocr_carea' id='block_1_91' title="bbox 2110 2720 3682 2792">
    <p class='ocr_par' dir='ltr' id='par_1_91' title="bbox 2110 2720 3682 2792">
     <span class='ocr_line' id='line_1_94' title="bbox 2110 2720 3682 2792; baseline 0.004 -18"><span class='ocrx_word' id='word_1_728' title='bbox 2110 2720 2370 2791; x_wconf 83' lang='lat' dir='ltr'><strong>purgabat</strong></span> <span class='ocrx_word' id='word_1_729' title='bbox 2399 2721 2486 2776; x_wconf 89' lang='lat' dir='ltr'><strong>ille</strong></span> <span class='ocrx_word' id='word_1_730' title='bbox 2512 2721 2712 2787; x_wconf 86' lang='lat' dir='ltr'><strong>dicens,</strong></span> <span class='ocrx_word' id='word_1_731' title='bbox 2743 2733 2958 2792; x_wconf 88' lang='lat' dir='ltr'><strong>putasse</strong></span> <span class='ocrx_word' id='word_1_732' title='bbox 2990 2724 3264 2779; x_wconf 89' lang='lat' dir='ltr'><strong>mulierem</strong></span> <span class='ocrx_word' id='word_1_733' title='bbox 3288 2725 3426 2779; x_wconf 87' lang='lat' dir='ltr'><strong>illam</strong></span> <span class='ocrx_word' id='word_1_734' title='bbox 3453 2741 3682 2780; x_wconf 46' lang='lat' dir='ltr'><strong>sorm&#39;m</strong></span> 
     </span>
    </p>
   </div>
   <div class='ocr_carea' id='block_1_92' title="bbox 2111 2813 3681 2882">
    <p class='ocr_par' dir='ltr' id='par_1_92' title="bbox 2111 2813 3681 2882">
     <span class='ocr_line' id='line_1_95' title="bbox 2111 2813 3681 2882; baseline 0.001 -16"><span class='ocrx_word' id='word_1_735' title='bbox 2111 2813 2225 2882; x_wconf 84' lang='lat' dir='ltr'><strong>ejus</strong></span> <span class='ocrx_word' id='word_1_736' title='bbox 2253 2827 2372 2867; x_wconf 90' lang='lat' dir='ltr'><strong>esse</strong></span> <span class='ocrx_word' id='word_1_737' title='bbox 2400 2831 2413 2867; x_wconf 91' lang='lat'><strong>:</strong></span> <span class='ocrx_word' id='word_1_738' title='bbox 2445 2815 2522 2868; x_wconf 89' lang='lat' dir='ltr'><strong>sic</strong></span> <span class='ocrx_word' id='word_1_739' title='bbox 2542 2816 2683 2867; x_wconf 91' lang='lat' dir='ltr'><strong>enim</strong></span> <span class='ocrx_word' id='word_1_740' title='bbox 2706 2813 2817 2882; x_wconf 85' lang='lat' dir='ltr'><strong>ipsa</strong></span> <span class='ocrx_word' id='word_1_741' title='bbox 2840 2814 3063 2869; x_wconf 84' lang='lat' dir='ltr'><strong>dixerat.</strong></span> <span class='ocrx_word' id='word_1_742' title='bbox 3097 2814 3346 2870; x_wconf 84' lang='lat' dir='ltr'><strong>Reddidit</strong></span> <span class='ocrx_word' id='word_1_743' title='bbox 3378 2831 3511 2870; x_wconf 83' lang='lat' dir='ltr'><strong>vero</strong></span> <span class='ocrx_word' id='word_1_744' title='bbox 3558 2818 3681 2871; x_wconf 77' lang='lat' dir='ltr'><strong>illam</strong></span> 
     </span>
    </p>
   </div>
   <div class='ocr_carea' id='block_1_93' title="bbox 2111 2902 3680 2976">
    <p class='ocr_par' dir='ltr' id='par_1_93' title="bbox 2111 2902 3680 2976">
     <span class='ocr_line' id='line_1_96' title="bbox 2111 2902 3680 2976; baseline 0.004 -19"><span class='ocrx_word' id='word_1_745' title='bbox 2111 2902 2340 2957; x_wconf 83' lang='lat' dir='ltr'><strong>Abrahae</strong></span> <span class='ocrx_word' id='word_1_746' title='bbox 2367 2918 2486 2957; x_wconf 92' lang='lat' dir='ltr'><strong>cum</strong></span> <span class='ocrx_word' id='word_1_747' title='bbox 2518 2903 2691 2959; x_wconf 89' lang='lat' dir='ltr'><strong>donis.</strong></span> <span class='ocrx_word' id='word_1_748' title='bbox 2720 2903 2869 2959; x_wconf 88' lang='lat' dir='ltr'><strong>&#39;I‘unc</strong></span> <span class='ocrx_word' id='word_1_749' title='bbox 2916 2915 3198 2976; x_wconf 86' lang='lat' dir='ltr'><strong>postquam</strong></span> <span class='ocrx_word' id='word_1_750' title='bbox 3249 2907 3452 2962; x_wconf 87' lang='lat' dir='ltr'><strong>reddita</strong></span> <span class='ocrx_word' id='word_1_751' title='bbox 3510 2911 3680 2969; x_wconf 80' lang='lat' dir='ltr'><strong>fuerat.</strong></span> 
     </span>
    </p>
   </div>
   <div class='ocr_carea' id='block_1_94' title="bbox 2111 2993 3683 3064">
    <p class='ocr_par' dir='ltr' id='par_1_94' title="bbox 2111 2993 3683 3064">
     <span class='ocr_line' id='line_1_97' title="bbox 2111 2993 3683 3064; baseline 0.001 -17"><span class='ocrx_word' id='word_1_752' title='bbox 2111 2994 2317 3064; x_wconf 90' lang='lat' dir='ltr'><strong>peperit</strong></span> <span class='ocrx_word' id='word_1_753' title='bbox 2338 2993 2587 3048; x_wconf 87' lang='lat' dir='ltr'><strong>lsaacum.</strong></span> <span class='ocrx_word' id='word_1_754' title='bbox 2619 2994 2776 3064; x_wconf 82' lang='lat' dir='ltr'><strong>Ejicit</strong></span> <span class='ocrx_word' id='word_1_755' title='bbox 2799 3005 2972 3049; x_wconf 87' lang='lat' dir='ltr'><strong>autem</strong></span> <span class='ocrx_word' id='word_1_756' title='bbox 2996 2996 3153 3051; x_wconf 86' lang='lat' dir='ltr'><strong>domo</strong></span> <span class='ocrx_word' id='word_1_757' title='bbox 3172 2998 3417 3052; x_wconf 90' lang='lat' dir='ltr'><strong>ancillam</strong></span> <span class='ocrx_word' id='word_1_758' title='bbox 3445 3015 3573 3053; x_wconf 83' lang='lat' dir='ltr'><strong>cum</strong></span> <span class='ocrx_word' id='word_1_759' title='bbox 3596 3002 3683 3052; x_wconf 83' lang='lat' dir='ltr'><strong>lilia</strong></span> 
     </span>
    </p>
   </div>
   <div class='ocr_carea' id='block_1_95' title="bbox 2112 3083 3683 3157">
    <p class='ocr_par' dir='ltr' id='par_1_95' title="bbox 2112 3083 3683 3157">
     <span class='ocr_line' id='line_1_98' title="bbox 2112 3083 3683 3157; baseline 0.002 -18"><span class='ocrx_word' id='word_1_760' title='bbox 2112 3085 2226 3149; x_wconf 88' lang='lat' dir='ltr'><strong>ejus</strong></span> <span class='ocrx_word' id='word_1_761' title='bbox 2257 3083 2500 3139; x_wconf 89' lang='lat' dir='ltr'><strong>lsmaele.</strong></span> <span class='ocrx_word' id='word_1_762' title='bbox 2531 3084 2839 3140; x_wconf 89' lang='lat' dir='ltr'><strong>Ahimelech</strong></span> <span class='ocrx_word' id='word_1_763' title='bbox 2858 3101 3017 3157; x_wconf 87' lang='lat' dir='ltr'><strong>porro</strong></span> <span class='ocrx_word' id='word_1_764' title='bbox 3036 3087 3230 3156; x_wconf 82' lang='lat' dir='ltr'><strong>pepigit</strong></span> <span class='ocrx_word' id='word_1_765' title='bbox 3246 3103 3364 3143; x_wconf 88' lang='lat' dir='ltr'><strong>cum</strong></span> <span class='ocrx_word' id='word_1_766' title='bbox 3392 3089 3683 3144; x_wconf 72' lang='lat' dir='ltr'><strong>Abrahamo</strong></span> 
     </span>
    </p>
   </div>
   <div class='ocr_carea' id='block_1_96' title="bbox 2113 3173 3687 3245">
    <p class='ocr_par' dir='ltr' id='par_1_96' title="bbox 2113 3173 3687 3245">
     <span class='ocr_line' id='line_1_99' title="bbox 2113 3173 3687 3245; baseline 0.004 -18"><span class='ocrx_word' id='word_1_767' title='bbox 2113 3173 2306 3241; x_wconf 84' lang='lat' dir='ltr'><strong>foedus,</strong></span> <span class='ocrx_word' id='word_1_768' title='bbox 2341 3186 2398 3229; x_wconf 90' lang='lat' dir='ltr'><strong>ut</strong></span> <span class='ocrx_word' id='word_1_769' title='bbox 2428 3175 2559 3229; x_wconf 89' lang='lat' dir='ltr'><strong>nihil</strong></span> <span class='ocrx_word' id='word_1_770' title='bbox 2579 3175 2787 3245; x_wconf 75' lang='lat' dir='ltr'><strong>injuria:</strong></span> <span class='ocrx_word' id='word_1_771' title='bbox 2818 3176 2956 3230; x_wconf 91' lang='lat' dir='ltr'><strong>inter</strong></span> <span class='ocrx_word' id='word_1_772' title='bbox 2985 3192 3077 3231; x_wconf 88' lang='lat' dir='ltr'><strong>eos</strong></span> <span class='ocrx_word' id='word_1_773' title='bbox 3103 3178 3507 3234; x_wconf 87' lang='lat' dir='ltr'><strong>intercederet:</strong></span> <span class='ocrx_word' id='word_1_774' title='bbox 3537 3191 3593 3235; x_wconf 88' lang='lat' dir='ltr'><strong>et</strong></span> <span class='ocrx_word' id='word_1_775' title='bbox 3614 3196 3687 3233; x_wconf 56' lang='lat' dir='ltr'><strong>ac.</strong></span> 
     </span>
    </p>
   </div>
   <div class='ocr_carea' id='block_1_97' title="bbox 2111 3268 3686 3339">
    <p class='ocr_par' dir='ltr' id='par_1_97' title="bbox 2111 3268 3686 3339">
     <span class='ocr_line' id='line_1_100' title="bbox 2111 3268 3686 3339; baseline 0 -16"><span class='ocrx_word' id='word_1_776' title='bbox 2111 3269 2241 3339; x_wconf 87' lang='lat' dir='ltr'><strong>cipit</strong></span> <span class='ocrx_word' id='word_1_777' title='bbox 2268 3268 2356 3323; x_wconf 92' lang='lat' dir='ltr'><strong>ille</strong></span> <span class='ocrx_word' id='word_1_778' title='bbox 2386 3277 2588 3338; x_wconf 89' lang='lat' dir='ltr'><strong>septem</strong></span> <span class='ocrx_word' id='word_1_779' title='bbox 2615 3283 2779 3339; x_wconf 86' lang='lat' dir='ltr'><strong>agnas</strong></span> <span class='ocrx_word' id='word_1_780' title='bbox 2810 3269 2876 3323; x_wconf 93' lang='lat' dir='ltr'><strong>ab</strong></span> <span class='ocrx_word' id='word_1_781' title='bbox 2903 3269 3222 3337; x_wconf 86' lang='lat' dir='ltr'><strong>Abrahamo,</strong></span> <span class='ocrx_word' id='word_1_782' title='bbox 3254 3271 3306 3324; x_wconf 91' lang='lat' dir='ltr'><strong>in</strong></span> <span class='ocrx_word' id='word_1_783' title='bbox 3334 3272 3686 3326; x_wconf 83' lang='lat' dir='ltr'><strong>testimonium</strong></span> 
     </span>
    </p>
   </div>
   <div class='ocr_carea' id='block_1_98' title="bbox 2112 3362 3685 3433">
    <p class='ocr_par' dir='ltr' id='par_1_98' title="bbox 2112 3362 3685 3433">
     <span class='ocr_line' id='line_1_101' title="bbox 2112 3362 3685 3433; baseline 0.002 -17"><span class='ocrx_word' id='word_1_784' title='bbox 2112 3364 2255 3433; x_wconf 87' lang='lat' dir='ltr'><strong>putei</strong></span> <span class='ocrx_word' id='word_1_785' title='bbox 2280 3362 2585 3433; x_wconf 85' lang='lat' dir='ltr'><strong>juramenti,</strong></span> <span class='ocrx_word' id='word_1_786' title='bbox 2621 3373 2673 3417; x_wconf 93' lang='lat' dir='ltr'><strong>ut</strong></span> <span class='ocrx_word' id='word_1_787' title='bbox 2706 3363 2878 3432; x_wconf 87' lang='lat' dir='ltr'><strong>palam</strong></span> <span class='ocrx_word' id='word_1_788' title='bbox 2918 3372 3062 3418; x_wconf 91' lang='lat' dir='ltr'><strong>esset</strong></span> <span class='ocrx_word' id='word_1_789' title='bbox 3103 3364 3247 3417; x_wconf 91' lang='lat' dir='ltr'><strong>illum</strong></span> <span class='ocrx_word' id='word_1_790' title='bbox 3277 3364 3510 3419; x_wconf 74' lang='lat' dir='ltr'><strong>Abrahre</strong></span> <span class='ocrx_word' id='word_1_791' title='bbox 3559 3380 3685 3419; x_wconf 80' lang='lat' dir='ltr'><strong>esse.</strong></span> 
     </span>
    </p>
   </div>
   <div class='ocr_carea' id='block_1_99' title="bbox 2111 3455 3686 3525">
    <p class='ocr_par' dir='ltr' id='par_1_99' title="bbox 2111 3455 3686 3525">
     <span class='ocr_line' id='line_1_102' title="bbox 2111 3455 3686 3525; baseline 0.001 -14"><span class='ocrx_word' id='word_1_792' title='bbox 2111 3455 2335 3511; x_wconf 81' lang='lat' dir='ltr'><strong>Jubetur</strong></span> <span class='ocrx_word' id='word_1_793' title='bbox 2364 3455 2631 3512; x_wconf 88' lang='lat' dir='ltr'><strong>Abraham</strong></span> <span class='ocrx_word' id='word_1_794' title='bbox 2676 3456 2840 3511; x_wconf 90' lang='lat' dir='ltr'><strong>ﬁlium</strong></span> <span class='ocrx_word' id='word_1_795' title='bbox 2864 3456 3059 3513; x_wconf 86' lang='lat' dir='ltr'><strong>olferre</strong></span> <span class='ocrx_word' id='word_1_796' title='bbox 3106 3457 3161 3511; x_wconf 90' lang='lat' dir='ltr'><strong>in</strong></span> <span class='ocrx_word' id='word_1_797' title='bbox 3211 3457 3605 3525; x_wconf 87' lang='lat' dir='ltr'><strong>holocaustum,</strong></span> <span class='ocrx_word' id='word_1_798' title='bbox 3647 3474 3686 3513; x_wconf 80' lang='lat' dir='ltr'><strong>et</strong></span> 
     </span>
    </p>
   </div>
   <div class='ocr_carea' id='block_1_100' title="bbox 2113 3549 3685 3622">
    <p class='ocr_par' dir='ltr' id='par_1_100' title="bbox 2113 3549 3685 3622">
     <span class='ocr_line' id='line_1_103' title="bbox 2113 3549 3685 3622; baseline -0.001 -18"><span class='ocrx_word' id='word_1_799' title='bbox 2113 3549 2288 3617; x_wconf 84' lang='lat' dir='ltr'><strong>offert,</strong></span> <span class='ocrx_word' id='word_1_800' title='bbox 2322 3550 2731 3622; x_wconf 89' lang='lat' dir='ltr'><strong>immolaturque</strong></span> <span class='ocrx_word' id='word_1_801' title='bbox 2770 3549 2909 3605; x_wconf 87' lang='lat' dir='ltr'><strong>aries</strong></span> <span class='ocrx_word' id='word_1_802' title='bbox 2936 3565 3030 3619; x_wconf 89' lang='lat' dir='ltr'><strong>pro</strong></span> <span class='ocrx_word' id='word_1_803' title='bbox 3056 3564 3141 3605; x_wconf 91' lang='lat' dir='ltr'><strong>co.</strong></span> <span class='ocrx_word' id='word_1_804' title='bbox 3183 3549 3307 3605; x_wconf 73' lang='lat' dir='ltr'><strong>Iirec</strong></span> <span class='ocrx_word' id='word_1_805' title='bbox 3346 3565 3509 3620; x_wconf 90' lang='lat' dir='ltr'><strong>porro</strong></span> <span class='ocrx_word' id='word_1_806' title='bbox 3538 3553 3685 3622; x_wconf 76' lang='lat' dir='ltr'><strong>ﬁgura</strong></span> 
     </span>
    </p>
   </div>
   <div class='ocr_carea' id='block_1_101' title="bbox 2113 3640 3686 3713">
    <p class='ocr_par' dir='ltr' id='par_1_101' title="bbox 2113 3640 3686 3713">
     <span class='ocr_line' id='line_1_104' title="bbox 2113 3640 3686 3713; baseline 0.001 -17"><span class='ocrx_word' id='word_1_807' title='bbox 2113 3651 2264 3696; x_wconf 88' lang='lat' dir='ltr'><strong>erant</strong></span> <span class='ocrx_word' id='word_1_808' title='bbox 2288 3641 2601 3697; x_wconf 67' lang='lat' dir='ltr'><strong>oeconomia:</strong></span> <span class='ocrx_word' id='word_1_809' title='bbox 2625 3656 2783 3712; x_wconf 87' lang='lat' dir='ltr'><strong>quam</strong></span> <span class='ocrx_word' id='word_1_810' title='bbox 2826 3657 2922 3713; x_wconf 88' lang='lat' dir='ltr'><strong>pro</strong></span> <span class='ocrx_word' id='word_1_811' title='bbox 2945 3642 3101 3696; x_wconf 89' lang='lat' dir='ltr'><strong>nobis</strong></span> <span class='ocrx_word' id='word_1_812' title='bbox 3155 3640 3566 3711; x_wconf 86' lang='lat' dir='ltr'><strong>dispensaturus</strong></span> <span class='ocrx_word' id='word_1_813' title='bbox 3589 3655 3686 3698; x_wconf 36' lang='lat' dir='ltr'><strong>erit</strong></span> 
     </span>
    </p>
   </div>
   <div class='ocr_carea' id='block_1_102' title="bbox 2114 3731 3687 3802">
    <p class='ocr_par' dir='ltr' id='par_1_102' title="bbox 2114 3731 3687 3802">
     <span class='ocr_line' id='line_1_105' title="bbox 2114 3731 3687 3802; baseline -0.001 -14"><span class='ocrx_word' id='word_1_814' title='bbox 2114 3732 2376 3788; x_wconf 89' lang='lat' dir='ltr'><strong>Christus.</strong></span> <span class='ocrx_word' id='word_1_815' title='bbox 2407 3732 2627 3786; x_wconf 79' lang='lat' dir='ltr'><strong>Moritur</strong></span> <span class='ocrx_word' id='word_1_816' title='bbox 2655 3731 2789 3788; x_wconf 88' lang='lat' dir='ltr'><strong>Sara</strong></span> <span class='ocrx_word' id='word_1_817' title='bbox 2815 3774 2830 3799; x_wconf 94' lang='lat'><strong>,</strong></span> <span class='ocrx_word' id='word_1_818' title='bbox 2862 3741 2915 3786; x_wconf 87' lang='lat' dir='ltr'><strong>et</strong></span> <span class='ocrx_word' id='word_1_819' title='bbox 2940 3741 3119 3802; x_wconf 88' lang='lat' dir='ltr'><strong>empto</strong></span> <span class='ocrx_word' id='word_1_820' title='bbox 3162 3732 3279 3787; x_wconf 93' lang='lat' dir='ltr'><strong>loco</strong></span> <span class='ocrx_word' id='word_1_821' title='bbox 3315 3732 3590 3787; x_wconf 84' lang='lat' dir='ltr'><strong>Abraham</strong></span> <span class='ocrx_word' id='word_1_822' title='bbox 3632 3736 3687 3787; x_wconf 81' lang='lat' dir='ltr'><strong>ab</strong></span> 
     </span>
    </p>
   </div>
   <div class='ocr_carea' id='block_1_103' title="bbox 2114 3822 3687 3895">
    <p class='ocr_par' dir='ltr' id='par_1_103' title="bbox 2114 3822 3687 3895">
     <span class='ocr_line' id='line_1_106' title="bbox 2114 3822 3687 3895; baseline -0.003 -16"><span class='ocrx_word' id='word_1_823' title='bbox 2114 3825 2365 3895; x_wconf 88' lang='lat' dir='ltr'><strong>Ephrone</strong></span> <span class='ocrx_word' id='word_1_824' title='bbox 2390 3822 2652 3890; x_wconf 64' lang='lat' dir='ltr'><strong>Chettaeo,</strong></span> <span class='ocrx_word' id='word_1_825' title='bbox 2675 3822 2778 3875; x_wconf 91' lang='lat' dir='ltr'><strong>illic</strong></span> <span class='ocrx_word' id='word_1_826' title='bbox 2805 3836 3025 3877; x_wconf 89' lang='lat' dir='ltr'><strong>uxorem</strong></span> <span class='ocrx_word' id='word_1_827' title='bbox 3061 3823 3271 3893; x_wconf 84' lang='lat' dir='ltr'><strong>sepelit,</strong></span> <span class='ocrx_word' id='word_1_828' title='bbox 3289 3824 3561 3894; x_wconf 85' lang='lat' dir='ltr'><strong>mittitque</strong></span> <span class='ocrx_word' id='word_1_829' title='bbox 3585 3839 3687 3879; x_wconf 71' lang='lat' dir='ltr'><strong>ser.</strong></span> 
     </span>
    </p>
   </div>
   <div class='ocr_carea' id='block_1_104' title="bbox 2113 3912 3686 3984">
    <p class='ocr_par' dir='ltr' id='par_1_104' title="bbox 2113 3912 3686 3984">
     <span class='ocr_line' id='line_1_107' title="bbox 2113 3912 3686 3984; baseline 0 -16"><span class='ocrx_word' id='word_1_830' title='bbox 2113 3931 2256 3979; x_wconf 90' lang='lat' dir='ltr'><strong>vum,</strong></span> <span class='ocrx_word' id='word_1_831' title='bbox 2291 3926 2349 3969; x_wconf 94' lang='lat' dir='ltr'><strong>ut</strong></span> <span class='ocrx_word' id='word_1_832' title='bbox 2374 3929 2592 3969; x_wconf 87' lang='lat' dir='ltr'><strong>uxorem</strong></span> <span class='ocrx_word' id='word_1_833' title='bbox 2616 3913 2771 3967; x_wconf 89' lang='lat' dir='ltr'><strong>ducat</strong></span> <span class='ocrx_word' id='word_1_834' title='bbox 2794 3912 2973 3968; x_wconf 79' lang='lat' dir='ltr'><strong>Isaaco</strong></span> <span class='ocrx_word' id='word_1_835' title='bbox 2994 3918 3059 3968; x_wconf 85' lang='lat' dir='ltr'><strong>ex</strong></span> <span class='ocrx_word' id='word_1_836' title='bbox 3085 3913 3491 3984; x_wconf 82' lang='lat' dir='ltr'><strong>MesOpotamia,</strong></span> <span class='ocrx_word' id='word_1_837' title='bbox 3522 3916 3686 3984; x_wconf 67' lang='lat' dir='ltr'><strong>praci-</strong></span> 
     </span>
    </p>
   </div>
   <div class='ocr_carea' id='block_1_105' title="bbox 2113 4002 3685 4076">
    <p class='ocr_par' dir='ltr' id='par_1_105' title="bbox 2113 4002 3685 4076">
     <span class='ocr_line' id='line_1_108' title="bbox 2113 4002 3685 4076; baseline -0.002 -17"><span class='ocrx_word' id='word_1_838' title='bbox 2113 4007 2263 4076; x_wconf 88' lang='lat' dir='ltr'><strong>piens</strong></span> <span class='ocrx_word' id='word_1_839' title='bbox 2289 4021 2354 4060; x_wconf 90' lang='lat' dir='ltr'><strong>ne</strong></span> <span class='ocrx_word' id='word_1_840' title='bbox 2375 4004 2537 4059; x_wconf 89' lang='lat' dir='ltr'><strong>ﬁlium</strong></span> <span class='ocrx_word' id='word_1_841' title='bbox 2565 4018 2721 4059; x_wconf 87' lang='lat' dir='ltr'><strong>suum</strong></span> <span class='ocrx_word' id='word_1_842' title='bbox 2742 4002 2833 4057; x_wconf 92' lang='lat' dir='ltr'><strong>illo</strong></span> <span class='ocrx_word' id='word_1_843' title='bbox 2853 4003 3032 4071; x_wconf 88' lang='lat' dir='ltr'><strong>ducat,</strong></span> <span class='ocrx_word' id='word_1_844' title='bbox 3062 4004 3106 4058; x_wconf 88' lang='lat' dir='ltr'><strong>si</strong></span> <span class='ocrx_word' id='word_1_845' title='bbox 3133 4003 3363 4058; x_wconf 88' lang='lat' dir='ltr'><strong>noluerit</strong></span> <span class='ocrx_word' id='word_1_846' title='bbox 3385 4005 3589 4060; x_wconf 87' lang='lat' dir='ltr'><strong>mulier</strong></span> <span class='ocrx_word' id='word_1_847' title='bbox 3607 4021 3685 4057; x_wconf 77' lang='lat' dir='ltr'><strong>ve-</strong></span> 
     </span>
    </p>
   </div>
   <div class='ocr_carea' id='block_1_106' title="bbox 2112 4092 3686 4161">
    <p class='ocr_par' dir='ltr' id='par_1_106' title="bbox 2112 4092 3686 4161">
     <span class='ocr_line' id='line_1_109' title="bbox 2112 4092 3686 4161; baseline -0.003 -10"><span class='ocrx_word' id='word_1_848' title='bbox 2112 4098 2246 4152; x_wconf 91' lang='lat' dir='ltr'><strong>nire.</strong></span> <span class='ocrx_word' id='word_1_849' title='bbox 2282 4096 2348 4153; x_wconf 91' lang='lat' dir='ltr'><strong>Ut</strong></span> <span class='ocrx_word' id='word_1_850' title='bbox 2374 4104 2549 4151; x_wconf 86' lang='lat' dir='ltr'><strong>autem</strong></span> <span class='ocrx_word' id='word_1_851' title='bbox 2579 4095 2724 4149; x_wconf 87' lang='lat' dir='ltr'><strong>venit</strong></span> <span class='ocrx_word' id='word_1_852' title='bbox 2742 4109 2929 4150; x_wconf 86' lang='lat' dir='ltr'><strong>servus</strong></span> <span class='ocrx_word' id='word_1_853' title='bbox 2957 4094 3008 4148; x_wconf 92' lang='lat' dir='ltr'><strong>in</strong></span> <span class='ocrx_word' id='word_1_854' title='bbox 3039 4093 3223 4150; x_wconf 89' lang='lat' dir='ltr'><strong>urbem</strong></span> <span class='ocrx_word' id='word_1_855' title='bbox 3242 4092 3530 4161; x_wconf 85' lang='lat' dir='ltr'><strong>Nachoris,</strong></span> <span class='ocrx_word' id='word_1_856' title='bbox 3558 4106 3611 4151; x_wconf 85' lang='lat' dir='ltr'><strong>et</strong></span> <span class='ocrx_word' id='word_1_857' title='bbox 3626 4098 3686 4149; x_wconf 86' lang='lat' dir='ltr'><strong>si-</strong></span> 
     </span>
    </p>
   </div>
   <div class='ocr_carea' id='block_1_107' title="bbox 2109 4187 3683 4262">
    <p class='ocr_par' dir='ltr' id='par_1_107' title="bbox 2109 4187 3683 4262">
     <span class='ocr_line' id='line_1_110' title="bbox 2109 4187 3683 4262; baseline -0.001 -17"><span class='ocrx_word' id='word_1_858' title='bbox 2109 4205 2269 4262; x_wconf 78' lang='lat' dir='ltr'><strong>gnum</strong></span> <span class='ocrx_word' id='word_1_859' title='bbox 2286 4190 2453 4260; x_wconf 88' lang='lat' dir='ltr'><strong>petiit,</strong></span> <span class='ocrx_word' id='word_1_860' title='bbox 2467 4204 2571 4259; x_wconf 86' lang='lat' dir='ltr'><strong>quo</strong></span> <span class='ocrx_word' id='word_1_861' title='bbox 2583 4187 3129 4258; x_wconf 80' lang='lat' dir='ltr'><strong>virginem&#39;agniturus</strong></span> <span class='ocrx_word' id='word_1_862' title='bbox 3139 4196 3255 4243; x_wconf 87' lang='lat' dir='ltr'><strong>erat</strong></span> <span class='ocrx_word' id='word_1_863' title='bbox 3269 4203 3282 4241; x_wconf 88' lang='lat'><strong>:</strong></span> <span class='ocrx_word' id='word_1_864' title='bbox 3297 4188 3509 4259; x_wconf 81' lang='lat' dir='ltr'><strong>signum</strong></span> <span class='ocrx_word' id='word_1_865' title='bbox 3522 4198 3683 4243; x_wconf 70' lang='lat' dir='ltr'><strong>autem</strong></span> 
     </span>
    </p>
   </div>
   <div class='ocr_carea' id='block_1_108' title="bbox 2110 4278 3686 4351">
    <p class='ocr_par' dir='ltr' id='par_1_108' title="bbox 2110 4278 3686 4351">
     <span class='ocr_line' id='line_1_111' title="bbox 2110 4278 3686 4351; baseline -0.001 -16"><span class='ocrx_word' id='word_1_866' title='bbox 2110 4280 2238 4336; x_wconf 92' lang='lat' dir='ltr'><strong>illud</strong></span> <span class='ocrx_word' id='word_1_867' title='bbox 2265 4289 2400 4347; x_wconf 87' lang='lat' dir='ltr'><strong>erat,</strong></span> <span class='ocrx_word' id='word_1_868' title='bbox 2430 4280 2474 4333; x_wconf 89' lang='lat' dir='ltr'><strong>si</strong></span> <span class='ocrx_word' id='word_1_869' title='bbox 2506 4279 2770 4350; x_wconf 59' lang='lat' dir='ltr'><strong>praeberet</strong></span> <span class='ocrx_word' id='word_1_870' title='bbox 2788 4278 2875 4333; x_wconf 91' lang='lat' dir='ltr'><strong>illa</strong></span> <span class='ocrx_word' id='word_1_871' title='bbox 2908 4278 3010 4333; x_wconf 89' lang='lat' dir='ltr'><strong>sibi</strong></span> <span class='ocrx_word' id='word_1_872' title='bbox 3044 4290 3099 4333; x_wconf 89' lang='lat' dir='ltr'><strong>et</strong></span> <span class='ocrx_word' id='word_1_873' title='bbox 3125 4278 3343 4333; x_wconf 89' lang='lat' dir='ltr'><strong>camelis</strong></span> <span class='ocrx_word' id='word_1_874' title='bbox 3366 4279 3484 4334; x_wconf 89' lang='lat' dir='ltr'><strong>suis</strong></span> <span class='ocrx_word' id='word_1_875' title='bbox 3508 4294 3686 4351; x_wconf 83' lang='lat' dir='ltr'><strong>aquam</strong></span> 
     </span>
    </p>
   </div>
   <div class='ocr_carea' id='block_1_109' title="bbox 2108 4368 3687 4426">
    <p class='ocr_par' dir='ltr' id='par_1_109' title="bbox 2108 4368 3687 4426">
     <span class='ocr_line' id='line_1_112' title="bbox 2108 4368 3687 4426; baseline 0 0"><span class='ocrx_word' id='word_1_876' title='bbox 2108 4371 2174 4425; x_wconf 92' lang='lat' dir='ltr'><strong>ad</strong></span> <span class='ocrx_word' id='word_1_877' title='bbox 2197 4371 2486 4426; x_wconf 90' lang='lat' dir='ltr'><strong>bibendum</strong></span> <span class='ocrx_word' id='word_1_878' title='bbox 2513 4386 2527 4422; x_wconf 92' lang='lat'><strong>:</strong></span> <span class='ocrx_word' id='word_1_879' title='bbox 2552 4370 2662 4424; x_wconf 82' lang='lat' dir='ltr'><strong>exit</strong></span> <span class='ocrx_word' id='word_1_880' title='bbox 2682 4368 2925 4424; x_wconf 85' lang='lat' dir='ltr'><strong>Rebecca</strong></span> <span class='ocrx_word' id='word_1_881' title='bbox 2945 4368 3053 4423; x_wconf 88' lang='lat' dir='ltr'><strong>ﬁlia</strong></span> <span class='ocrx_word' id='word_1_882' title='bbox 3082 4368 3351 4425; x_wconf 84' lang='lat' dir='ltr'><strong>Bathnelis</strong></span> <span class='ocrx_word' id='word_1_883' title='bbox 3366 4368 3461 4424; x_wconf 89' lang='lat' dir='ltr'><strong>ﬁlii</strong></span> <span class='ocrx_word' id='word_1_884' title='bbox 3489 4371 3687 4426; x_wconf 79' lang='lat' dir='ltr'><strong>Nacho-</strong></span> 
     </span>
    </p>
   </div>
   <div class='ocr_carea' id='block_1_110' title="bbox 2110 4458 3685 4517">
    <p class='ocr_par' dir='ltr' id='par_1_110' title="bbox 2110 4458 3685 4517">
     <span class='ocr_line' id='line_1_113' title="bbox 2110 4458 3685 4517; baseline 0.001 -1"><span class='ocrx_word' id='word_1_885' title='bbox 2110 4463 2186 4517; x_wconf 91' lang='lat' dir='ltr'><strong>ris</strong></span> <span class='ocrx_word' id='word_1_886' title='bbox 2218 4480 2230 4514; x_wconf 89' lang='lat'><strong>:</strong></span> <span class='ocrx_word' id='word_1_887' title='bbox 2259 4461 2472 4517; x_wconf 84' lang='lat' dir='ltr'><strong>Nachor</strong></span> <span class='ocrx_word' id='word_1_888' title='bbox 2497 4474 2624 4515; x_wconf 89' lang='lat' dir='ltr'><strong>vero</strong></span> <span class='ocrx_word' id='word_1_889' title='bbox 2661 4459 2828 4515; x_wconf 91' lang='lat' dir='ltr'><strong>frater</strong></span> <span class='ocrx_word' id='word_1_890' title='bbox 2864 4467 2981 4514; x_wconf 90' lang='lat' dir='ltr'><strong>erat</strong></span> <span class='ocrx_word' id='word_1_891' title='bbox 3021 4459 3266 4515; x_wconf 67' lang='lat' dir='ltr'><strong>Abrahae.</strong></span> <span class='ocrx_word' id='word_1_892' title='bbox 3304 4458 3440 4515; x_wconf 85' lang='lat' dir='ltr'><strong>Cum</strong></span> <span class='ocrx_word' id='word_1_893' title='bbox 3462 4462 3685 4517; x_wconf 76' lang='lat' dir='ltr'><strong>dedisset</strong></span> 
     </span>
    </p>
   </div>
   <div class='ocr_carea' id='block_1_111' title="bbox 2108 4551 3685 4622">
    <p class='ocr_par' dir='ltr' id='par_1_111' title="bbox 2108 4551 3685 4622">
     <span class='ocr_line' id='line_1_114' title="bbox 2108 4551 3685 4622; baseline -0.001 -15"><span class='ocrx_word' id='word_1_894' title='bbox 2108 4563 2287 4608; x_wconf 91' lang='lat' dir='ltr'><strong>autem</strong></span> <span class='ocrx_word' id='word_1_895' title='bbox 2313 4553 2426 4622; x_wconf 88' lang='lat' dir='ltr'><strong>ipsa</strong></span> <span class='ocrx_word' id='word_1_896' title='bbox 2457 4552 2530 4607; x_wconf 87' lang='lat' dir='ltr'><strong>illi</strong></span> <span class='ocrx_word' id='word_1_897' title='bbox 2556 4564 2611 4608; x_wconf 89' lang='lat' dir='ltr'><strong>et</strong></span> <span class='ocrx_word' id='word_1_898' title='bbox 2629 4552 2848 4607; x_wconf 89' lang='lat' dir='ltr'><strong>camelis</strong></span> <span class='ocrx_word' id='word_1_899' title='bbox 2862 4552 2973 4607; x_wconf 88' lang='lat' dir='ltr'><strong>suis</strong></span> <span class='ocrx_word' id='word_1_900' title='bbox 2994 4561 3198 4621; x_wconf 89' lang='lat' dir='ltr'><strong>potum,</strong></span> <span class='ocrx_word' id='word_1_901' title='bbox 3215 4560 3269 4607; x_wconf 75' lang='lat' dir='ltr'><strong>et</strong></span> <span class='ocrx_word' id='word_1_902' title='bbox 3296 4551 3523 4609; x_wconf 83' lang='lat' dir='ltr'><strong>dixisset</strong></span> <span class='ocrx_word' id='word_1_903' title='bbox 3550 4555 3685 4621; x_wconf 81' lang='lat' dir='ltr'><strong>cujus</strong></span> 
     </span>
    </p>
   </div>
   <div class='ocr_carea' id='block_1_112' title="bbox 2110 4643 3682 4714">
    <p class='ocr_par' dir='ltr' id='par_1_112' title="bbox 2110 4643 3682 4714">
     <span class='ocr_line' id='line_1_115' title="bbox 2110 4643 3682 4714; baseline -0.001 -15"><span class='ocrx_word' id='word_1_904' title='bbox 2110 4653 2251 4699; x_wconf 89' lang='lat' dir='ltr'><strong>esset</strong></span> <span class='ocrx_word' id='word_1_905' title='bbox 2278 4644 2406 4710; x_wconf 87' lang='lat' dir='ltr'><strong>ﬁlia,</strong></span> <span class='ocrx_word' id='word_1_906' title='bbox 2441 4645 2728 4699; x_wconf 89' lang='lat' dir='ltr'><strong>introducit</strong></span> <span class='ocrx_word' id='word_1_907' title='bbox 2764 4644 2939 4698; x_wconf 89' lang='lat' dir='ltr'><strong>virum</strong></span> <span class='ocrx_word' id='word_1_908' title='bbox 2967 4652 3021 4698; x_wconf 89' lang='lat' dir='ltr'><strong>et</strong></span> <span class='ocrx_word' id='word_1_909' title='bbox 3065 4643 3294 4713; x_wconf 90' lang='lat' dir='ltr'><strong>hospitio</strong></span> <span class='ocrx_word' id='word_1_910' title='bbox 3332 4645 3548 4714; x_wconf 89' lang='lat' dir='ltr'><strong>accipit.</strong></span> <span class='ocrx_word' id='word_1_911' title='bbox 3600 4645 3682 4700; x_wconf 64' lang='grc' dir='ltr'><strong>[τω</strong></span> 
     </span>
    </p>
   </div>
   <div class='ocr_carea' id='block_1_113' title="bbox 2109 4736 3683 4807">
    <p class='ocr_par' dir='ltr' id='par_1_113' title="bbox 2109 4736 3683 4807">
     <span class='ocr_line' id='line_1_116' title="bbox 2109 4736 3683 4807; baseline -0.002 -13"><span class='ocrx_word' id='word_1_912' title='bbox 2109 4736 2242 4794; x_wconf 86' lang='lat' dir='ltr'><strong>dixit</strong></span> <span class='ocrx_word' id='word_1_913' title='bbox 2282 4738 2374 4794; x_wconf 90' lang='lat' dir='ltr'><strong>ille</strong></span> <span class='ocrx_word' id='word_1_914' title='bbox 2397 4738 2548 4807; x_wconf 89' lang='lat' dir='ltr'><strong>cujus</strong></span> <span class='ocrx_word' id='word_1_915' title='bbox 2573 4738 2651 4793; x_wconf 90' lang='lat' dir='ltr'><strong>rei</strong></span> <span class='ocrx_word' id='word_1_916' title='bbox 2699 4751 2856 4793; x_wconf 88' lang='lat' dir='ltr'><strong>causa</strong></span> <span class='ocrx_word' id='word_1_917' title='bbox 2886 4736 3138 4802; x_wconf 86' lang='lat' dir='ltr'><strong>venisset,</strong></span> <span class='ocrx_word' id='word_1_918' title='bbox 3167 4745 3222 4791; x_wconf 87' lang='lat' dir='ltr'><strong>et</strong></span> <span class='ocrx_word' id='word_1_919' title='bbox 3248 4737 3489 4805; x_wconf 86' lang='lat' dir='ltr'><strong>petiisset</strong></span> <span class='ocrx_word' id='word_1_920' title='bbox 3518 4748 3577 4794; x_wconf 90' lang='lat' dir='ltr'><strong>ut</strong></span> <span class='ocrx_word' id='word_1_921' title='bbox 3599 4736 3683 4792; x_wconf 78' lang='lat' dir='ltr'><strong>sibi</strong></span> 
     </span>
    </p>
   </div>
   <div class='ocr_carea' id='block_1_114' title="bbox 2109 4829 3681 4903">
    <p class='ocr_par' dir='ltr' id='par_1_114' title="bbox 2109 4829 3681 4903">
     <span class='ocr_line' id='line_1_117' title="bbox 2109 4829 3681 4903; baseline -0.001 -18"><span class='ocrx_word' id='word_1_922' title='bbox 2109 4831 2411 4887; x_wconf 88' lang='lat' dir='ltr'><strong>traderetur</strong></span> <span class='ocrx_word' id='word_1_923' title='bbox 2448 4830 2645 4902; x_wconf 86' lang='lat' dir='ltr'><strong>puella,</strong></span> <span class='ocrx_word' id='word_1_924' title='bbox 2668 4830 2739 4903; x_wconf 90' lang='lat' dir='ltr'><strong>id</strong></span> <span class='ocrx_word' id='word_1_925' title='bbox 2772 4829 2993 4899; x_wconf 85' lang='lat' dir='ltr'><strong>virginis</strong></span> <span class='ocrx_word' id='word_1_926' title='bbox 3020 4830 3239 4884; x_wconf 87' lang='lat' dir='ltr'><strong>arbitrio</strong></span> <span class='ocrx_word' id='word_1_927' title='bbox 3279 4841 3529 4899; x_wconf 85' lang='lat' dir='ltr'><strong>parentes</strong></span> <span class='ocrx_word' id='word_1_928' title='bbox 3571 4832 3681 4885; x_wconf 80' lang='lat' dir='ltr'><strong>reli-</strong></span> 
     </span>
    </p>
   </div>
   <div class='ocr_carea' id='block_1_115' title="bbox 2108 4922 3682 4992">
    <p class='ocr_par' dir='ltr' id='par_1_115' title="bbox 2108 4922 3682 4992">
     <span class='ocr_line' id='line_1_118' title="bbox 2108 4922 3682 4992; baseline -0.001 -16"><span class='ocrx_word' id='word_1_929' title='bbox 2108 4931 2354 4992; x_wconf 90' lang='lat' dir='ltr'><strong>querunt.</strong></span> <span class='ocrx_word' id='word_1_930' title='bbox 2398 4922 2544 4978; x_wconf 90' lang='lat' dir='ltr'><strong>Illam</strong></span> <span class='ocrx_word' id='word_1_931' title='bbox 2586 4930 2909 4976; x_wconf 88' lang='lat' dir='ltr'><strong>aunuentem</strong></span> <span class='ocrx_word' id='word_1_932' title='bbox 2948 4935 3227 4976; x_wconf 86' lang='lat' dir='ltr'><strong>assumens</strong></span> <span class='ocrx_word' id='word_1_933' title='bbox 3253 4935 3434 4976; x_wconf 86' lang='lat' dir='ltr'><strong>servus</strong></span> <span class='ocrx_word' id='word_1_934' title='bbox 3480 4923 3682 4978; x_wconf 84' lang='lat' dir='ltr'><strong>absces-</strong></span> 
     </span>
    </p>
   </div>
   <div class='ocr_carea' id='block_1_116' title="bbox 2109 5011 3683 5084">
    <p class='ocr_par' dir='ltr' id='par_1_116' title="bbox 2109 5011 3683 5084">
     <span class='ocr_line' id='line_1_119' title="bbox 2109 5011 3683 5084; baseline -0.003 -15"><span class='ocrx_word' id='word_1_935' title='bbox 2109 5015 2178 5069; x_wconf 86' lang='lat' dir='ltr'><strong>sit</strong></span> <span class='ocrx_word' id='word_1_936' title='bbox 2236 5033 2250 5069; x_wconf 89' lang='lat'><strong>:</strong></span> <span class='ocrx_word' id='word_1_937' title='bbox 2301 5013 2503 5084; x_wconf 89' lang='lat' dir='ltr'><strong>fuitque</strong></span> <span class='ocrx_word' id='word_1_938' title='bbox 2544 5013 2631 5067; x_wconf 90' lang='lat' dir='ltr'><strong>illa</strong></span> <span class='ocrx_word' id='word_1_939' title='bbox 2675 5027 2810 5067; x_wconf 90' lang='lat' dir='ltr'><strong>uxor</strong></span> <span class='ocrx_word' id='word_1_940' title='bbox 2850 5011 3035 5068; x_wconf 87' lang='lat' dir='ltr'><strong>Isaaci.</strong></span> <span class='ocrx_word' id='word_1_941' title='bbox 3069 5013 3199 5067; x_wconf 90' lang='lat' dir='ltr'><strong>Sara</strong></span> <span class='ocrx_word' id='word_1_942' title='bbox 3233 5011 3508 5075; x_wconf 80' lang='lat' dir='ltr'><strong>defuncta,</strong></span> <span class='ocrx_word' id='word_1_943' title='bbox 3553 5013 3683 5066; x_wconf 81' lang='lat' dir='ltr'><strong>ducit</strong></span> 
     </span>
    </p>
   </div>
   <div class='ocr_carea' id='block_1_117' title="bbox 2109 5104 3681 5173">
    <p class='ocr_par' dir='ltr' id='par_1_117' title="bbox 2109 5104 3681 5173">
     <span class='ocr_line' id='line_1_120' title="bbox 2109 5104 3681 5173; baseline -0.003 -13"><span class='ocrx_word' id='word_1_944' title='bbox 2109 5104 2376 5160; x_wconf 88' lang='lat' dir='ltr'><strong>Abraham</strong></span> <span class='ocrx_word' id='word_1_945' title='bbox 2424 5119 2649 5160; x_wconf 86' lang='lat' dir='ltr'><strong>uxorem</strong></span> <span class='ocrx_word' id='word_1_946' title='bbox 2677 5104 3011 5168; x_wconf 81' lang='lat' dir='ltr'><strong>Chetturam,</strong></span> <span class='ocrx_word' id='word_1_947' title='bbox 3046 5112 3101 5159; x_wconf 89' lang='lat' dir='ltr'><strong>et</strong></span> <span class='ocrx_word' id='word_1_948' title='bbox 3145 5104 3297 5169; x_wconf 89' lang='lat' dir='ltr'><strong>ﬁlios,</strong></span> <span class='ocrx_word' id='word_1_949' title='bbox 3332 5118 3471 5173; x_wconf 90' lang='lat' dir='ltr'><strong>quos</strong></span> <span class='ocrx_word' id='word_1_950' title='bbox 3514 5122 3579 5158; x_wconf 85' lang='lat' dir='ltr'><strong>ex</strong></span> <span class='ocrx_word' id='word_1_951' title='bbox 3608 5104 3681 5157; x_wconf 79' lang='lat' dir='ltr'><strong>illa</strong></span> 
     </span>
    </p>
   </div>
   <div class='ocr_carea' id='block_1_118' title="bbox 2109 5190 3697 5267">
    <p class='ocr_par' dir='ltr' id='par_1_118' title="bbox 2109 5190 3697 5267">
     <span class='ocr_line' id='line_1_121' title="bbox 2109 5190 3697 5267; baseline -0.003 -16"><span class='ocrx_word' id='word_1_952' title='bbox 2109 5206 2439 5267; x_wconf 90' lang='lat' dir='ltr'><strong>susceperat,</strong></span> <span class='ocrx_word' id='word_1_953' title='bbox 2467 5197 2734 5266; x_wconf 81' lang='lat' dir='ltr'><strong>separavit</strong></span> <span class='ocrx_word' id='word_1_954' title='bbox 2771 5195 2839 5250; x_wconf 90' lang='lat' dir='ltr'><strong>ab</strong></span> <span class='ocrx_word' id='word_1_955' title='bbox 2867 5196 3067 5261; x_wconf 89' lang='lat' dir='ltr'><strong>lsaaco,</strong></span> <span class='ocrx_word' id='word_1_956' title='bbox 3098 5196 3401 5251; x_wconf 88' lang='lat' dir='ltr'><strong>muneribus</strong></span> <span class='ocrx_word' id='word_1_957' title='bbox 3428 5196 3648 5251; x_wconf 77' lang='lat' dir='ltr'><strong>affectos</strong></span> <span class='ocrx_word' id='word_1_958' title='bbox 3669 5190 3697 5247; x_wconf 54' lang='lat'><strong>:‘</strong></span> 
     </span>
    </p>
   </div>
   <div class='ocr_carea' id='block_1_119' title="bbox 2109 5287 3695 5363">
    <p class='ocr_par' dir='ltr' id='par_1_119' title="bbox 2109 5287 3695 5363">
     <span class='ocr_line' id='line_1_122' title="bbox 2109 5287 3695 5363; baseline -0.004 -18"><span class='ocrx_word' id='word_1_959' title='bbox 2109 5305 2268 5359; x_wconf 91' lang='lat' dir='ltr'><strong>opum</strong></span> <span class='ocrx_word' id='word_1_960' title='bbox 2294 5305 2422 5344; x_wconf 90' lang='lat' dir='ltr'><strong>vero</strong></span> <span class='ocrx_word' id='word_1_961' title='bbox 2466 5304 2682 5343; x_wconf 90' lang='lat' dir='ltr'><strong>suarum</strong></span> <span class='ocrx_word' id='word_1_962' title='bbox 2710 5287 2964 5343; x_wconf 89' lang='lat' dir='ltr'><strong>heredem</strong></span> <span class='ocrx_word' id='word_1_963' title='bbox 2996 5287 3122 5341; x_wconf 83' lang='lat' dir='ltr'><strong>fecit</strong></span> <span class='ocrx_word' id='word_1_964' title='bbox 3168 5287 3427 5353; x_wconf 88' lang='lat' dir='ltr'><strong>Isaacum,</strong></span> <span class='ocrx_word' id='word_1_965' title='bbox 3462 5296 3520 5342; x_wconf 89' lang='lat' dir='ltr'><strong>et</strong></span> <span class='ocrx_word' id='word_1_966' title='bbox 3552 5303 3695 5363; x_wconf 27' lang='lat' dir='ltr'><strong>tnor-t</strong></span> 
     </span>
    </p>
   </div>
   <div class='ocr_carea' id='block_1_120' title="bbox 2110 5376 3678 5441">
    <p class='ocr_par' dir='ltr' id='par_1_120' title="bbox 2110 5376 3678 5441">
     <span class='ocr_line' id='line_1_123' title="bbox 2110 5376 3678 5441; baseline -0.004 -5"><span class='ocrx_word' id='word_1_967' title='bbox 2110 5391 2232 5437; x_wconf 89' lang='lat' dir='ltr'><strong>tuus</strong></span> <span class='ocrx_word' id='word_1_968' title='bbox 2259 5390 2359 5436; x_wconf 88' lang='lat' dir='ltr'><strong>est.</strong></span> <span class='ocrx_word' id='word_1_969' title='bbox 2384 5381 2480 5436; x_wconf 84' lang='lat' dir='ltr'><strong>Hic</strong></span> <span class='ocrx_word' id='word_1_970' title='bbox 2506 5389 2858 5435; x_wconf 89' lang='lat' dir='ltr'><strong>recensentur</strong></span> <span class='ocrx_word' id='word_1_971' title='bbox 2898 5380 3111 5433; x_wconf 87' lang='lat' dir='ltr'><strong>nomina</strong></span> <span class='ocrx_word' id='word_1_972' title='bbox 3160 5378 3387 5433; x_wconf 86' lang='lat' dir='ltr'><strong>ﬁliorum</strong></span> <span class='ocrx_word' id='word_1_973' title='bbox 3409 5376 3646 5433; x_wconf 84' lang='lat' dir='ltr'><strong>Ismaelis</strong></span> <span class='ocrx_word' id='word_1_974' title='bbox 3666 5419 3678 5441; x_wconf 93' lang='lat'><strong>,</strong></span> 
     </span>
    </p>
   </div>
   <div class='ocr_carea' id='block_1_121' title="bbox 2108 5468 3679 5544">
    <p class='ocr_par' dir='ltr' id='par_1_121' title="bbox 2108 5468 3679 5544">
     <span class='ocr_line' id='line_1_124' title="bbox 2108 5468 3679 5544; baseline -0.004 -16"><span class='ocrx_word' id='word_1_975' title='bbox 2108 5468 2197 5544; x_wconf 82' lang='lat' dir='ltr'><strong>qui</strong></span> <span class='ocrx_word' id='word_1_976' title='bbox 2218 5472 2469 5528; x_wconf 82' lang='lat' dir='ltr'><strong>habitavit</strong></span> <span class='ocrx_word' id='word_1_977' title='bbox 2490 5471 2558 5526; x_wconf 91' lang='lat' dir='ltr'><strong>ab</strong></span> <span class='ocrx_word' id='word_1_978' title='bbox 2574 5472 2743 5527; x_wconf 87' lang='lat' dir='ltr'><strong>Evilat</strong></span> <span class='ocrx_word' id='word_1_979' title='bbox 2764 5487 2931 5542; x_wconf 89' lang='lat' dir='ltr'><strong>usque</strong></span> <span class='ocrx_word' id='word_1_980' title='bbox 2951 5470 3015 5526; x_wconf 89' lang='lat' dir='ltr'><strong>ad</strong></span> <span class='ocrx_word' id='word_1_981' title='bbox 3035 5470 3157 5526; x_wconf 88' lang='lat' dir='ltr'><strong>Sur.</strong></span> <span class='ocrx_word' id='word_1_982' title='bbox 3171 5468 3305 5524; x_wconf 91' lang='lat' dir='ltr'><strong>Cum</strong></span> <span class='ocrx_word' id='word_1_983' title='bbox 3327 5469 3573 5525; x_wconf 78' lang='lat' dir='ltr'><strong>Rebecca</strong></span> <span class='ocrx_word' id='word_1_984' title='bbox 3590 5479 3679 5523; x_wconf 81' lang='lat' dir='ltr'><strong>ste-</strong></span> 
     </span>
    </p>
   </div>
   <div class='ocr_carea' id='block_1_122' title="bbox 2171 5567 3678 5630">
    <p class='ocr_par' dir='ltr' id='par_1_122' title="bbox 2171 5567 3678 5630">
     <span class='ocr_line' id='line_1_125' title="bbox 2171 5567 3678 5630; baseline -0.005 -14"><span class='ocrx_word' id='word_1_985' title='bbox 2171 5568 2242 5630; x_wconf 90' lang='lat' dir='ltr'><strong>(a)</strong></span> <span class='ocrx_word' id='word_1_986' title='bbox 2274 5567 2419 5630; x_wconf 83' lang='lat' dir='ltr'><strong>Filius</strong></span> <span class='ocrx_word' id='word_1_987' title='bbox 2434 5568 2518 5630; x_wconf 68' lang='lat' dir='ltr'><strong>Dei</strong></span> <span class='ocrx_word' id='word_1_988' title='bbox 2541 5567 2624 5630; x_wconf 88' lang='lat' dir='ltr'><strong>qui</strong></span> <span class='ocrx_word' id='word_1_989' title='bbox 2649 5567 2711 5615; x_wconf 88' lang='lat' dir='ltr'><strong>ab</strong></span> <span class='ocrx_word' id='word_1_990' title='bbox 2734 5567 3229 5630; x_wconf 71' lang='lat' dir='ltr'><strong>Abraham_exce_ptgs</strong></span> <span class='ocrx_word' id='word_1_991' title='bbox 3247 5573 3339 5623; x_wconf 88' lang='lat' dir='ltr'><strong>est,</strong></span> <span class='ocrx_word' id='word_1_992' title='bbox 3358 5567 3588 5630; x_wconf 62' lang='lat' dir='ltr'><strong>nonanus</strong></span> <span class='ocrx_word' id='word_1_993' title='bbox 3607 5572 3678 5607; x_wconf 75' lang='lat' dir='ltr'><strong>m-</strong></span> 
     </span>
    </p>
   </div>
   <div class='ocr_carea' id='block_1_123' title="bbox 2107 5626 3678 5691">
    <p class='ocr_par' dir='ltr' id='par_1_123' title="bbox 2107 5626 3678 5691">
     <span class='ocr_line' id='line_1_126' title="bbox 2107 5626 3678 5691; baseline -0.006 -11"><span class='ocrx_word' id='word_1_994' title='bbox 2107 5626 2242 5691; x_wconf 71' lang='lat' dir='ltr'><strong>eatur</strong></span> <span class='ocrx_word' id='word_1_995' title='bbox 2258 5626 2770 5691; x_wconf 59' lang='lat' dir='ltr'><strong>Hornil.42in&#39;cenes.,</strong></span> <span class='ocrx_word' id='word_1_996' title='bbox 2790 5635 2922 5691; x_wconf 80' lang='lat' dir='ltr'><strong>Tom.</strong></span> <span class='ocrx_word' id='word_1_997' title='bbox 2946 5626 3029 5686; x_wconf 84' lang='lat' dir='ltr'><strong>IV,</strong></span> <span class='ocrx_word' id='word_1_998' title='bbox 3054 5628 3145 5678; x_wconf 85' lang='lat' dir='ltr'><strong>col.</strong></span> <span class='ocrx_word' id='word_1_999' title='bbox 3170 5628 3278 5677; x_wconf 73' lang='grc'><strong>587.</strong></span> <span class='ocrx_word' id='word_1_1000' title='bbox 3309 5635 3375 5676; x_wconf 84' lang='lat' dir='ltr'><strong>ne</strong></span> <span class='ocrx_word' id='word_1_1001' title='bbox 3400 5626 3678 5691; x_wconf 62' lang='lat' dir='ltr'><strong>ﬁliabuslot</strong></span> 
     </span>
    </p>
   </div>
   <div class='ocr_carea' id='block_1_124' title="bbox 2110 5686 3676 5753">
    <p class='ocr_par' dir='ltr' id='par_1_124' title="bbox 2110 5686 3676 5753">
     <span class='ocr_line' id='line_1_127' title="bbox 2110 5686 3676 5753; baseline -0.006 -12"><span class='ocrx_word' id='word_1_1002' title='bbox 2110 5690 2229 5741; x_wconf 86' lang='lat' dir='ltr'><strong>infra</strong></span> <span class='ocrx_word' id='word_1_1003' title='bbox 2257 5691 2418 5753; x_wconf 78' lang='lat' dir='ltr'><strong>paucis</strong></span> <span class='ocrx_word' id='word_1_1004' title='bbox 2444 5690 2559 5753; x_wconf 81' lang='lat' dir='ltr'><strong>dicit</strong></span> <span class='ocrx_word' id='word_1_1005' title='bbox 2577 5702 2654 5746; x_wconf 75' lang='lat' dir='ltr'><strong>ea,</strong></span> <span class='ocrx_word' id='word_1_1006' title='bbox 2686 5703 2796 5753; x_wconf 82' lang='lat' dir='ltr'><strong>qu.e</strong></span> <span class='ocrx_word' id='word_1_1007' title='bbox 2816 5689 3034 5753; x_wconf 87' lang='lat' dir='ltr'><strong>pluribus</strong></span> <span class='ocrx_word' id='word_1_1008' title='bbox 3066 5698 3286 5739; x_wconf 83' lang='lat' dir='ltr'><strong>enarrata</strong></span> <span class='ocrx_word' id='word_1_1009' title='bbox 3310 5698 3424 5740; x_wconf 87' lang='lat' dir='ltr'><strong>sunt</strong></span> <span class='ocrx_word' id='word_1_1010' title='bbox 3445 5686 3613 5737; x_wconf 69' lang='lat' dir='ltr'><strong>ltomxl.</strong></span> <span class='ocrx_word' id='word_1_1011' title='bbox 3638 5686 3676 5731; x_wconf 82' lang='lat' dir='ltr'><strong>in</strong></span> 
     </span>
    </p>
   </div>
   <div class='ocr_carea' id='block_1_125' title="bbox 2117 5750 2690 5815">
    <p class='ocr_par' dir='ltr' id='par_1_125' title="bbox 2117 5750 2690 5815">
     <span class='ocr_line' id='line_1_128' title="bbox 2117 5750 2690 5815; baseline -0.002 -11"><span class='ocrx_word' id='word_1_1012' title='bbox 2117 5750 2292 5804; x_wconf 77' lang='lat' dir='ltr'><strong>cenes.</strong></span> <span class='ocrx_word' id='word_1_1013' title='bbox 2307 5751 2383 5815; x_wconf 75' lang='lat' dir='ltr'><strong>tt,</strong></span> <span class='ocrx_word' id='word_1_1014' title='bbox 2403 5750 2492 5801; x_wconf 85' lang='lat' dir='ltr'><strong>col.</strong></span> <span class='ocrx_word' id='word_1_1015' title='bbox 2523 5753 2690 5803; x_wconf 70' lang='lat' dir='ltr'><strong>tio-41</strong></span> 
     </span>
    </p>
   </div>
  </div>
