3722 6274
429 259 530 316 321

429 368 739 425 ἀποδίεοται
772 367 867 422 καὶ⁸
893 368 1192 440 πιπράσκει
1226 369 1500 440 ἑψήματος
1529 352 1710 440 φακῆς
1757 367 1828 421 τὰ
1853 383 2005 437 πρω-

429 461 646 514 τοτόκια
662 459 856 513 ἐαυτοῦ
875 463 902 513 6
934 460 1103 514 Ἠσαῦ
1130 461 1208 531 τῷ
1235 460 1449 518 Ἰακώϐ.
1480 461 1814 531 Βουλόμενον
1838 459 1896 513 δὲ
1919 457 2010 511 τὸν

442 551 629 605 Ἰσαὰκ
665 552 744 615 είς
782 552 1054 619 Λίγυπτον
1102 550 1402 614 κατελθεῖν,
1448 549 1633 620 ἐπειδὴ
1676 548 1834 620 λιμὸς
1880 564 2039 601 κατι

434 642 621 713 ίσχυε,
671 641 871 695 κωλύει
914 643 943 693 6
996 642 1157 708 Θεὸς,
1205 640 1484 713 παραινῶν
1533 641 1659 693 ἔνθα
1693 639 1847 712 ᾧκει,
1896 638 2012 692 ἐκεῖ

434 733 637 804 μένειν,
675 732 767 787 καὶ
797 730 1221 801 ὑπισχνούμενος
1271 730 1489 783 ἔσεσθαι
1523 730 1639 799 μετ’
1671 726 1861 790 αὑτοῦ,
1916 726 2010 779 καὶ

431 826 743 896 εὑλογήσειν
774 824 833 878 τὸ
867 824 1087 895 σπέρμα
1118 823 1282 877 αὑτοῦ
1321 824 1414 876 καὶ
1463 820 1774 892 πληθυνεῖν.
1809 818 2011 873 Μαθὼν

431 916 809 989 δέὀβασιλεὺς
844 918 1096 988 Γεράρων
1146 914 1456 983 ’Λϐιμέλεχ,
1504 913 1585 966 ὅτι
1638 912 1673 983 ὴ
1742 908 2011 963 Ῥεϐέκκα

433 1013 566 1082 γυνή
600 1012 715 1062 ἐστι
734 1008 826 1061 τοῦ
859 1008 1043 1060 Ἰσαὰκ
1084 1006 1431 1078 (ὑπώπτευσε
1448 1005 1557 1075 γὰρ
1584 1003 1818 1074 ἀδελφὴν
1845 1000 2008 1055 αὑτοῦ

431 1096 569 1152 εἶναι
602 1096 836 1170 αὑτὴν),
880 1096 1107 1150 θάνατον
1127 1095 1294 1168 ὥρισε
1327 1094 1382 1147 εῖ
1410 1111 1493 1157 τις
1516 1092 1788 1165 ἐξυϐρίσει
1810 1092 1889 1155 είς
1915 1092 2011 1145 αὑ-

430 1189 550 1261 τήν.
587 1188 719 1241 Τότε
748 1186 998 1260 ἔσπειρεν
1027 1188 1053 1239 6
1089 1185 1292 1248 Ἰσαάκ,
1332 1184 1426 1237 καὶ
1447 1176 1605 1255 εὗρεν
1628 1182 2011 1238 ἐκατοστεύου-

434 1295 534 1332 σαν
558 1278 772 1349 κριθήν.
814 1278 900 1339 Ὠς
933 1276 991 1329 δὲ
1013 1271 1175 1345 ἦλθεν
1219 1277 1298 1339 είς
1344 1274 1573 1327 πλοῦτον
1621 1273 1791 1343 μέγαν
1815 1274 1878 1325 ἐκ
1912 1272 2011 1342 τῆς

433 1365 678 1434 εὐλογίας
710 1364 803 1417 τοῦ
837 1363 992 1426 Θεοῦ,
1010 1362 1380 1432 διεφθονοῦντο
1407 1360 1555 1431 αὑτῷ
1602 1363 1649 1412 οῖ
1670 1358 2008 1429 Φυλιστιεὶμ,

433 1457 525 1510 καὶ
550 1456 579 1507 6
626 1455 916 1525 ’Λϐιμέλεχ
938 1454 1245 1525 ἀπήλαυνεν
1273 1454 1431 1506 αὑτὸν
1479 1450 1707 1505 ἐκεῖθεν.
1749 1451 1807 1502 Ὀ
1829 1450 1885 1503 δέ
1911 1451 2011 1503 οὑκ

433 1546 698 1619 ¹ι’γμύνατο,
749 1545 862 1598 ἀλλ’
911 1543 1247 1617 ἀνεχώρησε,
1304 1544 1396 1597 καὶ
1432 1542 1607 1615 ὤρυξε
1631 1540 1862 1613 φρέατα,
1920 1541 2013 1593 καὶ

434 1639 699 1709 ἐμάχοντο
749 1636 878 1707 περὶ
918 1635 1117 1689 αὐτῶν.
1185 1637 1243 1689 '0
1280 1635 1335 1689 δὲ
1380 1636 1481 1688 οὑκ
1533 1634 1846 1695 ἀνθίστατο,
1897 1631 2010 1685 ἀλλ’

433 1729 597 1801 ἔτερα
620 1728 881 1800 ὤρυσσεν,
912 1726 1017 1791 ἓως
1037 1720 1097 1781 οὗ
1132 1727 1440 1785 ἐπαύσαντο
1478 1738 1528 1781 ³.
1561 1727 1671 1779 Καὶ
1719 1725 2012 1794 εὐλόγησεν

432 1822 640 1875 αὑτὸνό
668 1821 820 1884 Θεός.
869 1820 1019 1875 Καὶὸ
1060 1820 1247 1874 Ἰσαάκ
1278 1818 1502 1873 ἐλθόντα
1547 1818 1682 1890 πρὸς
1711 1817 1872 1872 αὑτὸν
1922 1816 2013 1870 τὸν

446 1913 733 1984 ’Λϐιμέλεχ
755 1912 972 1978 ἐδέξατο
1014 1911 1265 1982 ἀσμένως
1299 1911 1393 1964 καὶ
1442 1909 1730 1973 εἱστίασεν,
1784 1908 1843 1961 οὑ
1877 1925 2013 1979 μνη-

436 2005 583 2069 σθεὶς
614 1998 688 2059 ὧν
731 2004 982 2075 ήδικήθη.
1020 2001 1249 2055 Ἔλαϐεν
1285 2004 1315 2054 6
1356 2000 1525 2053 Ἦσαῦ
1561 2000 1869 2063 Χαναναίας
1918 2017 2015 2069 γυ-

434 2097 647 2159 ναῖκας,
676 2096 769 2149 καὶ
791 2094 978 2165 ὴριζον
1006 2096 1074 2164 τῇ
1115 2091 1401 2163 Ῥεϐέκκα.
1425 2091 1728 2163 Ἐγήρασεν
1759 2092 1788 2143 6
1831 2091 2015 2145 Ἰσαὰκ

435 2185 530 2239 καὶ
550 2184 943 2256 ὴμϐλυώπησε,
972 2183 1068 2235 καὶ
1102 2182 1432 2253 προστάσσει
1456 2182 1533 2252 τῷ
1558 2180 1657 2253 υίῷ
1689 2178 1859 2234 Ἦσαῦ
1914 2181 2013 2252 θη-

438 2275 738 2349 ρεῦσαικαὶ
780 2275 1001 2345 ποιῆσαι
1032 2273 1183 2343 αὑτῴ
1217 2273 1418 2344 ἔδεσμα
1441 2315 1456 2340 ,
1495 2273 1581 2325 ῖνα
1610 2272 1877 2343 εὑλογήσῃ
1920 2272 2018 2326 αὑ-

433 2366 548 2421 τόν.
591 2365 649 2417 Ὀ
670 2364 727 2417 δὲ
756 2362 973 2427 Ἰακὼϐ,
1002 2362 1460 2433 συμπραττούσ-ης
1494 2360 1643 2431 αὑτῷ
1674 2362 1773 2432 τῆς
1791 2361 2014 2431 μητρὸς,

436 2457 641 2527 ἔφθασε
669 2456 760 2509 τὸν
800 2454 991 2509 Ἠσαῦο
1027 2454 1279 2526 ἐψήσασα
1308 2453 1416 2526 γὰρ
1439 2452 1659 2524 ἐρίφους
1693 2451 1804 2517 δύο,
1827 2453 1922 2505 καὶ
1949 2452 2016 2504 τά

435 2547 589 2623 [522]
616 2547 862 2620 δέρματα
898 2546 1078 2600 αὑτῶν
1114 2545 1399 2617 περιθεῖσα
1432 2542 1603 2615 αὑτῷ,
1634 2544 1721 2596 ἵνα
1743 2544 2017 2616 ἐπικρύψῃ

432 2642 534 2713 τὴν
566 2638 923 2712 λειότητατοὺ
959 2638 1170 2703 παιδὸς,
1220 2638 1388 2691 ἔδωκε
1420 2638 1489 2691 τά
1513 2637 1786 2708 ἐδέσματα
1808 2639 1887 2700 είς
1919 2638 2018 2700 τὰς

434 2736 624 2805 χεῖρας
650 2731 838 2796 αὑτοῦ,
867 2732 960 2785 καὶ
989 2730 1338 2800 εἰσέπεμψεν.
1396 2729 1455 2783 '0
1492 2730 1549 2783 δέ
1578 2727 1834 2783 είσελθὼν
1860 2728 2016 2781 ἔλαϐε

435 2824 536 2889 τὰς
579 2825 849 2893 εὑλογίας.
899 2823 1099 2876 Ἐλθὼν
1126 2823 1183 2876 δὲ
1210 2824 1239 2875 6
1276 2820 1471 2885 Ἡσαῦ,
1499 2821 1593 2874 καὶ
1627 2820 1814 2893 μαθὼν
1833 2820 1893 2872 τὸ
1924 2836 2018 2887 γε·

436 2915 611 2985 γονὸς,
640 2916 953 2986 ἀπωδύρετο
976 2898 1069 2969 καῖ
1107 2915 1344 2985 ἐθρήνει,
1377 2916 1470 2967 καὶ
1490 2914 1610 2985 ⁴ᾔτει
1659 2912 2020 2984 εὑλογηθῆναι

437 3008 534 3062 καὶ
564 3008 745 3075 αὑτὸς,
781 3009 873 3061 καὶ
896 3009 1061 3079 ὴνυσε
1089 3010 1156 3078 τῇ
1186 3008 1441 3077 ἐπιμονῇ,
1462 3004 1614 3058 οὐδὲν
1652 3005 1749 3075 μὲν
1769 3005 2021 3057 τοσοῦτον

436 3100 562 3156 ὅσον
580 3100 823 3172 ἤλπισεν·
872 3101 1037 3170 ήνυσε
1070 3100 1128 3154 δὲ
1177 3100 1345 3169 ὅμως.
1380 3097 1569 3168 Μικρά
1597 3098 1774 3151 τοίνυν
1800 3096 2022 3167 εὐλογη-

437 3192 553 3256 θεὶς
572 3194 691 3249 ἀντὶ
717 3192 987 3263 μεγάλων,
1008 3191 1273 3263 ὠργίζετο
1300 3191 1435 3263 πρὸς
1455 3191 1547 3244 τὸν
1569 3191 1817 3259 ἀδελφὸν,
1853 3192 1878 3242 ἐ
1886 3207 2022 3259 μνη-

439 3287 673 3348 σικάκει,
712 3286 999 3357 περιέμενε
1037 3284 1129 3338 τοῦ
1156 3284 1361 3355 πατρὸς
1379 3285 1477 3355 τὴν
1506 3285 1778 3355 τελευτὴν,
1813 3282 2019 3345 ὼςτότε

438 3378 755 3447 ἀδεέστερον
803 3375 1199 3429 ἐπιϐουλεύσων
1241 3375 1406 3446 αὑτῷ.
1458 3374 1769 3446 Μηνύειτῷ
1828 3371 2022 3426 Ἰακὼϐ

438 3469 614 3522 ταῦτα
644 3471 678 3539 ἡ
711 3469 916 3539 μήτηρ,
948 3468 1042 3520 καὶ
1065 3469 1320 3537 παραινεῖ
1343 3468 1489 3535 φυγῇ
1522 3467 1620 3536 τὴν
1640 3464 1908 3535 σωτηρίαν
1937 3464 2021 3515 εὑ·

444 3558 688 3630 ρηκέναιο
722 3556 951 3610 εἰποῦσά
1003 3573 1064 3609 τε
1112 3556 1245 3625 πρὸς
1268 3554 1361 3607 τὸν
1421 3553 1643 3612 Ἰσαάκ.
1687 3552 1768 3604 ὅτι
1793 3550 2023 3615 ἀϐίωτος

440 3652 579 3721 αὑτῇ
598 3649 749 3702 ἔσται
778 3650 805 3702 6
826 3648 937 3719 βίος
952 3649 1001 3711 δ,
1032 3648 1080 3699 εί
1110 3647 1204 3699 καὶ
1226 3643 1423 3699 Ἰακὼϐ
1447 3643 1553 3697 ἀπὸ
1577 3643 1684 3695 τῶν
1705 3641 2023 3696 Χαναναίων

440 3742 594 3796 λάϐοι
620 3744 879 3809 γυναῖκα,
922 3739 1328 3810 παρασκευάζει
1375 3738 1466 3790 τὸν
1528 3736 1713 3789 Ἰσαὰκ
1738 3734 2023 3805 ἐκπέμψαι

440 3833 533 3886 τὸν
577 3831 768 3886 Ἰακὼϐ
803 3835 882 3896 εἰς
927 3830 1347 3900 Μεσοποταμίαν
1399 3828 1535 3898 πρὸς
1554 3827 1645 3882 τὸν
1679 3826 1903 3895 ἀδελφὸν
1928 3827 2025 3880 αὑ-

437 3928 538 3999 τῆς
561 3925 652 3979 τὸν
676 3925 882 3988 Λάϐαν,
900 3924 995 3977 καὶ
1025 3925 1090 3976 ἐκ
1117 3924 1225 3975 τῶν
1249 3921 1561 3992 θυγατέρων
1595 3918 1758 3975 αὑτοῦ
1790 3922 2023 3988 γυναῖκα

438 4018 643 4073 λαϐεῖν.
682 4016 1032 4078 ’Δπελθόντος
1073 4014 1128 4068 δέ
1152 4014 1244 4068 τοῦ
1269 4011 1484 4075 Ἰακὼϐ,
1520 4011 1785 4081 λαμϐάνει
1809 4012 1907 4084 τὴν
1933 4011 2026 4065 θυ-

437 4110 647 4181 γατέρα
678 4108 904 4179 Ἰσμαὴλ
930 4105 1108 4177 ἐαυτῷ
1125 4108 1362 4174 γυναῖκα
1384 4107 1412 4158 6
1433 4104 1623 4158 Ἠσαῦ.
1647 4104 1706 4158 ’0
1727 4104 1783 4158 δέ
1800 4102 2023 4175 Ἰσμαὴλ

439 4199 557 4267 υίὸς
570 4198 640 4274 ἦν
667 4202 763 4256 τοῦ
803 4201 1073 4272 Ἀϐραὰμ,
1101 4199 1209 4253 ἀπὸ
1237 4200 1333 4269 τῆς
1348 4199 1527 4269 ’Λγαρ
1541 4198 1828 4268 γενόμενος
1852 4196 2017 4267 αὑτῷ.

440 4295 637 4348 Βλέπει
664 4295 763 4365 τὴν
818 4292 1061 4364 κλίμακα
1098 4292 1127 4345 6
1163 4290 1380 4355 Ἰακὼϐ,
1422 4290 1602 4359 ἵστησι
1642 4290 1861 4361 στήλην,
1927 4290 2022 4342 καὶ

440 4386 838 4454 ἐπαγγέλλεται
866 4385 932 4437 τὰ
953 4383 1267 4453 ὑπάρχοντα
1310 4382 1458 4452 αὑτῷ
1487 4381 1919 4434 ἀπώεκατιῦσειν
1944 4379 2024 4450 τῷ

441 4475 584 4546 Θεῷ,
614 4478 662 4529 εἰ
689 4475 947 4543 ὑγιαίνων
992 4473 1295 4527 ἐπανέλθοι.
1355 4474 1613 4542 Ἔρχεται
1644 4473 1725 4535 είς
1781 4471 1878 4542 τὴν
1911 4473 2023 4525 Ma-

443 4567 798 4638 σοποταμίαν,
828 4561 933 4620 εἶδε
963 4565 1060 4635 τὴν
1100 4564 1321 4636 Ῥαχὴλ,
1349 4564 1603 4634 ἐφίλησεν
1636 4564 1825 4635 αὑτήν·
1854 4563 2022 4616 ἀπελ-

444 4659 671 4731 θοῦσαή
724 4660 862 4732 κόρη
893 4657 1192 4730 ἀπήγγειλε
1230 4657 1307 4728 τῷ
1363 4658 1531 4729 πατρὶ
1570 4657 1775 4711 Λάϐαν.
1824 4654 2022 4708 Ἐλθὼν

442 4753 605 4818 αὑτὸς
630 4752 840 4821 ἐπέγνω
865 4751 956 4805 τὸν
992 4747 1204 4814 Ἰακὼϐ,
1234 4751 1521 4821 εἰσήγαγεν
1541 4749 1701 4802 αὑτὸν
1732 4748 1867 4821 πρὸς
1893 4749 2022 4802 ἐαυ-

440 4847 555 4901 τόν.
590 4844 928 4899 Ἐδούλευσεν
960 4842 1106 4913 αὑτῷ
1136 4844 1226 4896 ἐπὶ
1271 4842 1446 4913 μισθῷ
1468 4841 1753 4912 θυγατρός·
1776 4841 1878 4895 όδέ
1922 4840 2022 4912 τὴν

444 4938 817 5008 πρεσϐυτέραν
849 4937 1036 4990 ἔδωκε·
1094 4934 1673 5006 δυσχεραίνοντιδέτῷ
1711 4934 1904 4990 Ἰακὼϐ
1928 4936 2022 4990 ἐπὶ

443 5031 513 5098 τῇ
544 5028 747 5100 ἀπάτῃ,
780 5028 1049 5097 προτείνει
1088 5026 1230 5079 ἐπτά
1290 5025 1386 5093 ἔτη
1439 5025 1601 5095 ἔτερα
1631 5025 1909 5080 δουλεῦσαι
1934 5064 1948 5089 ,
1974 5028 2022 5080 εί

446 5119 689 5191 βούλοιτο
729 5122 821 5174 καλ⁸
847 5121 945 5189 τὴν
976 5100 1251 5190 νεωτέραν
1296 5117 1503 5170 λαϐεῖν.
1554 5118 1613 5171 '0
1652 5117 1708 5170 δέ
1746 5117 1837 5170 καὶ
1865 5116 2023 5171 τοῦτο

446 5206 724 5276 ὑπέμεινε,
752 5208 847 5260 καὶ
876 5205 1145 5277 λαμϐάνει
1167 5207 1261 5260 καὶ
1298 5205 1394 5275 τὴν
1422 5205 1711 5275 νεωτέραν.
1737 5202 1845 5258 Ἦν
1879 5207 1936 5261 δέ
1985 5209 2019 5278 ἡ

447 5298 548 5370 μέν
571 5297 915 5370 πρεσϐυτέρα
947 5297 1178 5370 ἀσθενὴς
1201 5299 1311 5361 τοῖς
1359 5296 1675 5367 ὀφθαλμοῖς,
1700 5298 1854 5352 Λεία·
1904 5301 1937 5371 ἡ
1962 5300 2023 5354 δέ

444 5393 684 5465 νεωτέρα
705 5392 910 5462 ὡραία,
952 5392 986 5462 ὴ
1028 5389 1249 5461 Ῥαχήλ.
1293 5387 1414 5441 Εἰσὶ
1456 5388 1512 5441 δὲ
1556 5387 1715 5441 τύποι
1756 5389 1940 5455 αὑταὶ,
1987 5393 2021 5463 ή

508 5486 534 5515 ⁸
549 5484 897 5559 Lugdunensis
918 5485 944 5532 6
965 5484 1019 5533 δέ
1040 5482 1127 5530 οὑκ
1146 5481 1393 5544 ἀφίστατο,
1422 5480 1524 5529 ἀλλ’
1545 5481 1681 5544 ἕτερα
1701 5482 1913 5545 ὤρυσσεν
1934 5484 2023 5542 ἕως

442 5547 732 5597 ἆπαύσαντο.

446 5609 538 5681 mh
555 5611 787 5681 ldipggm,
820 5608 909 5657 sed
951 5606 1051 5681 alip
1076 5605 1217 5681 [ungo
1238 5602 1483 5681 ςκριίίηὶί
1494 5604 1870 5666 Chrysoslomus
1891 5612 2023 5661 ιοωο

446 5666 529 5731 IV,
553 5683 602 5734 p.
626 5666 736 5734 526,
758 5681 959 5733 nempe,
981 5670 1042 5718 τὰ
1066 5674 1149 5727 τῆς
1168 5672 1289 5728 ζωῆς
1308 5666 1419 5730 ἡμῖν
1440 5669 1642 5731 οἴχεται.

1117 251 1178 309 S.
1217 250 1501 309 JOANNIS
1538 246 2037 309 CHRYSOSTOMI
2075 243 2395 305 ARCHIEP.
2432 243 2981 305 CONSTANTINOP.

2116 361 2214 432 μέν
2238 360 2583 433 πρεσϐυτέρα
2619 361 2716 432 τῆς
2744 361 3068 433 συναγωγῆς
3102 363 3212 418 τῶν
3244 364 3541 435 Ἰουδαίων,
3571 370 3608 439 ή
3635 372 3688 426 δέ

2110 453 2348 523 νεωτέρα
2402 456 2503 523 τῆς
2558 451 2886 524 Ἐκκλησίας
2952 454 3047 508 τοῦ
3096 456 3353 527 Χριστοῦ.
3417 460 3685 515 Συνέλαϐε

2111 542 2267 607 Λεία,
2285 544 2377 596 καὶ
2403 542 2557 596 ἔτεκε
2582 543 2674 597 τὸν
2705 544 2977 615 Ῥουϐεὶμ,
3011 546 3102 600 τὸν
3120 549 3363 621 Συμεὼν,
3418 552 3519 605 τὸν
3545 553 3683 613 Λευῖ,

2110 633 2200 686 τὸν
2233 631 2447 687 Ἰούδαν.
2492 634 2559 688 Ἥ
2586 634 2644 688 δὲ
2692 635 2912 708 Ῥαχὴλ,
2973 637 3096 691 ἐπεὶ
3143 640 3219 711 μὴ
3255 640 3459 706 ἔτικτε,
3513 643 3684 695 δίδωσι

2110 720 2187 790 τῷ
2226 721 2420 776 Ἰακὼϐ
2443 725 2678 791 γυναῖκα
2704 723 2983 797 δευτέραν,
3023 727 3122 799 τὴν
3173 730 3472 805 παιδίσκην
3527 732 3685 802 αὐτῆς

2111 812 2307 880 Βάλαν,
2332 815 2425 870 καὶ
2452 814 2637 871 ἔτεκεν
2667 817 2849 889 ἐκείνη
2876 818 2967 873 τὸν
2985 818 3093 875 Δάν
3112 822 3208 876 καὶ
3236 822 3327 876 τὸν
3350 824 3685 893 Νεφθαλείμ.

2115 904 2321 960 Ἔδωκε
2346 906 2402 960 δέ
2436 908 2584 983 καὶὴ
2612 908 2745 963 Λεία
2765 908 2974 980 Ζελφάν
2995 911 3092 983 τὴν
3113 914 3402 986 παιδίσκην
3432 915 3608 987 αὐτῆς
3618 915 3686 985 τῷ

2123 995 2319 1050 Ἰακὼϐ
2351 1002 2603 1067 γυναῖκα’
2635 1002 2668 1071 ή
2695 1000 2752 1053 δέ
2775 1000 2927 1055 ἔτεκε
2958 1002 3049 1055 τὸν
3088 1004 3194 1059 Γάδ
3221 1006 3316 1061 καὶ
3347 1006 3441 1061 τὸν
3506 1007 3681 1076 ’Δσὴμ

2115 1088 2309 1142 Ἔτεκε
2331 1089 2390 1142 δέ
2416 1090 2545 1161 ἑξῆς
2565 1091 2697 1146 Λεία
2733 1094 2871 1163 μετὰ
2893 1094 3065 1148 ταῦτα
3103 1096 3194 1150 τὸν
3235 1097 3459 1170 Ἰσάχαρ
3483 1097 3579 1154 καὶ
3606 1098 3684 1151 τὸν

2112 1178 2420 1237 Ζαϐουλὼν.
2464 1182 2596 1235 Τότε
2632 1181 2783 1236 ἔτεκε
2806 1184 2900 1237 καὶ
2931 1185 2964 1255 ή
2994 1184 3193 1256 Ῥαχὴλ
3223 1184 3314 1240 τὸν
3351 1188 3579 1259 Ἰωσήφ.
3611 1188 3684 1250 Ὠς

2110 1270 2168 1323 δέ
2201 1270 2389 1341 ὴθελεν
2420 1274 2448 1326 6
2489 1271 2684 1326 Ἰακὼϐ
2731 1274 2983 1328 ἀπελθεῖν
3010 1277 3089 1339 εἰς
3117 1277 3217 1349 τὴν
3247 1279 3461 1332 οἰκείαν
3480 1278 3606 1351 γῆν,
3620 1279 3684 1331 δί-

2110 1362 2274 1415 δωσιν
2299 1363 2447 1434 αὑτῷ
2477 1364 2567 1418 τὸν
2591 1365 2779 1435 μισθὸν
2802 1366 2830 1417 6
2850 1366 3057 1431 Δάϐαν,
3109 1367 3170 1421 ὃν
3210 1369 3369 1433 αὑτὸς
3401 1370 3432 1423 6
3503 1370 3684 1424 Ἰακὼϐ

2112 1449 2299 1522 ὥρισε,
2333 1455 2441 1507 πᾶν
2461 1453 2619 1522 φαιὸν
2644 1455 2701 1507 ἐν
2738 1458 2851 1519 τοῖς
2883 1456 3102 1526 ἀρνασι,
3135 1458 3226 1511 καὶ
3255 1461 3363 1515 πᾶν
3389 1458 3587 1513 λευκὸν
3639 1464 3685 1514 ἐν

2112 1544 2233 1606 ταῖς
2262 1543 2402 1609 αἰξίν
2439 1554 2486 1582 α’
2513 1543 2589 1607 ὼς
2620 1543 2677 1596 δέ
2710 1544 2878 1598 πολλὰ
2903 1544 2973 1598 τά
2994 1546 3218 1600 τοιαῦτα
3254 1548 3506 1618 γέγονεν’
3534 1550 3685 1603 ἐτίθει

2113 1634 2223 1706 γὰρ
2253 1634 2482 1705 ῥάϐδους
2505 1637 2562 1688 ἐν
2610 1637 2721 1699 τοῖς
2753 1638 3139 1708 ποτιστηρίοις,
3184 1640 3278 1694 καὶ
3309 1641 3571 1695 ἐνεκίσσα
3627 1642 3684 1696 τά

2114 1726 2379 1803 πρόϐατα,
2399 1727 2494 1780 καὶ
2522 1726 2699 1781 ἔτικτε
2728 1727 2895 1783 λευκά
2922 1731 3014 1783 καὶ
3034 1730 3272 1797 ποικίλα,
3291 1734 3386 1788 καὶ
3412 1734 3681 1805 σποδοειδῆ

2118 1817 2305 1886 ραντά.
2341 1816 2413 1868 Τὸ
2437 1816 2495 1868 δέ
2524 1819 2633 1871 πᾶν
2655 1818 2749 1871 τοῦ
2770 1817 2902 1875 Θεοῦ
2924 1819 3083 1891 ἔργον
3108 1816 3197 1892 ἦν,
3230 1820 3305 1887 ὡς
3334 1823 3503 1888 αὑτός
3533 1840 3683 1893 φησιν

2112 1908 2141 1961 6
2185 1906 2399 1961 Ἰακώϐ.
2427 1907 2808 1976 Διεφθονοῦντο
2847 1909 2994 1982 αὐτῷ
3019 1911 3125 1965 υἱοὶ
3151 1911 3356 1977 Λάϐαν,
3391 1914 3491 1968 καὶ
3518 1913 3683 1967 λαϐὼν

2114 2000 2287 2071 λάθρα
2318 2000 2416 2065 τὰς
2446 2002 2636 2055 ἐαυτοῦ
2680 2005 2941 2071 γυναῖκας
2994 2006 3133 2073 μετά
3187 2005 3294 2060 τῶν
3338 2006 3683 2080 ὑπαρχόντων

2116 2093 2375 2165 ἀπῆλθεν.
2420 2094 2478 2148 '0
2517 2093 2576 2148 δὲ
2622 2095 2806 2149 Λάϐαν
2852 2097 3164 2163 κατεδίωξε,
3214 2098 3309 2153 καὶ
3354 2113 3497 2172 πριν
3550 2100 3681 2169 αὑτῷ

2118 2185 2428 2260 συμϐαλεῖν,
2454 2186 2747 2256 ἠπείλησεν
2788 2190 2816 2241 6
2841 2188 2973 2251 Θεὸς
2993 2188 3163 2261 αὐτῷ,
3180 2193 3229 2244 εί
3249 2192 3502 2263 τραχέως
3532 2208 3680 2261 προσ-

2114 2277 2357 2347 ενεχθείη
2386 2277 2465 2348 τῷ
2506 2268 2737 2332 Ἰακώϐ.
2763 2280 2821 2332 '0
2852 2280 2908 2333 δὲ
2938 2280 3126 2346 ἐλθὼν,
3157 2281 3219 2336 τὸ
3241 2284 3339 2353 μὲν
3362 2283 3586 2355 πρῶτον
3607 2285 3679 2338 ἐν·

2116 2366 2320 2430 εκάλει,
2349 2366 2499 2440 [523]
2518 2369 2613 2422 καὶ
2632 2369 2732 2440 τὴν
2749 2371 2927 2441 αἰτίαν
2951 2372 3132 2443 ἐζήτει
3151 2373 3252 2444 τῆς
3278 2373 3549 2447 λαθραίας
3564 2376 3680 2430 ἀνα·

2115 2460 2430 2532 χωρήσεως.
2468 2460 2554 2523 Ὠς
2578 2461 2635 2513 δέ
2652 2456 2805 2515 εἶπεν
2824 2465 2852 2515 ό
2886 2464 3101 2526 Ἰακὼϐ,
3119 2465 3211 2519 διὰ
3235 2465 3296 2519 τὸ
3322 2468 3680 2538 πειρθονῆσθαι

2121 2553 2328 2621 μήποτε
2351 2552 2453 2615 τάς
2479 2551 2785 2623 θυγατέρας
2812 2553 2974 2607 αὑτοῦ
3002 2554 3174 2620 λάϐοι,
3201 2555 3361 2610 τοῦτο
3394 2559 3679 2629 πεποιηκέο

2118 2659 2227 2705 ναι,
2257 2642 2438 2713 ἐζήτει
2474 2643 2598 2708 τοὺς
2625 2630 2780 2708 θεοὺς
2827 2644 2989 2698 αὑτοῦ
3036 2646 3246 2712 Λάϐαν,
3275 2648 3368 2712 οὓς
3400 2649 3629 2720 ἔκλεψεν
3654 2654 3678 2721 ἡ

2132 2729 2352 2801 Ῥαχήλ.
2412 2730 2500 2794 Ὠς
2549 2730 2606 2782 δὲ
2653 2732 2752 2801 οὑχ
2797 2726 2985 2804 εὗρεν,
3031 2734 3330 2788 ἐπιτίθεται
3371 2738 3620 2810 σφοδρῶς
3661 2742 3679 2791 ὁ

2132 2816 2326 2872 Ἰακὼϐ
2355 2818 2620 2886 ἐγκαλῶν.
2665 2820 2776 2874 Καὶ
2816 2822 2987 2887 τέλος,
3019 2822 3282 2890 φαγόντες
3325 2826 3421 2879 καὶ
3466 2828 3679 2892 πιόντες,

2119 2906 2545 2980 διεχωρίσθησαν
2565 2907 2825 2979 ἀλλήλων,
2845 2908 3029 2979 βουνὸν
3052 2910 3214 2965 λίθων
3241 2916 3544 2984 στήσαντες
3564 2917 3681 2983 ἐκεῖ,

2119 2993 2178 3047 δν
2207 2996 2301 3048 καὶ
2332 2995 2525 3049 Βουνὸν
2552 2996 2853 3067 μαρτυρίου
2887 2997 3170 3053 ἐκάλεσαν.
3194 3000 3325 3054 Τότε
3357 3004 3682 3075 συνήντησαν

2120 3081 2197 3152 τῷ
2240 3081 2435 3135 Ἰακὼϐ
2467 3082 2685 3152 ἄγγελοι
2718 3083 2876 3139 Θεοῦ.
2914 3085 3253 3141 ’Λποστέλλει
3277 3090 3306 3144 6
3338 3089 3541 3145 Ἰακὼϐ
3567 3093 3682 3163 πρὸς

2122 3168 2211 3221 τὸν
2252 3167 2445 3231 Ἠσαῦ,
2472 3169 2831 3238 ἀπαγγέλλων
2858 3172 3023 3248 αὑτοῦ
3053 3173 3152 3246 τὴν
3185 3175 3504 3248 ἐπιδημίαν.
3534 3179 3615 3243 Ὠς
3636 3181 3684 3233 δέ

2121 3250 2284 3325 ἦλθον
2309 3258 2358 3309 οἱ
2389 3258 2804 3323 ἀποσταλέντες,
2839 3260 2932 3313 καὶ
2956 3254 3109 3314 εἶπον
3133 3261 3383 3333 ἔρχεσθαι
3404 3265 3503 3318 τὸν
3529 3266 3683 3321 Ἦσαῦ

2125 3344 2265 3414 μετά
2292 3346 2656 3415 τετρακοσίων
2688 3346 2916 3417 ἀνδρῶν,
2946 3348 3239 3419 περίφοϐος
3269 3352 3562 3422 γενόμενος
3594 3355 3685 3407 6e?-

2121 3447 2210 3483 ται
2242 3430 2337 3485 τοῦ
2360 3430 2516 3496 Θεοῦ,
2541 3431 2681 3486 ὥστε
2715 3434 2877 3487 αὑτὸν
2902 3436 3207 3503 ἀπαλλάξαι
3236 3437 3327 3490 τοὺ
3348 3439 3682 3511 ἐπικειμένου

2124 3517 2391 3581 κινδύνου,
2427 3520 2523 3572 καὶ
2546 3519 2750 3590 πέμπει
2764 3520 2910 3593 δῶρα
2936 3519 3013 3592 τῷ
3057 3522 3251 3579 Ἠσαῦ.
3279 3525 3365 3588 Ὠς
3388 3525 3449 3578 δὲ
3485 3527 3683 3599 εἰσῆλθε

2122 3604 2214 3658 τὸν
2238 3604 2573 3677 χειμάρρουν
2594 3605 2624 3657 6
2649 3605 2863 3671 Ἰακὼϐ,
2893 3608 2988 3661 καὶ
3015 3609 3301 3685 εὑλογήθη,
3329 3616 3421 3666 καὶ
3458 3631 3682 3685 μετωνοο

2127 3692 2311 3763 μάσθη
2333 3692 2395 3745 τὸ
2422 3692 2593 3763 ὄνομα
2616 3693 2801 3760 αὑτοῦ,
2827 3697 2927 3767 ὁρᾷ
2950 3697 3037 3752 τὸν
3066 3698 3236 3753 Ἦσαῦ
3264 3700 3581 3772 ἐρχόμενον,
3606 3706 3684 3757 καί

2123 3781 2312 3836 διελὼν
2345 3782 2404 3835 τὸ
2430 3781 2654 3852 πλῆθος,
2682 3782 2781 3846 τάς
2807 3784 2907 3851 μὲν
2945 3786 3232 3851 παιδίσκας
3260 3788 3396 3859 μετά
3422 3790 3543 3844 τῶν
3572 3793 3682 3845 παί-

2122 3869 2227 3923 δων
2256 3870 2433 3924 αὑτῶν
2455 3869 2675 3939 πρώτας
2693 3872 2869 3937 ἔταξε,
2890 3872 2987 3944 τὴν
3010 3873 3066 3927 δὲ
3089 3873 3251 3930 Λείαν
3277 3875 3540 3948 δευτέραν
3563 3882 3683 3950 μετέ

2123 3955 2233 4011 τῶν
2265 3957 2514 4022 παιδίων,
2546 3959 2642 4012 καί⁵
2670 3959 2769 4031 τὴν
2817 3960 3016 4031 Ῥαχὴλ
3056 3961 3195 4031 μετά
3238 3962 3431 4032 Ἰωσὴφ
3464 3966 3681 4037 ἐσχάτην

2123 4045 2380 4118 ἔρχεσθαι
2408 4046 2688 4113 κελεύσας,
2718 4048 2881 4113 αὐτὸς
2903 4049 3117 4122 πρῶτος
3142 4050 3328 4123 ἀπῄει.
3362 4052 3453 4117 Ὧς
3482 4053 3543 4107 δὲ
3564 4051 3681 4106 εἶδεν

2124 4133 2286 4188 αὑτὸν
2317 4134 2568 4204 ἀσμένως
2604 4136 2634 4189 6
2673 4134 2869 4201 Ἠσαῦ,
2918 4137 3011 4193 καὶ
3057 4137 3130 4191 τὰ
3158 4138 3303 4209 δῶρα
3353 4139 3520 4194 ἔλαϐε
3571 4142 3679 4209 παρ’

2123 4220 2309 4287 αὑτοῦ,
2344 4222 2496 4293 ὴξίου
2537 4223 2972 4294 συμπορεύεσθαι
3003 4225 3153 4297 αὑτῷ
3172 4243 3188 4257 ·
3218 4229 3248 4281 6
3277 4227 3334 4280 δὲ
3376 4233 3679 4301 παρῃτεῖτο.

2123 4310 2235 4364 Καὶ⁵
2259 4308 2428 4364 ἐλθὼν
2455 4310 2747 4365 κατέλυσεν
2778 4314 2857 4377 είς
2887 4311 3038 4368 πόλιν
3066 4314 3305 4385 Σικίμων
3335 4315 3550 4388 Σαλὴμ,
3574 4316 3681 4369 ἔνθα

2124 4397 2309 4469 Συχὲμ
2341 4398 2370 4450 6
2402 4397 2517 4463 υίὸς
2557 4398 2785 4472 Ἑμμὼρ
2813 4399 2905 4477 τοῦ
2939 4400 3225 4472 βασιλέως,
3259 4402 3513 4473 ἐρασθεὶς
3543 4404 3681 4465 Δίνας

2121 4487 2223 4554 τῆς
2255 4487 2525 4562 θυγατρὸς
2574 4487 2805 4554 Ἰακὼϐ,
2848 4490 2943 4545 καὶ
2991 4491 3215 4566 φθείρας
3258 4493 3357 4563 τὴν
3388 4494 3679 4564 παρθένον.

2121 4572 2274 4645 ὴξίου
2303 4574 2456 4646 νόμῳ
2498 4574 2679 4647 γάμου
2729 4575 2913 4631 λαϐεῖν
2959 4579 3129 4655 αὑτὴν
3167 4581 3415 4649 γυναῖκα.
3460 4576 3597 4634 Εἷπε
3637 4581 3677 4631 δὲ

2122 4661 2348 4731 Συμεὼν
2402 4664 2496 4727 καὶ
2526 4664 2657 4717 Λευτ
2700 4664 2892 4719 δώσειν
2932 4667 3187 4738 ἑτοίμως,
3230 4669 3278 4721 εί
3314 4668 3677 4739 περιτμηθεῖει

2124 4750 2319 4804 ἐκεῖνοι
2355 4750 2492 4823 μετά
2521 4751 2614 4805 τοῦ
2643 4752 2773 4806 λαοῦ
2802 4754 3001 4809 αὐτῶν.
3037 4756 3124 4820 Ὠς
3145 4754 3201 4808 δέ
3233 4752 3677 4827 περιετμήθησαν,

2125 4836 2205 4891 ἔτι
2237 4838 2398 4902 ὄντας
2439 4839 2498 4893 ἐν
2542 4838 2621 4911 τῷ
2668 4840 2816 4911 πόνῳ
2863 4842 3072 4895 ἀνεῖλον
3116 4843 3309 4907 αὐτοὺς
3340 4843 3571 4912 Συμεὼν
3606 4844 3679 4896 καὶ

2121 4926 2273 4983 Acut.
2311 4926 2585 5007 ’ξφοϐεῖτο
2611 4927 2798 4981 λοιπὸν
2830 4931 2862 4983 6
2911 4928 3135 4995 Ἰακὼϐ,
3184 4930 3257 5001 μὴ
3304 4930 3679 4991 συνεπιθῶνται

2121 5012 2273 5086 αὑτῷ
2292 5015 2342 5067 οί
2364 5014 2592 5087 πλησίον
2607 5016 2901 5070 Χαναναῖοι
2920 5032 2935 5047 ·
2955 5016 3050 5071 καὶ
3071 5014 3168 5069 τοῦ
3184 5014 3319 5070 Θεοῦ
3343 5015 3679 5079 κελεύσαντος

2123 5103 2360 5174 ἀνῆλθεν
2386 5105 2466 5167 είς
2498 5104 2720 5177 Βαιθήλ.
2751 5105 2860 5159 Καὶ
2890 5094 3161 5160 ἀπέθανεν
3190 5107 3225 5177 ή
3255 5105 3451 5177 τροφὸς
3483 5106 3682 5160 Ῥεϐἐκο

2124 5210 2247 5255 κας.
2278 5191 2365 5256 Ὣς
2386 5191 2443 5246 δέ
2471 5193 2772 5266 ηὑλόγησεν
2796 5193 2944 5266 αὑτῷ
2963 5196 2992 5248 6
3012 5193 3391 5265 Θεὸς,ἀπάρας
3416 5194 3484 5247 ἐκ
3503 5193 3679 5260 Βαιθὴλ

2124 5279 2442 5350 κατῴκησεν
2467 5281 2722 5335 ἐπέκεινα
2744 5282 2952 5353 πύργου
2977 5282 3167 5357 Γαδέρ.
3185 5282 3316 5336 Τότε
3343 5281 3679 5351 ἐδυστόκητεν

2124 5370 2159 5440 ἡ
2183 5369 2404 5441 Ῥαχὴλ,
2423 5370 2518 5425 καὶ
2537 5370 2797 5438 ἀπέθανε,
2816 5372 2913 5425 καὶ
2937 5371 3113 5445 ἐτάφη
3132 5372 3191 5425 ἐν
3207 5372 3274 5443 τῇ
3297 5371 3400 5442 ὁδῷ
3423 5370 3681 5441 Ἑφραθὶ’

2189 5551 2212 5614 9
2244 5547 2465 5614 [quale
2483 5545 2675 5614 B_iblicp
2696 5546 3048 5614 legimus,__1riv
3076 5547 3320 5614 διάλευκον
3342 5548 3423 5596 καὶ
3451 5548 3618 5614 ῥαντὸν
3646 5530 3689 5614 εις

2122 5610 2226 5665 ταῖς
2266 5610 2403 5664 αἰξίν.
2436 5610 2535 5678 Seu
2578 5610 2663 5669 qui
2695 5598 2987 5678 co‘fnpcudio
3013 5612 3248 5673 loquitur,
3283 5623 3379 5659 non
3412 5598 3577 5660 oinnia

2124 5679 2350 5724 accurate
2374 5676 2657 5737 exprimere
2678 5676 2826 5723 vam.
