3720 6274
78 211 183 267 521

78 325 195 378 rilis
225 320 398 387 esset,-
426 308 741 385 obsecrabat
760 312 906 369 Isaac
927 312 1091 365 Deum
1122 318 1182 364 ut
1202 302 1293 363 illa
1323 306 1627 372 conciperet
1656 325 1670 361 :

76 422 244 483 atque
270 420 337 467 ut
363 410 587 481 gestavit
617 420 849 469 uterum,
876 403 1008 459 dixit
1033 402 1108 457 illi
1134 401 1309 457 Deus:
1341 399 1470 454 Due:
1511 407 1675 470 gentes

75 507 128 558 in
159 515 308 558 utero
334 512 418 557 tuo
448 509 581 564 sunt,
632 498 944 568 populusque
968 494 1211 565 papuhtm
1241 490 1490 563 superabit
1509 489 1527 563 (
1547 488 1675 543 Gen.

76 597 171 650 9.5.
197 594 316 661 95)
351 611 365 649 :
395 591 690 663 prtediccns
737 604 798 643 ea
828 602 946 658 qua!
971 585 1183 641 Judacos
1206 592 1259 639 et
1289 597 1387 637 nos
1417 580 1677 637 Christia-

78 702 182 741 nos
210 685 551 756 spectabant.
575 680 836 737 Utautem
858 676 1003 747 pueri
1022 675 1130 730 nati
1158 683 1282 728 sunt
1302 681 1675 739 etcreverunt,

80 778 250 832 tradit
282 776 572 844 venditque
624 770 973 843 primogenita
1016 782 1111 823 sua
1157 766 1357 823 Jacobo
1398 765 1539 820 Esau
1583 779 1681 835 pro

80 870 345 925 coctione
369 866 546 924 lentis.
569 866 705 920 Cum
730 863 886 918 vellet
906 862 1051 917 Isaac
1076 860 1128 914 in
1153 859 1436 931 zEgyptum
1458 858 1672 913 descen-

82 962 241 1026 dere,
272 959 400 1031 quia
432 957 599 1012 fames
640 953 983 1025 praevalebat,
1036 950 1276 1007 euhibuit
1316 949 1461 1004 illum
1507 950 1675 1016 Dcus,

83 1052 340 1107 hortatus
371 1059 427 1104 ut
463 1049 569 1103 illic
598 1054 859 1111 maneret,
888 1044 975 1099 ubi
1013 1052 1135 1098 tunc
1160 1050 1292 1105 erat,
1319 1041 1581 1110 pollicitus
1619 1054 1679 1095 se

82 1159 208 1197 cum
236 1146 357 1213 ipso
406 1140 659 1205 futurum,
709 1151 772 1197 ac
801 1134 1203 1193 benedicturum
1251 1147 1434 1188 semen
1478 1131 1674 1202 ipsius,

84 1235 386 1305 ipsumque
400 1230 886 1299 multiplicaturum.
909 1227 1044 1282 Cum
1062 1224 1331 1280 didicisset
1348 1234 1522 1279 autem
1549 1223 1678 1278 Abi-

90 1326 308 1379 melcch
340 1339 436 1379 rex
462 1323 784 1379 Gerarorum
814 1319 1111 1375 Rebeccam
1136 1331 1353 1372 uxorein
1374 1330 1491 1370 esse
1517 1314 1678 1369 lsaaci

90 1417 109 1484 (
135 1414 516 1485 suspicabatur
545 1412 684 1467 enim
707 1424 944 1466 sororem
976 1409 1090 1477 ejus
1119 1404 1294 1478 esse),
1342 1417 1564 1461 mortem
1595 1405 1678 1459 in-

93 1505 229 1558 dixit
256 1504 325 1558 iis
346 1504 433 1575 qui
466 1503 563 1573 ipsi
590 1500 965 1556 contumeliam
996 1497 1272 1553 inferrent.
1308 1497 1455 1550 Tunc
1475 1496 1677 1550 semina

90 1594 292 1663 Sparsit
314 1594 479 1660 Isaac,
508 1602 560 1647 et
580 1592 779 1647 centies
802 1588 1204 1659 multiplicatum
1241 1586 1496 1642 hordeum
1528 1586 1679 1641 inve-

93 1687 187 1739 nit.
216 1687 356 1740 Cum
388 1695 563 1740 autem
608 1698 678 1739 ex
720 1681 1090 1737 benedictione
1124 1679 1219 1735 Dei
1259 1679 1462 1748 magnis
1496 1688 1681 1735 auctus

92 1787 239 1831 esset
256 1777 476 1842 divitiis,
518 1774 819 1830 invidebant
848 1774 894 1828 ei
940 1771 1256 1845 Pbylistiim,
1286 1780 1340 1824 et
1369 1769 1679 1826 Abimelech

93 1869 213 1923 inde
241 1886 366 1924 eum
386 1869 608 1941 expulit.
634 1868 726 1922 llle
743 1882 869 1921 vero
890 1880 992 1920 non
1016 1863 1236 1928 obstitit,
1258 1862 1346 1917 scd
1371 1863 1609 1931 recessit,
1628 1871 1682 1918 et

42 1984 45 1987 <
93 1971 295 2031 puteos
311 1961 457 2029 fodit,
481 1976 580 2031 pro
600 1961 789 2031 quibus
811 1959 932 2014 lites
962 1958 1175 2012 fuerunt
1197 1956 1292 2026 (a).
1314 1956 1404 2010 Ille
1427 1971 1553 2011 vero
1574 1971 1677 2010 non

94 2056 235 2110 ultus
265 2071 383 2123 eos,
413 2052 545 2109 alios
576 2053 703 2107 fodit
735 2062 938 2124 puteos,
965 2051 1136 2107 donec
1167 2049 1239 2105 illi
1269 2050 1565 2105 molestiam
1595 2048 1670 2103 in-

94 2147 233 2202 ferre
262 2147 552 2202 desierunt.
578 2144 646 2199 Et
667 2144 937 2200 benedixit
964 2143 1111 2198 illum
1143 2143 1301 2199 Dens.
1328 2141 1473 2197 Isaac
1501 2151 1677 2198 autem

91 2255 148 2293 se
174 2240 465 2293 adeuntem
486 2237 881 2292 Abimeleclium
902 2236 1127 2307 benigne
1155 2236 1387 2305 suscepit
1412 2235 1681 2289 convivio-

94 2348 195 2401 que
227 2332 467 2402 excepit,
507 2330 816 2400 injuriarum
862 2328 1160 2383 immemor.
1193 2329 1349 2382 Duxit
1374 2327 1512 2381 Esau
1537 2327 1676 2382 Cha-

96 2438 312 2479 nanaeas
340 2424 607 2487 mulieres,
628 2437 745 2492 qua:
774 2421 1180 2491 litigahantcum
1201 2418 1462 2475 Rebecca.
1487 2418 1676 2473 Senuit

98 2517 309 2570 lsaacus
334 2523 391 2568 et
413 2515 774 2583 inligaverant
802 2512 939 2565 oculi
969 2511 1083 2580 ejus
1108 2554 1122 2577 ,
1152 2513 1506 2582 przrcepitque
1536 2512 1678 2567 Esau

96 2606 199 2659 lilio
225 2620 347 2672 suo,
372 2613 429 2659 ut
449 2613 735 2659 venaretur
760 2610 814 2658 et
836 2612 1045 2672 pararet
1065 2602 1164 2656 sibi
1186 2602 1404 2667 cibaria,
1430 2612 1484 2657 ut
1511 2604 1675 2658 benc-

94 2698 299 2753 diccret
324 2712 466 2752 eum.
500 2695 663 2752 Jacob
682 2704 878 2762 autem,
898 2696 963 2751 de
984 2696 1167 2750 matris
1187 2696 1409 2752 consilio
1424 2706 1477 2752 ct
1491 2712 1671 2768 Opera,

96 2790 234 2843 Esau
258 2786 474 2843 fratrem
500 2788 793 2858 praevenit:
817 2802 937 2842 nam
959 2786 1125 2844 coctis
1144 2786 1233 2843 illa
1255 2787 1422 2843 hzcdis
1445 2789 1672 2856 duobus,

93 2891 146 2936 ct
170 2881 402 2951 pellibus
435 2896 619 2936 eorum
649 2879 756 2938 filio
781 2881 1188 2952 circumpositis,
1215 2892 1273 2938 ut
1291 2883 1380 2938 filii
1409 2884 1676 2940 levitatem

93 2976 405 3047 obtegeret,
433 2975 630 3031 cibaria
678 2974 777 3046 ipsi
828 2975 1074 3042 tradidit,
1122 2984 1175 3031 ct
1203 2977 1380 3032 emisit
1414 2991 1557 3032 eum.
1585 2976 1677 3034 ille

94 3083 223 3122 vero
252 3068 523 3138 ingressus
549 3066 949 3122 benedictiones
975 3068 1196 3138 accepit.
1232 3067 1332 3122 Ubi
1366 3078 1541 3123 autem
1582 3083 1675 3125 ac-

94 3160 253 3213 cessit
286 3159 460 3223 Esau,
492 3167 545 3213 et
584 3158 723 3229 quod
750 3167 959 3228 gestum
991 3170 1103 3213 erat
1127 3158 1379 3223 edidicit,
1414 3159 1674 3215 lamenta-

96 3249 270 3318 batur,
298 3249 529 3320 lugebat,
560 3249 873 3321 petebatque
902 3261 955 3305 et
982 3250 1095 3320 ipse
1122 3250 1545 3307 benedictionem
1574 3253 1672 3307 sibi

96 3342 204 3397 dari
235 3351 321 3395 :et
341 3341 753 3412 perseverantia
773 3355 866 3396 sua
893 3341 1088 3412 aliquid
1107 3343 1312 3407 effecit;
1346 3343 1474 3397 nihil
1498 3352 1672 3399 tamen

96 3443 317 3497 tantum,
351 3440 607 3501 quantum
635 3433 885 3503 sperabat
911 3450 925 3487 :
954 3433 1256 3502 impetravit
1284 3442 1480 3490 tamen.
1505 3435 1673 3490 Parva

99 3528 269 3595 itaque
298 3525 418 3579 loco
447 3524 664 3594 majoris
688 3524 1057 3582 benedictione
1080 3526 1328 3593 donatus,
1352 3527 1677 3584 irascebatur

96 3627 276 3671 contra
300 3615 538 3681 fratrem,
566 3615 775 3686 injuria:
801 3630 1025 3683 memor,
1048 3618 1492 3689 exspectabatque
1513 3620 1675 3688 patris

99 3717 347 3776 mortem,
378 3717 438 3763 ut
468 3716 592 3763 tunc
618 3709 737 3775 sine
760 3718 901 3764 metu
930 3710 1145 3766 insidias
1170 3711 1268 3782 ipsi
1289 3720 1518 3783 pararet.
1552 3712 1677 3768 flare

97 3800 293 3855 Jacobo
319 3801 517 3857 indicat
535 3810 725 3867 mater,
749 3802 1095 3874 hortaturque
1113 3813 1171 3859 ut
1195 3804 1312 3876 fuga
1336 3806 1556 3861 salutem
1576 3806 1674 3861 sibi

98 3902 279 3960 paret:
310 3906 538 3963 cumque
567 3892 786 3949 dixisset
816 3893 994 3950 lsaaco
1028 3911 1133 3950 non
1174 3896 1383 3951 vitalem
1427 3897 1526 3951 sibi
1562 3896 1676 3954 fore

100 3985 277 4053 vitam,
310 3986 353 4040 si
387 3985 551 4041 Jacob
577 3987 734 4042 etiam
760 3988 830 4043 'cx
858 3987 1173 4044 Chananaais
1192 4005 1408 4045 uxorem
1435 3990 1674 4057 duceret,

100 4078 222 4132 illud
247 4077 413 4132 efficit
442 4088 501 4133 ut
523 4078 933 4136 lsaacJacobum
968 4082 1139 4137 mittat
1165 4082 1216 4136 in
1244 4083 1676 4154 Mesopotamiam

99 4170 160 4223 ad
185 4169 402 4225 fratrem
458 4172 621 4241 ipsius
670 4172 966 4240 Labanum,
994 4174 1054 4230 ut
1081 4190 1147 4230 ex
1177 4175 1382 4229 filiabus
1408 4176 1520 4245 ejus
1548 4192 1679 4230 uxo-

100 4280 206 4318 rem
229 4265 408 4319 ducat.
440 4264 565 4319 Post
603 4265 785 4320 Jacobi
818 4266 1111 4335 profectum
1162 4268 1312 4323 duxit
1344 4268 1483 4323 Esau
1517 4268 1676 4322 filiam

101 4355 332 4411 lsmaclis
353 4357 451 4414 sibi
478 4373 714 4413 uxorem.
747 4359 936 4415 lsmael
956 4370 1134 4416 autem
1156 4362 1295 4417 lius
1314 4372 1426 4417 erat
1453 4362 1679 4418 Abrahae

101 4464 161 4501 ex
189 4450 382 4518 Agare.
408 4448 565 4505 Videt
592 4450 786 4505 scalam
813 4451 995 4517 Jacob,
1020 4454 1233 4523 cippum
1259 4455 1429 4523 erigit,
1460 4456 1681 4524 promit-

103 4540 265 4608 titque
291 4555 349 4595 se
375 4541 635 4596 bonorum
664 4558 877 4598 suorum
905 4544 1138 4601 decimas
1163 4547 1269 4602 Deo
1316 4548 1584 4613 daturum,
1634 4550 1679 4603 si

102 4632 380 4687 incolumis
410 4642 784 4690 reverteretur.
821 4637 975 4691 Vcnit
1000 4639 1051 4692 in
1068 4639 1520 4710 Mesopotamiam,
1552 4642 1683 4697 vidit

106 4723 412 4790 Racliclcm,
447 4724 612 4794 ipsam
635 4728 900 4782 osculatus
919 4738 1039 4794 est;
1067 4746 1278 4786 reversa
1312 4733 1483 4801 puella
1510 4733 1562 4787 id
1592 4748 1681 4788 re-

95 4817 514 4885 nuntiavitpatri
542 4833 638 4873 suo
668 4819 903 4875 Labano.
934 4823 1022 4877 Ille
1041 4824 1260 4879 veniens
1289 4826 1502 4895 agnovit
1524 4825 1681 4881 Jaco-

100 4907 245 4972 bum,
276 4907 486 4963 induxit
530 4910 676 4964 illum
718 4912 957 4966 domum.
998 4913 1165 4969 Jaeob
1204 4915 1420 4970 servivit
1458 4916 1567 4981 illi,
1630 4918 1680 4970 in

96 4998 398 5053 mercedem
428 5000 588 5054 filiam
618 5001 783 5070 ipsius
799 5014 1111 5073 accepturus
1133 5024 1146 5059 :
1166 5006 1253 5061 ille
1270 5022 1400 5061 vero
1426 5008 1682 5076 majorem

99 5098 217 5143 natu
242 5089 406 5144 dedit.
443 5090 604 5161 [Egre
645 5094 830 5148 ferenti
864 5095 1062 5151 Jacobo
1084 5099 1153 5152 ob
1184 5097 1463 5164 fallaciam,
1487 5110 1683 5170 propo-

100 5179 167 5231 nit
196 5189 260 5233 ut
293 5193 498 5250 septem
526 5184 656 5237 alios
682 5200 853 5240 annos
877 5188 975 5242 sibi
1021 5190 1236 5255 serviat,
1279 5190 1323 5244 si
1351 5192 1475 5246 velit
1512 5201 1567 5247 et
1596 5192 1685 5262 ju-

96 5272 300 5323 morem
349 5271 566 5326 ducere.
623 5274 715 5329 llle
757 5291 885 5331 vero
936 5279 988 5332 id
1042 5294 1252 5349 quoque
1282 5296 1465 5350 passus
1499 5293 1600 5349 est,
1630 5293 1685 5338 et

93 5362 247 5415 duxit
271 5363 434 5418 etiam
460 5364 748 5435 juniorem.
783 5369 910 5423 Erat
937 5379 1111 5425 autem
1134 5373 1303 5443 major
1328 5386 1450 5429 natu
1470 5376 1559 5429 Lia
1588 5377 1687 5445 lip-

95 5454 167 5519 pis
189 5456 398 5520 oculis;
433 5456 614 5526 junior
655 5469 831 5513 autem
876 5460 1079 5516 Rachel
1125 5463 1378 5519 formosa.
1436 5466 1529 5521 lla:
1559 5483 1686 5522 vero

95 5543 273 5614 figurae
299 5555 448 5612 sunt,
482 5563 674 5617 nempe
704 5550 874 5620 major
894 5560 1019 5606 natu
1044 5569 1325 5625 synagoga:
1351 5555 1681 5627 Judarorum,

147 5657 223 5719 (a)
255 5663 373 5709 "ac
395 5659 615 5710 pluribus
639 5663 942 5724 explicantur
965 5674 1110 5718 'I'omo
1132 5674 1204 5731 ,
1236 5669 1330 5720 col.
1357 5671 1447 5723 457

426 5737 703 5800 PATROL.
738 5740 855 5803 Gn.
895 5740 1049 5805 LVI.

1191 192 1510 251 SYNOPSIS
1542 189 1946 249 SCRIPTURzE
1984 189 2257 246 SACR.-E.

3263 190 3368 245 52!

1781 304 1959 373 junior
1987 312 2160 357 autem
2190 301 2439 358 Ecclesiae
2461 300 2677 357 Christi.
2710 301 2961 373 Concepit
2989 302 3102 368 Lia,
3126 313 3181 359 et
3210 319 3368 375 pepe-

1784 399 1852 453 rit
1880 395 2086 461 Ruben,
2114 396 2454 468 Symeonem,
2486 394 2611 452 Levi
2641 402 2692 450 et
2718 394 2929 449 Iudam.
2965 395 3158 451 Rachel
3190 408 3365 452 autent

1784 490 1903 560 quia
1930 502 2036 544 non
2071 488 2328 558 pariebat,
2352 486 2441 541 dat
2459 486 2659 542 Jacobo
2687 501 2906 543 uxorem
2930 487 3239 555 secundam,
3267 505 3365 542 an-

1783 582 1956 637 cillam
1988 594 2180 651 nempe
2209 593 2358 633 suam
2398 577 2601 643 Balam,
2652 587 2707 632 et
2752 579 2957 649 peperit
3003 579 3092 634 illa
3152 580 3261 635 Din
3312 590 3366 635 et

1784 672 2141 742 Nephthalim.
2175 670 2329 726 Dedit
2353 672 2513 726 etiam
2545 669 2635 724 Lia
2663 669 2918 739 chpltam
2941 671 3183 725 ancillam
3214 685 3365 726 suam

1783 764 1982 819 Jacnbo
2014 778 2231 818 uxorem
2266 781 2279 816 :
2306 761 2422 817 lucc
2459 778 2587 817 vero
2615 762 2821 832 peperit
2850 760 2960 817 Gad
3002 773 3054 816 ct
3083 764 3234 816 Aser.
3268 763 3366 819 Pe-

1786 858 1921 924 perit
1941 853 2131 909 deinde
2158 854 2317 908 etiam
2343 852 2430 907 Lia
2448 851 2660 907 lsachar
2679 864 2729 907 et
2750 853 3006 908 Zabulon.
3033 852 3181 909 Tunc
3206 869 3368 924 pepe-

1785 949 1849 1001 rit
1876 962 2086 1018 quoque
2110 944 2638 1016 RachelJoscphum.
2662 946 2792 1000 Ctun
2820 957 2994 1000 autem
3023 946 3180 1001 vellet
3202 946 3367 1001 Jacob

1784 1041 1980 1096 reverti
2010 1040 2062 1093 in
2087 1048 2279 1095 terram
2319 1053 2490 1105 suam,
2517 1038 2608 1092 dat
2650 1038 2748 1108 ipsi
2802 1039 3105 1095 mercedem
3164 1038 3362 1102 Laban,

1784 1147 1940 1203 quam
1970 1131 2082 1201 ipse
2111 1130 2274 1186 Jacob
2290 1129 2682 1196 determinavit,
2713 1146 2871 1186 omne
2894 1131 3099 1187 fuscum
3118 1131 3169 1188 in
3189 1131 3360 1202 agnis,

1785 1232 1838 1277 ct
1867 1236 2025 1277 omne
2050 1222 2226 1276 album
2259 1222 2308 1276 in
2340 1221 2553 1291 capris:
2587 1221 2671 1274 illa
2708 1232 2885 1275 autem
2933 1238 3086 1292 quam
3139 1224 3364 1292 plurima

1785 1314 2094 1368 oriebantur
2119 1329 2131 1366 :
2156 1311 2389 1382 ponebat
2415 1312 2555 1366 enim
2586 1311 2748 1366 Jacob
2774 1314 2947 1383 virgas
2980 1313 3029 1366 in
3058 1313 3364 1381 canalibus;

1785 1416 1839 1461 et
1868 1405 2234 1476 cnncipiebant
2265 1420 2411 1469 oves,
2441 1416 2495 1459 et
2516 1406 2793 1476 pariebant
2830 1407 2947 1461 alba
2994 1416 3049 1463 et
3090 1409 3257 1474 varia,
3312 1418 3368 1464 et

1785 1498 2027 1552 ciueritio
2070 1497 2249 1552 colore
2293 1510 2499 1567 sparsa.
2547 1496 2679 1551 lllud
2733 1513 2860 1553 vero
2906 1506 3071 1553 telum
3115 1500 3205 1555 Dei
3253 1512 3368 1556 erat

1786 1605 1939 1660 opus,
1982 1600 2040 1645 ut
2082 1590 2197 1659 ipse
2224 1588 2388 1645 Jacob
2413 1590 2505 1643 ait.
2554 1588 2864 1646 invidebant
2890 1591 2938 1646 ei
2962 1591 3051 1646 filii
3080 1592 3280 1657 Laban,
3312 1604 3368 1649 et

1787 1683 1874 1737 ille
1902 1682 2039 1736 Clum
2066 1682 2296 1752 acceptis
2327 1682 2577 1737 uxoribus
2612 1683 2721 1736 suis
2743 1697 2861 1737 cum
2887 1681 3223 1739 facultatibus
3243 1685 3367 1741 abs-

1785 1775 1964 1830 cessit.
1996 1774 2174 1829 Laban
2202 1789 2331 1830 vero
2359 1774 2674 1845 inscquutus
2693 1791 2814 1830 cum
2837 1786 2938 1841 est,
2968 1792 3029 1831 ac
3057 1779 3363 1849 priusquam

1786 1882 1905 1922 cum
1926 1866 2018 1921 illo
2044 1865 2479 1937 congrederetur,
2508 1866 2883 1922 interminatus
2913 1876 2994 1923 est
3020 1868 3090 1922 illi
3132 1870 3290 1937 Deus,
3319 1870 3364 1926 si

1783 1976 1972 2032 aSpere
1991 1959 2242 2015 Iacobum
2260 1960 2577 2015 adoriretur.
2603 1960 2693 2016 llle
2712 1976 2836 2016 vero
2859 1970 2913 2014 ut
2934 1960 3169 2031 advenit,
3195 1964 3366 2031 primo

1785 2040 2080 2119 incusabat,
2113 2062 2163 2106 ct
2188 2066 2403 2106 causam
2432 2048 2723 2121 quwrebat,
2752 2064 2848 2104 cur
2871 2050 3044 2104 furtim
3076 2051 3366 2107 absccs.~is-

1785 2154 1886 2201 set.
1920 2145 1985 2201 Ut
2004 2154 2182 2200 autem
2207 2142 2371 2199 Jacob
2388 2142 2681 2213 respondit,
2699 2158 2757 2198 se
2774 2143 2825 2196 id
2845 2143 2962 2198 idco
2992 2143 3200 2211 fecisse,
3222 2146 3364 2216 quod

1783 2238 1882 2291 sibi
1913 2236 2258 2301 invideretnr,
2303 2244 2357 2291 ct
2396 2235 2621 2290 veritum
2650 2250 2719 2291 ne
2759 2235 2894 2290 filias
2933 2252 3054 2291 suas
3092 2239 3361 2300 retineret,

1782 2330 1913 2383 deos
1940 2344 2066 2383 suos
2110 2327 2378 2397 repetebat
2410 2325 2610 2395 Laban,
2645 2340 2778 2396 quos
2807 2326 2975 2380 furata
3003 2336 3118 2382 erat
3145 2327 3366 2385 Rachel.

1783 2424 1913 2478 Cum
1933 2432 2107 2477 autem
2127 2437 2234 2477 non
2249 2419 2561 2489 invenisset,
2581 2420 2742 2474 instat
2756 2420 3099 2475 vehementer
3113 2418 3278 2476 Jacob
3298 2422 3367 2477 in-

1782 2527 1994 2567 cusans.
2019 2513 2264 2579 Demum,
2298 2518 2578 2581 pestquam
2596 2510 2942 2565 comederant
2956 2520 3007 2565 et
3032 2510 3295 2576 biberant,
3314 2513 3364 2568 in

1784 2606 1921 2659 viam
1950 2608 2175 2677 quisque
2214 2620 2363 2660 snam
2396 2612 2764 2665 recesserunt,
2796 2604 3054 2658 tumulum
3084 2601 3195 2659 illic
3217 2604 3358 2675 lapi-
3421 2644 3431 2653 .

1782 2698 1908 2752 dum
1953 2705 2251 2752 statuentes
2277 2737 2290 2759 ,
2334 2710 2489 2765 quem
2531 2695 2719 2751 collem
2768 2695 3053 2749 testimonii
3076 2705 3361 2750 vocarunt.

1784 2789 1933 2845 Tune
1962 2804 2244 2846 occurrere
2274 2789 2474 2845 .lacobo
2503 2788 2675 2858 angeli
2707 2787 2818 2842 Dei.
2860 2786 3020 2843 Mittit
3045 2804 3173 2844 vero
3199 2789 3365 2845 Jacob

1780 2884 1847 2938 ad
1890 2885 2029 2939 Esau
2050 2925 2067 2951 ,
2098 2883 2186 2955 qui
2212 2882 2590 2938 aununtiarent
2614 2880 2897 2936 adventum
2933 2896 3107 2937 suum.
3145 2882 3209 2938 Ut
3239 2898 3366 2939 vero

1781 2976 2056 3033 redierunt
2080 2975 2117 3031 ii
2142 2975 2229 3048 qui
2272 2975 2416 3030 missi
2438 2974 2667 3041 fuerant,
2699 2984 2751 3027 et
2781 2973 3154 3028 nuntiaverunt
3182 2975 3365 3030 venire

1782 3069 1924 3123 Esaii
1947 3083 2069 3123 cum
2097 3066 2499 3139 quadringentis
2531 3066 2677 3131 viris,
2702 3064 2983 3120 formidine
3003 3074 3189 3135 captus
3214 3077 3365 3137 rogat

1782 3161 1982 3226 Deum,
2017 3169 2072 3215 ut
2101 3175 2157 3214 se
2183 3161 2249 3216 ab
2280 3158 2575 3214 imminenti
2600 3158 2835 3229 periculo
2860 3158 3066 3225 liberet,
3099 3160 3363 3229 mittitque

1779 3253 1918 3309 dona
1964 3254 2104 3308 Esau
2152 3252 2323 3306 fratri.
2356 3251 2425 3308 Ut
2456 3259 2632 3306 autem
2679 3251 2949 3321 ingressus
2992 3259 3075 3306 est
3101 3250 3266 3305 Jacob
3308 3252 3362 3305 iu

1779 3354 2069 3401 torrentem
2095 3387 2110 3412 ,
2149 3343 2678 3413 benedictionemque
2706 3343 2950 3413 accepit,
2986 3356 3051 3397 ac
3093 3351 3359 3399 mutatum

1781 3438 1877 3491 fuit
1904 3451 2097 3491 nomen
2123 3435 2262 3505 ejus,
2290 3434 2430 3489 videt
2457 3434 2597 3488 Esau
2624 3433 2942 3497 venientem,
2966 3448 3030 3489 ac
3055 3433 3224 3488 divisa
3249 3445 3361 3489 tur-

1780 3546 1863 3584 ma
1886 3544 2001 3594 sua,
2024 3528 2244 3584 ancillas
2265 3543 2384 3583 cum
2408 3526 2530 3582 filiis
2548 3527 2657 3582 suis
2679 3527 2873 3597 primas
2900 3527 3191 3593 constituit,
3215 3524 3363 3582 Liam

1781 3623 2066 3678 secundam
2088 3639 2209 3678 cum
2234 3624 2372 3689 filiis,
2407 3635 2460 3678 et
2478 3622 2766 3678 Rachelein
2788 3636 2908 3676 cum
2932 3621 3130 3690 Joseph
3159 3630 3366 3691 postre-

1782 3731 1923 3770 mam
1971 3715 2155 3770 venire
2195 3714 2393 3785 jussit:
2424 3709 2540 3784 ipse
2558 3727 2691 3770 vero
2720 3714 2921 3784 primus
2962 3713 3258 3769 incedebat.
3293 3712 3365 3770 Ut

1781 3815 1958 3862 autem
1979 3805 2189 3877 placide
2216 3806 2347 3861 vidit
2376 3804 2524 3859 illam
2555 3804 2695 3859 Esau
2720 3844 2734 3871 ,
2764 3814 2818 3860 et
2844 3805 2981 3859 dona
3008 3804 3076 3858 al)
3105 3804 3197 3859 illo
3216 3820 3365 3860 accc-

1784 3896 1893 3965 pit,
1925 3897 2143 3968 rogabat
2172 3911 2231 3952 se
2261 3900 2358 3950 via:
2387 3896 2635 3951 comitem
2664 3895 2928 3965 acciperet
2958 3914 2971 3950 :
3001 3895 3165 3951 Jacob
3187 3903 3363 3951 autent

1782 3990 1978 4044 renuit.
2009 3987 2263 4045 Confecto
2308 3990 2498 4044 itinere
2536 3999 2774 4044 moratus
2815 3998 2896 4043 est
2926 3990 2978 4043 in
3017 3988 3193 4044 Salem
3231 3990 3365 4044 Sici-

1783 4097 1992 4135 morum
2020 4082 2168 4147 urbe,
2203 4080 2290 4136 ubi
2316 4080 2544 4151 Sycltem
2573 4079 2711 4133 filius
2742 4081 2957 4134 Emmor
2979 4080 3118 4151 regis
3139 4122 3153 4147 ,
3182 4096 3366 4136 amore

1784 4174 1931 4229 Dina:
1956 4174 2079 4229 filia:
2111 4174 2292 4230 Jacobi
2317 4183 2503 4244 captus
2530 4180 2642 4238 est,
2679 4172 2872 4243 illaque
2898 4172 3099 4239 vitiata,
3139 4171 3364 4243 rogabat

1785 4267 1927 4320 illam
1958 4266 2155 4321 ducere
2201 4282 2423 4321 uxorem
2452 4264 2551 4320 sibi
2592 4264 2796 4320 liceret.
2825 4264 3234 4335 Responderunt
3261 4265 3366 4336 Sy-

1785 4374 1940 4413 meon
1968 4368 2020 4413 et
2048 4357 2213 4426 Levi,
2247 4373 2304 4413 se
2335 4357 2559 4413 libenter
2587 4344 2840 4423 daturos,
2884 4358 2928 4413 si
2956 4357 3054 4426 ipsi
3084 4360 3366 4413 circumci-

1783 4450 2038 4505 derentur
2057 4465 2181 4505 cum
2206 4449 2403 4520 p0pnlo
2421 4465 2537 4505 suo.
2561 4447 2630 4505 Ut
2658 4464 2785 4505 vero
2807 4464 2866 4504 se
2895 4438 3365 4515 circumcidet-unt,

1784 4557 1907 4597 cum
1940 4541 2114 4596 adhuc
2155 4542 2206 4595 in
2238 4541 2423 4596 dolore
2471 4549 2850 4605 versarentur,
2898 4539 3019 4595 illos
3057 4540 3369 4596 interfecere

1784 4636 2014 4707 Symeon
2053 4644 2108 4689 et
2148 4634 2293 4690 Levi.
2334 4635 2602 4689 Metuebat
2636 4634 2889 4704 deinceps
2929 4633 3093 4689 Jaenb
3121 4650 3189 4690 ne
3218 4635 3269 4689 in
3310 4650 3371 4690 se

1785 4728 2050 4783 irruerent
2079 4728 2236 4782 vicini
2261 4725 2546 4781 Chanatnci
2578 4744 2590 4780 :
2631 4726 2845 4797 Deoque
2869 4726 3089 4796 jubente
3126 4720 3373 4782 ascendit

1788 4819 1839 4873 in
1870 4818 2093 4872 Buthel.
2126 4818 2434 4887 Mortuaquc
2464 4828 2544 4872 est
2569 4818 2746 4872 nutrix
2789 4818 3062 4873 Rebeccze.
3091 4818 3161 4874 Ut
3193 4830 3371 4873 autem

1787 4910 2056 4965 benedixit
2082 4909 2280 4964 Jacobo
2303 4910 2461 4974 Deus,
2491 4907 2759 4979 profectus
2783 4923 2848 4963 ex
2878 4908 3077 4963 Bmthcl
3108 4907 3365 4977 habitavit

1789 5004 1922 5057 ultra
1951 5004 2136 5058 turrim
2156 5002 2348 5059 Gader.
2378 5003 2528 5058 Tunc
2549 5002 2830 5058 infeliciter
2851 5003 3058 5073 peperit
3082 5002 3280 5059 Rachel
3311 5012 3369 5058 et

1789 5107 1993 5152 mortua
2022 5108 2104 5153 est
2128 5139 2142 5161 ,
2176 5099 2489 5168 scpultaquc
2535 5106 2615 5151 est
2648 5096 2697 5150 in
2735 5097 2819 5151 via
2844 5094 3072 5166 Ephrata
3106 5113 3120 5152 :
3153 5095 3266 5151 lucc
3296 5104 3378 5151 est

1791 5188 2119 5244 Bethlehem.
2143 5189 2239 5257 Qui
2266 5199 2422 5244 natus
2440 5200 2616 5243 autem
2641 5198 2743 5255 est,
2768 5188 3042 5259 Benjamin
3067 5198 3201 5243 erat.
3226 5188 3377 5243 Tunc

1789 5280 2042 5334 dormivit
2080 5280 2262 5335 Ruben
2292 5295 2410 5335 cum
2444 5280 2589 5334 Balla
2621 5281 2915 5334 concubina
2948 5281 3113 5348 patris
3153 5280 3252 5333 sui.
3283 5279 3378 5332 Illo

1794 5382 2035 5441 tempore
2063 5383 2304 5427 mortuus
2330 5383 2411 5426 est
2444 5372 2591 5428 lsaac
2616 5388 2632 5435 ;
2662 5382 2716 5426 et
2734 5372 3210 5443 sepelierunteum
3242 5371 3381 5424 Esau

1792 5466 2040 5520 etJacob.
2056 5464 2373 5536 Genealogia
2396 5465 2605 5520 ducitur
2624 5463 2890 5534 progeniei
2908 5463 3071 5529 Esau,
3088 5462 3226 5515 inter
3243 5475 3378 5529 quos

1792 5556 1893 5613 Job
1920 5558 2187 5628 reperitur
2207 5558 2283 5627 (a)
2310 5598 2325 5625 ,
2356 5557 2447 5627 qui
2477 5556 2647 5611 Jobab
2668 5555 2753 5611 hic
2778 5565 3015 5610 vocatur.
3040 5551 3273 5621 Josepho
3304 5553 3378 5606 in-

1859 5671 1929 5733 (a)
1963 5670 2064 5721 Jobi
2089 5670 2329 5732 originem
2351 5669 2413 5719 ab
2436 5667 2554 5721 Fsai;
2597 5667 2797 5718 deducit
2831 5666 3194 5725 Chrysostomus
3230 5663 3308 5717 hic
3330 5671 3382 5716 et

2962 5747 3042 5808 20
