3720 6274
296 170 403 230 3â€˜23

294 283 478 340 vident
521 282 707 337 fratres
752 280 1081 336 somniorum
1128 292 1326 343 causa,
1374 286 1431 331 ct
1461 274 1600 345 quod
1638 274 1806 343 magis
1858 287 1885 325 a

298 382 448 445 patre
485 373 812 442 diligeretur.
850 371 1111 441 illumque
1150 370 1321 423 solum
1351 367 1491 420 nacti
1517 364 1763 419 occidere
1798 378 1891 419 v0-

292 465 474 520 lebaut
502 480 516 518 :
541 462 828 518 consulens
853 472 1030 517 autem
1062 460 1251 515 Ruben
1271 501 1287 527 ,
1320 467 1378 512 ut
1416 458 1469 512 in
1499 456 1673 511 lacum
1704 454 1891 523 injice-

295 566 483 622 retur,
516 556 730 612 volebat
771 555 920 610 illum
969 555 1155 609 saltem
1199 568 1228 605 a
1269 559 1442 605 morte
1484 548 1714 617 eripere.
1752 546 1885 601 Cum

294 646 622 717 injecissent,
647 646 999 702 vendiderunt
1019 644 1233 699 demum
1258 639 1580 706 Madianitis,
1604 637 1735 693 Juda
1764 653 1891 691 con-

292 742 523 797 sulente.
551 739 807 794 Tunicam
834 744 1009 792 autem
1032 735 1148 804 ejus
1175 732 1431 803 sanguine
1458 732 1673 785 tinctam
1705 738 1888 783 osten-

293 834 487 889 derunt
516 832 669 904 patri.
707 830 798 885 llle
820 842 952 885 vero
973 836 1163 898 putans
1193 825 1339 880 illum
1361 838 1390 877 a
1415 826 1525 877 fera
1554 820 1887 883 devoratum,

294 926 529 997 graviter
553 924 788 994 lugebat.
825 920 975 977 Judm
1002 928 1180 974 autem
1215 917 1323 971 uati
1353 924 1506 979 sunt,
1544 913 1635 978 Er,
1665 915 1849 967 Aunan
1871 955 1887 979 ,

292 1031 347 1074 et
373 1019 560 1076 Selon.
588 1018 797 1072 Mortuo
821 1026 998 1069 autem
1026 1014 1100 1067 Er
1118 1053 1134 1079 ,
1176 1023 1397 1064 uxorem
1426 1007 1544 1078 ejus
1569 1006 1889 1062 Tbamarem

293 1110 443 1165 duxit
467 1109 632 1165 frater
660 1108 777 1178 ejus
808 1109 999 1161 Auuan
1030 1123 1042 1158 :
1071 1104 1158 1174 qui
1184 1101 1397 1157 nolebat
1417 1115 1598 1154 semen
1629 1100 1891 1153 suscitare

294 1201 445 1256 fratri
475 1216 593 1256 suo.
619 1198 691 1255 Ut
709 1213 836 1253 vero
860 1196 942 1251 hic
968 1209 1179 1266 quoque
1202 1202 1444 1247 mortuus
1470 1199 1551 1245 est
1577 1233 1592 1254 ,
1618 1204 1723 1243 non
1754 1189 1889 1242 ultra

297 1295 513 1351 volebat
548 1293 714 1349 Jndas
756 1291 938 1347 Seloni
981 1289 1137 1344 tertio
1166 1287 1273 1341 lilio
1315 1284 1631 1339 Thamarem
1671 1297 1887 1335 uxorem

302 1388 443 1446 dare,
516 1386 751 1440 Thamar
780 1397 909 1438 vero
946 1390 1132 1436 ornata
1173 1389 1231 1433 ut
1264 1377 1518 1432 meretrix
1558 1389 1712 1431 secus
1752 1374 1888 1427 viam

293 1481 451 1535 sedit.
475 1480 620 1533 Illam
642 1487 818 1534 autem
843 1492 971 1532 vere
987 1474 1319 1529 meretricem
1342 1468 1569 1541 putansJ
1579 1468 1707 1522 udas
1733 1468 1751 1536 (
1769 1483 1889 1521 nam

295 1573 497 1627 vultum
524 1572 800 1642 obtegerat
823 1571 842 1641 )
866 1611 881 1636 ,
916 1570 1187 1638 ingressus
1212 1574 1295 1622 est
1320 1565 1383 1619 ad
1416 1579 1531 1619 eam
1557 1605 1573 1631 ,
1597 1564 1891 1633 pignusque

295 1667 442 1720 dedit
484 1666 600 1732 illi,
634 1674 880 1734 torquem
920 1671 975 1718 et
1003 1661 1258 1716 annulum
1302 1670 1353 1717 et
1384 1660 1610 1730 virgam.
1650 1658 1721 1714 Ut
1759 1671 1889 1713 vero

298 1757 662 1813 renuntiatum
701 1764 883 1825 postea
929 1762 1012 1810 est
1052 1753 1370 1808 Thamarem
1412 1762 1620 1806 uterum
1651 1760 1889 1821 gestare,

300 1849 457 1919 jussit
493 1863 647 1904 socer
675 1847 792 1918 ejus
830 1844 995 1902 Judas
1023 1858 1146 1899 eam
1179 1842 1442 1900 comburi.
1473 1842 1563 1897 Illa
1588 1858 1717 1898 vero
1747 1842 1895 1898 misit

298 1942 501 2009 dicens,
538 1956 603 1997 ex
628 1941 721 1997 illo
743 1941 859 1995 viro
881 1953 939 1994 se
958 1937 1290 2009 concepisse,
1312 1937 1463 2009 cujus
1482 1946 1621 1994 esset
1641 1937 1890 1993 annulus.

304 2036 453 2089 Tunc
483 2034 557 2089 ait
584 2032 748 2089 Judas
774 2075 789 2100 ,
822 2031 1022 2087 Justior
1050 2041 1123 2086 cst
1146 2029 1379 2085 Thamar
1406 2046 1557 2101 quam
1597 2046 1686 2101 ego
1714 2029 1733 2102 (
1761 2028 1890 2084 Gen.

299 2127 390 2182 58.
419 2125 551 2198 96).
582 2124 714 2180 Cum
738 2133 913 2179 autem
941 2122 1178 2193 peperit,
1202 2122 1377 2176 emisit
1406 2135 1619 2176 manum
1648 2120 1807 2187 Zara,
1838 2129 1894 2177 et

301 2230 483 2290 postea
508 2220 749 2287 retraxit,
776 2228 829 2273 et
853 2231 1099 2288 egressus
1120 2225 1199 2271 est
1215 2216 1435 2281 Phares,
1460 2224 1513 2270 et
1535 2224 1716 2284 postea
1735 2214 1891 2269 Zara.

304 2314 429 2366 llzec
456 2324 615 2381 porro
657 2309 734 2363 sic
778 2307 1065 2378 allegorice
1107 2306 1457 2377 explicantur.
1491 2305 1759 2372 Protulit,
1812 2305 1895 2359 iu-

312 2402 522 2473 quiuut,
560 2401 765 2473 primus
792 2399 1019 2471 pupulas
1044 2439 1059 2465 ,
1081 2413 1280 2469 nempe
1300 2398 1425 2468 justi
1457 2397 1545 2468 qui
1572 2406 1695 2453 ante
1721 2397 1892 2469 legem

302 2494 534 2561 fuerunt,
567 2508 781 2548 manum
802 2534 817 2557 ,
846 2491 897 2547 id
926 2500 1009 2546 est
1037 2492 1198 2545 vitam
1232 2492 1424 2546 virtute
1448 2502 1689 2546 ornatam
1713 2501 1767 2547 et
1794 2507 1893 2545 an-

301 2589 547 2660 gelicam.
585 2586 783 2643 Deinde
819 2588 870 2641 in
909 2585 1141 2642 medium
1191 2584 1406 2641 inducta
1435 2595 1518 2641 eSt
1552 2586 1677 2652 lex;
1708 2596 1893 2657 postea

303 2695 433 2735 vero
461 2688 706 2734 revocata
735 2694 947 2735 rursum
977 2687 1060 2734 est
1087 2677 1171 2733 illa
1202 2677 1351 2748 prior
1379 2678 1483 2731 vita
1508 2720 1523 2746 ,
1557 2693 1652 2748 per
1691 2675 1891 2735 Christi

308 2771 609 2825 institutum
636 2770 701 2824 ad
730 2768 1100 2840 perfectiorem
1126 2778 1323 2825 statum
1352 2779 1601 2838 provecta
1634 2769 1727 2841 (a).
1754 2771 1895 2827 Emit

303 2862 592 2932 Josephum
622 2862 870 2933 princeps
896 2876 1185 2933 coquorum
1206 2860 1502 2916 Pharaonis
1522 2861 1851 2931 Pentephres
1877 2881 1889 2918 :

304 2957 511 3028 ipsique
550 2957 817 3012 commisit
856 2973 1038 3011 curam
1070 2954 1308 3010 omnium
1353 2971 1473 3027 quae
1502 2954 1555 3011 in
1604 2954 1767 3011 domo
1799 2970 1892 3010 sua

306 3059 479 3106 erant.
510 3050 626 3106 Non
658 3050 820 3106 cessit
864 3050 951 3105 ille
980 3050 1123 3105 berre
1162 3049 1228 3106 ad
1272 3048 1597 3120 peccandum
1640 3049 1893 3103 hortanti.

304 3144 578 3199 Calumuia
616 3143 887 3214 impetitus
912 3151 1025 3208 est,
1058 3142 1331 3213 conjectus
1366 3142 1418 3197 in
1444 3156 1716 3198 carcerem
1753 3141 1850 3196 fuit
1878 3158 1892 3195 :

304 3236 464 3289 etiam
488 3234 595 3289 illic
610 3232 899 3289 dominium
921 3233 1227 3301 obtinebat;
1252 3234 1472 3304 principi
1503 3233 1888 3306 pincemarum

305 3337 359 3381 ct
391 3328 615 3398 principi
648 3327 904 3398 pistorum
934 3327 1310 3397 interpretatus
1336 3336 1417 3381 est
1446 3327 1672 3381 somnia.
1705 3327 1897 3381 Evenit

305 3421 445 3476 sicut
472 3421 587 3490 ipse
616 3420 825 3475 dixerat
854 3438 866 3475 :
903 3420 990 3476 ille
1015 3422 1211 3491 quippe
1241 3421 1447 3474 occisus
1469 3462 1483 3485 ,
1514 3419 1599 3475 hic
1626 3421 1679 3476 in
1717 3422 1897 3491 pristi-

304 3528 430 3564 num
456 3512 711 3566 honorem
731 3510 981 3566 reductus
1002 3520 1102 3565 est.
1121 3510 1265 3566 Vidit
1283 3512 1490 3566 Pharao
1509 3513 1713 3566 somnia
1736 3512 1894 3567 boum

304 3612 357 3656 et
383 3602 647 3672 spicarum
671 3620 685 3668 ;
709 3603 901 3672 quibus
920 3601 1318 3671 signiï¬cabatur
1337 3602 1678 3667 abundantia,
1707 3612 1761 3658 et
1779 3619 1897 3674 quae

306 3696 452 3749 illam
495 3696 818 3766 subsequuta
846 3704 928 3750 est
959 3694 1143 3751 fames.
1185 3695 1421 3751 Eductus
1450 3712 1515 3751 ex
1557 3711 1771 3753 carcere
1814 3706 1899 3753 est

306 3786 530 3857 Joseph,
564 3794 622 3840 ut
648 3785 734 3840 illa
764 3786 1242 3857 interpretaretur;
1273 3802 1393 3841 nam
1420 3801 1541 3841 eum
1574 3788 1900 3843 indicaverat

304 3878 553 3949 princeps
578 3877 973 3948 pincernarum.
998 3877 1379 3948 lnterpretatus
1410 3877 1499 3934 ille
1521 3890 1624 3947 est,
1648 3878 1898 3952 deditque

304 3971 608 4037 consilium,
638 3987 744 4042 quo
772 3970 897 4026 fami
920 3971 1214 4028 remedium
1244 3972 1612 4029 adhibebatur.
1638 3974 1899 4033 Statuitur

305 4074 424 4135 post
449 4063 780 4120 Pharaonem
810 4064 1012 4135 primus
1030 4105 1047 4133 ,
1088 4072 1143 4120 et
1167 4064 1334 4120 multo
1360 4065 1585 4122 collecto
1613 4067 1664 4122 in
1692 4078 1896 4137 septem

304 4159 460 4223 anuis
514 4159 774 4215 ubertatis
818 4160 1136 4226 frumento;
1184 4160 1398 4231 quando
1441 4160 1614 4218 fames
1663 4163 1893 4229 institit,

306 4249 613 4306 volentibus
654 4249 938 4306 vendebat.
971 4250 1245 4307 Venerunt
1275 4252 1435 4308 etiam
1464 4252 1653 4309 fratres
1689 4255 1807 4325 ejus
1831 4255 1897 4311 ad

305 4343 613 4399 emendum.
640 4343 740 4399 Ubi
766 4338 942 4398 autem
967 4359 1073 4399 non
1094 4358 1213 4398 cum
1237 4344 1341 4398 illis
1364 4344 1895 4416 viditBenjaminum,

308 4444 556 4491 metuens
582 4449 650 4490 ne
672 4435 819 4490 illum
845 4450 1056 4506 quoque
1082 4436 1460 4507 perdidissent,
1491 4440 1700 4494 incusat
1723 4454 1817 4494 eos
1844 4450 1900 4495 ut

263 4516 269 4522 â€™
307 4526 677 4599 exploratores
703 4534 894 4594 terrm,
938 4541 1037 4583 nec
1063 4527 1302 4582 criminis
1327 4528 1483 4583 aliam
1526 4531 1636 4585 fore
1672 4531 1895 4587 solutio-

306 4636 431 4678 nem
455 4620 604 4689 dicit,
622 4622 721 4677 uisi
745 4620 959 4678 fratrem
980 4621 1246 4691 juniorem
1270 4619 1636 4692 Benjaminum
1661 4625 1711 4679 in
1734 4623 1901 4697 Egy-

308 4727 456 4789 ptum
485 4716 807 4774 adducentes
827 4759 842 4783 ,
871 4714 1159 4774 ostendere
1186 4727 1421 4788 possent.
1451 4718 1681 4790 Arrepto
1720 4728 1896 4775 autem

308 4820 362 4866 et
388 4811 570 4868 vincto
598 4812 864 4885 Symcone
888 4855 903 4880 ,
933 4821 1157 4869 caeteros
1186 4812 1425 4881 dimisit,
1466 4822 1522 4869 et
1549 4813 1817 4871 frumento
1841 4824 1897 4870 et

307 4913 530 4976 argento
553 4904 698 4961 dato.
724 4904 821 4962 Ubi
843 4913 1022 4961 autem
1041 4904 1289 4962 viderunt
1308 4916 1608 4978 argentum,
1631 4921 1751 4961 cum
1775 4922 1899 4976 ape-

310 5000 479 5055 rirent
506 5013 691 5055 saccos
717 5038 734 5066 ,
776 4998 846 5055 de
874 5012 935 5054 re
962 5006 1069 5053 tam
1114 4997 1387 5068 inopinata
1427 4999 1623 5055 turbati
1653 5009 1813 5057 sunt.
1847 5008 1902 5053 et

310 5092 680 5161 Benjaminum
707 5107 735 5145 a
759 5101 907 5162 patre
928 5091 1286 5163 postulabant,
1309 5092 1392 5147 cui
1414 5091 1590 5146 omnia
1612 5106 1731 5161 quas
1750 5100 1899 5161 gesta

313 5195 464 5239 erant
482 5190 819 5239 enarrarnnt.
849 5182 941 5238 llle
967 5196 1095 5237 vero
1111 5182 1367 5238 rennebat
1388 5196 1609 5253 puerum
1636 5182 1897 5237 emittere.

311 5274 444 5337 alibi,
467 5284 523 5325 ut
546 5279 593 5325 in
619 5273 841 5337 tlomila'i
861 5273 926 5324 de
941 5274 1243 5337 Pcenitentia,
1260 5278 1314 5322 Et
1337 5273 1443 5337 haec
1467 5280 1544 5337 est
1567 5280 1792 5337 veterum
1817 5286 1899 5322 re-

312 5334 685 5400 centiorumque
709 5336 966 5400 multorum
989 5336 1170 5398 opinio,
1196 5334 1332 5386 illum
1354 5336 1504 5385 Jobab
1529 5336 1611 5398 qui
1628 5336 1757 5384 inter
1781 5336 1899 5385 Esail

314 5408 523 5451 nepotes
549 5399 702 5450 fertur
727 5410 839 5449 esse
860 5399 1049 5449 Jobum.

378 5422 379 5431 Î¹
466 5414 523 5451 es
549 5408 702 5450 rei-tur
727 5410 839 5449 esse
860 5408 1049 5449 Jobum.

378 5408 464 5525 (2))"
486 5470 613 5512 Itane
636 5461 917 5531 allegoriam
935 5458 1111 5531 eodem
1135 5472 1332 5531 prorsus
1353 5473 1504 5531 sensu
1522 5456 1732 5531 explicat
1754 5456 1899 5531 Chry-

314 5522 554 5574 soswmus
577 5522 799 5575 nom-63
818 5525 867 5573 in
884 5522 1301 5584 Genes.'tâ€˜om.IV,
1326 5524 1420 5574 col.
1446 5523 1681 5580 $4,535.
1706 5522 1797 5584 sed
1826 5522 1899 5569 hic

312 5590 532 5649 quzedam
544 5588 720 5652 adjicit,
733 5600 840 5652 qtae
853 5584 1174 5651 Cbrysostoml
1188 5582 1515 5639 inventionem
1528 5598 1632 5649 przc
1648 5596 1704 5636 se
1717 5582 1787 5635 fer
1795 5594 1894 5635 uut.

1506 5718 1564 5743 â€™Î¾â€™Î¶Î¿

1017 163 1077 219 S.
1118 159 1396 219 JOANNlS
1433 150 1911 216 CllR-YSOSTOMI
1956 152 2273 213 ARCHIEP.
2302 152 2834 216 CONSTANTINOP.

3495 164 3615 223 ÎµÎµÎ¹

2005 271 2072 328 Ut
2111 284 2288 329 autem
2318 275 2482 331 fames
2512 276 2761 343 invaluit,
2790 294 2910 334 cum
2938 278 3161 335 instaret
3187 280 3355 338 Judas
3390 283 3613 354 Bestia-

1997 365 2200 420 minum
2230 367 2415 422 volens
2441 368 2724 433 abducere,
2754 384 2813 425 se
2841 382 3031 426 sanum
3057 380 3115 427 et
3141 373 3476 429 incolumem
3512 391 3613 430 re-

1996 456 2275 513 ducturum
2294 459 2577 528 pollicitus,
2596 461 2742 517 dedit
2760 461 2924 518 Jaeob
2944 463 3265 533 duplicatum
3282 476 3611 536 argentum,

1992 548 2187 618 jubens
2215 551 2319 605 alia
2360 566 2573 622 quoque
2601 552 2739 607 dona
2783 548 2990 609 atlâ€˜erri.
3026 554 3090 610 Ut
3117 565 3297 610 autem
3340 557 3405 611 ad
3446 557 3615 612 Jose-

1997 640 2162 710 phum
2187 652 2566 712 pervenerunt,
2594 644 2663 699 ab
2682 658 2748 699 eo
2767 644 3169 714 perhumaniter
3193 646 3401 716 excepti
3434 657 3610 714 sunt;

1997 730 2066 787 de
2096 740 2250 802 patre
2281 732 2369 787 ille
2396 734 2778 804 interrogavit,
2811 743 2865 789 et
2892 734 3037 791 lauto
3065 735 3187 791 illos
3215 738 3471 792 convivio
3504 754 3607 793 ex-

1997 826 2156 894 cepit.
2191 826 2324 880 Cum
2366 841 2525 896 porro
2548 826 2617 882 de
2645 826 2817 882 reditu
2838 836 3089 897 ageretur
3111 869 3125 895 ,
3148 827 3310 898 jussit
3337 830 3607 899 poculum

1996 932 2218 974 aureum
2261 918 2404 988 injici
2437 919 2488 973 in
2530 933 2743 975 saccum
2788 919 3120 990 Benjamini,
3175 922 3277 977 illis
3335 922 3609 994 ignorau-

1999 1013 2158 1067 tibus.
2190 1011 2260 1069 Ut
2289 1022 2469 1068 autem
2500 1014 2751 1083 injectum
2782 1013 2880 1068 fuit
2908 1014 3178 1083 poculum,
3210 1016 3334 1071 dum
3370 1017 3449 1071 illi
3482 1020 3611 1071 abiâ€”

1997 1114 2134 1168 rent,
2147 1102 2502 1174 jubetJoseph
2520 1105 2859 1175 przepositum
2872 1103 3063 1160 domus
3073 1121 3183 1161 suae
3199 1107 3340 1161 viros
3358 1107 3608 1177 insequi.

1997 1196 2313 1268 lnsequutus
2342 1198 2430 1252 ille
2460 1197 2736 1252 incusabat
2771 1198 2912 1269 quod
2955 1198 3251 1255 beneficum
3294 1201 3460 1256 malis
3506 1218 3606 1255 re-

1997 1300 2360 1346 munerarent.
2394 1290 2501 1345 illis
2538 1306 2664 1346 vero
2696 1290 2940 1355 turbatis,
2964 1302 3015 1346 et
3048 1301 3219 1347 morte
3246 1292 3468 1363 dignum
3504 1293 3607 1347 de-

1998 1382 2306 1439 iinieutibus
2334 1399 2455 1438 eum
2482 1383 2570 1454 qui
2600 1385 2651 1438 in
2686 1384 2828 1437 furto
2850 1384 3221 1454 deprehensus
3243 1386 3398 1451 foret,
3426 1402 3609 1456 seque

1996 1477 2238 1531 servituti
2265 1476 2557 1542 obnoxios,
2595 1476 2869 1531 inventum
2902 1475 2998 1530 fuit
3023 1476 3274 1546 poculum
3301 1478 3355 1531 in
3398 1478 3607 1547 Benja-

1997 1568 2128 1622 mini
2158 1581 2336 1623 sacco.
2368 1566 2520 1623 Tunc
2564 1568 2835 1638 ingressus
2862 1566 3026 1624 Judas
3049 1608 3064 1635 ,
3110 1568 3375 1640 longoque
3407 1568 3608 1623 habito

1996 1676 2245 1717 sermone
2270 1661 2337 1716 de
2359 1670 2529 1731 patre,
2558 1661 2624 1716 de
2649 1660 2907 1730 Josepho,
2930 1659 3074 1716 etde
3095 1660 3441 1730 Benjamino;
3468 1676 3604 1716 eum

1997 1768 2055 1809 se
2102 1754 2190 1808 ille
2232 1768 2330 1824 pro
2361 1768 2526 1824 puero
2570 1752 2636 1808 ad
2664 1754 2975 1809 servitutem
3004 1751 3259 1820 offerret,
3302 1753 3357 1807 in
3388 1761 3602 1808 tantam

1989 1848 2521 1906 commiserationem
2549 1848 2840 1920 Josephum
2870 1848 3071 1918 injecit,
3101 1859 3155 1903 ut
3184 1856 3292 1903 tota
3311 1848 3399 1903 illa
3427 1863 3601 1905 scena

1997 1941 2333 2010 proderetur.
2365 1938 2625 1995 Omnibus
2644 1939 2784 1994 enim
2806 1939 3058 2004 exclusis,
3081 1948 3141 1993 ut
3159 1937 3260 1994 sibi
3281 1953 3403 1994 cum
3425 1938 3602 1996 liber-

1998 2042 2108 2088 tate
2137 2030 2267 2087 flere
2293 2031 2501 2098 liceret,
2534 2045 2657 2087 sese
2686 2031 2938 2086 fratribus
2966 2031 3405 2102 cognoscendum
3432 2031 3595 2087 exhi-

1999 2124 2141 2190 buit,
2171 2123 2420 2194 misitque
2450 2123 2515 2176 ad
2543 2131 2750 2193 patrem
2780 2137 2902 2177 cum
2939 2122 3095 2177 donis
3122 2132 3176 2177 et
3203 2123 3460 2192 plaustris
3491 2139 3506 2176 :
3542 2124 3598 2176 id

1997 2215 2140 2287 quod
2169 2216 2328 2271 etiam
2359 2216 2621 2271 Pharaoni
2647 2215 2900 2285 placitum
2932 2224 3069 2269 erat.
3106 2213 3175 2269 Ut
3200 2214 3403 2269 audivit
3422 2212 3597 2269 Jacob

1998 2328 2058 2367 ea
2090 2327 2208 2382 quae
2234 2309 2298 2365 ad
2320 2309 2609 2380 Josephum
2637 2308 2969 2380 spectabant,
2990 2310 3183 2381 gaudio
3208 2308 3455 2378 perfusus
3481 2318 3593 2375 est,

1997 2413 2053 2460 et
2078 2403 2300 2474 jubente
2342 2403 2451 2459 Deo
2495 2402 2776 2458 descendit
2804 2402 2858 2457 in
2910 2402 3222 2474 Egyptum.
3255 2400 3409 2455 Videt
3436 2400 3595 2455 Jose-

1996 2499 2160 2572 phum
2181 2507 2328 2570 pater
2353 2514 2366 2549 :
2394 2496 2507 2551 haec
2530 2495 2905 2551 renuntiantur
2926 2493 3212 2560 Pharaoni,
3236 2494 3325 2563 qui
3350 2492 3597 2548 habitare

1998 2611 2091 2651 eos
2117 2594 2277 2664 jussit
2316 2594 2368 2649 iu
2398 2592 2676 2647 Ramesse.
2718 2591 2789 2647 Ut
2813 2600 2993 2646 autem
3036 2589 3351 2646 exhaustum
3384 2590 3595 2644 fuitar-

1998 2698 2214 2758 gentum
2248 2695 2424 2753 terrae,
2452 2685 2691 2757 jumenta
2724 2683 2912 2739 dantes
2938 2683 3015 2737 illi
3050 2683 3315 2750 homines,
3345 2682 3591 2738 frumen-

2000 2790 2109 2835 tum
2138 2771 2470 2851 accipiebant
2501 2797 2513 2833 :
2544 2777 2627 2832 his
2652 2791 2865 2848 quoque
2890 2774 3288 2839 deficientibus,
3320 2788 3421 2829 nec
3448 2772 3593 2829 fame

1998 2871 2298 2939 desinente,
2327 2871 2533 2941 seipsos
2561 2885 2681 2925 cum
2706 2878 2848 2923 terra
2876 2866 3138 2922 dederunt
3163 2883 3177 2919 :
3207 2880 3269 2921 ac
3289 2866 3428 2920 servi
3454 2864 3592 2919 Pha-

1998 2964 2179 3020 raonis
2209 2962 2481 3018 constituti
2506 2960 2875 3025 seminabant,
2906 2968 2961 3014 et
2988 2958 3225 3029 quintam
3254 2964 3457 3027 partem
3488 2956 3589 3027 ipsi

1998 3057 2338 3121 referebant,
2393 3066 2620 3127 quatuor
2663 3054 2764 3111 sibi
2810 3061 2988 3125 partes
3032 3060 3388 3109 reservantes.
3431 3051 3590 3106 Morti

2001 3154 2275 3224 proximus
2300 3149 2485 3217 Jacob,
2508 3148 2870 3219 juramentum
2901 3146 3065 3217 exigit
3089 3160 3119 3200 a
3149 3144 3405 3215 Josepho,
3437 3159 3506 3200 ne
3528 3158 3593 3199 se

1999 3245 2052 3300 in
2080 3243 2310 3316 AZgypto
2337 3242 2607 3310 sepeliret,
2632 3240 2724 3295 sed
2754 3240 2803 3294 in
2828 3240 3073 3309 sepulcro
3104 3244 3315 3307 patrum
3340 3251 3588 3292 suorum.

1999 3336 2272 3407 Filiosque
2311 3334 2528 3404 Josephi
2558 3333 2812 3404 Ephraim
2853 3340 2907 3386 et
2945 3328 3237 3385 Manassen]
3270 3343 3374 3383 non
3407 3329 3459 3382 in
3491 3343 3590 3383 ne-

2001 3442 2205 3502 potum,
2226 3430 2319 3486 sed
2343 3429 2394 3483 in
2417 3428 2642 3483 filiorum
2664 3424 2907 3481 ordinem
2929 3432 3193 3480 accenset.
3213 3419 3591 3492 Caligabatque

2001 3526 2170 3582 oculis
2195 3523 2361 3580 Jacob
2390 3540 2405 3577 :
2439 3533 2495 3578 ut
2523 3530 2703 3577 autem
2733 3518 3001 3575 osculatus
3027 3527 3110 3573 est
3137 3530 3252 3583 eos,
3283 3530 3402 3570 cum
3426 3513 3591 3570 bene-

2002 3620 2243 3675 dicturus
2276 3618 2395 3673 illos
2420 3624 2601 3683 esset,
2631 3613 2830 3683 Joseph
2873 3627 2903 3667 a
2936 3611 3171 3669 sinistris
3197 3609 3382 3665 Jacobi
3414 3610 3590 3679 posuit

2003 3710 2260 3782 Ephraim
2280 3750 2296 3777 ,
2328 3716 2383 3764 et
2409 3708 2708 3763 Manassem
2735 3720 2765 3759 a
2792 3704 3014 3760 dextris.
3044 3701 3209 3759 Jacob
3239 3712 3417 3757 autem
3457 3699 3589 3755 dex-

2002 3814 2171 3860 teram
2200 3817 2415 3858 manum
2443 3801 2693 3871 imposuit
2714 3814 2874 3869 super
2894 3797 3161 3867 juniorem
3190 3794 3280 3866 qui
3305 3810 3336 3849 a
3360 3794 3589 3849 sinistris

2003 3898 2179 3954 stabat
2201 3939 2215 3961 ,
2260 3896 2530 3952 sinistram
2562 3911 2692 3950 vero
2730 3908 2893 3964 super
2928 3907 3050 3949 cum
3079 3891 3168 3962 qui
3196 3904 3226 3944 a
3250 3888 3452 3944 dextris
3476 3929 3492 3954 ,
3531 3899 3587 3943 et

2003 3988 2296 4044 benedixit.
2328 3988 2605 4042 Putantem
2651 3985 2944 4055 Josephum
2986 3982 3037 4038 id
3068 3991 3273 4052 patrem
3302 3995 3397 4051 per
3433 3978 3588 4049 igno-

2003 4083 2230 4137 rantiam
2260 4078 2454 4143 facere,
2485 4089 2540 4135 et
2564 4087 2868 4133 monentem
2888 4118 2904 4144 ,
2932 4091 3038 4130 non
3069 4073 3188 4128 tulit
3211 4072 3395 4137 Jacob,
3425 4085 3589 4141 seque

2003 4190 2248 4247 gnarum,
2282 4189 2389 4228 non
2420 4171 2749 4242 ignorantem
2779 4170 2830 4224 id
2860 4168 3036 4224 facere
3064 4166 3215 4220 dixit.
3253 4164 3405 4219 Tunc
3442 4161 3589 4218 dedit

2003 4269 2238 4341 Josepho
2256 4267 2423 4325 Jaeob
2444 4267 2696 4323 Sicimam
2714 4265 2835 4335 jure
2859 4264 3147 4334 prmeipuo,
3179 4274 3336 4330 quam
3358 4257 3584 4329 Symeon

2008 4373 2063 4420 et
2091 4364 2219 4419 Levi
2268 4369 2549 4432 ceperant.
2598 4359 2668 4415 Et
2700 4357 2983 4415 benedicit
3008 4355 3144 4410 ï¬lios
3190 4368 3335 4409 suos.
3388 4351 3481 4408 Hic
3521 4350 3587 4406 de

2004 4456 2218 4513 Christo
2249 4454 2570 4509 vaticinatur
2599 4469 2612 4507 :
2644 4448 2763 4504 Non
2792 4448 3008 4519 deï¬ciet,
3045 4445 3236 4516 inquit,
3267 4444 3499 4513 princeps
3524 4457 3591 4523 es

2003 4548 2176 4613 Juda,
2218 4562 2307 4601 nec
2349 4545 2456 4599 dua:
2500 4543 2562 4596 de
2587 4540 2857 4613 femoribus
2883 4540 2993 4609 ejus
3016 4576 3031 4603 ,
3069 4538 3225 4591 donec
3250 4534 3412 4589 veniat
3437 4534 3478 4586 is
3506 4531 3587 4585 cui

2003 4641 2281 4711 repositum
2313 4647 2384 4693 est
2422 4634 2593 4709 (Gen.
2635 4633 2725 4689 49.
2759 4630 2888 4703 10).
2930 4631 2995 4687 Ut
3025 4638 3201 4684 autem
3234 4634 3474 4681 mortuus
3505 4632 3591 4679 est

2004 4734 2202 4798 Jacob,
2231 4730 2365 4787 luxit
2389 4744 2510 4785 eum
2531 4725 2729 4797 Joseph
2751 4765 2766 4790 ,
2795 4734 2849 4780 et
2868 4722 3093 4779 efferens
3114 4718 3361 4789 sepelivit
3383 4717 3435 4772 in
3464 4730 3583 4787 spe-

2005 4830 2162 4886 lunca
2186 4826 2434 4883 Abrabte.
2467 4824 2725 4879 Dixerunt
2746 4820 2923 4889 itaque
2946 4817 3136 4871 fratres
3161 4813 3276 4883 ejus
3309 4829 3321 4865 :
3357 4809 3440 4865 Ne
3464 4814 3587 4881 forte

2005 4921 2208 4995 injuria:
2240 4918 2534 4975 memoriant
2557 4915 2767 4969 retineat
2786 4952 2800 4979 ,
2830 4920 2875 4964 et
2898 4909 3080 4978 referat
3111 4904 3251 4959 nobis
3282 4903 3448 4968 mala,
3477 4915 3584 4970 qua:

2005 4994 2267 5070 intulimus
2286 5011 2329 5067 ei
2353 5008 2516 5083 (Gen.
2541 5004 2631 5063 50.
2661 5004 2801 5075 15),
2826 5009 2880 5057 et
2900 4998 3159 5069 rogabant
3178 5010 3299 5052 eum
3322 4994 3581 5049 dicentes:

2010 5108 2139 5162 Ecce
2180 5121 2270 5160 nos
2311 5102 2440 5158 sewi
2481 5100 2551 5153 tui
2590 5112 2765 5152 sumus
2813 5093 2977 5165 (Gen.
3009 5091 3098 5147 50.
3136 5088 3266 5159 18).
3313 5086 3585 5155 Flevitque

2006 5204 2234 5275 Joseph,
2267 5210 2319 5257 et
2342 5198 2477 5255 dixit
2506 5198 2584 5251 eis
2614 5212 2627 5249 :
2662 5192 2744 5247 Ne
2776 5190 2990 5245 timentis
3019 5204 3036 5241 :
3067 5201 3183 5241 nam
3215 5183 3310 5236 Dei
3334 5198 3447 5236 sum
3474 5195 3580 5275 ego.

2015 5297 2115 5352 Vos
2137 5271 2278 5350 inata
2318 5288 2530 5347 consitio
2570 5285 2770 5356 cepistis
2792 5325 2808 5350 ,
2842 5282 2976 5337 Deus
3014 5290 3180 5333 autem
3205 5276 3336 5331 bona
3365 5271 3582 5326 retrtbuit

2007 5390 2153 5443 mihi.
2184 5386 2292 5456 Ego
2334 5382 2554 5437 nutriant
2583 5395 2670 5434 vos
2697 5386 2743 5432 et
2769 5376 2945 5430 domos
2972 5381 3160 5427 vestras
3202 5366 3382 5439 (Ibid.
3419 5380 3466 5418 Î½.

2006 5484 2069 5538 21
2104 5482 2142 5553 ).
2179 5453 2320 5533 Vixit
2348 5491 2478 5546 ergo
2522 5472 2721 5543 Joseph
2753 5477 2966 5525 centum
2996 5478 3165 5519 annos
3209 5459 3323 5531 (Î±),
3363 5466 3418 5513 et
3458 5453 3582 5509 vidit

2068 5643 2143 5707 (Î±)
2175 5638 2340 5689 Omnia
2365 5630 2663 5697 cxemllaria
2683 5625 2944 5679 Bibliorum
2961 5628 3157 5675 centum
3183 5625 3235 5669 et
3252 5616 3428 5667 decem
3441 5625 3584 5665 annos
