3720 6274
122 260 234 316 315

119 372 261 442 αὕτη
280 370 402 425 ἐστὶ
434 369 701 442 Βηθλεέμ.
732 368 790 422 Ὁ
823 362 881 423 δέ
904 368 1115 439 τεχθεὶς
1138 366 1208 439 ἦν
1234 369 1541 439 Βενιαμείν.
1566 368 1699 421 Τότε

118 457 391 531 ammon
439 456 666 527 Ῥουϐὶμ
714 458 852 526 μετά
883 456 1093 520 Βάλλας
1140 459 1241 529 τῆς
1283 456 1563 526 παλλακῆς
1602 453 1699 508 τοῦ

121 545 330 615 πατρὸς
373 542 561 598 αὐτοῦ.
593 544 728 596 Τότε
782 543 1051 598 ἀπέθανεν
1092 546 1314 600 Ἰσαάκ·
1364 544 1459 597 καὶ
1494 541 1701 613 ἐθαψαν

115 634 283 687 αὐτὸν
313 632 485 687 Ἠσαῦ
512 632 605 686 καὶ
640 631 855 686 Ἰακώϐ.
889 632 1339 701 Γενεαλογοῦνται
1374 633 1425 685 οί
1461 631 1570 685 ἀπὸ
1604 631 1712 713 τοῦ.

125 719 326 785 Ἡσαῦ,
350 720 479 775 ἔνθα
508 718 823 790 εὑρίσκεται
862 719 984 772 Ἰὼϐ
1014 719 1121 773 ἀπὸ
1150 719 1351 775 τούτων
1378 718 1474 783 ὢν,
1506 718 1698 774 Ἰωϐἀϐ

110 809 171 866 δὲ
220 808 457 862 ἐνταῦθα
508 807 771 862 καλεῖται.
822 807 1243 877 Διαφθονοῦνται
1288 807 1367 877 τῷ
1410 806 1606 878 Ἰωσὴφ
1648 809 1698 860 οί

113 896 341 965 ἀδελφοὶ
367 895 474 951 τῶν
503 895 767 948 ἐνυπνίων
797 895 980 961 ἕνεκα,
1018 896 1112 949 καὶ
1145 896 1226 949 ὅτι
1256 895 1453 965 μᾶλλον
1472 895 1642 949 αὐτὸν
1669 895 1698 947 6

113 984 304 1054 πατὴρ
338 984 529 1052 ἐφίλει.
554 982 662 1037 καὶ
688 981 943 1045 λαϐόντες
968 982 1126 1053 μόνον
1151 982 1431 1035 ἐϐούλοντο
1455 982 1661 1035 ἀνελεῖν
1681 997 1696 1013 ο

115 1071 622 1140 συμϐουλεύσαντος
678 1066 733 1124 δέ
769 1071 862 1124 τοῦ
906 1071 1134 1141 Ῥουϐὶμ
1163 1072 1242 1135 είς
1283 1071 1484 1125 λάκκον
1523 1071 1697 1140 ἐμϐα-

112 1158 227 1211 λεῖν
269 1158 543 1228 (ἐϐούλετο
585 1158 694 1229 γὰρ
722 1156 882 1211 αὐτὸν
912 1158 1047 1222 τέως
1092 1157 1369 1224 ἐξελέσθαι
1395 1156 1488 1211 τοῦ
1536 1156 1699 1211 θανά-

112 1257 258 1317 του),
304 1248 431 1299 ἐπεὶ
463 1241 748 1311 ἐνέϐαλον,
782 1244 1043 1299 ἀπέδοντο
1080 1238 1305 1315 ὕστερον
1342 1246 1455 1309 τοῖς
1482 1244 1699 1299 Μαδια-

112 1334 313 1397 ναίοις,
329 1333 424 1387 τοῦ
457 1333 625 1388 Ἰούδα
652 1331 808 1387 τοῦτο
828 1331 1284 1403 εἰσηγησαμένου.
1303 1328 1405 1385 Τὸν
1422 1332 1476 1385 δέ
1496 1331 1697 1403 χιτῶνα

112 1416 284 1476 αὐτοῦ
317 1423 585 1493 βάψαντες
608 1424 821 1493 αἵματι,
853 1422 1194 1475 ἐπεδείκνυον
1222 1421 1299 1491 τῷ
1331 1422 1517 1492 πατρί.
1553 1422 1611 1474 Ὀ
1638 1420 1696 1473 δὲ

113 1512 343 1580 νομίσας
374 1510 705 1582 θηριάλωτον
733 1509 1035 1578 γεγονέναι,
1068 1510 1283 1580 ἐθρήνει
1312 1509 1583 1579 χαλεπῶς.
1607 1507 1696 1579 Τῷ

111 1600 169 1651 δὲ
204 1598 378 1651 Ἰούδα
417 1597 712 1671 ἐτέχθησαν
738 1598 865 1669 Ἦρ,
909 1597 1107 1660 Αὐνᾶν,
1148 1597 1242 1649 καὶ
1275 1596 1480 1667 Σηλών.
1538 1597 1688 1649 Ἀπο-

112 1686 369 1749 θανόντος
398 1686 453 1740 δὲ
484 1684 577 1739 τοῦ
613 1684 741 1754 Ἢρ,
774 1684 873 1755 τὴν
904 1686 1135 1753 γυναῖκα
1161 1682 1326 1736 αὐτοῦ
1366 1682 1466 1754 τὴν
1501 1682 1696 1755 Θάμαρ

113 1772 311 1826 ἐλαϐεν
342 1775 373 1827 6
420 1772 647 1840 ἀδελφὸς
693 1771 864 1826 αὐτοῦ
918 1773 1129 1826 Λύνᾶν·
1182 1772 1276 1825 καὶ
1308 1773 1408 1825 οὐκ
1450 1770 1696 1825 ἐϐούλετο

112 1860 423 1929 ἀναστῆσαι
447 1860 668 1931 σπέρμα
698 1860 777 1929 τῷ
802 1858 1014 1930 ἀδελφῷ
1040 1858 1231 1913 αὐτοῦ.
1271 1859 1361 1922 Ὠς
1389 1859 1447 1912 δὲ
1477 1860 1572 1913 καὶ
1606 1853 1680 1913 οὗ·

112 1966 203 2012 τος
232 1948 530 2009 ἀπέθανεν.
575 1948 756 2002 οὐκέτι
798 1948 960 2019 ἧθελε
998 1946 1077 2019 τῷ
1102 1947 1269 2019 τρίτῳ
1298 1947 1483 2019 Σηλὼν
1514 1947 1695 2002 δοῦναι

112 2039 350 2104 γυναῖκα
389 2037 487 2109 τὴν
532 2037 729 2108 Θάμαρ
770 2039 799 2091 6
836 2036 1033 2100 Ἰούδας
1074 2036 1246 2110 [324].
1298 2037 1362 2090 Ἦ
1400 2037 1459 2090 δέ
1499 2037 1695 2108 Θάμαρ

111 2125 513 2195 κοσμησαμένη
545 2124 799 2177 ἐκάθισεν
819 2124 895 2188 ὡς
916 2124 1086 2195 πόρνη
1111 2124 1263 2195 παρά
1288 2124 1388 2196 τὴν
1417 2124 1558 2178 ὀδόν.
1587 2126 1694 2178 Καὶ

108 2214 343 2283 νομίσας
388 2212 558 2285 αὐτὴν
589 2212 804 2283 ἀληθῶς
842 2213 1048 2283 πόρνην
1075 2208 1217 2266 εἷναι
1252 2212 1689 2284 Ἰούδας(ἐκεκά-

109 2301 287 2354 λυπτο
335 2300 445 2372 γὰρ
511 2301 572 2353 16
628 2300 977 2372 πρόσωπον),
1031 2300 1247 2372 εἰσῆλθε
1301 2300 1439 2371 πρὸς
1503 2300 1693 2373 αὐτὴν,

112 2390 209 2442 ιιι
263 2388 462 2441 ἔδωκεν
504 2388 642 2458 αὐτῇ
690 2386 1004 2459 ἀρραϐῶνα,
1045 2387 1306 2460 ὁρμίσκον
1356 2390 1448 2442 καὶ
1494 2388 1702 2463 δακτύ-ζ

110 2477 224 2530 λιον
269 2476 371 2530 καὶ
413 2474 625 2548 ῥάϐδον.
664 2476 753 2538 Ὠς
813 2475 870 2528 δέ
926 2475 1244 2547 ἀπηγγέλθη
1315 2476 1454 2548 μετά
1498 2476 1691 2540 ταῦτα,

108 2568 191 2620 ὅτι
250 2565 375 2619 κύει
428 2565 662 2638 Θάμαρ,
722 2566 1004 2619 ἐκέλευσεν
1061 2566 1230 2638 αὐτὴν
1286 2567 1693 2639 κατακαυθῆναι

107 2654 137 2706 6
175 2652 440 2724 πενθερὸς
501 2652 719 2716 Ἰούδας.
756 2654 822 2707 Ἦ
872 2653 929 2706 δὲ
981 2654 1267 2707 ἀπέστειλε
1316 2654 1578 2723 λέγουσα,
1628 2658 1694 2709 ἐκ

108 2741 202 2795 τσῦ
248 2742 445 2812 ἀνδρὸς
508 2741 907 2812 συνειληφέναι,
965 2734 1028 2795 οὗ
1083 2746 1111 2796 6
1155 2742 1414 2807 δάκτυλός
1478 2753 1495 2772 ·
1552 2745 1687 2797 ἐστι.

108 2829 246 2882 Τότε
272 2829 439 2901 φησὶν
471 2827 689 2892 Ἰούδας·
719 2828 1095 2885 Δεδικαιωται
1132 2829 1332 2900 Θάμαρ
1360 2830 1398 2900 ἢ
1438 2830 1572 2899 ἐγώ.
1604 2830 1692 2895 Ὠς

106 2916 164 2971 δὲ
196 2917 402 2984 ἔτικτε,
428 2914 795 2988 προεξήνεγκε
824 2918 921 2989 τὴν
959 2920 1119 2990 χεῖρα
1148 2920 1182 2971 6
1209 2916 1380 2991 Ζαρὰ,
1410 2912 1531 2971 εἶτα
1563 2936 1690 2972 συνο

110 3004 343 3070 ἔστειλε,
365 3004 459 3057 καὶ
483 3002 702 3074 ἐξῆλθεν
724 3006 751 3057 6
775 3005 970 3076 Φαρὲς,
994 3005 1088 3057 καί⁵
1115 3006 1236 3059 τότε
1257 3007 1285 3059 6
1306 3006 1474 3077 Ζαρά.
1507 3007 1549 3057 Τ
1553 3004 1691 3058 αῦτα

108 3094 161 3147 δέ
190 3091 371 3157 οὕτως
405 3092 805 3165 ἀλληγορείται.
838 3092 1233 3166 Προεξήνεγκε,
1270 3096 1455 3165 φησιν,
1485 3096 1512 3148 6
1542 3095 1691 3167 πρῶα

106 3200 196 3247 τος
220 3183 371 3249 λαὸς,
398 3184 448 3235 οἱ
474 3182 584 3253 πρὸ
617 3182 711 3235 τοῦ
745 3182 909 3253 νόμου
942 3183 1163 3249 δίκαιοι,
1190 3183 1292 3256 τὴν
1329 3188 1505 3255 χεῖρα,
1532 3202 1687 3239 τουτ-

110 3270 248 3337 έστι,
269 3270 370 3341 τὴν
402 3269 657 3340 ἐνάρετον
687 3269 961 3323 πολιτείαν
993 3270 1088 3324 καὶ
1115 3271 1431 3343 ἀγγελικὴν.
1464 3267 1600 3324 Εἶτα
1630 3274 1689 3325 ἐν

114 3366 263 3435 μέσῳ
285 3364 662 3437 παρενεϐλήθη
687 3363 850 3434 νόμος
868 3380 882 3396 ·
919 3363 1057 3435 μετά
1093 3363 1150 3417 δὲ
1178 3363 1350 3418 ταῦτα
1404 3364 1564 3418 πάλιν
1593 3366 1687 3420 ἀν-

111 3453 314 3524 εκλήθη
343 3454 553 3517 ἐκεῖνος
573 3455 601 3506 6
619 3452 881 3522 πρότερος
910 3451 1041 3523 βίος,
1066 3452 1154 3507 διά
1172 3452 1269 3522 τῆς
1295 3454 1434 3506 κατὰ
1456 3454 1688 3525 Χριστὸν

113 3540 387 3603 πολιτείας
431 3540 524 3593 ἐπὶ
566 3538 628 3592 τὸ
668 3538 998 3610 τελειότερον
1054 3540 1373 3609 παραχθείς.
1420 3540 1687 3611 Ἥγόρασε

109 3632 199 3684 τὸν
240 3630 439 3702 Ἰωσὴφ
468 3632 497 3684 6
543 3631 939 3703 ἀρχιμάγειρος
976 3631 1176 3703 Φαραὼ
1218 3634 1247 3684 6
1286 3634 1683 3704 Πεντεφρήςιιο

111 3721 407 3793 ἐνεχείρισε
439 3721 509 3775 τά
539 3722 681 3775 κατά
701 3721 799 3793 τὴν
835 3721 1033 3775 οἰκίαν.
1065 3722 1179 3776 Οὐκ
1210 3719 1317 3788 είξε
1341 3725 1406 3794 τῇ
1430 3724 1685 3796 δεσποίνῃ

112 3810 453 3880 παρανομεῖν
515 3808 811 3880 κελευούσῃ
845 3812 1071 3872 ἐκεῖνος.
1112 3810 1575 3881 Ἐσυκοφαντήθη,
1602 3813 1685 3865 ἐν·

111 3898 310 3967 ἐϐλήθη
329 3899 410 3959 είς
426 3897 487 3949 τὸ
502 3896 877 3967 δεσμωτήριον
896 3913 909 3927 ο
935 3892 1004 3968 ἦν
1037 3897 1219 3968 ἄρχων
1249 3900 1426 3961 κάκεῖ,
1451 3898 1685 3970 διέκρινε

109 3984 183 4054 τῷ
228 3985 584 4057 ἀρχιοινοχόῳ
632 3985 724 4038 καί⁹
768 3983 846 4055 τῷ
887 3984 1275 4055 ἀρχισιτοποιῷ
1316 3985 1384 4039 τά
1436 3986 1681 4041 ἐνύπνια.

122 4073 311 4144 Ἐξέϐη
338 4071 522 4136 καθὼς
559 4068 709 4126 εἷπε·
739 4074 832 4126 καὶ
854 4074 881 4125 6
913 4073 1011 4143 μὲν
1044 4074 1304 4145 ἀνῃρέθη,
1331 4076 1359 4128 6
1383 4074 1439 4128 δὲ
1475 4076 1556 4139 είς
1585 4076 1683 4148 τὴν

109 4162 385 4233 προτέραν
422 4158 689 4231 ἐπανῆλθε
734 4162 919 4231 τιμήν.
968 4156 1086 4213 Εἷδε
1118 4162 1316 4233 Φαραὼ
1345 4162 1414 4216 τὰ
1459 4162 1683 4217 ἐνύπνια

108 4249 211 4301 τῶν
238 4249 402 4320 βοῶν,
431 4249 539 4303 τῶν
566 4248 813 4319 σταχύων
833 4267 846 4281 ·
872 4249 939 4302 δι’
974 4243 1049 4304 ὧν
1082 4249 1333 4319 ἐδηλοῦτο
1362 4252 1394 4321 ὴ
1435 4252 1679 4323 εὐθηνία,

108 4338 199 4391 καὶ
228 4341 256 4391 6
289 4337 672 4408 διαδεξάμενος
722 4337 893 4409 αὐτὴν
933 4336 1109 4408 λιμός.
1149 4337 1442 4409 Ἐξηνέχθη
1484 4341 1681 4411 Ἰωσὴφ

108 4426 195 4479 τοῦ
225 4420 630 4497 δεσμωτηρίου,
656 4427 743 4479 ἵνα
762 4425 993 4499 ἐπιλύσῃ
1013 4440 1026 4452 ·
1049 4427 1285 4497 ἐμήνυσε
1306 4426 1413 4498 γὰρ
1431 4430 1458 4480 6
1476 4429 1683 4498 ἀρχιοι-

106 4515 308 4585 νοχόος.
351 4514 662 4580 Ἐπέλυσεν,
694 4512 861 4567 ἔδωκε
894 4514 989 4567 καὶ
1016 4513 1239 4585 γνώμην
1277 4515 1373 4587 τὴν
1402 4516 1490 4571 τὸν
1524 4517 1681 4588 λιμὸν

107 4602 661 4675 παραμυθησαμένην.
681 4602 893 4658 Γίνεται
920 4604 1056 4673 μετά
1080 4605 1171 4657 τὸν
1192 4604 1410 4678 Φαραὼ,
1431 4607 1525 4661 καὶ
1555 4625 1679 4661 συν-

105 4690 325 4760 αγαγὼν
358 4694 503 4744 σῖτον
530 4690 695 4744 πολύν
720 4692 779 4745 ἐν
806 4694 916 4755 τοῖς
940 4691 1083 4745 ἐπτά
1105 4692 1249 4746 ἐτεσι
1268 4694 1366 4764 τῆς
1391 4695 1642 4765 εὐθηνίας
1661 4738 1677 4760 ,

104 4781 190 4832 ὅτε
221 4780 251 4833 6
279 4779 437 4849 λιμὸς
470 4779 695 4850 ἐπέστη,
728 4777 926 4832 ἐπώλει
958 4782 1069 4843 τοῖς
1092 4778 1454 4850 βουλομένοις.
1478 4777 1679 4835 ’Ἦλθον

104 4869 195 4921 καί
231 4869 281 4921 οί
316 4866 537 4936 ἀδελφοὶ
570 4866 736 4920 αὐτοῦ
773 4867 1055 4938 πρίασθαι.
1087 4868 1175 4931 Ὠς
1211 4869 1267 4921 δὲ
1293 4869 1392 4922 οὐκ
1428 4865 1533 4923 εἶδε
1560 4872 1677 4941 μετ’

104 4955 281 5009 αὐτῶν
324 4954 417 5008 τὸν
470 4955 758 5025 Βενιαμὶν,
797 4954 1049 5019 δεδοικὼς
1099 4955 1174 5027 μὴ
1218 4958 1312 5010 καὶ
1373 4958 1534 5011 αὐτὸν
1571 4960 1678 5011 ἀπ-

100 5042 333 5108 ώλεσαν,
362 5044 605 5097 αἰτιᾶται
629 5043 704 5107 ὡς
746 5045 1128 5107 κατασκόπους
1157 5044 1256 5114 τῆς
1301 5044 1434 5114 γῆς,
1467 5045 1678 5099 καὶτοῦ

97 5137 449 5208 ἐγκλήματος
488 5135 586 5189 οὐκ
614 5130 752 5189 εἶναι
784 5136 977 5202 ἐτέραν
1013 5134 1185 5199 λύσιν,
1226 5134 1363 5206 πλὴν
1392 5137 1440 5189 εί
1480 5136 1555 5207 μὴ
1590 5137 1680 5190 τὸν

96 5227 327 5297 ἀδελφὸν
360 5228 453 5281 τὸν
479 5226 741 5298 νεώτερον
759 5226 852 5280 τὸν
878 5225 1136 5298 Βενιαμὶν
1164 5226 1569 5295 καταγαγόντες
1600 5228 1681 5291 είς

93 5316 375 5385 Αἴγυπτον
403 5313 669 5379 ἐπιδεῖξαι
693 5315 992 5387 δυνηθεῖεν.
1018 5314 1215 5368 Λαϐὼν
1250 5315 1307 5368 δέ
1333 5315 1424 5369 τὸν
1457 5315 1679 5386 Συμεὼν

156 5405 185 5434 ⁸
216 5403 502 5465 Legendum
522 5403 651 5467 haud
673 5402 821 5467 dubie
833 5403 890 5452 οὐ
910 5403 966 5452 τὸ
982 5402 1250 5453 δακτύλιον.
1276 5401 1335 5452 In
1359 5403 1679 5467 Lugdunensi

89 5466 265 5517 codice
288 5467 474 5528 legitur
492 5466 547 5514 οὗ
570 5468 597 5513 6
619 5466 880 5522 δακτύλιος.

155 5528 186 5569 b
236 5526 509 5590 Πενξεφρής
558 5528 638 5575 hic
689 5528 932 5591 Πετεφρής
985 5532 1189 5579 vocatur
1232 5526 1284 5576 in
1333 5526 1535 5588 Bibiiis;
1591 5528 1677 5577 sed

88 5592 201 5654 garo
260 5593 480 5654 nomina;
512 5591 716 5654 variam.
764 5591 1029 5654 Πεντεφρής
1073 5593 1222 5654 eiiam
1287 5598 1488 5654 νοω-[ιη’
1524 5603 1671 5651 supra

90 5652 424 5715 Expositione
468 5652 516 5699 in
558 5651 803 5715 Psalmum
848 5651 1019 5715 48,"p.
1068 5652 1177 5709 219,
1230 5658 1348 5700 tom.
1393 5651 1453 5702 V.
1498 5654 1675 5702 Πεντε-

88 5713 211 5778 τδρῆς
236 5716 385 5765 etiam
412 5714 595 5778 legitur
613 5715 666 5765 in
686 5714 855 5765 codice
879 5713 1098 5777 Lugduni
1123 5716 1428 5766 Batavorum.

1176 251 1517 312 SYNOPSIS
1545 252 1968 310 SCRIPTUBA‘S
2004 250 2277 311 SACM.

3270 258 3379 317 εει

1800 367 1896 420 ἀπ’
1931 365 2116 420 αὐτῶν
2144 367 2238 420 καὶ
2269 366 2460 438 δήσας,
2479 365 2603 430 τούς
2632 365 2850 431 λοιποὺς
2869 365 3164 439 ἐξέπεμψε,
3191 370 3285 425 τόν
3316 390 3379 426 τε

1804 456 1949 509 σῖτον
1980 453 2103 517 δοὺς
2137 456 2233 508 καὶ
2257 453 2321 507 τὸ
2353 453 2637 525 ἀργύριον.
2669 453 2759 518 Ὦς
2784 454 2841 507 δὲ
2869 449 3009 509 είδον
3027 455 3089 508 16
3118 456 3381 531 ἀργύριον

1802 541 1860 593 ἐν
1882 541 1961 611 τῷ
1988 538 2177 594 κενοῦν
2200 541 2327 604 τοὺς
2357 540 2730 611 μαρσίππους,
2759 542 3141 614 ἐταράχθησαν
3168 545 3247 616 τῷ
3272 564 3378 600 πα-

1805 626 2045 698 ραδόξῳ,
2093 627 2188 681 καὶ
2228 627 2318 681 τὸν
2374 628 2630 698 Βενιαμὶν
2672 629 2836 699 ᾔτουν
2864 632 3016 701 παρά
3047 630 3142 685 τοῦ
3174 634 3380 704 πατρὸς

1801 717 2014 783 λαϐεῖν,
2050 717 2119 771 τὰ
2160 718 2422 786 γεγονότα
2467 718 2901 786 ἀπαγγέλλοντες
2935 719 3168 775 ἅπαντα.
3217 723 3277 775 ὐ
3321 724 3379 777 δὲ

1801 805 2079 875 ἀντείχετο
2101 806 2197 858 τοῦ
2238 804 2469 859 παιδίου.
2518 806 2604 869 Ὠς
2639 806 2698 860 δὲ
2739 807 3115 877 ἐπεκράτησεν
3138 811 3168 861 6
3199 809 3376 880 λιμὸς,

1802 893 1895 947 καὶ
1928 892 2127 955 Ἰούδας
2154 892 2405 946 ἐπέκειτο
2429 890 2747 963 βουλόμενος
2777 893 2959 948 λαϐεῖν
2985 894 3074 948 τὸν
3096 895 3376 968 Βενιαμὶν,

1805 979 1935 1050 ὐγιῆ
1972 980 2068 1033 καὶ
2090 979 2238 1035 ’σῶον
2278 978 2745 1049 ἐπαγγειλάμενος
2780 978 3091 1051 ἐπανήξειν,
3124 981 3323 1037 ἔδωκεν
3351 987 3381 1039 6

1816 1065 2007 1120 Ἰακὼϐ
2048 1067 2109 1121 τό
2152 1082 2211 1119 τε
2240 1065 2505 1138 ἀργύριον
2544 1065 2789 1128 διπλοῦν,
2830 1066 3093 1132 κελεύσας
3120 1069 3379 1141 ἐπιφέρε-

1803 1153 1927 1207 σθαι
1957 1153 2053 1208 καὶ
2074 1153 2223 1223 δῶρα
2256 1154 2438 1229 ἐτερα.
2485 1154 2572 1217 Ὠς
2590 1154 2648 1208 δὲ
2669 1150 2831 1225 ῆλθον
2865 1153 3001 1224 πρὸς
3031 1155 3123 1210 τὸν
3155 1158 3375 1230 Ἰωσὴφ.

1800 1240 2018 1307 ἐδέξατο
2049 1242 2246 1306 αὐτοὺς
2283 1241 2548 1312 εὐμενῶς,
2587 1242 2684 1295 καὶ
2723 1238 2970 1313 περὶτοῦ
2995 1244 3199 1314 πατρὸς
3233 1246 3379 1317 ἡρώ-

1799 1347 1955 1402 τησε,
1979 1332 2072 1383 καὶ
2096 1331 2336 1384 εἱστίασε
2369 1330 2657 1404 λαμπρῶς.
2699 1331 2889 1384 Ἠνίκα
2916 1332 2970 1384 δὲ
2994 1332 3100 1385 ἔδει
3134 1334 3374 1395 ἀπιέναι.

1800 1418 1860 1471 τὸ
1894 1419 2151 1489 ποτήριον
2190 1418 2251 1471 16
2283 1419 2558 1490 ἀργυροῦν
2607 1419 2816 1471 κελεύει
2852 1419 3001 1491 [525]
3042 1422 3375 1493 ἐμϐληθῆναι

1798 1506 1878 1577 τῷ
1910 1507 2213 1578 μαρσίππῳ
2256 1507 2351 1560 τοῦ
2392 1506 2687 1576 Βενιαμὶν,
2733 1507 2831 1560 οὐκ
2858 1507 3081 1562 εἰδότων
3128 1509 3374 1564 ἐκείνων.

1812 1594 1899 1655 Ὠς
1929 1595 1985 1648 δὲ
2024 1594 2286 1666 ἐνεϐλήθη
2323 1595 2413 1647 καὶ
2451 1594 2705 1659 λαϐόντες
2745 1594 3007 1665 ἀπῆλθον,
3045 1598 3375 1667 προστάσσει

1798 1682 1876 1753 τῷ
1909 1684 2003 1737 ἐπὶ
2026 1684 2125 1753 τῆς
2155 1684 2331 1748 οικίας
2356 1687 2384 1738 6
2412 1684 2609 1756 Ἰωσὴφ
2642 1686 2969 1750 καταδιῶξαι
2998 1688 3123 1751 τοὺς
3152 1688 3370 1760 ἄνδρας.

1812 1772 1870 1824 ὐ
1909 1771 1965 1824 δέ
1987 1771 2324 1836 καταδιώξας
2362 1772 2627 1841 ἐνεκάλει,
2651 1774 2733 1826 ὃτι
2762 1777 2948 1838 κακοῖς
2970 1774 3060 1830 τὸν
3081 1776 3375 1847 εὐεργέτην

1799 1857 2124 1927 ἠμείψαντο.
2173 1859 2604 1930 Ταραττομένων
2648 1860 2706 1914 δὲ
2745 1862 2954 1927 αὐτῶν,
2999 1863 3093 1917 καὶ
3144 1862 3223 1934 τῲ
3273 1864 3375 1935 μὲν

1800 1945 1979 1998 ἁλόντι
2009 1944 2102 1998 ἐπὶ
2122 1946 2188 2016 τῇ
2221 1945 2417 2017 κλοπῇ,
2437 1949 2485 2000 εί
2512 1946 2783 2019 εὑρεθείη,
2807 1949 3035 2004 θάνατον
3061 1950 3370 2022 ὁριζόντων,

1798 2033 2011 2096 ἐαυτοίς
2057 2033 2114 2086 δὲ
2146 2033 2421 2096 δουλείαν,
2457 2034 2766 2106 εὑρίσκεται
2806 2038 2955 2108 παρά
2985 2038 3064 2108 τῷ
3096 2040 3368 2108 Βενιαμίν.

1798 2119 1933 2172 Τότε
1961 2120 2218 2175 εἰσελθὼν
2246 2123 2276 2174 6
2311 2122 2530 2185 Ἰούδας,
2560 2123 2654 2175 καὶ
2676 2124 2882 2195 μακρὸν
2907 2125 3194 2189 ἀποτείνας
3218 2126 3373 2195 λόγον

1798 2207 1926 2278 περί
1945 2224 2005 2260 τε
2016 2207 2109 2260 τοῦ
2124 2207 2330 2278 πατρὸς
2349 2208 2587 2279 καὶπερὶ
2606 2209 2700 2263 τοῦ
2735 2210 2928 2282 Ἰωσὴφ
2946 2213 3038 2266 καὶ
3065 2213 3158 2265 τοῦ
3180 2214 3371 2269 Βενια-

1787 2286 1913 2364 ’μὶν,
1948 2294 2009 2358 ὃς
2040 2290 2109 2366 ἦν
2145 2294 2399 2366 ἐλόμενος
2438 2296 2561 2350 ἀντὶ⁵
2598 2295 2690 2350 τοῦ
2756 2302 3043 2369 μειρακίου
3099 2300 3373 2355 δουλεύειν

1796 2382 1977 2445 αὐτὸς,
2008 2384 2088 2446 είς
2117 2382 2371 2437 τοσοῦτον
2415 2384 2663 2437 ἐνέϐαλεν
2696 2380 2874 2439 οἶκτον
2910 2387 3001 2439 τὸν
3048 2388 3267 2460 Ἰωσὴφ,
3296 2392 3371 2454 ὡς

1797 2469 2121 2540 ἐλεγχθῆναι
2148 2480 2171 2509 ο
2196 2470 2294 2542 τὴν
2336 2472 2540 2542 σκηνὴν
2569 2472 2806 2528 ἃπασαν.
2839 2475 3052 2538 Πάντας
3079 2476 3187 2549 γὰρ
3212 2478 3373 2533 ἐκϐα-

1796 2556 1924 2618 λὼν,
1949 2558 2035 2611 ἵνα
2071 2557 2219 2628 αὐτῷ
2246 2560 2372 2628 ,μετ’
2404 2558 2654 2625 ἐξουσίας
2682 2560 2936 2632 δακρύειν
2975 2562 3371 2637 ἐξῇ,γνωρίζει

1795 2663 1855 2698 τε
1895 2646 2057 2700 αὐτὸν
2091 2650 2202 2709 τοῖς
2228 2647 2496 2717 ἀδελφοῖς,
2527 2649 2622 2702 καὶ
2662 2650 2980 2704 ἀποστέλλει
3018 2653 3109 2705 ἐπὶ
3141 2654 3229 2707 16v
3266 2673 3371 2708 πα-

1796 2734 1929 2804 τέρα
1973 2734 2112 2805 μετά
2143 2733 2333 2806 δώρων
2367 2736 2460 2788 καὶ
2490 2737 2715 2808 ἁμαξῶν
2738 2755 2749 2767 ·
2778 2734 2847 2810 ῆν
2867 2739 2923 2792 δὲ
2951 2741 3042 2794 καὶ
3071 2739 3147 2812 τῷ
3173 2743 3369 2814 Φαραὼ

1794 2821 1951 2874 τοῦτο
1986 2822 2358 2879 συνευδοκοῦν.
2393 2824 2481 2887 Ὠς
2504 2825 2559 2878 δὲ
2583 2827 2813 2896 ῆκουσεν
2836 2830 2864 2881 6
2905 2829 3098 2882 Ἰακὼϐ
3130 2831 3197 2883 τὰ
3226 2833 3369 2887 κατά

1793 2908 1885 2961 τ“’ν
1915 2910 2132 2981 Ἰωσὴφ,
2167 2912 2467 2983 περιχαρής
2489 2929 2549 2965 τε
2577 2908 2663 2983 ῆν,
2689 2914 2783 2966 καὶ
2812 2915 2903 2968 τοῦ
2932 2915 3065 2970 Θεοῦ
3090 2918 3372 2973 κελεύσαν-

1794 3013 1885 3059 τος
1918 2998 2122 3069 κατέϐη
2156 3000 2234 3061 είς
2274 3000 2567 3067 Αἴγυπτον.
2598 3002 2732 3073 Ὀρᾷ
2756 3003 2846 3056 τὸν
2882 3004 3079 3076 Ἰωσὴφ
3112 3007 3139 3057 6
3167 3006 3368 3078 πατὴρ,

1792 3084 2111 3158 ἀπηγγέλθη
2150 3085 2319 3139 ταῦτα
2351 3086 2429 3157 τῷ
2455 3087 2669 3159 Φαραὼ,
2699 3090 2791 3142 καὶ
2818 3090 3134 3162 κατῴκησεν
3157 3095 3213 3146 ἐν
3239 3095 3367 3149 Ῥα-

1795 3171 1995 3242 μεσσῆ.
2029 3173 2118 3235 Ὠς
2158 3173 2214 3226 δὲ
2256 3175 2496 3229 ἀνάλωτο
2522 3176 2580 3228 τὸ
2616 3176 2876 3246 ἀργύριον
2911 3178 3008 3247 τῆς
3036 3179 3162 3248 γῆς.
3196 3184 3365 3253 κτήνη

1792 3258 2022 3322 διδόντες
2068 3260 2117 3312 οί
2164 3260 2458 3332 ἄνθρωποι,
2500 3260 2802 3332 ἐλάμϐανον
2846 3266 3019 3317 σῖτονο
3073 3268 3256 3340 ἐπειδὴ
3308 3270 3366 3323 δὲ

1792 3347 1886 3399 καὶ
1909 3346 2081 3400 ταῦτα
2109 3347 2356 3415 ἐπέλιπε,
2387 3348 2480 3401 καὶ
2500 3350 2527 3401 6
2557 3348 2714 3419 λιμὸς
2742 3350 2841 3402 οὐκ
2866 3351 3115 3415 ἐπαύετο,
3143 3356 3366 3420 ἑαυτοὺς

1792 3434 1997 3489 ἔδωκαν
2023 3434 2162 3505 μετά
2185 3436 2282 3506 τῆς
2310 3436 2413 3505 γῆς
2433 3450 2446 3464 ·
2488 3436 2581 3488 καὶ
2609 3436 2885 3507 γενόμενοι
2907 3438 2985 3508 τῷ
3017 3441 3213 3512 Φαραὼ
3240 3443 3364 3496 δοῦ-

1791 3522 1893 3587 λοι,
1917 3524 2189 3595 ἔσπειρον,
2221 3525 2316 3578 καὶ
2348 3524 2406 3577 16
2446 3524 2694 3593 πέμπτον
2730 3526 2891 3598 μέρος
2922 3529 3159 3584 ἐδίδοσαν
3192 3532 3361 3601 αὐτῷ,

1790 3612 1856 3664 τά
1890 3613 2131 3683 τέσσαρα
2162 3612 2314 3665 αὐτοὶ
2351 3611 2740 3682 καρπούμενοι.
2773 3612 2998 3667 Μέλλων
3030 3616 3088 3669 δέ
3112 3618 3365 3690 τελευτᾷν

1788 3700 1817 3751 6
1844 3698 2059 3765 Ἰακὼϐ,
2088 3699 2250 3771 ὅρκον
2278 3699 2502 3752 ἀπαιτεῖ
2524 3700 2615 3751 τὸν
2662 3699 2882 3771 Ἰωσὴφ,
2910 3702 3049 3756 ὥστε
3092 3704 3164 3775 μὴ
3195 3706 3361 3776 θάψαι

1790 3786 1951 3840 αὐτὸν
1995 3788 2052 3839 ἐν
2092 3786 2383 3857 Αἰγύπτῳ,
2414 3786 2530 3840 ἀλλ’
2561 3790 2621 3840 ἐν
2666 3786 2742 3858 τῷ
2770 3790 2925 3860 τάφῳ
2974 3792 3081 3844 τῶν
3116 3794 3363 3867 πατέρων

1787 3874 1976 3929 αὐτοῦ.
2014 3876 2123 3929 Καὶ
2147 3878 2273 3939 τοὺς
2300 3876 2451 3939 υίούς
2489 3875 2708 3947 Ἰωσὴφ,
2739 3877 2831 3930 τὸν
2877 3878 3117 3950 Ἐφραῒμ
3150 3881 3243 3933 καὶ
3272 3882 3362 3936 τὸν

1788 3962 2079 4032 Μανασσῆ,
2103 3963 2206 4016 οὐκ
2239 3965 2318 4026 είς
2362 3963 2623 4031 ἐγγόνων,
2656 3963 2771 4016 ἀλλ’
2801 3967 2881 4028 εἰς
2914 3967 3044 4019 υίῶν
3074 3969 3363 4037 καταλέγει

1786 4052 1959 4118 τάξιν.
1997 4052 2107 4105 Καὶ
2145 4051 2466 4121 ἡμϐλυώπει
2519 4051 2747 4106 Ἰακώϐ’
2794 4054 2871 4119 ὡς
2915 4055 2971 4108 δὲ
3004 4058 3360 4130 κατεφίλησεν

1787 4140 2003 4204 αὐτοὺς,
2040 4140 2133 4192 καὶ
2166 4140 2271 4192 ἔδει
2302 4139 2567 4207 εὐλογεῖν,
2610 4140 2671 4205 ἐξ
2698 4141 3001 4212 ἀριστερῶν
3033 4143 3127 4196 τοῦ
3168 4146 3360 4199 Ἰακὼϐ

1787 4227 1982 4298 ἔστησε
2008 4228 2099 4280 τὸν
2142 4228 2436 4299 Ἐφραῒμό
2477 4230 2707 4300 Ἰωσὴφ,
2746 4232 2839 4284 τὸν
2888 4230 2943 4284 δὲ
2992 4234 3256 4305 Μανασσῆ
3295 4238 3359 4290 ἐκ

1785 4317 1992 4381 δεξιῶν.
2031 4318 2089 4372 '0
2116 4318 2174 4372 δὲ
2207 4318 2399 4372 Ἰακὼϐ
2436 4319 2532 4391 τὴν
2565 4321 2745 4385 δεξιάν
2783 4324 2941 4393 χεῖρα
2970 4324 3237 4395 ἐπέθηκεν
3265 4328 3359 4381 ἐπὶ

1783 4404 1875 4458 τὸν
1906 4405 1963 4470 ἐξ
2006 4406 2310 4479 ἀριστερῶν
2339 4407 2550 4461 ἐστῶτα
2579 4408 2669 4461 τὸν
2701 4409 2985 4480 νεώτερον,
3018 4411 3115 4481 τὴν
3145 4412 3201 4465 δέ
3238 4414 3359 4485 ἀρι-

1787 4494 1980 4564 στερὰν
2015 4494 2106 4547 ἐπὶ
2147 4494 2236 4548 τὸν
2292 4496 2356 4548 ἐκ
2400 4494 2628 4565 δεξιῶν,
2672 4497 2765 4551 καὶ
2806 4497 3065 4569 εὐλόγησε
3092 4541 3107 4564 ,
3162 4500 3256 4554 τοῦ
3300 4502 3357 4555 δὲ

1798 4583 1992 4655 Ἰωσὴφ
2031 4585 2277 4655 οἰομένου
2309 4585 2450 4639 κατὰ
2482 4586 2703 4654 ἄγνοιαν
2727 4587 2883 4640 τοῦτο
2918 4591 3086 4641 ποιεῖν
3124 4590 3215 4643 τὸν
3254 4609 3357 4645 πα-

1783 4672 1947 4743 τέρα,
1981 4672 2074 4724 καὶ
2124 4672 2535 4743 διορθουμένου,
2590 4674 2690 4726 οὐκ
2740 4675 2994 4745 ἠνέσχετο
3039 4677 3067 4728 6
3119 4678 3352 4731 Ἰακώϐ·

1783 4758 1936 4822 εἰδὼς
1966 4759 2071 4827 γὰρ
2102 4757 2205 4829 ἔφη
2232 4757 2389 4811 τοῦτο
2414 4762 2603 4823 ποιεῖν,
2628 4760 2725 4811 οὐκ
2760 4759 2985 4827 ἀγνοῶν.
3013 4763 3143 4816 Τότε
3175 4765 3355 4819 δίδωσι

1784 4848 1860 4918 τῷ
1911 4847 2105 4918 Ἰωσὴφ
2139 4849 2167 4899 6
2228 4846 2419 4900 Ἰακὼϐ
2462 4848 2559 4917 τὴν
2608 4848 2839 4918 Σίκιμαν
2870 4851 3175 4923 ἐξαίρετον,
3213 4857 3277 4925 ἢν
3328 4860 3355 4909 6

1784 4935 2004 5005 Συμεὼν
2029 4935 2120 4988 καὶ
2142 4933 2272 4987 Λευῖ
2293 4929 2453 4989 εἷλον.
2473 4934 2582 4988 Καὶ
2607 4936 2819 5003 εὐλογεῖ
2843 4937 2967 5001 106;
2991 4940 3136 5003 υἱοὺς
3165 4940 3351 4995 αὐτοῦ.

1795 5021 2057 5076 Ἐνταῦθα
2084 5023 2210 5093 περὶ
2232 5021 2325 5076 τοῦ
2366 5021 2602 5093 Χριστοῦ
2638 5025 2985 5095 προφητεύει.
3015 5028 3136 5080 Οὐκ
3166 5029 3355 5081 ἐκλεί-

1782 5115 1881 5179 ψει
1906 5111 2124 5180 ἅρχων,
2158 5109 2341 5180 φησὶν,
2383 5109 2453 5174 ἐξ
2498 5110 2712 5174 Ἰούδα,
2742 5110 2882 5165 οὐδὲ
2920 5114 3249 5183 ἡγούμενος
3286 5117 3355 5173 ἐκ

1784 5197 1900 5253 τῶν
1910 5198 2119 5267 μηρῶν
2137 5197 2343 5262 αὐτοῦ,
2362 5197 2473 5265 ἓως
2494 5198 2570 5251 ἂν
2592 5199 2740 5267 ἔλθῃ
2766 5191 2815 5265 ᾦ
2841 5201 3148 5257 ἀπόκειται
3174 5216 3225 5258 α.
3262 5204 3352 5267 Ὠς

1781 5287 1835 5340 δὲ
1865 5286 2132 5340 ἀπέθανεν
2159 5285 2187 5338 6
2210 5285 2428 5350 Ἰακὼϐ,
2458 5286 2752 5358 ἐπένθησεν
2781 5288 2944 5342 αὐτὸν
2964 5291 2993 5341 6
3018 5290 3234 5362 Ἰωσήφ,
3261 5296 3354 5347 καὶ

1782 5373 2071 5443 ἀναγαγὼν
2106 5373 2301 5444 ἔθαψεν
2324 5374 2381 5427 ἐν
2402 5371 2479 5445 τῷ
2505 5374 2753 5446 σπηλαίῳ
2782 5375 3048 5447 Ἀϐραάμ.
3074 5374 3239 5433 Εἶπον
3260 5374 3353 5435 οῦν
3390 5436 3399 5450 ,

1845 5465 1867 5492 c
1905 5462 2009 5492 ἸῗἹέ

1845 5465 1867 5492 ο
1905 5464 2113 5525 Ἐλέγχω
2140 5474 2228 5510 vox
2249 5464 2590 5521 Chrysostomo
2615 5464 2861 5511 familiaris
2882 5464 2973 5512 hoc
2994 5478 3104 5512 usu.

1844 5523 1870 5563 ά
1898 5526 1950 5573 In
1979 5525 2190 5585 iulgatis
2216 5522 2578 5587 e_x_empla_ribu_s
2600 5522 2803 5587 legilur,
2822 5525 2914 5587 Et»;
2936 5525 2993 5571 ἂν
3021 5525 3127 5587 ἔλθῃ
3154 5525 3214 5574 τὰ
3236 5527 3353 5578 ἀπο-

1781 5588 1973 5650 κείμενα
1995 5583 2140 5650 αὐνεῴ.
2166 5584 2254 5650 sed
2274 5584 2325 5632 ιη
2346 5583 2631 5650 (ξυψυράριη
2651 5583 2996 5650 éccigsiaslicis
3033 5583 3354 5650 scriptoribus

1783 5650 1823 5711 ᾧ
1843 5645 2313 5715 ἀπόκειταιίθεῇιιξτ.
2327 5654 2379 5715 ει
2401 5648 2471 5695 sic
2493 5645 3051 5715 habebggphrysqgmmi
3078 5645 3349 5715 eiemplar:

1784 5706 1893 5760 riam
1917 5712 1983 5759 sic
2004 5710 2087 5758 ille
2112 5706 2234 5770 legit
2253 5708 2301 5755 in
2327 5706 2558 5759 Genesim
2581 5722 2629 5770 p.
2654 5708 2763 5770 638,
2786 5714 2837 5758 el
2860 5707 2996 5759 alibi.

2073 5480 2113 5510 ω
2140 5474 2228 5510 vox
2249 5460 2590 5521 Chrysostomo
2615 5460 2861 5511 familiaris
2882 5462 2973 5512 hoc
2994 5478 3104 5512 usu.
