3722 6274
319 233 432 292 395

319 350 369 402 οξ
396 346 612 415 ἀδελφοὶ
643 340 841 399 αὑτοῦ·
890 346 1134 413 Μήποτε
1157 346 1610 416 μνησικακήσῃ,
1642 346 1735 400 καὶ
1757 348 1894 402 ἀντ-

318 434 617 490 αποδώσει
652 433 799 502 ἡμῖν
828 434 1003 497 κακὰ,
1047 434 1083 486 ἄ
1119 433 1539 503 ἐνεδειξάμεοα
1587 433 1776 499 αὐτῷ,
1806 434 1899 486 καὶ

321 522 664 592 παρεκάλουν
711 521 877 575 αὐτὸν
921 522 1169 589 λέγοντες
1193 539 1205 552 ·
1261 523 1415 579 Ἰδοὺ
1464 522 1637 592 ἡμεῖς
1677 521 1897 576 οἰκέται

319 626 453 664 σου.
503 609 610 662 Καὶ
641 609 901 662 ἔκλαυσεν
927 612 958 664 6
996 611 1210 681 Ἰωσὴφ,
1243 610 1340 663 καὶ
1371 606 1523 665 εἶπεν
1551 612 1735 673 αὐτοῖς
1754 626 1768 638 ·
1800 610 1897 677 Μὴ

317 698 623 768 φοϐεῖσθε·
653 700 762 753 τοῦ
790 700 899 769 γὰρ
931 701 1080 755 Θεοῦ
1107 703 1223 770 εἰμι
1244 701 1377 771 ἐγώ.
1403 701 1598 770 Ὑμεῖς
1619 701 1899 754 ἐϐουλεύ-

316 791 511 843 σασθε
543 787 798 855 πονηρὰ,
831 791 865 841 ό
891 787 960 841 δὲ
986 787 1131 854 Θεὸς
1149 787 1532 842 ἀνταπέδωκέ
1550 805 1651 857 μοι
1682 787 1893 856 ἀγαθά.

316 874 459 944 Ἐγὼ
480 874 779 943 διαθρέψω
795 873 950 943 ὑμᾶς
966 875 1061 927 καί
1080 874 1221 941 τοὺς
1238 876 1444 941 οἴκους
1464 873 1646 944 ὑμῶν.
1664 873 1898 944 Ἕζησεν

315 959 408 1016 οὖν
426 962 569 1035 [526]
585 962 782 1033 Ἰωσὴφ
808 962 903 1031 έτη
927 962 1142 1027 ἐκατὸν,
1168 961 1264 1015 καὶ
1290 958 1426 1016 εἶδεν
1450 961 1688 1033 Ἐφραῒμ
1710 962 1897 1016 παιδία

315 1053 418 1114 ἕως
461 1051 651 1121 τρίτης
681 1052 893 1117 γενεᾶς.
946 1050 1110 1119 Λέγει
1137 1045 1230 1105 οῦν
1266 1053 1378 1114 τοῖς
1416 1051 1664 1120 ἀδελφοῖς
1694 1051 1890 1103 αὐτοῦ’

330 1137 665 1206 Ἐπισκοπῇ
688 1138 1082 1207 ἐπισκέψεται
1108 1134 1264 1207 ὑμᾶς
1287 1141 1321 1192 ό
1350 1139 1515 1204 Θεὸς,
1546 1137 1641 1194 καὶ
1666 1137 1894 1203 εἰσάξει

312 1230 465 1296 ’ὑμᾶς
485 1231 571 1293 εις
600 1226 716 1295 τὴν
736 1225 855 1296 γῆν
888 1227 998 1295 τῆς
1023 1227 1403 1298 ἐπαγγελίας,
1432 1227 1513 1295 ἣν
1548 1227 1747 1294 ὤμοσε
1772 1228 1895 1292 τοῖς

314 1315 616 1385 πατράσιν
641 1314 811 1383 ἡμῶν
847 1314 1057 1369 δοῦναι
1093 1316 1319 1382 αὐτοῖς.
1354 1315 1461 1370 Καὶ
1499 1318 1895 1371 συνανοίσετε

314 1406 384 1460 τὰ
409 1403 560 1458 ὀστᾶ
592 1421 712 1473 μου
740 1405 867 1472 μεθ’
895 1402 1081 1473 ὑμῶν.
1113 1405 1220 1457 Kal
1247 1404 1575 1475 τελευτήσας
1604 1404 1738 1458 ἐτῶν
1764 1406 1893 1458 6m-

315 1494 426 1557 τὸν,
450 1491 626 1562 ἐτάφη
649 1493 708 1545 ἐν
730 1494 795 1561 τῇ
822 1491 964 1561 σορῷ
987 1494 1044 1543 ὲν
1074 1490 1333 1561 Αἰγύπτῳ
1353 1505 1399 1543 α.

738 1580 1005 1648 Σύνοψις
1040 1579 1153 1647 τῆς
1204 1580 1471 1644 Ἐξόδου.

397 1670 661 1735 Ἀναστὰς
689 1669 939 1741 βασιλεὺς
981 1670 1039 1723 ἐν
1081 1669 1375 1738 Αἰγύπτῳ,
1415 1669 1474 1733 6;
1506 1670 1605 1722 οὐκ
1642 1669 1758 1740 ᾔδει
1803 1672 1894 1725 τὸν

327 1755 524 1825 Ἰωσὴφ
551 1795 566 1820 ,
599 1754 799 1809 ἐκάκου
847 1755 974 1817 τοὺς
1010 1753 1351 1825 Ἰσραηλίτας
1380 1752 1456 1823 τῷ
1502 1754 1657 1825 πηλῷ
1689 1754 1785 1806 καὶ
1825 1757 1892 1826 τῇ

314 1841 580 1913 πλινθείᾳ.
618 1839 900 1893 Ἐκέλευσε
940 1839 998 1892 66
1045 1838 1137 1894 καὶ
1165 1841 1286 1901 ταῖς
1330 1837 1516 1908 μαίαις
1552 1839 1793 1909 ἀναιρεῖν
1824 1840 1893 1891 τά

312 1929 517 2001 ἄρρενα
547 1926 655 1981 τῶν
688 1925 1038 1998 Ἰσραηλιτῶν
1056 1941 1069 1957 ·
1090 1923 1167 1987 ὡς
1194 1924 1250 1977 66
1275 1924 1375 1977 οὐκ
1403 1919 1571 1989 εἶξαν,
1593 1924 1672 1995 τῷ
1700 1923 1814 1994 λαῷ
1834 1923 1894 1977 τὸ

310 2014 567 2084 τόλμημα
615 2010 902 2083 ἐπέτρεψε.
930 2010 1063 2063 Τότε
1111 2008 1353 2061 τίκτεται
1402 2008 1643 2077 Μωῦσῆς
1683 2008 1749 2059 ἐκ
1793 2008 1892 2076 τῆς

312 2098 483 2167 φυλῆς
514 2095 667 2158 Λευῖ,
696 2097 792 2149 καὶ
820 2095 1082 2164 ἐξέθηκαν
1122 2091 1284 2145 αὑτὸν
1328 2093 1375 2145 οῖ
1415 2094 1590 2159 γονεῖς
1631 2094 1689 2144 ἐν
1726 2090 1889 2161 θήϐῃ.

312 2179 670 2236 Κατελθοῦσα
702 2178 759 2232 δὲ
788 2180 819 2248 ἡ
855 2178 1104 2248 Θυγάτηρ
1129 2174 1349 2246 Φαραὼ,
1381 2175 1475 2228 καὶ
1504 2174 1801 2245 ἀνελομένη
1830 2174 1894 2228 τὸ

314 2265 545 2325 παιδίον,
571 2262 739 2317 ἔδωκε
762 2260 1076 2332 τρέφεσθαι.
1092 2261 1281 2329 Μέγας
1302 2255 1396 2313 οῦν
1424 2260 1709 2331 γενόμενος
1730 2261 1891 2312 Μωῦ-

313 2351 445 2420 σῆς,
480 2347 670 2418 ἐξῆλθε
712 2346 850 2417 πρὸς
895 2346 1023 2409 τοὺς
1064 2346 1214 2410 υἱοὺς
1251 2345 1487 2416 Ἰσραήλ.
1536 2345 1892 2415 Κατανοήσας

310 2436 367 2487 δὲ
396 2432 486 2486 τὸν
520 2432 701 2494 πόνον,
723 2431 828 2503 ὁρᾷ
856 2429 1154 2498 Αἰγύπτιον
1176 2428 1448 2483 τύπτοντά
1471 2447 1591 2482 τινα
1619 2428 1889 2500 Ἐϐραῖον.

314 2515 786 2587 Ιῐεριϐλεψάμενος
832 2514 889 2567 δὲ
936 2506 1038 2567 ὧδε
1081 2513 1176 2567 καὶ
1216 2506 1318 2566 ὧδε
1343 2554 1357 2576 ,
1395 2513 1492 2585 οὐχ
1519 2514 1623 2584 ὁρᾷ
1666 2512 1887 2567 οὐδένα·

312 2599 555 2667 πατάξας
585 2599 641 2653 δὲ
667 2598 758 2652 τὸν
787 2598 1109 2668 Αἰγύπτιον,
1151 2598 1387 2672 ἔκρυψεν
1414 2598 1576 2653 αὐτὸν
1604 2598 1664 2651 ἐν
1687 2601 1755 2671 τῇ
1784 2599 1891 2669 ἄμα

314 2706 419 2756 μῳ.
480 2684 741 2751 Ἐξελθὼν
786 2684 843 2739 δὲ
886 2685 953 2756 τῇ
998 2684 1183 2756 ἡμέρᾳ
1230 2687 1298 2756 τῇ
1347 2683 1595 2755 δευτέρᾳ,
1643 2684 1746 2755 ὁρᾷ
1797 2683 1892 2737 δύο

324 2771 608 2843 Ἐϐραίους
634 2769 1209 2841 διαπληκτιζομένους,
1241 2769 1333 2821 καὶ
1363 2768 1511 2837 λέγει
1542 2767 1620 2837 τῷ
1648 2767 1757 2821 ἐνί·
1788 2767 1892 2822 Διὰ

312 2855 369 2927 τί
391 2856 628 2921 τύπτεις
654 2854 762 2907 τὸν
786 2854 1084 2921 πλησίον;
1120 2853 1178 2905 ’0
1215 2851 1272 2906 δὲ
1305 2850 1425 2905 εἰπε
1453 2869 1467 2883 ⁸
1506 2852 1602 2917 Τίς
1640 2866 1715 2905 σε
1749 2867 1891 2906 κατ-

310 2940 575 3006 έστησεν
627 2936 889 3006 ἄρχοντα
933 2936 1030 2991 καί
1072 2936 1371 3004 δικαστὴν
1418 2936 1512 3006 ἐφ’
1558 2935 1751 3005 ἡμᾶς’
1804 2936 1889 3005 μὴ

311 3013 553 3077 ἀνελεῖν
586 3037 661 3090 με
699 3020 895 3085 θέλεις
932 3020 1011 3085 ὠς
1040 3020 1181 3089 χθὲς
1218 3020 1578 3091 Αἰγύπτιοη
1619 3018 1888 3091 Ἐφοϐήθη

311 3100 403 3159 οὖν
434 3104 700 3174 Μωῦσῆς’
732 3103 932 3174 ἢκουσε
967 3102 1024 3156 δέ
1049 3101 1247 3176 Φαραὼ
1276 3102 1336 3157 τὸ
1379 3103 1552 3176 ῥῆμα,
1576 3103 1672 3157 καὶ
1708 3104 1889 3174 ἐζήτει

312 3190 520 3243 ἀνελεῖν
541 3188 803 3257 Μωῦσῆν.
836 3186 1099 3258 Φοϐηθεὶς
1131 3186 1192 3241 δὲ
1234 3187 1505 3258 Μωῦσῆς,
1539 3187 1889 3260 ἀνεχώρησεν

310 3275 389 3339 εἰς
422 3272 674 3343 Μαδιάμ’
715 3271 983 3344 ἐϐοήθησε
1017 3272 1136 3336 ταῖς
1175 3270 1507 3341 θυγατράσιν
1549 3272 1716 3346 Ἰοθὸρ
1754 3272 1889 3342 πρὸς

310 3356 372 3409 τὸ
401 3355 637 3409 ποτίσαι.
673 3355 739 3408 Δί
786 3355 844 3409 66
872 3354 1200 3425 ἀνήγγειλαν
1229 3353 1308 3425 τῷ
1343 3348 1513 3428 πατρὶ
1542 3355 1603 3409 τὸ
1644 3356 1887 3425 γεγονὸς,

312 3441 405 3494 καὶ
439 3440 733 3513 εἰσήγαγον
766 3438 902 3510 πρὸς
934 3439 1095 3491 αὐτὸν
1123 3438 1216 3493 τὸν
1248 3437 1504 3511 Μωῦσῆν.
1537 3439 1649 3495 Kal
1677 3440 1890 3494 δίδωσιν

312 3524 459 3594 αὐτῷ
485 3523 584 3594 τὴν
631 3522 907 3593 θυγατέρα
959 3520 1124 3576 αὑτοῦ
1173 3525 1443 3591 γυναῖκαο
1476 3524 1568 3576 καὶ
1615 3522 1769 3577 ἔτεκε
1810 3523 1891 3594 τῷ

311 3610 520 3679 Μωῦσῇ
546 3607 636 3661 τὸν
666 3608 883 3678 Γερσὲμ
908 3608 1003 3660 καὶ
1033 3607 1125 3661 τὸν
1164 3606 1424 3679 Ἐλιέζερ.
1457 3607 1803 3678 Ποιμαίνοντι
1832 3610 1889 3663 δὲ

312 3693 458 3765 αὐτῷ
486 3692 640 3747 λαλεῖ
667 3693 697 3744 6
727 3693 889 3755 Θεός·
924 3693 1013 3746 ὅτε
1037 3687 1221 3764 ἦλθεν,
1255 3690 1363 3745 εἶδε
1390 3692 1453 3746 τὸ
1482 3693 1576 3747 ἐπὶ
1597 3692 1697 3763 τῆς
1726 3693 1888 3764 βάτου

314 3777 517 3847 θαῦμα,
546 3776 636 3829 ὅτε
661 3776 897 3838 ἐκαίετο,
924 3776 1019 3828 καὶ
1046 3776 1109 3829 οὐ
1132 3775 1472 3831 κατεκαίετο.
1499 3774 1603 3830 Kal
1628 3776 1890 3832 ἀποστέλ-

314 3861 392 3913 ὶει
414 3859 576 3914 αὐτὸν
599 3861 678 3921 εἰς
704 3860 978 3927 Αἴγυπτον
1009 3857 1184 3928 λέγων
1202 3876 1216 3891 ο
1235 3854 1390 3921 Εἰπὲ,
1416 3858 1565 3929 Ἐγώ
1582 3861 1699 3931 εἰμι
1725 3864 1758 3916 ό
1782 3862 1886 3917 ὧν.

315 3944 609 3998 Κελεύεται
648 3943 704 3996 δὲ
743 3944 1069 4012 συναγαγεῖν
1104 3942 1206 4014 τὴν
1240 3942 1559 4014 γερουσίαν,
1592 3944 1687 3997 καὶ
1717 3943 1889 4010 οὕτως

314 4026 574 4081 εἰσελθεῖν
596 4026 732 4097 πρὸς
751 4024 971 4098 Φαραὼ,
989 4027 1083 4080 καὶ
1108 4026 1557 4099 παραγγεῖλαιτῷ
1579 4025 1712 4099 λαῷ,
1730 4029 1893 4100 ἡνίκα

311 4111 674 4181 ἀποτρέχουσι
698 4110 726 4151 ι)
754 4110 1064 4181 χρήσασθαι
1111 4109 1279 4182 σκεύη
1318 4110 1537 4182 ἀργυρᾶ
1580 4112 1672 4165 καὶ
1711 4115 1889 4183 χρυσᾶ

313 4195 467 4265 παρά
503 4192 613 4247 τῶν
649 4193 928 4263 γειτόνων.
960 4194 1072 4247 Καὶ
1101 4193 1316 4249 δίδωσιν
1354 4192 1504 4265 αὐτῷ
1535 4196 1738 4264 σημεῖα
1767 4197 1888 4247 τοῖα

314 4277 449 4348 πρὸς
482 4278 543 4330 τὸ
576 4277 970 4347 πιστευθῆναι,
1012 4276 1112 4347 τὴν
1158 4277 1371 4348 ῥάϐδον,
1414 4278 1449 4347 ἥ
1484 4279 1704 4346 γέγονεν
1744 4278 1885 4345 δφιςν

312 4365 409 4432 τὴν
459 4360 741 4413 ἀλλοίωσιν
797 4360 894 4429 τῆς
942 4361 1125 4430 χειρὸς
1180 4361 1377 4414 αὐτοῦ’
1426 4362 1613 4429 γέγονε
1659 4361 1765 4431 γὰρ
1813 4362 1889 4424 ὼς

313 4445 464 4514 χιὼν,
486 4446 578 4498 καὶ
606 4443 767 4495 πάλιν
791 4444 1211 4514 ἀποκατεστάθη
1232 4446 1308 4506 εἰς
1329 4444 1425 4513 τὴν
1449 4444 1655 4497 οἰκείαν
1676 4444 1884 4514 χροιὰν,

310 4530 369 4579 τὸ
417 4527 560 4598 ὕδωρ
610 4525 703 4579 τοῦ
750 4524 1017 4595 ποταμοῦ.
1065 4525 1326 4594 Ἐκχεεῖς
1369 4526 1478 4594 γὰρ
1528 4526 1629 4580 ἀπ’
1662 4528 1883 4593 αὐτοῦ,

310 4612 496 4681 ςέησὶν,
530 4609 627 4664 ἐπὶ
650 4609 764 4677 τὴν
792 4609 1003 4678 ξηρὰν,
1033 4610 1129 4663 καί
1160 4609 1330 4663 ἔσται
1359 4604 1521 4678 αἷμα.
1554 4611 1613 4664 '0
1641 4611 1695 4663 66
1728 4610 1886 4667 Μωῦ-

310 4696 411 4765 σῆς
441 4695 767 4766 παρῃτεῖτο·
812 4694 932 4746 τότε
984 4693 1258 4764 ὀργισθεὶς
1295 4695 1322 4746 6
1371 4692 1536 4760 Θεὸς,
1572 4694 1886 4759 συνέζευξεν

307 4779 457 4850 αὖτῴ
502 4779 589 4831 τὸν
630 4776 861 4849 ’Λαρὼν.
906 4777 1229 4848 ’Ᾱπὴγγειλε
1262 4777 1501 4847 Μωῦσῆς
1531 4776 1610 4849 τῷ
1639 4778 1885 4850 πενθερῷ

308 4861 472 4915 αὑτοῦ
497 4854 574 4926 τῷ
633 4861 820 4933 Ἰοθὸρ,
865 4863 946 4915 ὅτι
992 4861 1172 4931 μέλλει
1212 4862 1291 4924 εἰς
1328 4860 1603 4929 Αἴγυπτον
1642 4863 1881 4919 ἀπιέναι.

309 4946 417 4997 Kal
438 4944 857 5014 τελευτήσαντος
884 4943 977 4996 τοῦ
1010 4942 1271 5014 βασιλέως
1297 4941 1389 4995 τοῦ
1414 4942 1699 5015 ζητοῦντος
1719 4945 1882 4999 αὑτοῦ

308 5028 404 5098 τὴν
451 5027 661 5098 ψυχὴν,
708 5028 871 5098 φησὶν
922 5028 1072 5098 αὐτῷ
1106 5031 1134 5083 6
1186 5028 1340 5093 Θεὸς,
1385 5030 1467 5082 ὅτι
1500 5031 1758 5085 Εἴσελθε
1797 5032 1884 5097 εἰς

308 5112 634 5181 Λῖγυπτον.
666 5110 724 5163 ⁸0
754 5111 810 5163 δὲ
838 5110 905 5164 τὰ
942 5109 1126 5164 παιδία
1158 5112 1253 5164 καὶ
1287 5112 1386 5182 τὴν
1424 5115 1656 5180 γυναῖκα
1681 5112 1879 5179 λαϐὼν,

308 5193 479 5258 οὕτως
508 5193 699 5264 εἰσῄει.
736 5193 825 5245 Διὸ
851 5192 1004 5265 [527]
1039 5195 1134 5247 καὶ
1162 5194 1393 5263 ἄγγελος
1425 5195 1675 5264 φαίνεται
1703 5196 1883 5266 φοϐῶν

369 5323 395 5351 ⁸
420 5320 584 5371 Codex
607 5319 952 5384 Lugdqnegsis
982 5322 1054 5384 sic
1072 5320 1294 5384 desjnil;
1319 5319 1649 5384 ἐπανέρχονται
1670 5323 1716 5377 ἐξ
1740 5323 1885 5384 Αἰγύ-

307 5400 429 5431 πτου
450 5380 711 5445 ἀνενεγκεῖν
733 5380 879 5430 αὐτοῦ
896 5384 955 5430 τὰ
981 5383 1118 5430 ὀστᾶ.
1154 5381 1223 5445 ⁸07
1238 5383 1288 5429 δέ
1313 5380 1529 5445 ἀπέθανε.
1554 5384 1761 5442 Ἕθηκαν
1796 5380 1883 5434 αύ-

308 5450 402 5491 τών
436 5442 713 5507 παιοςίεἱο)
736 5446 785 5493 ἐν
820 5450 880 5506 τῇ
921 5447 1052 5508 σορῷ
1086 5446 1173 5502 τὴν
1209 5444 1257 5491 ἐν
1300 5442 1539 5507 Αἰγύπτῳ.
1586 5445 1673 5494 llic
1696 5448 1881 5509 aliquid

309 5514 522 5555 vrralnm
538 5510 812 5555 vitiumque
836 5512 931 5555 est.

309 5524 522 5554 s-rralnm
539 5524 812 5554 Vluumuue
836 5524 931 5554 εει.

370 5521 522 5555 ramm
538 5521 812 5569 vultumque
836 5521 931 5555 εει.

370 5568 397 5605 h
416 5570 506 5617 llic
524 5569 726 5618 omnino
772 5570 1036 5632 legendum
1071 5569 1153 5617 καὶ
1174 5568 1481 5632 παραγγεῖλαι
1503 5570 1573 5631 τῷ
1597 5569 1717 5632 λαῷ,
1741 5574 1881 5629 ἡνίκα

309 5631 625 5693 ἀποτρέχωσι,
648 5639 703 5680 et
723 5634 793 5681 sic
819 5631 965 5683 habet
994 5631 1329 5694 Lugdunensis
1354 5633 1527 5681 codex.
1554 5631 1881 5685 Iloisl'inianus

312 5701 426 5737 vero
448 5695 527 5741 καὶ
547 5696 848 5755 παρήγγειλε.

1008 231 1062 285 S.
1088 230 1369 288 JOANNIS
1405 228 1888 289 CHRYSOSTOMI
1924 228 2244 289 ARCIIIEP.
2282 232 2830 294 CONSTANTINOP.

2005 346 2188 400 αὐτόν.
2218 347 2294 399 Οὐ
2328 345 2437 416 γὰρ
2463 347 2551 400 διὰ
2580 348 2682 419 τὴν
2714 347 3018 419 περιτομὴν
3044 349 3125 418 (εἰ
3152 348 3261 420 γὰρ
3286 348 3389 419 τῆς
3422 367 3583 420 περι-

1998 430 2172 501 τομῆς
2215 431 2433 493 ἒνεκεν,
2488 432 2657 504 ἐχρῆν
2702 433 2778 502 μὴ
2830 433 3096 505 πρότερον
3143 433 3440 505 ἀναστῆναι
3470 433 3583 503 ,τὸν

1999 513 2246 581 ἄγγελον,
2266 513 2371 576 ἕως
2401 507 2463 569 οὗ
2491 514 2586 568 καὶ
2610 514 2704 568 τὸν
2728 516 2917 585 ἕτερον
2937 517 3261 587 περιέτεμεν
3288 518 3321 585 ἡ
3346 516 3581 587 μήτηρ),

1998 597 2113 651 ἀλλ’
2143 597 2284 669 ὑπὲρ
2307 598 2404 651 τοῦ
2439 598 2515 668 μὴ
2553 598 2655 668 τὴν
2684 601 2921 667 γυναῖκα
2960 599 3146 652 λαϐεῖν
3176 600 3256 662 εἰς
3278 602 3583 666 Αίγυπτον.

1999 682 2075 734 Οὐ
2110 682 2218 752 γὰρ
2259 683 2476 753 οἰκῆσαι
2516 683 2635 735 ἐκεῖ
2664 682 2975 753 ἐπέμπετο,
3006 682 3123 737 ἀλλ’
3158 684 3449 751 ἐξαγαγεῖν
3487 679 3587 734 τὸν

2012 765 2263 836 Ἰσραήλ’
2300 767 2438 837 ὅπερ
2476 766 2572 819 καὶ
2609 767 2771 831 αὐτὸς
2807 766 3055 831 συνιδὼν,
3091 767 3288 838 ἀφίησι
3335 767 3436 837 τὴν
3483 782 3597 839 γυέ

1998 851 2178 903 ναῖκα.
2207 850 2317 903 Καὶ
2344 850 2507 904 πόθεν
2532 850 2689 919 δῆλον
2713 852 2794 903 ὅτι
2820 852 3067 920 ἀφῆκεν;
3093 850 3402 905 Ἀπελθόντι
3427 848 3584 918 αὐτῷ

1998 933 2057 999 ἐξ
2102 933 2377 1005 Αἰγύπτου
2407 936 2621 1006 ἀπαντᾷ
2649 934 2786 1004 μετά
2814 934 2911 1004 τῆς
2941 934 3197 1003 γυναικὸς
3245 936 3275 989 6
3315 932 3584 1002 πενθερὸς

2011 1010 2197 1084 Ἰοθόρ.
2238 1014 2511 1085 Ἔρχεται
2543 1012 2753 1081 Ἀαρὼν
2796 1015 2933 1084 πρὸς
2969 1013 3224 1084 Μωῦσῆν,
3260 1013 3354 1068 καὶ
3394 1012 3582 1083 ἀμφόα-

1996 1113 2143 1168 τεροι
2183 1098 2488 1167 συνήγαγον
2527 1097 2625 1168 τὴν
2662 1096 2951 1169 γερουσίαν
2992 1098 3225 1170 Ἰσραὴλ,
3258 1098 3350 1150 καὶ
3397 1098 3584 1167 ἀπήγ-

1997 1180 2183 1247 γειλαν
2221 1180 2406 1244 αὐτοῖς
2448 1179 2518 1233 τά
2558 1180 2710 1251 παρὰ
2741 1180 2833 1233 τοῦ
2868 1180 3004 1234 Θεοῦ
3029 1198 3042 1210 ⁸
3084 1184 3132 1235 οἱ
3167 1182 3224 1235 66
3272 1182 3579 1253 ἐχάρησαν.

2009 1262 2095 1326 Ὡς
2127 1263 2183 1316 66
2220 1264 2313 1317 καὶ
2346 1263 2482 1335 πρὸς
2515 1264 2605 1317 τὸν
2637 1263 2835 1335 Φαραὼ
2885 1264 3153 1336 εἰσῆλθον,
3193 1266 3287 1318 καὶ
3325 1264 3582 1317 ἐκέλευον

1997 1344 2411 1410 ἐξαποστέλλειν
2442 1348 2533 1401 τὸν
2571 1347 2719 1411 λαὸν,
2747 1348 2809 1399 οὐ
2850 1347 3008 1418 μόνον
3036 1349 3138 1401 οὐκ
3170 1344 3311 1413 εἶξεν
3342 1349 3371 1401 6
3415 1348 3577 1418 βασι-

1996 1428 2141 1495 λεὺς,
2171 1429 2307 1485 ἀλλά
2332 1432 2427 1484 καὶ
2466 1429 2626 1483 πλέον
2653 1429 2902 1483 ἐκάκωσε
2931 1431 3057 1495 τοὺς
3098 1431 3455 1502 Ἰσραηλίτας,
3487 1449 3580 1484 κεν

1996 1513 2195 1578 λεύσας
2234 1515 2310 1586 μὴ
2339 1513 2576 1567 δίδοσθαι
2612 1514 2795 1577 αὐτοῖς
2838 1512 3058 1586 ἀχυρον,
3096 1514 3211 1568 ἀλλ’
3243 1516 3440 1579 αὐτοὺς
3481 1517 3581 1583 ἀφ’

1996 1597 2204 1650 ἑαυτῶν
2234 1597 2497 1669 πορίζειν.
2525 1597 2612 1661 Ὧς
2641 1596 2698 1651 66
2722 1597 3125 1668 ἐμαστίχθησαν
3154 1599 3205 1652 οἱ
3226 1601 3580 1670 γραμματεῖς

1994 1679 2081 1733 διὰ
2109 1679 2171 1733 τὸ
2204 1678 2279 1751 μὴ
2303 1680 2641 1751 πληροῦσθαι
2671 1680 2733 1733 τὸ
2763 1680 2943 1751 ἔργον,
2976 1681 3222 1752 ἐνέτυχον
3248 1682 3325 1753 τῷ
3350 1682 3576 1753 Φαραὼ,

1995 1766 2089 1819 καὶ
2125 1765 2277 1820 οὐδὲν
2312 1764 2549 1836 ὤνησαν.
2594 1764 2891 1819 Κατεϐόων
2912 1765 3095 1819 λοιπὸν
3127 1765 3222 1819 τοῦ
3259 1767 3577 1829 Μωῦσέως’

1996 1848 2088 1902 xal
2122 1848 2284 1903 πάλιν
2323 1848 2713 1902 ἀποστέλλεται
2742 1848 2877 1920 πρὸς
2922 1850 3048 1912 τοὺς
3093 1849 3455 1923 Ἰσραηλίτας,
3487 1850 3581 1901 εὐ-

1995 1932 2416 2003 αγγελιζόμενος
2446 1932 2624 1988 αὐτῶν
2654 1931 2753 2004 τὴν
2795 1931 2993 1999 ἔξοδον.
3031 1934 3096 1986 Ol
3123 1933 3181 1986 66
3214 1934 3314 1987 οὐκ
3336 1932 3578 2003 ἥκουσαν

1995 2016 2274 2080 Μωῦσέως
2303 2016 2411 2070 ἀπὸ
2453 2017 2553 2084 τῆς
2576 2015 2933 2085 ὀλιγοψυχίας
2960 2014 3160 2069 αὐτῶν.
3194 2016 3458 2070 Ἐνταῦθα
3481 2033 3611 2085 γε·⁸

1994 2099 2330 2168 νεαλογεῖται
2354 2100 2614 2171 Μωῦσῆς,
2645 2100 2737 2154 καί
2769 2118 2935 2172 φησιν
2966 2102 3116 2173 αὑτῷ
3138 2104 3168 2155 6
3190 2101 3355 2164 Θεόςο
3386 2101 3577 2156 Λέδω-

1994 2182 2072 2236 κά
2099 2198 2176 2238 σε
2203 2183 2341 2238 θεὸν
2367 2181 2448 2249 τῷ
2481 2184 2718 2253 Φαραώ·
2751 2185 2845 2238 καὶ
2884 2184 3206 2239 ἀποστέλλει
3237 2184 3401 2240 αὐτὸν
3438 2186 3578 2258 πρὸς

1993 2265 2212 2339 Φαραὼ,
2245 2265 2509 2331 κελεύσας
2541 2266 2807 2332 ἐπιδεῖξαι
2850 2270 3110 2339 σημεῖον,
3155 2270 3204 2322 εἰ
3238 2268 3517 2338 αἰτήσειεν
3550 2271 3578 2319 6

1995 2349 2265 2419 βασιλεὺς,
2287 2350 2349 2403 τὸ
2375 2350 2476 2420 τῆς
2506 2350 2703 2419 ῥάϐδου
2729 2351 2829 2421 τῆς
2857 2354 2936 2414 εἰς
2954 2351 3076 2420 ὅφιν
3099 2352 3454 2423 στραφείσης.
3490 2352 3577 2415 Ὡς

1991 2434 2050 2487 δέ
2081 2433 2298 2502 ἐγένετο
2326 2434 2360 2504 ἡ
2393 2433 2588 2505 ῥάϐδος
2621 2434 2766 2503 ὄφις,
2797 2434 2893 2487 καὶ
2923 2435 3026 2489 οὐκ
3061 2431 3188 2500 εἶξε,
3215 2436 3481 2506 τρέπεται
3515 2438 3576 2490 τὸ

1994 2516 2134 2587 ὓδωρ
2159 2516 2251 2570 τοῦ
2282 2516 2528 2587 ποταμοῦ
2557 2517 2637 2581 εἰς
2663 2512 2823 2588 αἷμα,
2854 2518 3157 2590 πληροῦται
3190 2520 3222 2591 ἡ
3262 2519 3334 2589 γῆ
3368 2519 3575 2594 βατράο

1993 2618 2103 2670 χων
2124 2617 2137 2629 ·
2162 2596 2283 2654 εἶτα
2321 2602 2544 2665 σκνῖπες
2576 2601 2829 2671 ἐπῆλθον,
2864 2597 2983 2655 εἶτα
3016 2603 3050 2673 ἡ
3080 2604 3366 2676 κυνόμυια,
3398 2600 3520 2659 εἶτα
3547 2608 3577 2658 6

1994 2684 2219 2748 θάνατος
2243 2685 2349 2738 τῶν
2388 2684 2622 2755 κτηνῶν,
2652 2680 2773 2741 εἶτα
2810 2686 2867 2739 αἰ
2906 2686 3209 2757 φλυκτίδες,
3243 2681 3362 2743 εἶτα
3394 2692 3430 2760 ἡ
3476 2691 3576 2761 χά-

1993 2768 2129 2834 λαζα
2160 2770 2255 2820 καὶ
2280 2768 2341 2822 τὸ
2367 2766 2498 2839 πῦρ,
2528 2764 2647 2822 εἶτα
2678 2771 2711 2840 ὴ
2734 2770 2914 2842 ἀκρὶς.
2946 2770 3039 2825 καὶ
3066 2771 3128 2825 τὸ
3159 2772 3349 2837 σκότος
3375 2774 3438 2828 τὸ
3463 2775 3576 2848 ψη-

1992 2852 2250 2922 λαφητόν.
2293 2852 2381 2916 Ὠς
2413 2851 2470 2904 66
2512 2852 2745 2923 ῆμελλεν
2772 2853 2799 2905 6
2831 2852 2941 2907 τῶν
2970 2856 3331 2925 πρωτοτόκων
3371 2857 3577 2927 ἐπάγει

1994 2928 2118 2989 σθαι
2175 2935 2439 3002 θάνατος,
2493 2936 2803 2991 κελεύονται
2854 2937 3010 2992 θῦσαι
3052 2939 3325 3012 πρόϐατον
3367 2942 3575 3013 ἀρσεν,

1991 3019 2243 3089 ἄμωμον,
2271 3019 2365 3072 καὶ
2406 3020 2592 3090 χρῖσαι
2621 3019 2720 3085 τάς
2769 3019 2929 3091 φλιάς
2966 3020 3045 3093 τῷ
3087 3024 3278 3092 αἵματι
3302 3041 3317 3055 ο
3357 3025 3418 3079 οὐ
3463 3026 3578 3099 γὰρ

1990 3101 2309 3157 ἀπολεῖσθαι
2340 3104 2468 3167 τοὺς
2506 3104 2667 3167 ὄντας
2697 3105 2756 3159 ἐν
2781 3106 2848 3177 τῇ
2877 3105 3044 3176 οἰκίᾳ,
3078 3106 3135 3158 ἐν
3246 3106 3311 3161 ἂν
3340 3108 3399 3161 τὸ
3432 3104 3576 3180 αἷμα

1989 3180 2058 3257 ἦν
2088 3184 2151 3258 [ί.
2261 3184 2355 3239 τοῦ
2383 3186 2578 3257 ἀμνοῦ.
2610 3187 2745 3242 Τότε
2778 3189 2875 3241 καὶ
2904 3188 3014 3242 τῶν
3044 3189 3183 3243 ἐπτά
3208 3191 3429 3262 ἡμερῶν
3461 3193 3575 3247 τῶν

1990 3268 2218 3340 ἀζύμων
2244 3270 2427 3333 αὐτοῖς
2444 3268 2722 3340 νομοθετεῖ
2740 3287 2753 3301 σ
2780 3270 2884 3324 κᾶν
2909 3270 3224 3327 εἰσέλθωσιν
3242 3275 3322 3338 εἰς
3345 3276 3444 3346 τὴν
3465 3275 3575 3347 γῆν

1992 3354 2091 3424 τῆς
2109 3352 2462 3422 ἐπαγγελίας,
2485 3354 2776 3422 φυλάττειν
2803 3354 3015 3409 κελεύει
3038 3355 3133 3426 τὴν
3154 3356 3424 3429 λατρείαν.
3446 3359 3578 3414 Κᾶν

1991 3436 2378 3505 ἐρωτήσωσιν
2405 3436 2561 3506 ὑμᾶς
2591 3437 2708 3492 υίοί
2739 3438 2926 3508 ὑμῶν,
2961 3439 3115 3510 φησὶ,
3142 3439 3353 3509 ἐρεῖτε·
3379 3444 3577 3497 Θυσίσ

1992 3519 2061 3574 τὸ
2088 3518 2298 3590 πάσχα
2336 3520 2514 3576 τοῦτο
2547 3524 2759 3590 Κυρίῳ.
2797 3523 2886 3586 Ὠς
2922 3523 2980 3577 δέ
3011 3524 3151 3577 κατά
3183 3524 3244 3578 τὸ
3280 3524 3440 3595 μέσον
3469 3526 3578 3597 τῆς

1992 3601 2186 3668 νυκτὸς
2217 3604 2466 3659 ἀπώλετο
2491 3604 2560 3659 τά
2619 3606 2940 3678 πρωτότοκα
2966 3605 3075 3662 τῶν
3105 3608 3435 3676 Αἰγυπτίων,
3470 3612 3576 3664 ἀπ-

1992 3688 2199 3759 ήλασαν
2219 3688 2346 3752 τοὺς
2374 3688 2716 3760 Ἰσραηλίτας
2738 3691 2836 3760 τῆς
2865 3690 3236 3760 Αἰγύπτου.οί
3250 3692 3307 3746 66
3321 3692 3570 3765 ἐξῆλθον,

1992 3771 2246 3833 λαϐόντες
2275 3772 2344 3825 τὰ
2378 3772 2550 3842 σκεύη
2582 3772 2651 3827 τά
2684 3773 2905 3845 ἀργυρᾶ
2935 3775 3031 3829 καὶ
3060 3777 3257 3847 χρυσᾶ,
3280 3778 3373 3830 καὶ
3397 3778 3573 3833 πολὺν

1992 3854 2119 3909 λαὸν
2158 3854 2275 3925 μετ’
2309 3855 2490 3909 αὐτῶν
2513 3855 2823 3927 ἐπίμικτον,
2856 3858 2950 3912 καὶ
2984 3859 3253 3931 πρόϐατα,
3285 3860 3380 3915 καὶ
3413 3859 3571 3931 βόας,

1992 3939 2088 3993 καὶ
2121 3940 2315 4011 κτήνη.
2360 3940 2425 3993 Ἡ
2465 3939 2523 3994 66
2550 3941 2869 4012 κατοίκησις
2913 3943 3020 3996 τῶν
3051 3944 3183 3998 υίῶν
3237 3945 3471 4018 Ἰσραὴλ,
3501 3948 3573 4020 ἢν

1993 4022 2321 4094 κατῴκησαν
2354 4023 2509 4078 αὐτοὶ
2541 4026 2637 4078 καὶ
2662 4025 2713 4078 οἰ
2745 4026 2978 4097 πατέρες
3008 4027 3184 4082 αὐτῶν
3217 4030 3276 4083 ἐν
3305 4033 3375 4101 γῇ
3403 4030 3573 4100 Δίγύ-

1991 4124 2132 4178 πτῳ,
2164 4106 2259 4160 καὶ
2284 4107 2344 4160 ἐν
2375 4110 2446 4179 γῇ
2477 4108 2721 4173 Χαναὰν,
2756 4109 2849 4180 ἐτη
2893 4112 3219 4182 τετρακόσια
3254 4115 3568 4184 τριάκοντα.

1998 4189 2104 4246 Καὶ
2136 4190 2306 4245 εἶπεν
2332 4193 2364 4245 ό
2406 4192 2549 4257 Θεός
2575 4207 2587 4219 ·
2638 4192 2869 4259 Ἀνάθες
2897 4194 2993 4246 καί
3024 4194 3279 4265 ἀγίασόν
3304 4215 3401 4265 μοι
3440 4197 3572 4254 πᾶν

1991 4273 2366 4341 πρωτότοκον
2404 4274 2522 4328 ἀπὸ
2553 4273 2867 4343 ἀνθρώπου
2903 4276 3013 4342 ἕως
3041 4278 3324 4347 κτήνους,
3350 4280 3430 4333 ὅτι
3458 4283 3570 4336 ἀπ-

1991 4354 2197 4408 ἐκτεινε
2244 4356 2312 4410 τὰ
2358 4355 2682 4425 πρωτόκοκα
2740 4357 3071 4426 Αἰγυπτίων.
3119 4361 3233 4415 Οὐκ
3284 4362 3459 4433 ἤγαγε
3510 4367 3569 4420 δὲ

1990 4437 2186 4503 αὐτοὺς
2219 4438 2307 4492 διὰ
2334 4438 2682 4509 Φυλιστιεὶμ,
2725 4440 2811 4493 ἵνα
2857 4442 2930 4512 μὴ
2975 4444 3378 4515 μετανοήσωσιν
3408 4446 3567 4520 [δεδι

1992 4522 2191 4585 ἰδόντες
2236 4521 2502 4592 πόλεμον,
2555 4522 2650 4575 καὶ
2680 4524 3092 4595 ἀποστρέψωσιν
3138 4530 3215 4593 εἰς
3255 4530 3566 4599 Αἴγυπτον,

1988 4603 2125 4658 ἀλλά
2151 4603 2241 4657 διὰ
2273 4605 2374 4675 τῆς
2419 4604 2705 4676 Ἐρυθρᾶς.
2748 4608 2980 4681 Πέμπτῃ
3004 4606 3059 4660 δὲ
3089 4612 3249 4682 γενεᾷ
3291 4612 3567 4684 ἀνέϐησαν

1988 4687 2093 4740 υἱοὶ
2137 4686 2352 4760 Ἰσραὴλ
2405 4687 2464 4755 ἐξ
2518 4688 2829 4757 Αἰγύπτου·
2866 4692 2959 4743 καὶ
2999 4691 3157 4744 ἔλαϐε
3205 4694 3442 4766 Μωῦσῆς
3495 4699 3569 4751 τὰ

1986 4772 2120 4854 ὀστᾶ
2151 4771 2371 4854 Ἰωσήφ.
2415 4772 2629 4844 Ὠδήγει
2666 4773 2722 4826 δὲ
2750 4774 2778 4825 6
2817 4774 2949 4837 Θεὸς
2992 4773 3082 4827 τὸν
3126 4776 3341 4849 Ἰσραὴλ
3393 4780 3567 4854 στόλῳ

1986 4853 2157 4928 πυρὸς
2192 4853 2291 4925 τὴν
2334 4854 2524 4920 νύκτα,
2575 4856 2670 4908 καὶ
2714 4856 2882 4926 στόλῳ
2929 4858 3157 4929 νεφέλης
3191 4861 3290 4931 τὴν
3327 4862 3562 4933 ἡμέραν.

1998 4939 2084 4999 Ὠς
2113 4937 2169 4990 δὲ
2201 4937 2522 5004 κατεδίωξεν
2554 4939 2583 4990 6
2621 4939 2822 5012 Φαραὼ
2871 4940 3286 5014 μεταμεληθεὶς,
3328 4944 3565 5014 ἐπάταξε

1983 5019 2081 5090 τὴν
2131 5019 2404 5074 θάλασσαν
2458 5022 2701 5092 Μωῦσῆς
2752 5025 2817 5094 τῇ
2878 5023 3091 5093 ῥάϐδῳ,
3156 5026 3248 5079 καὶ
3299 5025 3589 5100 διῃρέθη·’

1984 5102 2362 5174 παρελθόντων
2388 5104 2446 5157 δὲ
2467 5104 2576 5159 τῶν
2618 5108 2986 5177 Ἰσραηλιτῶν,
3027 5109 3255 5180 συνῆλθε
3290 5112 3432 5164 κατά
3453 5114 3567 5167 τῶν

1983 5186 2314 5257 Αἰγυπτίων,
2352 5189 2446 5242 καὶ
2479 5191 2868 5245 κατεπόντισεν
2899 5192 3114 5257 αὐτούς.
3138 5195 3244 5246 Καὶ
3275 5190 3373 5268 ᾖσε
3395 5196 3566 5251 Muta-

1992 5270 2092 5342 σῆς
2123 5272 2222 5343 τὴν
2248 5272 2423 5343 ᾠδὴν,
2459 5271 2560 5346 ᾖσε
2600 5275 2658 5328 δὲ
2692 5275 2787 5329 καὶ
2828 5276 3063 5347 Μαριὰμ
3122 5278 3260 5347 μετά
3312 5278 3422 5331 τῶν
3463 5297 3564 5350 γυο

1985 5363 2205 5418 ναικῶν.
2235 5360 2440 5419 Ἦλθον
2465 5369 2545 5430 εἰς
2570 5368 2825 5439 Μαρῤἀς,
2850 5368 2976 5423 ἔνθα
3006 5371 3199 5441 πικρὸν
3218 5366 3366 5442 ἦντὸ
3389 5371 3561 5445 ὕδωρ,

1984 5449 2076 5502 καὶ
2120 5448 2418 5516 ἐγλύκανεν
2455 5451 2589 5504 αὐτὸ
2630 5454 2870 5524 Μωῦσῆς
2906 5454 2996 5506 διὰ
3021 5456 3116 5507 τοῦ
3151 5454 3333 5521 ξύλου.
3355 5453 3564 5513 Ἦλθον

1985 5530 2112 5584 ἔνθα
2166 5531 2373 5586 δώδεκα
2425 5536 2598 5605 πηγαὶ
2651 5536 2745 5590 κάὶ
2780 5538 3016 5607 φοίνικες
3057 5538 3106 5591 οἱ
3153 5539 3560 5612 ἐϐδομήκονταο

1982 5615 2093 5699 666
2128 5616 2291 5681 τόπος
2336 5617 2522 5690 Ἐλεὶμ
2569 5620 2805 5689 ἐλέγετο.
2844 5617 3046 5677 Ἦλθον
3077 5623 3288 5677 ἐκεῖθεν
3333 5627 3413 5689 εἰς
3460 5627 3560 5699 τὴν

1986 5698 2187 5769 ἔρημον
2244 5700 2348 5755 άνά
2397 5702 2562 5773 μέσον
2608 5706 2793 5777 Ἑλείμ
2834 5709 2925 5761 καὶ
2972 5708 3119 5762 Σινά.
3164 5707 3295 5761 Τότε
3332 5698 3561 5781 ἐγόγγύ..
