3720 6274
60 309 169 366 525

58 422 203 479 ﬁlios
230 421 489 492 Epltraim
515 434 680 489 usque
708 419 773 473 ad
802 417 1011 472 tertiam
1042 419 1467 487 generationem.
1505 416 1645 471 Divit

59 528 227 583 porro
259 511 513 566 fratribus
540 511 653 564 suis
683 527 696 564 :
740 508 1031 563 Visitatione
1060 507 1275 563 visitabit
1303 521 1389 562 vos
1420 504 1578 570 Deus,
1606 516 1652 560 rt

55 606 266 660 inducet
290 622 378 658 vos
405 606 455 657 in
477 612 662 658 terram
689 602 1053 673 promissionis,
1095 617 1247 671 quam
1268 601 1460 672 jurovit
1488 601 1649 669 putri-

57 700 157 753 bus
192 698 384 750 nostris
426 712 477 749 se
514 695 753 748 daturum
789 695 880 747 eis.
916 692 979 747 Et
1007 692 1160 747 simul
1198 693 1449 747 vobiscum
1486 695 1653 761 feretis

56 804 174 843 ossa
200 804 315 840 mea
345 784 509 859 (ben.
543 786 631 840 50.
664 786 735 839 24
758 784 802 852 ).
831 784 961 838 Cum
989 784 1210 838 vixisset
1227 792 1441 838 centum
1473 782 1646 847 annis,

56 879 308 949 sepultus
338 886 419 933 est
445 878 497 933 iu
528 877 703 933 loculo
734 877 784 929 in
813 876 1062 948 Aigypto.

626 983 866 1025 SYNOPSIS
906 982 1080 1027 BXODI.

131 1064 447 1135 Exsurgens
479 1063 530 1116 in
566 1060 799 1133 IEgypto
835 1076 929 1117 rex
968 1060 1057 1131 qui
1095 1058 1385 1128 Josepbum
1416 1074 1520 1114 non
1553 1075 1650 1114 no-

59 1165 248 1220 verat,
299 1155 563 1210 lsraelitas
596 1153 785 1208 afﬂixit
825 1154 877 1207 in
926 1153 1038 1207 Iuto
1084 1161 1138 1207 et
1170 1152 1357 1207 latere.
1394 1151 1653 1221 Prmcepit

58 1252 220 1307 etiam
254 1249 651 1313 obstetricibus,
694 1256 751 1303 ut
788 1248 1093 1303 occiderent
1131 1246 1396 1301 masculos
1441 1246 1651 1300 Israeli«

62 1353 277 1407 tarum;
304 1351 364 1396 ut
400 1351 578 1396 autem
626 1339 732 1395 illa:
772 1354 879 1394 non
923 1348 1231 1408 paruerunt,
1267 1338 1400 1393 illud
1448 1337 1651 1391 facinus

61 1434 258 1503 populo
281 1433 570 1488 commisit.
618 1427 1646 1499 TuncnasciturMoysesextribuLevi,

62 1536 107 1581 et
133 1534 503 1595 exposuerunt
532 1539 653 1580 eum
684 1533 930 1592 parentes
975 1523 1027 1577 in
1066 1522 1265 1577 arcula.
1312 1520 1650 1578 Descendens

63 1634 186 1672 vero
220 1618 327 1672 lilia
377 1616 688 1681 Pharaonis,
727 1615 973 1671 eductum
1006 1615 1260 1669 infantem
1308 1613 1648 1668 nutriendum

65 1709 296 1763 tradidit.
324 1706 460 1763 Cum
483 1710 535 1761 in
562 1708 732 1761 virum
760 1706 1018 1762 crevisset
1044 1705 1273 1775 Moyses,
1294 1719 1542 1774 egressus
1565 1712 1648 1759 est

65 1800 285 1854 adlilios
310 1797 499 1855 Israel.
530 1798 602 1854 Ut
630 1808 806 1853 autem
850 1797 1085 1851 laborem
1112 1812 1296 1852 eorum
1340 1794 1642 1850 considera-

65 1892 165 1956 bat,
190 1890 328 1946 vidit
352 1890 683 1961 Egyptium,
717 1889 805 1959 qui
831 1888 1111 1945 lIebrmum
1141 1888 1475 1954 verberabat,
1501 1903 1652 1943 eum-

64 1999 159 2052 que
184 1982 313 2045 hinc
350 1983 473 2037 inde
500 1981 847 2052 respexisset,
886 1980 1155 2034 neminem
1182 1978 1343 2043 vidit;
1368 1992 1647 2047 percusso-

68 2058 168 2143 que
194 2072 468 2145 Egyptio,
490 2072 771 2129 abscondit
798 2072 942 2127 illum
972 2072 1025 2127 in
1059 2085 1243 2127 arena.
1277 2072 1533 2142 Egressus
1564 2071 1649 2127 die

62 2172 325 2235 sequenti,
353 2165 484 2218 vidit
512 2163 765 2220 Hebraeos
794 2163 927 2219 duos
965 2178 1087 2218 sese
1124 2171 1310 2217 mutuo
1356 2163 1648 2217 verberan-

65 2266 175 2321 tes,
212 2256 479 2326 alterique
516 2255 649 2310 dixit
681 2272 695 2311 :
724 2254 828 2310 Cur
875 2254 1104 2308 verberas
1156 2254 1488 2323 proximum?
1531 2253 1647 2306 Infit

65 2348 183 2405 ille:
221 2348 352 2415 Quis
378 2358 425 2402 te
462 2349 717 2403 constituit
746 2348 1025 2418 principem
1062 2358 1108 2402 et
1125 2348 1353 2417 judicent
1382 2348 1647 2402 nostrum?

65 2458 124 2493 an
150 2441 381 2495 occidere
407 2457 485 2495 me
507 2441 601 2506 vis,
639 2450 694 2494 ut
735 2440 843 2494 lteri
887 2439 1192 2511 Egyptiunt
1240 2438 1432 2511 (Exod.
1463 2440 1519 2494 2.
1558 2441 1643 2495 l3.

68 2536 185 2605 tl)?
226 2534 432 2590 Timuit
480 2549 612 2606 ergo
663 2534 890 2606 Moyses,
940 2535 1251 2605 Pharaoque
1291 2549 1404 2589 rem
1442 2542 1647 2605 gestam

66 2626 279 2690 audivit,
319 2640 385 2681 ac
424 2625 696 2696 quaerebat
751 2625 1053 2681 interficere
1096 2625 1353 2697 Moysem.
1407 2625 1649 2681 Metuens

68 2716 269 2788 Moyses
297 2716 524 2772 secessit
552 2716 603 2770 in
639 2716 863 2771 Madiam
900 2734 912 2769 :
945 2716 1185 2787 juvitque
1231 2716 1467 2772 Jothoris
1512 2716 1647 2772 filias

67 2810 128 2863 ad
155 2810 482 2880 aquandum.
529 2808 638 2863 Illae
682 2824 795 2864 rem
831 2818 1034 2880 gestam
1065 2812 1198 2879 patri
1249 2810 1643 2879 nuntiaverunt,

67 2902 127 2957 ad
154 2918 385 2973 eumque
405 2901 677 2958 adduxere
706 2902 959 2974 Moysem.
986 2902 1176 2959 Jotbor
1209 2903 1354 2959 dedit
1381 2904 1456 2962 illi
1481 2905 1645 2959 tiliam

68 3009 210 3048 suam
241 2995 296 3049 in
345 3009 568 3048 uxorem
602 3010 616 3048 :
648 3000 703 3049 et
743 2994 948 3064 peperit
987 2994 1075 3048 illa
1120 2993 1284 3065 Moysi
1336 2993 1559 3050 Gcrsem
1593 3004 1649 3050 ct

72 3086 289 3141 Elicser.
345 3086 449 3156 Ipsi
491 3100 680 3155 greges
732 3086 965 3155 pascenti
1018 3085 1251 3156 loquitur
1301 3085 1473 3150 Deus;
1526 3100 1645 3141 cum

70 3177 304 3245 accessit,
332 3176 465 3231 vidit
488 3178 542 3231 in
581 3175 717 3230 rubo
758 3176 1073 3231 miraculum
1115 3174 1264 3240 illud,
1304 3191 1427 3233 cum
1465 3193 1649 3233 urere-

72 3278 225 3327 turet
254 3284 362 3323 non
407 3269 834 3325 combureretur.
884 3268 949 3324 Et
992 3269 1155 3324 mittit
1209 3270 1358 3325 illum
1411 3270 1551 3327 Deus
1592 3272 1644 3326 in

75 3358 345 3430 digyptum
384 3359 609 3415 dicens:
645 3360 737 3415 Dic
785 3358 877 3433 [de
920 3360 1050 3433 me],
1102 3360 1219 3431 Ego
1263 3377 1374 3416 sum
1421 3364 1508 3432 qui
1534 3379 1648 3423 sum

75 3452 257 3519 (Exod.
288 3452 344 3508 3.
375 3453 489 3522 14).
522 3452 745 3509 iubetur
776 3469 1102 3524 congregare
1126 3456 1397 3510 seniorum
1426 3465 1646 3524 emtum,

77 3553 120 3598 et
150 3546 222 3599 sic
248 3546 451 3600 intrare
493 3545 559 3599 ad
601 3545 955 3613 Pharaonem,
1003 3547 1399 3619 praecipereque
1430 3549 1643 3619 populo,

79 3646 120 3687 ut
147 3650 262 3690 eum
287 3635 627 3707 aufugerent,
664 3652 787 3692 vasa
835 3646 1085 3707 argentea
1128 3647 1182 3695 et
1235 3654 1396 3696 aurea
1443 3649 1649 3695 mutua-

82 3736 248 3780 rentur
286 3741 317 3780 a
358 3727 570 3782 vicinis.
620 3728 823 3799 Datque
872 3730 945 3784 illi
1003 3731 1123 3785 talia
1160 3731 1307 3802 signa
1338 3742 1395 3788 ut
1438 3733 1570 3790 fides
1598 3734 1647 3789 ei

84 3818 371 3885 haberetur,
404 3820 607 3891 virgam
643 3837 761 3892 qua:
803 3837 954 3877 versa
987 3824 1147 3879 estin
1173 3832 1497 3894 serpentem,
1533 3844 1647 3882 mu—

83 3913 313 3974 tationem
343 3928 535 3973 manus
563 3929 706 3981 suae;
749 3915 884 3972 facta
910 3917 1105 3987 quippe
1129 3926 1211 3972 est
1235 3919 1354 3973 alba
1392 3919 1529 3974 sicut
1555 3921 1647 3975 nix

82 4004 155 4070 (ex
185 4005 377 4074 lepra),
399 4014 454 4060 et
482 4021 691 4060 rursum
719 4008 961 4063 restituta
991 4017 1073 4064 est
1101 4009 1154 4064 in
1187 4010 1466 4079 pristinmn
1498 4014 1648 4068 colo-

84 4109 212 4161 rem;
237 4111 429 4166 aquam
458 4097 582 4157 item
600 4096 853 4164 ﬂuminis,
888 4098 1137 4166 E/fundes
1160 4102 1323 4169 enim,
1358 4103 1547 4173 inquit,
1589 4123 1651 4161 ea:

84 4204 128 4239 αι
154 4188 201 4240 iu
219 4189 441 4255 aridam,
470 4198 517 4243 et
556 4190 761 4260 sanguis
789 4190 881 4243 erit
911 4189 1102 4262 (Exod.
1132 4193 1185 4247 4.
1226 4191 1305 4265 9).
1336 4193 1649 4252 Rcluctanto

88 4278 266 4348 lloyse,
290 4279 458 4334 iratus
504 4280 641 4334 Deus
670 4280 923 4350 adjunxit
963 4282 1066 4351 ipsi
1108 4283 1395 4339 Aaronem.
1426 4286 1649 4341 Annua.»

90 4369 214 4423 tiavit
237 4369 449 4441 Moyses
476 4369 691 4427 .lothori
710 4385 897 4426 socero
924 4386 1043 4439 suo,
1067 4387 1126 4428 se
1148 4374 1198 4427 in
1217 4373 1505 4445 lEgyptum
1533 4392 1651 4433 esse

91 4461 453 4526 proiecturum.
500 4460 813 4532 Mortuoque
854 4478 997 4533 rege,
1027 4465 1117 4534 qui
1144 4465 1315 4535 ipsum
1353 4468 1653 4526 interﬁcere

92 4552 360 4617 quarebat,
395 4553 466 4606 ait
499 4553 571 4606 illi
602 4553 741 4607 Deus
770 4571 783 4607 :
813 4552 1087 4624 Ingredere
1110 4557 1161 4609 in
1182 4556 1468 4628 Ai'gyplum
1489 4558 1650 4633 (Ibid.

93 4658 127 4693 ε.
155 4643 263 4714 I9).
294 4644 385 4699 Ille
430 4658 562 4697 vero
590 4645 877 4714 assumptis
916 4644 1038 4701 ﬁliis
1067 4660 1186 4701 eum
1210 4664 1403 4714 uxore,
1426 4651 1503 4706 sic
1535 4668 1654 4721 pro-

94 4730 239 4790 lectus
265 4745 367 4790 est.
414 4734 541 4789 Ideo
564 4735 781 4805 angelus
826 4736 926 4805 ipsi
954 4746 1193 4806 apparet,
1221 4748 1498 4796 exterrens
1532 4757 1652 4795 eum

96 4824 303 4895 (a).Non
329 4827 474 4882 enim
511 4836 727 4896 prepter
776 4828 1231 4884 circumcisioncm
1277 4829 1345 4900 (si
1378 4832 1517 4885 enim
1555 4833 1657 4887 cirq
1690 4869 1695 4875 ι

92 4920 414 4975 cumcisionis
452 4933 635 4982 causa,
666 4919 944 4989 Oportebat
974 4935 1082 4975 non
1107 4931 1230 4976 ante
1254 4921 1524 4977 discedere
1562 4910 1667 4977 an:

92 5011 271 5079 gelum,
300 5025 461 5081 quam
486 5009 715 5065 alterum
740 5020 910 5065 mater
927 5012 1388 5084 circumcidisset),
1420 5014 1513 5068 sed
1537 5014 1657 5069 ideo

94 5101 333 5171 apparuit,
365 5110 427 5155 ut
454 5114 560 5155 non
592 5116 813 5156 uxorem
850 5100 1071 5157 duceret
1104 5101 1156 5156 in
1196 5102 1506 5172 Egyptum.
1539 5102 1658 5159 Non

94 5196 212 5247 enim
235 5210 303 5250 eo
333 5192 671 5256 mittebatur,
694 5202 750 5246 ut
767 5192 874 5249 illic
900 5192 1181 5259 habitaret,
1211 5194 1304 5248 sed
1329 5203 1383 5248 ut
1408 5194 1661 5251 educeret

96 5282 321 5341 Israelem
354 5304 370 5338 ;
401 5284 545 5355 quod
588 5294 642 5338 et
693 5285 778 5339 ille
820 5285 1140 5354 intelligens,
1173 5285 1376 5340 remisit
1415 5301 1657 5343 uxorem.

93 5380 147 5433 At
179 5382 313 5435 unde
345 5381 524 5450 palam
550 5388 633 5433 est
674 5378 815 5449 quod
854 5378 1157 5433 remiserit?
1201 5378 1328 5433 Post
1364 5379 1659 5435 discessum

96 5489 185 5535 tlte
202 5485 418 5547 Josepho
436 5484 657 5534 tribuunt
679 5497 693 5533 :
720 5483 815 5547 sed
831 5479 985 5545 lapsu,
1011 5490 1065 5533 ut
1088 5482 1299 5544 videtur,
1322 5483 1551 5547 graphioo
1568 5485 1659 5535 de-

96 5559 180 5595 cem
195 5550 305 5597 anni
322 5546 416 5597 hic
438 5555 491 5595 et
513 5547 635 5595 intra
658 5546 819 5595 omissi
841 5555 970 5593 sunt.

143 5611 205 5672 (a)
237 5618 351 5661 lere
374 5609 551 5657 dicitur
571 5608 719 5658 fuisse
750 5607 995 5672 sententia
1036 5606 1186 5672 _P.abbi
1219 5606 1486 5672 Abrahami,
1512 5621 1663 5670 ange-

100 5666 287 5722 lttth'non
327 5672 443 5721 ideo
469 5678 679 5731 Moysem
714 5669 939 5718 occidere
973 5666 1204 5731 voluisse,
1242 5669 1370 5731 quod
1410 5666 1531 5719 ﬁlios
1568 5666 1663 5719 non

101 5734 474 5789 drmmcidisset.
498 5729 586 5780 sed
610 5732 736 5789 quod
760 5743 964 5779 uxorem
990 5738 1042 5779 et
1076 5729 1199 5779 ﬁlios
1220 5729 1362 5779 simul
1386 5744 1553 5789 secum
1577 5732 1659 5780 ad‘

104 5747 474 5789 αῐῑιιωααιεδει.
498 5747 586 5780 seu
610 5749 626 5780 ι
645 5747 736 5781 ιιοα
760 5747 964 5779 uxorem
990 5747 1042 5779 et
1077 5747 1199 5779 unos
1220 5747 1362 5779 suum
1386 5747 1553 5783 secum
1577 5747 1655 5780 (ω’

104 5793 278 5849 duceret
303 5811 315 5846 :
340 5804 399 5847 et
415 5747 682 5858 probabilis
696 5800 833 5844 certe
861 5805 919 5843 ea
942 5794 1062 5843 ratio
1088 5799 1157 5842 est
1177 5806 1312 5859 ,ηυδε
1335 5792 1414 5845 hic
1438 5788 1655 5848 aliertur.

1126 302 1445 360 SYNUPSIS
1482 301 1886 357 ΒίὶιὶΙΡΤυΠίΕ
1926 303 2189 362 SACIIAE.

3252 322 3351 377 526

1762 429 1823 467 ex
1854 415 2084 487 .‘ligypto
2110 419 2339 473 occurrit
2363 419 2433 474 illi
2456 436 2576 474 eum
2602 437 2766 479 uxore
2791 424 2999 494 ipsius]
3029 429 3161 482 .umr
3190 422 3340 489 socer

1760 506 1895 575 ejus.
1934 507 2087 562 Venit
2115 509 2291 562 Aaron
2320 510 2383 563 ad
2419 512 2673 582 Moysem,
2703 522 2756 568 et
2785 516 2940 569 ambo
2958 534 3341 591 eougrrgarunt

1760 598 2002 653 seniores
2027 599 2259 665 lsraelis,
2294 612 2347 656 ct
2376 602 2502 672 ipsis
2532 606 2905 660 rentmtiarunt
2937 608 3026 662 Dei
3053 616 3296 669 mandata
3330 635 3338 667 :

1763 689 1837 744 illi
1868 700 2046 747 autem
2089 693 2257 762 gavisi
2296 703 2438 749 sunt.
2480 696 2575 751 Ubi
2606 713 2731 752 vero
2773 699 2838 753 ad
2889 700 3221 761 Pharaonem
3256 724 3344 763 ac‘

1758 792 2055 849 cesserunt,
2080 783 2463 855 jusseruutquc
2493 805 2612 841 eum
2637 789 2905 844 dimittere
2935 794 3206 863 populum,
3236 815 3337 854 non

1761 873 1919 927 modo
1947 891 2050 928 non
2078 878 2265 930 annuit
2295 894 2407 944 rex,
2436 880 2529 935 sed
2569 884 2726 935 etiam
2762 882 3026 940 Israelitas
3058 887 3342 945 vehemen-

1760 964 1862 1018 tius
1892 966 2100 1035 afﬂixit,
2125 968 2318 1037 jubens
2353 986 2418 1026 ne
2462 970 2677 1027 daretur
2707 974 2785 1027 eis
2814 975 2981 1043 palea,
3014 979 3108 1032 sed
3155 990 3209 1033 ut
3248 982 3346 1051 ipsi

1760 1073 1877 1112 eam
1905 1057 2003 1113 sibi
2033 1062 2347 1130 reperirent.
2383 1062 2515 1117 Cum
2555 1074 2731 1119 autem
2773 1068 2962 1123 scriba:
3000 1072 3345 1130 verberaren-

1760 1160 1865 1215 tur,
1893 1152 2037 1220 quod
2064 1168 2323 1223 opusnon
2349 1156 2678 1227 impleretur,
2710 1158 3042 1217 Pharaonem
3072 1165 3340 1231 adierunt,

1758 1242 1993 1314 nihilque
2017 1245 2384 1316 impetrarunt.
2424 1249 2573 1304 Tunc
2605 1252 3166 1311 oet-Iamaruntcontra
3199 1259 3341 1331 Moy-

1758 1348 1871 1387 sem
1900 1352 1913 1387 :
1942 1351 2256 1408 rursumque
2286 1340 2511 1393 mittitur
2552 1341 2638 1395 ille
2689 1343 2754 1397 ad
2802 1344 3089 1415 lsraelitas,
3139 1352 3338 1407 exitum

1761 1422 1862 1478 illis
1903 1427 2242 1482 annuntians.
2288 1428 2364 1482 Illi
2396 1448 2519 1485 vero
2546 1447 2611 1486 ne
2637 1434 2913 1490 audierunt
2955 1438 3168 1506 quidem
3192 1442 3367 1515 Moyg

1760 1530 1890 1579 sem,
1928 1526 2030 1570 tam
2063 1518 2270 1588 dejectn
2312 1530 2465 1576 erant
2508 1524 2706 1578 animo.
2754 1526 2849 1581 llic
2872 1529 3119 1584 scribitur
3146 1532 3339 1605 Moysis

1756 1607 2083 1678 genealogia,
2110 1618 2165 1664 et
2190 1611 2263 1665 ait
2310 1612 2381 1665 illi
2426 1612 2563 1668 Deus
2597 1614 2766 1669 :Dedi
2799 1628 2845 1671 le
2884 1619 3032 1673 deum
3084 1621 3338 1680 Pharaoni

1755 1696 1951 1766 (Exod.
1983 1701 2035 1753 "l.
2071 1699 2147 1773 l.)
2180 1720 2192 1755 :
2224 1702 2491 1773 tnittilque
2514 1705 2657 1759 illum
2684 1707 2750 1761 ad
2776 1708 3338 1784 Pbaraonem,jubens

1753 1790 2037 1847 ostendere
2063 1794 2290 1864 signum,
2321 1797 2362 1850 si
2386 1814 2474 1850 rex
2505 1809 2728 1867 peteret,
2758 1802 2918 1873 virga:
2950 1805 3001 1859 in
3029 1820 3333 1878 serpentem

1753 1896 2045 1938 conversa).
2074 1885 2141 1941 Ut
2168 1898 2344 1943 autem
2387 1890 2529 1960 virga
2578 1892 2629 1945 in
2660 1906 2961 1963 serpentem
3006 1910 3202 1956 mutata
3231 1914 3331 1969 est,

1754 1988 1854 2028 nec
1876 1982 2050 2031 tamen
2092 1980 2397 2045 rex_ccssit,
2429 1983 2652 2037 vertitur
2697 2000 2829 2054 aqua
2874 1986 3104 2045 llutninis
3130 1993 3181 2047 iu
3209 2012 3333 2049 san-

1755 2064 1993 2135 guinem,
2020 2067 2270 2137 impletur
2291 2080 2428 2125 terra
2452 2074 2595 2128 ranis
2628 2092 2640 2128 :
2672 2075 2863 2132 deinde
2892 2081 3161 2151 sciniphes
3189 2088 3333 2142 exieo

1754 2166 1898 2222 runt,
1919 2175 2039 2213 mox
2057 2162 2356 2233 cynomyia,
2384 2173 2564 2233 postea
2588 2182 2731 2221 mors
2747 2168 3131 2238 jumentorum,
3153 2190 3333 2244 postea

1754 2249 1995 2316 pustulae,
2038 2249 2161 2305 hinc
2199 2253 2405 2321 grando
2452 2263 2507 2309 et
2555 2256 2710 2326 ignis,
2764 2270 2946 2328 postea
2993 2262 3230 2330 locustae,
3281 2279 3336 2323 et

1755 2345 1987 2400 tenebra:
2013 2346 2322 2418 paIpabiIes.
2353 2350 2482 2404 Cum
2502 2362 2678 2407 autem
2710 2353 3006 2412 inducenda
3030 2370 3171 2415 esset
3194 2378 3337 2417 mors

1758 2438 2253 2510 primogenitorum,
2281 2441 2537 2512 jubeutur
2580 2445 2859 2502 immolare
2909 2467 3101 2522 agnum
3143 2454 3335 2509 imma~

1714 2529 2010 2599 .cuIatum,
2054 2540 2109 2587 et
2144 2533 2402 2604 inungere
2432 2545 2612 2606 postes
2651 2541 2910 2611 sanguine
2937 2560 2950 2596 :
2977 2560 3150 2615 neque
3191 2549 3333 2602 enim

1754 2619 2042 2677 morituros
2071 2638 2190 2679 esse
2217 2641 2308 2680 eos
2329 2626 2417 2695 qui
2449 2636 2629 2682 essent
2654 2628 2704 2683 in
2726 2645 2787 2685 ea
2816 2631 2995 2699 domo,
3022 2635 3071 2689 in
3094 2654 3196 2706 qua
3218 2656 3336 2694 san-

1751 2712 1867 2781 guis
1886 2714 2007 2785 agni
2037 2725 2197 2772 esset.
2245 2717 2391 2773 Tunc
2432 2717 2536 2775 illis
2585 2719 2698 2791 lege
2742 2726 2926 2779 statuit
2970 2738 3174 2798 septem
3220 2732 3334 2788 dies

1750 2817 2062 2873 azymorum
2089 2816 2173 2861 :et
2202 2808 2246 2861 si
2294 2808 2512 2879 ingressi
2550 2810 2743 2868 fuerint
2780 2814 2831 2868 in
2875 2824 3068 2871 terram
3103 2824 3331 2889 promis-

1750 2895 1935 2964 sionis,
1954 2897 2102 2969 jubet
2132 2899 2273 2957 hunc
2297 2918 2516 2958 servare
2560 2906 2778 2961 cultum.
2829 2907 2895 2962 Et
2924 2910 2969 2963 si
2994 2913 3333 2985 interrogavec

1750 2989 1853 3043 rint
1874 3006 1979 3055 vos,
2008 2991 2195 3063 inquit,
2231 2994 2327 3063 ﬁlii
2355 2996 2522 3064 vestri,
2569 2996 2761 3063 dicetis,
2794 2998 3115 3071 Sacriﬁcium
3145 3009 3335 3075 pose/ut

1752 3081 1848 3135 hoc
1890 3092 1963 3137 est
2007 3082 2223 3139 Domino
2267 3086 2458 3160 (Exod.
2507 3088 2593 3143 l2.
2625 3088 2741 3158 27).
2774 3089 2903 3146 Cum
2945 3102 3120 3149 autem
3155 3098 3326 3152 media

1754 3179 1909 3228 nocte
1957 3175 2244 3242 periissent
2291 3178 2469 3231 omnia
2517 3180 2867 3251 primogenita
2923 3181 3328 3255 Egyptiormn,

1753 3264 2045 3335 abcgeruut
2086 3266 2350 3323 Israclitas
2399 3285 2463 3324 ex
2515 3269 2763 3343 IEgypto.
2820 3271 2896 3328 Illi
2948 3291 3075 3332 vero
3129 3284 3329 3349 egressi

1753 3366 1894 3423 sunt,
1927 3372 2050 3413 eum
2096 3360 2428 3429 accepissent
2459 3376 2580 3417 vasa
2611 3374 2861 3434 argentea
2893 3375 2944 3420 et
2970 3382 3152 3435 aurea,
3201 3373 3335 3426 mul-

1757 3459 1971 3521 tumque
2009 3454 2257 3523 populmn
2310 3468 2491 3509 secum
2543 3457 2923 3526 promiscuum,
2974 3470 3025 3515 et
3081 3478 3227 3529 oves,
3281 3476 3334 3520 et

1753 3542 1939 3607 boves,
1966 3552 2021 3598 et
2066 3544 2326 3613 jumenta.
2364 3545 2630 3601 llabitatio
2667 3555 2841 3603 autem
2876 3550 3101 3606 liliot‘um
3148 3553 3329 3623 Israel,

1754 3648 1856 3705 qua
1888 3633 2193 3690 habitarunt
2226 3636 2323 3705 ipsi
2351 3645 2404 3692 et
2434 3647 2612 3707 patres
2641 3654 2823 3694 eorum
2858 3642 2907 3695 in
2942 3652 3079 3697 terra
3119 3644 3332 3717 Jlﬂgypti

1753 3734 1808 3782 et
1836 3725 1886 3780 in
1919 3734 2058 3782 terra
2085 3726 2353 3794 Chanaan,
2399 3727 2496 3783 fuit
2531 3745 2790 3785 annorum
2829 3732 3334 3808 quadringentorum

1755 3824 1809 3873 et
1854 3817 2067 3887 triginta
2111 3819 2211 3890 (a).
2244 3819 2311 3874 Et
2350 3821 2420 3875 ait
2460 3821 2601 3877 Deus
2642 3839 2657 3876 :
2699 3822 2946 3880 Consecra
2989 3836 3035 3881 et
3077 3830 3338 3899 sancti/ica

1755 3910 1881 3964 mihi
1908 3927 2055 3965 omne
2098 3912 2480 3983 primogenitum
2517 3915 2580 3967 ab
2631 3915 2831 3969 homine
2873 3933 3025 3988 urque
3068 3921 3137 3973 ad
3185 3939 3337 3991 pecus

1757 4001 1951 4072 (Exod.
1983 4003 2075 4058 15.
2113 4003 2218 4074 2.),
2269 4004 2390 4074 quia
2431 4005 2625 4060 occidit
2668 4007 3016 4078 primogenita
3059 4011 3339 4083 Egyptio-

1757 4107 1896 4146 rum.
1926 4091 2041 4147 Non
2073 4091 2221 4147 duxit
2260 4101 2436 4148 autem
2482 4109 2573 4148 cos
2605 4111 2699 4163 per
2727 4095 3042 4167 Pbylistiim,
3072 4116 3140 4155 ne
3168 4106 3337 4173 posui-

1759 4191 1896 4237 teret
1923 4197 2017 4238 eos
2044 4183 2238 4237 bellum
2262 4184 2521 4248 videntes,
2547 4199 2648 4239 neu
2678 4197 3070 4244 reverterentur
3096 4191 3148 4245 in
3165 4191 3334 4266 [Egy-

1759 4285 1925 4343 ptum,
1957 4275 2051 4330 sed
2082 4289 2177 4345 per
2213 4290 2361 4329 mare
2405 4274 2663 4329 Rubrum.
2692 4276 2881 4345 Quinta
2911 4290 3089 4335 autem
3111 4298 3335 4353 genera-

1758 4368 1903 4421 tione
1931 4366 2289 4421 ascenderunt
2318 4367 2408 4423 ﬁlii
2453 4367 2610 4423 Israel
2641 4384 2705 4423 ex
2735 4368 2966 4441 [Egypto
2995 4390 3008 4426 :
3040 4382 3095 4428 et
3133 4380 3339 4449 accepit

1758 4460 1967 4531 Moyses
1989 4474 2107 4514 ossa
2130 4460 2367 4529 Josephi.
2398 4460 2640 4516 Ducebat
2684 4470 2860 4517 autem
2911 4463 3047 4521 Deus
3089 4453 3385 4524 lsraeleur"

1758 4554 1920 4609 ductu
1951 4554 2085 4624 ignis
2112 4568 2206 4623 per
2233 4561 2466 4620 noctem,
2494 4563 2547 4608 et
2573 4554 2730 4609 ductu
2762 4553 2918 4610 nubis
2958 4571 3053 4625 per
3078 4556 3239 4613 diem.
3278 4562 3342 4616 Ut

1760 4655 1935 4701 autem
1968 4646 2278 4714 insequutus
2303 4654 2385 4701 est
2414 4644 2618 4700 Pharao
2649 4655 2850 4701 mutata
2880 4650 3164 4715 sententia,
3196 4652 3339 4723 virga

1764 4737 2022 4805 percussit
2048 4735 2257 4806 Moyses
2288 4752 2454 4801 tnare,
2482 4745 2535 4791 et
2561 4737 2787 4791 divisum
2829 4747 2910 4791 est
2945 4756 2957 4792 :
2988 4754 3110 4794 cmn
3158 4753 3335 4798 autem

1763 4826 2197 4896 pertransiissent
2229 4826 2501 4891 lsraelitze,
2534 4842 2681 4881 mare
2715 4827 3053 4897 conjunctum
3105 4842 3185 4887 est
3213 4849 3342 4889 con-

1765 4927 1842 4972 tra
1863 4916 2167 4988 Egyptios,
2194 4928 2247 4972 et
2272 4918 2523 4973 demersit
2543 4932 2658 4973 eos.
2691 4919 2757 4973 Et
2775 4921 2967 4975 cecinit
2986 4921 3190 4997 Moyses
3215 4941 3344 4980 can-

1765 5014 1949 5078 ticum,
1974 5012 2167 5068 cecinit
2188 5022 2240 5068 et
2268 5013 2430 5067 Maria
2460 5027 2580 5069 cum
2617 5014 2946 5070 mulieribus.
2983 5015 3253 5075 Venerunt
3293 5024 3346 5076 in

1829 5169 1902 5233 (a)
1937 5169 2154 5233 (lumbis
2173 5178 2437 5233 (aerumnam
2458 5184 2569 5233 qua:
2586 5170 2709 5222 dixit
2731 5171 2780 5220 in
2801 5170 2999 5221 Homilia
3038 5174 3098 5222 37
3124 5176 3170 5224 in
3194 5183 3349 5227 Gene-

1763 5230 2029 5291 sim,'Tom.
2057 5230 2139 5293 IV,
2163 5232 2256 5281 col.
2280 5232 2391 5296 346,
2417 5230 2569 5296 annos
2592 5247 2771 5295 nempe
2788 5234 3173 5296 quadringentos
3192 5243 3349 5288 servi-

1765 5297 1908 5354 tutis,
1933 5307 2058 5358 quos
2093 5295 2269 5344 semini
2313 5294 2513 5343 Abrahte
2551 5294 2939 5356 praediitit‘beus
2971 5294 3145 5346 (fenus.
3174 5301 3249 5356 l5,
3278 5303 3352 5357 I5,

1767 5357 2064 5419 incipiendus
2084 5370 2112 5404 a
2134 5364 2373 5419 tempore,
2397 5369 2495 5418 quo
2532 5358 2733 5407 Abrahae
2768 5358 3058 5419 imperatum
3094 5368 3188 5417 est,
3211 5369 3267 5410 ut
3289 5376 3354 5411 ex

1767 5417 1977 5491 Chai-rati
2009 5417 2355 5491 egrederetur.
2394 5417 2776 5491 Quadringentos
2798 5417 2950 5491 annos
2983 5433 3048 5491 eo
3080 5420 3187 5471 loco
3221 5424 3354 5491 dicit,

1765 5484 1877 5543 quia
1900 5480 2236 5543 quadringenti
2262 5487 2445 5543 tantum
2469 5480 2690 5530 feruntur
2724 5484 2771 5529 in
2805 5488 2946 5531 textu
2972 5488 3238 5532 Geneseos.
3276 5480 3358 5543 uit;

1767 5541 1887 5611 vero
1919 5541 2302 5611 quadringentos
2324 5542 2520 5611 triginta
2542 5550 2843 5611 statuarum
2887 5549 2935 5592 Β.
2964 5543 3106 5611 Paulo
3131 5546 3274 5605 Epist.
3298 5541 3358 5586 ad

1767 5603 1967 5668 Galatas,
1988 5604 2071 5668 ubi
2094 5605 2177 5668 ait,
2202 5616 2231 5652 a
2250 5603 2568 5665 promissione
2592 5604 2792 5668 Abrahae
2816 5603 2937 5653 facta
2958 5606 3016 5653 ad
3040 5603 3197 5668 usque
3233 5615 3360 5656 tem-

1770 5680 1861 5728 pus
1881 5666 2007 5715 datte
2032 5666 2175 5725 legis,
2200 5678 2351 5729 annos
2375 5679 2487 5729 esse
2509 5666 2891 5729 quadringentos
2914 5666 3131 5729 triginta;
3146 5668 3253 5725 Quo
3274 5680 3363 5729 au-

1773 5726 2038 5839 iftn‘pacttl)
2060 5727 2347 5839 gt‘tgterandi
2370 5726 2600 5780 sint
2622 5726 2709 5790 illi,
2722 5726 2939 5782 diximus
2955 5726 3136 5780 ibidem
3156 5731 3205 5781 iu
3228 5726 3360 5784 nota.

1778 5800 1828 5839 ",
1896 5798 1926 5839 '.
1951 5803 2006 5839 co
2032 5828 2039 5838 .
2159 5824 2171 5837 .

1778 5798 1828 5839 'r,
1856 5796 1926 5849 tv,
1951 5796 2039 5840 col.
2063 5796 2171 5839 ato.
