3720 6274
357 278 462 334 θῒΐ

357 391 620 460 Mari-bas,
655 391 744 448 ubi
784 407 964 448 amara
1009 401 1125 449 erat
1158 408 1337 468 aqua,
1377 405 1433 452 et
1469 395 1678 452 dulcem
1719 397 1948 454 reddidit

357 485 504 540 illam
545 483 752 558 Moyses
800 501 898 556 per
940 486 1159 558 lignum.
1223 487 1494 544 Venerunt
1544 490 1597 546 iu
1648 491 1822 546 locum
1861 493 1950 548 ubi

358 584 514 633 emat
532 574 816 634 duodecim
847 577 1044 645 fontes,
1086 588 1139 634 et
1167 582 1499 652 septuaginta
1531 583 1724 652 palma:
1757 600 1769 635 :
1802 583 1951 639 locus

355 677 534 725 autem
561 669 851 726 vocabatur
891 671 1048 725 Elim.
1097 670 1226 728 inde
1270 681 1534 728 venerunt
1579 674 1632 728 in
1678 674 1949 730 desertum

357 761 496 815 inter
520 760 658 815 Elim
691 771 742 816 et
763 761 910 817 Sina.
939 761 1090 817 Tune
1122 775 1586 820 murmurat-erunt
1631 765 1694 818 in.
1735 767 1950 823 deserto

357 851 634 918 Israelita},
661 868 850 907 carnes
873 854 1226 923 postulantes.
1253 854 1402 910 Tunc
1433 855 1565 924 pluit
1601 856 1705 912 illis
1732 873 1954 911 manna.

358 942 561 1004 Deinde
599 943 775 998 intulit
813 945 1160 999 coturnicem.
1207 945 1302 1001 llic
1351 947 1492 1002 circa
1536 962 1751 1014 manna,
1806 950 1946 1019 quod

354 1049 479 1089 cum
509 1034 732 1088 multum
778 1044 912 1099 erat,
958 1051 1061 1089 non
1115 1035 1467 1102 rcdundabat,
1527 1051 1649 1091 cum
1702 1054 1945 1108 parvum,

357 1140 464 1180 non
489 1126 785 1190 deﬁciebat,
813 1127 968 1195 jussit
998 1127 1129 1182 nihil
1162 1129 1390 1200 relinqui
1422 1129 1474 1185 in
1513 1131 1824 1187 crastinum.
1866 1131 1948 1188 Illi

355 1233 485 1272 vero
511 1232 614 1272 non
643 1228 952 1288 paruerunt,
983 1229 1034 1275 et
1069 1219 1209 1290 quod
1242 1221 1512 1276 residuum
1545 1221 1642 1275 fuit
1675 1223 1949 1278 vermibus

356 1309 612 1363 scatebat.
650 1309 807 1374 Dixit,
835 1309 909 1364 Ne
934 1309 1279 1379 egrediamini
1310 1311 1376 1366 ad
1420 1312 1777 1382 colligendum
1819 1314 1944 1368 sab-

359 1400 482 1454 bato
511 1418 525 1454 :
560 1400 640 1454 illi
661 1416 788 1455 vero
819 1415 990 1471 neque
1025 1401 1076 1454 in
1108 1401 1210 1456 hoc
1235 1402 1518 1473 obsequnti
1558 1413 1702 1468 sunt,
1743 1413 1798 1458 et
1826 1421 1947 1460 cum

350 1492 559 1562 egressi
582 1482 784 1558 eSsem,
817 1494 947 1547 nihil
979 1493 1316 1549 illVCltel‘lllll.
1335 1494 1495 1554 Jubet
1518 1495 1727 1566 Moyses
1749 1497 1798 1549 iu
1822 1512 1950 1552 vase

355 1598 522 1639 aureo
547 1586 733 1655 reponi
751 1601 816 1640 ex
835 1601 1025 1640 manna
1043 1587 1094 1638 in
1115 1586 1319 1641 futuras
1338 1591 1730 1657 generationes.
1755 1588 1945 1642 Manna

356 1691 485 1729 vero
511 1676 859 1730 comederunt
883 1677 1228 1747 quadraginta
1263 1677 1440 1734 anuis.
1469 1678 1617 1733 Tunc
1640 1695 1946 1734 murmura-

353 1774 549 1822 verunt
573 1767 642 1822 ob
657 1768 823 1822 sitim.
849 1767 916 1822 Et
940 1769 1200 1838 percussit
1225 1768 1434 1842 Moyses
1456 1779 1682 1839 petram,
1713 1771 1948 1840 exiilquc

354 1876 512 1930 aqua.
543 1859 697 1915 Venit
725 1861 945 1915 Amalec
984 1861 1234 1916 bellatum
1270 1870 1453 1915 contra
1486 1862 1733 1917 lsraelcm
1767 1881 1781 1917 :
1814 1872 1865 1918 et
1893 1862 1956 1920 in

353 1953 533 2023 fugam
577 1954 727 2007 illum
779 1953 938 2008 vertit
979 1953 1134 2008 JeSus
1188 1953 1327 2008 ﬁlius
1371 1953 1514 2008 Nave
1543 1971 1555 2007 :
1582 1969 1644 2010 ac
1691 1953 1947 2023 quatndiu

354 2056 508 2102 erant
534 2062 723 2100 manus
749 2046 943 2118 Moysis
963 2056 1173 2112 erectze,
1199 2047 1486 2117 superabat
1515 2045 1706 2114 lsrael;
1734 2047 1946 2118 quando

351 2146 529 2191 autem
550 2136 861 2191 demittcbat
885 2153 997 2202 cas,
1024 2137 1396 2206 superabatur.
1424 2136 1554 2190 Illud
1586 2153 1709 2191 vero
1735 2138 1944 2207 signum

352 2237 474 2281 erat
501 2229 695 2283 crucis.
728 2228 1160 2298 Stabantqnippe
1187 2230 1363 2284 Aaron
1403 2239 1456 2283 ct
1492 2230 1566 2286 0r
1597 2231 1684 2300 qui
1716 2231 1950 2286 sustineo

351 2329 469 2374 rent
497 2335 684 2375 manus
711 2321 896 2393 Moysi.
929 2321 1070 2375 Dixit
1095 2332 1271 2377 autem
1302 2323 1556 2376 Dominus
1574 2324 1640 2379 ad
1660 2323 1895 2397 Moysem
1927 2341 1953 2382 :.

353 2412 534 2466 Scribe
577 2414 670 2466 hoc
706 2415 755 2466 in
793 2424 1170 2470 monumentum
1217 2415 1270 2472 in
1314 2415 1440 2469 libro
1470 2415 1666 2486 (Exod.
1711 2417 1798 2471 l7.
1833 2414 1942 2488 14).

351 2505 573 2560 Accedit
617 2505 808 2560 .lotbor
831 2521 985 2562 socer
1009 2507 1204 2578 Moysis
1245 2524 1366 2562 cum
1413 2525 1578 2564 uxore
1616 2511 1734 2579 ejus
1770 2511 1947 2581 (gene-

351 2613 471 2651 rum
499 2608 672 2652 autem
707 2599 851 2652 illum
908 2608 1099 2668 prieler
1142 2616 1295 2654 usum
1343 2611 1497 2655 vocat
1547 2601 1847 2674 Scriptura)
1891 2613 1946 2659 et

352 2688 521 2761 Moysi
543 2699 598 2745 et
626 2689 817 2759 populo
834 2688 935 2760 (a).
962 2690 1464 2748 Enarratniirabilia
1484 2692 1694 2764 Moyses
1715 2709 1905 2750 socero
1927 2711 1950 2752 :.

352 2785 443 2840 ille
470 2801 596 2841 vero
627 2786 847 2840 miratus
873 2795 974 2841 est.
1008 2785 1074 2842 Ut
1112 2794 1290 2841 autem
1318 2787 1448 2840 vidit
1475 2795 1641 2842 totum
1685 2789 1939 2858 populum

349 2876 518 2948 Moysi
547 2877 867 2942 adstantem,
897 2877 1043 2932 llllllll
1081 2892 1205 2932 vero
1235 2893 1338 2933 non
1385 2894 1542 2949 posse
1591 2895 1715 2951 erga
1755 2897 1945 2938 omnes

347 2969 602 3039 judicium
632 2985 917 3036 exercere,
951 2978 1137 3024 auctor
1163 2980 1246 3025 est
1295 2971 1374 3029 illi
1422 2987 1599 3037 socer,
1643 2983 1700 3027 ut
1745 2973 1945 3043 deligat

353 3062 498 3116 viros
550 3072 813 3132 potentes,
866 3062 1170 3132 religiosos,
1219 3061 1415 3131 justos,
1470 3063 1714 3118 odientes
1750 3079 1942 3134 supcr-

348 3154 512 3219 ltiam,
535 3164 585 3209 et
608 3153 896 3208 constituat
921 3169 1015 3208 eos
1034 3153 1382 3220 millenarios,
1401 3155 1942 3226 centenarios,quin-

351 3246 725 3317 quagenarios,
777 3245 1093 3301 decuriones
1124 3242 1321 3314 (Exod.
1370 3245 1457 3300 18.
1506 3244 1620 3318 21).
1653 3245 1944 3317 Obtempc-

347 3340 485 3397 ravit
508 3339 560 3394 ei
588 3339 820 3411 Moyses,
847 3348 901 3394 et
931 3338 1176 3394 ascendit
1202 3337 1255 3393 in
1284 3347 1542 3394 montem.
1575 3339 1942 3410 Praecepitque

348 3435 400 3490 ei
429 3435 570 3489 Deus
599 3442 658 3489 ut
686 3435 881 3503 populo
910 3432 1133 3497 diceret,
1167 3447 1263 3488 eos
1288 3432 1493 3489 futuros
1519 3432 1614 3486 Dei
1645 3433 1824 3502 regale
1851 3449 1939 3488 sa-

349 3525 670 3590 cerdotium,
698 3533 909 3594 gentem
945 3532 1206 3588 sanetam,
1255 3523 1299 3578 si
1346 3522 1665 3578 obedierint.
1698 3523 1774 3579 llli
1814 3539 1942 3578 vero

347 3617 632 3672 dixerunt:
661 3616 846 3670 Omnia
881 3631 1207 3686 quarumque
1243 3614 1372 3669 dixit
1420 3613 1580 3681 Deus,
1624 3617 1865 3686 faciemus
1894 3627 1941 3670 et

347 3709 614 3764 audiemus
660 3705 856 3780 (Exod.
906 3708 995 3763 19.
1032 3705 1110 3780 8).
1157 3706 1306 3762 Tunc
1336 3707 1578 3778 praecipit
1620 3709 1836 3777 populo,
1886 3717 1946 3763 ut

351 3801 661 3872 purilicetur
706 3815 875 3870 usque
925 3799 992 3854 ad
1051 3798 1268 3855 tertium
1293 3799 1457 3866 diem,
1497 3808 1558 3856 et
1602 3800 1742 3856 lavet
1780 3802 1943 3856 vesti-

352 3900 531 3948 menta
557 3907 670 3946 sua.
701 3889 796 3944 llic
825 3891 1025 3945 dictum
1069 3901 1152 3944 est
1181 3889 1307 3944 illud
1353 3889 1495 3960 quod
1540 3889 1766 3950 habetur
1799 3893 1939 3962 apud

351 3979 738 4056 Apostolumin
753 3977 998 4048 Epistula
1045 3982 1427 4042 adllebrzeos;
1454 3983 1516 4037 Si
1554 3985 1766 4054 tetigerit
1794 4003 1942 4040 mon-

349 4086 468 4140 tem,
497 4073 806 4145 lupidabitur
821 4073 840 4145 (
855 4073 1008 4127 Hebr.
1031 4073 1114 4128 1‘2.
1139 4072 1422 4142 ‘20).Tunc
1445 4089 1598 4128 mons
1624 4075 1935 4146 fumigabat,

347 4182 507 4222 voces
531 4167 771 4221 tubarum
796 4166 1078 4220 sonabant.
1112 4164 1263 4220 Tunc
1303 4177 1564 4235 prteeepta
1596 4167 1729 4237 legis
1748 4170 1940 4238 accipit

346 4257 580 4328 Moyses,
622 4273 814 4327 nempe
839 4257 1175 4326 decalogum,
1197 4265 1252 4312 et
1281 4257 1481 4326 reliqua
1511 4257 1656 4327 jura.
1681 4258 1811 4314 Illud
1836 4276 1936 4314 au-

351 4358 484 4413 tem,
509 4347 619 4401 Diis
641 4365 740 4401 non
771 4347 1036 4402 maledicos
1074 4347 1268 4419 (Exod.
1289 4347 1380 4404 22.
1403 4348 1521 4418 28),
1545 4365 1650 4404 non
1685 4349 1752 4405 de
1782 4351 1935 4407 idolis

350 4439 551 4495 dictum
583 4449 685 4505 est,
729 4439 823 4494 sed
854 4438 922 4494 de
951 4439 1274 4509 principibus
1306 4455 1319 4490 :
1353 4440 1533 4496 subdit
1563 4442 1702 4494 enim
1735 4459 1748 4495 :
1776 4443 1935 4498 Prin-

348 4532 457 4603 εἱμί
483 4529 660 4602 populi
704 4529 778 4583 tui
805 4528 1236 4606 nonymledices.
1279 4531 1565 4585 Pollicetur
1611 4534 1774 4589 tnulta
1806 4535 1937 4604 ipsis

345 4627 506 4691 bona,
533 4622 579 4678 si
608 4619 1095 4692 obedieriutzquod
1117 4622 1435 4692 gentessint
1468 4625 1792 4693 superaturi,
1829 4636 1937 4682 ter-

345 4733 460 4772 ram
487 4715 817 4789 pOSsessur-i;
848 4713 1129 4785 pollicetur
1158 4715 1288 4770 item
1318 4732 1509 4786 aquam
1543 4733 1728 4772 eorum
1769 4717 1934 4775 benc-

348 4809 548 4864 dictutn
593 4805 678 4872 iri,
710 4815 763 4861 et
791 4821 1004 4877 panem,
1049 4806 1195 4861 omni
1227 4807 1418 4862 morbo
1467 4807 1772 4865 liberandos
1814 4812 1936 4867 illos

347 4915 490 4968 esse,
519 4915 623 4955 non
656 4900 880 4954 futui-am
906 4901 1143 4956 sterilem
1168 4917 1287 4957 esse
1309 4902 1361 4957 in
1385 4902 1510 4971 illis,
1533 4921 1705 4976 neque
1721 4907 1932 4974 orbum,

346 5009 520 5064 neque
547 4993 883 5048 immaturam
917 5005 1166 5062 mortem,
1195 4997 1454 5052 terminos
1476 5012 1664 5054 eorum
1703 5014 1761 5055 se
1787 5002 1932 5071 posi-

343 5097 522 5140 turum
563 5101 681 5140 esse
723 5102 752 5139 a
790 5086 920 5140 mari
966 5085 1146 5141 Rubro
1194 5103 1361 5156 nsque
1404 5089 1470 5142 ad
1513 5089 1930 5161 l‘hylistiuorum

341 5185 570 5244 terram,
594 5190 625 5228 a
655 5175 871 5231 deserto
899 5193 1066 5247 usque
1091 5179 1154 5232 ad
1187 5179 1532 5248 Euphratem.
1556 5181 1704 5236 'l‘unc
1743 5182 1933 5238 immo-

340 5269 470 5324 lavit
498 5269 730 5343 Moyses,
752 5278 806 5325 et
826 5269 1103 5324 dimidium
1127 5274 1401 5342 sanguinis
1423 5273 1607 5328 ell'udit
1634 5275 1702 5330 ad
1718 5277 1885 5332 altare
1914 5296 1928 5334 :

341 5361 717 5432 accipiensque
756 5363 1065 5432 sanguinem
1113 5365 1344 5431 aspersit
1403 5366 1678 5434 populum.
1727 5367 1930 5425 Horum

347 5455 589 5509 meminit
619 5453 815 5510 Paulus
841 5454 893 5510 in
923 5452 1161 5524 Epistola
1188 5456 1260 5510 ad.
1280 5455 1537 5512 Hebraeos
1564 5457 1749 5514 dicens
1776 5478 1790 5513 :
1820 5460 1931 5516 Ne-

338 5565 438 5619 que
460 5549 680 5620 primunt
710 5549 1081 5605 Testamentum
1106 5548 1216 5602 sine
1251 5549 1498 5620 sanguine
1539 5562 1829 5605 renovatum
1860 5565 1933 5608 est

397 5683 473 5756 tu)
505 5690 644 5745 uate,
681 5689 725 5733 ct
763 5683 915 5750 Moysi
949 5688 995 5734 et
1026 5682 1226 5750 populo,
1261 5684 1485 5736 videntur
1525 5686 1759 5740 mendose
1803 5697 1932 5746 irre-

1158 276 1216 336 S.
1254 279 1535 340 JOANNlS
1566 280 2039 344 CHRYSOSTOM}
2062 287 2380 348 ARCHIEP.
2421 294 2957 358 CONSTANTINOP.

2056 400 2241 472 (Hebr.
2265 404 2320 461 9.
2343 406 2455 479 18).
2487 405 2716 464 Jubetur
2746 411 2956 484 Moyses
2986 417 3286 476 ascendere
3318 429 3376 476 et
3403 422 3648 492 accipere

2054 492 2280 586 tabulas.
2305 495 2369 550 Et
2398 506 2513 552 erat
2537 499 2606 554 ibi
2627 502 2975 573 quadraginta
3001 506 3192 564 diebus
3220 521 3273 565 et
3297 512 3646 586 quadraginta

2054 585 2319 645 noctibus.
2354 588 2568 644 Audivit
2615 603 2794 648 autem
2840 594 3245 666 dispositionem
3294 585 3647 673 tabernaculi,

2053 683 2105 728 et
2135 689 2323 731 eorum
2353 693 2473 747 quae
2511 679 2574 734 in.
2603 681 2720 751 ipso
2757 685 3187 755 continebantur,
3221 700 3277 746 et
3299 695 3650 752 sacerdotalis

2052 765 2307 833 amictus,
2330 776 2384 822 et
2413 770 2679 826 unctionis
2715 775 3075 843 sacerdotum,
3107 787 3162 835 et
3191 781 3646 854 redemptionnm.

2054 855 2180 912 llaec
2203 873 2331 914 vero
2354 869 2508 916 erant
2538 872 2593 917 ut
2630 865 2824 936 singuli
2863 867 3137 926 dimidiam
3179 873 3475 932 didraehmi
3523 894 3646 948 par-

2055 959 2162 1004 tem
2189 951 2397 1017 darent,
2443 955 2496 1010 id
2542 967 2646 1023 est,
2690 959 2879 1017 obolos
2915 960 3124 1018 decem.
3168 966 3238 1021 Et
3276 968 3345 1024 de
3375 974 3648 1041 composi-

2054 1041 2196 1098 tione
2223 1044 2324 1100 olei
2359 1047 2620 1119 praecipit,
2661 1052 2800 1107 etde
2840 1053 3215 1114 observatione
3252 1061 3484 1117 sabbati.
3506 1063 3650 1119 Con-

2053 1134 2272 1190 veniunt
2315 1135 2568 1195 lsraelitze
2594 1149 2779 1198 contra
2824 1144 3090 1203 Aaronem
3117 1158 3178 1204 et
3194 1149 3261 1204 in
3288 1151 3654 1210 idololatrian»

2054 1225 2312 1282 incidunt.
2344 1228 2493 1286 Tunc
2533 1233 2609 1288 ait
2637 1235 2778 1293 Deus
2819 1237 2984 1309 Moysi
3015 1257 3030 1295 :
3060 1242 3188 1297 Sine
3232 1260 3330 1309 me,
3379 1256 3428 1300 et
3471 1248 3658 1302 delebo

2051 1334 2156 1382 eos,
2185 1322 2451 1391 etfaciam
2487 1332 2536 1378 te
2575 1325 2628 1379 in
2657 1336 2860 1397 gentem
2889 1346 3127 1399 magnam
3164 1331 3359 1403 (Emod.
3392 1336 3485 1392 32.
3532 1339 3643 1408 £0).

2055 1411 2124 1466 Ut
2151 1422 2329 1468 autem
2360 1415 2694 1472 descendens
2719 1420 2932 1492 Moyses
2965 1421 3098 1479 vidit
3130 1426 3356 1482 vitulum
3386 1438 3441 1484 et
3469 1445 3649 1501 popu-

2053 1505 2160 1557 lum
2192 1505 2486 1573 ludentem,
2525 1511 2745 1580 projecit
2772 1524 2826 1567 et
2857 1516 3109 1570 contrivit
3145 1519 3369 1584 tabulas,
3400 1522 3658 1593 inerepa-

2052 1595 2128 1648 vit
2157 1596 2444 1662 Aaronem,
2473 1602 2724 1671 praecepit
2749 1603 2869 1657 liliis
2897 1603 3025 1659 Levi
3062 1595 3440 1678 venientibus;
3455 1613 3596 1670 dixit
3630 1635 3646 1670 :

2054 1684 2114 1738 Si
2137 1687 2249 1755 quis
2281 1688 2350 1741 ad
2391 1688 2682 1759 Dominum,
2717 1695 2883 1747 ueniat
2917 1696 2986 1748 ad
3027 1713 3124 1762 me,
3163 1709 3216 1752 ut
3253 1702 3450 1757 occidat
3481 1721 3646 1759 unus-

2051 1776 2259 1846 quisque
2283 1782 2494 1849 {fati-em
2520 1799 2678 1836 suum
2695 1794 2742 1836 et
2759 1787 3211 1853 prox-imumsuum
3236 1805 3261 1846 ε,
3279 1800 3328 1844 et
3352 1795 3647 1850 ceciderunt

2050 1877 2150 1921 tres
2172 1870 2310 1923 mille
2334 1872 2428 1924 viri
2455 1872 2648 1942 (Exod.
2680 1874 2765 1928 52.
2799 1875 2870 1930 26
2909 1878 3113 1949 -28).
3153 1879 3305 1936 Tune
3345 1886 3661 1942 ascendens.

2051 1960 2257 2032 Moyses
2284 1963 2421 2019 dixit
2449 1966 2559 2022 Deo
2587 1985 2600 2021 :
2634 1968 2696 2023 Si
2737 1971 2937 2038 quidem
2967 1970 3178 2027 dimittis
3220 1975 3325 2030 illis
3351 1989 3640 2046 peccatum,

2051 2054 2245 2110 dimitte
2263 2073 2293 2122 ;,
2320 2058 2400 2111 sin
2439 2059 2634 2127 minus,
2655 2061 2768 2115 dele
2805 2080 2884 2116 me
2912 2064 2974 2118 de
3013 2065 3162 2132 libro,
3203 2084 3353 2138 quem
3390 2072 3642 2141 scripsisti

2055 2147 2247 2217 (Exod.
2276 2149 2364 2204 59..
2389 2150 2476 2205 5i.
2509 2152 2624 2224 52).
2656 2153 2805 2209 Tunc
2837 2156 2988 2212 ﬂevit
3008 2160 3330 2228 populus,et
3352 2163 3538 2232 jussus
3561 2179 3648 2221 est

2049 2240 2319 2308 deponere
2339 2255 2586 2298 ornatum
2609 2261 2783 2300 suum.
2818 2248 2913 2303 llic
2931 2249 3294 2308 dictumtl'uit-z
3322 2253 3388 2308 Et
3405 2257 3645 2326 loquutus

2047 2341 2119 2384 est
2152 2330 2396 2389 Dominus
2444 2335 2512 2388 ad
2556 2335 2806 2406 Moysem,
2846 2339 2991 2406 quasi
3033 2341 3078 2394 si
3119 2343 3230 2411 quis
3281 2344 3520 2414 loquatur
3571 2352 3651 2400 ad

2049 2424 2266 2478 anticum
2292 2443 2436 2480 suum
2463 2427 2656 2501 (Exod.
2690 2429 2776 2484 35.
2812 2431 2925 2502 ll).
2947 2431 3103 2487 .Iesus
3129 2442 3306 2490 autem
3333 2438 3473 2492 lilius
3498 2438 3645 2496 Nave

2052 2535 2154 2573 non
2180 2520 2553 2590 egrediebatur
2573 2537 2640 2577 ex
2668 2523 3032 2580 tabernaculo.
3061 2526 3212 2583 Tunc
3240 2539 3392 2600 rogat
3431 2531 3646 2604 Moyses

2051 2609 2238 2676 Deum,
2269 2620 2324 2665 nt
2354 2627 2458 2666 non
2487 2612 2820 2684 derelinquat
2847 2615 3120 2686 populum,
3147 2628 3202 2673 et
3220 2619 3413 2677 dolatis
3428 2622 3641 2680 duabus

2047 2701 2263 2768 tabulis,
2296 2705 2500 2773 accepit
2538 2705 2872 2776 deCangum,
2919 2711 3200 2765 transactis
3245 2728 3458 2768 rursum
3505 2732 3645 2784 ψιειο

2047 2793 2288 2865 draginta
2319 2795 2504 2851 diebus
2534 2807 2592 2850 et
2633 2801 2981 2870 quadraginta
3020 2803 3296 2859 noctibus-
3325 2805 3646 2879 Pnecipitur

2046 2896 2224 2941 autem
2257 2888 2353 2959 ipsi
2384 2888 2575 2944 iterum
2618 2890 2685 2946 de
2714 2893 2927 2961 pascha,
2961 2893 3029 2950 de
3059 2895 3315 2966 sabbato,
3342 2899 3412 2955 de
3455 2911 3644 2957 ester-

2047 2979 2312 3033 tninandis
2331 2981 2567 3049 gentium
2587 2981 2712 3049 diis,
2723 2981 2789 3037 de
2805 2983 3170 3054 primugenitis
3192 2987 3290 3057 ipsi
3307 2993 3645 3046 sanctiﬁcan-

2047 3071 2148 3124 dis.
2181 3070 2276 3126 llic
2302 3071 2519 3142 legitur,
2543 3073 2778 3145 Moysem
2809 3091 2929 3131 cum
2976 3078 3096 3132 velo
3132 3078 3406 3150 loquutuui
3440 3086 3643 3152 popqu

2045 3179 2194 3228 esse;
2226 3165 2375 3234 quod
2392 3165 2458 3220 ad
2487 3165 2796 3223 Corinthios
2822 3168 3057 3229 secunda
3089 3172 3163 3226 ait
3191 3172 3386 3228 Paulus
3410 3175 3488 3244 (2.
3517 3177 3641 3231 Cor.

2045 3257 2102 3313 3.
2136 3258 2243 3328 15).
2269 3257 2420 3315 Tunc
2454 3258 2558 3314 illis
2585 3271 2910 3328 prteceptum
2939 3270 3022 3316 est
3049 3262 3118 3318 de
3148 3263 3395 3331 sabbato,
3421 3266 3492 3321 de
3519 3283 3641 3321 tua-

2047 3351 2178 3402 ιρι-ιιι
2217 3349 2283 3404 ad
2318 3349 2644 3406 tabernaculi
2681 3353 3136 3408 constructionem
3177 3355 3498 3422 adhibenda,
3537 3359 3646 3414 hoc

2045 3449 2148 3504 est,
2174 3439 2243 3494 de
2269 3455 2422 3506 auro,
2453 3441 2522 3496 de
2540 3457 2680 3508 tere,
2701 3440 2769 3496 de
2794 3443 3020 3512 capillis,
3048 3443 3222 3515 deque
3248 3447 3450 3518 reliqua
3476 3460 3644 3504 mate-

2047 3529 2142 3583 ria.
2175 3528 2243 3588 Et
2277 3529 2353 3584 illi
2384 3531 2745 3600 quidemcum
2788 3548 2976 3603 magna
3016 3535 3310 3600 all'erebaut
3334 3538 3640 3605 alacritate,

2045 3621 2115 3674 ita
2147 3631 2202 3675 ut
2230 3621 2584 3687 redundaret;
2626 3633 2880 3694 operatus
2929 3633 3108 3681 autem
3155 3639 3240 3682 est
3285 3628 3526 3686 Beseleel
3573 3633 3652 3687 de-

2045 3711 2186 3766 tribu
2208 3711 2364 3779 Juda,
2406 3722 2459 3768 et
2496 3714 2649 3772 Eliab
2673 3717 2740 3770 de
2776 3716 2912 3770 tribu
2943 3716 3053 3773 Dan
3082 3719 3276 3776 omnia.
3307 3720 3376 3776 ad
3410 3737 3642 3792 appara-

2045 3815 2158 3860 tum
2211 3808 2553 3875 necessaria;
2593 3818 2648 3865 et
2691 3811 3086 3866 tabernaculum
3141 3814 3312 3882 stetit,
3359 3817 3643 3888 nubesque

2043 3900 2254 3969 cperuit
2279 3901 2428 3955 illud.
2455 3901 2606 3970 Quod
2635 3912 2815 3957 autem
2857 3904 3157 3974 impensum
3210 3906 3304 3962 fuit
3337 3908 3405 3963 ad
3447 3926 3638 3980 opera.

2042 3992 2158 4044 auri
2187 3992 2410 4062 quidem
2430 3994 2826 4063 vigintiinivem
2859 3997 3050 4054 talenta
3073 4009 3125 4053 et
3145 3999 3260 4055 sicli
3287 4001 3651 4074 septingenti,

2041 4081 2248 4150 argenti
2272 4083 2467 4141 talenta
2499 4093 2735 4152 centum,
2757 4085 2873 4139 sicli
2896 4086 3019 4153 772,
3051 4088 3174 4143 aenis
3192 4091 3391 4148 talenta
3421 4105 3642 4163 septua-

2041 4172 2218 4241 ginta,
2239 4184 2293 4229 et
2318 4174 2401 4230 bis
2429 4175 2575 4230 mille
2603 4177 2876 4247 quingenti
2906 4179 3044 4234 sicli.

2371 4322 2669 4377 stmcus,
2710 4325 2865 4367 Linea
2903 4329 3131 4370 manus
3168 4313 3268 4387 (a).

2114 4442 2381 4499 Leviticus
2404 4455 2624 4501 vocatur
2662 4446 2748 4504 hic
2785 4449 2941 4518 liber,
2968 4452 3091 4521 quia
3133 4455 3352 4523 proprie
3378 4465 3438 4510 et
3467 4473 3639 4527 pecu~

2043 4533 2242 4589 liaritei:
2269 4544 2430 4590 totam
2459 4536 2678 4593 Levitici
2715 4540 2993 4594 ministerii
3029 4543 3252 4597 formam
3279 4546 3550 4613 continet,
3582 4561 3646 4603 et

2041 4643 2146 4695 quo
2175 4637 2327 4694 pacto
2349 4629 2526 4685 Aaron
2543 4639 2597 4684 et
2637 4630 2860 4700 liliiejus
2881 4647 2946 4686 ex
2973 4632 3123 4687 tribu.
3136 4633 3262 4690 Levi
3295 4635 3359 4688 in.
3375 4639 3645 4697 sacerdo-

2042 4727 2120 4772 tes
2141 4719 2293 4772 electi
2323 4721 2503 4790 utique
2542 4721 2758 4786 fuerint,
2784 4735 2840 4778 et
2880 4725 3136 4794 quidquid
3177 4726 3509 4785 discriminis
3555 4743 3647 4787 est

2041 4811 2182 4866 inter
2211 4813 2467 4870 sacriﬁcia
2493 4825 2547 4870 et
2570 4815 2891 4883 oblationes,
2921 4828 2974 4873 et
3014 4819 3186 4888 qualis
3225 4821 3296 4875 sit
3349 4823 3646 4878 universus

2039 4921 2310 4961 sacrormn
2341 4908 2534 4972 Cultus,
2561 4911 2995 4982 saecrdotalequc
3023 4913 3399 4970 ministerium.
3428 4917 3648 4973 Deinde

2038 5000 2296 5068 cujusque
2319 5002 2565 5056 sacriﬁcii
2596 5001 2764 5073 legem
2791 5019 2851 5058 es
2860 5004 3038 5074 ponit;
3069 5015 3181 5060 tum
3208 5005 3326 5075 ejus
3351 5008 3503 5076 quod
3529 5026 3637 5078 pro

2039 5091 2240 5160 salute,
2273 5099 2384 5146 tum
2433 5095 2550 5163 ejus
2578 5097 2722 5164 quod
2769 5110 2867 5164 pro
2910 5096 3138 5166 delicto,
3179 5098 3292 5154 sive
3329 5111 3645 5170 spontaneo

2039 5185 2151 5240 sive
2171 5185 2544 5254 involuntario,
2562 5198 2618 5243 et
2634 5205 2741 5258 quo
2758 5199 2911 5258 pacto
2925 5190 3130 5262 singula
3147 5191 3433 5248 dividenda
3455 5195 3572 5250 sint
3588 5205 3650 5251 et

2041 5281 2336 5335 referenda.
2367 5282 2656 5338 Enarratur
2685 5284 2844 5338 etiam
2873 5283 2927 5340 in
2957 5283 3060 5339 hoc
3101 5284 3248 5340 libro
3283 5288 3494 5341 summi.
3537 5303 3635 5342 sa.

2039 5374 2294 5440 cerdotis,
2347 5376 2678 5447 aliorumque
2721 5377 3060 5434 sacerdotum
3116 5381 3298 5435 unctio
3329 5398 3345 5436 :
3372 5381 3442 5436 ad
3491 5382 3638 5448 haec,

2105 5505 2178 5568 (α)
2196 5511 2313 5574 litae
2321 5510 2628 5574 tqtaievitiei
2643 5511 2866 5574 Synopsis
2876 5510 3096 5562 desidera
3104 5517 3152 5561 tu
3161 5525 3183 5558 r
3203 5513 3248 5560 in
3266 5510 3448 5564 Codice
3470 5514 3645 5568 Coisli-

2041 5567 2314 5633 niano,sed
2358 5569 2565 5619 habetur
2599 5573 2648 5621 in
2670 5567 2997 5633 'l.ugdunensi
3019 5574 3256 5625 Batavico.
3286 5567 3492 5626 maxima
3514 5593 3646 5628 vero

2041 5632 2284 5698 parsejus
2308 5633 2480 5698 eadem
2502 5635 2603 5693 ipsa
2629 5641 2722 5690 est,
2748 5632 2859 5696 qute
2883 5637 2931 5683 in
2954 5644 3148 5698 SynepSI
3166 5638 3408 5688 Athanasii
3433 5640 3647 5688 nomine.

2040 5708 2068 5744 a
2092 5693 2238 5761 nobis
2267 5695 2401 5761 edita
2435 5703 2512 5761 est
2547 5698 2698 5747 Τοιηο
2737 5693 2778 5747 ll
2807 5693 3022 5761 Operam
3064 5693 3339 5753 Athanasii.
3376 5701 3450 5753 lia
3477 5701 3544 5753 de
3582 5717 3638 5752 re

2042 5756 2204 5821 agitur
2229 5756 2278 5807 in
2299 5759 2516 5808 Diatriba
2547 5767 2660 5808 ante
2685 5756 2939 5826 Syuop'sin
2954 5765 3124 5830 posita.
