3720 6274
52 269 162 330 527

59 416 159 454 σαν
200 398 253 453 οί
303 397 633 470 Ἰσραηλῖται
665 398 723 451 ἐν
762 397 829 468 τῇ
873 395 1098 467 ἐρήμῳ,
1147 396 1285 467 κρέα
1322 393 1629 465 ζητοῦντες.

56 485 192 537 Τότε
225 482 449 554 ἔϐρεξεν
487 483 671 545 αὐτοῖς
717 481 911 552 μάννα.
942 477 1077 535 Εἶτα
1108 481 1306 551 ῆνεγκε
1347 479 1447 550 τὴν
1481 479 1636 550 ὀρτυ-

58 568 366 637 γομήτραν.
412 563 673 619 Ἐνταῦθα
712 566 807 619 ἐπὶ
843 561 936 618 τοῦ
978 565 1185 635 μάννα,
1216 563 1244 616 ὃ
1275 563 1335 616 τὸ
1362 562 1495 615 πολὺ
1537 561 1636 614 ούκ

59 650 378 712 ἐπλεόνασε,
408 649 498 703 καὶ
538 649 567 701 6
602 648 663 701 τὸ
690 647 869 715 ὀλίγον
896 647 995 700 οὐκ
1032 646 1381 716 ἡλαττόνησε,
1420 646 1635 716 παρήγ-

57 735 206 803 γειλε
227 735 306 805 μὴ
330 732 717 787 ὑπολείπεσθαι
748 734 825 795 είς
855 732 951 801 τὴν
979 731 1185 802 αὔριον.
1202 732 1264 783 Οἱ
1287 730 1343 783 δὲ
1363 731 1639 801 παρήκου-

63 836 185 880 σαν,
220 818 319 869 καὶ
363 816 553 885 γέγονε
600 814 660 868 τὸ
690 812 1048 881 καταλειφθὲν
1085 813 1377 883 σκωλήκων
1408 811 1633 883 πλῆρες.

60 900 227 954 Εἶπε·
268 900 361 971 Μὴ
392 899 639 969 ἐξέλθητε
679 896 924 962 συλλέξαι
952 897 1029 968 τῷ
1068 897 1353 968 σαϐϐάτῳ·
1389 896 1438 949 οἱ
1463 896 1517 948 δὲ
1544 896 1636 948 καὶ

59 987 116 1038 ἐν
158 983 340 1052 τούτῳ
393 984 779 1053 παρήκουσαν,
822 981 914 1036 καὶ
961 978 1265 1045 ἐξελθόντες
1310 981 1406 1050 οὐχ
1458 974 1632 1050 εὖρον.

58 1068 292 1121 Κελεύει
332 1065 564 1136 Μωῦσῆς
613 1067 669 1119 ἐν
706 1064 926 1135 στάμνῳ
981 1066 1153 1137 χρυσῇ
1200 1064 1494 1119 ἀποθέσθαι
1529 1063 1637 1117 ἀπὸ

57 1155 154 1208 τοῦ
182 1156 359 1226 μάννα
399 1155 477 1219 εἱς
514 1154 612 1218 τὰς
647 1152 782 1224 μετὰ
828 1152 997 1207 ταῦτα
1025 1155 1235 1221 γενεάς.
1268 1153 1340 1205 Τὸ
1374 1152 1429 1205 δὲ
1464 1153 1636 1223 μάννα

58 1249 268 1319 ἐφαγον
319 1248 722 1318 τεσσαράκοντα
772 1244 887 1316 ἔτη.
930 1246 1063 1299 Τότε
1114 1245 1406 1315 ἐγόγγυζον
1441 1245 1527 1299 διά
1575 1246 1636 1299 τὸ

58 1340 233 1411 δῖψος.
252 1342 365 1394 Καὶ
387 1339 620 1406 ἐπάταξε
650 1338 888 1408 Μωῦσῆς
921 1338 1017 1409 τὴν
1046 1337 1268 1409 πέτραν,
1296 1337 1393 1392 καὶ
1416 1336 1636 1407 ἐξῆλθεν

58 1434 117 1489 τὸ
145 1432 317 1505 ὕδωρ.
345 1433 600 1502 Ἔρχεται
641 1429 885 1501 Ἀμαλὴκ
912 1430 1225 1500 πολεμῶσαι
1266 1428 1358 1481 τὸν
1400 1428 1633 1500 Ἰσραήλ·

60 1522 150 1577 καὶ
178 1521 445 1593 ἐτρέψατο
468 1520 629 1574 αὐτὸν
654 1520 861 1590 Ἰησοῦς
885 1521 913 1573 6
930 1518 1024 1573 :06
1054 1519 1231 1591 Ναυῆ’
1254 1518 1347 1572 καὶ
1376 1518 1479 1583 ἕως
1497 1513 1637 1591 ἦσαν

58 1619 112 1672 αἱ
142 1618 326 1686 χεῖρες
382 1612 588 1682 Μωῦσῆ
629 1611 924 1682 μετέωροι,
961 1612 1175 1681 ίσχυσεν
1203 1612 1231 1664 6
1273 1609 1507 1682 Ἰσραὴλ,
1546 1610 1636 1663 ὅτε

58 1704 113 1755 δέ
146 1701 389 1769 καθῆκεν
423 1699 625 1763 αὐτὰς,
653 1698 911 1770 ήττῶντο.
945 1697 1114 1750 Τοῦτο
1143 1698 1200 1751 δὲ
1238 1697 1409 1761 τύπος
1438 1693 1506 1769 ἦν
1541 1697 1634 1751 τοῦ

60 1788 294 1862 σταυροῦ
312 1801 361 1842 ⁸.
401 1788 757 1857 Εἱστήκεισαν
782 1785 889 1856 γὰρ
928 1784 1139 1855 Ἀαρὼν
1173 1786 1266 1838 καὶ
1301 1786 1424 1856 Ὢρ,
1452 1784 1636 1857 στηρί-

60 1878 242 1941 ζοντες
268 1876 366 1939 τάς
392 1877 579 1945 χεῖρας
600 1872 824 1944 Μωῦσῇ.
842 1869 971 1925 Εἶπε
1000 1872 1055 1925 δὲ
1091 1870 1292 1943 Κύριος
1315 1872 1452 1943 πρὸς
1473 1874 1636 1927 Μωῦ-

59 1968 156 2036 σήν
178 1983 193 1995 ·
224 1962 629 2031 Κατάγραψον
664 1960 839 2015 τοῦτο
878 1961 963 2026 είς
992 1960 1389 2029 μνημόσυνον
1435 1960 1505 2013 ἐν
1547 1961 1637 2026 ,θιι

56 2054 221 2116 ϐλίῳ.
270 2051 514 2121 ’Δπαντᾷ
545 2049 711 2121 Ἰοθὸρ
759 2050 787 2101 6
821 2047 1082 2120 πενθερὸς
1124 2048 1333 2119 Μωῦσῆ
1372 2049 1509 2119 μετὰ
1536 2050 1636 2122 τῆς

56 2140 315 2211 γυναικὸς
355 2138 623 2211 (γαμϐρὸν
643 2137 700 2190 δὲ
738 2136 897 2190 αὐτὸν
929 2136 1086 2190 καλεῖ
1114 2138 1568 2209 καταχρηστικῶς
1599 2140 1633 2207 ή

54 2227 269 2301 Γραφὴ)
312 2226 390 2297 τῷ
417 2243 475 2279 τε
521 2226 728 2297 Μωύσῇ
765 2224 858 2277 καὶ
908 2223 986 2294 τῷ
1025 2223 1136 2295 λαῷ
1157 2224 1207 2279 δ.
1257 2226 1535 2296 Διηγεῖται
1567 2226 1636 2278 τά

56 2313 338 2385 θαυμάσια
359 2312 595 2383 Μωῦσῆς
623 2311 700 2382 τῷ
735 2311 1007 2383 πενθερῷ’
1048 2310 1154 2364 όδὲ
1188 2311 1516 2383 ἐθαύμασεν.
1549 2314 1636 2378 Ὠς

55 2402 107 2455 δὲ
139 2396 246 2454 εἶδε
271 2400 447 2454 πάντα
478 2398 568 2451 τὸν
597 2398 726 2452 λαὸν
774 2397 1158 2470 παρεστηκότα
1182 2400 1388 2471 Μωύσῇ
1411 2443 1426 2468 ,
1462 2402 1551 2455 τὸν
1579 2402 1635 2456 δὲ

56 2492 153 2544 οὐκ
180 2488 454 2561 ἀρκοῦντα
491 2490 625 2542 πᾶσι
661 2488 883 2560 κρίνειν,
916 2488 1080 2559 φησὶν
1105 2487 1256 2561 αύτῷ
1281 2491 1309 2544 6
1352 2490 1632 2563 πενθερόςο

68 2579 345 2646 Ἐπίλεξαι
387 2578 585 2650 ἄνδρας
617 2578 893 2641 δυνατοὺς,
917 2577 1208 2643 θεοσεϐεῖς,
1234 2578 1491 2648 δικαίους,
1544 2598 1634 2652 μι-

57 2669 287 2732 σοῦντας
320 2668 720 2741 ὑπερηφανίαν,
744 2668 839 2724 καὶ
885 2668 1227 2738 κατάστησον
1271 2668 1469 2732 αὐτοὺς
1501 2667 1637 2739 χιλι-

56 2757 285 2828 άρχους,
333 2757 799 2827 ἑκατοντάρχους,
852 2757 1388 2827 πεντηκοντάρχους,
1442 2755 1637 2827 δεκάρ-

56 2857 245 2915 χουςε.
282 2843 535 2915 Ἐποίησε
577 2845 816 2915 Μωῦσῆς
844 2842 1035 2908 οὓτως,
1064 2843 1160 2896 καὶ
1189 2842 1418 2913 ἀνῆλθεν
1461 2845 1540 2907 είς
1575 2844 1637 2897 τὸ

53 2934 201 3005 ὅρος.
248 2932 357 2986 Καὶ
389 2930 723 3003 προσέταξεν
750 2928 899 3000 αύτῷ
950 2933 979 2984 6
1022 2930 1154 2994 Θεὸς
1176 2933 1348 2983 εἰπεῖν
1393 2930 1471 3001 τῷ
1500 2930 1635 3001 λαῷ,

53 3022 134 3079 ὅτι
158 3019 480 3073 ἐσονταιτοῦ
498 3019 631 3071 Θεοῦ
660 3018 927 3088 βασίλειον
961 3017 1277 3090 ἱεράτευμα,
1292 3017 1441 3081 ἔθνος
1459 3018 1633 3086 ἅγιον,

55 3104 148 3157 ἐὰν
176 3102 555 3161 ὑπακούσωσι.
583 3103 647 3154 Οἱ
680 3102 737 3154 δὲ
765 3097 916 3155 εἱπον
934 3119 947 3133 ·
978 3102 1261 3167 Ἂπαντιι,
1281 3101 1397 3155 ὅσα
1417 3097 1585 3155 εἶπεν
1603 3105 1637 3158 ό

58 3190 218 3256 Θεὸς,
245 3188 582 3259 ποιήσομεν
600 3188 699 3242 καὶ
724 3189 1120 3258 ἀκουσόμεθα.
1154 3190 1287 3242 Τότε
1306 3190 1637 3259 προστάσσει

54 3278 131 3352 τῷ
157 3278 274 3349 λαῷ
312 3276 633 3346 ἀγνισθῆναι
663 3276 768 3340 ἕως
817 3276 1006 3349 τρίτης
1055 3276 1290 3349 ἡμέρας,
1345 3278 1538 3333 πλῦναι
1568 3278 1638 3332 τὰ

59 3366 247 3437 ἱμάτια
297 3365 501 3421 αὐτῶν.
572 3363 833 3419 Ἐνταῦθα
885 3365 1098 3437 εἴρηται
1152 3366 1345 3420 καὶτὸ
1378 3367 1530 3439 παρὰ
1559 3367 1637 3438 τῷ

68 3454 377 3525 Ἀποστόλῳ
418 3455 477 3507 ἐν
529 3454 596 3525 τῇ
644 3451 782 3525 πρὸς
822 3452 1129 3524 Ἐϐραίους·
1174 3452 1299 3508 Κᾶν
1343 3456 1481 3524 θίγῃ
1528 3454 1635 3509 τοῦ

56 3545 252 3615 ὄρους,
290 3540 852 3611 λιθοϐοληθήσεται.
886 3540 1036 3614 [529]
1066 3542 1200 3596 Τότε
1232 3543 1553 3609 ἐκαπνίζετο
1577 3544 1637 3597 τὸ

56 3633 197 3703 690;,
229 3632 413 3701 φωναὶ
447 3630 761 3700 σαλπίγγων
780 3632 965 3702 ῆχουν.
997 3632 1131 3685 Τότε
1162 3631 1261 3695 τάς
1285 3633 1504 3697 ἐντολάς
1541 3635 1635 3688 τοῦ

58 3722 216 3791 νόμου
244 3720 515 3790 λαμϐάνει
539 3720 902 3790 Μωύσῆς,τὴν
926 3721 1247 3789 Δεκάλογον,
1273 3722 1453 3777 καὶτὰ
1475 3723 1638 3779 λοιπά

56 3808 422 3880 δικαιώματα.
463 3808 536 3862 Τὸ
579 3807 671 3873 δὲ,
714 3806 899 3873 Θεοὺς
954 3809 1025 3862 οὐ
1084 3810 1541 3879 κακολογήσεις,
1573 3813 1636 3867 ού

58 3898 177 3970 περὶ
222 3896 462 3952 εἱδὼλων
516 3898 774 3968 εἴρηται,
817 3896 955 3953 ἀλλὰ
999 3898 1128 3968 περὶ
1183 3898 1290 3952 τῶν
1327 3900 1634 3971 άρχόντωνο

55 3989 247 4056 ἐπάγει
282 3986 415 4057 γάρ,
444 3987 713 4056 Ἀρχοντι
739 3986 846 4041 τοῦ
870 3987 1025 4042 λαοῦ
1066 4003 1183 4042 σου
1219 3989 1331 4043 οὐκ
1360 3989 1513 4057 ἐρεῖς
1541 4009 1638 4046 κα-

55 4074 187 4139 κῶς.
226 4074 675 4143 Ἐπαγγέλλεται,
706 4075 758 4128 εἱ
807 4074 1195 4138 ύπακούσειαν,
1250 4076 1420 4131 πολλὰ
1452 4079 1635 4144 αὐτοῖς

52 4161 269 4229 ἀγαθά’
297 4162 594 4233 κρατήσειν
625 4161 732 4215 τῶν
760 4161 948 4228 ἐθνῶν,
986 4163 1085 4235 τῆς
1116 4163 1220 4234 γῆς
1250 4163 1631 4236 κληρονομίαν,

52 4252 105 4302 τὸ
136 4249 288 4319 ὕδωρ
313 4247 496 4303 αὐτῶν
527 4249 841 4319 εὐλογήσειν
860 4250 956 4304 καὶ
987 4250 1078 4304 τὸν
1104 4251 1287 4323 ἄρτον,
1315 4252 1496 4325 πάσης
1526 4272 1632 4325 μα-

53 4336 248 4400 λακίας
297 4335 498 4401 αὐτοὺς
544 4337 895 4404 ἀπαλλάξειν,
937 4338 1012 4410 μὴ
1058 4338 1277 4393 ἔσεσθαι
1330 4343 1547 4411 στεῖραν
1577 4343 1635 4394 ἐν

52 4427 256 4489 αὐτοῖς,
298 4425 437 4496 μηδὲ
474 4425 687 4495 ἄγονον,
721 4426 857 4498 μηδέ
885 4426 1112 4482 θάνατον
1166 4427 1367 4500 ἄωρον,
1402 4428 1470 4483 τὰ
1513 4430 1636 4501 ὅρια

54 4511 233 4565 αὐτῶν
282 4511 471 4583 Θήσειν
499 4512 607 4565 ἀπὸ
636 4513 739 4583 τῆς
786 4514 1049 4585 Ἐρυθρᾶς
1083 4514 1360 4587 θαλάσσης
1390 4517 1495 4581 ἕως
1534 4517 1633 4589 τῆς

52 4598 390 4669 Φυλιστιεὶμ,
412 4599 520 4653 άπὸ
540 4599 637 4671 τῆς
661 4601 870 4673 ἐρήμου
898 4602 1003 4666 ἕως
1037 4603 1132 4657 τοῦ
1172 4604 1482 4676 Εὐφράτου.
1502 4608 1545 4659 Τ
1546 4608 1633 4661 ότε

54 4688 165 4743 θύει
190 4689 335 4744 Μωῦ
344 4688 463 4759 σῆς,
481 4690 574 4742 και)⁸
588 4689 649 4742 τὸ
663 4690 834 4760 ἥμισυ
858 4690 953 4744 τοῦ
973 4690 1201 4761 αἵματος
1216 4693 1482 4766 προσέχεε
1499 4695 1634 4766 πρὸς

50 4778 105 4830 τὸ
136 4776 529 4848 θυσιαστήριον
550 4792 562 4807 ·
583 4778 676 4829 καὶ
703 4776 882 4830 λαϐὼν
910 4778 970 4831 τὸ
998 4773 1135 4849 αἷμα
1151 4782 1510 4835 κατεσκέδασε
1538 4781 1631 4835 τοῦ

49 4864 503 4935 λαοῦ.Μέμνηται
528 4864 730 4918 τούτων
746 4865 774 4917 6
790 4864 1000 4929 Παῦλος
1017 4868 1073 4919 ἐν
1095 4870 1162 4939 τῇ
1185 4867 1319 4936 πρὸς
1350 4868 1631 4940 Ἑϐραίους

46 4952 246 5023 λέγων,
264 4954 351 5007 ὅτι
370 4950 523 5007 οὐδὲ
538 4953 575 5023 ἠ
596 4952 794 5022 πρώτη
814 4953 1066 5023 διαθήκη
1087 4954 1263 5024 χωρίς
1273 4955 1519 5026 αἵματος
1538 4956 1632 5028 ἐγ-

102 5104 131 5131 ·
153 5101 246 5151 Sic
276 5098 493 5163 Humilia
512 5101 562 5163 in
582 5099 723 5163 illud,
749 5101 918 5159 Paler,
942 5096 986 5149 si
1008 5095 1234 5163 possibile
1249 5105 1319 5151 est
1343 5112 1361 5151 :
1381 5102 1461 5149 καὶ
1483 5104 1632 5152 Μωῠ-

40 5172 126 5223 σῇς
145 5165 206 5213 δὲ
235 5163 366 5226 οὕτω
390 5159 477 5209 τοῦ
512 5160 731 5226 ξᾼμριλήκ
772 5159 1083 5226 περιεγένετο,
1108 5163 1267 5219 ἐπειδὴ
1287 5163 1431 5211 τύπον
1452 5165 1632 5214 ἐπεδεί-

38 5220 186 5274 uino
230 5221 321 5272 τοῦ
347 5220 703 5284 σταυροῦζὶιοκ
728 5220 859 5284 quod
879 5220 999 5273 dicit
1040 5220 1432 5284 Chrysoslomus.
1454 5226 1630 5275 Jolho-

38 5302 144 5356 ηρ]
181 5286 287 5335 dici
309 5286 360 5333 in
383 5284 638 5356 §crjpmra
666 5286 876 5356 γαμϐρὸν
897 5286 1310 5356 καταχρηστικῶῇ
1333 5288 1422 5356 _sed
1448 5288 1631 5356 impljo-

36 5351 147 5414 prie
174 5361 271 5414 pro
290 5346 531 5414 τξξνϐερόν,
554 5346 806 5414 generum;
825 5348 872 5394 in
895 5346 1122 5414 ρξιιηῖδιξε
1139 5348 1244 5414 ,τιῖθν
1274 5346 1343 5414 9'
1378 5346 1631 5414 θέθηίίξ¹³⁸

36 5406 192 5461 τιδιιέ
230 5406 484 5473 ὴοόίεῳξε
523 5406 843 5473 οὗεετνειυτ,
862 5407 1178 5473 υᾼὸίκγαμᾷρόν
1199 5406 1401 5473 legitur.
1426 5406 1629 5473 Lug'du-

35 5473 213 5545 ποθεὶς.
237 5469 399 5545 Eadm:
435 5469 517 5517 hic
536 5468 687 5518 habet
718 5470 927 5532 γαμϐρόν
949 5468 1000 5518 δὲ
1034 5468 1184 5517 ἀὐτὸν
1207 5468 1341 5519 καλεῖ
1361 5468 1629 5534 χρηστῖκῶς

37 5539 148 5597 (sic)
170 5536 206 5590 ἡ
237 5534 424 5594 Γραφῇ.

37 5663 42 5665 ν
91 5596 122 5636 ι»
150 5596 297 5665 “aeq,
323 5595 412 5665 Δτῷ
458 5608 509 5640 τε
549 5593 734 5653 Μωύσῇ
779 5594 858 5639 καὶ
905 5594 973 5657 τῷ
1020 5595 1150 5659 λαῷ,
1194 5600 1427 5645 mendose
1469 5594 1625 5646 forsan

32 5660 358 5719 mensem!-

92 5726 115 5759 ε
134 5714 216 5772 ἰιι
235 5714 417 5769 Bibliis
440 5715 625 5779 legitur
644 5716 977 5779 δεκαδάρχους.

1117 264 1449 324 SYNOPSIS
1485 258 1900 320 SCRIPTURAS
1940 259 2208 317 SACBxE.

3204 268 3313 328 898

1737 391 2128 444 κεκαίνισται.
2179 389 2473 444 Κελεύεται
2494 391 2734 462 Μωῦσῆς
2759 390 2998 446 ἀνελθὼν
3029 389 3220 447 λαϐεῖν
3246 391 3314 444 τά

1737 479 1921 543 πυξία.
1941 480 2051 532 Καὶ
2064 474 2132 550 ἦν
2150 481 2266 532 ἐκεῖ
2283 479 2689 551 τεσσαράκοντα
2702 481 2914 552 ἡμέρας
2936 481 3029 534 καὶ
3044 481 3311 552 τεσσαράο

1737 582 1899 619 κοντα
1919 566 2140 630 νύκτας.
2153 568 2388 621 Ἤκουσε
2411 567 2467 620 δὲ
2493 569 2591 639 τὴν
2608 566 2849 633 διάταξιν
2866 568 2966 638 τῆς
2984 567 3191 638 σκηνῆς
3219 568 3314 620 καὶ

1735 654 1845 707 τῶν
1861 655 1919 706 ἐν
1941 656 2102 727 αὐτῇ,
2118 655 2320 725 καὶτῆς
2339 655 2619 726 ἱερατικῆς
2637 654 2844 725 στολῆς,
2864 656 2956 708 καὶ
2969 655 3065 725 τῆς
3082 655 3313 725 χρίσεως

1736 742 1844 795 τῶν
1884 744 2094 815 ἱερέων,
2123 746 2217 798 καὶ
2246 744 2355 797 τῶν
2380 744 2609 817 λύτρων.
2632 742 2819 799 Ταῦτα
2860 744 2915 797 δὲ
2939 739 3007 815 ἦν
3040 744 3101 797 τὸ
3140 745 3313 814 ἥμισυ

1735 830 1828 884 τοῦ
1874 832 2170 905 διδράχμου
2220 833 2447 889 ἕκαστον
2498 834 2718 898 διδόναι,
2759 834 3054 899 τουτέστιν,
3094 833 3313 896 ὀϐολοὺς

1736 919 1885 974 δέκα.
1924 922 2034 975 Καὶ
2075 922 2205 992 περὶ
2229 923 2325 993 τῆς
2355 922 2655 985 συνθέσεως
2689 920 2783 975 τοῦ
2826 922 3006 975 ἐλαίου
3036 924 3319 993 παραινεῖ,

1738 1008 1831 1062 καὶ
1855 1009 1997 1081 ὑπὲρ
2030 1010 2128 1081 τῆς
2167 1010 2415 1080 φυλακῆς
2435 1010 2529 1064 τοῦ
2561 1009 2853 1065 σαϐϐάτου.
2893 1009 3314 1080 Ἐκκλησιάζου-

1740 1112 1823 1148 σιν
1842 1098 1892 1150 οἱ
1934 1097 2259 1169 Ἰσραηλῖται
2285 1098 2428 1153 κατὰ
2468 1097 2677 1169 Ἀαρὼν
2714 1098 2809 1151 καὶ
2848 1096 3315 1169 εἱδωλολατροῦσι.

1738 1184 1872 1237 Τότε
1903 1185 2113 1256 φησὶνό
2144 1185 2276 1249 Θεὸς
2304 1185 2381 1256 τῷ
2404 1186 2632 1255 Μωῦσῇ·
2678 1185 2902 1239 Ἕιισόν
2933 1202 3031 1255 με,
3072 1184 3173 1239 καὶ
3213 1185 3313 1250 ἐξ-

1737 1273 1969 1342 αλείψω
1982 1274 2226 1341 αὐτοὺς,
2253 1275 2352 1328 καί
2383 1274 2617 1343 ποιήσω
2635 1290 2710 1328 σε
2730 1276 2819 1339 είς
2839 1275 3015 1340 ἔθνος
3036 1275 3207 1345 μέγα.
3227 1276 3314 1341 Ὠς

1737 1358 1794 1412 δὲ
1829 1360 2104 1415 κατελθὼν
2130 1363 2158 1415 6
2194 1361 2433 1433 Μωῦσῆς
2460 1357 2568 1415 εἶδε
2597 1362 2689 1415 τὸν
2723 1362 2920 1434 μόσχον
2949 1364 3157 1417 καὶτὸν
3187 1363 3321 1418 λαὸν

1738 1448 2049 1516 παίζοντας,
2076 1449 2266 1522 έρριψε
2300 1448 2398 1514 τὰς
2453 1449 2687 1518 πλάκας,
2724 1453 2818 1505 καὶ
2849 1452 3185 1524 συνέτριψεν,
3220 1456 3316 1507 ἐπ-

1738 1536 1967 1610 ετίμησε
1995 1538 2071 1609 τῷ
2116 1537 2347 1611 Ἀαρὼν,
2377 1539 2628 1603 ἐκέλευσε
2654 1543 2768 1605 τοῖς
2809 1542 2943 1605 υἱοῖς
2965 1540 3099 1595 Δευὶ
3130 1541 3316 1596 ἐλθοῦ-

1739 1641 1844 1688 σιν,
1899 1621 2063 1678 εἷπε⁸
2099 1627 2171 1679 Εἴ
2228 1643 2317 1692 τις
2372 1628 2522 1697 πρὸς
2566 1626 2843 1699 Κύριον-⁸,
2902 1630 3003 1684 ίτω
3032 1630 3182 1699 πρός
3216 1649 3313 1702 με,

1738 1715 1998 1784 σφάξειν
2039 1716 2301 1771 ἕκαστον
2355 1719 2464 1773 τὸν
2519 1719 2786 1789 ἀδελφὸν
2841 1720 3029 1774 αὐτοῦ
3075 1721 3173 1775 καί
3210 1722 3317 1776 τὸν

1738 1806 2004 1873 πλησίον
2032 1807 2238 1863 αὐτοῦ.
2278 1808 2388 1862 Καί
2446 1810 2672 1864 ἔπεσον
2698 1812 3018 1880 τρισχίλιοι
3073 1811 3311 1880 ἇνδρες.

1739 1893 1870 1946 Τότε
1915 1893 1971 1947 δὲ
2018 1893 2254 1950 ἀνελθὼν
2312 1897 2556 1968 Μωῦσῆς
2600 1897 2750 1965 λέγει
2795 1898 2873 1968 τῷ
2918 1898 3069 1969 Θεῷ·
3107 1902 3177 1953 El
3199 1899 3317 1968 μὲν

1737 1980 1974 2049 ἀριεῒςο
2027 1982 2233 2050 αὐτοῖς
2288 1983 2403 2052 τὴν
2443 1983 2755 2054 ἁμαρτίαν,
2804 1985 2987 2054 ἄφες·
3026 1988 3079 2040 εί
3114 1985 3182 2039 δὲ
3204 1986 3313 2055 μὴ,

1736 2068 2064 2140 ἐξάλειψόν
2103 2087 2182 2141 με
2209 2072 2279 2126 ἐκ
2326 2071 2438 2142 τῆς
2467 2072 2710 2138 βίϐλου,
2746 2068 2821 2144 ἧς
2863 2074 3148 2142 ἔγραψας.
3183 2075 3316 2128 Τότε

1737 2156 2036 2230 ἐπένθησεν
2055 2160 2084 2212 6
2104 2159 2253 2224 λαὸς,
2278 2159 2373 2213 καλ⁸
2399 2158 2689 2230 ἐκελεύσθη
2710 2160 2978 2231 περιελεῖν
2996 2162 3085 2214 τὸν
3114 2163 3316 2231 κόσμον

1737 2244 1923 2300 αὐτοῦ.
1951 2246 2213 2300 Ἐνταῦθα
2236 2246 2469 2318 εἴρηταιο
2490 2246 2596 2300 Καὶ
2626 2246 2893 2315 ἐλάλησε
2924 2249 3140 2316 Κύριος
3167 2251 3318 2317 πρὸς

1736 2333 2022 2403 Μωῦσῆν,
2052 2335 2134 2401 ὠς
2195 2336 2252 2389 εἷ
2294 2353 2384 2402 τις
2431 2336 2692 2403 λαλήσει
2741 2336 2891 2405 πρὸς
2948 2337 3053 2390 τὸν
3099 2338 3318 2393 ἑαυτοῦ

1736 2421 1939 2491 φίλον.
1980 2422 2184 2491 Ἰησοῦς
2210 2423 2266 2477 δὲ
2306 2426 2334 2477 6
2363 2422 2458 2476 :06
2489 2423 2645 2493 Ναυῆ
2686 2423 2783 2476 οὐκ
2819 2424 3170 2496 ἐξεπορεύετο
3219 2432 3320 2499 τῆς

1739 2511 1965 2582 σκηνῆς.
2010 2512 2146 2565 Τότε
2184 2512 2504 2583 παρακαλεῖ.
2538 2513 2781 2582 Μωύσῆς
2825 2514 2917 2566 τὸν
2972 2515 3138 2577 Θεὸν,
3177 2516 3318 2571 ὥστε

1740 2597 1814 2669 μὴ
1846 2598 2162 2654 καταλιπεῖν
2192 2599 2283 2653 τὸν
2316 2599 2472 2653 λαόνο
2492 2602 2618 2654 -ῖκαὶ
2660 2600 2926 2666 λαξεύσας
2962 2602 3055 2656 δύο
3082 2604 3315 2671 πλάκας,

1735 2685 2000 2757 λαμϐάνει
2029 2687 2129 2759 τὴν
2188 2686 2510 2756 Δεκάλογον,
2553 2689 2787 2761 ποιήσας
2841 2690 3003 2743 πάλιν
3049 2693 3320 2763 τεσσαρά-

1737 2790 1901 2828 κοντα
1923 2774 2137 2845 ἡμέρας
2164 2776 2260 2829 καὶ
2286 2776 2691 2847 τεσσαράκοντα
2713 2776 2933 2842 νύκτας.
2983 2778 3317 2843 Ἐντέλλεται

1735 2861 1791 2915 δὲ
1813 2861 1962 2933 αύτῷ
2008 2862 2171 2917 πάλιν
2199 2863 2328 2934 περὶ
2352 2862 2446 2916 τοῦ
2477 2864 2661 2935 πάσχα
2680 2905 2697 2932 ,
2731 2866 2858 2936 περὶ
2889 2865 2984 2919 τοῦ
3025 2867 3314 2930 σαϐϐάτου.

1737 2949 1866 3021 περὶ
1896 2949 1990 3002 τοῦ
2016 2949 2412 3022 ’ἐξολοθρεῦσαι
2445 2952 2571 3016 τοὺς
2617 2951 2772 3015 θεοὺς
2817 2952 2923 3006 τῶν
2948 2953 3139 3019 ἐθνῶν,
3178 2956 3317 3027 ὑπὲρ

1737 3036 1828 3090 τοῦ
1875 3038 2096 3106 ἁγιάσαι
2146 3038 2294 3109 αύτῷ
2339 3038 2408 3093 τὰ
2450 3038 2791 3110 πρωτότοκα.
2828 3041 3087 3095 Ἐνταῦθα
3116 3045 3314 3106 κεῖται,

1735 3124 1817 3177 ὅτι
1854 3126 1990 3195 μετὰ
2022 3125 2377 3198 καλύμματος
2408 3127 2586 3181 ἐλάλει
2635 3128 2875 3197 Μωῦσῆς
2901 3129 2979 3200 τῷ
3011 3129 3123 3199 λαῷ
3144 3148 3155 3160 ·
3199 3131 3227 3185 ὃ
3258 3133 3316 3184 ἐν

1736 3214 1801 3283 τῇ
1832 3211 2058 3285 δευτέρᾳ
2077 3215 2212 3285 πρὸς
2229 3214 2549 3286 Κορινθίους
2573 3216 2737 3286 φησὶν
2758 3217 2786 3268 6
2806 3215 3034 3280 Παῦλος.
3055 3216 3188 3270 Τότε
3218 3218 3315 3271 αύ-

1736 3302 1847 3364 τοῖς
1872 3301 2304 3372 παραγγέλλεται
2343 3303 2471 3371 περὶ
2490 3301 2583 3356 τοῦ
2603 3302 2895 3363 σαϐϐάτου,
2925 3305 3018 3357 καὶ
3051 3306 3182 3375 περὶ
3213 3304 3313 3375 τῆς

1739 3386 1870 3457 ὕλης
1890 3389 1991 3458 τῆς
2024 3388 2345 3460 ὀφειλούσης
2371 3390 2723 3462 προχωρῆσαι
2750 3392 2829 3455 εἱς
2858 3391 2957 3462 τὴν
2988 3392 3088 3463 τῆς
3109 3393 3327 3464 σκηνῆς

1738 3476 2021 3547 ἐργασίαν,
2069 3477 2335 3539 τουτέστι,
2372 3478 2500 3549 περὶ
2530 3476 2622 3531 τοῦ
2670 3477 2894 3549 χρυσοῦ.
2954 3477 3048 3531 τοῦ
3088 3478 3311 3549 χαλκοῦ,

1738 3562 1846 3616 τῶν
1871 3562 2095 3635 τριχῶν,
2118 3564 2215 3619 καὶ
2244 3564 2342 3636 τῆς
2370 3563 2565 3635 λοιπῆς
2602 3563 2751 3635 ὕλης.
2771 3565 2881 3618 Καὶ
2910 3565 2959 3617 οἱ
2996 3565 3094 3636 μὲν
3121 3566 3315 3637 ἔφερον

1738 3650 1907 3723 πολλῇ
1938 3655 2005 3723 τῇ
2036 3651 2334 3725 προθυμίᾳ,
2362 3651 2438 3717 ὡς
2480 3654 2576 3706 καὶ
2612 3652 2985 3725 περισσεύειν·
3024 3654 3314 3724 ἐργάζεται

1740 3737 1890 3813 [350]
1921 3740 1978 3794 δὲ
2006 3738 2269 3811 Βεσελεὴλ
2300 3741 2365 3794 ἐκ
2411 3742 2511 3811 τῆς
2542 3739 2713 3811 φυλῆς
2746 3740 2914 3794 Ἰούδα
2942 3780 2960 3806 ,
3003 3743 3105 3794 καὶτ
3133 3742 3314 3797 Ἐλιὰϐ

1737 3832 1802 3884 ἐκ
1832 3830 1933 3901 τῆς
1962 3830 2135 3901 φυλῆς
2157 3831 2263 3885 Δάν
2306 3831 2521 3885 ἅπαντα
2556 3829 2623 3883 τά
2652 3829 2789 3901 πρὸς
2814 3829 2913 3902 τὴν
2951 3832 3311 3903 κατασκευὴν,

1737 3918 1831 3971 καὶ
1858 3917 1987 3987 ἔστη
2026 3919 2059 3989 ἡ
2087 3918 2281 3988 σκηνή,
2314 3918 2407 3971 καὶ
2435 3915 2703 3986 ἐκάλυψεν
2729 3917 2899 3988 αὐτὴν
2924 3918 2956 3988 ἡ
2986 3917 3204 3990 νεφέλη.
3242 3921 3314 3973 Τὸ

1736 4004 1792 4058 δέ
1817 4003 2092 4059 ἀναλωθὲν
2118 4006 2197 4067 είς
2220 4004 2290 4057 τὰ
2309 4004 2444 4076 ἔργα
2471 4003 2695 4075 χρυσίου
2728 4004 3081 4074 μὲνντάλαντα
3107 4004 3188 4059 κθ⁹
3220 4008 3319 4060 καὶ

1738 4092 1907 4146 σίκλοι
1954 4093 2031 4162 ψ’,
2058 4090 2317 4162 ἀργυρίου
2372 4091 2428 4144 δέ
2462 4090 2708 4144 τάλαντα·
2742 4098 2811 4162 ρῑ,
2842 4091 3013 4145 σίκλοι
3049 4091 3189 4163 ψοβ’,
3220 4096 3315 4147 καί¹

1736 4179 1937 4251 χαλκοῦ
1975 4179 2213 4234 τάλαντα
2244 4185 2307 4244 ο’,
2344 4178 2438 4233 καὶ
2468 4177 2663 4243 σίκλοι,
2694 4177 2804 4249 βφ’.

2160 4268 2497 4334 Λευῖτικὸν,
2525 4267 2768 4333 βιϐλίον
2791 4266 2867 4338 γ’.

1804 4356 2088 4411 Λευῖτικὸν
2114 4356 2357 4409 καλεῖται
2386 4354 2543 4410 τοῦτο
2573 4355 2647 4409 τὸ.
2670 4354 2891 4425 βιϐλίον,
2922 4356 3107 4431 ἐπειδὴ
3131 4358 3314 4423 ίδικῶς

1738 4447 1917 4502 πᾶσαν
1944 4445 2042 4516 τῆς
2067 4462 2124 4497 τε
2166 4444 2453 4514 Λευῖτικῆς
2474 4444 2939 4517 λειτουργίαςντὴν
2979 4445 3315 4502 διατύπωσιν
3348 4490 3384 4533 μ.

1736 4533 1999 4605 περιέχει,
2022 4530 2253 4595 καὶπῶς
2290 4530 2498 4603 Ἀαρὼν
2529 4531 2629 4584 καὶ
2664 4530 2713 4583 οἱ
2740 4531 2846 4584 υἱοὶ
2864 4532 3028 4585 αὐτοῦ
3059 4532 3313 4603 ἐκλέγον·
3348 4530 3373 4569 ἠ

1735 4639 1824 4674 ται
1865 4622 1929 4673 ἐκ
1956 4619 2056 4690 τῆς
2090 4619 2259 4690 φυλῆς
2291 4617 2441 4683 Λευτ,
2474 4618 2565 4671 καὶ
2595 4617 2837 4688 χρίονται
2870 4620 2948 4681 εἱς
2977 4619 3175 4691 ἱερέας,
3206 4623 3311 4676 πᾶ..

1737 4707 1836 4761 σάν
1858 4723 1916 4760 τε
1938 4706 2035 4777 τὴν
2067 4704 2327 4777 διαφοράν
2362 4704 2470 4758 τῶν
2504 4703 2702 4758 θυσιῶν
2721 4717 2735 4733 ⁸
2789 4706 2884 4758 καὶ
2916 4704 3015 4773 τὴν
3054 4708 3310 4777 ποιότητα

1735 4795 1914 4848 πᾶσαν
1938 4794 2036 4865 τῆς
2070 4794 2128 4847 ἐν
2171 4791 2249 4863 τῷ
2279 4791 2410 4863 ἱερῷ
2448 4790 2702 4862 λατρείας
2743 4791 2839 4844 καὶ
2877 4791 3155 4861 ἱερατικῆς
3204 4792 3312 4847 λει-

1732 4881 2006 4952 τουργίας.
2038 4882 2312 4950 Διηγεῖται
2346 4877 2439 4932 καὶ
2483 4877 2575 4931 τὸν
2617 4876 2781 4946 νόμον
2822 4876 3055 4947 ἑκάστης
3096 4878 3307 4942 θυσίας,

1735 4972 1861 5044 περί
1885 4989 1946 5025 τε
1977 4971 2073 5023 τοῦ
2109 4970 2377 5039 σωτηρίου
2413 4968 2506 5022 καὶ
2538 4967 2631 5021 τοῦ
2660 4966 2905 5021 ἑκουσίου
2934 4968 3028 5021 καὶ
3052 4968 3307 5023 ἀκουσίου

1733 5057 2219 5131 πλημμελήματος,
2248 5056 2343 5110 καὶ
2387 5055 2505 5119 πῶς
2533 5055 2749 5127 ἑκάστῳ
2778 5054 2892 5109 τῶν
2927 5057 3309 5128 προσφερομέ-

1733 5167 1837 5204 νων
1874 5147 2193 5219 διαιρεῖσθαι
2235 5146 2329 5200 καὶ
2369 5144 2736 5216 ἀναφέρεσθαι
2777 5143 2979 5215 ὀφείλει
3018 5144 3305 5216 διηγεῖται.

1737 5238 1891 5291 Ἔστι
1920 5235 1976 5290 δὲ
2006 5238 2062 5289 ἐν
2082 5236 2255 5306 τούτῳ
2274 5232 2350 5304 τῷ
2381 5232 2568 5305 βιϐλίῳ
2598 5233 2632 5303 ἡ
2663 5234 2841 5304 χρῖσις
2878 5231 2972 5285 τοῦ
3008 5233 3308 5305 ἀρχιερέως

1732 5327 1826 5380 καὶ
1868 5326 1977 5379 τῶν
2010 5325 2221 5397 ἱερέων,
2260 5324 2354 5377 καὶ
2401 5324 2434 5393 ἡ
2467 5321 2738 5391 διάκρισις
2778 5323 2871 5375 καὶ
2903 5324 2935 5392 ή
2974 5323 3172 5390 γνῶσις
3200 5322 3309 5376 τῶν

1733 5414 1992 5484 σημείων,
2023 5414 2150 5484 περὶ
2192 5412 2399 5481 λέπρας
2429 5408 2731 5480 ἀνθρώπων
2787 5409 2878 5461 καὶ
2936 5409 3164 5478 ἱματίων
3211 5410 3306 5461 καὶ

1730 5502 1906 5571 τοίχου
1936 5501 2132 5563 οἰκίας,
2168 5499 2304 5553 καὶὸ
2335 5497 2540 5567 νόμοςὸ
2571 5495 2699 5565 περὶ
2729 5494 3071 5564 καθαρισμοῦ
3103 5493 3331 5558 αὐτῶν..

1791 5653 1816 5691 τί
1846 5651 1897 5699 In
1928 5649 2107 5714 ﬁibliis
2128 5648 2401 5714 lrcgilur‘ﬁc
2418 5646 2532 5708 πρὸς
2549 5643 2742 5714 μύρων.
2773 5703 2794 5714 ⁶

1800 5730 1821 5755 υ
1844 5714 1896 5765 In
1923 5711 2094 5762 Bibliis
2117 5706 2297 5765 Gri-etis
2322 5706 2500 5773 leguli:
2525 5708 2564 5755 εἰ
2587 5707 2669 5769 μὲν
2688 5706 2830 5766 ἀφεῖς
