3720 6274
110 253 221 317 329

103 367 369 437 judicium
406 375 463 424 et
485 366 716 437 cognitio
756 364 1095 432 indiciorum,
1145 364 1337 434 quibus
1376 372 1488 418 tam
1527 362 1699 419 homi-

107 474 260 523 num,
292 473 450 527 quam
504 458 954 525 indumentorum,
1002 456 1369 526 parietumque
1415 453 1700 510 domorum

104 549 254 619 lepra
288 548 620 618 deprehendi
654 550 840 618 possit,
872 557 928 603 et
954 546 1132 618 quisit
1178 561 1369 611 eorum,
1411 545 1705 616 expiando-

105 661 228 700 rnm
250 648 407 701 ritus.
430 645 695 701 Praeterea
737 659 856 713 qua:
877 644 947 697 sit
977 643 1060 697 lex
1102 651 1155 696 et
1182 641 1453 696 distinctio
1500 656 1706 695 connu-

103 735 322 791 biorum
345 736 725 805 legitimorum,
759 742 816 790 et
835 747 1082 803 quamam
1130 747 1227 803 pro
1256 731 1549 803 illegitimis
1590 732 1702 788 sint

104 826 379 884 habenda.
411 829 538 884 ltem
586 828 713 898 quid
752 826 1079 883 discriminis
1107 828 1177 881 sit
1224 826 1362 881 inter
1405 826 1600 881 munda
1643 836 1698 881 et

102 920 385 993 immunda
439 920 721 986 animalia,
754 920 997 989 interque
1042 918 1288 974 volucres
1321 927 1377 973 et
1424 919 1596 989 pisces
1636 933 1699 975 ac

101 1012 317 1081 reptilia
342 1012 575 1081 cujusvis
599 1011 832 1081 generis,
863 1010 1250 1079 etquibusnam
1272 1010 1436 1073 vesci,
1490 1024 1521 1064 a
1565 1008 1690 1081 qui-

100 1102 333 1158 busnam
352 1102 632 1157 abstinere
651 1098 889 1155 dedeant
909 1097 1400 1157 llebnei.Declarat
1424 1102 1583 1156 etiam
1609 1102 1701 1172 qui

100 1192 173 1246 sit
199 1193 617 1251 Tubarumdies
636 1193 692 1247 in
716 1192 991 1247 neomenia
1010 1192 1209 1247 mensis
1238 1193 1449 1263 septimi
1481 1211 1493 1247 :
1522 1194 1700 1264 magni

102 1296 323 1353 quoque
339 1281 525 1352 jejunii
548 1292 894 1353 prmceptum,
917 1282 1059 1352 quod
1084 1282 1273 1337 eodem
1290 1284 1518 1355 septimo
1539 1298 1696 1339 meu-

101 1387 181 1439 se,
209 1374 424 1430 decima
468 1377 668 1431 mensis
714 1376 1118 1431 custodiendum
1167 1377 1257 1444 sit,
1280 1393 1438 1447 quam
1479 1378 1699 1434 sabbata

103 1466 461 1523 sabbatorum
496 1477 552 1522 et
579 1468 784 1537 peccati
826 1468 1200 1523 remissionem
1250 1477 1429 1524 vocat.
1482 1469 1697 1524 Festum

102 1560 266 1616 etiam
294 1560 789 1617 Tabernaeulorum
820 1561 1027 1616 decima
1054 1552 1235 1631 quinta
1260 1562 1501 1630 ejusdem
1549 1577 1701 1631 men:

102 1651 175 1707 sis
203 1650 467 1707 celebrari
493 1651 662 1721 jubet.
689 1651 810 1721 Agit
839 1666 1049 1721 quoque
1076 1651 1141 1707 de
1184 1651 1356 1718 festis,
1385 1662 1440 1706 et
1482 1669 1600 1722 qua:
1638 1653 1696 1707 ln

102 1742 206 1797 illis
227 1743 505 1799 offerenda
546 1744 930 1814 sintpraecipit.
960 1744 1089 1801 ltem
1135 1745 1203 1800 de
1256 1743 1699 1803 manumittendis

103 1831 365 1899 llebrmis,
390 1833 476 1903 qui
508 1834 560 1887 in
590 1834 902 1889 servitutem
934 1834 1129 1889 venditi
1172 1843 1316 1902 sunt,
1346 1844 1402 1890 et
1431 1834 1499 1890 de
1542 1835 1697 1892 debi-

104 1935 278 1980 turum
329 1926 689 1981 remissione:
720 1926 787 1982 de
811 1927 990 1997 quiete
1028 1928 1257 1997 septimo
1299 1940 1511 1998 quoque
1556 1943 1699 1983 anno

102 2028 262 2073 terra:
284 2016 653 2095 concedenda.
685 2016 767 2073 Ad
797 2017 911 2073 haec
938 2017 1005 2072 de
1027 2017 1284 2087 legalibus
1312 2018 1593 2088 praeceptis
1633 2032 1697 2073 ac

101 2108 428 2164 testimoniis
472 2109 746 2165 admonet.
807 2109 977 2165 Porro
1007 2110 1347 2166 servantibus
1390 2112 1499 2179 illa,
1547 2113 1687 2168 bona

98 2202 425 2277 pollicetur;
483 2203 997 2272 transgredientibus
1022 2218 1148 2259 vero
1189 2204 1506 2273 gravissima
1552 2205 1693 2260 mala

98 2297 353 2350 minatur.
390 2295 531 2352 Inter
582 2296 731 2352 cibos
780 2307 958 2352 autem
1007 2297 1238 2352 mundos
1284 2306 1339 2354 et
1390 2298 1696 2355 immundos

97 2389 501 2445 distinctionem
530 2389 831 2460 hujusmodi
859 2390 1027 2460 ponit.
1056 2391 1110 2453 In
1142 2390 1313 2446 brutis
1333 2391 1695 2448 animantibus

98 2481 207 2536 bzcc
233 2480 436 2536 munda
464 2480 593 2537 dicit
610 2496 749 2550 esse,
763 2497 883 2552 qu:c
900 2482 1147 2552 ungulam
1163 2480 1426 2547 dividunt,
1448 2491 1504 2539 et
1526 2482 1692 2553 gemi-

98 2589 191 2645 nas
218 2575 447 2645 ungulas
473 2573 693 2642 habent,
720 2589 787 2631 ac
813 2575 1221 2630 ruminationem
1251 2586 1536 2646 regerunt;
1560 2591 1692 2646 qua-

96 2667 160 2720 lia
187 2675 320 2723 sunt
346 2667 564 2733 vitulus,
593 2668 728 2734 ovis,
759 2682 939 2736 capra,
966 2682 1180 2732 cervus,
1203 2666 1446 2733 bubalus,
1475 2682 1691 2738 caprea,

94 2774 249 2830 oryx,
296 2774 583 2830 pygargus,
618 2757 979 2830 tragelaphus,
1031 2757 1491 2828 camelopardalis,
1521 2767 1577 2814 et
1620 2760 1694 2814 si-

94 2849 261 2923 milia.
292 2849 349 2905 Si
370 2863 495 2904 vero
524 2848 796 2919 quidpiam
818 2864 1004 2903 eorum
1024 2847 1273 2915 defuerit,
1304 2864 1400 2918 pro
1419 2848 1692 2905 immundo

56 2940 399 3007 “habebitur,
429 2949 487 2997 ut
536 2949 662 2996 sunt
713 2940 969 3005 camelus,
1022 2938 1199 3009 lepus,
1254 2938 1688 3010 ehmrogryllus:

96 3033 209 3090 lucc
235 3033 384 3089 enim
437 3032 963 3104 ruminantquidcm,
993 3033 1086 3088 sed
1120 3032 1371 3103 ungulam
1419 3048 1523 3089 non
1582 3032 1691 3089 lin-

92 3126 259 3193 dunt;
286 3135 343 3181 et
370 3141 462 3181 sus
488 3141 699 3196 quoque
729 3141 743 3178 :
777 3141 899 3181 nam
931 3124 1017 3180 hic
1042 3126 1264 3195 ungulas
1291 3124 1449 3181 habet
1463 3140 1528 3181 ac
1548 3125 1686 3180 divi-

101 3220 195 3283 dit,
227 3220 326 3274 sed
352 3234 458 3274 non
488 3219 734 3273 ruminat.
770 3218 846 3273 De
876 3217 1176 3273 volatilibus
1198 3232 1323 3272 vero
1348 3233 1468 3288 quae
1487 3216 1575 3273 edi
1602 3232 1692 3273 ve-

94 3320 185 3376 tat,
237 3310 359 3366 hacc
407 3320 534 3368 sunt
567 3329 580 3365 :
612 3310 807 3381 aquila,
856 3308 1110 3380 gryphes,
1156 3308 1437 3377 haliaétus,
1486 3310 1686 3377 vultur,

95 3403 307 3471 milvns,
366 3417 582 3470 corvus,
615 3411 669 3457 et
710 3401 793 3456 his
833 3401 1048 3467 similia,
1078 3401 1331 3469 accipiter
1378 3410 1432 3457 et
1471 3402 1686 3470 similia,

92 3494 400 3562 nycticorax
449 3504 503 3548 et
544 3492 774 3557 similia,
820 3500 1135 3556 cataractas,
1190 3491 1314 3557 ibis,
1371 3493 1682 3563 porphyrio,

91 3590 384 3659 pelicanus,
413 3602 634 3659 cycnus,
667 3586 903 3654 erodius,
927 3585 1255 3646 charadrius.
1280 3594 1333 3640 et
1361 3585 1442 3640 his
1463 3586 1680 3653 similia,

92 3697 263 3751 upupa
291 3690 349 3737 et
376 3681 701 3751 vespertilio.
755 3680 1014 3750 Repentia
1045 3679 1297 3745 volatilia,
1328 3680 1506 3734 omnia
1556 3680 1686 3735 dicit

92 3790 206 3830 esse
229 3773 529 3839 immunda,
557 3789 675 3844 qua:
695 3782 920 3844 quatuor
937 3772 1158 3843 pedibus
1181 3771 1494 3843 gradiuntur
1536 3788 1684 3842 qna:-

92 3884 191 3938 que
212 3884 373 3924 crura
404 3866 626 3937 pedibus
646 3866 954 3922 sublimiora
990 3866 1208 3930 habent,
1233 3867 1307 3919 ita
1338 3873 1395 3919 ut
1417 3865 1467 3919 in
1514 3865 1619 3919 illis
1653 3880 1684 3920 a

90 3973 230 4018 terra
257 3962 478 4027 saliant,
508 3960 681 4030 qualia
695 3968 823 4015 sunt
852 3957 1107 4024 bruchus,
1149 3958 1397 4027 pittacus,
1452 3965 1681 4037 attagus,

88 4054 291 4109 locusta
321 4062 378 4109 et
418 4052 635 4116 similia,
683 4060 737 4106 et
788 4052 1007 4106 lacerta.
1050 4050 1182 4115 Quae
1239 4063 1365 4103 vero
1410 4048 1462 4102 in
1507 4048 1679 4117 aquis,

88 4147 201 4203 sive
230 4148 281 4202 in
316 4146 473 4212 mari,
506 4146 619 4200 sive
647 4144 701 4200 in
730 4142 1037 4199 ﬂuminibus
1081 4158 1145 4198 ac
1172 4141 1499 4197 torrentibus
1527 4151 1670 4207 nata,

87 4240 201 4299 hate
228 4238 362 4293 dicit
385 4251 506 4293 esse
534 4236 751 4302 munda,
786 4237 873 4292 illa
913 4233 1163 4290 videlicet
1207 4248 1329 4304 qua:
1378 4234 1567 4302 pinnas
1620 4242 1677 4287 et

90 4344 341 4398 squamas
361 4328 594 4392 habent;
629 4336 687 4383 ut
709 4338 833 4387 sunt
861 4326 1033 4396 trigla,
1061 4340 1265 4389 scarus,
1294 4324 1533 4395 glaucus,
1559 4338 1681 4378 ces-

90 4430 253 4488 treus,
284 4429 343 4477 et
372 4436 493 4492 qua:
522 4420 603 4475 his
628 4428 753 4475 sunt
775 4419 986 4473 similia.
1023 4418 1152 4485 Qua:
1174 4426 1351 4471 autem
1381 4415 1557 4486 aliquo
1586 4429 1681 4471 eo-

88 4530 205 4573 rum
240 4522 449 4579 carent,
480 4513 749 4568 immunda
799 4527 898 4567 nec
942 4510 1183 4575 edenda;
1214 4508 1465 4563 videlicet
1508 4506 1676 4577 sepia,

90 4620 205 4676 quas
226 4606 428 4675 pinnas
454 4603 631 4667 habet,
656 4603 888 4673 squamis
908 4612 1087 4659 autem
1109 4609 1273 4656 caret.
1306 4599 1383 4655 Ex
1407 4600 1511 4653 illis
1562 4614 1664 4653 au-

90 4707 193 4751 tem
214 4710 515 4769 qumsupra
542 4705 735 4751 terram
766 4704 978 4764 repunt,
1008 4693 1122 4747 haec
1145 4690 1416 4746 immunda
1447 4704 1566 4745 esse
1592 4689 1677 4744 di-

88 4789 178 4851 cit,
202 4794 521 4860 mustelam,
553 4785 879 4841 crocodilum
909 4792 1236 4846 terrestrem,
1263 4781 1528 4851 mygalen,
1552 4779 1678 4834 cha-

86 4880 448 4946 mazleontem,
468 4879 786 4943 stellionem,
801 4891 1010 4934 sauram
1031 4886 1083 4931 et
1101 4875 1316 4945 talpam.
1333 4876 1409 4929 De
1432 4881 1679 4943 serpente

84 4985 287 5040 autem,
320 4983 379 5030 et
404 4990 526 5043 qua:
557 4972 656 5041 ipsi
679 4980 801 5026 sunt
820 4971 1033 5035 similia,
1065 4966 1391 5037 superfluum
1419 4974 1564 5022 esset
1586 4964 1679 5018 ad-

84 5083 307 5122 monere
338 5084 351 5119 :
378 5066 481 5121 hoc
511 5074 740 5135 namque
797 5062 1145 5119 animantium
1170 5073 1336 5130 genus
1366 5060 1530 5128 liquet
1558 5072 1677 5111 onl-

81 5161 239 5215 nihus
249 5172 373 5215 esse
387 5156 802 5213 abominandum
819 5170 879 5209 ac
900 5151 1290 5208 detestandum.
1316 5149 1677 5219 Similiterque

82 5252 131 5304 in
165 5250 584 5306 Deuteronomio
612 5248 800 5302 horum
830 5245 1089 5301 meminit.
1121 5241 1253 5297 item
1291 5242 1399 5311 agit
1424 5241 1490 5295 de
1536 5255 1676 5294 rnor-

80 5343 258 5399 ticinis
284 5353 343 5399 ut
370 5342 675 5413 prohibitis,
707 5341 775 5395 de
803 5338 1060 5409 sanguine
1084 5336 1350 5396 similiter.
1387 5334 1456 5388 de
1486 5332 1677 5387 mulie-

79 5437 232 5490 ribus
258 5435 615 5506 parientibus.
643 5433 701 5487 Si
731 5432 850 5502 quis
878 5444 1061 5485 semen
1092 5426 1351 5491 emiserit,
1376 5424 1679 5479 immundus

79 5532 183 5585 erit
210 5530 406 5585 diebus
422 5537 649 5598 septem.
676 5528 750 5581 De
771 5522 1175 5580 circumcisione
1199 5519 1347 5591 pueri
1374 5528 1568 5573 octavo
1591 5518 1678 5573 die

80 5620 348 5677 facienda.
396 5622 474 5676 De
513 5619 739 5674 muliere
781 5623 1141 5679 menstruata,
1185 5622 1238 5666 et
1278 5610 1346 5665 de
1383 5609 1677 5665 diii‘erentia

80 5716 418 5804 purgationis
442 5730 627 5771 carum
648 5730 767 5785 qua:
795 5712 877 5768 vel
898 5707 1190 5779 masculum
1215 5705 1293 5773 vel
1318 5703 1563 5763 feminam
1586 5719 1675 5773 pe-

1185 244 1507 311 SYNOPSIS
1542 242 1951 306 SCRIPTUM
1987 242 2258 303 SACRE-

3268 247 3389 309 F350

1811 362 2066 433 pererint.
2096 362 2208 421 Lex
2234 362 2302 419 de
2340 364 2490 435 lepra
2510 372 2569 422 et
2591 365 2660 423 de
2678 365 2799 435 eius
2822 367 3158 437 purgatione,
3184 366 3255 424 de
3302 383 3389 425 se-

1809 453 2081 522 minifluis,
2117 455 2260 514 etde
2296 458 2602 517 menstruis.
2635 459 2715 515 De
2738 459 3061 527 reverentia,
3107 458 3177 515 de
3227 474 3389 530 capso

1806 547 2086 604 emissario
2108 558 2165 606 et
2186 549 2254 605 de
2277 549 2501 621 jejunio.
2531 550 2925 607 Deeohibendo
2950 550 3232 621 illegitino
3270 552 3388 607 coi-

1808 645 1865 693 tu
1892 654 1909 695 :
1938 640 2008 695 de
2034 641 2315 698 eonnubiis
2338 642 2586 712 legitimis
2602 652 2664 698 et
2688 642 2998 715 illegitimis,
3029 653 3084 698 et
3106 643 3250 713 quod
3276 652 3383 699 non

1806 732 1998 789 debeat
2034 735 2286 790 sacerdos
2329 735 2538 791 viduam
2565 744 2655 791 aut
2680 735 3008 805 repudiatam
3041 733 3263 801 ducere,
3285 736 3382 791 sed

1808 823 2087 895 virginem.
2106 826 2183 881 De
2204 826 2306 881 lilia
2320 827 2611 882 sacerdotis
2629 826 2941 882 fornicante.
2963 825 3114 893 Quod
3135 826 3385 881 sacerdos

1806 913 2102 985 inculpatus
2117 932 2236 973 esse
2248 916 2457 972 debeat.
2482 918 2554 972 De
2569 917 2722 972 donis
2733 917 2942 972 oblatis.
2964 916 3038 970 De
3049 914 3302 978 sabbatis,
3319 916 3386 970 de

1806 1007 2039 1075 festis,et
2052 1003 2121 1060 de
2134 1002 2273 1058 festo
2286 1006 2666 1072 Paschatis,de
2676 1003 3033 1075 Scenopegia,
3046 1006 3220 1077 deque
3247 1006 3385 1062 festo

1810 1101 2199 1162 Tubarum.De
2208 1100 2353 1166 oleo,
2370 1101 2437 1157 de
2453 1101 2672 1167 lumine,
2686 1101 2753 1156 de
2771 1100 2995 1170 panibus
3014 1100 3387 1169 propositionis

1804 1191 1945 1248 etde
1972 1205 2113 1247 anno
2140 1193 2489 1247 remissionis.
2520 1192 2777 1261 Deinceps
2806 1192 2872 1247 de
2896 1192 3067 1248 servis
3089 1190 3288 1247 Judaeis
3330 1201 3387 1248 et

1804 1282 2107 1354 gentilibus.
2153 1284 2226 1338 De
2283 1284 2649 1353 repudiatione
2692 1283 2967 1337 idolorum
2996 1284 3075 1338 sic
3107 1282 3385 1354 loquitur:

1812 1395 1831 1431 ι
1854 1377 1966 1446 Ego
1994 1376 2134 1432 enim
2151 1393 2268 1431 sum
2291 1377 2430 1431 Deus
2449 1386 2642 1443 vester;
2657 1391 2762 1431 non
2785 1375 2987 1431 facietis
2998 1376 3294 1445 vobisipsis
3316 1377 3391 1431 si-

1804 1470 2063 1537 mulacra,
2088 1485 2188 1525 nec
2229 1479 2458 1524 statuam
2485 1470 2698 1538 erigetis
2720 1468 2893 1533 vobis,
2936 1484 3111 1538 neque
3158 1469 3385 1539 lapidem

1806 1562 1858 1615 in
1889 1576 2106 1631 scopum
2138 1561 2347 1629 ponetis
2390 1562 2442 1616 in
2464 1570 2609 1640 terra
2642 1570 2697 1616 ut
2740 1560 2974 1616 adoretis
3003 1561 3153 1615 illum
3172 1560 3385 1632 »(ιευὶι.

1804 1652 1894 1707 26.
1925 1652 2033 1724 1.).
2063 1652 2142 1707 Ad
2172 1653 2285 1708 haec
2332 1652 2502 1709 minas
2541 1652 2693 1709 ell‘ert
2743 1654 2795 1708 in
2826 1655 3259 1724 pmvaricatores
3307 1654 3388 1708 his

1803 1743 2015 1798 verbis:
2050 1762 2069 1795 s
2107 1743 2217 1814 Ego
2258 1743 2511 1799 Dominus
2535 1744 2672 1799 Deus
2697 1754 2894 1812 vester,
2925 1746 3016 1816 qui
3062 1745 3220 1799 eduxi
3293 1761 3388 1801 vos

1804 1835 1873 1891 de
1900 1846 2039 1890 terra
2065 1834 2283 1908 IEgypti
2305 1851 2425 1891 cum
2454 1837 2646 1893 essetis
2672 1838 2833 1900 servi,
2867 1846 2922 1892 et
2950 1838 3176 1892 contrivi
3199 1838 3387 1893 vincu-

1804 1925 1912 1980 lum
1954 1926 2064 1995 jugi
2096 1927 2279 1994 vestri,
2319 1941 2383 1981 ac
2410 1927 2534 1981 duxi
2564 1942 2659 1982 vos
2681 1942 2801 1982 cum
2845 1927 3057 1983 fiducia.
3104 1928 3159 1984 Si
3207 1937 3385 1984 alitem

1805 2031 1909 2071 non
1932 2016 2203 2073 audieritis
2227 2033 2333 2083 me,
2356 2032 2533 2087 neque
2554 2017 2785 2072 feceritis
2815 2028 3076 2088 przecepta
3099 2032 3216 2073 mea
3244 2018 3381 2085 haec,

1803 2106 1898 2163 sed
1925 2107 2053 2178 ipsis
2073 2109 2513 2178 repugnaveritis,
2541 2118 2597 2163 et
2616 2109 2658 2162 si
2678 2108 2891 2177 judiciis
2921 2109 3054 2165 meis
3075 2109 3387 2165 adversetur

1802 2199 1977 2253 anima
1998 2208 2192 2265 vestra,
2217 2200 2288 2253 ita
2315 2211 2371 2254 ut
2397 2215 2500 2253 non
2527 2198 2732 2254 faciatis
2758 2201 2937 2255 omnia
2957 2210 3225 2270 prascepta
3244 2216 3385 2267 mea,

1802 2300 1861 2347 ut
1887 2291 2157 2363 dissipatis
2188 2301 2562 2348 testamentum
2587 2307 2769 2348 meum
2794 2309 2809 2359 ;
2838 2293 3082 2349 inducam
3102 2293 3154 2349 in
3175 2308 3272 2350 vos
3290 2310 3389 2352 an-

1799 2384 2052 2455 gustiam,
2080 2385 2334 2451 scabiem,
2362 2395 2415 2440 et
2452 2384 2703 2439 ardorem
2748 2397 3151 2441 consumentem
3198 2388 3423 2444 oculos'

1801 2486 2006 2532 vestros
2031 2494 2043 2531 :
2067 2486 2121 2532 et
2172 2476 2501 2532 seminabitis
2544 2476 2740 2533 frustra
2779 2487 3075 2533 sementem
3111 2488 3341 2534 vestram
3368 2522 3385 2547 ,

1799 2579 1856 2625 et
1885 2567 2028 2623 hanc
2066 2569 2350 2625 comedent
2392 2570 2575 2627 hostes
2627 2571 2789 2626 vestri
2824 2590 2844 2625 ι
2875 2572 2895 2642 (
2921 2570 3055 2626 Ibid.
3081 2589 3129 2627 υ.
3158 2573 3385 2645 15-16).

1800 2658 1905 2714 lsta
1929 2661 2167 2716 continet
2192 2660 2279 2716 hic
2302 2660 2464 2726 liber,
2490 2676 2618 2717 cum
2638 2662 2759 2718 aliis
2782 2662 3049 2718 mandatis
3076 2672 3134 2719 et
3180 2679 3384 2736 praece-

1784 2754 1922 2824 ptis,
1944 2753 1999 2809 in
2030 2752 2219 2826 hisque
2242 2754 2578 2810 terminatur.

2233 2885 2473 2926 sraorsrs
2497 2884 2821 2927 NUMEROBUM
2848 2870 2951 2944 (a).

1869 2983 2091 3040 anetur
2106 2982 2316 3055 Moyses
2338 2999 2619 3040 numerare
2640 2985 2894 3055 p0pulum
2915 3000 2945 3039 a
2968 2985 3222 3057 vigesimo
3242 3002 3382 3043 anno

1797 3087 1852 3134 et
1872 3093 2029 3149 supra
2055 3120 2069 3144 ,
2098 3088 2354 3149 erantque
2382 3089 2634 3136 sexcenta
2661 3080 2758 3135 tria
2794 3080 2958 3135 millia
2990 3080 3262 3136 hominum
3286 3124 3300 3149 ,
3329 3092 3382 3139 et

1796 3173 2035 3227 sexcenti
2078 3172 2457 3243 quinquaginta
2486 3214 2499 3239 ,
2545 3182 2737 3243 prarter
2784 3172 3017 3231 Levitas.
3062 3176 3379 3247 Genealogia

1795 3263 2131 3331 Levitarum,
2172 3264 2262 3335 qui
2304 3275 2693 3329 numerantur,
2742 3274 2998 3335 erantque
3042 3266 3226 3335 viginti
3273 3267 3381 3331 duo

1795 3355 1941 3412 mille
1969 3356 2189 3411 trecenti
2214 3371 2246 3410 a
2283 3357 2422 3411 natis
2454 3371 2558 3410 uno
2585 3372 2770 3413 mense
2795 3365 2849 3413 et
2879 3372 3062 3428 supra.
3090 3359 3223 3426 Quia
3253 3376 3379 3421 vero

1795 3448 2134 3521 primogeniti
2180 3448 2390 3507 Israelis
2430 3461 2586 3505 erant
2624 3450 2806 3519 viginti
2849 3450 2957 3506 duo
2994 3452 3142 3507 mille
3166 3452 3379 3509 ducenti

1794 3542 2131 3612 septuaginta
2172 3550 2313 3608 tres,
2357 3557 2455 3610 pro
2494 3541 2560 3596 iis
2600 3542 2687 3612 qui
2727 3557 3009 3597 numerum
3048 3544 3380 3601 excedebant

1793 3634 2189 3704 redemptiones
2240 3634 2449 3704 accepit
2487 3634 2697 3704 Moyses
2738 3634 2990 3705 deditque
3016 3637 3234 3693 Aaroni.
3274 3637 3381 3696 Rev

1790 3726 2127 3797 demptiones
2147 3735 2321 3781 autem
2346 3734 2501 3781 erant
2516 3726 2661 3781 mille
2683 3726 2904 3782 trecenti
2932 3728 3205 3799 sexaginta
3226 3729 3380 3799 quin-

1790 3835 1893 3890 que
1930 3820 2044 3875 sicli
2072 3835 2169 3889 pro
2193 3820 2448 3891 quolibet.
2482 3820 2730 3890 Praecipit
2755 3820 3000 3890 quisnam
3027 3838 3141 3876 rem
3170 3837 3376 3877 sacram

1791 3911 1941 3966 obire
1986 3911 2218 3973 debeat,
2262 3926 2524 3981 quosnam
2552 3926 2673 3966 esse
2706 3919 2951 3980 oporteat
2979 3910 3193 3967 Levitas
3224 3929 3238 3966 :
3268 3928 3375 3967 non

1789 4004 1931 4059 enim
1953 4019 2145 4059 omnes
2168 4003 2354 4058 eodem
2386 4004 2587 4058 honore
2615 4002 2991 4072 dignabantur.
3022 4004 3154 4057 Aliis
3181 4005 3376 4071 pretio-

1788 4098 1929 4152 siora
1959 4111 2081 4150 vasa
2107 4095 2466 4159 tabernaculi,
2501 4094 2619 4149 aliis
2659 4094 2862 4148 minora
2895 4094 3372 4150 concredebantur.

1791 4188 2025 4244 Fuerunt
2047 4196 2227 4241 autem
2254 4187 2452 4241 Levittn
2485 4201 2513 4239 a
2541 4186 2799 4256 vigesimo
2828 4201 2968 4242 anno
2993 4195 3047 4241 ct
3074 4204 3253 4258 supra,
3283 4192 3373 4258 qui

1791 4282 2179 4343 ministrabant,
2198 4296 2366 4351 usque
2388 4280 2453 4335 ad
2483 4280 2978 4350 quinquagesimum
3004 4294 3225 4348 annum,
3254 4290 3373 4335 octo

1789 4376 1934 4430 mille
1974 4373 2241 4445 quingenti
2289 4372 2557 4442 octoginta
2610 4381 2737 4426 tres.
2769 4371 2918 4427 Tunc
2970 4372 3118 4441 iubet
3157 4388 3370 4428 onmem

1788 4466 2118 4523 immundum
2159 4464 2404 4520 emittere
2441 4480 2507 4518 ex
2548 4464 2758 4528 castris,
2802 4464 2952 4519 etde
2982 4464 3244 4520 sacrificio
3272 4481 3369 4535 pro

1786 4558 1983 4614 delicto
2006 4557 2257 4628 loquitur,
2284 4556 2555 4625 legemque
2579 4555 2855 4627 zelotypia:
2876 4556 3097 4623 statuit;
3124 4564 3180 4611 ut
3199 4573 3371 4628 neque

1786 4650 2049 4707 calumnia
2081 4649 2427 4719 impcteretur
2452 4647 2645 4701 mulier
2667 4647 2805 4701 circa
2829 4646 3168 4713 adulterium,
3198 4664 3372 4719 neque

1786 4745 2024 4801 adultera
2050 4743 2216 4797 latere
2246 4749 2444 4812 posset.
2476 4740 2553 4793 De
2592 4738 2897 4809 precatione
2934 4741 3371 4796 sanctificationis

1786 4837 2054 4903 statuitur,
2075 4846 2124 4891 ct
2142 4832 2408 4905 quomodo
2434 4839 2681 4901 oporteat
2700 4830 3034 4886 sacerdotem
3054 4831 3371 4887 benedicere

1788 4931 1925 4985 ﬁlios
1968 4928 2151 4984 Israel.
2198 4926 2299 4982 Ubi
2333 4934 2511 4979 autem
2547 4922 2696 4979 stetit
2726 4922 3146 4987 tabernaculum,
3173 4925 3368 4979 attule-

1785 5030 1911 5080 runt
1933 5020 2197 5092 principes
2226 5017 2366 5073 dona
2392 5016 2553 5071 multa
2580 5029 2894 5085 magnaque.
2917 5013 3139 5070 Jubctur
3158 5017 3369 5089 Moyses

1847 5140 1920 5204 (a)
1954 5136 2282 5204 Initiumlibri
2325 5144 2638 5185 Numerorum
2678 5134 2725 5183 in
2760 5132 3065 5204 Lugdunensi
3093 5133 3277 5204 .Codicc
3300 5135 3371 5204 sic

1784 5195 1937 5253 habet
1960 5216 1973 5251 :
1996 5202 2085 5251 llic
2108 5200 2228 5250 liber
2251 5205 2444 5248 vocatur
2470 5214 2494 5244 ι
2511 5204 2828 5259 Numerormn
2850 5212 2871 5241 ι
2895 5230 2910 5254 ,
2934 5195 3045 5259 quia
3060 5196 3262 5257 sim;qu
3278 5196 3367 5247 ετξ-

1787 5264 1889 5325 bus,
1906 5266 2056 5327 juxta
2091 5266 2388 5327 praeceptum
2654 5264 2846 5327 quanta:
2866 5264 3020 5327 essent
3041 5266 3372 5327 mensuram"!

1786 5318 1944 5382 est.'ét
1966 5318 2431 5387 quia'iaius'populi
2463 5318 2690 5387 nurnems
2711 5319 2763 5371 in
2798 5318 2887 5369 hac
2910 5318 3032 5370 libra
3069 5319 3369 5371 declaratur.

1785 5382 2164 5452 Duwmérabmu
2661 5391 2843 5447 Aloi/ses
2877 5389 2924 5452 et
2951 5395 3130 5452 farm,
3174 5388 3222 5432 et
3257 5394 3369 5452 cum

1786 5451 1856 5504 eis
1878 5450 2109 5514 cujusque
2131 5449 2286 5500 tribus
2310 5442 2548 5514 princeps.
2567 5454 2621 5496 Et
2642 5442 2869 5514 nutrieras
2888 5442 3169 5514 bellatorum
3191 5458 3221 5514 a
3245 5442 3370 5514 vigef

1785 5514 1906 5565 sima
1926 5506 2051 5576 ἱηιηῤ
2072 5520 2117 5563 et
2139 5525 2288 5575 supra
2311 5506 2525 5576 inventus
2543 5516 2613 5560 est
2625 5513 2860 5576 sexcenta
2877 5506 3032 5555 millia
3054 5513 3099 5574 et
3117 5512 3370 5576 rerumne!

1786 5574 2145 5638 qumquuginta,
2172 5570 2350 5636 prwter
2374 5571 2512 5640 alios.
2555 5570 2749 5640 Tribum
2790 5570 3084 5640 autentgtevt'
3099 5570 3367 5640 separatim

1786 5632 2205 5688 ᾱὶιηιίιωὴιυενωὶι
2222 5636 2485 5686 secundum
2507 5632 2704 5685 verbum
2724 5632 2927 5692 Domini,
2949 5638 3131 5694 Moyses
3148 5638 3196 5683 et
3232 5640 3366 5680 tam

1790 5699 1895 5765 soli,
1921 5714 1951 5749 a
1972 5712 2128 5750 mense
2152 5704 2313 5755 undet
2335 5710 2501 5764 supra.
