3720 6274
328 222 426 283 33!

326 331 920 399 sanctiﬁcareLevitls,
934 331 1185 403 auditque
1204 345 1235 386 a
1249 328 1509 399 vigesimo
1524 338 1665 381 anno
1682 330 1738 379 et
1756 335 1915 391 supra

329 434 580 495 oportere
621 425 768 494 ipsos
801 421 1130 489 ministrare,
1181 437 1212 476 a
1256 416 1695 489 quinquagesimo
1739 420 1918 468 autem

337 532 483 574 anno
506 531 539 571 a
572 515 870 571 ministerio
907 528 1141 570 cessare.
1182 512 1443 581 Prmcepit
1474 509 1605 581 ipsis
1653 508 1791 561 Deus
1825 518 1921 574 per

333 610 572 680 Moysem
599 615 659 661 ut
683 605 879 676 pascha
905 603 1120 659 faciant.
1151 602 1267 667 Die,
1315 601 1501 669 inquit,
1535 607 1580 653 et
1615 597 1804 667 faciant
1828 592 1923 662 ﬁlii

335 699 504 755 Israel
520 698 711 769 pascha
736 696 755 770 (
777 696 942 750 Nam.
970 695 1024 750 9.
1051 694 1145 765 2).
1168 693 1293 748 Erat
1320 691 1462 747 enim
1490 688 1696 760 primus
1722 684 1923 739 mensis

334 792 556 851 secundi
594 789 739 845 anni.
781 789 1140 843 Accesserant
1174 792 1352 838 autem
1391 779 1651 836 immundi
1682 777 1748 832 ad
1776 776 1923 847 Moy-

335 901 474 951 sem,
500 892 555 940 et
580 881 771 938 obtulit
796 894 891 950 pro
913 879 1019 934 illis
1048 878 1179 932 Deo.
1209 873 1577 944 Prmcepitque
1605 871 1770 935 Deus,
1797 882 1921 923 eum

336 979 424 1048 qui
453 992 559 1031 non
589 982 770 1044 posset
797 970 849 1025 in
875 970 1051 1041 primo
1077 981 1265 1021 mense
1285 964 1564 1019 immolare
1587 958 1805 1030 pascha,
1837 956 1924 1011 vel

336 1067 477 1138 quod
517 1062 823 1121 immundus
865 1069 1040 1122 esset,
1073 1059 1157 1114 vel
1184 1056 1326 1129 quod
1358 1056 1413 1111 in
1440 1054 1601 1123 longo
1627 1053 1842 1117 itinere,
1870 1050 1924 1104 in

336 1156 575 1215 secundo
598 1167 785 1210 mense
811 1152 1005 1216 facere,
1031 1149 1233 1205 decima
1253 1146 1407 1201 tertia
1428 1145 1534 1199 die.
1555 1143 1611 1199 Si
1635 1142 1754 1213 quis
1774 1156 1925 1207 vero,

336 1248 571 1307 mundus
599 1261 721 1303 cum
756 1243 847 1308 sit,
875 1256 977 1297 nec
1000 1241 1053 1295 in
1100 1241 1259 1310 longo
1293 1238 1508 1302 itinere,
1551 1235 1686 1290 nolit
1730 1233 1926 1304 pascha

337 1343 517 1399 facere
541 1340 598 1395 in
619 1338 790 1410 primo
819 1348 1024 1399 mense,
1041 1331 1140 1386 sub
1168 1340 1388 1400 peccato
1413 1328 1540 1384 erit.
1573 1327 1705 1391 Lex,
1736 1324 1926 1395 inquit,

339 1448 442 1488 una
469 1433 539 1487 sit
559 1429 779 1485 advena:
813 1435 868 1482 et
905 1424 1189 1494 indigenae.
1226 1421 1361 1477 Cum
1391 1419 1707 1475 ascenderet
1734 1417 1927 1481 nubes,

340 1534 514 1581 castra
545 1518 832 1578 movebant
860 1516 1113 1572 Israelita:
1136 1555 1152 1579 ,
1180 1521 1235 1569 et
1261 1512 1351 1567 ubi
1379 1511 1550 1565 nubes
1578 1510 1792 1574 stabat,
1825 1508 1931 1562 illic

341 1626 514 1672 castra
564 1611 917 1667 metabantur.
958 1606 1183 1662 Jubetur
1228 1604 1437 1674 Moyses
1465 1601 1642 1656 facere
1667 1600 1821 1655 tubas
1847 1613 1932 1653 ar-

342 1719 580 1781 genteas.
617 1706 688 1759 ita
717 1712 776 1757 ut
802 1717 895 1771 per
931 1700 1048 1755 illas
1091 1697 1477 1768 signiﬁcaretur
1514 1694 1731 1765 populo,
1761 1707 1931 1763 quan-

348 1803 544 1857 donam
572 1796 832 1868 proﬁcisci
855 1800 1149 1865 oporteret,
1176 1790 1389 1862 quando
1414 1803 1742 1858 congregare
1767 1802 1935 1857 popu-

344 1896 452 1947 lum
485 1893 535 1945 in
563 1889 715 1944 bellis
741 1930 756 1954 ,
786 1888 836 1941 in
860 1884 1139 1940 sacriﬁciis
1163 1925 1177 1948 ,
1209 1881 1574 1951 utendumque
1594 1894 1714 1935 esse
1744 1879 1935 1932 dicitur

345 1985 431 2039 his
472 1983 612 2037 tubis
640 1980 694 2034 in
727 1977 877 2033 festis
897 2018 912 2043 ,
945 1976 997 2030 in
1034 1973 1362 2040 neomeniis,
1395 1973 1448 2026 in
1490 1969 1834 2026 holocaustis.
1866 1968 1937 2024 Ut

345 2082 523 2130 autem
551 2068 775 2142 profecti
803 2077 925 2123 sunt
950 2066 1046 2121 ﬁlii
1078 2065 1260 2132 Israel,
1288 2063 1509 2135 rogabat
1535 2062 1746 2133 Moyses
1765 2060 1936 2116 Jobab

348 2170 513 2223 ﬁlium
544 2163 778 2235 Raguel,
808 2165 898 2231 qui
926 2169 982 2216 et
1006 2159 1196 2216 Jothor
1220 2157 1514 2223 dicebatur,
1545 2164 1602 2211 ut
1630 2154 1729 2210 sibi
1757 2161 1813 2209 et
1838 2153 1939 2207 via:

348 2270 405 2317 et
432 2257 813 2329 promissorum
845 2254 1104 2307 bonorum
1126 2262 1350 2305 consors
1364 2254 1510 2303 esset
1538 2264 1552 2313 ;
1584 2253 1639 2300 et
1664 2260 1783 2299 cum
1813 2258 1937 2299 arca

349 2350 690 2412 eveheretur,
716 2343 849 2399 dixit
869 2343 1079 2413 Moyses
1103 2358 1117 2394 :
1152 2340 1401 2409 Exsurge,
1428 2338 1663 2404 Domine,
1692 2337 1941 2406 dissipen-

351 2451 435 2498 tur
460 2436 653 2492 inimici
681 2435 784 2500 tui,
812 2433 1009 2504 fugiant
1037 2447 1207 2484 omnes
1230 2430 1317 2500 qui
1343 2439 1389 2483 te
1414 2429 1626 2483 oderunt
1643 2426 1830 2498 (Num.
1849 2427 1935 2483 10.

352 2534 466 2603 55).
509 2528 963 2587 Etmurmuravit
1006 2525 1255 2596 populus,
1300 2532 1356 2579 et
1393 2525 1672 2580 combusta
1699 2531 1784 2578 est
1816 2536 1941 2591 pars

351 2633 647 2679 castrorum
683 2637 698 2686 ;
737 2629 792 2675 et
822 2625 1045 2674 vocatus
1086 2626 1170 2672 cst
1207 2616 1355 2671 locus
1383 2614 1712 2672 Incendium.
1747 2615 1941 2670 Preca-

353 2727 547 2785 tusque
565 2720 649 2768 est
668 2711 897 2782 Moyses,
928 2718 983 2764 et
1003 2709 1233 2763 cessavit
1257 2708 1410 2763 ultio.
1435 2708 1801 2779 Petebantque
1825 2721 1944 2762 car-

355 2820 453 2860 nes
474 2846 490 2869 ,
521 2814 575 2858 et
603 2802 851 2857 dicebant
876 2818 888 2853 :
934 2818 953 2852 ι
990 2798 1358 2854 Recordamur
1394 2798 1618 2869 piscium
1643 2839 1659 2865 ,
1686 2813 1822 2869 quos
1847 2812 1942 2854 co-

357 2895 700 2950 medebamus
731 2893 780 2947 in
803 2891 1065 2963 Egypto,
1087 2905 1429 2946 cucumerum
1459 2899 1513 2947 et
1559 2905 1846 2961 peponum,
1891 2898 1947 2945 et

356 3000 639 3058 porrorum
668 2993 723 3039 et
745 2997 997 3052 ceparum
1039 2989 1093 3036 et
1129 2981 1399 3036 alliorum.
1428 2981 1578 3037 Nunc
1615 2993 1792 3037 autem
1823 2982 1944 3037 ani-

356 3092 443 3132 ma
489 3082 669 3131 nostra
726 3073 915 3139 arida;
968 3072 1099 3128 nihil
1149 3082 1350 3144 prmter
1400 3090 1596 3129 manna
1651 3075 1944 3145 respiciunt

357 3167 499 3222 oculi
530 3165 698 3221 nostri
736 3183 755 3217 ι
794 3164 813 3234 (
840 3163 1003 3217 Num.
1037 3164 1123 3219 Η·
1151 3164 1203 3219 5.
1228 3164 1314 3235 6).
1338 3164 1408 3220 Ut
1427 3176 1601 3219 autem
1625 3165 1943 3222 seditionem

357 3272 544 3314 eorum
586 3257 818 3327 graviter
846 3256 1052 3310 ferebat
1076 3294 1090 3319 ,
1123 3263 1176 3311 et
1212 3262 1325 3316 Deo
1344 3257 1706 3333 supplicabat,
1742 3257 1946 3312 addidit

358 3351 407 3406 ei
436 3350 765 3420 septuaginta
792 3348 1053 3413 seniores,
1081 3348 1169 3417 qui
1196 3360 1401 3419 partem
1430 3348 1677 3418 vituperii
1702 3363 1821 3404 cum
1854 3350 1947 3405 illo

358 3441 582 3495 ferrent.
609 3438 759 3493 Tunc
788 3438 913 3493 Jesu
942 3438 1053 3492 ﬁlio
1084 3436 1228 3492 Nave
1256 3437 1486 3501 dicente,
1523 3438 1755 3494 Prohibe
1782 3439 1945 3494 lilium

361 3531 526 3588 Eldad
550 3540 605 3587 et
629 3528 817 3585 Modad
841 3545 908 3585 ne
933 3529 1269 3598 prophetent,
1299 3531 1374 3583 ait
1398 3530 1570 3585 Moses
1592 3548 1604 3584 :
1626 3528 1765 3583 Num
1781 3546 1939 3584 temu-

367 3625 492 3680 laris
528 3633 581 3678 tu
621 3638 712 3693 pro
738 3638 817 3676 me
844 3623 870 3676 ?
898 3621 962 3676 Et
999 3622 1111 3690 quis
1138 3622 1329 3675 dederit
1356 3632 1410 3675 ut
1441 3631 1571 3677 totus
1597 3623 1814 3695 populus
1846 3623 1952 3678 Do-

366 3719 489 3773 mini
516 3717 775 3787 propheta:
805 3716 907 3770 sint
934 3716 953 3785 (
986 3714 1148 3770 Num.
1181 3716 1267 3770 Η.
1296 3715 1365 3770 29
1394 3714 1413 3786 )
1440 3717 1457 3747 ¹
1487 3717 1511 3769 ‘l
1539 3715 1687 3772 Tunc
1713 3716 1951 3773 ascendit

368 3812 615 3868 coturnix
653 3826 683 3865 a
714 3809 939 3864 Domino
961 3850 977 3877 ,
1007 3817 1061 3863 et
1085 3807 1455 3863 comederunt.
1486 3808 1553 3863 Et
1581 3824 1769 3866 carnes
1797 3820 1949 3865 erant

368 3906 421 3959 in
461 3901 709 3959 dentibus
749 3915 971 3963 eorum,
1010 3898 1319 3969 priusquam
1360 3899 1675 3955 deﬁcerent.
1727 3900 1841 3956 IIoc
1894 3900 1947 3956 in

368 3998 581 4054 I‘salmo
616 3996 775 4050 etiam
815 3993 1010 4047 dictum
1037 4003 1119 4048 est
1152 4010 1166 4047 :
1199 3992 1379 4045 Adhuc
1417 4009 1530 4046 esca
1565 4010 1738 4046 eorum
1763 4004 1869 4047 erat
1898 3994 1951 4048 in

365 4106 454 4143 ore
483 4090 728 4155 ipsorum,
770 4094 817 4139 et
857 4086 934 4137 ira
979 4083 1070 4136 Dei
1097 4084 1321 4137 ascendit
1356 4100 1506 4153 super
1534 4099 1617 4137 eos
1646 4100 1664 4137 .'
1689 4090 1735 4137 et
1770 4084 1952 4138 occidit

363 4200 417 4239 «τι
447 4182 678 4253 pluribus
697 4194 865 4233 eorum
892 4176 1061 4249 (Psal.
1096 4178 1186 4232 77.
1217 4178 1306 4232 50.
1336 4177 1426 4245 3i)
1445 4178 1487 4229 ².
1522 4177 1748 4233 Vocatus
1772 4186 1948 4232 autem

366 4286 450 4330 est
478 4285 654 4327 autem
694 4271 779 4325 hic
815 4271 964 4325 locus
988 4270 1245 4339 Sepulcra
1289 4270 1754 4340 concupiscentiae.
1800 4272 1953 4328 Tune

368 4365 584 4435 loqnnta
624 4371 706 4416 est
733 4370 918 4417 contra
959 4359 1191 4431 Moysem
1220 4360 1380 4414 Maria
1404 4361 1629 4416 dicens:
1670 4362 1811 4416 Num
1854 4365 1953 4434 ipsi

370 4457 467 4512 soli
504 4456 738 4525 loquutus
784 4462 855 4508 est
893 4451 1029 4505 Deus
1058 4451 1076 4522 (
1110 4452 1269 4504 Num.
1295 4452 1383 4509 12.
1413 4452 1492 4525 2)
1522 4454 1546 4507 ‘l
1571 4454 1704 4509 Cum
1732 4455 1955 4512 dixisset

370 4561 504 4601 vero
549 4545 708 4609 Deus,
749 4557 808 4599 se
853 4542 953 4612 ipsi
999 4542 1097 4597 soli
1137 4541 1519 4613 prophetarum
1560 4545 1629 4600 ita
1678 4546 1950 4617 loquutum

370 4653 511 4705 esse,
554 4635 772 4691 immisit
810 4634 1009 4705 lepram
1058 4634 1109 4688 in
1148 4633 1390 4702 Mariam,
1422 4634 1708 4708 Moyseque
1733 4650 1955 4709 rogante

367 4745 466 4800 pro
496 4729 581 4783 illa
608 4770 622 4794 ,
652 4742 757 4781 non
784 4726 904 4781 tulit
933 4740 1051 4781 eam
1079 4726 1226 4795 prius
1254 4725 1497 4781 mundari
1524 4769 1539 4794 ,
1566 4744 1722 4799 quam
1747 4739 1951 4800 septem

369 4820 485 4874 dies
514 4829 663 4875 extra
690 4826 863 4872 castra
903 4817 1207 4872 mansisset.
1240 4817 1397 4873 Mittit
1438 4834 1564 4890 ergo
1602 4822 1860 4891 quosdam
1889 4838 1952 4877 ex

445 4960 546 5034 '_I_n'
574 4960 752 5034 Bibliis
785 4961 985 5034 Graecis,
1020 4965 1101 5022 Μὴ
1127 4966 1285 5024 ζηλοῖς
1304 4967 1407 5030 ἐμέ.
1432 4969 1528 5018 Καὶ
1552 4969 1623 5026 τίς
1642 4971 1711 5034 δῷ
1731 4969 1871 5018 παντὶ
1891 4972 1961 5034 τῷ

380 5020 485 5085 λαῷ
511 5023 686 5085 Κυρίου

434 5097 469 5161 ’__
490 5094 543 5144 In
562 5092 722 5143 Bibliis
937 5092 1052 5161 fidit.
1084 5098 1249 5160 .Rom.,
1280 5105 1314 5143 ιν
1336 5110 1412 5152 tot;
1434 5108 1554 5145 κίοσιν
1575 5109 1717 5157 αὐτῶν,
1751 5098 1807 5161 in
1844 5100 1953 5161 pin-

366 5155 538 5223 guibus
576 5168 758 5204 eorum.
782 5153 1008 5223 Vulgata.
1279 5168 1463 5223 eorum,
1509 5165 1562 5206 et
1602 5163 1675 5208 sic
1704 5153 1953 5223 altique-

371 5215 472 5279 que
496 5219 793 5277 interpretes
816 5222 1017 5282 veteres
1038 5215 1303 5282 secundum
1344 5215 1605 5282 lectionem
1630 5215 1951 5282 rnebraicam,

371 5276 711 5335 animum.
750 5276 841 5327 Sed
890 5276 939 5324 in
982 5277 1321 5327 vetustissimis
1371 5280 1735 5341 exemplaribus
1780 5276 1955 5334 Graecis

368 5349 536 5412 multis
555 5348 833 5412 legebatur,
849 5359 885 5397 ιν
906 5360 983 5403 τοις
1004 5356 1165 5412 πλιιρσιν
1185 5360 1301 5412 ergo.
1314 5383 1328 5407 ,
1343 5346 1394 5397 in
1411 5346 1629 5412 pluribus
1649 5363 1833 5401 conon.
1855 5360 1954 5411 Qua

367 5411 434 5461 de
457 5425 515 5461 re
534 5409 645 5461 vide
666 5412 1015 5472 Hieronymum
1029 5409 1172 5472 Epist.
1198 5411 1257 5458 ad
1280 5409 1469 5459 simiam
1496 5417 1547 5460 et
1566 5411 1759 5463 Fretell.
1788 5422 1840 5464 et
1860 5409 1963 5463 Ᾱιιο-

368 5477 615 5535 gustiuutn
654 5474 703 5522 iu
740 5468 947 5537 Psalinos
983 5468 1077 5520 hoc
1108 5469 1231 5537 loco.
1272 5471 1607 5537 Theodoretus
1634 5476 1778 5524 etiam
1813 5489 1849 5526 ιν
1878 5494 1953 5537 ταις

367 5532 528 5586 {unum
548 5546 693 5593 ὸςιν,
707 5536 791 5583 ubi
816 5532 1065 5594 Interpres
1088 5536 1251 5593 vertit,
1270 5533 1469 5597 pingues
1490 5549 1671 5597 eoruiu,
1697 5550 1794 5586 non
1808 5532 1953 5588 accui

367 5604 475 5644 rate
491 5609 634 5665 sane.
661 5597 1071 5665 Interpretatione
1094 5603 1257 5646 autem
1288 5598 1337 5645 in
1356 5595 1533 5665 ‘t’salsn.
1560 5599 1639 5659 77,
1657 5595 1801 5665 quam
1823 5601 1949 5653 inter

364 5660 529 5721 spuria
549 5658 900 5727 able-gerimus,
926 5670 961 5707 ιν
994 5674 1067 5716 τοῖς
1085 5670 1241 5709 suam
1264 5671 1378 5709 ιῦτῦν
1405 5660 1597 5723 legitur.

1023 213 1081 274 S.
1119 210 1399 273 JOANNIS
1433 202 1911 267 CHRYSOSTOMI
1950 201 2269 261 ARCIIIEP.
2308 202 2838 263 CONSTANTINOD.

3526 198 3643 256 332

2025 321 2225 390 populo
2264 321 2606 392 exploratum
2649 330 2844 377 terram
2875 318 3325 376 Cltananteorum.
3366 317 3491 386 Qua
3524 332 3640 373 ex-

2027 409 2253 478 plorata,
2286 426 2441 466 uvam
2481 411 2606 467 inde
2645 417 2943 482 gestarum,
2987 418 3291 483 terramque
3324 408 3639 465 admodum

2026 499 2330 556 laudabant.
2363 501 2472 557 Sed
2513 502 2775 558 timebant
2810 502 3065 572 populum
3101 547 3117 572 ,
3153 500 3311 571 quod'
3327 499 3641 556 bellatores

2024 590 2133 645 illic
2170 590 2269 645 viri
2313 599 2512 647 essent.
2540 591 2745 647 Chaleb
2768 600 2947 647 autem
2975 590 3114 645 ﬁlius
3141 590 3425 660 Jephone,
3458 598 3521 644 et
3542 589 3640 644 Je-

2027 697 2117 737 sus
2149 683 2288 738 ﬁlius
2312 683 2455 739 Nave
2482 724 2496 749 ,
2529 684 2620 754 qui
2644 691 2698 738 et
2723 682 2823 752 ipsi
2860 697 2926 739 ex
2966 696 3193 737 numero
3216 681 3640 752 exploratorum

2027 784 2201 840 erant,
2231 774 2432 845 populo
2464 775 2673 829 animos
2701 773 2966 830 addebant
3000 792 3014 829 :
3043 774 3115 829 illi
3146 782 3325 829 autem
3356 782 3643 830 venerunt

2030 862 2329 933 lapidatum
2368 879 2483 920 eos.
2526 865 2835 935 Rursusque
2880 865 3045 920 Deum
3088 864 3462 921 irritaverant;
3492 865 3641 921 Tum

2027 954 2161 1010 dixit
2189 956 2352 1023 Deus,
2384 972 2491 1011 non
2516 971 2835 1011 ascensuros
2859 971 2981 1012 esse
3014 971 3109 1012 eos
3136 957 3224 1027 qui
3252 972 3643 1012 murmurare-

2029 1055 2152 1102 runt
2177 1048 2229 1102 in
2254 1057 2451 1104 terram
2479 1048 2867 1118 promissionis,
2897 1048 3000 1105 nisi
3024 1056 3225 1104 tantum
3248 1049 3391 1105 ﬁlios
3409 1064 3639 1117 eorum,

2029 1147 2084 1195 et
2105 1138 2307 1196 Chaleb
2336 1140 2500 1195 ﬁlium
2527 1141 2790 1211 lephone,
2821 1151 2875 1198 et
2903 1142 3109 1199 Iesum.
3134 1142 3504 1214 Quadraginta
3536 1159 3640 1199 au-

2032 1240 2139 1285 tem
2170 1231 2348 1299 annis,
2378 1233 2566 1302 inquit,
2595 1242 2753 1288 erunt
2782 1233 2833 1287 in
2861 1233 3078 1290 deserto
3104 1275 3120 1301 ,
3161 1234 3352 1291 donec
3374 1234 3472 1290 ﬁlii
3517 1250 3644 1291 cre-

2033 1324 2229 1389 verint,
2249 1324 2541 1379 secundum
2571 1340 2853 1379 numerum
2886 1325 3115 1393 dierum,
3147 1326 3343 1398 quibus
3370 1326 3646 1383 visitare-

2032 1424 2160 1469 runt
2189 1424 2409 1470 terram.
2443 1416 2594 1471 'I'nnc
2633 1417 2997 1487 exploratores
3025 1433 3213 1474 omnes
3248 1420 3451 1474 mortui
3480 1428 3642 1485 sunt,

2034 1509 2272 1578 exceptis
2291 1508 2492 1564 Chaleb
2516 1517 2569 1564 et
2595 1508 2718 1564 Jesu
2746 1510 2855 1564 ﬁlio
2880 1509 3021 1565 Nave
3054 1528 3067 1565 :
3099 1509 3351 1582 ﬂevitque
3376 1512 3644 1581 populus.

2034 1600 2408 1657 Ascenderunt
2434 1612 2620 1657 contra
2652 1603 2871 1658 Amalec
2896 1613 3095 1673 prmter
3131 1603 3225 1659 Dei
3256 1606 3555 1674 placitum,
3591 1617 3646 1660 ct

2035 1708 2160 1748 arca
2193 1694 2389 1748 mansit
2416 1694 2469 1748 in
2500 1694 2687 1749 castris
2716 1709 2837 1749 cum
2866 1694 3065 1766 Moyse.
3099 1694 3385 1766 Exivitque
3413 1698 3647 1751 Amalec

2037 1794 2091 1839 et
2120 1786 2385 1855 percussit
2409 1800 2524 1840 eos.
2553 1786 2864 1856 Praecipitur
2883 1786 2951 1842 de
2972 1785 3322 1855 holocaustis,
3355 1788 3425 1844 de
3451 1790 3646 1858 primi-

2038 1877 2145 1944 tiis,
2176 1877 2244 1931 de
2272 1875 2545 1933 sacriﬁciis
2580 1892 2676 1948 pro
2715 1877 2929 1933 delicto.
2963 1878 3347 1948 Deprehensus
3377 1889 3465 1935 est
3485 1883 3643 1951 quis-

2037 1971 2177 2040 piam
2217 1969 2362 2041 ligna
2407 1970 2667 2041 colligens
2717 1971 2771 2025 in
2811 1971 3069 2039 sabbato,
3130 1980 3186 2028 et
3226 1972 3496 2042 lapidatus
3536 1984 3642 2029 est.

2038 2061 2428 2130 Praecipiuntur
2450 2061 2686 2118 ﬁmbrias
2708 2063 2759 2117 in
2780 2064 2891 2118 oris
2914 2061 3111 2119 facere.
3134 2064 3211 2120 De
3236 2064 3396 2132 Core,
3430 2065 3644 2121 Datban

2039 2162 2092 2207 et
2118 2152 2319 2207 Abiron
2347 2169 2363 2207 :
2394 2154 2649 2208 tumultus
2670 2169 2878 2219 eorum,
2898 2163 2953 2210 et
2977 2170 3153 2225 poena:
3192 2170 3327 2226 quas
3351 2156 3640 2212 dederunt.

2046 2244 2141 2299 llis
2185 2245 2442 2315 peractis,
2487 2246 2679 2315 reliqui
2718 2246 2787 2301 de
2819 2247 3018 2316 populo
3041 2263 3145 2302 non
3177 2247 3249 2303 ad:
3270 2249 3551 2305 meliorem
3584 2265 3645 2305 se

2042 2336 2247 2407 frugem
2276 2347 2629 2407 receperunt,
2662 2337 2758 2392 sed
2788 2352 2971 2392 rursus
2999 2338 3409 2395 insurrexerunt
3448 2352 3641 2395 contra

2042 2430 2300 2502 Moysem,
2347 2431 2753 2501 moriunturque
2787 2431 3189 2500 quattuordecim
3238 2432 3389 2488 mille
3429 2435 3641 2503 septin-

2043 2524 2209 2594 genti.
2230 2522 2381 2578 Tunc
2406 2522 2585 2578 floruit
2611 2523 2757 2593 virga
2782 2524 3028 2579 Aaronis.
3050 2523 3188 2579 Dicit
3212 2532 3267 2580 et
3291 2525 3486 2580 statuit
3511 2526 3639 2596 quid

2041 2616 2287 2685 accipere
2323 2615 2552 2670 debeant
2581 2615 2778 2671 Levitzn
2815 2625 2871 2672 ct
2896 2616 3150 2673 sacerdos
3176 2632 3403 2689 magnus
3424 2661 3437 2685 ,
3472 2627 3529 2675 et
3557 2620 3636 2674 le-

2043 2722 2163 2777 gem
2191 2706 2283 2762 dat
2319 2706 2387 2762 de
2426 2706 2607 2763 cinere
2643 2706 2845 2772 vitulac,
2877 2722 2943 2763 ex
2994 2723 3097 2779 qua
3136 2711 3469 2780 aspersionis
3500 2726 3637 2781 aqua

2045 2797 2226 2853 fiebat.
2254 2797 2403 2854 Hanc
2431 2814 2589 2868 porro
2612 2799 2829 2854 vitulam
2863 2800 3033 2855 visum
3064 2810 3146 2856 est
3169 2801 3491 2872 quibusdam
3522 2819 3641 2859 esse

2050 2891 2271 2960 ﬁguram
2309 2892 2570 2960 passionis
2601 2891 2809 2948 Domini
2832 2893 2999 2948 nostri
3023 2891 3150 2949 Jesu
3180 2892 3401 2950 Christi.
3427 2895 3536 2951 Per
3561 2897 3639 2950 ci-

2049 3000 2235 3040 nerem
2281 2993 2458 3040 autem
2503 2985 2683 3040 vitula:
2731 2983 3087 3041 mundabatur
3126 2986 3173 3042 is
3206 2986 3295 3058 qui
3336 2986 3641 3043 immundus

2047 3086 2217 3134 erata
2243 3088 2477 3131 mortuo.
2511 3077 2667 3133 Venit
2694 3084 2873 3132 autem
2905 3078 3131 3147 populus
3160 3079 3214 3133 in
3237 3078 3431 3146 Cades,
3463 3078 3641 3150 ibique

2050 3177 2262 3222 mortua
2290 3168 2604 3238 sepultaque
2630 3176 2711 3223 est
2732 3167 2915 3222 Maria.
2947 3167 3239 3225 Deﬁciente
3266 3184 3403 3241 aqua
3429 3186 3640 3225 rursum

2050 3266 2380 3313 murmurant
2403 3257 2571 3313 Judaei
2604 3274 2619 3311 :
2674 3256 2883 3329 Moyses
2921 3273 3050 3313 vero
3090 3267 3147 3313 et
3182 3260 3360 3315 Aaron
3386 3259 3643 3330 jubentur

2049 3364 2242 3419 aquam
2278 3349 2345 3404 de
2382 3359 2527 3419 petra
2567 3348 2816 3404 educere.
2847 3348 3119 3405 Percussit
3146 3350 3290 3405 illam
3322 3350 3533 3421 Moyses
3561 3351 3641 3406 di-

2049 3455 2216 3495 cens:
2255 3439 2519 3511 Numquid
2560 3455 2623 3494 ea:
2664 3440 2760 3494 hac
2800 3449 2941 3511 petra
2978 3442 3250 3497 educemus
3287 3443 3423 3497 vobis
3459 3460 3642 3513 aquam

2052 3531 2241 3605 (Nunt.
2271 3532 2362 3588 20.
2405 3532 2494 3603 10)
2528 3533 2553 3588 l
2584 3533 2646 3589 Et
2672 3547 2883 3604 egressa
2922 3542 3005 3589 est
3045 3548 3203 3606 aqua.
3242 3534 3494 3606 Dixitque
3539 3536 3642 3590 Do-

2054 3625 2233 3679 minus
2275 3624 2342 3679 ad
2393 3623 2627 3697 Moysem
2674 3632 2728 3679 et
2774 3625 2952 3680 Aaron
2987 3642 3001 3679 :
3051 3626 3185 3693 Quia
3225 3643 3325 3680 non
3363 3628 3643 3684 credidistis

2053 3716 2212 3782 mihi,
2243 3725 2297 3770 ut
2334 3716 2716 3786 sanctiﬁcaretis
2743 3733 2821 3771 me
2846 3733 3019 3772 coram
3049 3718 3172 3787 ﬁliis
3195 3717 3382 3785 Israel,
3409 3720 3523 3774 ideo
3544 3738 3642 3773 non

2053 3807 2378 3863 introducetis
2421 3824 2506 3863 vos
2549 3807 2683 3862 hunc
2716 3817 2894 3863 cretum
2923 3810 2977 3864 in
3002 3818 3188 3864 terram
3206 3850 3225 3879 ,
3255 3827 3404 3883 quam
3434 3811 3552 3866 dedi
3574 3815 3641 3867 eis

2055 3898 2215 3970 (Ibid.
2231 3916 2279 3975 υ,
2300 3898 2411 3971 12).
2434 3900 2534 3955 Per
2560 3899 2762 3971 legatos
2782 3900 2889 3971 agit
2914 3899 3125 3971 Moyses
3149 3917 3272 3957 cum
3294 3917 3420 3973 rege
3445 3902 3638 3970 Edom,

2055 4002 2115 4047 ut
2158 4006 2252 4048 eos
2292 3992 2525 4048 transire
2562 3992 2804 4049 sineret:
2844 3993 2933 4050 ille
2960 4009 3088 4049 vero
3125 4010 3233 4049 non
3272 3995 3513 4064 permisit
3546 4014 3560 4050 :
3592 4006 3641 4050 et

2055 4085 2456 4141 declinaverunt
2475 4085 2542 4140 ab
2570 4099 2636 4140 eo
2663 4085 2755 4140 ﬁlii
2779 4086 2965 4142 Israel.
2992 4085 3064 4142 Ut
3088 4096 3264 4141 autem
3291 4096 3640 4156 pervenerunt

2057 4176 2109 4232 in
2143 4187 2375 4231 montem
2405 4175 2498 4239 0r,
2523 4176 2673 4246 jussu
2718 4176 2811 4231 Dei
2853 4176 3143 4246 assumptis
3186 4176 3394 4250 Moyses
3431 4179 3640 4233 Aaronc

2057 4277 2112 4322 et
2140 4266 2395 4322 Eleazaro
2425 4266 2535 4320 ﬁlio
2565 4266 2701 4336 ejus,
2733 4265 2955 4322 adduxit
2981 4281 3076 4323 eos
3098 4267 3155 4322 in
3183 4274 3453 4323 montem:
3482 4279 3531 4323 et
3563 4269 3639 4322 in-

2057 4361 2171 4417 duit
2198 4361 2509 4416 Eleazarum
2539 4360 2775 4416 vestibus
2810 4360 2947 4430 ejus.
2981 4362 3163 4415 Aaron
3193 4370 3374 4417 autem
3404 4370 3641 4417 mortuus

2058 4460 2143 4509 est
2171 4454 2221 4507 in
2252 4460 2452 4507 monte.
2478 4452 2753 4523 Flevitque
2780 4453 3007 4523 populus
3030 4453 3243 4525 triginta
3274 4453 3476 4511 diebus.
3512 4455 3639 4509 Cha-

2062 4557 2306 4598 nanrcum
2340 4543 2611 4607 vicerunt,
2644 4554 2693 4597 et
2734 4542 3074 4599 anathemate
3106 4543 3379 4599 ferierunt.
3414 4546 3639 4601 Profecti

2059 4646 2236 4690 autem
2266 4634 2333 4689 ad
2361 4649 2509 4689 mare
2539 4633 2776 4689 Rubrum
2800 4676 2815 4701 ,
2861 4635 3189 4691 eireuierunt
3218 4645 3416 4692 terram
3451 4636 3637 4705 Edoni,

2060 4735 2114 4785 et
2132 4727 2310 4781 animo
2326 4726 2655 4794 defecerunt,
2681 4738 3254 4800 mnrmuraveruntque
3281 4739 3463 4785 contra
3493 4730 3635 4801 Moy-

2059 4836 2172 4877 sem
2205 4838 2217 4875 :
2242 4820 2563 4891 immisitque
2589 4820 2642 4874 in
2671 4834 2766 4876 eos
2805 4821 2945 4877 Deus
2983 4831 3265 4892 serpentes
3290 4824 3379 4894 qui
3409 4823 3523 4879 illos
3548 4840 3637 4879 oc-

2058 4912 2317 4968 ciderent.
2369 4913 2728 4984 Precatusquc
2774 4923 2857 4969 est
2903 4915 3150 4987 Moyses,
3192 4925 3246 4971 et
3280 4915 3496 4987 jubente
3534 4919 3641 4975 Deo

2060 5004 2187 5061 fecit
2222 5015 2529 5075 serpentem
2569 5020 2775 5061 a'neum
2810 5022 2825 5058 :
2853 5006 2943 5077 qui
2976 5021 3107 5063 vero
3136 5008 3497 5079 mordebatur,
3522 5026 3635 5067 cum

2059 5096 2353 5165 respiceret
2399 5096 2452 5151 in
2500 5107 2805 5167 serpentem
2832 5137 2848 5161 ,
2886 5098 3116 5153 vivebat.
3154 5099 3230 5154 De
3269 5098 3373 5154 hoc
3397 5113 3634 5171 serpente

2061 5188 2261 5245 dictum
2309 5194 2471 5250 estin
2485 5189 2772 5259 Evangelia
2806 5207 2820 5244 :
2851 5187 2995 5244 Sicut
3037 5189 3275 5245 eaaltavit
3308 5192 3507 5264 Moyses
3538 5212 3631 5249 ιεν.

2060 5292 2257 5352 pentem
2296 5281 2355 5335 in
2400 5280 2594 5336 deserto
2613 5322 2629 5349 ,
2656 5281 2728 5335 ita
2762 5292 2953 5353 oportet
2983 5283 3196 5338 exaltari
3216 5280 3410 5339 Filium
3431 5286 3631 5342 hominis

2064 5375 2256 5447 (Joan.
2290 5377 2343 5431 3.
2373 5377 2440 5432 N
2464 5376 2504 5447 ).
2529 5375 2756 5447 Legatos
2784 5376 2945 5432 mittit
2969 5376 3178 5449 Moyses
3206 5377 3273 5433 ad
3298 5378 3436 5435 Seon
3462 5396 3628 5452 regem

2063 5471 2525 5525 Amorrlnrorum.
2578 5469 2675 5524 llic
2726 5482 2902 5525 autem
2948 5471 3091 5527 Scon
3136 5487 3256 5527 cum
3301 5473 3492 5529 bellum
3518 5485 3627 5529 ante

2060 5565 2317 5618 movisset
2357 5572 2541 5617 contra
2581 5578 2759 5632 regem
2798 5562 2983 5631 Moab,
3016 5565 3159 5635 cepit
3187 5577 3381 5621 terram
3408 5566 3535 5637 ejus.
3565 5567 3626 5621 Ut

2061 5671 2185 5712 vero
2212 5655 2283 5713 eti
2304 5672 2371 5711 tm
2412 5665 2594 5712 contra
2631 5656 2892 5713 lsraelitas
2923 5657 3160 5726 pratliunt
3189 5660 3451 5717 commisit
3472 5703 3486 5728 ,
3514 5675 3625 5730 pro-
