3722 6274
355 354 535 431 μήσας
564 338 828 423 πρότερον
859 340 949 403 τὸν
978 349 1199 420 βασιλέα
1249 347 1453 412 Μωάϐ,
1488 346 1645 402 ἔλαϐε
1683 336 1783 416 τῆν
1818 346 1923 416 γῆν

352 436 543 493 αὐτοῦ.
602 435 691 498 Ὠς
715 435 774 489 δέ
812 434 908 489 καλ⁸
944 436 1057 496 τοῖς
1109 432 1471 505 Ἰσραηλίταις
1520 431 1806 501 συνέμιξεν
1851 431 1930 492 είς

352 522 611 591 πόλεμον,
646 518 851 591 ἡττήθη
880 508 1021 571 κατά
1046 518 1265 587 κράτος,
1294 518 1389 571 καὶ
1419 516 1519 579 τάς
1562 515 1745 577 πόλεις
1766 512 1931 566 αὑτοῦ

353 605 534 667 πάσας
556 602 745 656 ἔλαϐον
773 602 823 655 οἱ
868 600 1213 671 Ἰσραηλῖται.
1245 599 1619 669 Συμϐαλόντες
1650 597 1706 649 δὲ
1737 594 1932 665 καὶτῷ

358 688 459 755 Ὠγ
490 685 702 756 βασιλεῖ
733 687 833 754 τῆς
866 682 1077 746 Βασάν,
1112 685 1225 746 τοῖς
1269 684 1453 745 αὐτοῖς
1481 679 1798 751 περιέϐαλον
1833 679 1933 731 αύ-

352 771 446 824 τδν
473 772 682 834 κακοῖς,
720 763 800 831 οἷς
835 769 931 822 καὶ
960 766 1052 820 τὸν
1089 765 1264 837 Σηὼν,
1299 766 1393 818 καὶ
1420 766 1519 835 τὴν
1557 764 1665 833 γῆν
1708 763 1803 816 καὶ
1835 761 1934 825 τάς

358 864 540 927 πόλεις
563 861 726 917 αὑτοῦ
755 863 933 925 πάσας
960 860 1169 914 ἔλαϐον.
1215 859 1429 928 Πέμπει
1474 855 1725 927 βασιλεὺς
1750 855 1933 909 Βαλὰκ

358 949 495 1019 πρὸς
534 945 763 1015 Βαλαὰμ
785 945 873 998 τὸν
911 946 1131 1015 μάντιν,
1161 945 1246 997 ἵνα
1276 945 1547 1017 ἀράσηται
1568 941 1659 995 τὸν
1682 941 1830 995 λαόν.
1875 941 1933 994 '0

356 1033 412 1086 δὲ
436 1031 565 1094 Θεὸς
587 1030 647 1083 τὸ
679 1029 775 1100 μὲν
802 1028 1015 1098 πρῶτον
1052 1027 1341 1081 ἐκώλυσεν.
1379 1027 1467 1089 Ὠς
1503 1025 1561 1078 δέ
1594 1025 1830 1079 ἐνέκειτο
1855 1022 1933 1091 τῷ

360 1115 583 1186 μάντει,
626 1112 1000 1183 συνεχώρησεν
1039 1111 1291 1164 ἀπελθεῖν
1317 1110 1443 1181 μὲν,
1480 1109 1541 1162 οὐ
1585 1109 1693 1179 μὴν
1721 1108 1932 1179 ἀράσα-

361 1197 482 1252 σθαι
574 1197 687 1250 ἀλλ’
715 1196 908 1267 ἔτρεψε
955 1195 1054 1257 τὰς
1085 1193 1328 1263 κατάρας
1388 1193 1468 1256 είς
1500 1191 1771 1260 εὐλογίας.
1818 1191 1933 1245 Οὐκ

360 1277 512 1353 [53ξῖΙ
555 1279 741 1350 ἐπειδὴ
788 1278 972 1349 ῐσχυόν
1013 1295 1067 1331 τι
1109 1279 1164 1333 αἱ
1205 1278 1334 1347 ἀραὶ
1361 1274 1454 1328 τοῦ
1502 1275 1765 1347 μάντεως,
1818 1273 1933 1327 ἀλλ’

358 1364 545 1435 ἐπειδὴ
569 1362 908 1431 ταλαίπωρος
928 1356 996 1431 ῆν
1011 1363 1039 1413 6
1055 1359 1204 1424 λαὸς,
1222 1358 1453 1430 ῆμελλεν
1472 1358 1634 1411 αὑτοῦ
1660 1358 1934 1412 πιστεύειν

356 1451 476 1511 ταῖς
502 1448 787 1519 κατάραις,
814 1446 909 1499 καὶ
932 1443 1351 1515 κατακρίνεσθαι
1397 1444 1513 1496 ἐκεῖ
1549 1442 1636 1496 διὰ
1667 1442 1765 1513 τὴν
1797 1442 1934 1495 ίδίαν

358 1530 659 1585 ἀσθένειαν.
680 1524 847 1593 Οὗτος
875 1528 1205 1598 προφητεύει
1227 1525 1460 1595 περὶτοῦ
1483 1524 1718 1596 Χριστοῦ
1734 1525 1929 1593 λέγων·

372 1614 667 1668 Ἆνατελεῖ
678 1613 904 1680 ἄστρον
927 1613 996 1677 ἐξ
1032 1612 1257 1675 Ἰακὼϐ,
1281 1609 1378 1664 καὶ
1403 1609 1809 1673 ἀναστήσεται
1831 1607 1935 1661 ἄν·

361 1700 591 1766 ορωετος
628 1696 697 1760 ἐξ
731 1695 998 1764 Ἰσραήλ.
1017 1695 1241 1763 Πνεῦμα
1267 1696 1375 1763 γάρ
1400 1694 1535 1747 Θεοῦ
1574 1691 1817 1771 ἐγενήθη⁴
1842 1691 1935 1744 ἐπὶ

357 1780 437 1850 τῷ
464 1780 674 1850 μάντει.
712 1779 803 1841 Ὠς
828 1779 885 1831 δὲ
918 1778 1159 1848 ἀπῆλθεν
1185 1781 1213 1831 6
1251 1778 1511 1847 Βαλαάμ,
1544 1776 1935 1845 ἐκπορεύουσιν

360 1865 409 1916 οί
437 1864 544 1916 υἱοὶ
598 1862 817 1933 Ἰσραὴλ
843 1863 922 1926 είς
946 1862 1043 1923 τάς
1069 1862 1371 1931 θυγατέρας
1393 1859 1587 1924 Μωάϐ,
1611 1861 1705 1913 καὶ
1724 1859 1936 1913 τελοῦν-

360 1946 555 2018 ταιτῷ
595 1944 936 2016 Βεελφεγώρ.
984 1945 1116 1997 Τότε
1148 1945 1356 1997 κελεύει
1397 1944 1638 2013 Μωῦσῆς
1670 1943 1933 2008 ἕκαστον,

360 2035 677 2088 ἀποκτεῖναι
710 2032 802 2086 τὸν
836 2032 1062 2102 ἀδελφὸν
1091 2031 1645 2102 είδωλολατρήσαντα.
1678 2031 1811 2084 Τότε
1841 2032 1937 2087 καὶ

359 2122 543 2186 Φινεὲς
592 2121 707 2185 υίὸς
761 2119 1023 2191 Ἐλεάζαρ
1065 2119 1379 2190 ἐξεκέντησε
1429 2119 1520 2171 τὸν
1564 2118 1808 2189 Ζαμϐρὶν
1844 2118 1935 2171 τὸν

374 2203 731 2276 Ἰσραηλίτην,
791 2203 885 2257 καὶ
936 2203 1036 2276 τὴν
1068 2202 1246 2257 Χασϐὶ
1295 2202 1393 2273 τὴν
1448 2202 1766 2256 Μαδιανῖτιν
1820 2201 1936 2271 μετ’

360 2287 526 2340 αὑτοῦ
554 2302 567 2316 °
603 2287 699 2339 καὶ
723 2286 1005 2355 ἐλογίσθη
1034 2284 1192 2349 αὐτῷ
1223 2286 1311 2350 εις
1355 2284 1765 2352 δικαιοσύνην.
1802 2284 1936 2338 Τότε

361 2369 719 2443 ἀριθμοῦνται
744 2370 793 2423 οἱ
816 2369 922 2422 υἱοὶ
956 2370 1171 2441 Ἰσραήλ
1198 2369 1305 2422 ἀπὸ
1329 2368 1671 2432 είκοσαέτους
1687 2370 1781 2423 καὶ
1800 2369 1938 2422 ἐπά-

362 2472 439 2507 νω
457 2494 471 2516 ,
499 2454 591 2507 καὶ
621 2452 921 2523 εὑρέθησαν
945 2451 1221 2517 ἑξακόσιαι
1246 2451 1500 2521 χιλιάδες,
1528 2452 1622 2504 καὶ
1652 2452 1937 2523 τρισχίλιοι

361 2538 553 2608 ἄνδρες
582 2538 675 2590 καὶ
701 2536 997 2609 τριάκοντα
1018 2553 1031 2566 ·
1059 2537 1108 2589 οί
1139 2536 1196 2589 δέ
1224 2535 1444 2589 Λευῖται
1476 2538 1624 2607 τρεῖς
1652 2538 1745 2590 καὶ
1768 2538 1938 2590 εἴκοσι

362 2622 596 2693 χιλιάδες
620 2620 727 2675 ἀπὸ
752 2622 1002 2692 μηνιαίου
1035 2620 1128 2673 καὶ
1156 2620 1357 2675 ἐπάνω.
1402 2618 1550 2690 Αὕτη
1583 2622 1616 2692 ή
1657 2621 1939 2692 ἐπίσκεψις

362 2707 423 2758 ἐν
482 2703 729 2775 Ἀραϐὼθ
773 2703 949 2757 Μωὰϐ
992 2704 1229 2771 ἐγένετο,
1281 2703 1452 2773 πέραν
1496 2703 1590 2756 τοῦ
1651 2705 1936 2775 Ἰορδάνου.

366 2787 473 2839 Καὶ
500 2788 600 2840 οὐκ
634 2781 703 2858 ἦν
750 2788 807 2840 ἐν
840 2788 1021 2849 αὐτοῖς
1056 2785 1358 2858 ἄνθρωπος.
1389 2786 1448 2850 ἐξ
1489 2780 1563 2840 ὧν
1601 2788 1941 2857 ἐπεσκέψατο

363 2869 605 2940 Μωῦσῆς
636 2870 898 2942 πρότερον
925 2873 981 2923 ἐν
1018 2873 1084 2939 τῇ
1111 2871 1300 2941 ἐρήμῳ
1327 2871 1476 2935 ma,
1510 2871 1648 2941 πλὴν
1687 2872 1890 2942 Ἰησοῦς
1911 2875 1940 2927 6

362 2952 456 3007 τοῦ
483 2955 671 3025 Ναυῆ,
713 2956 807 3007 καὶ
848 2953 1029 3008 Χαλέϐ
1061 2957 1091 3007 6
1123 2954 1216 3008 τοῦ
1255 2955 1492 3023 Ἰεφονεί.
1542 2956 1939 3027 Προσέρχονταί

361 3054 505 3102 τινες
532 3037 827 3109 θυγατέρες
854 3037 1104 3091 Σαλπαάδ
1130 3038 1229 3110 τῆς
1251 3039 1425 3109 φυλῆς
1444 3040 1731 3111 Μανασσῆ.
1761 3040 1940 3105 ἀξιοῦ-

364 3139 476 3188 σαι,
512 3121 697 3189 ἐπειδὴ
724 3121 889 3186 ἄπαις
918 3122 1161 3193 ἀρρένων
1191 3121 1395 3177 παίδων
1418 3123 1685 3177 ἀπέθανεν
1703 3125 1731 3176 6
1760 3124 1940 3196 πατὴρ

361 3206 557 3270 αὐτῶν,
598 3207 678 3267 είς
718 3205 885 3268 αύτάς
921 3204 1093 3259 ἐλθεῖν
1129 3205 1228 3275 τήν
1274 3206 1656 3277 κληρονομίαν,
1706 3208 1800 3261 καὶ
1841 3209 1939 3280 τὴν

362 3289 713 3361 κατάσχεσιν.
762 3287 1099 3360 Προσέταξεν
1132 3291 1161 3342 6
1196 3288 1328 3352 Θεὸς
1356 3282 1540 3343 λαϐεῖν
1583 3290 1772 3354 αὐτάς.
1822 3291 1942 3345 Κάν

360 3393 445 3439 τις
476 3374 719 3444 ἀτωθάνῃ
756 3374 829 3444 μὴ
856 3372 992 3442 ἔχων
1022 3372 1155 3434 υἱὸν,
1178 3374 1211 3441 ὴ
1240 3371 1484 3444 θυγάτηρ
1504 3373 1937 3444 κληρονομείτω·

364 3458 630 3529 θυγατρὸς
684 3456 742 3509 δέ
786 3456 885 3508 οὐκ
921 3454 1107 3525 οὔσης,
1148 3455 1412 3524 ἀδελφός·
1462 3455 1691 3525 ἀδελφοῦ
1737 3458 1794 3510 δὲ
1840 3458 1940 3511 ούκ

362 3540 535 3603 ὄντος,
569 3538 792 3607 ἀδελφὸς
820 3538 916 3591 τοῦ
954 3539 1178 3608 πατρός.
1212 3539 1487 3592 Δείκνυσιν
1513 3541 1541 3592 6
1565 3539 1695 3604 Θεὸς
1731 3541 1937 3614 Μωῦσῇ

362 3622 471 3677 ἀπὸ
519 3621 613 3675 τοῦ
652 3622 811 3691 ὅρους
846 3620 940 3673 τοῦ
982 3620 1149 3673 Ναυὼ
1175 3622 1274 3693 τὴν
1311 3622 1415 3693 γῆν
1454 3623 1553 3691 τῆς
1591 3623 1936 3691 ἐπαγγελίας,

364 3721 459 3758 και
493 3706 874 3775 χειροτονεῖται
908 3704 1158 3774 Ἰησοῦςό
1184 3704 1277 3757 τοῦ
1325 3705 1478 3776 Ναυῆ
1522 3706 1601 3769 είς
1645 3706 1743 3777 τήν
1775 3706 1939 3761 αὐτοῦ

364 3786 535 3853 τάξιν.
583 3786 717 3840 Τότε
759 3785 1057 3840 ἐντέλλεται
1100 3790 1211 3850 τοῖς
1241 3789 1376 3851 υἱοῖς
1421 3789 1634 3860 Ἰσραὴλ
1668 3791 1796 3861 περί
1823 3790 1939 3843 ὀλο⁸

366 3870 762 3941 καυτωμάτων,
794 3869 994 3923 θυσιῶν
1030 3869 1139 3924 τῶν
1166 3870 1288 3924 καθ’
1312 3871 1547 3943 ἡμέραν,
1578 3872 1687 3926 τῶν
1723 3874 1781 3928 ἐν
1806 3874 1937 3928 σαϐο

366 3955 569 4019 ϐάτοις,
607 3955 716 4009 τῶν
738 3957 795 4009 ἐν
817 3953 1148 4024 νεομηνίαις,
1184 3953 1293 4007 τῶν
1331 3955 1389 4008 ἐν
1415 3954 1493 4025 τῷ
1518 3958 1723 4028 πάσχα,
1748 3958 1855 4012 τῶν
1882 3962 1939 4013 ἐν

364 4041 431 4110 τῇ
458 4038 640 4112 ήμέρᾳ
674 4037 784 4093 τῶν
822 4037 1150 4111 ἑϐδομάδων,
1177 4038 1286 4093 τῶν
1322 4041 1381 4092 ἐν
1419 4039 1495 4110 τῷ
1531 4042 1743 4114 ἑϐδόμῳ
1787 4045 1935 4114 μηνί.

365 4126 653 4179 Διατάσσει
679 4124 772 4178 καὶ
803 4123 931 4195 περὶ
962 4121 1155 4193 εὐχῶν,
1194 4123 1488 4190 τουτέστιν,
1517 4119 1592 4179 ὧν
1630 4126 1696 4181 ἀν
1725 4145 1809 4191 τις
1846 4129 1940 4183 τά·

366 4208 542 4279 ξηται.
584 4208 717 4261 Τότε
768 4208 1136 4273 ὲξοπλίζονται
1186 4206 1392 4261 δώδεκα
1438 4211 1672 4279 χιλιάδες
1721 4212 1784 4264 ἐκ
1832 4213 1938 4267 τῶν

379 4287 726 4358 Ἰσραηλιτῶν
757 4287 896 4340 κατά
923 4286 1289 4348 Μαδιανιτῶν,
1334 4289 1428 4340 καὶ
1467 4290 1652 4352 Φινεὲς
1697 4291 1813 4359 μετ’
1840 4294 1938 4345 αύ-

365 4368 497 4432 τῶν,
539 4370 630 4421 καὶ
651 4368 963 4437 ἀναιροῦσιν
990 4370 1206 4431 αὐτοὺς,
1248 4369 1342 4421 καὶ
1366 4369 1525 4422 πέντε
1556 4372 1792 4440 βασιλεῖς
1822 4376 1941 4427 Μαι-

365 4452 519 4523 διάμ,
555 4453 649 4506 καὶ
676 4452 768 4505 τὸν
800 4452 1025 4523 Βαλαάμ
1046 4452 1136 4507 τὸν
1167 4454 1375 4524 μάντιν.
1402 4455 1510 4506 Καὶ
1534 4455 1845 4526 ἀπήρξαντο
1862 4460 1939 4529 τῷ

367 4534 487 4607 Θεῷ
522 4534 630 4588 τῶν
686 4534 914 4601 σκύλων,
967 4535 1153 4589 καὶτὰ
1194 4535 1355 4589 λοιπά
1396 4537 1668 4607 διένειμαν
1704 4540 1935 4605 ἑαυτοῖς.

368 4632 814 4706 Προσελθόντεςή
854 4633 993 4705 φυλὴ
1027 4634 1252 4706 Ῥουϐὶμ
1280 4635 1373 4689 καὶ
1406 4635 1529 4699 Γὰδ,
1558 4636 1651 4690 καὶ
1684 4637 1744 4690 τὸ
1768 4639 1937 4709 ἥμισυ

366 4721 466 4792 τῆς
515 4719 686 4792 φυλῆς
735 4719 1034 4790 Μανασσῆ,
1081 4719 1243 4791 ᾔτουν
1296 4721 1447 4791 παρὰ
1503 4721 1783 4785 Μωῦσέως
1841 4723 1939 4795 τὴν

367 4805 541 4876 πέραν
580 4803 673 4858 τοῦ
729 4804 986 4875 Ἰορδάνου
1026 4803 1229 4877 χώραν.
1269 4803 1327 4857 Ὁ
1360 4804 1416 4857 δὲ
1448 4803 1636 4869 ἔδωκε,
1676 4806 1939 4878 πρότερον

368 4887 907 4957 συνομολογησάντων
933 4887 1154 4941 ἐκείνων
1186 4890 1564 4959 συμμαχήσειν
1593 4892 1705 4952 τοῖς
1734 4890 1939 4953 λοιποῖς

380 4971 755 5043 Ἰσραηλίταις,
812 4970 903 5024 καὶ
949 4970 1301 5043 διαϐήσεσθαι
1343 4973 1435 5025 τὸν
1495 4970 1765 5045 Ἰορδάνην
1819 4973 1937 5044 μεθ’

366 5054 563 5114 ὃπλων,
619 5053 757 5107 ὥστε
806 5053 1106 5124 πολεμῆσαι
1144 5055 1284 5125 ὑπὲρ
1323 5055 1431 5107 τῶν
1468 5054 1710 5123 ἀδελφῶν
1738 5054 1935 5112 αὐτῶν.

379 5135 637 5190 Ἐνταῦθα
664 5137 927 5206 διηγεῖται
954 5137 1191 5206 Μωῦσῆς
1220 5137 1327 5190 ἀπὸ
1352 5136 1625 5206 Αἰγύπτου
1648 5138 1751 5201 ἕως
1776 5135 1937 5209 ῆλθον

364 5220 591 5291 ἀντικρὺ
622 5217 850 5291 Ὶεριχὼ.
897 5219 1222 5273 Ἐντέλλεται
1256 5220 1435 5284 αὐτοῖς
1462 5219 1602 5274 ὥστε
1631 5221 1940 5294 ἐξολοθρεῦ-

367 5321 458 5358 σαι
493 5304 666 5358 πάντα
712 5303 781 5357 τά
812 5302 1003 5355 εῖδωλα
1038 5302 1145 5356 τῶν
1181 5301 1369 5356 ἐθνῶν.
1417 5302 1577 5371 Λέγει
1624 5305 1806 5368 αὐτοῖς
1844 5306 1939 5359 καὶ

366 5389 496 5458 περὶ
542 5386 649 5440 τῶν
693 5385 854 5457 ὁρίων
890 5390 988 5453 τῆς
1023 5390 1145 5457 γῆς,
1188 5385 1348 5439 πόθεν
1389 5385 1662 5456 ἄρχονται,
1704 5389 1794 5442 καὶ
1833 5388 1936 5442 ποῦ

367 5472 716 5542 πληροῦνται.
760 5468 1130 5544 Παραγγέλλει
1165 5472 1220 5525 δὲ
1270 5472 1363 5525 καὶ
1392 5473 1520 5544 περ)⁸
1567 5474 1665 5544 τῆς
1705 5475 1827 5545 γῆς,
1871 5471 1939 5547 ἦς

370 5555 471 5608 ἔδει
501 5558 626 5620 τοὺς
662 5559 889 5622 Λευῖτας
940 5557 1144 5621 λαϐεῖν,
1184 5555 1276 5611 καὶ
1318 5556 1444 5631 περὶ
1490 5558 1596 5611 τῶν
1645 5559 1704 5624 ἐξ
1732 5560 1939 5615 πόλεων

365 5639 476 5694 τῶν
502 5641 962 5715 φυγαδευτηρίων,
982 5641 1121 5697 ὥστε
1146 5641 1235 5697 τὸν
1262 5642 1529 5710 ἀκουσίως
1545 5643 1798 5700 ἀνελόντα
1825 5648 1938 5701 ἐκεῖ

1048 235 1109 290 S.
1149 228 1433 289 JOANMS
1469 222 1963 286 CHRYSOSTOMI
1994 223 2319 281 ARCHIEP.
2358 222 2904 279 CONSTANTINOP:

3499 204 3621 271 335

2032 332 2415 411 καταφεύγειν,
2464 340 2559 395 καὶ
2606 331 3048 392 ἀπαλλάσσεσθαι
3088 330 3352 395 κινδύνου,
3397 329 3617 399 μένοντι

2030 427 2164 490 ἐκεῖ,
2188 424 2292 487 ἕως
2330 422 2395 477 ἂν
2420 422 2668 494 ἀποθάνῃ
2701 424 2730 475 6
2768 420 2944 489 ἱερεὺς
2972 418 3000 470 6
3027 415 3217 487 μέγας.
3258 413 3384 466 Ἐάν
3407 411 3466 464 δὲ
3496 412 3621 482 ἁλῷ

2030 508 2135 573 ἔξω
2163 506 2273 561 τῶν
2294 507 2434 577 ὅρων
2457 505 2553 575 τῆς
2582 502 2735 575 [336]
2763 502 2990 563 πόλεως,
3012 494 3106 552 καὶ
3128 497 3365 569 φονεύσῃ
3388 495 3554 551 αὑτὸν
3589 498 3620 548 6

2032 590 2297 659 συγγενὴς
2352 588 2447 641 τοῦ
2503 586 2928 656 πεφονευμένου,
2967 585 3028 636 ού
3079 579 3238 635 δώσει
3281 580 3459 651 δίκην.
3503 581 3619 631 Καὶ

2029 671 2338 741 διαλέγεται
2364 671 2574 742 βραχέα
2623 668 2751 740 περὶ
2778 668 2887 720 τῶν
2917 666 3094 736 νόμων
3119 663 3226 716 τῶν
3262 662 3393 733 περὶ
3436 660 3620 729 φόνων

2030 756 2316 827 κειμένων.
2348 756 2744 826 Προσέρχονται
2779 753 2830 805 οἱ
2871 750 3130 821 ἄρχοντες
3154 748 3252 817 τῆς
3280 746 3458 816 φυλῆς
3491 748 3621 799 Μα-

2031 840 2205 911 νασσῆ
2234 840 2484 907 λέγοντες
2513 838 2590 908 τῷ
2611 838 2849 905 Μωῦσῇο
2898 832 3111 902 Ἐπειδὴ
3141 831 3286 897 ἔδοξε
3304 830 3404 893 τάς
3444 830 3619 897 θυγα-

2031 924 2194 995 τέρας
2250 923 2504 976 Σαλπαάδ
2553 921 2737 974 λαϐεῖν
2782 918 3013 989 κλῆρον,
3055 917 3105 969 εί
3151 914 3391 985 συμϐαίη
3441 914 3622 975 αὑτάς

2032 1005 2348 1076 γαμηθῆναι
2388 1005 2541 1075 ἀνδρὶ
2578 1004 2637 1071 ἐξ
2676 1002 2867 1073 ἐτέρας
2897 1000 3089 1069 φυλῆς,
3138 998 3191 1051 τί
3238 998 3327 1051 ῐνα
3356 996 3617 1066 γίνηται;

2031 1087 2389 1140 ἀπελεύσεται
2416 1086 2524 1156 γάρ
2556 1089 2585 1139 6
2617 1085 2819 1156 κλῆρος
2862 1084 2960 1154 τῆς
3001 1081 3275 1152 ἡμετέρας
3313 1079 3488 1149 φυλῆς
3536 1080 3619 1139 εἰς

2032 1171 2246 1243 ἐκείνην
2292 1172 2391 1241 τὴν
2446 1169 2641 1241 φυλήν.
2698 1169 2834 1221 Τόσε
2890 1165 3187 1237 προσέταξε
3235 1163 3499 1232 Μωῡσῆς,
3554 1164 3621 1213 ἐκ

2029 1256 2128 1326 τῆς
2196 1254 2332 1317 ίδίας
2391 1253 2562 1323 φυλῆς
2622 1254 2857 1321 γυναῖκα
2908 1250 3206 1319 λαμϐάνειν
3253 1246 3465 1315 ἄνδρα,
3526 1245 3620 1295 ἵνα

2035 1337 2110 1409 μὴ
2164 1337 2573 1408 μεταφέρωνται
2637 1337 2694 1389 αἱ
2745 1331 3097 1405 κληρονομίαι
3153 1330 3262 1391 ἀπὸ
3312 1329 3489 1400 φυλῆς
3534 1330 3621 1390 είς

2032 1420 2226 1493 φυλήν.

2367 1518 2633 1587 Σὺνοψις
2667 1515 2775 1571 τοῦ
2807 1512 3284 1583 Δευτερονομίου.

2115 1647 2201 1707 Ὡς
2226 1648 2284 1700 ἐν
2310 1644 2591 1715 κεφαλαίῳ
2619 1644 2886 1712 διηγεῖται
2919 1642 3095 1695 πάντα
3119 1640 3188 1694 τὰ
3224 1638 3412 1711 πρῶτα
3441 1638 3618 1692 Mm?)-

2034 1732 2153 1801 σῆς,
2203 1731 2282 1793 είς
2329 1729 2635 1799 ὑπόμνησιν
2676 1728 2871 1791 αὐτοὺς
2906 1726 3052 1794 ἄγων
3087 1724 3187 1794 τῆς
3242 1740 3299 1776 τε
3348 1721 3445 1775 τοῦ
3473 1720 3617 1775 Θεοῦ

2033 1812 2372 1883 εὐεργεσίας,
2406 1810 2498 1864 καὶ
2524 1811 2622 1882 τῆς
2650 1809 2829 1864 αὐτῶν
2849 1807 3061 1872 κακίας.
3086 1807 3221 1876 Περὶ
3239 1805 3332 1858 τοῦ
3356 1805 3433 1875 μὴ
3453 1804 3615 1857 εἰδω-

2033 1894 2313 1965 λολατρεῖν
2354 1892 2693 1965 παραίνεσις.
2736 1890 2997 1946 Ἐνταῦθα
3021 1892 3194 1944 κεῖται
3240 1888 3333 1942 καὶ⁸
3383 1886 3470 1951 τὸ,
3509 1886 3613 1954 Μὴ

2033 1977 2471 2046 προσκυνήσῃς
2502 1977 2625 2043 τοῖς
2659 1977 2926 2045 ἄστροις,
2956 1974 2994 2029 ἀ
3029 1973 3308 2041 ἀπένειμε
3337 1972 3556 2039 Κύριος
3584 1974 3617 2023 ό

2037 2065 2182 2128 Θεός
2209 2076 2326 2116 σου
2365 2061 2517 2117 πᾶσι
2551 2060 2676 2127 τοῖς
2695 2060 2898 2115 ἔθνεσι
2929 2056 3053 2124 τοῖς
3082 2054 3359 2112 ὑποκάτω
3380 2052 3492 2109 τοῦ
3512 2055 3616 2107 οὐ-

2027 2143 2242 2215 ρανοῦ.
2261 2143 2334 2197 Τὸ
2371 2144 2451 2209 δὲ,
2496 2144 2813 2212 Ἄπένειμε,
2838 2141 2938 2212 οὐχ
2958 2141 3042 2195 ὅτι
3063 2138 3222 2203 αὐτὸς
3253 2136 3613 2209 προσέταξεν⁹

2035 2227 2236 2295 ἄπαγε’
2260 2226 2397 2281 ἀλλά
2432 2225 2615 2289 καθώς
2644 2242 2807 2297 φησιν
2840 2226 2870 2277 6
2897 2225 3166 2295 μακάριος
3197 2220 3424 2284 Παῦλος·
3459 2223 3615 2287 Παρο

2032 2308 2256 2363 ἐδωκεν
2290 2310 2513 2377 αὐτοὺς
2543 2313 2576 2365 d
2611 2309 2757 2376 Θεὸς
2805 2310 2893 2375 εὶς
2945 2306 3234 2373 ἀδόκιμον
3279 2305 3460 2367 νοῦν,
3515 2305 3615 2371 οὐχ

2034 2393 2115 2446 ὅτι
2152 2392 2490 2465 παρέδωκεν,
2527 2391 2641 2448 ἀλλ’
2686 2392 2768 2445 ὅτι
2806 2390 3092 2461 ἑλομένους
3140 2386 3345 2449 αὐτοὺς
3382 2385 3480 2437 καὶ
3523 2386 3613 2441 ἁν-

2034 2476 2376 2548 επιστρόφως
2400 2475 2619 2547 ἔχοντας
2645 2474 2877 2545 ἀφῆκεν.
2903 2472 3089 2536 Οὕτως
3113 2469 3344 2525 ἐνταῦθα
3369 2469 3452 2533 τὸ,
3490 2470 3617 2525 Ἀπ-

2033 2555 2267 2628 ἐνειμεν
2286 2559 2509 2625 αὐτοῖς,
2522 2558 2819 2623 τουτέστιν,
2839 2557 3124 2628 ἑλομένους
3144 2554 3241 2626 τὴν
3265 2553 3497 2624 πλάνην,
3520 2554 3615 2606 καὶ

2036 2642 2115 2715 μὴ
2155 2642 2507 2715 βουλομένους
2541 2642 2887 2713 ἐπιστρέψαι,
2929 2641 3160 2713 ἀφῆκεν.
3216 2637 3477 2693 Ἐνταῦθα
3528 2652 3616 2705 μι-

2035 2724 2165 2796 κρὸν
2199 2725 2475 2797 προελθὼν
2499 2725 2646 2795 λέγει
2664 2741 2677 2754 ’
2708 2725 3173 2795 Διαμαρτύρομαι
3208 2719 3349 2790 ὑμῖν
3376 2719 3487 2773 τὸν
3516 2721 3613 2772 οὑ-

2027 2812 2218 2881 ρανὸν
2256 2812 2356 2869 καὶ
2383 2813 2497 2882 τήν
2531 2814 2667 2883 γῆν,
2712 2812 2801 2867 ὅτι
2833 2812 3099 2878 ἀπωλείᾳ
3134 2807 3481 2869 ἀπολεῖσθε,
3507 2807 3613 2859 ἐὰν

2034 2894 2339 2962 ἀποστῆτε
2363 2894 2482 2950 ἀπὸ
2510 2892 2618 2948 τοῦ
2656 2893 2827 2948 Θεοῦ.
2856 2887 2990 2946 Εἶτα
3026 2890 3291 2946 δείκνυσιν
3324 2888 3407 2942 δτι
3433 2887 3612 2940 οὐδενὶ

2035 2979 2206 3033 ταῦτα
2234 2978 2507 3050 παρέσχεν
2532 2980 2561 3032 6
2592 2977 2725 3042 Θεὸς
2753 2977 2895 3047 άπερ
2939 2974 3184 3038 ἐκείνοις.
3217 2974 3328 3027 Καὶ
3362 2970 3610 3044 ἀφορίζει

2035 3064 2186 3132 τρεῖς
2225 3061 2407 3126 πόλεις
2444 3060 2539 3115 τοῦ
2578 3061 2842 3132 Ἰορδάνου
2885 3060 2965 3121 εἰς
3010 3056 3458 3128 φυγαδευτήριον.
3491 3054 3609 3107 Ἔτι

2035 3145 2143 3198 τῶν
2169 3144 2451 3217 προτέρων
2490 3145 2687 3208 αὐτοὺς
2728 3142 3159 3213 ὑπομιμνήσκει,
3203 3138 3318 3205 καὶ,
3350 3139 3617 3207 Ἐςοαψαι

2035 3228 2187 3282 αὐτά
2235 3228 2335 3281 ἐπὶ
2386 3225 2505 3280 τῶν
2550 3227 2766 3297 χειρῶν
2803 3242 2939 3289 σου,
2978 3225 3130 3294 φησὶ,
3178 3223 3275 3276 καὶ
3332 3220 3429 3275 ἐπι
3497 3219 3609 3274 τῶν

2036 3308 2229 3378 φλιῶν
2270 3325 2387 3363 σου
2427 3308 2692 3380 γράψεις,
2737 3308 2835 3363 καὶ
2862 3307 3123 3372 διδάξεις
3148 3305 3254 3358 τὸν
3290 3306 3423 3359 υἱόν
3468 3318 3608 3357 σου.

2037 3391 2220 3445 Εἰπὼν
2250 3392 2306 3445 δὲ
2334 3392 2369 3447 ἆ
2404 3393 2737 3463 συμϐήσεται
2765 3390 2911 3445 κακά
2952 3390 3047 3443 ἐάν
3080 3386 3487 3460 παρακούσωσι,
3512 3403 3609 3437 παι

2039 3473 2366 3545 ραθαρρύνει
2406 3475 2540 3547 πρὸς
2568 3476 2628 3528 τὸ
2683 3475 2758 3546 μὴ
2797 3473 3085 3528 δεδοικέναι
3126 3472 3252 3535 τοὺς
3298 3469 3606 3539 πολεμίους.

2038 3557 2205 3611 Πάλιν
2238 3559 2644 3629 ἀναμιμνήσκει
2670 3558 2779 3611 τῶν
2813 3557 3111 3629 προτέρων.
3153 3554 3411 3629 Ἐνταῦθα
3434 3554 3609 3604 κεῖται

2036 3641 2118 3705 τὸ,
2154 3641 2419 3712 Πρόσεχε
2441 3628 2694 3708 σεαυτῷ,
2725 3643 2754 3694 ὃ
2780 3628 3035 3703 πολλάκις
3063 3642 3244 3704 αὐτοῖς
3279 3628 3387 3693 καῖ
3406 3636 3607 3708 προῖὼν

2038 3725 2296 3793 ἐπιλέγει,
2333 3727 2427 3780 καὶ
2456 3729 2709 3797 παραινεῖ
2739 3725 2837 3789 τάς
2867 3724 3021 3788 νίκας
3055 3724 3128 3795 μὴ
3160 3727 3227 3795 τῇ
3251 3720 3424 3792 οἰκεία
3448 3721 3606 3775 δυνά-

2042 3826 2131 3879 μει
2162 3809 2509 3878 ἐπιγράφειν,
2549 3808 2685 3863 ἀλλά
2707 3812 2775 3880 τῇ
2801 3807 2893 3862 τοῦ
2939 3808 3073 3861 Θεοῦ
3107 3807 3308 3878 χάριτι.
3348 3804 3604 3858 Ἐνταῦθα

2038 3894 2233 3955 κεῖται,
2282 3893 2363 3945 ὅτι
2414 3890 2467 3945 Ὀ
2530 3892 2675 3957 Θεὸς
2743 3891 2863 3961 πῦρ
2922 3890 3374 3944 καταναλίσκον
3438 3886 3606 3940 ἐστὶν

2036 3977 2171 4048 ὅπερ
2201 3977 2229 4029 6
2260 3974 2469 4040 Παῦλος
2498 3978 2555 4029 ἐν
2581 3978 2649 4047 τῇ
2685 3975 2821 4046 πρὸς
2868 3974 3149 4045 Ἐϐραίους
3178 3973 3359 4045 ἐθηκε.
3399 3974 3605 4043 Παραι-

2037 4062 2117 4114 νεῖ
2140 4060 2198 4113 δὲ
2234 4060 2291 4116 ἐν
2329 4058 2508 4130 ταύτῷ
2530 4058 2770 4127 Μωῦσῆς
2811 4057 2885 4129 μὴ
2930 4057 3247 4129 ἐπαίρεσθαι
3278 4054 3493 4118 αύτούς.
3530 4052 3606 4106 οὐ

2037 4145 2147 4214 γὰρ
2181 4142 2279 4196 διὰ
2329 4142 2445 4210 τὴν
2485 4140 2882 4209 δικαιοσύνην
2926 4156 3063 4204 σου,
3120 4140 3302 4210 φησὶν,
3350 4137 3600 4206 Ἰσραὴλ,

2037 4225 2608 4294 ἐξολοθρευθήσεται
2634 4225 2704 4279 τὰ
2715 4223 2880 4291 ἔθνη,
2903 4223 3062 4279 ἀλλὰ
3082 4222 3177 4276 διὰ
3202 4222 3312 4289 τὴν
3330 4220 3602 4276 ἀσέϐειαν

2037 4310 2252 4366 αὐτῶν.
2268 4310 2704 4381 Ὑπομιμνήσκει
2723 4309 2779 4363 δὲ
2799 4309 2993 4372 αὐτοὺς
3011 4310 3101 4363 καὶ
3120 4309 3215 4378 τῆς
3237 4308 3599 4378 μοσχοποιίας.

2051 4393 2310 4447 Ἐνταῦθα
2338 4394 2393 4447 δὲ
2419 4397 2622 4448 κεῖται’
2645 4393 3069 4462 ιιεριτέμνεσθε
3102 4391 3215 4458 τὴν
3233 4393 3599 4459 σκληροκαρ-

2037 4477 2173 4530 δίαν
2188 4476 2371 4547 ὑμῶν,
2385 4478 2482 4531 καὶ
2505 4476 2613 4531 τὸν
2626 4477 2928 4547 τράχηλον
2939 4475 3102 4545 ὑμῶν
3113 4478 3183 4528 οὐ
3196 4475 3599 4543 σκληρυνεῖτε.

2052 4560 2414 4630 Ἐγκωμιάζει
2427 4560 2523 4631 τὴν
2541 4562 2643 4631 γῆν
2660 4560 2757 4630 τῆς
2769 4560 3118 4629 ἐπαγγελίας.
3137 4558 3397 4612 Ἐνταῦθα
3409 4563 3598 4612 κεῖταιο

2039 4644 2248 4712 Φαγὼν
2264 4643 2360 4697 καὶ
2384 4644 2536 4697 πιὼν
2558 4642 2655 4697 καὶ
2680 4643 3048 4713 ἐμπλησθεὶς
3073 4642 3328 4710 πρόσεχε
3350 4638 3597 4704 σεαυτῷο

2039 4728 2133 4779 καὶ
2156 4726 2409 4797 προλέγει
2434 4725 2503 4779 τά
2539 4726 2684 4780 κακά
2708 4725 3094 4797 παρακούουσι,
3127 4725 3221 4778 καὶ
3252 4723 3318 4777 τά
3355 4722 3533 4790 ἀγαθά
3555 4721 3599 4774 εί

2040 4809 2424 4864 ὑπακούσειαν.
2472 4810 2581 4863 Καὶ
2614 4807 2823 4862 κελεύει
2867 4810 2956 4862 ἐπ’
3002 4809 3125 4880 ὅρος
3169 4807 3388 4880 Γαριζὶν
3425 4807 3597 4860 δοῦναι

2038 4895 2135 4963 τὴν
2158 4894 2421 4962 εὐλογίαν,
2458 4894 2552 4947 καὶ
2577 4892 2677 4964 τὴν
2706 4891 2951 4964 κατάραν
2982 4894 3071 4946 ἐπ’
3098 4891 3221 4962 ὅρος
3243 4890 3447 4944 Γεϐάλ’
3475 4893 3599 4943 ἀπο-

2038 4977 2189 5029 λέσαι
2217 4975 2286 5029 τὰ
2326 4974 2519 5039 εἴδωλα
2550 4975 2645 5029 καὶ
2674 4976 2800 5039 τοὺς
2829 4976 3023 5039 τόπους
3046 4974 3242 5029 αὐτῶν.
3270 4974 3496 5027 Κελεύει
3529 4972 3594 5042 μὴ

2040 5060 2311 5131 πανταχοῦ
2360 5060 2548 5123 θυσίας
2586 5060 2876 5130 ἀναφέρειν
2920 5059 2998 5130 τῷ
3044 5058 3181 5128 Θεῷ,
3230 5058 3344 5111 ἀλλ’
3388 5059 3471 5121 εἰς
3514 5056 3595 5109 τὸν

2035 5145 2199 5198 τόπον
2224 5145 2282 5197 ὃν
2310 5144 2373 5197 ἂν
2405 5144 2708 5215 ἐκλέξηται.
2740 5143 2875 5214 Περὶ
2901 5143 2995 5197 τοῦ
3035 5142 3110 5216 μὴ
3142 5142 3335 5215 ζηλοῦν
3363 5142 3431 5196 τά
3455 5142 3591 5208 ἔθνη.

2043 5228 2173 5299 μηδέ
2188 5244 2293 5282 τινι
2309 5226 2582 5281 πείθεσθαι
2596 5227 3007 5297 συμϐουλεύοντι
3022 5222 3438 5299 είδωλολατρεῖν,
3452 5222 3592 5298 [357}

2038 5313 2140 5365 κᾶν
2173 5313 2373 5381 σημεῖα
2406 5314 2553 5382 ποιῇ,
2596 5313 2733 5382 μήτε
2769 5313 2929 5383 φίλῳ,
2968 5313 3103 5383 μήτε
3140 5310 3282 5381 άλλῳ
3316 5312 3440 5375 τινὶ,
3472 5309 3591 5364 ἀλλά

2038 5395 2328 5448 λιθοϐολεῖν
2370 5393 2463 5449 τὸν
2531 5395 2916 5465 παραινοῦντα,
2966 5397 3068 5451 κᾶν
3110 5394 3335 5463 ἀδελφὸς
3381 5390 3436 5466 ᾖ,
3502 5392 3595 5445 κᾶν

2040 5478 2191 5541 πόλις
2250 5477 2727 5550 είδωλολατρεύσῃ,
2775 5478 3122 5549 πανώλεθρον
3186 5478 3355 5548 αὐτὴν
3408 5477 3589 5529 ποιεῖν.

2040 5562 2175 5615 Τίνα
2214 5561 2293 5615 δεῖ
2335 5561 2556 5624 ἐσθίειν,
2599 5563 2693 5616 καὶ
2734 5562 2857 5615 τίνα
2906 5561 3287 5631 παραιτεῖσθαι
3331 5560 3590 5631 παραινεῖ.

2043 5645 2178 5717 Περὶ
2224 5644 2469 5716 ἀφέσεως
2510 5646 2686 5717 χρεῶν
2730 5646 3028 5717 νομοθετεῖ,
3072 5646 3199 5717 περὶ
3233 5643 3479 5715 ἀφέσεως
3515 5639 3593 5696 καὶ
