3720 6274
10 279 99 334 333

7 396 218 461 ﬁigatus
258 392 333 447 ab
380 388 484 445 illis
519 394 639 443 est:
679 384 947 454 urbesque
982 382 1098 453 ejus
1122 388 1382 450 ceperunt
1418 379 1588 432 Israe-

9 488 123 540 lita.
168 483 464 556 Congressi
517 480 678 537 etiam
720 492 839 534 cum
884 476 962 546 0g
1008 489 1133 545 rege
1174 474 1366 538 Basan,
1404 470 1591 527 iisdem

8 580 174 645 ipsum
236 575 398 629 malis
443 570 763 635 affecerunt,
804 567 955 639 queis
997 566 1136 621 Seon
1184 564 1491 629 affecerant,
1529 575 1595 617 ac

9 679 203 723 terram
228 666 501 735 urbesque
527 661 645 733 ejus
673 672 860 716 omnes
884 665 1160 728 ceperunt.
1189 655 1345 710 Mittit
1373 669 1466 709 rex
1501 653 1594 708 Ba-

8 762 81 816 lac
107 761 177 815 ad
206 761 425 814 Balaam
456 765 630 812 vatem
650 796 665 820 ,
692 762 751 809 ut
778 752 1122 808 malediceret
1144 749 1419 820 populum.
1452 748 1595 802 Deus

8 864 177 907 autem
215 851 371 905 initio
406 848 619 920 quidem
665 843 1002 916 prohibebat.
1035 841 1104 897 Ut
1143 849 1319 896 autem
1365 838 1595 894 instabat

8 945 81 997 ille
102 941 251 1011 apud
292 950 490 1004 vatem,
516 935 781 991 concessit
802 934 1017 1004 quidem
1047 940 1104 986 ut
1128 932 1249 995 iret,
1282 928 1377 985 sed
1404 943 1509 984 non
1537 935 1594 982 ut

8 1033 353 1088 malediceret
386 1049 400 1082 :
432 1029 527 1085 sed
567 1028 830 1083 convertit
860 1023 1263 1079 maledictiones
1293 1022 1344 1075 in
1371 1019 1592 1076 benedi-

7 1126 236 1179 ctionem
268 1123 368 1192 (a).
406 1120 521 1176 Non
549 1117 691 1188 quod
715 1115 986 1186 quidpiam
1023 1120 1243 1183 possent
1263 1110 1595 1166 maledictio-

8 1230 98 1270 nes
142 1214 329 1278 vatis,
359 1211 452 1267 sed
498 1211 619 1281 quia
666 1208 897 1263 miseriis
930 1205 1152 1283 affectus
1190 1212 1305 1259 erat
1342 1202 1589 1275 populus,

7 1307 309 1361 crediturus
332 1312 449 1360 erat
475 1280 615 1357 illius
644 1280 1124 1364 maledictionibus,
1142 1296 1353 1365 illicque
1374 1300 1593 1364 propter

8 1399 370 1454 inﬁrmitatem
412 1410 561 1451 suam
606 1391 940 1448 damnandus
978 1397 1113 1444 erat.
1158 1388 1254 1442 llic
1280 1372 1352 1441 de
1377 1387 1592 1442 Christo

8 1490 332 1545 vaticinatur
373 1488 557 1542 dicens
584 1504 597 1539 :
634 1485 839 1539 Orietur
864 1483 1010 1536 stella
1038 1497 1101 1534 ea:
1125 1478 1314 1542 Jacob,
1341 1488 1387 1533 et
1420 1487 1592 1548 surget

8 1588 147 1637 homo
175 1599 245 1637 ea:
272 1581 438 1637 Israel
464 1577 648 1651 (Nunt.
680 1575 773 1631 25.
806 1576 920 1645 l7).
953 1572 1182 1642 Spiritus
1206 1570 1347 1625 enim
1380 1568 1473 1623 Dei
1497 1567 1593 1622 fuit

8 1680 52 1733 in
80 1689 226 1731 vate.
256 1666 330 1731 Ut
353 1688 483 1728 vero
517 1672 647 1725 abiit
677 1670 915 1734 Balaam,
946 1665 1277 1720 fornicamur
1305 1662 1397 1717 lilii
1426 1660 1588 1717 Israel

8 1786 117 1825 cum
166 1768 386 1823 filiabus
428 1764 599 1829 Moab,
643 1769 699 1818 et
743 1760 1021 1815 initiantur
1064 1754 1416 1825 Beelpltegor.
1440 1752 1591 1808 Tunc

8 1862 245 1933 percipit
266 1860 496 1931 Moyses,
525 1865 583 1911 ιιι
612 1855 975 1925 unusquisque
1006 1850 1221 1906 fratrem
1248 1862 1403 1904 suum
1433 1847 1589 1902 idolis

8 1954 325 2009 servientem
376 1950 677 2007 interficiat.
706 1948 856 2003 Tune
900 1945 1127 2001 Pltinees
1170 1942 1312 1997 ﬁlius
1349 1941 1588 1996 Eleazari

8 2044 243 2100 confodit
268 2043 516 2098 Zambrin
548 2040 859 2104 lsraelitam,
889 2046 942 2092 et
969 2034 1162 2091 Chasbi
1194 2032 1586 2088 Madianitidem

8 2155 115 2190 eum
140 2136 238 2190 illo
268 2154 281 2188 :
315 2134 382 2187 Et
407 2141 691 2204 reputatum
717 2140 786 2183 est
817 2129 892 2183 illi
915 2127 982 2181 ad
997 2123 1437 2199 justitiam(Psal.
1462 2123 1586 2179 105.

7 2232 109 2303 5i).
145 2230 307 2285 Tunc
335 2236 686 2283 numerantur
718 2224 807 2279 ﬁlii
838 2223 1000 2279 Israel
1021 2237 1051 2275 a
1080 2218 1338 2290 vigesimo
1364 2232 1506 2272 anno
1534 2224 1589 2271 et

7 2340 180 2394 supra,
209 2333 267 2377 ct
289 2320 486 2376 inventi
512 2328 635 2373 sunt
654 2315 890 2373 sexcenti
918 2323 972 2370 et
1000 2322 1109 2367 tres
1135 2310 1279 2366 mille
1304 2318 1356 2365 et
1375 2308 1587 2378 triginta

7 2420 114 2472 viri.
164 2416 374 2472 Levita:
412 2402 589 2467 autem
633 2419 742 2464 tres
790 2417 842 2463 et
878 2405 1064 2476 viginti
1090 2404 1237 2458 mille
1261 2417 1293 2457 a
1323 2414 1507 2456 mense
1534 2406 1590 2452 et

7 2526 179 2580 supra.
214 2509 314 2563 llic
355 2520 548 2561 census
583 2503 634 2557 in
670 2500 906 2557 Araboth
936 2498 1089 2553 Moab
1120 2496 1286 2551 factus
1319 2502 1402 2549 est
1440 2502 1589 2547 trans

8 2602 314 2657 Jordanem.
351 2598 533 2668 Neque
573 2597 625 2651 in
674 2595 778 2649 illis
807 2601 924 2649 erat
960 2590 1220 2661 quiSpiam
1263 2603 1328 2643 ex
1359 2587 1422 2642 iis
1451 2599 1587 2656 quos

7 2700 410 2749 enumeraverat
438 2689 582 2760 prius
613 2686 823 2759 Moyses
854 2685 904 2739 in
927 2683 1141 2737 deserto
1169 2681 1318 2746 Sina,
1350 2675 1588 2746 exceptis

8 2786 122 2841 lesu
167 2784 283 2839 ﬁlio
316 2781 464 2838 Nave
488 2822 502 2847 ,
534 2777 841 2835 etChalebo
878 2776 988 2831 ﬁlio
1020 2772 1283 2844 Jephone.
1312 2768 1589 2827 Accedunt

7 2876 247 2947 qttzedam
290 2874 413 2931 filiae
451 2870 680 2943 Salpaad
725 2886 794 2926 ex
837 2870 976 2924 tribu
1022 2866 1267 2921 Manasse
1316 2870 1585 2934 rogantes,

7 2986 116 3023 cum
151 2977 306 3038 pater
327 2981 513 3023 eorum
542 2963 663 3017 ﬁliis
689 2959 942 3017 masculis
966 2957 1126 3013 orbus
1154 2964 1395 3010 mortuus
1422 2961 1585 3020 esset,

7 3074 57 3113 nt
84 3061 153 3114 ad
186 3075 247 3115 se
276 3058 548 3114 hereditas
583 3054 787 3109 veniret
814 3062 972 3123 atque
1003 3049 1291 3120 possessio.
1328 3044 1590 3114 Prmcepit

8 3154 144 3208 Deus
174 3162 235 3206 ut
268 3150 374 3206 illae
402 3149 730 3219 acciperent.
764 3145 834 3201 Et
865 3147 909 3201 si
943 3145 1063 3214 quis
1101 3143 1219 3197 sine
1253 3139 1362 3194 ﬁlio
1388 3138 1586 3208 obiret,

9 3244 279 3299 mandavit
307 3251 368 3297 ut
396 3241 503 3296 ﬁlia
529 3248 673 3295 esset
698 3240 855 3294 heres
886 3255 901 3303 ;
932 3238 975 3291 si
1014 3249 1114 3290 nec
1140 3235 1303 3289 ﬁliam
1331 3232 1585 3296 haberet,

11 3337 168 3392 frater
194 3353 213 3400 ;
242 3336 285 3391 si
311 3334 532 3390 fratrem
560 3347 664 3387 non
686 3331 925 3395 haberet,
948 3329 1113 3400 patris
1142 3326 1322 3382 frater.
1346 3323 1590 3381 Ostendit

12 3430 148 3483 Deus
171 3427 338 3498 Moysi
364 3441 431 3482 ex
447 3433 628 3481 monte
647 3422 794 3478 Navo
813 3421 884 3493 (b)
907 3431 1100 3477 terram
1125 3416 1513 3489 promissionis,
1537 3423 1590 3469 et

12 3520 57 3575 in
74 3521 194 3591 ejus
210 3520 385 3575 locum
405 3518 511 3572 dux
534 3515 872 3571 constituitur
896 3512 1052 3569 Jesus
1079 3510 1218 3565 ﬁlius
1244 3508 1412 3564 Nave.
1442 3507 1591 3562 Tunc

14 3611 314 3683 prmcipitur
330 3609 452 3666 ﬁliis
469 3608 629 3665 Israel
647 3608 712 3662 de
728 3605 1070 3669 holocaustis,
1085 3603 1153 3659 de
1169 3601 1440 3661 sacriﬁciis
1469 3618 1592 3672 quo-

12 3707 243 3773 tidianis,
258 3705 328 3762 de
342 3704 449 3761 illis
468 3718 585 3774 qua:
608 3702 661 3757 in
689 3698 928 3766 sabbato,
953 3697 1021 3753 de
1043 3697 1146 3752 illis
1171 3712 1287 3767 qua:
1305 3697 1355 3751 in
1376 3710 1594 3750 neome—

13 3800 105 3853 niis
127 3840 146 3865 ,
176 3798 244 3855 de
269 3797 337 3852 iis
370 3812 491 3867 qua:
520 3795 571 3850 in
600 3793 797 3864 pascha
823 3833 838 3858 ,
868 3791 936 3847 de
962 3789 1028 3846 iis
1052 3805 1170 3861 quas
1198 3790 1251 3843 in
1275 3788 1363 3844 die
1387 3786 1593 3842 hebdo-

14 3893 308 3959 madarum,
334 3888 403 3945 de
434 3889 498 3944 iis
517 3903 635 3960 quae
656 3887 887 3957 septimo
922 3898 1128 3940 mense.
1160 3882 1405 3952 Praecipit
1432 3880 1594 3935 etiam

14 3982 73 4037 de
99 3982 242 4037 votis
272 3997 287 4044 ;
333 3980 383 4033 id
412 3987 526 4047 est,
556 3977 621 4033 de
648 3977 712 4032 iis
731 3991 853 4048 qua:
877 3974 1139 4046 quispiam
1172 3970 1441 4027 offerenda
1467 3985 1595 4025 con-

14 4072 425 4130 stituerit.Tunc
440 4078 715 4125 armantur
737 4066 1017 4122 duodecim
1045 4065 1194 4119 mille
1215 4064 1313 4118 viri
1345 4079 1407 4117 cx
1431 4060 1599 4116 Israe-

16 4167 117 4220 litis
142 4173 337 4220 contra
366 4161 678 4218 Madianitas
697 4202 713 4227 ,
743 4168 798 4215 et
825 4156 1056 4213 Phinees
1084 4172 1203 4211 cum
1232 4155 1367 4221 illis,
1397 4151 1599 4207 interﬁ-

12 4261 265 4328 ciuntque
287 4270 383 4311 eos
412 4265 468 4310 et
492 4255 724 4325 quinque
749 4267 901 4322 reges
921 4249 1171 4313 Madiam,
1197 4258 1250 4303 et
1271 4245 1483 4301 Balaam
1509 4261 1602 4300 va-

18 4361 140 4407 tem.
171 4349 242 4404 Et
271 4345 536 4419 primitias
558 4344 867 4400 obtulerunt
895 4343 1003 4397 Deo
1032 4340 1099 4397 de
1125 4338 1312 4409 Spoliis
1333 4379 1349 4403 ,
1375 4348 1599 4393 caetera-

20 4459 115 4513 que
147 4443 292 4497 inter
325 4454 384 4496 se
423 4439 740 4494 diviserunt.
773 4435 1101 4492 Accedentes
1133 4431 1301 4488 tribus
1330 4431 1517 4487 Ruben
1547 4438 1603 4487 et

19 4534 151 4598 Gad,
207 4543 265 4590 et
309 4532 529 4588 dimidia
572 4531 747 4587 tribus
784 4529 1051 4596 Manassc,
1088 4528 1341 4599 petebant
1364 4541 1394 4580 a
1420 4526 1604 4597 Moyse

21 4629 322 4699 regionem,
357 4640 477 4695 qua:
509 4633 593 4681 est
629 4632 776 4678 trans
800 4621 1109 4678 Jordanem.
1146 4620 1240 4675 llle
1278 4634 1407 4675 vero
1433 4619 1600 4684 dedit,

19 4737 135 4776 cum
166 4722 320 4793 prius
347 4720 422 4773 illi
457 4718 826 4788 promisissent
863 4731 923 4772 se
952 4731 1074 4771 cum
1100 4715 1320 4786 reliquis
1349 4713 1605 4770 lsraelitis

20 4823 353 4885 pugnaturos
386 4825 539 4875 esse,
576 4807 972 4878 Jordanemque
1006 4822 1128 4862 cum
1163 4805 1325 4861 armis
1352 4804 1608 4860 transitu-

15 4922 129 4973 ros,
163 4914 224 4959 ut
261 4902 527 4959 bellarent
561 4917 660 4971 pro
685 4900 938 4956 fratribus
966 4899 1095 4955 suis.
1122 4898 1219 4954 Hic
1248 4896 1606 4952 narrationem

18 4999 150 5054 texit
188 4997 406 5067 Moyses
451 4994 661 5049 itineris
698 4993 766 5048 ab
801 4992 1067 5063 Egypto,
1097 4990 1267 5045 donec
1290 4998 1550 5044 venerunt
1578 5002 1609 5044 e

22 5092 241 5160 regione
283 5086 522 5143 Iericho.
577 5086 840 5141 labentur
893 5085 967 5139 illi
1022 5084 1383 5140 exterminare
1430 5083 1608 5138 omnia

20 5183 157 5237 idola
185 5180 455 5251 gentium.
480 5179 738 5249 Loquitur
759 5179 917 5233 etiam
941 5178 1046 5233 illis
1069 5177 1139 5233 de
1164 5177 1406 5233 terminis
1428 5186 1610 5245 terras,

18 5276 105 5330 ubi
152 5273 424 5344 incipiant
468 5282 523 5328 et
563 5272 653 5327 ubi
691 5272 957 5328 desinant.
996 5271 1244 5341 Praecipit
1276 5271 1437 5327 etiam
1470 5272 1613 5327 circa

18 5376 247 5431 terram,
277 5380 440 5436 quam
480 5364 692 5421 Levites
726 5366 971 5436 accipere
1007 5363 1317 5435 oportebat,
1348 5372 1404 5419 et
1427 5361 1495 5417 de
1518 5376 1611 5418 sex

76 5508 151 5570 (a)
189 5502 829 5570 Huc_recidi_t__illodrqu_nd
869 5502 939 5570 ait
975 5500 1082 5570 ipse
1116 5511 1347 5570 sermone
1391 5512 1519 5570 nono
1561 5502 1612 5549 in

22 5564 265 5619 Génésim
300 5567 456 5617 Tomo
487 5566 570 5627 IV,
606 5569 701 5614 col.
720 5564 856 5620 7528,
884 5565 967 5611 τὸν
993 5564 1196 5625 Βαλαὰμ
1218 5564 1462 5624 ἠνάγκασὲ
1495 5579 1613 5609 ποτε

19 5636 73 5679 τὰ
110 5632 356 5692 μέλλοντα
385 5630 551 5678 εἰπεῖν.

10 5694 21 5756 '3
84 5686 154 5756 (b)
190 5695 479 5756 ln‘vulgala
499 5728 511 5750 ,
543 5687 770 5756 Abarim,
801 5687 1069 5756 secundum
1100 5686 1391 5756 llcbraicam
1427 5686 1611 5737 verita-

12 5749 148 5817 ῗςριὶιξ
174 5752 305 5803 Vide
334 5749 385 5802 ni
412 5756 509 5802 line
534 5751 774 5814 Synopsis
805 5749 1192 5800 Deuterouomii.

1037 264 1358 331 SYNOPSIS
1394 259 1805 321 SCRIPTUR/E
1841 259 2112 319 SACRE.

3180 276 3279 330 ὂδὸ

1672 377 1923 437 urbibus
1946 379 2161 451 refugii,
2190 378 2261 437 ita
2288 389 2347 439 ut
2373 385 2418 440 is
2447 386 2537 456 qui
2562 396 2761 457 prmter
2783 387 3108 446 voluntatem
3138 396 3281 451 occi-

1700 468 1890 536 disset,
1909 471 2034 526 illuc
2052 472 2387 544 confugeret,
2411 487 2467 532 et
2486 478 2604 533 sine
2630 480 2870 549 periculo
2898 490 3042 537 esset
3071 483 3142 540 ibi
3172 501 3287 542 ma-

1699 575 1858 627 nens,
1888 561 2063 619 donec
2100 575 2403 622 moreretur
2439 570 2693 625 sacerdos
2736 585 2983 641 magnus.
3011 572 3068 629 Si
3104 585 3283 632 autem

1698 663 1855 709 extra
1873 657 2129 714 terminos
2152 658 2306 715 urbis
2325 670 2630 730 raperetur,
2655 672 2711 718 et
2735 664 3004 721 occideret
3040 681 3161 721 enm
3187 682 3284 723 co-

1698 757 1892 816 gnatus
1927 750 2091 805 occisi
2115 791 2133 818 ,
2168 750 2255 807 hic
2280 767 2385 806 non
2412 752 2567 808 daret
2594 769 2799 825 pinnas.
2830 754 2899 811 Et
2919 771 3083 826 pauca
3106 757 3283 829 loqui-

1702 848 1786 893 tur
1807 840 1876 896 de
1901 841 2108 911 legibus
2133 843 2273 898 circa
2298 844 2492 900 credes.
2520 847 2794 902 Accedunt
2818 848 3084 917 principes
3112 849 3282 905 tribus

1699 931 1937 987 Manasse
1958 934 2199 989 dicentes
2232 935 2399 1006 Moysi
2427 955 2439 991 :
2469 936 2727 1003 Quoniam
2768 939 2938 992 visum
2974 949 3053 993 est
3080 950 3136 993 ut
3158 940 3282 995 illite

1680 1023 1923 1095 .Salpaad
1953 1027 2258 1096 acciperent
2284 1027 2635 1083 hereditatem
2655 1071 2669 1094 ,
2697 1030 2743 1083 si
2763 1030 3043 1100 contigerit
3067 1046 3157 1084 eas
3176 1046 3279 1084 nu-

1698 1116 1825 1173 bere
1855 1118 1973 1173 viro
1997 1133 2063 1173 ex
2098 1119 2269 1175 altera
2301 1119 2466 1188 tribu,
2492 1120 2618 1190 quid
2647 1121 2779 1175 ﬁet?
2801 1136 2918 1177 sors
2944 1121 3084 1175 enim
3106 1123 3279 1176 tribus

1698 1218 1894 1265 nostra:
1937 1209 2103 1265 exibit
2136 1209 2191 1265 in
2236 1212 2383 1267 illam
2413 1212 2628 1267 tribum.
2659 1212 2808 1267 Tunc
2845 1214 3099 1283 praecepit
3123 1212 3276 1283 Moy—

1697 1314 1805 1365 ses,
1848 1310 1904 1354 ut
1946 1302 2027 1356 vir
2062 1301 2294 1373 quisque
2331 1320 2394 1359 ex
2426 1318 2521 1358 sua
2561 1305 2699 1358 tribu
2738 1319 2959 1359 uxorem
2988 1305 3274 1374 acciperet,

1699 1409 1766 1449 ne
1794 1393 2213 1451 transferrentur
2243 1396 2567 1452 hereditates
2586 1412 2618 1452 a
2646 1397 2785 1453 tribu
2811 1397 2865 1452 in
2889 1397 3107 1452 tribum.

2138 1522 2375 1563 SYNOPSIS
2400 1519 2798 1563 DEUTERUNOMII

1766 1620 1925 1686 Quasi
1957 1621 2263 1674 summatim
2296 1622 2474 1690 priora
2503 1622 2679 1675 omnia
2731 1630 2911 1675 narrat
2946 1619 3152 1691 Moyses
3176 1660 3191 1686 ,
3219 1628 3276 1675 ιιι

1695 1711 1798 1765 illis
1831 1712 1881 1764 in
1916 1713 2224 1766 memoriam
2253 1720 2468 1767 revocet
2492 1722 2543 1767 et
2571 1712 2661 1765 Dei
2696 1712 2969 1779 beneﬁcia,
2998 1721 3050 1766 et
3083 1714 3272 1784 nequi-

1694 1803 1820 1857 tiam
1854 1803 2111 1873 ipsorum.
2160 1799 2486 1856 Adhortatio
2516 1815 2582 1855 ne
2614 1798 2759 1855 idola
2785 1802 2988 1855 colant.
3054 1802 3148 1857 llic
3183 1803 3270 1874 ja-

1693 1903 1778 1949 cet
1800 1894 1928 1948 illtttl
1958 1911 1971 1948 :
2005 1893 2125 1948 Non
2142 1895 2378 1948 adorabis
2398 1895 2589 1956 stellas,
2618 1911 2743 1963 quas
2760 1894 3063 1963 dispensavit
3094 1892 3272 1946 Domi-

1694 2003 1790 2040 nus
1829 1985 1968 2041 Deus
2024 1995 2138 2041 tuus
2184 1987 2414 2040 omnibus
2466 1986 2694 2056 gentibus
2723 2003 2837 2057 qute
2884 1987 2973 2039 sub
3008 1988 3129 2040 cwlo
3155 1994 3273 2039 sunt

1698 2079 1716 2150 (
1750 2072 1900 2132 Deut.
1923 2078 1976 2133 4.
2021 2078 2090 2134 19
2117 2077 2137 2149 )
2167 2079 2269 2149 (a).
2298 2078 2430 2133 Illud
2461 2093 2607 2144 vero,
2637 2077 2972 2148 Dispensat'it,
3018 2078 3264 2147 intelligo,

1694 2190 1799 2230 non
1829 2171 1969 2246 quod
1997 2174 2110 2243 ipse
2130 2173 2383 2242 jusserit:
2407 2173 2578 2236 absit;
2608 2171 2703 2227 sed
2728 2170 3171 2242 quemadmodum
3199 2171 3274 2224 ait

1693 2267 1880 2321 beatus
1930 2266 2123 2320 Paulus
2152 2280 2167 2316 :
2209 2263 2440 2317 Tradidit
2483 2263 2598 2317 illos
2628 2261 2760 2315 Deus
2788 2263 2840 2314 in
2867 2263 3134 2331 reprobum
3159 2277 3275 2313 sen-

1692 2375 1804 2412 sum
1831 2358 1849 2429 (
1883 2358 2031 2411 Roin.
2084 2361 2131 2412 Ι.
2160 2356 2231 2411 28
2276 2355 2316 2427 ),
2353 2370 2458 2408 non
2488 2352 2627 2424 quod
2657 2351 2935 2407 tradiderit
2967 2392 2981 2415 ,
3013 2350 3103 2405 sed
3134 2350 3271 2420 quod

1693 2451 1815 2506 illos
1853 2492 1868 2517 ,
1898 2451 1986 2521 qui
2020 2451 2089 2504 ita
2119 2450 2318 2505 vellent
2353 2457 2407 2503 et
2426 2447 2541 2502 sine
2563 2462 2658 2516 spe
2682 2445 3045 2499 conversionis
3070 2455 3271 2511 essent,

1682 2543 1976 2599 dimiserit.
2022 2543 2112 2597 Sic
2138 2549 2204 2597 et
2246 2541 2349 2595 hoc
2374 2540 2495 2595 loco
2520 2580 2535 2603 ,
2567 2538 2888 2608 Dispenth
2920 2538 3055 2607 illis,
3085 2535 3137 2591 id
3168 2547 3269 2602 ρει,

1692 2650 1812 2690 cum
1836 2649 2071 2690 errorem
2097 2631 2760 2703 delegissent,resipiscere
2780 2630 3038 2694 nolentes,
3052 2628 3270 2683 dimisit.

1693 2726 1791 2781 llic
1816 2725 2084 2795 paululum
2116 2739 2432 2795 progressus
2477 2724 2549 2777 ait
2586 2738 2599 2777 :
2647 2721 2822 2776 Testor
2850 2721 2984 2775 vobis
3021 2722 3199 2775 cwlum
3227 2730 3273 2775 et

1694 2830 1897 2882 terram,
1924 2835 2012 2872 vos
2041 2819 2288 2888 perituros
2314 2832 2438 2881 esse,
2466 2816 2510 2868 si
2535 2815 2863 2869 abscesseritis
2884 2832 2915 2868 α
2948 2812 3053 2867 Deo
3075 2814 3092 2882 (
3117 2812 3268 2868 Deut.

1692 2912 1750 2966 4.
1778 2908 1870 2982 26)
1894 2908 1990 2980 (b).
2024 2907 2227 2964 Deinde
2268 2906 2499 2961 ostendit
2522 2906 2687 2960 Deum
2719 2905 2849 2959 nulli
2888 2912 3031 2958 tanta
3061 2902 3272 2973 prtesti-

1694 3004 1825 3059 tisse
1851 3004 1988 3059 bona
2016 3010 2213 3073 quanta
2246 3001 2371 3055 illis.
2405 3000 2474 3055 Et
2503 2999 2823 3054 determinat
2852 3005 2960 3051 tres
3003 2995 3166 3051 urbes
3204 2993 3273 3049 ad

1692 3096 1980 3153 Iordanem
2009 3109 2109 3166 pro
2134 3093 2359 3164 refugio.
2394 3092 2581 3147 Adhuc
2606 3105 2699 3146 eos
2730 3089 2795 3145 de
2822 3088 3057 3159 pristinis
3083 3088 3272 3140 admo-

1694 3196 1828 3255 net,
1870 3188 2051 3257 aitque
2094 3202 2108 3239 :
2151 3183 2281 3255 Liga
2313 3200 2370 3237 ea
2396 3184 2449 3236 in
2475 3181 2704 3235 manibus
2733 3179 2831 3234 tuis
2852 3219 2866 3242 ,
2894 3187 2940 3232 et
2971 3178 3023 3231 in
3051 3178 3273 3247 postibus

1692 3278 1896 3346 scribes,
1925 3286 1974 3333 et
2002 3277 2199 3330 docebis
2240 3275 2404 3344 ﬁlium
2431 3272 2618 3343 tuum(
2653 3270 2803 3326 Dent.
2843 3270 2898 3325 6.
2941 3269 2994 3325 8.
3024 3269 3057 3324 9
3102 3268 3142 3338 ).
3173 3267 3273 3323 Ubi
3348 3264 3351 3265 ⁷

1694 3372 1827 3428 dixit
1852 3379 2029 3425 autem
2055 3382 2174 3438 qua:
2200 3366 2337 3422 mala
2360 3365 2424 3419 iis
2452 3374 2707 3418 eventura
2732 3361 2858 3426 sint,
2891 3361 2935 3415 si
2968 3375 3072 3414 non
3111 3358 3271 3414 obse-

1693 3472 1960 3534 quantur,
2006 3460 2136 3531 ipsis
2184 3456 2432 3512 fiduciam
2484 3454 2653 3521 indit,
2706 3468 2775 3509 tte
2805 3452 2984 3507 hostes
3011 3458 3271 3506 metuant.

1697 3555 1906 3610 Rursus
1933 3552 2112 3623 priora
2143 3550 2195 3604 in
2228 3545 2542 3603 memoriam
2565 3553 2799 3600 revocat.
2827 3543 2922 3598 ilic
2942 3542 3083 3613 jacet
3109 3539 3271 3595 illud:

1705 3648 1919 3705 Attende
1950 3647 2038 3702 tibi
2063 3645 2083 3719 (
2112 3643 2249 3699 Ibid.
2283 3658 2331 3697 υ.
2365 3641 2433 3696 15
2463 3640 2504 3713 ),
2532 3638 2673 3711 quod
2722 3638 2851 3708 ipsis
2890 3635 3196 3707 frequenter
3220 3633 3275 3687 in

1697 3745 2046 3818 sequentibus
2085 3741 2280 3813 repetit
2308 3758 2323 3794 :
2352 3748 2639 3807 monetque
2662 3747 2734 3789 ne
2758 3730 3006 3788 victorias
3047 3726 3278 3798 propria:

1696 3840 1879 3896 virtuti
1931 3837 2275 3903 adscribant,
2301 3833 2397 3890 sed
2444 3831 2537 3887 Dei
2570 3828 2773 3900 gratim.
2820 3824 2915 3881 llic
2936 3823 3079 3894 jacet
3106 3818 3276 3875 illud:

1701 3933 1840 3988 Deus
1866 3931 1996 4002 ignis
2015 3943 2309 3983 consumens
2346 3932 2418 3980 est
2436 3923 2615 3995 (Deut.
2642 3918 2820 3983 4.24;
2859 3914 3014 3970 Hebr.
3043 3912 3127 3967 12.
3156 3909 3276 3980 9.9),

1700 4026 1843 4098 quod
1870 4024 2069 4080 Paulus
2094 4025 2148 4078 in
2194 4018 2430 4092 Epistola
2471 4015 2539 4071 ad
2568 4013 2821 4069 Hebraeos
2864 4008 3055 4079 posuit.
3091 4005 3281 4098 Horta-

1702 4096 1791 4172 tur
1815 4126 1996 4170 autem
2042 4115 2094 4168 in
2140 4112 2244 4167 hoc
2279 4112 2396 4180 ipso
2422 4108 2538 4161 loco
2562 4105 2773 4176 Moyses
2802 4116 2871 4155 ne
2907 4113 2967 4153 se
3001 4096 3277 4151 extollant.

1706 4208 1828 4263 Non
1861 4207 1990 4259 enim
2012 4212 2214 4276 prapter
2231 4199 2486 4271 justitiam
2517 4204 2674 4261 tuam,
2699 4192 2889 4263 inquit,
2920 4186 3099 4249 Israel,
3123 4194 3281 4240 cater-

1705 4297 2026 4354 minabuntur
2061 4304 2228 4366 gentes
2257 4333 2272 4357 ,
2319 4290 2407 4344 sed
2450 4297 2655 4359 propter
2704 4287 2930 4354 ipsorum
2974 4279 3282 4350 impietatem

1708 4391 1882 4462 (Deut.
1919 4388 1974 4443 9.
2007 4388 2084 4457 5).
2114 4385 2172 4439 In
2202 4382 2517 4438 memoriam
2546 4386 2723 4433 autem
2753 4373 2887 4444 ipsis
2912 4376 3128 4427 revocat
3151 4382 3286 4422 con-

1708 4458 1889 4537 flatum
1932 4478 2180 4533 vitulum.
2223 4474 2319 4529 llic
2348 4471 2541 4543 legitur
2566 4466 2693 4523 illud
2721 4483 2733 4519 :
2764 4461 3117 4518 Circumcidite
3142 4458 3285 4511 duri-

1707 4575 1831 4628 tiam
1862 4570 2027 4626 cordis
2068 4567 2237 4630 vestri,
2267 4574 2310 4619 et
2350 4562 2589 4618 ceruicem
2622 4566 2836 4613 vestram
2870 4571 2934 4609 ne
2971 4549 3285 4606 induraveri-

1711 4668 1773 4721 tis
1804 4662 1990 4738 (Deut.
2037 4659 2125 4715 10.
2155 4657 2265 4729 16).
2293 4654 2498 4710 Laudat
2530 4660 2723 4706 terram
2770 4642 3159 4716 promissionis.
3192 4640 3288 4695 llic

1707 4733 1850 4828 jacet
1871 4752 1998 4809 illud
2035 4749 2203 4806 :Cum
2237 4744 2512 4801 comederis
2544 4751 2589 4796 et
2617 4739 2795 4795 biberis
2819 4745 2865 4790 et
2888 4743 3141 4789 saturatas
3171 4733 3286 4802 {ue-

1712 4822 1806 4917 ris,
1834 4846 2037 4901 attende
2067 4840 2195 4913 tibi(
2225 4840 2378 4893 Deut.
2398 4837 2451 4892 6.
2483 4834 2570 4891 12.
2604 4834 2673 4889 15
2700 4832 2720 4900 )
2745 4846 2759 4884 :
2782 4826 3123 4900 prtedicitque
3151 4822 3293 4917 mala

1714 4912 1820 4995 non
1866 4912 2307 5005 obsequentibus,
2336 4938 2389 4984 et
2419 4930 2554 4982 bona
2597 4925 2644 4980 si
2682 4919 2999 4977 obedierint.
3046 4912 3297 4983 Prazcipit

1720 5042 1778 5087 ut
1807 5036 1858 5086 in
1891 5038 2073 5084 monte
2097 5024 2312 5082 Garizin
2359 5020 2514 5075 detur
2558 5011 2858 5071 benedictio
2888 5053 2902 5079 ,
2933 5018 2986 5065 et
3025 5009 3075 5061 in
3117 5014 3297 5060 monte

1717 5125 1884 5183 Gebal
1915 5118 2236 5178 maledictio.
2264 5115 2425 5171 Iubet
2454 5110 2655 5166 destrui
2695 5105 2834 5161 idola
2859 5112 2913 5158 et
2935 5115 3123 5158 eorum
3152 5098 3292 5151 loca.

1720 5216 1970 5287 Praecipit
2010 5229 2079 5268 ne
2108 5210 2304 5281 ubique
2346 5203 2606 5261 sacriﬁcia
2651 5199 2762 5254 Deo
2808 5194 3071 5258 offerant,
3104 5187 3303 5247 sed-in

1720 5311 1839 5365 loco
1868 5320 2024 5378 quem
2070 5304 2185 5373 ipse
2211 5299 2452 5369 elegerit.
2480 5294 2556 5348 Ne
2584 5290 2900 5347 temulentur
2954 5297 3169 5355 gentes,
3205 5292 3306 5333 nec

1722 5370 1950 5473 ettipiam
1975 5370 2349 5464 obtemperent
2371 5384 2617 5444 suadenti
2642 5391 2699 5437 ut
2717 5380 2857 5436 idola
2885 5370 3305 5441 colant,etiamsi

1785 5534 1859 5597 (a)
1895 5540 2004 5604 tltec
2025 5542 2121 5579 non
2143 5526 2203 5575 ad
2227 5525 2431 5576 verbum
2473 5519 2753 5572 referuntur
2776 5522 2831 5564 ttt
2851 5511 3094 5562 habentur
3118 5508 3167 5555 in
3184 5512 3311 5554 Deu-

1724 5603 2012 5649 teronouno.
2574 5650 2577 5653 ἰ

1785 5681 1857 5743 (b)
1890 5687 1998 5727 Itzec
2021 5688 2117 5743 non
2156 5673 2227 5743 ad.
2261 5672 2452 5743 literam
2494 5668 2565 5718 sic
2587 5666 2828 5717 habentur
2851 5663 2900 5711 iu
2945 5655 3159 5707 Editione
3182 5659 3311 5711 va,

1726 5734 1814 5793 sed
1838 5734 2125 5803 compendio
2145 5734 2435 5787 referuntur.
