3720 6274
394 204 512 263 335

400 321 555 391 signa
581 314 788 382 fecerit,
812 326 925 368 non
954 309 1149 380 amico,
1178 324 1287 365 non
1309 307 1681 379 a'lii‘cuipiam,
1711 303 1806 361 sed
1830 311 1890 359 ut
1916 304 1994 357 Ia-

408 408 622 480 pidibus
646 406 878 461 obruant
904 402 1213 459 hortantem
1239 440 1256 465 ,
1302 401 1418 455 sive
1461 399 1627 453 frater
1673 395 1854 462 fuerit,
1881 393 1997 449 sive

407 499 569 554 etiam
600 495 731 551 urbs
754 494 899 549 idola
918 492 1154 548 coluerit
1176 529 1194 556 ,
1224 505 1343 546 eam
1370 488 1736 545 internecione
1759 485 1993 542 deleant.

410 588 591 645 Monet
619 601 741 657 quae
762 584 1099 641 comedenda
1124 622 1140 649 ,
1167 598 1287 653 quae
1311 580 1611 651 respuenda
1641 580 1766 634 sint.
1799 577 1996 648 Legem

411 682 504 736 dat
530 679 600 736 de
625 677 941 734 remissione
957 674 1290 739 debitorum,
1312 672 1381 728 de
1402 671 1721 728 remissione
1743 680 1799 725 et
1824 669 1995 724 iiber-

412 783 520 831 tate
544 786 845 836 servorum.
873 769 941 826 de
970 767 1336 840 primogenitis
1357 808 1371 832 ,
1396 767 1463 821 de
1491 764 1765 836 paschate.
1799 761 1997 832 Hicja-

407 876 502 924 eet
545 865 676 921 illud
710 882 723 918 :
760 882 779 915 ‹
814 862 929 917 Non
960 861 1161 931 poteris
1202 859 1396 929 pascha
1420 857 1601 913 facere
1640 857 1693 910 in
1737 855 1843 909 nlla
1869 854 2001 909 civi-

415 969 544 1028 tate,
570 973 730 1031 quam
763 957 1019 1012 Dominus
1047 955 1191 1009 Deus
1219 963 1342 1008 tuus
1371 952 1464 1007 dat
1487 952 1587 1006 tibi
1615 992 1630 1016 ,
1661 950 1756 1005 sed
1780 950 1831 1003 in
1860 948 1996 1013 loco,

402 1067 570 1123 quem
597 1050 823 1120 elegerit
853 1048 1110 1103 Dominus
1140 1046 1280 1100 Deus
1306 1053 1428 1099 tuus
1455 1062 1475 1095 ι
1504 1038 1901 1114 (Deut.16.:5).
1923 1038 2003 1093 De

414 1143 859 1211 hebdomadibus,
885 1140 954 1197 de
980 1139 1333 1210 scenopegiis.
1351 1138 1427 1193 Ide
1450 1137 1740 1207 judicibus,
1768 1135 1835 1190 de
1865 1136 2005 1204 regi-

407 1239 518 1295 .bus
542 1280 559 1305 ,
585 1237 628 1292 si
656 1234 870 1306 quando
917 1234 1120 1288 vellent
1173 1233 1273 1287 sibi
1317 1246 1500 1302 regem
1530 1231 1761 1301 aliquem
1799 1228 2003 1283 consti-

417 1339 589 1385 tuere.
642 1328 717 1383 De
772 1326 972 1381 Levitis
998 1367 1011 1389 ,
1042 1325 1217 1395 deque
1260 1324 1323 1379 iis
1351 1338 1470 1393 qua:
1515 1323 1759 1390 accipere
1785 1319 2001 1373 debent.

417 1421 568 1491 Quod
596 1436 701 1475 non
729 1428 973 1489 Oporteat
994 1419 1101 1473 illis
1131 1417 1226 1484 uti,
1258 1416 1348 1486 qui
1376 1414 1698 1479 calharistm,
1729 1427 1822 1467 seu
1853 1426 2007 1465 mun-

421 1515 637 1569 datorcs
666 1520 925 1567 vocantur
953 1508 1054 1581 (a),
1100 1526 1204 1563 non
1253 1506 1692 1569 incantatoribus,
1722 1519 1831 1559 non
1873 1503 2008 1558 divi-

424 1604 751 1670 nationibus,
770 1620 876 1658 non
903 1601 1191 1667 ominibus,
1223 1607 1316 1655 aut
1353 1599 1634 1655 similibus.
1664 1596 1760 1651 Hic
1778 1596 1921 1666 jacet
1942 1594 2012 1650 il-

419 1697 539 1753 lud:
562 1696 870 1767 Prophetam
895 1694 1031 1749 vobis
1057 1692 1313 1748 suscitabit
1338 1691 1491 1754 Deus,
1514 1700 1566 1743 ut
1586 1705 1676 1759 ego
1699 1705 1809 1743 sum
1827 1686 2006 1758 (Deut.

420 1789 511 1848 18.
545 1789 612 1846 l5
638 1790 679 1861 ).
717 1789 897 1859 Deque
922 1786 1145 1842 urbibus
1172 1785 1358 1855 rel'ugii
1404 1783 1726 1854 prmeipitur.
1756 1783 1855 1837 llic
1881 1782 2012 1853 legi-

421 1893 510 1938 tur
534 1881 706 1937 illud:
751 1880 819 1934 In
848 1897 936 1934 ore
982 1875 1197 1932 duorum
1246 1876 1444 1932 testium
1485 1876 1562 1929 vel
1589 1875 1739 1928 trium
1765 1882 2012 1928 statuetur

421 1991 569 2029 omne
596 1973 800 2029 verbum
819 1970 839 2043 (
860 1970 1017 2025 Joan.
1051 1972 1104 2025 1.
1129 1970 1199 2025 45
1222 1986 1238 2036 ;
1280 1968 1434 2023 Deut.
1471 1966 1559 2023 19.
1587 1966 1696 2040 15).
1726 1969 1793 2023 Et
1816 1967 1884 2022 de
1908 1965 2011 2021 fal-

424 2069 498 2123 sis
523 2065 777 2132 testibus,
806 2063 932 2136 quid
973 2063 1047 2117 illi
1076 2062 1184 2134 pati
1211 2060 1461 2117 debeant.
1496 2059 1729 2115 Instante
1769 2059 1909 2115 bello
1933 2059 2015 2114 di-

422 2161 497 2214 cit
523 2173 681 2229 quem
722 2157 971 2211 emittere
1022 2162 1306 2224 oporteat,
1328 2167 1438 2208 nec
1472 2151 1620 2207 ferre
1646 2160 1702 2206 ut
1724 2166 1848 2207 cum
1884 2151 2015 2221 ipsis

423 2261 643 2326 pugnet.
669 2250 924 2307 Hortatur
948 2264 1016 2304 ne
1042 2246 1369 2303 interﬁciant
1398 2244 1582 2301 hostes
1611 2244 1664 2299 in
1695 2259 1879 2299 eorum
1902 2259 2016 2299 ma-

427 2362 530 2403 nus
567 2345 823 2402 cadentes
848 2384 864 2411 ,
891 2342 1132 2413 exceptis
1178 2349 1384 2411 septem
1438 2339 1703 2410 gentibus.
1746 2338 1817 2393 [Et
1856 2338 2016 2394 urbes

424 2438 641 2511 quidem
665 2451 878 2505 omnes,
910 2435 1105 2505 inquit,
1137 2449 1259 2489 cum
1286 2433 1562 2502 ceperitis,
1586 2432 1683 2488 diri
1695 2433 1801 2503 pite
1824 2472 1838 2497 ,
1871 2447 2016 2488 mas-

424 2533 683 2602 culosque
706 2539 910 2586 tantum
939 2529 1189 2587 occidite.
1229 2528 1306 2583 Ex
1337 2528 1420 2583 his
1446 2542 1577 2583 vero
1602 2567 1619 2593 ,
1654 2542 1877 2599 quorum
1906 2536 2016 2580 ter-

422 2640 541 2680 ram
571 2622 855 2695 possidetis
882 2663 899 2691 ,
930 2621 1202 2677 neminem
1228 2618 1407 2676 vivere
1429 2618 1731 2675 concedite.
1758 2615 2019 2674 Fructil'c-

425 2730 519 2771 ras
554 2714 783 2771 arbores
828 2728 897 2770 ne
936 2712 1128 2769 cazdite
1155 2753 1171 2777 ,
1197 2712 1407 2783 inquit,
1429 2708 1496 2766 ad
1528 2710 1798 2781 ﬁgendum
1822 2711 2018 2766 vallum

430 2810 488 2864 in
535 2807 829 2864 obsidione.
884 2805 941 2863 Si
968 2807 1087 2877 quis
1116 2807 1326 2862 occisus
1369 2806 1686 2876 reperiatur,
1716 2820 1817 2860 nec
1858 2820 2021 2875 appa-

426 2909 547 2957 reat
590 2899 637 2956 is
666 2899 757 2969 qui
808 2897 1099 2964 interfecit,
1131 2896 1258 2969 quid
1287 2896 1589 2952 faciendum
1630 2895 1699 2950 sit
1754 2895 1872 2966 lege
1909 2904 2020 2950 sta-

432 2994 551 3048 tuit.
602 2992 657 3048 Si
714 2990 836 3062 quis
891 2990 1025 3046 duas
1054 2989 1257 3045 habens
1311 3003 1531 3055 uxores,
1588 2988 1747 3042 aliam
1800 2986 1994 3053 oderit,

429 3086 587 3140 aliam
634 3083 914 3149 dilexerit,
963 3081 1359 3153 contigeritque
1408 3088 1466 3134 ut
1500 3092 1707 3151 perosa:
1758 3077 1895 3132 filius
1950 3078 2021 3132 sit

428 3176 818 3249 primogenitus
846 3192 865 3230 ς
898 3189 967 3230 ne
989 3173 1065 3229 illi
1091 3173 1406 3244 prreferatur
1426 3172 1471 3226 is
1499 3172 1590 3242 qui
1615 3185 1681 3226 ex
1710 3169 1906 3225 dilecta
1925 3184 2020 3223 na.

431 3284 517 3328 tus
541 3280 645 3329 est.
682 3272 756 3328 De
782 3271 893 3326 lilio
920 3270 1333 3340 inobsequente.
1367 3266 1464 3322 Hic
1481 3267 1627 3336 jacet
1654 3263 1783 3319 illud
1812 3282 1827 3319 :
1857 3261 2023 3317 Male-

431 3366 596 3420 dictus
625 3364 790 3420 omnis
815 3363 903 3435 qui
928 3362 1107 3433 pendet
1132 3362 1187 3415 in
1216 3360 1359 3430 ligno
1389 3358 1565 3431 (Deut.
1593 3359 1684 3411 2l.
1715 3356 1787 3410 2'5
1812 3357 1853 3427 ).
1888 3354 2022 3423 Quia

437 3473 567 3530 ergo
593 3455 900 3515 maledictio
930 3454 1138 3525 prolata
1161 3459 1280 3507 erat
1300 3452 1353 3506 in
1374 3463 1469 3507 eos
1492 3449 1583 3520 qui
1608 3464 1714 3504 non
1744 3456 2023 3503 servarent

434 3554 606 3621 legem
631 3592 648 3617 ,
699 3548 1006 3603 Maledictus
1035 3546 1197 3600 omnis
1235 3544 1321 3614 qui
1367 3560 1468 3597 non
1514 3551 1681 3596 manet
1708 3542 1761 3594 in
1791 3540 2022 3594 omnibus

431 3646 635 3716 scriptis
672 3644 726 3698 in
755 3646 850 3697 hoc
874 3641 1001 3696 libro
1020 3641 1098 3711 (b)
1127 3641 1142 3708 (
1174 3637 1288 3693 Gal.
1320 3639 1374 3693 ὅ.
1403 3637 1471 3692 15
1527 3653 1543 3702 ;
1571 3635 1723 3690 Deut.
1758 3635 1848 3689 27.
1878 3632 1973 3705 26)
2005 3649 2021 3698 ;

433 3739 501 3794 de
530 3738 647 3808 lege
668 3736 906 3807 loquitur
924 3734 1155 3804 Moyses,
1180 3746 1277 3787 nec
1296 3739 1507 3801 poterat
1532 3728 1781 3785 Christus
1810 3728 1862 3782 iu
1885 3726 2024 3781 hanc

437 3835 713 3889 incurrere
742 3827 1217 3884 malediCtionem:
1252 3822 1494 3894 implevit
1531 3837 1762 3891 namque
1808 3819 1976 3889 legem
2004 3859 2021 3885 ,

434 3923 869 3981 inaledictionem
895 3917 1273 3976 maledictionc
1307 3913 1691 3979 commutavit,
1729 3923 2024 3981 suspensus

435 4019 491 4074 in
512 4017 677 4089 ligno.
707 4012 863 4083 Quod
903 4026 1011 4068 non
1041 4014 1291 4082 oporteat
1336 4006 1502 4062 etiam
1551 4004 1752 4059 inimici
1779 4003 2022 4073 iumenta

435 4111 737 4182 despicere.
768 4106 887 4163 Alia
915 4118 1131 4176 quoque
1159 4100 1476 4165 constituit,
1519 4107 1574 4155 et
1597 4098 1664 4154 de
1698 4095 2024 4168 nuptialibus

434 4202 643 4275 legibus
670 4199 940 4266 edisserit,
966 4210 1260 4269 poenasque
1285 4192 1566 4249 constituit
1591 4201 1777 4246 contra
1805 4189 2026 4244 violato-

436 4311 526 4352 res
555 4295 843 4365 virginum.
872 4292 1020 4360 Quos
1060 4287 1346 4359 prohibeat
1373 4285 1441 4340 ab
1487 4284 1734 4354 ingressu
1767 4282 1818 4336 in
1850 4280 2024 4336 eccle-

438 4388 714 4453 siam;de
758 4386 881 4441 aliis
931 4398 1145 4454 quoque
1178 4381 1323 4451 leges
1349 4378 1475 4443 fert,
1508 4376 1682 4447 deque
1726 4390 1835 4430 non
1880 4374 2025 4429 acci-

438 4481 639 4555 piendo
687 4480 918 4535 fmnore.
966 4476 1080 4532 Non
1108 4472 1465 4529 cunctandum
1492 4485 1613 4526 esse
1648 4469 1715 4523 ad
1752 4467 2026 4524 reddenda

446 4588 571 4633 vola
602 4591 618 4643 ;
653 4572 750 4631 sed
780 4570 924 4644 quod
949 4571 1068 4642 quis
1094 4567 1321 4634 voverit,
1345 4566 1523 4621 statim
1550 4563 1745 4630 solvat.
1792 4562 1869 4617 De
1910 4576 2028 4617 mu-

447 4673 581 4728 liere
601 4683 720 4741 qua:
749 4665 957 4737 accepit
982 4662 1218 4720 libellum
1250 4658 1482 4731 repudii,
1510 4657 1578 4713 de
1609 4655 1938 4727 pignoribus,
1961 4654 2029 4709 dc

500 4807 573 4871 (a)
594 4805 659 4871 In
674 4800 1049 4871 peutcrqnomio
1068 4796 1251 4863 legitur
1273 4809 1318 4871 c_.
1448 4808 1502 4871 7v.
1530 4792 1629 4871 illi
1643 4788 2028 4871 a'ec‘bitienia‘tur

436 4871 486 4921 in
677 4854 847 4917 lustret
863 4863 1035 4932 μέτρη-
1051 4854 1209 4932 surint,
1233 4865 1317 4908 aut
1337 4855 1508 4932 ﬁliani,
1532 4854 1717 4932 (dureris
1737 4865 1834 4932 pe:
1846 4864 2025 4932 iqnegt:

504 4916 711 4993 (5)7'Htec
734 4916 795 4993 et
809 4916 1079 4993 ex'plicatiq
1092 4916 1399 4993 subsequens
1416 4919 1657 4993 habemur
1674 4916 2030 4993 commentario

438 4979 758 5055 Chi'y'sostomi
783 4990 833 5037 in
855 4979 1005 5055 E'pist.
1023 4984 1089 5055 ad
1104 4979 1289 5055 Galatas
1309 4979 1486 5055 'I‘om.Y
1504 4979 1727 5055 editionis
1747 4984 2028 5055 postremze,

438 5041 528 5105 sed
536 5041 783 5116 "pluribus
795 5041 1043 5099 enuntiata
1062 5046 1232 5116 iisdem
1254 5056 1390 5104 saepe
1409 5041 1594 5116 _ve_rbis.
1610 5049 1826 5116 ‘Quorum
1854 5049 2031 5116 se‘nsus

438 5097 652 5166 ilices-fi
665 5097 894 5163 filiisﬁliis
916 5122 1005 5160 nos
1026 5108 1238 5171 redemit
1266 5118 1295 5153 a
1319 5097 1585 5171 maledicto
1610 5097 1755 5171 legis,
1780 5113 1807 5171 β
1832 5097 2031 5147 maledi-

441 5164 521 5229 ei.)
542 5164 729 5226 scilicet
750 5171 834 5221 illo
858 5177 1000 5221 Deut.
1022 5170 1104 5227 27,
1128 5168 1207 5226 26,
1233 5164 1515 5229 .ttaledictus
1538 5164 1689 5229 anulis
1709 5164 1792 5229 qui
1815 5173 1907 5210 non
1928 5172 2030 5208 ma-

440 5222 519 5289 ἦὲἰ
537 5222 826 5289 {ieiunus
842 5231 1037 5295 scriptis
1059 5222 1111 5281 in
1132 5222 1220 5279 hoc
1241 5226 1404 5278 libro:
1432 5228 1546 5295 quia
1569 5226 1674 5287 ipse
1711 5236 1739 5272 a
1774 5222 2030 5295 legeser-

440 5284 594 5368 eis
616 5284 1266 5368 asentiabaere
1285 5284 1508 5368 euertit?
1527 5284 1797 5368 δυέρεξιειεξ

442 5346 594 5414 ὲῖέἷέ
608 5346 739 5411 aliud
755 5346 1061 5410 maledictum
1086 5346 1168 5404 ille
1190 5354 1355 5410 subiit,
1382 5346 1699 5414 illud_nenipe
1713 5384 1726 5407 ,
1753 5346 2033 5398 Maledictus

618 5422 700 5488 qui
723 5421 894 5488 pendet
914 5420 964 5470 in
988 5419 1150 5479 ligrw;
1173 5418 1256 5480 qui
1282 5423 1443 5488 tamen
1474 5412 1590 5486 illud
1615 5424 1711 5483 non
1742 5416 1992 5488 meruerat
2018 5421 2032 5456 :

443 5473 742 5550 misisses
759 5473 1067 5550 ίωριθνθτέὶε
1085 5473 1383 5550 causam
1408 5488 1496 5550 res
1515 5473 2037 5550 ripsiusseessnfss

444 5533 623 5612 legem
630 5533 740 5600 716i;
754 5533 1064 5612 impleamus,
1078 5540 1387 5612 maledictum
1410 5537 1527 5587 illud
1551 5533 1712 5612 legis,
1720 5533 1864 5612 quod
1876 5536 2036 5612 ianos

442 5604 622 5662 cillere
637 5604 894 5668 debuerat,
908 5606 1001 5658 alio
1015 5604 1272 5656 maledicto
1286 5604 1392 5664 ipse
1409 5604 1754 5668 ginipensavit,
1770 5607 2038 5668 suspensus

443 5674 495 5723 in
517 5672 669 5737 ligno,
690 5681 834 5737 atque
853 5662 917 5722 ita
937 5662 1325 5721 maledictionem
1347 5662 1682 5715 maledictioue
1703 5662 2029 5711 commutavit.

1145 193 1210 249 S.
1236 186 1514 248 JOANNIS
1551 176 2018 245 (MRYSOSTOMI
2055 177 2370 241 ARCII‘IEP.
2410 180 2942 243 CONSTANTINOP.

3608 180 3696 203 ἤδη

3607 206 3696 242 ῦιιι

2107 300 2270 371 furto,
2291 304 2359 361 de
2400 305 2651 362 mercede
2676 304 3019 374 mercenarii,
3047 303 3115 361 de
3138 304 3342 376 pupillo
3365 345 3381 371 ,
3405 303 3480 359 de
3505 303 3696 358 vidua

2105 395 2175 452 de
2204 397 2576 469 relinquendis
2620 400 2782 470 spicis
2824 411 2881 455 et
2931 399 3048 455 uvis
3079 412 3177 469 pro
3217 397 3579 469 pauperibus.
3616 397 3696 451 lli

2101 489 2279 557 jacet,
2327 490 2470 560 quod
2512 504 2618 545 non
2652 491 2848 547 debeat
2892 506 2992 561 pro
3037 491 3323 562 iniquitate
3347 491 3528 563 aliqua
3566 494 3696 562 plus

2106 595 2265 651 quam
2294 583 2645 655 quadraginta
2674 584 2855 654 plagas
2893 585 3013 655 quis
3041 585 3308 656 accipere.
3341 585 3422 641 De
3452 596 3575 640 non
3598 584 3696 639 alii

2105 674 2282 743 gundo
2324 688 2426 729 ore
2480 675 2637 729 bovis
2677 676 3009 742 triturantis,
3037 676 3105 731 de
3147 676 3471 733 suscitando
3496 677 3696 732 semin

2107 764 2255 821 fratri
2283 770 2372 837 qui
2394 765 2679 823 defunctus
2698 810 2714 835 ,
2738 768 2805 823 ab
2825 784 2890 825 eo
2920 770 3008 839 qui
3038 779 3314 841 superstes
3340 782 3423 827 est
3450 789 3467 826 :
3492 780 3552 827 et
3586 770 3696 841 qui

2102 873 2364 929 passurus
2392 860 2463 914 sit
2481 862 2570 931 qui
2602 861 2832 917 noluerit
2858 863 3140 919 suscitare.
3160 864 3238 920 De
3259 863 3633 935 ponderibus,
3655 862 3696 918 d

2109 953 2400 1008 mensuris.
2442 953 2520 1009 De
2566 950 2978 1010 exterminando
3003 954 3281 1012 Amaleco.
3322 956 3398 1011 De
3425 958 3696 1027 primitiis

2109 1046 2177 1102 de
2207 1046 2546 1102 humanitate
2575 1060 2699 1118 erga
2727 1046 2917 1103 viduas
2942 1056 2999 1104 et
3026 1048 3280 1119 pupillos.
3307 1049 3448 1104 Hinc
3487 1044 3696 1105 demur

2111 1140 2370 1211 incipiunt
2394 1139 2799 1196 maledictiones
2827 1146 2883 1197 et
2906 1140 3347 1209 benedictiones;
3375 1140 3487 1197 illa:
3517 1138 3696 1195 ἰηαὶιιε

2111 1232 2399 1297 dientibus,
2428 1233 2512 1287 hac
2540 1232 3051 1304 obtemperantibus.
3064 1231 3410 1306 Longumque
3433 1235 3578 1290 texit
3608 1247 3696 1288 se!

2113 1338 2325 1381 monent
2357 1326 2425 1380 de
2477 1320 2631 1380 malis
2687 1327 2830 1396 ipsos
2867 1327 3149 1381 invasuris.
3192 1324 3311 1382 Hoc
3350 1324 3585 1397 contigit
3625 1340 3696 1381 su

2113 1417 2347 1487 Assyriis
2378 1426 2432 1471 et
2458 1418 2784 1489 Babyloniis.
2818 1418 2948 1473 Illud
2978 1430 3178 1486 antem,
3206 1420 3347 1490 quod
3372 1416 3464 1474 lilii
3494 1435 3696 1491 quoqu

2114 1509 2223 1564 sint
2260 1508 2620 1576 comedendi,
2652 1510 2705 1563 iu
2754 1510 3126 1565 obsidionibus
3174 1506 3418 1582 contigit.
3472 1511 3554 1566 De
3607 1511 3696 1581 ips

2115 1616 2332 1673 quoque
2360 1601 2575 1657 Christo
2608 1603 2699 1657 hic
2743 1603 3007 1658 meminit.
3057 1602 3194 1671 Erit,
3245 1603 3437 1675 inquit,
3472 1605 3587 1657 vita
3641 1616 3696 1657 ll

2117 1695 2342 1766 pendens
2369 1705 2487 1749 ante
2513 1695 2687 1749 oculos
2717 1694 2869 1766 tuos(
2900 1694 3055 1749 Deut.
3085 1694 3175 1750 28.
3221 1695 3291 1750 66
3321 1697 3362 1765 ).
3418 1694 3521 1751 Hic
3580 1695 3696 1765 jacr

2118 1786 2244 1841 illud
2269 1804 2282 1840 :
2315 1785 2401 1840 Ne
2423 1802 2525 1857 qua
2553 1786 2703 1841 radix
2726 1786 3083 1841 amaritudinis
3107 1784 3271 1857 (Ibid.
3302 1785 3393 1842 29.
3419 1786 3540 1857 18).
3575 1803 3696 1856 quo

2119 1879 2314 1936 Paulus
2343 1889 2730 1935 commemorat
2752 1881 2805 1935 in
2835 1880 3074 1951 Epistola
3103 1881 3171 1936 ad
3208 1880 3469 1936 Hebraeos
3506 1881 3525 1953 (
3557 1880 3696 1935 Hebr

2122 1974 2209 2028 l2.
2242 1973 2310 2028 15
2338 1972 2378 2044 ).
2419 1973 2519 2029 Hic
2546 1974 2745 2045 legitur
2789 1973 2922 2029 illud
2950 1992 2963 2028 :
2998 1992 3018 2025 ‹
3051 1974 3267 2030 Occulta
3297 1975 3526 2030 Domino
3558 1975 3690 2029 Deo

2119 2068 2402 2123 manifesta
2431 2083 2560 2124 vero
2589 2067 2739 2124 vobis
2770 2076 2824 2123 et
2849 2067 2975 2123 ﬁliis
3004 2068 3216 2131 vestris,
3243 2067 3378 2137 Quia
3401 2068 3695 2123 mandatur

2120 2159 2258 2228 ejus,
2292 2160 2477 2227 inquit,
2507 2174 2613 2215 non
2638 2161 2744 2216 erit
2775 2160 3023 2215 sublime.
3054 2158 3172 2215 Non
3196 2161 3247 2216 in
3270 2159 3424 2226 casio,
3457 2170 3518 2215 ut
3547 2161 3696 2215 diras

2121 2251 2251 2318 Quis
2272 2253 2593 2308 ascendetin
2619 2252 2846 2308 caelum?
2864 2268 3035 2322 neque
3065 2253 3201 2308 ultra
3228 2269 3395 2316 mare,
3425 2253 3523 2308 sed
3553 2268 3696 2323 prop

2123 2354 2176 2401 te
2204 2344 2427 2400 verbum
2451 2352 2553 2411 est,
2585 2344 2636 2400 in
2663 2359 2756 2400 ore
2778 2355 2901 2399 tuo»
2939 2343 3119 2418 (Deut.
3148 2344 3344 2401 29.29.
3373 2344 3465 2399 30.
3496 2346 3593 2399 11.
3620 2343 3695 2397 I2

2127 2438 2276 2493 Rom.
2305 2437 2393 2493 10.
2424 2436 2500 2509 6).
2531 2437 2655 2492 Ilmc
2685 2437 2755 2493 de
2786 2438 2941 2509 legali
2980 2438 3232 2493 mandan
3259 2438 3422 2503 dicta,
3456 2438 3529 2509 ad
3560 2437 3696 2493 fidet

2126 2530 2179 2582 in
2202 2508 2483 2584 Christum
2514 2529 2677 2585 traxit
2704 2508 2925 2585 Paulus.
2952 2526 3125 2584 Testes
3149 2546 3269 2585 voco
3298 2529 3435 2585 vobis
3459 2571 3475 2595 ,
3496 2508 3695 2599 "inquit

2124 2624 2305 2677 caelum
2333 2632 2382 2676 et
2427 2632 2657 2690 terram,
2689 2631 2744 2677 ut
2773 2618 2998 2694 diligatis
3032 2620 3190 2677 Deum
3237 2621 3258 2695 (
3288 2622 3435 2677 Deut.
3468 2622 3565 2680 30.
3597 2623 3696 2694 19}

2124 2716 2275 2772 Tunc
2310 2723 2466 2771 vocat
2491 2714 2673 2771 Jesum
2723 2714 2887 2769 lilium
2929 2713 3110 2780 Nave,
3142 2724 3194 2769 et
3221 2714 3374 2784 jubet
3398 2714 3609 2769 dueere
3642 2730 3696 2783 lc

2122 2810 2332 2879 pulum,
2360 2823 2460 2864 nec
2489 2806 2673 2863 hostes
2695 2805 3003 2869 formidare,
3034 2821 3154 2861 cum
3185 2806 3348 2860 Deum
3369 2805 3619 2860 habeant
3642 2824 3695 2859 ar

2126 2902 2451 2958 xiliatorcm.
2481 2900 2837 2972 Prazcipitque
2868 2911 2925 2955 ut
2957 2902 3010 2954 in
3039 2899 3370 2970 scenopcgiis
3392 2901 3492 2954 toti
3529 2902 3695 2970 popul

2126 2994 2211 3049 lex
2243 2995 2469 3065 legatur.
2499 2992 2752 3049 Prardicit
2785 2993 2951 3064 Moysi
2981 2992 3142 3060 Deus,
3164 3002 3285 3062 post
3328 2993 3445 3063 ejus
3493 3006 3696 3047 morte:

2140 3085 2393 3157 populum
2422 3078 2582 3140 idOlis
2614 3085 2938 3141 serviturum
2963 3094 3015 3140 et
3042 3084 3371 3157 partiendum
3406 3084 3548 3140 fore.
3572 3084 3696 3140 Estt

2130 3182 2321 3250 inquit,
2353 3182 2454 3238 hoc
2483 3181 2773 3249 canticum,
2794 3180 2938 3252 quod
2959 3190 3144 3237 contra
3174 3181 3317 3250 ipsos
3351 3180 3696 3235 testimonia:

2130 3274 2286 3329 ferat.
2313 3271 2430 3329 Non
2458 3274 2601 3329 enim
2634 3287 2885 3343 umquam
2915 3272 3032 3342 ejus
3058 3272 3467 3326 obliviscentur.
3500 3271 3571 3326 Et
3595 3274 3696 3326 seri

2132 3368 2239 3438 psit
2266 3367 2476 3438 Moyses
2518 3365 2785 3420 canticum
2812 3407 2827 3433 ,
2873 3378 2926 3420 et
2957 3365 3208 3435 praedixit
3248 3365 3326 3419 eis
3367 3364 3512 3434 quod
3548 3364 3696 3432 iniqu

2129 3461 2237 3515 sint
2265 3463 2456 3515 acturi.
2501 3459 2598 3514 llic
2623 3459 2814 3530 legitur
2847 3476 2860 3512 :
2908 3476 2925 3510 ι
2961 3457 3063 3530 Ipsi
3110 3474 3196 3514 me
3223 3458 3288 3512 ad
3324 3459 3696 3513 mmulationci

2133 3561 2564 3623 provocaverunt
2592 3552 2645 3606 in
2677 3568 2782 3607 non
2817 3553 2927 3607 Deo
2953 3594 2969 3620 ,
2996 3561 3050 3607 ct
3073 3567 3171 3621 ego
3209 3550 3275 3606 ad
3320 3551 3696 3606 a'mulationel

2130 3646 2432 3717 provocabo
2461 3660 2555 3701 eos
2587 3646 2637 3699 in
2664 3661 2770 3701 non
2797 3655 2956 3717 gente
3004 3664 3022 3697 ι
3061 3644 3080 3716 (
3109 3644 3267 3700 Deut.
3295 3644 3382 3699 '52.
3412 3642 3535 3717 2i).
3566 3644 3696 3700 Julii

2134 3749 2218 3791 tur
2252 3737 2461 3807 Moyses
2488 3737 2784 3792 ascendere
2819 3737 2871 3791 in
2898 3744 3134 3791 montem
3165 3736 3405 3801 Abarim,
3436 3735 3536 3807 qui
3562 3738 3695 3791 etiam

2130 3830 2311 3885 Nabus
2341 3829 2652 3891 vocabatur.
2684 3839 2739 3885 et
2760 3829 2947 3884 videre
2974 3837 3173 3884 terram
3212 3827 3641 3899 promissionis:
3681 3844 3696 3883 ι

2133 3931 2414 3993 postquam
2445 3921 2681 3993 singulas
2712 3923 2880 3977 tribus
2909 3921 3272 3976 benedixissct
3295 3963 3310 3988 ,
3334 3929 3590 3977 mortuus
3618 3931 3696 3977 est

2133 4032 2400 4086 nemoque
2430 4016 2583 4070 novit
2611 4015 2916 4086 sepulcrum
2941 4015 3056 4083 ejus
3081 4014 3145 4069 ad
3175 4014 3313 4069 hanc
3331 4029 3506 4085 usque
3524 4015 3696 4070 diem’

2133 4111 2247 4166 Iluc
2274 4110 2525 4165 desinunt
2544 4110 2781 4181 quinque
2804 4108 2923 4163 libri
2955 4106 3152 4180 Moysis
3175 4150 3188 4174 ,
3216 4123 3352 4178 quos
3379 4108 3532 4164 solos
3570 4124 3696 4165 accc

2132 4211 2324 4275 perunt
2349 4200 2788 4271 admiseruntque
2824 4199 3121 4255 Samaritae.

2474 4329 2710 4372 SYNOPSIS
2734 4329 2869 4369 LIBRI
2899 4328 3022 4369 δεδι]
3054 4328 3178 4370 πίω
3207 4327 3369 4368 NAVE.

2202 4453 2428 4508 Jubetur
2449 4452 2605 4508 Jesus
2633 4452 2920 4522 prmcipere
2956 4449 3173 4520 populo,
3207 4456 3264 4502 ut
3289 4448 3388 4518 legi
3419 4447 3516 4502 Dei
3552 4460 3696 4503 alter

2132 4545 2242 4600 dat.
2269 4544 2425 4601 Mittit
2448 4544 2836 4614 exploratores,
2863 4543 2953 4613 qui
2982 4542 3182 4596 intrant
3212 4541 3262 4595 in
3301 4539 3541 4596 Jericho.
3600 4542 3696 4596 CUI

2133 4638 2185 4692 id
2198 4637 2434 4693 audisset
2448 4651 2545 4693 rex
2564 4636 2728 4702 urbis,
2750 4636 2893 4690 misit
2910 4636 2998 4706 qui
3014 4636 3155 4689 viros
3172 4634 3511 4703 requirerent
3526 4648 3555 4687 a
3582 4635 3696 4688 Raa

2136 4730 2438 4796 meretrice,
2465 4744 2583 4799 qua:
2609 4729 2753 4799 ipsos
2776 4737 3102 4798 susceperat.
3145 4724 3236 4779 Illa
3270 4740 3398 4778 vero
3421 4725 3695 4794 explet-au

2134 4840 2223 4881 res
2248 4823 2549 4879 occultavit.
2573 4822 2785 4891 Proque
2811 4822 2898 4875 illa
2928 4820 3094 4890 gratia
3137 4817 3287 4888 petiit
3318 4832 3416 4887 pro
3440 4816 3617 4873 domo
3645 4836 3696 4873 su

2134 4922 2381 4986 salutem,
2410 4932 2533 4973 cum
2582 4916 2711 4971 urbs
2751 4922 2906 4984 capta
2947 4914 3103 4968 foret.
3158 4911 3236 4965 Illi
3292 4922 3628 4965 armuerunt.
3672 4911 3696 4966 Il

2134 5028 2256 5067 cum
2302 5010 2718 5075 discessissent,
2772 5022 2891 5078 qum
2935 5013 3083 5075 gesta
3124 5012 3278 5058 erant
3324 5002 3696 5057 renuntiarum

2136 5102 2381 5172 Praecipit
2404 5101 2603 5171 popqu
2627 5108 2685 5154 ut
2727 5096 3011 5153 Jordancm
3054 5100 3308 5158 transeat,
3331 5100 3387 5147 et
3425 5091 3574 5147 sicco
3597 5093 3695 5162 ped

2136 5197 2484 5265 transierunt,
2506 5194 2811 5265 lapidesque
2827 5188 3106 5245 duodecim
3124 5188 3175 5242 in
3191 5185 3381 5242 castris
3400 5193 3696 5241 statuerunt

2138 5294 2249 5350 Hoc
2289 5292 2469 5348 audito
2505 5303 2659 5360 reges
2684 5286 3116 5343 Amorrhzeorum
3142 5282 3232 5353 qui
3261 5290 3411 5336 trans
3437 5279 3696 5337 Jordancr

2201 5464 2216 5494 ⁸
2240 5459 2295 5509 In
2316 5454 2631 5513 Coisliuiano,
2652 5450 3095 5513 Deuteronomium
3122 5444 3189 5513 ita
3211 5440 3403 5513 desinit
3427 5442 3696 5513 :_l(e).§~ie_;q

2136 5505 2583 5579 Μωῦἆῆξ-ἀνελθεῖν
2607 5505 2671 5570 sic
2694 5513 2749 5561 τὸ
2770 5513 2877 5579 ope;
2905 5512 2961 5558 τὸ
3007 5508 3247 5579 ξᾼουρεὶμτ,
3278 5507 3585 5579 ξικαὶηΝαᾲϐ

2168 5566 2365 5641 ὲῖᾱξέξᾶι
2386 5566 2485 5629 έῖδε
2501 5580 2588 5635 τὴν
2606 5566 2693 5638 γῆν
2714 5566 2811 5641 εῆξ
2831 5566 3135 5641 timaret;
3152 5566 3240 5616 κάῑ
3255 5568 3440 5631 εὐλογεῖ
3466 5566 3575 5623 τοὺς
3596 5569 3696 5614 υεω

2188 5633 2359 5711 σρὸιήλ,
2385 5641 2466 5692 καὶ
2487 5633 2683 5703 nime
2705 5639 2916 5694 Μωῡσῆς
2938 5634 3018 5682 καὶ
3042 5633 3286 5682 ϐάπτεται.
