3722 6274
97 238 208 296 333

97 347 420 421 ἐλευθερίας
440 351 551 406 τῶν
570 350 952 420 δουλευόντων,
983 357 1110 425 περὶ
1152 356 1533 427 πρωτοτόκων,
1553 354 1685 425 περὶ

97 437 199 492 τοῦ
228 438 439 511 πάσχα.
474 441 737 497 Ἐνταῦθα
767 445 945 497 κεῖται
971 442 1055 510 τὸ,
1078 445 1162 496 Οὐ
1199 443 1441 511 δυνήσῃ
1476 442 1546 496 τὸ
1576 440 1685 493 mi-

97 530 448 599 σκα-ποιεῖν
471 544 497 573 ι
517 533 588 586 ὲν
608 532 854 604 οὐδεμιᾷ
884 533 1004 588 τῶν
1030 536 1261 589 πόλεων
1290 529 1380 589 ὧν
1415 535 1628 603 Κύριος
1651 535 1684 587 ὁ

98 621 255 687 Θεός
284 636 405 676 σου
428 622 644 677 δίδωσί
678 640 798 691 σοι,
837 625 975 680 ἀλλ’
1002 628 1088 692 εὶς
1124 626 1231 680 τὸν
1268 626 1452 680 τόπον
1495 624 1568 679 ὃν
1608 625 1686 679 ἂν

94 711 425 781 ἐκλέξηται
454 715 670 783 Κύριος
702 719 735 771 ό
763 719 909 784 Θεός
940 731 1077 771 σου.
1104 718 1237 789 Περὶ
1265 717 1362 787 τῆς
1392 717 1499 770 τῶν
1529 716 1683 771 5650-

95 804 309 872 μάδων,
358 806 486 878 περὶ
529 807 632 878 τῆς
675 807 784 863 τῶν
837 809 1240 880 σκηνοπηγιῶν,
1288 810 1414 881 περὶ
1456 810 1680 882 κριτῶν,

92 897 228 967 περὶ
258 896 544 966 βασιλέων,
576 900 631 952 εί
659 918 789 954 ποτε
815 900 1020 955 ἔλθοιεν
1044 903 1123 966 είς
1145 902 1436 972 ἐπιθυμίαν
1468 902 1564 956 τοῦ
1592 903 1682 974 βα-

94 982 347 1036 σιλεῦσαί
382 1001 522 1039 τινα.
557 987 691 1058 Περὶ
724 988 986 1055 Λευῖτῶν,
1015 990 1108 1043 καὶ
1141 983 1217 1043 ὧν
1239 990 1510 1060 ὀφείλουσι
1541 991 1680 1063 λαμ-

90 1075 303 1131 ϐάνειν.
329 1080 401 1133 Πε
408 1082 463 1151 pl
481 1080 575 1133 τοῦ
602 1082 676 1151 μὴ
690 1082 801 1136 δεῖν
820 1086 931 1148 τοῖς
950 1084 1262 1154 λεγομένοις
1284 1084 1634 1156 καθαρισταῖς
1649 1086 1677 1124 δ

90 1170 420 1241 κεχρῆσθαι,
439 1173 474 1244 ἢ
492 1174 782 1240 ἐπαοιδοῖς,
806 1175 839 1247 ἢ
864 1176 1143 1247 μαντείαις
1165 1178 1197 1249 ἢ
1222 1176 1542 1248 κληδόσιν,ἢ
1566 1180 1676 1241 τοῖς

87 1261 381 1326 τοιούτοις.
414 1265 676 1319 Ἐνταῦθα
706 1269 881 1321 κεῖται
901 1268 984 1333 τὸ,
1013 1268 1335 1339 Προφήτην
1360 1268 1503 1339 ὑμῖν
1527 1270 1675 1324 ἀνα-

91 1354 315 1421 στήσει
360 1358 395 1409 ό
437 1358 581 1421 Θες“ς
609 1358 687 1424 ὡς
716 1358 841 1429 ἐμέ.
884 1361 991 1413 Kal
1027 1361 1157 1431 περὶ
1192 1361 1301 1414 τῶν
1339 1360 1675 1432 φυγαδευτη-

94 1444 228 1513 ρίων
286 1447 495 1501 πόλεων
539 1448 897 1507 διατάττεται.
952 1452 1215 1506 Ἐνταῦθα
1283 1455 1479 1517 κεῖται,
1541 1453 1681 1507 Ἐπί

88 1543 393 1612 στόματος
433 1543 542 1599 δύο
590 1544 907 1614 μαρτύρων
953 1544 1052 1599 καὶ
1096 1545 1273 1614 τριῶν
1306 1546 1672 1612 σταθήσεται

89 1635 217 1689 πᾶν
232 1635 419 1705 ῥῆμα.
452 1638 562 1691 Καὶ
590 1639 719 1707 περὶ
745 1638 852 1692 τῶν
875 1637 1484 1711 ψευδομαρτυρούντων,
1513 1640 1566 1692 τί
1592 1640 1673 1693 δεῖ

89 1727 325 1797 πάσχειν
347 1725 566 1791 αύτούς.
606 1726 956 1791 Ἐπιστάντος
989 1727 1247 1798 πολέμου,
1278 1727 1423 1796 λέγει
1452 1726 1571 1781 τίνα
1590 1726 1672 1780 δεῖ

86 1818 417 1888 ἐκπέμπειν,
479 1819 574 1873 καὶ
626 1818 702 1891 μὴ
766 1819 985 1889 ἀφιέναι
1042 1820 1411 1891 συμπολεμεῖν
1458 1820 1665 1885 αὐτοῖς.

88 1911 357 1980 Παραινεῖ
393 1912 469 1983 μὴ
504 1911 843 1983 ἀναιρεῖσθαι
872 1914 997 1976 τοὺς
1018 1910 1307 1983 πολεμίους
1330 1912 1664 1967 ὑποπίπτον-

83 2019 206 2067 τας,
236 2002 380 2073 πλὴν
405 2002 514 2056 τῶν
536 2003 675 2057 ἐπτά
697 2003 887 2059 ἐθνῶν.
924 2005 1033 2058 Καὶ
1058 2002 1159 2068 τὰς
1191 2003 1291 2075 μὲν
1322 2003 1501 2070 πόλεις
1521 2005 1664 2059 ἀπά-

47 2094 209 2155 -ἷσας,
235 2091 458 2146 ἐπειδὰν
480 2092 660 2163 ἐλητε,
687 2093 840 2163 φησὶ,
874 2092 1188 2156 σκυλεύετε,
1212 2094 1279 2148 τὰ
1298 2095 1501 2166 ἄρρενα
1528 2095 1664 2167 μόνα

12 2190 15 2191 ⁷
80 2184 459 2256 ἀναιροῦντες.
498 2186 592 2238 Ἐκ
621 2184 679 2239 δὲ
708 2184 933 2251 τούτων,
966 2179 1042 2240 ὧν
1064 2186 1163 2258 τὴν
1184 2186 1288 2257 γῆν
1315 2187 1664 2260 κληρονομεῖ-

77 2295 164 2341 τε,
204 2277 414 2347 μηδένα
450 2276 769 2350 ζωγρήσητε
802 2280 1127 2350 ἐμπνέοντα.
1163 2282 1503 2353 Καρποφόρα
1532 2282 1661 2348 ξύλα

81 2369 161 2439 μὴ
186 2368 433 2438 τέμνετε,
458 2367 643 2440 φησὶν,
665 2369 745 2432 είς
762 2368 824 2422 τὸ
844 2368 1014 2440 πῆξαι
1038 2371 1255 2443 χάρακα
1278 2372 1335 2425 ἐν
1356 2372 1656 2445 πολιορκίᾳ.

80 2460 151 2512 Et
188 2477 274 2523 τις
314 2459 509 2531 εὐρεθῇ
540 2460 957 2532 πεφονευμένος,
990 2464 1019 2516 6
1048 2463 1106 2517 δὲ
1134 2464 1397 2533 φονεύσας
1427 2464 1501 2536 μὴ
1538 2467 1663 2535 φαί-

77 2568 262 2614 νοιτο,
308 2550 588 2622 νομοθετεῖ
632 2553 685 2607 τί
730 2554 813 2608 δεῖ
860 2554 1125 2623 γίνεσθαι.
1179 2555 1306 2610 Ἐὰν
1349 2556 1406 2610 δέ
1447 2574 1532 2621 τις
1567 2558 1661 2612 δύο

77 2644 222 2714 ἔχων
268 2646 553 2713 γυναῖκας,
604 2646 703 2719 τὴν
750 2646 847 2718 μὲν
890 2648 1116 2720 μισήσῃ,
1162 2647 1428 2723 ἀγαπήσῃ
1474 2651 1659 2723 δὲτὴν

75 2735 301 2807 ἑτέραν,
338 2736 433 2788 καὶ
468 2735 648 2808 συμϐῇ
680 2735 771 2789 τὸν
795 2737 894 2808 τῆς
928 2726 1260 2810 μισουμένης
1293 2735 1429 2795 εἶναι
1452 2742 1659 2815 πρωτό-

70 2846 258 2892 τοκον,
306 2827 381 2900 μὴ
425 2828 796 2899 προτιμείσθω
838 2829 1003 2883 αὑτοῦ
1046 2831 1075 2884 6
1128 2831 1226 2902 τῆς
1271 2832 1653 2906 ἠγαπημένης.

73 2919 214 2992 Περὶ
251 2920 371 2973 υῖοῦ
418 2919 696 2985 ἀπειθοῦς.
744 2918 1007 2976 Ἐνταῦθα
1037 2925 1231 2986 κεῖται,
1268 2925 1656 2995 Ἐπικατάρα-

74 3030 179 3079 τος
209 3011 332 3078 πᾶς
367 3014 400 3066 ὁ
437 3014 802 3082 κρεμάμενος
823 3013 920 3066 ἐπὶ
942 3013 1149 3077 ξύλου.
1188 3016 1339 3070 Ἐπεὶ
1366 3013 1458 3071 οὖν
1483 3018 1656 3074 ἔκειτο

70 3106 295 3177 κατάρα
325 3108 436 3168 τοῖς
471 3106 544 3177 μὴ
571 3105 901 3176 φυλάσσουσι
930 3106 1021 3159 τὸν
1050 3108 1233 3179 νόμον,
1273 3109 1655 3180 Ἐπικατάρα-

70 3216 175 3264 τος
212 3196 329 3263 πᾶς
363 3197 431 3263 ὃς
469 3200 579 3253 οὐκ
617 3197 853 3267 ἐμμένει
893 3198 1043 3254 πᾶσι
1081 3199 1204 3267 τοῖς
1232 3203 1652 3272 γεγραμμένοις

70 3293 139 3344 ἐν
176 3290 261 3355 τῷ
288 3290 505 3357 ,ϐιϐλίῳ
541 3288 749 3355 τούτῳο
783 3290 911 3361 περὶ
942 3290 1035 3343 τοῦ
1078 3291 1242 3363 νόμου
1275 3292 1447 3363 λέγων
1486 3295 1663 3347 Μωῦ-.

72 3384 191 3455 τῆς·
242 3383 341 3437 καὶ
380 3380 479 3454 τὴν
524 3382 767 3454 κατάραν
794 3383 1009 3453 ἐκείνην
1046 3382 1147 3437 οὐκ
1176 3383 1301 3455 ἐνῆν
1341 3385 1525 3440 λαϐεῖν
1560 3386 1652 3440 τὸν

72 3475 329 3547 Χριστόνο
361 3474 644 3547 ἐπλήρωσε
673 3474 780 3547 γὰρ
810 3475 900 3527 τὸν
925 3475 1107 3545 νόμον,
1132 3476 1377 3548 κατάραν
1407 3479 1652 3551 κατάρας

69 3567 441 3639 ἀντηλλάξατο
466 3567 794 3638 κρεμασθεῖς
823 3567 915 3620 ἐπὶ
946 3567 1122 3634 ξύλου.
1151 3569 1287 3639 Περὶ
1321 3570 1412 3622 τοῦ
1440 3573 1513 3641 μὴ
1541 3572 1652 3627 δεῖν

72 3663 210 3734 μηδὲ
267 3660 378 3714 τῶν
433 3661 641 3732 ἐχθρῶν
694 3660 762 3715 τά
812 3660 980 3730 ἄλογα
1037 3664 1303 3734 παρορᾷν,
1352 3665 1446 3717 καὶ
1490 3665 1651 3736 ἕτερα

71 3756 373 3828 νομοθετεῖ,
406 3755 499 3809 καὶ
539 3755 666 3828 περὶ
704 3755 956 3827 γαμικῶν
984 3756 1286 3826 διαλέγεται
1314 3759 1515 3829 νόμων,
1555 3762 1651 3815 καὶ

68 3849 343 3921 τιμωρίας
367 3848 547 3920 τίθησι
577 3848 718 3903 κατά
742 3848 850 3901 τῶν
877 3848 1203 3919 ὑϐριζόντων
1232 3850 1311 3916 είς
1328 3852 1647 3924 παρθένους.

69 3943 233 4005 Τίνας
292 3940 489 3993 κωλύει
530 3940 605 4012 μὴ
649 3941 874 3995 εἰσιέναι
900 3940 980 4005 είς
1013 3940 1327 4013 ἐκκλησίαν,
1377 3943 1469 3997 καὶ
1520 3943 1650 4015 περὶ

66 4034 275 4103 ἐτέρων
333 4030 626 4103 νομοθετεῖ,
677 4032 770 4085 καὶ
818 4032 944 4103 περὶ
992 4030 1087 4085 τοῦ
1134 4032 1208 4104 μὴ
1247 4033 1433 4088 λαϐεῖν
1469 4036 1643 4091 τόκον.

65 4125 204 4197 Περὶ
233 4123 332 4177 τοῦ
364 4121 439 4195 μὴ
471 4121 738 4196 χρονίζειν
770 4125 827 4177 ἐν
854 4125 974 4187 ταῖς
1001 4124 1109 4179 τῶν
1138 4124 1311 4197 εὐχῶν
1338 4126 1646 4194 ἀποδόσεσι,

64 4218 177 4271 ἀλλ’
206 4219 350 4288 ὅπερ
378 4216 443 4271 ἄν
469 4234 551 4281 τις
572 4215 813 4289 εὔξηται,
841 4216 1041 4282 εὐθέως
1063 4218 1365 4272 ἀποτελεῖν.
1396 4218 1531 4290 Περὶ
1550 4219 1648 4288 τῆς

65 4310 331 4378 γυναικὸς
361 4309 459 4381 τῆς
486 4308 867 4380 λαμϐανούσης
908 4308 1109 4381 βιϐλίον
1138 4310 1492 4375 ἀποστασίου,
1520 4310 1648 4381 περὶ

63 4404 360 4475 ἐνεχύρων,
388 4402 519 4473 περὶ
547 4402 772 4473 κλοπῆς,
800 4402 929 4476 περὶ
961 4401 1155 4473 μισθοῦ
1188 4400 1481 4474 μισθωτοῦ,
1519 4402 1647 4475 περὶ

62 4492 337 4571 ᾆρςρανοῦ,
408 4494 535 4567 περὶ
593 4495 802 4568 χήρας,
864 4494 991 4567 περὶ
1056 4494 1151 4549 τοῦ
1214 4494 1645 4566 καταλιμπάνειν

65 4586 447 4658 σταχυολογεῖν
477 4585 573 4640 καὶ
604 4586 918 4658 ραγολογεῖν
943 4588 1055 4651 τοῖς
1092 4586 1336 4659 πένησιν.
1384 4587 1644 4643 Ἐνταῦθα

64 4683 230 4734 κεῖται
274 4677 415 4761 περὶι
443 4677 537 4732 τοῦ
576 4677 650 4751 μὴ
689 4677 797 4731 δεῖν
849 4677 1009 4731 πλέον
1050 4677 1200 4751 [558]
1238 4679 1644 4749 τεσσαράκοντα

59 4772 361 4844 λαμϐάνειν
387 4770 477 4824 τὸν
509 4769 908 4840 ἐγκαλούμενον
942 4770 1070 4841 περὶ
1100 4769 1310 4832 ἀδικίας
1338 4771 1500 4832 τινός.
1536 4770 1642 4823 Kal

59 4868 181 4935 περὶ
231 4862 334 4919 τοῦ
381 4862 455 4934 μὴ
505 4861 703 4935 φιμοῦν
750 4859 875 4933 βοῦν
924 4862 1186 4925 ἀλοῶντα,
1231 4861 1326 4915 καὶ
1377 4861 1504 4932 περὶ
1546 4860 1640 4915 τοῦ

55 4958 296 5030 ἐγείρειν
332 4954 553 5026 σπέρμα
580 4953 658 5025 τῷ
691 4953 945 5008 τεθνεῶτι
984 4951 1196 5023 ἀδελφῷ
1234 4952 1321 5006 τὸν
1358 4953 1642 5007 ὑπολειπό-

55 5070 234 5121 μενον,
274 5048 374 5104 καὶ
404 5049 458 5101 τί
488 5047 735 5103 πείσεται
775 5049 823 5102 εί
865 5047 941 5118 μὴ
974 5045 1213 5117 βούλοιτο
1246 5047 1473 5118 ἐγεῖραι.
1506 5048 1643 5118 Περὶ

53 5141 338 5213 σταθμῶν,
378 5138 508 5212 περὶ
559 5139 793 5211 μέτρων.
835 5138 968 5210 Περὶ
1004 5137 1098 5193 τοῦ
1137 5137 1511 5211 ἐξολοθρεῦσαι
1550 5139 1640 5191 τὸν

63 5235 342 5305 Ἄμαλήκ.
367 5233 503 5304 Περὶ
532 5232 817 5304 ἀπαρχῶν,
847 5233 978 5304 περὶ
1006 5229 1412 5303 φιλανθρωπίας
1438 5231 1536 5301 τῆς
1561 5231 1641 5293 είς

104 5518 130 5545 ⁸
159 5517 214 5565 In
240 5512 626 5577 Bibliislegilur
647 5513 703 5563 οὐ
728 5514 906 5577 δυνήσῃ
933 5513 1074 5564 θῦσαι
1098 5514 1152 5562 τὸ
1175 5514 1357 5577 πάσχα.

104 5526 130 5545 ⁸
159 5526 214 5565 In
242 5526 427 5565 umms
445 5526 491 5562 Ie
530 5526 626 5563 Itur
647 5526 703 5563 ου
728 5526 906 5577 συνήσῃ
933 5526 1074 5564 θυσαι
1098 5531 1152 5562 το
1175 5531 1243 5563 πα
1310 5530 1357 5561 α.

100 5577 128 5618 b
150 5579 275 5647 ﬂre
293 5526 897 5647 αυωιὶηῗευιετοηριηίο
931 5577 1176 5647 ὺαοεηιυς
1198 5530 1412 5647 c.?8,~v.
1438 5573 1513 5647 10‘,
1551 5575 1638 5647 οῦκ

49 5641 359 5713 εθρεθῆρεται
405 5638 453 5707 ἐν
489 5638 571 5713 yol
598 5640 944 5713 περικαθαίρων
976 5640 1059 5687 τὸν
1098 5639 1201 5712 υίδν
1228 5638 1394 5713 αὐτοῦ,
1428 5638 1508 5709 καὶ
1552 5638 1637 5694 τήν

42 5698 276 5766 θυγατέρα
301 5698 453 5749 αὐτοῦ
483 5700 531 5748 ἐν
558 5698 686 5765 πυρί,
712 5715 805 5751 una
831 5698 945 5751 {oce
971 5700 1205 5765 exprimit
1226 5698 1542 5761 καθαρισταῖς.

1163 240 1501 300 SYNOPSIS
1541 238 1967 299 εοιιιρτυιιιιε
2002 242 2279 304 εΑΕΒιΕ.

3258 244 3366 307 πο

1800 357 1973 428 χήρας
1992 360 2087 414 καὶ
2107 360 2395 432 ὀρφανούς.
2431 359 2708 417 Ἐντεῦθεν
2728 361 2911 418 λοιπὸν
2928 363 2983 417 αί
3008 360 3240 433 κατάραι
3268 363 3365 418 καὶ

1791 449 2051 519 εὐλογίαι.
2092 454 2149 507 αἱ
2196 455 2294 524 μὲν
2343 455 2767 527 παρακούουσιν,
2802 457 2859 509 αῖ
2903 456 2960 509 δέ
3000 455 3362 527 πειθομένοις.

1791 541 1900 595 Kal
1934 543 2142 615 μακρὸν
2164 545 2435 600 ἀποτείνει
2456 546 2612 616 λόγον
2648 547 2776 618 περὶ
2801 546 2909 601 τῶν
2938 546 3237 618 μελλόντων
3264 547 3363 602 αύ-

1788 634 1916 698 τοὺς
1946 636 2280 707 διαδέχεσθαι
2299 638 2504 693 κακῶν.
2529 638 2699 693 Τοῦτο
2725 638 2923 709 συνέϐη
2946 638 3041 692 ἐπὶ
3061 639 3361 712 ’Δσσυρίων

1790 724 1886 778 καὶ
1922 726 2297 783 Βαϐυλωνίων.
2332 727 2406 781 Τὸ
2434 728 2492 783 δέ
2521 728 2647 793 τοὺς
2688 726 2838 792 υἱοὺς
2871 729 3085 797 φαγεῖν,
3118 729 3176 782 ἐν
3207 728 3362 782 πολι⁶

1788 816 2001 888 ορκίαις
2043 818 2225 891 ἐξέϐη.
2280 819 2384 874 Kal
2430 804 2595 874 αὐτοῦ
2642 820 2916 890 μέμνηται
2955 819 3190 874 ἐνταῦθα
3231 819 3360 892 περὶ

1786 907 1882 961 τοῦ
1918 910 2175 980 Χριστοῦ.
2206 913 2437 979 Ἔσται,
2457 912 2641 983 φησὶν,
2678 911 2716 979 ἡ
2739 909 2849 978 ζωή
2880 926 2997 966 σου
3025 910 3359 982 κρεμαμένη

1786 1002 1900 1069 πρὸ
1937 1002 2259 1074 ὀφθαλμῶν
2304 1020 2439 1060 σου.
2479 1004 2743 1060 Ἐνταῦθα
2786 1009 2982 1071 κεῖται,
3014 1006 3108 1071 Μή
3124 1000 3360 1072 τιςριῖα

1784 1097 2044 1163 πικρίας,
2076 1091 2136 1150 οὗ
2176 1097 2270 1150 καὶ
2303 1099 2333 1150 6
2361 1098 2571 1162 Παῦλος
2604 1098 3009 1169 ἐμνημόνευσεν
3033 1097 3093 1152 ἐν
3122 1096 3189 1166 τῇ
3219 1093 3358 1166 πρὸς

1797 1179 2098 1256 Ἐϐραίους.
2136 1188 2398 1243 Ἐνταῦθα
2436 1192 2634 1252 κεῖται,
2670 1189 2746 1244 Τὰ
2781 1189 3017 1259 κρυπτὰ
3050 1188 3244 1256 Κυρίῳ
3274 1184 3359 1253 τῷ

1785 1279 1926 1345 Θεῷ,
1961 1282 2033 1334 τὰ
2071 1280 2140 1333 δὲ
2176 1283 2404 1351 φανερὰ
2443 1282 2586 1352 ὑμῖν
2621 1284 2719 1337 καί
2750 1282 2876 1348 τοῖς
2906 1280 3137 1347 τέκνοις
3166 1280 3353 1350 ὑμῶν.

1784 1372 1912 1426 Ὅτι
1932 1374 1970 1440 ὴ
1995 1374 2215 1443 ἐντολὴ
2236 1376 2443 1435 αὑτοῦ,
2458 1375 2673 1445 φησὶνο,
2691 1376 2799 1429 οὐκ
2812 1372 2981 1428 ἔσται
3001 1372 3351 1442 ὑπέρογκος.

1785 1466 1906 1518 οὐκ
1926 1466 1996 1519 ἐν
2021 1466 2101 1532 τῷ
2127 1467 2381 1535 οὐρανῷ,
2404 1468 2505 1522 ἵνα
2531 1469 2725 1536 εῖπῃς,
2754 1467 2855 1533 Τίς
2879 1464 3244 1533 ἀναϐήσεται
3266 1465 3354 1528 εις

1779 1558 1885 1611 τὸν
1918 1559 2218 1625 οὺρανόν;
2260 1559 2403 1613 οὐδὲ
2438 1559 2628 1627 πέραν
2665 1557 2773 1627 τῆς
2815 1557 3156 1624 θαλάσσης,
3213 1555 3353 1610 ἀλλ’

1777 1648 1957 1718 ἐγγύς
1995 1666 2111 1703 σου
2153 1652 2221 1705 τὸ
2263 1649 2426 1720 ῥῆμὰ
2468 1649 2637 1705 ἐστιν
2676 1651 2747 1704 ἐν
2790 1647 2869 1714 τῷ
2913 1648 3165 1717 στόματί
3211 1660 3349 1701 σου.
3420 1660 3425 1661 ’

1778 1741 1962 1796 Ταῦτα
1992 1743 2121 1814 περὶ
2145 1742 2244 1813 τῆς
2267 1742 2497 1813 νομικῆς
2525 1742 2744 1812 ἐντολῆς
2790 1740 3055 1812 εἰρημένα
3102 1739 3351 1793 εἵλκυσεν

1777 1832 1857 1896 είς
1885 1833 1982 1903 τὴν
2011 1833 2193 1888 πίστιν
2215 1832 2316 1902 τὴν
2341 1833 2421 1896 είς
2449 1831 2684 1901 Χριστὸν
2714 1833 2743 1885 6
2765 1830 2996 1894 Παῦλος’
3028 1828 3352 1898 Διαμαρτύ-

1767 1940 1949 1993 ρομαι
1974 1924 2136 1995 ὑμῖν,
2159 1924 2314 1994 φησὶ,
2338 1924 2447 1978 τὸν
2477 1922 2740 1992 οὐρανόν
2766 1922 2865 1977 καί
2892 1921 3007 1989 τὴν
3027 1920 3165 1992 τῆν,
3191 1919 3351 1974 ὥστε

1773 2013 2015 2084 ἀγαπᾷν
2042 2015 2150 2070 τὸν
2171 2015 2338 2069 Θεόν.
2366 2012 2500 2067 Τότε
2528 2012 2681 2067 καλεῖ
2706 2014 2800 2068 τὸν
2830 2011 3036 2085 Ἰησοῦν
3058 2012 3148 2065 τὸν
3166 2010 3345 2081 Ναυῆ,

1774 2105 1868 2158 καὶ
1905 2104 2207 2159 ἐντέλλεται
2233 2104 2483 2176 ἡγεῖσθαι
2513 2102 2609 2158 τοῦ
2643 2103 2797 2171 λαοῦ,
2824 2103 2917 2158 καὶ
2950 2103 3024 2174 μὴ
3063 2101 3346 2173 φοϐεῖσθαι

1771 2196 1896 2259 τοὺς
1926 2196 2239 2267 πολεμίους,
2260 2196 2392 2250 Θεὸν
2424 2195 2645 2268 ἔχοντας
2676 2194 2887 2266 βοηθόν.
2927 2192 3032 2248 Kal
3068 2196 3348 2264 παραινεῖ,

1771 2286 1912 2341 ὥστε
1949 2290 2006 2343 ἐν
2037 2292 2159 2353 ταῖς
2200 2292 2594 2362 σκηνοπηγίαις
2624 2289 2787 2344 παντὶ
2811 2287 2891 2358 τῷ
2923 2285 3035 2358 λαῷ
3061 2287 3153 2340 τὸν
3182 2286 3346 2357 νόμον

1771 2380 2259 2450 ἀναγινώσκεσθαι.
2305 2382 2567 2453 Προλέγει
2623 2380 2701 2453 τῷ
2747 2382 2955 2452 Μωῦσῇ
3001 2382 3030 2434 6
3077 2378 3228 2442 Θεὸς,
3262 2377 3345 2432 δτι

1773 2473 1913 2545 μετὰ
1960 2474 2189 2528 θάνατον
2245 2473 2411 2528 αὐτοῦ
2462 2476 2492 2527 6
2543 2474 2671 2539 λαὸς
2736 2472 3202 2543 είδωλολατρήσει,
3248 2468 3345 2524 καὶ

1768 2564 2187 2636 κολασθήσεται.
2209 2566 2391 2620 Ἔστω
2419 2561 2534 2632 οὖν,
2566 2567 2751 2637 φησὶν,
2774 2568 2809 2637 ὴ
2843 2564 2958 2637 ᾠδὴ
2995 2562 3138 2635 αῦτη
3176 2580 3343 2617 κατα-

1771 2657 2122 2730 μαρτυροῦσα
2152 2658 2352 2715 αὐτῶν.
2398 2661 2475 2713 Οὐ
2521 2660 2630 2731 γάρ
2678 2675 2811 2712 ποτε
2856 2656 3110 2728 λήσονται
3148 2653 3341 2723 αὐτῆς.

1767 2752 1878 2805 Kal
1908 2750 2114 2822 ἔγραψε
2134 2751 2375 2821 Μωῦσῆς
2401 2751 2499 2821 τὴν
2526 2750 2688 2822 ᾠδὴν,
2721 2750 2816 2805 καὶ
2848 2750 3105 2820 προεῖπεν
3132 2746 3340 2814 αὐτοῖς,

1765 2846 2246 2917 δτιηάνομήσουσιν.
2289 2845 2548 2899 Ἐνταῦθα
2574 2847 2768 2898 κεῖται·
2799 2842 2977 2897 Αὐτοὶ
3008 2838 3341 2909 παρεζήλω-

1764 2939 1887 2994 σάν
1902 2956 1980 3009 με
2001 2938 2094 2994 ἐπ’
2113 2941 2186 2994 οὺ
2218 2939 2360 3005 Θεῷ,
2393 2937 2555 3007 κάγὼ
2576 2934 2980 3004 παραζηλώσω
2998 2932 3220 2998 αὐτοὺς
3242 2933 3339 2986 ἐπ’

1764 3032 1876 3086 οὐκ
1906 3031 2082 3085 ἔθνει.
2133 3028 2426 3083 Κελεύεται
2468 3026 2710 3095 Μωῦσῆς
2739 3024 2980 3099 ἀνελθεῖν
3012 3024 3091 3087 είς
3123 3022 3185 3075 τὺ
3213 3021 3342 3093 ὅρος

1761 3122 1823 3175 τὸ
1859 3122 2139 3192 ’Λϐαρεὶμ,
2166 3121 2195 3174 δ
2222 3122 2317 3174 καὶ
2347 3119 2527 3173 Ναϐαὶ
2563 3118 2801 3186 ἐλέγετο,
2831 3114 2926 3170 καὶ
2955 3114 3081 3168 ίδεῖν
3107 3112 3206 3183 τὴν
3233 3112 3339 3183 γῆν

1762 3214 2111 3282 ἐπαγγελίας
2147 3214 2242 3266 καὶ
2278 3212 2578 3281 εὐλογήσας
2611 3209 2849 3278 ἑκάστην
2888 3205 3081 3275 φυλὴν,
3127 3202 3338 3257 ἐτελεύ-

1760 3320 1915 3375 τησε’
1953 3304 2046 3357 καὶ
2075 3304 2174 3358 οὐκ
2205 3298 2344 3356 εἶδεν
2375 3299 2549 3363 οὐδεὶς
2577 3298 2675 3367 τὴν
2708 3294 2888 3365 ταφὴν
2918 3291 3082 3348 αὐτοῦ
3110 3291 3212 3354 ἐως
3238 3290 3335 3361 τῆς

1759 3395 1974 3467 ἡμέρας
2003 3393 2227 3462 ταύτης.
2262 3390 2527 3447 Ἐνταῦθα
2550 3386 2939 3457 ἐτελειώθησαν
2967 3386 3039 3439 τὰ
3066 3385 3224 3439 πέντε
3253 3384 3335 3455 βι-

1762 3486 1887 3540 ϐλία
1908 3485 2209 3549 Μωῦσέως,
2240 3483 2277 3540 ἂ
2305 3483 2442 3554 μόνα
2470 3480 2717 3549 ἐδέξαντο
2739 3480 2789 3532 οί
2810 3477 3137 3550 Σαμαρῖται.

2046 3690 2313 3757 Σύνοψις
2345 3684 2454 3740 τοῦ
2487 3683 2683 3752 Ἰησοῦ
2713 3683 2821 3738 τοῦ
2858 3679 3052 3750 Ναυῆ.

1829 3863 2128 3917 Κελεύεται
2157 3860 2185 3901 ἀ
2219 3858 2424 3931 Ἰησοῦς
2459 3856 2764 3911 διατάττειν
2789 3853 2868 3923 τῷ
2896 3853 3032 3923 λαῷ,
3058 3850 3136 3923 τῷ
3163 3867 3222 3904 τε
3247 3851 3334 3905 νό-

1762 3973 1847 4026 μῳ
1892 3953 1986 4007 τοῦ
2029 3951 2164 4005 Θεοῦ
2200 3950 2512 4023 προσέχειν.
2544 3948 2760 4017 Πέμπει
2797 3942 3191 4004 κατασκόπους·
3222 3942 3334 3994 είσ-

1756 4046 1918 4117 ῆλθον
1944 4048 2025 4108 είς
2055 4044 2155 4115 τὴν
2193 4039 2419 4112 Ἰεριχώ.
2467 4038 2728 4101 Ἀκούσας
2766 4039 2794 4090 6
2830 4034 3080 4105 βασιλεὺς
3106 4033 3206 4101 τῆς
3227 4033 3329 4085 πό-

1755 4138 1911 4203 λεως,
1960 4136 2193 4205 ἔπεμψε,
2236 4131 2415 4203 ζητῶν
2464 4132 2590 4193 τοὺς
2634 4128 2832 4199 ἄνδρας
2869 4125 3022 4197 παρὰ
3058 4123 3223 4178 Ῥαὰϐ
3259 4124 3328 4195 τῇ

1756 4231 1931 4302 πόρνῃ
1957 4230 2023 4299 τῇ
2055 4223 2445 4296 ὑποδεξαμένῃ.
2495 4223 2561 4275 Ἠ
2598 4220 2654 4273 δὲ
2685 4218 2888 4290 ἔκρυψε
2917 4217 3041 4280 τοὺς
3061 4214 3332 4270 κατασκό-

1755 4339 1909 4387 πους.
1940 4320 2051 4374 Kal
2082 4318 2205 4372 ἀντὶ
2228 4315 2432 4387 ταύτης
2458 4315 2557 4386 τῆς
2584 4313 2802 4385 χάριτος
2829 4311 2997 4382 ᾔτησε
3026 4308 3123 4379 τὴν
3153 4323 3331 4377 σωτη-

1756 4412 1876 4485 ρίαν
1922 4410 2023 4481 τῆς
2067 4405 2245 4470 οἰκίας
2277 4404 2468 4475 αὐτῆς,
2506 4403 2634 4458 ὅταν
2678 4403 2713 4473 ἡ
2757 4399 2911 4463 πόλις
2940 4397 3138 4469 ληφθῇ·
3175 4396 3224 4450 οῖ
3270 4395 3328 4449 δὲ

1754 4502 2070 4558 ἐπένευσαν.
2104 4499 2217 4555 Kal
2234 4497 2555 4561 ἀπελθόντες
2580 4493 2918 4567 ἀπήγγειλαν
2941 4491 3008 4546 τὰ
3038 4490 3324 4561 γενόμενα.

1754 4591 2128 4661 Παραγγέλλει
2161 4587 2239 4661 τῷ
2262 4586 2399 4659 λαῷ,
2435 4586 2576 4640 ὥστε
2611 4583 2860 4656 διαϐῆναι
2896 4580 2986 4636 τὸν
3034 4578 3327 4651 Ἰορδάνην,

1753 4684 1848 4739 καὶ
1888 4682 2147 4752 διέϐησαν
2191 4679 2283 4732 ἐπὶ
2320 4677 2512 4749 ξηρᾶς,
2554 4674 2645 4727 καὶ
2683 4672 2863 4734 λίθους
2893 4670 3127 4740 ἔστησαν
3165 4669 3224 4721 ἐν
3260 4669 3329 4739 τῇ

1755 4771 2142 4845 στρατοπεδείᾳ
2184 4768 2410 4823 δώδεκα.
2464 4764 2819 4828 ’Δκούσαντες
2863 4763 2911 4815 οῖ
2956 4759 3194 4831 βασιλεῖς
3220 4756 3329 4812 τῶν

1763 4866 2106 4939 ’Δμορῤαίων
2136 4860 2287 4935 [559]
2313 4861 2360 4915 οί
2396 4860 2569 4930 πέραν
2597 4856 2690 4910 τοῦ
2727 4854 3012 4927 Ἰορδάνου,
3036 4852 3131 4906 καὶ
3158 4851 3207 4904 οἱ
3234 4849 3327 4920 βα-

1753 4961 1920 5025 σιλεῖς
1951 4958 2049 5027 τῆς
2075 4955 2347 5025 Φοινίκης,
2373 4953 2454 5006 ὅτι
2483 4950 2571 5004 διά
2593 4949 2763 5021 ξηρᾶς
2789 4946 3045 5018 διέϐησαν
3074 4945 3165 4999 τὸν
3204 4944 3330 5016 Ἰορ-

1749 5049 1934 5120 δάνην,
1957 5045 2357 5115 κατετάκησαν,
2377 5041 2471 5096 καὶ
2493 5039 2931 5110 κατεπλάγησαν.
2957 5037 3090 5091 Τότε
3122 5034 3328 5107 Ἰησοῦς

1750 5137 2112 5214 προσταχθεὶς
2161 5135 2456 5209 μαχαίραις
2503 5134 2784 5204 πετρίναις
2827 5130 3144 5203 περιτέμνει
3201 5130 3329 5194 τοὺς

1763 5233 2069 5298 Ἰουδαίους.
2142 5230 2297 5284 Ἐπεὶ
2349 5226 2756 5300 τεσσαράκοντα
2826 5223 2922 5296 ἐτη
2985 5223 3329 5293 ἀνέστραπτο

1762 5327 1977 5399 Ἰσραὴλ
2031 5326 2089 5379 ἐν
2129 5325 2195 5396 τῇ
2252 5322 2463 5394 ἐρήμῳ,
2512 5320 2607 5375 καὶ
2649 5318 2736 5373 διὰ
2769 5316 2926 5372 τοῦτο
2966 5314 3325 5387 ἀπερίτμητοι

1814 5576 1836 5604 ε
1866 5572 1981 5622 Ησιε
2002 5570 2247 5620 adduntur
2272 5579 2332 5629 ex
2356 5578 2461 5629 cap.
2486 5564 2566 5625 50,
2589 5562 2742 5629 ιιι,
2800 5624 2810 5629 _
2851 5624 2878 5629 ,Α
2958 5619 2993 5629 ,,
3088 5616 3112 5627 -
3225 5615 3243 5629 .
3271 5614 3297 5629 ..

1813 5634 1837 5673 d
1860 5615 2258 5683 ἱῖὖὲι-Ἷοευεὶη
2284 5615 2601 5689 ιοςιίιιηεηεί
2622 5628 2691 5677 sic
2716 5624 2887 5684 incipit
2911 5637 2922 5669 :
2958 5616 3142 5676 Ἰησοῦς
3162 5615 3322 5666 καλεῖι

1750 5713 1827 5745 ται
1851 5696 1905 5745 τὸ
1930 5694 2128 5758 βιϐλίον.
2152 5689 2425 5741 Κελεύεται.
