  <div class='ocr_page' id='page_1' title='image "/cluster/home/n/w/nwhite01/storage/ocr_20150623/56/hvd.32044019304435/327.png"; bbox 0 0 3722 6274; ppageno 0'>
   <div class='ocr_carea' id='block_1_1' title="bbox 384 225 489 282">
    <p class='ocr_par' dir='ltr' id='par_1_1' title="bbox 384 225 489 282">
     <span class='ocr_line' id='line_1_1' title="bbox 384 225 489 282; baseline -0.019 0"><span class='ocrx_word' id='word_1_1' title='bbox 384 225 489 282; x_wconf 74' lang='lat'>331</span> 
     </span>
    </p>
   </div>
   <div class='ocr_carea' id='block_1_2' title="bbox 383 340 1953 424">
    <p class='ocr_par' dir='ltr' id='par_1_2' title="bbox 383 340 1953 424">
     <span class='ocr_line' id='line_1_2' title="bbox 383 340 1953 424; baseline -0.01 -17"><span class='ocrx_word' id='word_1_2' title='bbox 383 348 529 424; x_wconf 76' lang='grc' dir='ltr'>ἦσαν</span> <span class='ocrx_word' id='word_1_3' title='bbox 577 348 757 404; x_wconf 82' lang='grc' dir='ltr'>αὐτῶν</span> <span class='ocrx_word' id='word_1_4' title='bbox 797 347 849 401; x_wconf 84' lang='grc' dir='ltr'>οί</span> <span class='ocrx_word' id='word_1_5' title='bbox 892 345 1133 399; x_wconf 80' lang='grc' dir='ltr'>πλεῖστοι</span> <span class='ocrx_word' id='word_1_6' title='bbox 1176 344 1285 397; x_wconf 88' lang='grc' dir='ltr'>τῶν</span> <span class='ocrx_word' id='word_1_7' title='bbox 1330 342 1602 413; x_wconf 79' lang='grc' dir='ltr'>μαχίμων,</span> <span class='ocrx_word' id='word_1_8' title='bbox 1633 341 1683 395; x_wconf 79' lang='grc' dir='ltr'>οἳ</span> <span class='ocrx_word' id='word_1_9' title='bbox 1722 342 1815 394; x_wconf 73' lang='grc' dir='ltr'>καὶ</span> <span class='ocrx_word' id='word_1_10' title='bbox 1843 340 1953 393; x_wconf 82' lang='grc' dir='ltr'>ἀπ-</span> 
     </span>
    </p>
   </div>
   <div class='ocr_carea' id='block_1_3' title="bbox 386 433 1960 506">
    <p class='ocr_par' dir='ltr' id='par_1_3' title="bbox 386 433 1960 506">
     <span class='ocr_line' id='line_1_3' title="bbox 386 433 1960 506; baseline -0.009 -7"><span class='ocrx_word' id='word_1_11' title='bbox 386 447 604 499; x_wconf 77' lang='grc' dir='ltr'>ώλοντο·</span> <span class='ocrx_word' id='word_1_12' title='bbox 629 440 748 495; x_wconf 62' lang='grc' dir='ltr'>ἀντὶ</span> <span class='ocrx_word' id='word_1_13' title='bbox 773 438 829 493; x_wconf 77' lang='grc' dir='ltr'>δὲ</span> <span class='ocrx_word' id='word_1_14' title='bbox 856 438 1056 492; x_wconf 87' lang='grc' dir='ltr'>τούτων</span> <span class='ocrx_word' id='word_1_15' title='bbox 1090 436 1510 506; x_wconf 84' lang='grc' dir='ltr'>ἀντικατέστησε</span> <span class='ocrx_word' id='word_1_16' title='bbox 1538 436 1664 497; x_wconf 79' lang='grc' dir='ltr'>τοὺς</span> <span class='ocrx_word' id='word_1_17' title='bbox 1692 434 1842 498; x_wconf 79' lang='grc' dir='ltr'>υἱοὺς</span> <span class='ocrx_word' id='word_1_18' title='bbox 1865 433 1960 485; x_wconf 81' lang='grc' dir='ltr'>αῦ-</span> 
     </span>
    </p>
   </div>
   <div class='ocr_carea' id='block_1_4' title="bbox 385 525 1960 602">
    <p class='ocr_par' dir='ltr' id='par_1_4' title="bbox 385 525 1960 602">
     <span class='ocr_line' id='line_1_4' title="bbox 385 525 1960 602; baseline -0.008 -11"><span class='ocrx_word' id='word_1_19' title='bbox 385 539 514 599; x_wconf 84' lang='grc' dir='ltr'>τῶν,</span> <span class='ocrx_word' id='word_1_20' title='bbox 538 533 633 598; x_wconf 83' lang='grc' dir='ltr'>οῦς</span> <span class='ocrx_word' id='word_1_21' title='bbox 654 535 683 587; x_wconf 97' lang='lat'>6</span> <span class='ocrx_word' id='word_1_22' title='bbox 714 530 922 602; x_wconf 86' lang='grc' dir='ltr'>Ἰησοῦς</span> <span class='ocrx_word' id='word_1_23' title='bbox 948 530 1263 601; x_wconf 80' lang='grc' dir='ltr'>περιέτεμε,</span> <span class='ocrx_word' id='word_1_24' title='bbox 1284 527 1372 583; x_wconf 83' lang='grc' dir='ltr'>διὰ</span> <span class='ocrx_word' id='word_1_25' title='bbox 1398 529 1459 581; x_wconf 89' lang='grc' dir='ltr'>τὸ</span> <span class='ocrx_word' id='word_1_26' title='bbox 1485 525 1734 595; x_wconf 87' lang='grc' dir='ltr'>γενέσθαι</span> <span class='ocrx_word' id='word_1_27' title='bbox 1762 526 1960 590; x_wconf 81' lang='grc' dir='ltr'>αὐτοὺς</span> 
     </span>
    </p>
   </div>
   <div class='ocr_carea' id='block_1_5' title="bbox 386 620 1957 699">
    <p class='ocr_par' dir='ltr' id='par_1_5' title="bbox 386 620 1957 699">
     <span class='ocr_line' id='line_1_5' title="bbox 386 620 1957 699; baseline -0.005 -16"><span class='ocrx_word' id='word_1_28' title='bbox 386 626 795 699; x_wconf 76' lang='grc' dir='ltr'>άπεριτμήτουςι</span> <span class='ocrx_word' id='word_1_29' title='bbox 836 625 897 677; x_wconf 82' lang='grc' dir='ltr'>ὲν</span> <span class='ocrx_word' id='word_1_30' title='bbox 940 626 1006 695; x_wconf 79' lang='grc' dir='ltr'>τῇ</span> <span class='ocrx_word' id='word_1_31' title='bbox 1055 622 1178 694; x_wconf 82' lang='grc' dir='ltr'>ὁδῷ.</span> <span class='ocrx_word' id='word_1_32' title='bbox 1214 623 1346 675; x_wconf 78' lang='grc' dir='ltr'>Τότε</span> <span class='ocrx_word' id='word_1_33' title='bbox 1390 622 1612 691; x_wconf 71' lang='grc' dir='ltr'>ιποίησε</span> <span class='ocrx_word' id='word_1_34' title='bbox 1650 620 1712 674; x_wconf 93' lang='grc' dir='ltr'>τὸ</span> <span class='ocrx_word' id='word_1_35' title='bbox 1754 621 1957 690; x_wconf 83' lang='grc' dir='ltr'>πάσχα.</span> 
     </span>
    </p>
   </div>
   <div class='ocr_carea' id='block_1_6' title="bbox 387 709 1960 788">
    <p class='ocr_par' dir='ltr' id='par_1_6' title="bbox 387 709 1960 788">
     <span class='ocr_line' id='line_1_6' title="bbox 387 709 1960 788; baseline -0.007 -14"><span class='ocrx_word' id='word_1_36' title='bbox 387 721 499 774; x_wconf 86' lang='lat' dir='ltr'>Kal</span> <span class='ocrx_word' id='word_1_37' title='bbox 526 722 589 772; x_wconf 84' lang='grc' dir='ltr'>ὲν</span> <span class='ocrx_word' id='word_1_38' title='bbox 612 720 679 788; x_wconf 84' lang='grc' dir='ltr'>τῇ</span> <span class='ocrx_word' id='word_1_39' title='bbox 714 717 898 787; x_wconf 80' lang='grc' dir='ltr'>ἡμέρᾳ</span> <span class='ocrx_word' id='word_1_40' title='bbox 993 715 1194 784; x_wconf 76' lang='grc' dir='ltr'>ἔφαγον</span> <span class='ocrx_word' id='word_1_41' title='bbox 1217 714 1400 783; x_wconf 74' lang='grc' dir='ltr'>ἄζυμα</span> <span class='ocrx_word' id='word_1_42' title='bbox 1423 712 1532 767; x_wconf 83' lang='grc' dir='ltr'>ἀπὸ</span> <span class='ocrx_word' id='word_1_43' title='bbox 1557 710 1650 765; x_wconf 88' lang='grc' dir='ltr'>τοῦ</span> <span class='ocrx_word' id='word_1_44' title='bbox 1683 712 1830 765; x_wconf 80' lang='grc' dir='ltr'><strong>σίτου</strong></span> <span class='ocrx_word' id='word_1_45' title='bbox 1858 711 1960 779; x_wconf 89' lang='grc' dir='ltr'>τῆς</span> 
     </span>
    </p>
   </div>
   <div class='ocr_carea' id='block_1_7' title="bbox 388 802 1961 881">
    <p class='ocr_par' dir='ltr' id='par_1_7' title="bbox 388 802 1961 881">
     <span class='ocr_line' id='line_1_7' title="bbox 388 802 1961 881; baseline -0.007 -16"><span class='ocrx_word' id='word_1_46' title='bbox 388 811 492 881; x_wconf 85' lang='grc' dir='ltr'>γῆς</span> <span class='ocrx_word' id='word_1_47' title='bbox 516 810 750 876; x_wconf 70' lang='grc' dir='ltr'>ἐκείνης,</span> <span class='ocrx_word' id='word_1_48' title='bbox 790 808 1001 873; x_wconf 79' lang='grc' dir='ltr'>ἐξέλιπε</span> <span class='ocrx_word' id='word_1_49' title='bbox 1037 806 1100 858; x_wconf 86' lang='grc' dir='ltr'>τὸ</span> <span class='ocrx_word' id='word_1_50' title='bbox 1129 806 1320 875; x_wconf 90' lang='grc' dir='ltr'>μάννα.</span> <span class='ocrx_word' id='word_1_51' title='bbox 1351 802 1645 858; x_wconf 82' lang='grc' dir='ltr'>Κελεύεται</span> <span class='ocrx_word' id='word_1_52' title='bbox 1684 805 1713 858; x_wconf 94' lang='lat'>6</span> <span class='ocrx_word' id='word_1_53' title='bbox 1755 802 1961 872; x_wconf 89' lang='grc' dir='ltr'>Ἰησοῦς</span> 
     </span>
    </p>
   </div>
   <div class='ocr_carea' id='block_1_8' title="bbox 388 893 1962 969">
    <p class='ocr_par' dir='ltr' id='par_1_8' title="bbox 388 893 1962 969">
     <span class='ocr_line' id='line_1_8' title="bbox 388 893 1962 969; baseline -0.006 -13"><span class='ocrx_word' id='word_1_54' title='bbox 388 903 548 955; x_wconf 88' lang='grc' dir='ltr'>λῦσαι</span> <span class='ocrx_word' id='word_1_55' title='bbox 580 901 642 954; x_wconf 89' lang='grc' dir='ltr'>τὸ</span> <span class='ocrx_word' id='word_1_56' title='bbox 667 900 918 969; x_wconf 80' lang='grc' dir='ltr'>ὑπόδημα</span> <span class='ocrx_word' id='word_1_57' title='bbox 944 896 1130 961; x_wconf 85' lang='grc' dir='ltr'>αὑτοῦ,</span> <span class='ocrx_word' id='word_1_58' title='bbox 1161 896 1253 950; x_wconf 82' lang='grc' dir='ltr'>καὶ</span> <span class='ocrx_word' id='word_1_59' title='bbox 1292 894 1570 950; x_wconf 86' lang='grc' dir='ltr'>κυκλῶσαι</span> <span class='ocrx_word' id='word_1_60' title='bbox 1610 894 1707 966; x_wconf 81' lang='grc' dir='ltr'>τὴν</span> <span class='ocrx_word' id='word_1_61' title='bbox 1752 893 1962 965; x_wconf 87' lang='grc' dir='ltr'>Ἰεριχῶ</span> 
     </span>
    </p>
   </div>
   <div class='ocr_carea' id='block_1_9' title="bbox 394 978 1961 1065">
    <p class='ocr_par' dir='ltr' id='par_1_9' title="bbox 394 978 1961 1065">
     <span class='ocr_line' id='line_1_9' title="bbox 394 978 1961 1065; baseline -0.004 -19"><span class='ocrx_word' id='word_1_62' title='bbox 394 992 878 1065; x_wconf 56' lang='grc' dir='ltr'>μετάησαλπίγγων</span> <span class='ocrx_word' id='word_1_63' title='bbox 922 991 1016 1044; x_wconf 68' lang='grc' dir='ltr'>καὶ</span> <span class='ocrx_word' id='word_1_64' title='bbox 1058 989 1156 1058; x_wconf 88' lang='grc' dir='ltr'>τῆς</span> <span class='ocrx_word' id='word_1_65' title='bbox 1188 982 1422 1042; x_wconf 83' lang='grc' dir='ltr'>κιϐωτοῦ</span> <span class='ocrx_word' id='word_1_66' title='bbox 1452 987 1663 1059; x_wconf 86' lang='grc' dir='ltr'>ἡμέρας</span> <span class='ocrx_word' id='word_1_67' title='bbox 1695 987 1853 1041; x_wconf 81' lang='grc' dir='ltr'>ἑπτά.</span> <span class='ocrx_word' id='word_1_68' title='bbox 1885 978 1961 1041; x_wconf 79' lang='grc' dir='ltr'>Οὖ</span> 
     </span>
    </p>
   </div>
   <div class='ocr_carea' id='block_1_10' title="bbox 391 1073 1962 1155">
    <p class='ocr_par' dir='ltr' id='par_1_10' title="bbox 391 1073 1962 1155">
     <span class='ocr_line' id='line_1_10' title="bbox 391 1073 1962 1155; baseline -0.004 -18"><span class='ocrx_word' id='word_1_69' title='bbox 391 1082 682 1155; x_wconf 76' lang='grc' dir='ltr'>γενομένου</span> <span class='ocrx_word' id='word_1_70' title='bbox 713 1083 993 1150; x_wconf 80' lang='grc' dir='ltr'>αὐτόματα</span> <span class='ocrx_word' id='word_1_71' title='bbox 1034 1081 1227 1132; x_wconf 76' lang='grc' dir='ltr'>ἔπεσον</span> <span class='ocrx_word' id='word_1_72' title='bbox 1272 1078 1339 1131; x_wconf 70' lang='grc' dir='ltr'>τὰ</span> <span class='ocrx_word' id='word_1_73' title='bbox 1375 1078 1549 1147; x_wconf 77' lang='grc' dir='ltr'>τείχη.</span> <span class='ocrx_word' id='word_1_74' title='bbox 1575 1077 1743 1146; x_wconf 85' lang='grc' dir='ltr'>Δῆλον</span> <span class='ocrx_word' id='word_1_75' title='bbox 1768 1073 1859 1131; x_wconf 79' lang='grc' dir='ltr'>οὖν</span> <span class='ocrx_word' id='word_1_76' title='bbox 1879 1077 1962 1130; x_wconf 81' lang='grc' dir='ltr'>ὅτι</span> 
     </span>
    </p>
   </div>
   <div class='ocr_carea' id='block_1_11' title="bbox 391 1166 1963 1245">
    <p class='ocr_par' dir='ltr' id='par_1_11' title="bbox 391 1166 1963 1245">
     <span class='ocr_line' id='line_1_11' title="bbox 391 1166 1963 1245; baseline -0.008 -14"><span class='ocrx_word' id='word_1_77' title='bbox 391 1179 574 1231; x_wconf 73' lang='grc' dir='ltr'>ἔκτοτε</span> <span class='ocrx_word' id='word_1_78' title='bbox 606 1175 777 1245; x_wconf 81' lang='grc' dir='ltr'>ἀρχὴν</span> <span class='ocrx_word' id='word_1_79' title='bbox 814 1173 971 1226; x_wconf 81' lang='grc' dir='ltr'>ἔλαϐε</span> <span class='ocrx_word' id='word_1_80' title='bbox 1008 1171 1226 1224; x_wconf 85' lang='grc' dir='ltr'>λύεσθαι</span> <span class='ocrx_word' id='word_1_81' title='bbox 1270 1169 1330 1222; x_wconf 88' lang='grc' dir='ltr'>τὸ</span> <span class='ocrx_word' id='word_1_82' title='bbox 1378 1170 1661 1223; x_wconf 73' lang='grc' dir='ltr'>σάϐϐατονο</span> <span class='ocrx_word' id='word_1_83' title='bbox 1697 1167 1818 1220; x_wconf 83' lang='grc' dir='ltr'>ὃθεν</span> <span class='ocrx_word' id='word_1_84' title='bbox 1855 1166 1963 1237; x_wconf 80' lang='grc' dir='ltr'>γὰρ</span> 
     </span>
    </p>
   </div>
   <div class='ocr_carea' id='block_1_12' title="bbox 393 1260 1964 1339">
    <p class='ocr_par' dir='ltr' id='par_1_12' title="bbox 393 1260 1964 1339">
     <span class='ocr_line' id='line_1_12' title="bbox 393 1260 1964 1339; baseline -0.008 -14"><span class='ocrx_word' id='word_1_85' title='bbox 393 1273 461 1326; x_wconf 84' lang='grc' dir='ltr'>ἄν</span> <span class='ocrx_word' id='word_1_86' title='bbox 492 1268 718 1339; x_wconf 78' lang='grc' dir='ltr'>ἄρξηταί</span> <span class='ocrx_word' id='word_1_87' title='bbox 744 1284 845 1329; x_wconf 84' lang='grc' dir='ltr'>τις,</span> <span class='ocrx_word' id='word_1_88' title='bbox 870 1266 1079 1334; x_wconf 78' lang='grc' dir='ltr'>ἀνάγκη</span> <span class='ocrx_word' id='word_1_89' title='bbox 1104 1264 1161 1317; x_wconf 88' lang='grc' dir='ltr'>τὸ</span> <span class='ocrx_word' id='word_1_90' title='bbox 1188 1262 1456 1316; x_wconf 79' lang='grc' dir='ltr'>σάϐϐατον</span> <span class='ocrx_word' id='word_1_91' title='bbox 1477 1262 1735 1328; x_wconf 77' lang='grc' dir='ltr'>ἐμπεσεῖν</span> <span class='ocrx_word' id='word_1_92' title='bbox 1761 1262 1819 1313; x_wconf 75' lang='grc' dir='ltr'>ὲν</span> <span class='ocrx_word' id='word_1_93' title='bbox 1841 1260 1964 1322; x_wconf 85' lang='grc' dir='ltr'>ταῖς</span> 
     </span>
    </p>
   </div>
   <div class='ocr_carea' id='block_1_13' title="bbox 392 1349 1967 1433">
    <p class='ocr_par' dir='ltr' id='par_1_13' title="bbox 392 1349 1967 1433">
     <span class='ocr_line' id='line_1_13' title="bbox 392 1349 1967 1433; baseline -0.009 -17"><span class='ocrx_word' id='word_1_94' title='bbox 392 1364 450 1429; x_wconf 82' lang='grc' dir='ltr'>ἒξ</span> <span class='ocrx_word' id='word_1_95' title='bbox 480 1362 731 1433; x_wconf 81' lang='grc' dir='ltr'>ἡμέραις.</span> <span class='ocrx_word' id='word_1_96' title='bbox 762 1358 895 1411; x_wconf 83' lang='grc' dir='ltr'>Τότε</span> <span class='ocrx_word' id='word_1_97' title='bbox 927 1356 1152 1420; x_wconf 74' lang='grc' dir='ltr'>σώζεται</span> <span class='ocrx_word' id='word_1_98' title='bbox 1179 1356 1274 1425; x_wconf 81' lang='grc' dir='ltr'>μὲν</span> <span class='ocrx_word' id='word_1_99' title='bbox 1300 1356 1332 1424; x_wconf 91' lang='grc' dir='ltr'>ή</span> <span class='ocrx_word' id='word_1_100' title='bbox 1365 1351 1532 1407; x_wconf 83' lang='grc' dir='ltr'>Ῥαὰϐ</span> <span class='ocrx_word' id='word_1_101' title='bbox 1562 1349 1700 1421; x_wconf 83' lang='grc' dir='ltr'>μετά</span> <span class='ocrx_word' id='word_1_102' title='bbox 1721 1349 1819 1420; x_wconf 89' lang='grc' dir='ltr'>τῆς</span> <span class='ocrx_word' id='word_1_103' title='bbox 1843 1365 1967 1417; x_wconf 81' lang='grc' dir='ltr'>συγ-</span> 
     </span>
    </p>
   </div>
   <div class='ocr_carea' id='block_1_14' title="bbox 392 1440 1963 1517">
    <p class='ocr_par' dir='ltr' id='par_1_14' title="bbox 392 1440 1963 1517">
     <span class='ocr_line' id='line_1_14' title="bbox 392 1440 1963 1517; baseline -0.005 -16"><span class='ocrx_word' id='word_1_104' title='bbox 392 1450 607 1517; x_wconf 80' lang='grc' dir='ltr'>γενείας</span> <span class='ocrx_word' id='word_1_105' title='bbox 635 1446 819 1517; x_wconf 82' lang='grc' dir='ltr'>αὐτῆς,</span> <span class='ocrx_word' id='word_1_106' title='bbox 858 1444 953 1498; x_wconf 74' lang='grc' dir='ltr'>καὶ</span> <span class='ocrx_word' id='word_1_107' title='bbox 990 1446 1128 1497; x_wconf 87' lang='grc' dir='ltr'>οἰκεῖ</span> <span class='ocrx_word' id='word_1_108' title='bbox 1161 1444 1217 1496; x_wconf 78' lang='grc' dir='ltr'>ἐν</span> <span class='ocrx_word' id='word_1_109' title='bbox 1245 1442 1323 1513; x_wconf 84' lang='grc' dir='ltr'>τῷ</span> <span class='ocrx_word' id='word_1_110' title='bbox 1357 1440 1592 1513; x_wconf 85' lang='grc' dir='ltr'>Ἰσραὴλ,</span> <span class='ocrx_word' id='word_1_111' title='bbox 1619 1441 1963 1510; x_wconf 79' lang='grc' dir='ltr'>ὲμπιπρᾶται</span> 
     </span>
    </p>
   </div>
   <div class='ocr_carea' id='block_1_15' title="bbox 390 1533 1966 1611">
    <p class='ocr_par' dir='ltr' id='par_1_15' title="bbox 390 1533 1966 1611">
     <span class='ocr_line' id='line_1_15' title="bbox 390 1533 1966 1611; baseline -0.006 -16"><span class='ocrx_word' id='word_1_112' title='bbox 390 1542 448 1595; x_wconf 80' lang='grc' dir='ltr'>δὲ</span> <span class='ocrx_word' id='word_1_113' title='bbox 477 1544 510 1611; x_wconf 85' lang='grc' dir='ltr'>ἡ</span> <span class='ocrx_word' id='word_1_114' title='bbox 550 1541 705 1602; x_wconf 85' lang='grc' dir='ltr'>πόλις</span> <span class='ocrx_word' id='word_1_115' title='bbox 727 1539 820 1592; x_wconf 72' lang='grc' dir='ltr'>καὶ</span> <span class='ocrx_word' id='word_1_116' title='bbox 843 1537 1317 1606; x_wconf 79' lang='grc' dir='ltr'>άναθεματίζεται,</span> <span class='ocrx_word' id='word_1_117' title='bbox 1360 1535 1453 1588; x_wconf 73' lang='grc' dir='ltr'>καὶ</span> <span class='ocrx_word' id='word_1_118' title='bbox 1480 1533 1828 1605; x_wconf 81' lang='grc' dir='ltr'>κατηράσατο</span> <span class='ocrx_word' id='word_1_119' title='bbox 1861 1533 1966 1603; x_wconf 86' lang='grc' dir='ltr'>Ἰη-</span> 
     </span>
    </p>
   </div>
   <div class='ocr_carea' id='block_1_16' title="bbox 320 1612 1959 1700">
    <p class='ocr_par' dir='ltr' id='par_1_16' title="bbox 320 1626 1959 1700">
     <span class='ocr_line' id='line_1_16' title="bbox 320 1626 1959 1700; baseline -0.005 -13"><span class='ocrx_word' id='word_1_120' title='bbox 320 1630 327 1637; x_wconf 85' lang='grc'><em>’</em></span> <span class='ocrx_word' id='word_1_121' title='bbox 396 1634 522 1696; x_wconf 89' lang='grc' dir='ltr'>σοῦς</span> <span class='ocrx_word' id='word_1_122' title='bbox 552 1631 630 1700; x_wconf 81' lang='grc' dir='ltr'>τῷ</span> <span class='ocrx_word' id='word_1_123' title='bbox 652 1629 1022 1700; x_wconf 74' lang='grc' dir='ltr'>οἰκοδομοῦντι</span> <span class='ocrx_word' id='word_1_124' title='bbox 1060 1628 1249 1699; x_wconf 77' lang='grc' dir='ltr'>αὑτήν.</span> <span class='ocrx_word' id='word_1_125' title='bbox 1280 1627 1545 1696; x_wconf 78' lang='grc' dir='ltr'>Ἐκλεψεν</span> <span class='ocrx_word' id='word_1_126' title='bbox 1594 1628 1659 1680; x_wconf 84' lang='grc' dir='ltr'>ὲκ</span> <span class='ocrx_word' id='word_1_127' title='bbox 1703 1626 1799 1681; x_wconf 82' lang='grc' dir='ltr'>τοῦ</span> <span class='ocrx_word' id='word_1_128' title='bbox 1833 1629 1959 1681; x_wconf 82' lang='grc' dir='ltr'>ἀνα·</span> 
     </span>
    </p>
   </div>
   <div class='ocr_carea' id='block_1_17' title="bbox 394 1717 1967 1796">
    <p class='ocr_par' dir='ltr' id='par_1_17' title="bbox 394 1717 1967 1796">
     <span class='ocr_line' id='line_1_17' title="bbox 394 1717 1967 1796; baseline -0.006 -17"><span class='ocrx_word' id='word_1_129' title='bbox 394 1725 626 1796; x_wconf 89' lang='grc' dir='ltr'>θέματος</span> <span class='ocrx_word' id='word_1_130' title='bbox 656 1723 854 1794; x_wconf 81' lang='grc' dir='ltr'>Ἀχαρ,</span> <span class='ocrx_word' id='word_1_131' title='bbox 888 1721 983 1775; x_wconf 58' lang='grc' dir='ltr'>καὶ¹</span> <span class='ocrx_word' id='word_1_132' title='bbox 1010 1722 1235 1791; x_wconf 79' lang='grc' dir='ltr'>ἡττᾶται</span> <span class='ocrx_word' id='word_1_133' title='bbox 1259 1721 1289 1772; x_wconf 93' lang='lat'>6</span> <span class='ocrx_word' id='word_1_134' title='bbox 1316 1719 1442 1784; x_wconf 88' lang='grc' dir='ltr'>λαὸς</span> <span class='ocrx_word' id='word_1_135' title='bbox 1462 1717 1783 1791; x_wconf 86' lang='grc' dir='ltr'>προσϐαλὼν</span> <span class='ocrx_word' id='word_1_136' title='bbox 1804 1719 1967 1788; x_wconf 68' lang='grc' dir='ltr'>ἑτέρᾳ</span> 
     </span>
    </p>
   </div>
   <div class='ocr_carea' id='block_1_18' title="bbox 395 1813 1968 1888">
    <p class='ocr_par' dir='ltr' id='par_1_18' title="bbox 395 1813 1968 1888">
     <span class='ocr_line' id='line_1_18' title="bbox 395 1813 1968 1888; baseline -0.008 -9"><span class='ocrx_word' id='word_1_137' title='bbox 395 1822 567 1878; x_wconf 76' lang='grc' dir='ltr'>πόλει.</span> <span class='ocrx_word' id='word_1_138' title='bbox 601 1820 786 1874; x_wconf 85' lang='grc' dir='ltr'>Δεῖται</span> <span class='ocrx_word' id='word_1_139' title='bbox 822 1818 916 1872; x_wconf 89' lang='grc' dir='ltr'>τοῦ</span> <span class='ocrx_word' id='word_1_140' title='bbox 956 1816 1090 1871; x_wconf 92' lang='grc' dir='ltr'>Θεοῦ</span> <span class='ocrx_word' id='word_1_141' title='bbox 1136 1815 1359 1888; x_wconf 87' lang='grc' dir='ltr'>Ἰησοῦς,</span> <span class='ocrx_word' id='word_1_142' title='bbox 1395 1815 1607 1871; x_wconf 78' lang='grc' dir='ltr'>κελεύει</span> <span class='ocrx_word' id='word_1_143' title='bbox 1648 1818 1676 1870; x_wconf 94' lang='lat'>6</span> <span class='ocrx_word' id='word_1_144' title='bbox 1715 1814 1846 1878; x_wconf 90' lang='grc' dir='ltr'>Θεὸς</span> <span class='ocrx_word' id='word_1_145' title='bbox 1878 1813 1968 1879; x_wconf 62' lang='grc' dir='ltr'>ἐξ.</span> 
     </span>
    </p>
   </div>
   <div class='ocr_carea' id='block_1_19' title="bbox 392 1905 1968 1985">
    <p class='ocr_par' dir='ltr' id='par_1_19' title="bbox 392 1905 1968 1985">
     <span class='ocr_line' id='line_1_19' title="bbox 392 1905 1968 1985; baseline -0.006 -17"><span class='ocrx_word' id='word_1_146' title='bbox 392 1913 625 1985; x_wconf 89' lang='grc' dir='ltr'>αρθῆναι</span> <span class='ocrx_word' id='word_1_147' title='bbox 646 1910 708 1965; x_wconf 91' lang='grc' dir='ltr'>τὸ</span> <span class='ocrx_word' id='word_1_148' title='bbox 735 1908 1003 1979; x_wconf 83' lang='grc' dir='ltr'>ἀνάθεμα.</span> <span class='ocrx_word' id='word_1_149' title='bbox 1045 1905 1346 1978; x_wconf 73' lang='grc' dir='ltr'>Ἂνεδείχθη</span> <span class='ocrx_word' id='word_1_150' title='bbox 1367 1908 1397 1961; x_wconf 97' lang='lat'>6</span> <span class='ocrx_word' id='word_1_151' title='bbox 1414 1908 1612 1978; x_wconf 77' lang='grc' dir='ltr'>’Δχαρ,</span> <span class='ocrx_word' id='word_1_152' title='bbox 1637 1905 1873 1976; x_wconf 75' lang='grc' dir='ltr'>ἠλέγχθη</span> <span class='ocrx_word' id='word_1_153' title='bbox 1906 1905 1968 1958; x_wconf 89' lang='grc' dir='ltr'>τὸ</span> 
     </span>
    </p>
   </div>
   <div class='ocr_carea' id='block_1_20' title="bbox 392 1997 1967 2077">
    <p class='ocr_par' dir='ltr' id='par_1_20' title="bbox 392 1997 1967 2077">
     <span class='ocr_line' id='line_1_20' title="bbox 392 1997 1967 2077; baseline -0.007 -17"><span class='ocrx_word' id='word_1_154' title='bbox 392 2007 637 2077; x_wconf 87' lang='grc' dir='ltr'>κλέμμα,</span> <span class='ocrx_word' id='word_1_155' title='bbox 671 2000 1019 2073; x_wconf 79' lang='grc' dir='ltr'>ὲλιθοϐολήθη</span> <span class='ocrx_word' id='word_1_156' title='bbox 1062 2000 1199 2072; x_wconf 84' lang='grc' dir='ltr'>μετὰ</span> <span class='ocrx_word' id='word_1_157' title='bbox 1234 2000 1342 2053; x_wconf 90' lang='grc' dir='ltr'>τῶν</span> <span class='ocrx_word' id='word_1_158' title='bbox 1380 1998 1511 2053; x_wconf 90' lang='grc' dir='ltr'>υίῶν</span> <span class='ocrx_word' id='word_1_159' title='bbox 1536 1999 1630 2053; x_wconf 75' lang='grc' dir='ltr'>καὶ</span> <span class='ocrx_word' id='word_1_160' title='bbox 1656 1997 1967 2068; x_wconf 86' lang='grc' dir='ltr'>θυγατέρων</span> 
     </span>
    </p>
   </div>
   <div class='ocr_carea' id='block_1_21' title="bbox 390 2083 1968 2167">
    <p class='ocr_par' dir='ltr' id='par_1_21' title="bbox 390 2083 1968 2167">
     <span class='ocr_line' id='line_1_21' title="bbox 390 2083 1968 2167; baseline -0.007 -15"><span class='ocrx_word' id='word_1_161' title='bbox 390 2099 420 2152; x_wconf 94' lang='lat'>6</span> <span class='ocrx_word' id='word_1_162' title='bbox 460 2100 660 2167; x_wconf 80' lang='grc' dir='ltr'>ΙἈχαρ.</span> <span class='ocrx_word' id='word_1_163' title='bbox 706 2092 1105 2164; x_wconf 83' lang='grc' dir='ltr'>Ἀνεμαχέσατο</span> <span class='ocrx_word' id='word_1_164' title='bbox 1142 2089 1350 2161; x_wconf 78' lang='grc' dir='ltr'>Ἰησοῦς</span> <span class='ocrx_word' id='word_1_165' title='bbox 1371 2089 1469 2162; x_wconf 80' lang='grc' dir='ltr'>τὴν</span> <span class='ocrx_word' id='word_1_166' title='bbox 1490 2089 1699 2161; x_wconf 80' lang='grc' dir='ltr'>μάχην,</span> <span class='ocrx_word' id='word_1_167' title='bbox 1733 2090 1828 2143; x_wconf 79' lang='grc' dir='ltr'>καὶ</span> <span class='ocrx_word' id='word_1_168' title='bbox 1859 2083 1968 2141; x_wconf 77' lang='grc' dir='ltr'>εἷλε</span> 
     </span>
    </p>
   </div>
   <div class='ocr_carea' id='block_1_22' title="bbox 392 2180 1970 2261">
    <p class='ocr_par' dir='ltr' id='par_1_22' title="bbox 392 2180 1970 2261">
     <span class='ocr_line' id='line_1_22' title="bbox 392 2180 1970 2261; baseline -0.007 -17"><span class='ocrx_word' id='word_1_169' title='bbox 392 2192 489 2261; x_wconf 81' lang='grc' dir='ltr'>τὴν</span> <span class='ocrx_word' id='word_1_170' title='bbox 511 2189 710 2253; x_wconf 82' lang='grc' dir='ltr'>Γάζαν,</span> <span class='ocrx_word' id='word_1_171' title='bbox 740 2188 833 2240; x_wconf 73' lang='grc' dir='ltr'>καὶ</span> <span class='ocrx_word' id='word_1_172' title='bbox 856 2183 1163 2255; x_wconf 72' lang='grc' dir='ltr'>ἐνεπύρισε·</span> <span class='ocrx_word' id='word_1_173' title='bbox 1189 2182 1284 2235; x_wconf 78' lang='grc' dir='ltr'>καὶ</span> <span class='ocrx_word' id='word_1_174' title='bbox 1304 2180 1499 2235; x_wconf 79' lang='grc' dir='ltr'>ἔπεσον</span> <span class='ocrx_word' id='word_1_175' title='bbox 1521 2182 1578 2236; x_wconf 79' lang='grc' dir='ltr'>ὲν</span> <span class='ocrx_word' id='word_1_176' title='bbox 1599 2181 1737 2252; x_wconf 77' lang='grc' dir='ltr'>αὐτῇ</span> <span class='ocrx_word' id='word_1_177' title='bbox 1760 2180 1970 2234; x_wconf 88' lang='grc' dir='ltr'>δώδεκα</span> 
     </span>
    </p>
   </div>
   <div class='ocr_carea' id='block_1_23' title="bbox 394 2272 1969 2350">
    <p class='ocr_par' dir='ltr' id='par_1_23' title="bbox 394 2272 1969 2350">
     <span class='ocr_line' id='line_1_23' title="bbox 394 2272 1969 2350; baseline -0.004 -18"><span class='ocrx_word' id='word_1_178' title='bbox 394 2278 650 2350; x_wconf 83' lang='grc' dir='ltr'>χιλιάδες·</span> <span class='ocrx_word' id='word_1_179' title='bbox 685 2278 777 2330; x_wconf 79' lang='grc' dir='ltr'>καὶ</span> <span class='ocrx_word' id='word_1_180' title='bbox 812 2277 904 2330; x_wconf 81' lang='grc' dir='ltr'>τὸν</span> <span class='ocrx_word' id='word_1_181' title='bbox 937 2274 1158 2346; x_wconf 85' lang='grc' dir='ltr'>βασιλέα</span> <span class='ocrx_word' id='word_1_182' title='bbox 1182 2275 1281 2345; x_wconf 85' lang='grc' dir='ltr'>τῆς</span> <span class='ocrx_word' id='word_1_183' title='bbox 1310 2273 1515 2336; x_wconf 85' lang='grc' dir='ltr'>πόλεως</span> <span class='ocrx_word' id='word_1_184' title='bbox 1539 2273 1850 2344; x_wconf 80' lang='grc' dir='ltr'>ἐκρέμασαν</span> <span class='ocrx_word' id='word_1_185' title='bbox 1875 2272 1969 2326; x_wconf 75' lang='grc' dir='ltr'>ἐπὶ</span> 
     </span>
    </p>
   </div>
   <div class='ocr_carea' id='block_1_24' title="bbox 394 2365 1969 2442">
    <p class='ocr_par' dir='ltr' id='par_1_24' title="bbox 394 2365 1969 2442">
     <span class='ocr_line' id='line_1_24' title="bbox 394 2365 1969 2442; baseline -0.006 -15"><span class='ocrx_word' id='word_1_186' title='bbox 394 2372 572 2439; x_wconf 82' lang='grc' dir='ltr'>ξύλου.</span> <span class='ocrx_word' id='word_1_187' title='bbox 596 2370 950 2442; x_wconf 81' lang='grc' dir='ltr'>Συνέρχονται</span> <span class='ocrx_word' id='word_1_188' title='bbox 975 2369 1278 2441; x_wconf 88' lang='grc' dir='ltr'>πολεμῆσαι</span> <span class='ocrx_word' id='word_1_189' title='bbox 1301 2368 1391 2422; x_wconf 85' lang='grc' dir='ltr'>τὸν</span> <span class='ocrx_word' id='word_1_190' title='bbox 1423 2366 1638 2438; x_wconf 78' lang='grc' dir='ltr'>Ἰσραὴλ</span> <span class='ocrx_word' id='word_1_191' title='bbox 1662 2368 1709 2419; x_wconf 88' lang='grc' dir='ltr'>οί</span> <span class='ocrx_word' id='word_1_192' title='bbox 1736 2365 1969 2435; x_wconf 81' lang='grc' dir='ltr'>βασιλεῖς</span> 
     </span>
    </p>
   </div>
   <div class='ocr_carea' id='block_1_25' title="bbox 391 2458 1967 2536">
    <p class='ocr_par' dir='ltr' id='par_1_25' title="bbox 391 2458 1967 2536">
     <span class='ocr_line' id='line_1_25' title="bbox 391 2458 1967 2536; baseline -0.003 -19"><span class='ocrx_word' id='word_1_193' title='bbox 391 2464 502 2517; x_wconf 90' lang='grc' dir='ltr'>τῶν</span> <span class='ocrx_word' id='word_1_194' title='bbox 543 2462 884 2536; x_wconf 76' lang='grc' dir='ltr'>Ἀμορραίων</span> <span class='ocrx_word' id='word_1_195' title='bbox 916 2462 1012 2516; x_wconf 76' lang='grc' dir='ltr'>καὶ</span> <span class='ocrx_word' id='word_1_196' title='bbox 1040 2461 1381 2525; x_wconf 84' lang='grc' dir='ltr'>Χαναναίων,</span> <span class='ocrx_word' id='word_1_197' title='bbox 1420 2461 1514 2513; x_wconf 76' lang='grc' dir='ltr'>καὶ</span> <span class='ocrx_word' id='word_1_198' title='bbox 1551 2461 1599 2512; x_wconf 79' lang='grc' dir='ltr'>δι</span> <span class='ocrx_word' id='word_1_199' title='bbox 1643 2458 1840 2513; x_wconf 86' lang='grc' dir='ltr'>λοιποί.</span> <span class='ocrx_word' id='word_1_200' title='bbox 1872 2458 1967 2513; x_wconf 72' lang='lat' dir='ltr'>Ol-</span> 
     </span>
    </p>
   </div>
   <div class='ocr_carea' id='block_1_26' title="bbox 393 2551 1971 2626">
    <p class='ocr_par' dir='ltr' id='par_1_26' title="bbox 393 2551 1971 2626">
     <span class='ocr_line' id='line_1_26' title="bbox 393 2551 1971 2626; baseline -0.004 -15"><span class='ocrx_word' id='word_1_201' title='bbox 393 2556 616 2626; x_wconf 81' lang='grc' dir='ltr'>κοδομεῖ</span> <span class='ocrx_word' id='word_1_202' title='bbox 643 2553 852 2625; x_wconf 89' lang='grc' dir='ltr'>Ἰησοῦς</span> <span class='ocrx_word' id='word_1_203' title='bbox 881 2554 1263 2625; x_wconf 85' lang='grc' dir='ltr'>θυσιαστήριον</span> <span class='ocrx_word' id='word_1_204' title='bbox 1281 2554 1346 2606; x_wconf 82' lang='grc' dir='ltr'>ὲκ</span> <span class='ocrx_word' id='word_1_205' title='bbox 1360 2552 1522 2606; x_wconf 89' lang='grc' dir='ltr'>λίθων</span> <span class='ocrx_word' id='word_1_206' title='bbox 1552 2551 1859 2623; x_wconf 83' lang='grc' dir='ltr'>ὁλοκλήρων</span> <span class='ocrx_word' id='word_1_207' title='bbox 1877 2552 1971 2605; x_wconf 79' lang='grc' dir='ltr'>καὶ</span> 
     </span>
    </p>
   </div>
   <div class='ocr_carea' id='block_1_27' title="bbox 393 2645 1971 2721">
    <p class='ocr_par' dir='ltr' id='par_1_27' title="bbox 393 2645 1971 2721">
     <span class='ocr_line' id='line_1_27' title="bbox 393 2645 1971 2721; baseline -0.003 -18"><span class='ocrx_word' id='word_1_208' title='bbox 393 2650 593 2721; x_wconf 86' lang='grc' dir='ltr'>γράφει</span> <span class='ocrx_word' id='word_1_209' title='bbox 618 2648 679 2701; x_wconf 92' lang='grc' dir='ltr'>τὸ</span> <span class='ocrx_word' id='word_1_210' title='bbox 709 2647 1122 2718; x_wconf 86' lang='grc' dir='ltr'>Δευτερονόμιον</span> <span class='ocrx_word' id='word_1_211' title='bbox 1150 2646 1284 2700; x_wconf 78' lang='grc' dir='ltr'>ἐκεῖ.</span> <span class='ocrx_word' id='word_1_212' title='bbox 1314 2646 1426 2701; x_wconf 88' lang='lat' dir='ltr'>Kal</span> <span class='ocrx_word' id='word_1_213' title='bbox 1454 2649 1504 2700; x_wconf 87' lang='grc' dir='ltr'>οί</span> <span class='ocrx_word' id='word_1_214' title='bbox 1540 2645 1757 2717; x_wconf 79' lang='grc' dir='ltr'>ἡμίσεις</span> <span class='ocrx_word' id='word_1_215' title='bbox 1790 2645 1971 2699; x_wconf 83' lang='grc' dir='ltr'>ἵσταν-</span> 
     </span>
    </p>
   </div>
   <div class='ocr_carea' id='block_1_28' title="bbox 390 2735 1969 2807">
    <p class='ocr_par' dir='ltr' id='par_1_28' title="bbox 390 2735 1969 2807">
     <span class='ocr_line' id='line_1_28' title="bbox 390 2735 1969 2807; baseline -0.001 -16"><span class='ocrx_word' id='word_1_216' title='bbox 390 2753 482 2791; x_wconf 85' lang='grc' dir='ltr'>ται</span> <span class='ocrx_word' id='word_1_217' title='bbox 511 2735 737 2806; x_wconf 84' lang='grc' dir='ltr'>πλησίον</span> <span class='ocrx_word' id='word_1_218' title='bbox 761 2736 855 2791; x_wconf 89' lang='grc' dir='ltr'>τοῦ</span> <span class='ocrx_word' id='word_1_219' title='bbox 892 2736 1051 2807; x_wconf 86' lang='grc' dir='ltr'>δρους</span> <span class='ocrx_word' id='word_1_220' title='bbox 1075 2735 1269 2800; x_wconf 81' lang='grc' dir='ltr'>Γεϐὰλ,</span> <span class='ocrx_word' id='word_1_221' title='bbox 1298 2737 1392 2791; x_wconf 77' lang='grc' dir='ltr'>καὶ</span> <span class='ocrx_word' id='word_1_222' title='bbox 1421 2738 1468 2790; x_wconf 84' lang='grc' dir='ltr'>οί</span> <span class='ocrx_word' id='word_1_223' title='bbox 1503 2736 1720 2807; x_wconf 76' lang='grc' dir='ltr'>ἡμίσεις</span> <span class='ocrx_word' id='word_1_224' title='bbox 1745 2735 1969 2806; x_wconf 81' lang='grc' dir='ltr'>πλησίον</span> 
     </span>
    </p>
   </div>
   <div class='ocr_carea' id='block_1_29' title="bbox 391 2826 1969 2901">
    <p class='ocr_par' dir='ltr' id='par_1_29' title="bbox 391 2826 1969 2901">
     <span class='ocr_line' id='line_1_29' title="bbox 391 2826 1969 2901; baseline 0 -18"><span class='ocrx_word' id='word_1_225' title='bbox 391 2826 486 2883; x_wconf 87' lang='grc' dir='ltr'>τοῦ</span> <span class='ocrx_word' id='word_1_226' title='bbox 516 2828 675 2901; x_wconf 76' lang='grc' dir='ltr'>ὅρους</span> <span class='ocrx_word' id='word_1_227' title='bbox 710 2827 953 2900; x_wconf 78' lang='grc' dir='ltr'>Γαριζίν.</span> <span class='ocrx_word' id='word_1_228' title='bbox 998 2828 1278 2883; x_wconf 81' lang='grc' dir='ltr'>Ἐντεῦθεν</span> <span class='ocrx_word' id='word_1_229' title='bbox 1305 2829 1375 2883; x_wconf 89' lang='grc' dir='ltr'>τά</span> <span class='ocrx_word' id='word_1_230' title='bbox 1416 2831 1557 2883; x_wconf 80' lang='grc' dir='ltr'>κατὰ</span> <span class='ocrx_word' id='word_1_231' title='bbox 1592 2830 1717 2895; x_wconf 78' lang='grc' dir='ltr'>τοὺς</span> <span class='ocrx_word' id='word_1_232' title='bbox 1745 2827 1969 2883; x_wconf 83' lang='grc' dir='ltr'>Γαϐαω-</span> 
     </span>
    </p>
   </div>
   <div class='ocr_carea' id='block_1_30' title="bbox 392 2913 1965 2992">
    <p class='ocr_par' dir='ltr' id='par_1_30' title="bbox 392 2913 1965 2992">
     <span class='ocr_line' id='line_1_30' title="bbox 392 2913 1965 2992; baseline -0.001 -17"><span class='ocrx_word' id='word_1_233' title='bbox 392 2920 563 2985; x_wconf 88' lang='grc' dir='ltr'>νίτας.</span> <span class='ocrx_word' id='word_1_234' title='bbox 596 2913 755 2974; x_wconf 74' lang='grc' dir='ltr'>Οὗτοι</span> <span class='ocrx_word' id='word_1_235' title='bbox 791 2919 901 2990; x_wconf 89' lang='grc' dir='ltr'>γάρ</span> <span class='ocrx_word' id='word_1_236' title='bbox 932 2919 1263 2984; x_wconf 85' lang='grc' dir='ltr'>ἀκούσαντες</span> <span class='ocrx_word' id='word_1_237' title='bbox 1293 2920 1423 2992; x_wconf 77' lang='grc' dir='ltr'>περὶ</span> <span class='ocrx_word' id='word_1_238' title='bbox 1451 2919 1561 2973; x_wconf 88' lang='grc' dir='ltr'>τῶν</span> <span class='ocrx_word' id='word_1_239' title='bbox 1598 2919 1965 2992; x_wconf 84' lang='grc' dir='ltr'>Ἰσραηλιτῶν,</span> 
     </span>
    </p>
   </div>
   <div class='ocr_carea' id='block_1_31' title="bbox 392 3003 1969 3081">
    <p class='ocr_par' dir='ltr' id='par_1_31' title="bbox 392 3003 1969 3081">
     <span class='ocr_line' id='line_1_31' title="bbox 392 3003 1969 3081; baseline -0.001 -16"><span class='ocrx_word' id='word_1_240' title='bbox 392 3012 487 3065; x_wconf 73' lang='grc' dir='ltr'>καὶ</span> <span class='ocrx_word' id='word_1_241' title='bbox 509 3009 839 3081; x_wconf 82' lang='grc' dir='ltr'>φοϐηθέντες</span> <span class='ocrx_word' id='word_1_242' title='bbox 865 3009 1062 3074; x_wconf 78' lang='grc' dir='ltr'>αὐτοὺς</span> <span class='ocrx_word' id='word_1_243' title='bbox 1082 3010 1141 3077; x_wconf 71' lang='grc' dir='ltr'>ἐξ</span> <span class='ocrx_word' id='word_1_244' title='bbox 1160 3003 1235 3063; x_wconf 81' lang='grc' dir='ltr'>ὧν</span> <span class='ocrx_word' id='word_1_245' title='bbox 1252 3010 1353 3081; x_wconf 78' lang='grc' dir='ltr'>ἤδη</span> <span class='ocrx_word' id='word_1_246' title='bbox 1374 3009 1744 3080; x_wconf 80' lang='grc' dir='ltr'>κατώρθωσαν</span> <span class='ocrx_word' id='word_1_247' title='bbox 1771 3011 1829 3064; x_wconf 83' lang='grc' dir='ltr'>έν</span> <span class='ocrx_word' id='word_1_248' title='bbox 1855 3011 1969 3075; x_wconf 87' lang='grc' dir='ltr'>τοῖς</span> 
     </span>
    </p>
   </div>
   <div class='ocr_carea' id='block_1_32' title="bbox 394 3099 1967 3173">
    <p class='ocr_par' dir='ltr' id='par_1_32' title="bbox 394 3099 1967 3173">
     <span class='ocr_line' id='line_1_32' title="bbox 394 3099 1967 3173; baseline 0 -18"><span class='ocrx_word' id='word_1_249' title='bbox 394 3100 694 3173; x_wconf 85' lang='grc' dir='ltr'>πολεμίοις,</span> <span class='ocrx_word' id='word_1_250' title='bbox 721 3100 969 3173; x_wconf 81' lang='grc' dir='ltr'>ἔρχονται</span> <span class='ocrx_word' id='word_1_251' title='bbox 992 3100 1128 3173; x_wconf 83' lang='grc' dir='ltr'>πρὸς</span> <span class='ocrx_word' id='word_1_252' title='bbox 1155 3100 1370 3165; x_wconf 80' lang='grc' dir='ltr'>αὑτοὺς,</span> <span class='ocrx_word' id='word_1_253' title='bbox 1396 3099 1599 3155; x_wconf 86' lang='grc' dir='ltr'>παλαιά</span> <span class='ocrx_word' id='word_1_254' title='bbox 1624 3101 1967 3173; x_wconf 84' lang='grc' dir='ltr'>περιθέμενοι</span> 
     </span>
    </p>
   </div>
   <div class='ocr_carea' id='block_1_33' title="bbox 394 3189 1965 3263">
    <p class='ocr_par' dir='ltr' id='par_1_33' title="bbox 394 3189 1965 3263">
     <span class='ocr_line' id='line_1_33' title="bbox 394 3189 1965 3263; baseline 0.002 -20"><span class='ocrx_word' id='word_1_255' title='bbox 394 3190 411 3243; x_wconf 89' lang='grc' dir='ltr'>ί</span> <span class='ocrx_word' id='word_1_256' title='bbox 420 3190 607 3262; x_wconf 87' lang='grc' dir='ltr'>μάτια,</span> <span class='ocrx_word' id='word_1_257' title='bbox 626 3190 825 3263; x_wconf 89' lang='grc' dir='ltr'>ἄρτους</span> <span class='ocrx_word' id='word_1_258' title='bbox 844 3189 1227 3261; x_wconf 75' lang='grc' dir='ltr'>ἐπιφερόμενοι</span> <span class='ocrx_word' id='word_1_259' title='bbox 1250 3189 1468 3261; x_wconf 76' lang='grc' dir='ltr'>ξηροὺς,</span> <span class='ocrx_word' id='word_1_260' title='bbox 1503 3191 1762 3245; x_wconf 88' lang='grc' dir='ltr'>σανδάλια</span> <span class='ocrx_word' id='word_1_261' title='bbox 1788 3208 1965 3246; x_wconf 86' lang='grc' dir='ltr'>πεπα-</span> 
     </span>
    </p>
   </div>
   <div class='ocr_carea' id='block_1_34' title="bbox 392 3281 1970 3363">
    <p class='ocr_par' dir='ltr' id='par_1_34' title="bbox 392 3281 1970 3363">
     <span class='ocr_line' id='line_1_34' title="bbox 392 3281 1970 3363; baseline 0 -26"><span class='ocrx_word' id='word_1_262' title='bbox 392 3282 689 3354; x_wconf 83' lang='grc' dir='ltr'>λαιωμένα,</span> <span class='ocrx_word' id='word_1_263' title='bbox 714 3281 808 3336; x_wconf 83' lang='grc' dir='ltr'>καί</span> <span class='ocrx_word' id='word_1_264' title='bbox 830 3299 961 3353; x_wconf 83' lang='grc' dir='ltr'>φασι</span> <span class='ocrx_word' id='word_1_265' title='bbox 984 3282 1122 3355; x_wconf 82' lang='grc' dir='ltr'>πρὸς</span> <span class='ocrx_word' id='word_1_266' title='bbox 1146 3282 1239 3337; x_wconf 89' lang='grc' dir='ltr'>τὸν</span> <span class='ocrx_word' id='word_1_267' title='bbox 1265 3281 1411 3346; x_wconf 83' lang='grc' dir='ltr'>λαὸν,</span> <span class='ocrx_word' id='word_1_268' title='bbox 1437 3283 1520 3337; x_wconf 83' lang='grc' dir='ltr'>ὅτι</span> <span class='ocrx_word' id='word_1_269' title='bbox 1543 3284 1734 3363; x_wconf 47' lang='grc' dir='ltr'>ὲικγῆς</span> <span class='ocrx_word' id='word_1_270' title='bbox 1756 3285 1970 3357; x_wconf 78' lang='grc' dir='ltr'>πόρρω-</span> 
     </span>
    </p>
   </div>
   <div class='ocr_carea' id='block_1_35' title="bbox 393 3373 1969 3448">
    <p class='ocr_par' dir='ltr' id='par_1_35' title="bbox 393 3373 1969 3448">
     <span class='ocr_line' id='line_1_35' title="bbox 393 3373 1969 3448; baseline 0 -19"><span class='ocrx_word' id='word_1_271' title='bbox 393 3374 485 3430; x_wconf 81' lang='grc' dir='ltr'>θεν</span> <span class='ocrx_word' id='word_1_272' title='bbox 513 3376 727 3446; x_wconf 77' lang='grc' dir='ltr'>ἥκουσι,</span> <span class='ocrx_word' id='word_1_273' title='bbox 758 3375 853 3429; x_wconf 84' lang='grc' dir='ltr'>καὶ</span> <span class='ocrx_word' id='word_1_274' title='bbox 883 3376 1108 3447; x_wconf 87' lang='grc' dir='ltr'>σημεῖον</span> <span class='ocrx_word' id='word_1_275' title='bbox 1145 3373 1241 3428; x_wconf 91' lang='grc' dir='ltr'>τοῦ</span> <span class='ocrx_word' id='word_1_276' title='bbox 1281 3374 1469 3447; x_wconf 75' lang='grc' dir='ltr'>πόρρω</span> <span class='ocrx_word' id='word_1_277' title='bbox 1509 3375 1700 3439; x_wconf 89' lang='grc' dir='ltr'>οίκεῖν,</span> <span class='ocrx_word' id='word_1_278' title='bbox 1739 3375 1807 3429; x_wconf 85' lang='grc' dir='ltr'>τὰ</span> <span class='ocrx_word' id='word_1_279' title='bbox 1837 3377 1969 3448; x_wconf 79' lang='grc' dir='ltr'>ἱμά-</span> 
     </span>
    </p>
   </div>
   <div class='ocr_carea' id='block_1_36' title="bbox 393 3466 1965 3537">
    <p class='ocr_par' dir='ltr' id='par_1_36' title="bbox 393 3466 1965 3537">
     <span class='ocr_line' id='line_1_36' title="bbox 393 3466 1965 3537; baseline 0.001 -17"><span class='ocrx_word' id='word_1_280' title='bbox 393 3484 502 3530; x_wconf 89' lang='grc' dir='ltr'>τια,</span> <span class='ocrx_word' id='word_1_281' title='bbox 542 3466 638 3520; x_wconf 78' lang='grc' dir='ltr'>καὶ</span> <span class='ocrx_word' id='word_1_282' title='bbox 685 3467 813 3528; x_wconf 79' lang='grc' dir='ltr'>τοὺς</span> <span class='ocrx_word' id='word_1_283' title='bbox 858 3466 1076 3537; x_wconf 88' lang='grc' dir='ltr'>ἄρτους,</span> <span class='ocrx_word' id='word_1_284' title='bbox 1119 3466 1214 3520; x_wconf 81' lang='grc' dir='ltr'>καὶ</span> <span class='ocrx_word' id='word_1_285' title='bbox 1264 3466 1332 3519; x_wconf 83' lang='grc' dir='ltr'>τὰ</span> <span class='ocrx_word' id='word_1_286' title='bbox 1371 3466 1629 3521; x_wconf 87' lang='grc' dir='ltr'>σανδάλια</span> <span class='ocrx_word' id='word_1_287' title='bbox 1669 3466 1965 3523; x_wconf 73' lang='grc' dir='ltr'>ἐποιοῦντο.</span> 
     </span>
    </p>
   </div>
   <div class='ocr_carea' id='block_1_37' title="bbox 408 3556 1969 3632">
    <p class='ocr_par' dir='ltr' id='par_1_37' title="bbox 408 3556 1969 3632">
     <span class='ocr_line' id='line_1_37' title="bbox 408 3556 1969 3632; baseline 0.003 -20"><span class='ocrx_word' id='word_1_288' title='bbox 408 3560 498 3612; x_wconf 85' lang='grc' dir='ltr'>Ἐν</span> <span class='ocrx_word' id='word_1_289' title='bbox 529 3558 639 3629; x_wconf 83' lang='grc' dir='ltr'>γάρ</span> <span class='ocrx_word' id='word_1_290' title='bbox 665 3560 731 3629; x_wconf 85' lang='grc' dir='ltr'>τῇ</span> <span class='ocrx_word' id='word_1_291' title='bbox 765 3556 870 3629; x_wconf 86' lang='grc' dir='ltr'>ὸδῷ</span> <span class='ocrx_word' id='word_1_292' title='bbox 895 3556 1035 3612; x_wconf 81' lang='grc' dir='ltr'>αὑτά</span> <span class='ocrx_word' id='word_1_293' title='bbox 1067 3557 1479 3612; x_wconf 87' lang='grc' dir='ltr'>πεπαλαιῶσθαι</span> <span class='ocrx_word' id='word_1_294' title='bbox 1505 3559 1709 3628; x_wconf 64' lang='grc' dir='ltr'>ἔλεγον</span> <span class='ocrx_word' id='word_1_295' title='bbox 1738 3562 1893 3632; x_wconf 80' lang='grc' dir='ltr'>ἥκειν</span> <span class='ocrx_word' id='word_1_296' title='bbox 1913 3562 1969 3616; x_wconf 80' lang='grc' dir='ltr'>δὲ</span> 
     </span>
    </p>
   </div>
   <div class='ocr_carea' id='block_1_38' title="bbox 395 3649 1967 3726">
    <p class='ocr_par' dir='ltr' id='par_1_38' title="bbox 395 3649 1967 3726">
     <span class='ocr_line' id='line_1_38' title="bbox 395 3649 1967 3726; baseline 0.004 -22"><span class='ocrx_word' id='word_1_297' title='bbox 395 3650 489 3704; x_wconf 72' lang='grc' dir='ltr'>ἐπὶ</span> <span class='ocrx_word' id='word_1_298' title='bbox 520 3650 599 3723; x_wconf 82' lang='grc' dir='ltr'>τῷ</span> <span class='ocrx_word' id='word_1_299' title='bbox 638 3650 911 3721; x_wconf 80' lang='grc' dir='ltr'>συνθήκας</span> <span class='ocrx_word' id='word_1_300' title='bbox 947 3649 1275 3722; x_wconf 85' lang='grc' dir='ltr'>ποιήσασθαι</span> <span class='ocrx_word' id='word_1_301' title='bbox 1304 3650 1442 3722; x_wconf 90' lang='grc' dir='ltr'>πρὸς</span> <span class='ocrx_word' id='word_1_302' title='bbox 1482 3653 1679 3718; x_wconf 80' lang='grc' dir='ltr'>αὐτοὺς</span> <span class='ocrx_word' id='word_1_303' title='bbox 1725 3655 1967 3726; x_wconf 74' lang='grc' dir='ltr'>εἰρήνης.</span> 
     </span>
    </p>
   </div>
   <div class='ocr_carea' id='block_1_39' title="bbox 396 3740 1967 3817">
    <p class='ocr_par' dir='ltr' id='par_1_39' title="bbox 396 3740 1967 3817">
     <span class='ocr_line' id='line_1_39' title="bbox 396 3740 1967 3817; baseline 0.003 -22"><span class='ocrx_word' id='word_1_304' title='bbox 396 3743 459 3795; x_wconf 76' lang='lat' dir='ltr'><strong><em>Ol</em></strong></span> <span class='ocrx_word' id='word_1_305' title='bbox 495 3741 553 3795; x_wconf 65' lang='grc' dir='ltr'>δὲ</span> <span class='ocrx_word' id='word_1_306' title='bbox 600 3741 675 3813; x_wconf 82' lang='grc' dir='ltr'>μή</span> <span class='ocrx_word' id='word_1_307' title='bbox 710 3740 959 3813; x_wconf 79' lang='grc' dir='ltr'>ὲρόμενοι</span> <span class='ocrx_word' id='word_1_308' title='bbox 996 3740 1088 3795; x_wconf 90' lang='grc' dir='ltr'>τὸν</span> <span class='ocrx_word' id='word_1_309' title='bbox 1127 3741 1280 3808; x_wconf 89' lang='grc' dir='ltr'>Θεὸν,</span> <span class='ocrx_word' id='word_1_310' title='bbox 1323 3743 1645 3815; x_wconf 75' lang='grc' dir='ltr'>ἐποιήσαντο</span> <span class='ocrx_word' id='word_1_311' title='bbox 1677 3745 1967 3817; x_wconf 81' lang='grc' dir='ltr'>συνθήκας.</span> 
     </span>
    </p>
   </div>
   <div class='ocr_carea' id='block_1_40' title="bbox 407 3832 1971 3908">
    <p class='ocr_par' dir='ltr' id='par_1_40' title="bbox 407 3832 1971 3908">
     <span class='ocr_line' id='line_1_40' title="bbox 407 3832 1971 3908; baseline 0.003 -22"><span class='ocrx_word' id='word_1_312' title='bbox 407 3833 495 3897; x_wconf 80' lang='grc' dir='ltr'>Ὠς</span> <span class='ocrx_word' id='word_1_313' title='bbox 521 3832 579 3887; x_wconf 76' lang='grc' dir='ltr'>δὲ</span> <span class='ocrx_word' id='word_1_314' title='bbox 605 3833 851 3903; x_wconf 71' lang='grc' dir='ltr'>ἔγνωσαν</span> <span class='ocrx_word' id='word_1_315' title='bbox 882 3833 1242 3906; x_wconf 80' lang='grc' dir='ltr'>ἡπατημένοι,</span> <span class='ocrx_word' id='word_1_316' title='bbox 1274 3834 1367 3890; x_wconf 74' lang='grc' dir='ltr'>καὶ</span> <span class='ocrx_word' id='word_1_317' title='bbox 1397 3837 1478 3890; x_wconf 86' lang='grc' dir='ltr'>ὅτι</span> <span class='ocrx_word' id='word_1_318' title='bbox 1506 3835 1568 3890; x_wconf 89' lang='grc' dir='ltr'>ού</span> <span class='ocrx_word' id='word_1_319' title='bbox 1596 3836 1801 3908; x_wconf 73' lang='grc' dir='ltr'>πόρρω,</span> <span class='ocrx_word' id='word_1_320' title='bbox 1835 3837 1971 3892; x_wconf 85' lang='grc' dir='ltr'>ἀλλὰ</span> 
     </span>
    </p>
   </div>
   <div class='ocr_carea' id='block_1_41' title="bbox 398 3922 1964 4001">
    <p class='ocr_par' dir='ltr' id='par_1_41' title="bbox 398 3922 1964 4001">
     <span class='ocr_line' id='line_1_41' title="bbox 398 3922 1964 4001; baseline -0.002 -17"><span class='ocrx_word' id='word_1_321' title='bbox 398 3928 625 4001; x_wconf 85' lang='grc' dir='ltr'>πλησίον</span> <span class='ocrx_word' id='word_1_322' title='bbox 655 3925 885 3990; x_wconf 74' lang='grc' dir='ltr'>οἰκοῦσι,</span> <span class='ocrx_word' id='word_1_323' title='bbox 934 3925 1010 3998; x_wconf 79' lang='grc' dir='ltr'>μή</span> <span class='ocrx_word' id='word_1_324' title='bbox 1041 3922 1329 3997; x_wconf 86' lang='grc' dir='ltr'>δυνάμενοι</span> <span class='ocrx_word' id='word_1_325' title='bbox 1360 3928 1559 3993; x_wconf 79' lang='grc' dir='ltr'>αὐτοὺς</span> <span class='ocrx_word' id='word_1_326' title='bbox 1591 3930 1964 4000; x_wconf 85' lang='grc' dir='ltr'>καταπολεμῆ-</span> 
     </span>
    </p>
   </div>
   <div class='ocr_carea' id='block_1_42' title="bbox 399 4018 1971 4092">
    <p class='ocr_par' dir='ltr' id='par_1_42' title="bbox 399 4018 1971 4092">
     <span class='ocr_line' id='line_1_42' title="bbox 399 4018 1971 4092; baseline -0.002 -13"><span class='ocrx_word' id='word_1_327' title='bbox 399 4041 489 4079; x_wconf 90' lang='grc' dir='ltr'>σαι</span> <span class='ocrx_word' id='word_1_328' title='bbox 531 4022 617 4078; x_wconf 86' lang='grc' dir='ltr'>διά</span> <span class='ocrx_word' id='word_1_329' title='bbox 653 4022 779 4086; x_wconf 77' lang='grc' dir='ltr'>τοὺς</span> <span class='ocrx_word' id='word_1_330' title='bbox 805 4020 1024 4092; x_wconf 79' lang='grc' dir='ltr'>ὅρκους,</span> <span class='ocrx_word' id='word_1_331' title='bbox 1052 4018 1273 4085; x_wconf 81' lang='grc' dir='ltr'>δούλους</span> <span class='ocrx_word' id='word_1_332' title='bbox 1295 4021 1617 4092; x_wconf 79' lang='grc' dir='ltr'>ἐποιήσαντο</span> <span class='ocrx_word' id='word_1_333' title='bbox 1646 4022 1971 4088; x_wconf 82' lang='grc' dir='ltr'>ξυλοκόπους</span> 
     </span>
    </p>
   </div>
   <div class='ocr_carea' id='block_1_43' title="bbox 396 4111 1970 4186">
    <p class='ocr_par' dir='ltr' id='par_1_43' title="bbox 396 4111 1970 4186">
     <span class='ocr_line' id='line_1_43' title="bbox 396 4111 1970 4186; baseline -0.001 -17"><span class='ocrx_word' id='word_1_334' title='bbox 396 4133 457 4169; x_wconf 82' lang='grc' dir='ltr'>τε</span> <span class='ocrx_word' id='word_1_335' title='bbox 490 4115 584 4169; x_wconf 75' lang='grc' dir='ltr'>καὶ</span> <span class='ocrx_word' id='word_1_336' title='bbox 620 4112 969 4184; x_wconf 83' lang='grc' dir='ltr'>ὑδροφόρους.</span> <span class='ocrx_word' id='word_1_337' title='bbox 1011 4111 1276 4166; x_wconf 80' lang='grc' dir='ltr'>Ἐνταῦθα</span> <span class='ocrx_word' id='word_1_338' title='bbox 1319 4113 1560 4167; x_wconf 77' lang='grc' dir='ltr'>ἐκϐαίνει</span> <span class='ocrx_word' id='word_1_339' title='bbox 1592 4116 1626 4185; x_wconf 88' lang='grc' dir='ltr'>ἡ</span> <span class='ocrx_word' id='word_1_340' title='bbox 1669 4114 1970 4186; x_wconf 76' lang='grc' dir='ltr'>πρόρρησις</span> 
     </span>
    </p>
   </div>
   <div class='ocr_carea' id='block_1_44' title="bbox 395 4199 1969 4276">
    <p class='ocr_par' dir='ltr' id='par_1_44' title="bbox 395 4199 1969 4276">
     <span class='ocr_line' id='line_1_44' title="bbox 395 4199 1969 4276; baseline 0.001 -16"><span class='ocrx_word' id='word_1_341' title='bbox 395 4206 488 4261; x_wconf 90' lang='grc' dir='ltr'>τοῦ</span> <span class='ocrx_word' id='word_1_342' title='bbox 521 4204 665 4270; x_wconf 86' lang='grc' dir='ltr'>Νῶε,</span> <span class='ocrx_word' id='word_1_343' title='bbox 697 4208 764 4276; x_wconf 75' lang='grc' dir='ltr'>ἢν</span> <span class='ocrx_word' id='word_1_344' title='bbox 794 4199 936 4258; x_wconf 78' lang='grc' dir='ltr'>εἷπε·</span> <span class='ocrx_word' id='word_1_345' title='bbox 964 4205 1207 4259; x_wconf 79' lang='grc' dir='ltr'>Χαναὰν</span> <span class='ocrx_word' id='word_1_346' title='bbox 1229 4205 1367 4271; x_wconf 82' lang='grc' dir='ltr'>παῖς</span> <span class='ocrx_word' id='word_1_347' title='bbox 1395 4204 1647 4273; x_wconf 79' lang='grc' dir='ltr'>οίκέτης’</span> <span class='ocrx_word' id='word_1_348' title='bbox 1684 4207 1741 4274; x_wconf 77' lang='grc' dir='ltr'>ἐξ</span> <span class='ocrx_word' id='word_1_349' title='bbox 1763 4208 1969 4261; x_wconf 78' lang='grc' dir='ltr'>ἐκείνου</span> 
     </span>
    </p>
   </div>
   <div class='ocr_carea' id='block_1_45' title="bbox 394 4291 1969 4372">
    <p class='ocr_par' dir='ltr' id='par_1_45' title="bbox 394 4291 1969 4372">
     <span class='ocr_line' id='line_1_45' title="bbox 394 4291 1969 4372; baseline 0.001 -19"><span class='ocrx_word' id='word_1_350' title='bbox 394 4300 504 4372; x_wconf 89' lang='grc' dir='ltr'>γάρ</span> <span class='ocrx_word' id='word_1_351' title='bbox 557 4301 693 4354; x_wconf 79' lang='grc' dir='ltr'>εἰσιν</span> <span class='ocrx_word' id='word_1_352' title='bbox 751 4291 920 4353; x_wconf 75' lang='grc' dir='ltr'>οὗτοι.</span> <span class='ocrx_word' id='word_1_353' title='bbox 977 4300 1250 4353; x_wconf 82' lang='grc' dir='ltr'>Ἤκουσεν</span> <span class='ocrx_word' id='word_1_354' title='bbox 1311 4298 1663 4362; x_wconf 76' lang='grc' dir='ltr'>Ἀδωνιϐεζὲκ</span> <span class='ocrx_word' id='word_1_355' title='bbox 1720 4300 1969 4369; x_wconf 78' lang='grc' dir='ltr'>βασιλεὺς</span> 
     </span>
    </p>
   </div>
   <div class='ocr_carea' id='block_1_46' title="bbox 408 4389 1970 4461">
    <p class='ocr_par' dir='ltr' id='par_1_46' title="bbox 408 4389 1970 4461">
     <span class='ocr_line' id='line_1_46' title="bbox 408 4389 1970 4461; baseline 0.001 -15"><span class='ocrx_word' id='word_1_356' title='bbox 408 4390 781 4461; x_wconf 80' lang='grc' dir='ltr'>Ἰερουσαλὴμ,</span> <span class='ocrx_word' id='word_1_357' title='bbox 816 4389 1078 4461; x_wconf 63' lang='lat'>[560161;</span> <span class='ocrx_word' id='word_1_358' title='bbox 1110 4390 1254 4443; x_wconf 84' lang='grc' dir='ltr'>έάλω</span> <span class='ocrx_word' id='word_1_359' title='bbox 1293 4390 1499 4460; x_wconf 83' lang='grc' dir='ltr'>Ἰεριχὼ</span> <span class='ocrx_word' id='word_1_360' title='bbox 1536 4393 1629 4444; x_wconf 76' lang='grc' dir='ltr'>καὶ</span> <span class='ocrx_word' id='word_1_361' title='bbox 1669 4393 1835 4457; x_wconf 77' lang='grc' dir='ltr'>Γάζα.</span> <span class='ocrx_word' id='word_1_362' title='bbox 1875 4395 1970 4448; x_wconf 75' lang='grc' dir='ltr'>καὶ</span> 
     </span>
    </p>
   </div>
   <div class='ocr_carea' id='block_1_47' title="bbox 397 4480 1968 4554">
    <p class='ocr_par' dir='ltr' id='par_1_47' title="bbox 397 4480 1968 4554">
     <span class='ocr_line' id='line_1_47' title="bbox 397 4480 1968 4554; baseline 0.001 -19"><span class='ocrx_word' id='word_1_363' title='bbox 397 4483 479 4535; x_wconf 77' lang='grc' dir='ltr'>ὅτι</span> <span class='ocrx_word' id='word_1_364' title='bbox 529 4480 906 4551; x_wconf 80' lang='grc' dir='ltr'>ηὐτομόλησαν</span> <span class='ocrx_word' id='word_1_365' title='bbox 945 4483 995 4534; x_wconf 84' lang='grc' dir='ltr'>οί</span> <span class='ocrx_word' id='word_1_366' title='bbox 1036 4480 1395 4542; x_wconf 83' lang='grc' dir='ltr'>Γαϐαωνῖται,</span> <span class='ocrx_word' id='word_1_367' title='bbox 1448 4482 1539 4534; x_wconf 76' lang='grc' dir='ltr'>καὶ</span> <span class='ocrx_word' id='word_1_368' title='bbox 1590 4483 1968 4554; x_wconf 78' lang='grc' dir='ltr'>ἐπιστρατεύει</span> 
     </span>
    </p>
   </div>
   <div class='ocr_carea' id='block_1_48' title="bbox 397 4571 1969 4644">
    <p class='ocr_par' dir='ltr' id='par_1_48' title="bbox 397 4571 1969 4644">
     <span class='ocr_line' id='line_1_48' title="bbox 397 4571 1969 4644; baseline 0.002 -16"><span class='ocrx_word' id='word_1_369' title='bbox 397 4575 483 4628; x_wconf 73' lang='grc' dir='ltr'>ἐπ’</span> <span class='ocrx_word' id='word_1_370' title='bbox 511 4573 710 4637; x_wconf 85' lang='grc' dir='ltr'>αὑτοὺς</span> <span class='ocrx_word' id='word_1_371' title='bbox 746 4577 883 4644; x_wconf 84' lang='grc' dir='ltr'>μετά</span> <span class='ocrx_word' id='word_1_372' title='bbox 906 4575 999 4626; x_wconf 69' lang='grc' dir='ltr'>καὶ</span> <span class='ocrx_word' id='word_1_373' title='bbox 1025 4572 1227 4644; x_wconf 81' lang='grc' dir='ltr'>ἑτέρων</span> <span class='ocrx_word' id='word_1_374' title='bbox 1264 4571 1543 4643; x_wconf 81' lang='grc' dir='ltr'>βασιλέων.</span> <span class='ocrx_word' id='word_1_375' title='bbox 1574 4577 1634 4629; x_wconf 80' lang='grc' dir='ltr'>Οί</span> <span class='ocrx_word' id='word_1_376' title='bbox 1661 4576 1717 4628; x_wconf 82' lang='grc' dir='ltr'>δὲ</span> <span class='ocrx_word' id='word_1_377' title='bbox 1743 4576 1969 4632; x_wconf 76' lang='grc' dir='ltr'>ἐκάλουν</span> 
     </span>
    </p>
   </div>
   <div class='ocr_carea' id='block_1_49' title="bbox 396 4660 1966 4739">
    <p class='ocr_par' dir='ltr' id='par_1_49' title="bbox 396 4660 1966 4739">
     <span class='ocr_line' id='line_1_49' title="bbox 396 4660 1966 4739; baseline 0.002 -19"><span class='ocrx_word' id='word_1_378' title='bbox 396 4669 475 4731; x_wconf 82' lang='grc' dir='ltr'>εἰς</span> <span class='ocrx_word' id='word_1_379' title='bbox 520 4666 833 4739; x_wconf 85' lang='grc' dir='ltr'>συμμαχίαν</span> <span class='ocrx_word' id='word_1_380' title='bbox 874 4666 964 4720; x_wconf 87' lang='grc' dir='ltr'>τὸν</span> <span class='ocrx_word' id='word_1_381' title='bbox 1000 4664 1229 4736; x_wconf 84' lang='grc' dir='ltr'>Ἰησοῦν.</span> <span class='ocrx_word' id='word_1_382' title='bbox 1262 4660 1434 4721; x_wconf 84' lang='grc' dir='ltr'>Ἦλθε</span> <span class='ocrx_word' id='word_1_383' title='bbox 1471 4667 1527 4720; x_wconf 80' lang='grc' dir='ltr'>δὲ</span> <span class='ocrx_word' id='word_1_384' title='bbox 1561 4669 1654 4722; x_wconf 75' lang='grc' dir='ltr'>καὶ</span> <span class='ocrx_word' id='word_1_385' title='bbox 1687 4669 1966 4734; x_wconf 80' lang='grc' dir='ltr'>συνέϐαλε,</span> 
     </span>
    </p>
   </div>
   <div class='ocr_carea' id='block_1_50' title="bbox 395 4755 1967 4828">
    <p class='ocr_par' dir='ltr' id='par_1_50' title="bbox 395 4755 1967 4828">
     <span class='ocr_line' id='line_1_50' title="bbox 395 4755 1967 4828; baseline 0.001 -18"><span class='ocrx_word' id='word_1_386' title='bbox 395 4756 491 4811; x_wconf 72' lang='grc' dir='ltr'>καὶ</span> <span class='ocrx_word' id='word_1_387' title='bbox 524 4756 786 4828; x_wconf 73' lang='grc' dir='ltr'>ἐτρέψατο</span> <span class='ocrx_word' id='word_1_388' title='bbox 814 4755 1029 4819; x_wconf 75' lang='grc' dir='ltr'>αὐτούς’</span> <span class='ocrx_word' id='word_1_389' title='bbox 1058 4756 1149 4809; x_wconf 75' lang='grc' dir='ltr'>καὶ</span> <span class='ocrx_word' id='word_1_390' title='bbox 1178 4755 1381 4810; x_wconf 87' lang='grc' dir='ltr'>ἄνωθεν</span> <span class='ocrx_word' id='word_1_391' title='bbox 1413 4756 1500 4809; x_wconf 73' lang='grc' dir='ltr'>ἐπ’</span> <span class='ocrx_word' id='word_1_392' title='bbox 1525 4757 1719 4820; x_wconf 78' lang='grc' dir='ltr'>αὑτοὺς</span> <span class='ocrx_word' id='word_1_393' title='bbox 1760 4758 1967 4828; x_wconf 77' lang='grc' dir='ltr'>χάλαζα</span> 
     </span>
    </p>
   </div>
   <div class='ocr_carea' id='block_1_51' title="bbox 396 4849 1968 4921">
    <p class='ocr_par' dir='ltr' id='par_1_51' title="bbox 396 4849 1968 4921">
     <span class='ocr_line' id='line_1_51' title="bbox 396 4849 1968 4921; baseline 0.001 -17"><span class='ocrx_word' id='word_1_394' title='bbox 396 4851 726 4920; x_wconf 76' lang='grc' dir='ltr'>κατηνέχθησ</span> <span class='ocrx_word' id='word_1_395' title='bbox 754 4850 848 4903; x_wconf 74' lang='grc' dir='ltr'>καὶ</span> <span class='ocrx_word' id='word_1_396' title='bbox 888 4850 1106 4913; x_wconf 78' lang='grc' dir='ltr'>πλείους</span> <span class='ocrx_word' id='word_1_397' title='bbox 1138 4849 1344 4902; x_wconf 85' lang='grc' dir='ltr'>ἀνεῖλεν</span> <span class='ocrx_word' id='word_1_398' title='bbox 1374 4850 1405 4920; x_wconf 89' lang='grc' dir='ltr'>ἡ</span> <span class='ocrx_word' id='word_1_399' title='bbox 1439 4849 1666 4920; x_wconf 78' lang='grc' dir='ltr'>χάλαζα,</span> <span class='ocrx_word' id='word_1_400' title='bbox 1707 4850 1739 4921; x_wconf 83' lang='grc' dir='ltr'>ἢ</span> <span class='ocrx_word' id='word_1_401' title='bbox 1772 4852 1820 4904; x_wconf 87' lang='grc' dir='ltr'>οί</span> <span class='ocrx_word' id='word_1_402' title='bbox 1863 4852 1968 4905; x_wconf 69' lang='grc' dir='ltr'>υἱοὶ</span> 
     </span>
    </p>
   </div>
   <div class='ocr_carea' id='block_1_52' title="bbox 400 4940 1969 5019">
    <p class='ocr_par' dir='ltr' id='par_1_52' title="bbox 400 4940 1969 5019">
     <span class='ocr_line' id='line_1_52' title="bbox 400 4940 1969 5019; baseline 0.003 -26"><span class='ocrx_word' id='word_1_403' title='bbox 400 4942 620 5011; x_wconf 80' lang='grc' dir='ltr'>Ἰσραήλ</span> <span class='ocrx_word' id='word_1_404' title='bbox 663 4943 720 4993; x_wconf 79' lang='grc' dir='ltr'>ἐν</span> <span class='ocrx_word' id='word_1_405' title='bbox 771 4942 1033 5012; x_wconf 75' lang='grc' dir='ltr'>μαχαίρᾳ.</span> <span class='ocrx_word' id='word_1_406' title='bbox 1074 4941 1207 4995; x_wconf 83' lang='grc' dir='ltr'>Τότε</span> <span class='ocrx_word' id='word_1_407' title='bbox 1257 4940 1386 5012; x_wconf 80' lang='grc' dir='ltr'>ἔστη</span> <span class='ocrx_word' id='word_1_408' title='bbox 1431 4944 1458 4995; x_wconf 91' lang='lat'>6</span> <span class='ocrx_word' id='word_1_409' title='bbox 1496 4942 1657 5019; x_wconf 78' lang='grc' dir='ltr'>ἥλιος</span> <span class='ocrx_word' id='word_1_410' title='bbox 1689 4943 1829 4997; x_wconf 78' lang='grc' dir='ltr'>κατὰ</span> <span class='ocrx_word' id='word_1_411' title='bbox 1864 4944 1969 4998; x_wconf 85' lang='grc' dir='ltr'>Γα-</span> 
     </span>
    </p>
   </div>
   <div class='ocr_carea' id='block_1_53' title="bbox 394 5028 1967 5101">
    <p class='ocr_par' dir='ltr' id='par_1_53' title="bbox 394 5028 1967 5101">
     <span class='ocr_line' id='line_1_53' title="bbox 394 5028 1967 5101; baseline 0.004 -22"><span class='ocrx_word' id='word_1_412' title='bbox 394 5028 565 5089; x_wconf 87' lang='grc' dir='ltr'>ϐαὼν,</span> <span class='ocrx_word' id='word_1_413' title='bbox 590 5031 683 5081; x_wconf 70' lang='grc' dir='ltr'>καὶ</span> <span class='ocrx_word' id='word_1_414' title='bbox 708 5032 741 5099; x_wconf 87' lang='grc' dir='ltr'>ἡ</span> <span class='ocrx_word' id='word_1_415' title='bbox 776 5030 969 5100; x_wconf 86' lang='grc' dir='ltr'>σελήνη</span> <span class='ocrx_word' id='word_1_416' title='bbox 994 5030 1132 5083; x_wconf 74' lang='grc' dir='ltr'>κατὰ</span> <span class='ocrx_word' id='word_1_417' title='bbox 1155 5031 1412 5101; x_wconf 81' lang='grc' dir='ltr'>φάραγγα</span> <span class='ocrx_word' id='word_1_418' title='bbox 1446 5031 1643 5100; x_wconf 84' lang='grc' dir='ltr'>Ἐλώμ·</span> <span class='ocrx_word' id='word_1_419' title='bbox 1672 5032 1765 5084; x_wconf 70' lang='grc' dir='ltr'>καὶ</span> <span class='ocrx_word' id='word_1_420' title='bbox 1791 5033 1967 5086; x_wconf 88' lang='grc' dir='ltr'>πάντα</span> 
     </span>
    </p>
   </div>
   <div class='ocr_carea' id='block_1_54' title="bbox 394 5117 1967 5192">
    <p class='ocr_par' dir='ltr' id='par_1_54' title="bbox 394 5117 1967 5192">
     <span class='ocr_line' id='line_1_54' title="bbox 394 5117 1967 5192; baseline 0.004 -21"><span class='ocrx_word' id='word_1_421' title='bbox 394 5118 503 5171; x_wconf 87' lang='grc' dir='ltr'>τῶν</span> <span class='ocrx_word' id='word_1_422' title='bbox 535 5117 744 5189; x_wconf 79' lang='grc' dir='ltr'>ἐχθρῶν</span> <span class='ocrx_word' id='word_1_423' title='bbox 771 5120 861 5173; x_wconf 90' lang='grc' dir='ltr'>τὸν</span> <span class='ocrx_word' id='word_1_424' title='bbox 894 5120 1022 5173; x_wconf 79' lang='grc' dir='ltr'>λαὸν</span> <span class='ocrx_word' id='word_1_425' title='bbox 1051 5120 1367 5174; x_wconf 84' lang='grc' dir='ltr'>ἀπέκτεινεν</span> <span class='ocrx_word' id='word_1_426' title='bbox 1400 5120 1623 5192; x_wconf 88' lang='grc' dir='ltr'>Ἰησοῦς,</span> <span class='ocrx_word' id='word_1_427' title='bbox 1672 5123 1767 5175; x_wconf 71' lang='grc' dir='ltr'>καὶ</span> <span class='ocrx_word' id='word_1_428' title='bbox 1808 5124 1967 5178; x_wconf 85' lang='grc' dir='ltr'>πέντε</span> 
     </span>
    </p>
   </div>
   <div class='ocr_carea' id='block_1_55' title="bbox 397 5208 1965 5285">
    <p class='ocr_par' dir='ltr' id='par_1_55' title="bbox 397 5208 1965 5285">
     <span class='ocr_line' id='line_1_55' title="bbox 397 5208 1965 5285; baseline 0.003 -20"><span class='ocrx_word' id='word_1_429' title='bbox 397 5210 653 5281; x_wconf 78' lang='grc' dir='ltr'>βασιλεῖς.</span> <span class='ocrx_word' id='word_1_430' title='bbox 688 5208 812 5263; x_wconf 80' lang='grc' dir='ltr'>Εἶλε</span> <span class='ocrx_word' id='word_1_431' title='bbox 844 5211 899 5264; x_wconf 79' lang='grc' dir='ltr'>δὲ</span> <span class='ocrx_word' id='word_1_432' title='bbox 944 5213 1036 5265; x_wconf 68' lang='grc' dir='ltr'>καὶ</span> <span class='ocrx_word' id='word_1_433' title='bbox 1081 5213 1178 5283; x_wconf 84' lang='grc' dir='ltr'>τὴν</span> <span class='ocrx_word' id='word_1_434' title='bbox 1213 5214 1469 5283; x_wconf 84' lang='grc' dir='ltr'>Μακηλά,</span> <span class='ocrx_word' id='word_1_435' title='bbox 1502 5215 1595 5267; x_wconf 71' lang='grc' dir='ltr'>καὶ</span> <span class='ocrx_word' id='word_1_436' title='bbox 1623 5214 1719 5285; x_wconf 81' lang='grc' dir='ltr'>τὴν</span> <span class='ocrx_word' id='word_1_437' title='bbox 1766 5215 1965 5280; x_wconf 69' lang='grc' dir='ltr'>Λοϐνά,</span> 
     </span>
    </p>
   </div>
   <div class='ocr_carea' id='block_1_56' title="bbox 395 5299 1964 5374">
    <p class='ocr_par' dir='ltr' id='par_1_56' title="bbox 395 5299 1964 5374">
     <span class='ocr_line' id='line_1_56' title="bbox 395 5299 1964 5374; baseline 0.002 -20"><span class='ocrx_word' id='word_1_438' title='bbox 395 5300 489 5354; x_wconf 79' lang='lat' dir='ltr'><strong><em>xal</em></strong></span> <span class='ocrx_word' id='word_1_439' title='bbox 538 5299 639 5371; x_wconf 83' lang='grc' dir='ltr'>τὴν</span> <span class='ocrx_word' id='word_1_440' title='bbox 679 5299 869 5369; x_wconf 79' lang='grc' dir='ltr'>Λαχὶς,</span> <span class='ocrx_word' id='word_1_441' title='bbox 906 5301 999 5353; x_wconf 82' lang='grc' dir='ltr'>καὶ</span> <span class='ocrx_word' id='word_1_442' title='bbox 1036 5300 1131 5371; x_wconf 83' lang='grc' dir='ltr'>τὴν</span> <span class='ocrx_word' id='word_1_443' title='bbox 1174 5300 1407 5363; x_wconf 87' lang='grc' dir='ltr'>Ὀδολάν,</span> <span class='ocrx_word' id='word_1_444' title='bbox 1449 5303 1542 5355; x_wconf 71' lang='grc' dir='ltr'>καὶ</span> <span class='ocrx_word' id='word_1_445' title='bbox 1580 5302 1676 5373; x_wconf 83' lang='grc' dir='ltr'>τὴν</span> <span class='ocrx_word' id='word_1_446' title='bbox 1720 5303 1964 5374; x_wconf 87' lang='grc' dir='ltr'>Χεϐρὼν,</span> 
     </span>
    </p>
   </div>
   <div class='ocr_carea' id='block_1_57' title="bbox 394 5387 1960 5462">
    <p class='ocr_par' dir='ltr' id='par_1_57' title="bbox 394 5387 1960 5462">
     <span class='ocr_line' id='line_1_57' title="bbox 394 5387 1960 5462; baseline 0.001 -19"><span class='ocrx_word' id='word_1_447' title='bbox 394 5390 490 5443; x_wconf 72' lang='grc' dir='ltr'>καὶ</span> <span class='ocrx_word' id='word_1_448' title='bbox 530 5388 627 5449; x_wconf 76' lang='grc' dir='ltr'>τὴν</span> <span class='ocrx_word' id='word_1_449' title='bbox 672 5387 873 5459; x_wconf 82' lang='grc' dir='ltr'>Δαϐήρ,</span> <span class='ocrx_word' id='word_1_450' title='bbox 908 5387 1002 5441; x_wconf 76' lang='grc' dir='ltr'>καὶ</span> <span class='ocrx_word' id='word_1_451' title='bbox 1039 5387 1138 5457; x_wconf 79' lang='grc' dir='ltr'>τὴν</span> <span class='ocrx_word' id='word_1_452' title='bbox 1179 5388 1413 5459; x_wconf 85' lang='grc' dir='ltr'>ὀρεινὴν,</span> <span class='ocrx_word' id='word_1_453' title='bbox 1458 5391 1552 5443; x_wconf 73' lang='grc' dir='ltr'>καὶ</span> <span class='ocrx_word' id='word_1_454' title='bbox 1595 5390 1693 5461; x_wconf 74' lang='grc' dir='ltr'>τὴν</span> <span class='ocrx_word' id='word_1_455' title='bbox 1722 5391 1960 5462; x_wconf 85' lang='grc' dir='ltr'>πεδινήν.</span> 
     </span>
    </p>
   </div>
   <div class='ocr_carea' id='block_1_58' title="bbox 395 5475 1963 5547">
    <p class='ocr_par' dir='ltr' id='par_1_58' title="bbox 395 5475 1963 5547">
     <span class='ocr_line' id='line_1_58' title="bbox 395 5475 1963 5547; baseline 0.003 -19"><span class='ocrx_word' id='word_1_456' title='bbox 395 5475 661 5543; x_wconf 85' lang='grc' dir='ltr'>Συνῆλθον</span> <span class='ocrx_word' id='word_1_457' title='bbox 694 5476 867 5547; x_wconf 75' lang='grc' dir='ltr'>ἕτεροι</span> <span class='ocrx_word' id='word_1_458' title='bbox 906 5475 1142 5547; x_wconf 86' lang='grc' dir='ltr'>βασιλεῖς</span> <span class='ocrx_word' id='word_1_459' title='bbox 1191 5476 1375 5529; x_wconf 77' lang='grc' dir='ltr'>πολλοὶ</span> <span class='ocrx_word' id='word_1_460' title='bbox 1421 5476 1557 5547; x_wconf 86' lang='grc' dir='ltr'>μετά</span> <span class='ocrx_word' id='word_1_461' title='bbox 1592 5479 1963 5547; x_wconf 83' lang='grc' dir='ltr'>στρατοπέδων</span> 
     </span>
    </p>
   </div>
   <div class='ocr_carea' id='block_1_59' title="bbox 398 5560 1962 5635">
    <p class='ocr_par' dir='ltr' id='par_1_59' title="bbox 398 5560 1962 5635">
     <span class='ocr_line' id='line_1_59' title="bbox 398 5560 1962 5635; baseline 0.004 -20"><span class='ocrx_word' id='word_1_462' title='bbox 398 5562 669 5631; x_wconf 86' lang='grc' dir='ltr'>μεγάλων,</span> <span class='ocrx_word' id='word_1_463' title='bbox 705 5565 799 5619; x_wconf 76' lang='grc' dir='ltr'>καὶ</span> <span class='ocrx_word' id='word_1_464' title='bbox 846 5565 1066 5629; x_wconf 88' lang='grc' dir='ltr'>τούτους</span> <span class='ocrx_word' id='word_1_465' title='bbox 1108 5560 1250 5618; x_wconf 78' lang='grc' dir='ltr'>εἷλεν</span> <span class='ocrx_word' id='word_1_466' title='bbox 1300 5566 1521 5634; x_wconf 88' lang='grc' dir='ltr'>Ἰησοῦς.</span> <span class='ocrx_word' id='word_1_467' title='bbox 1571 5566 1851 5635; x_wconf 81' lang='grc' dir='ltr'>Ἐγκειται</span> <span class='ocrx_word' id='word_1_468' title='bbox 1905 5568 1962 5621; x_wconf 81' lang='grc' dir='ltr'>δὲ</span> 
     </span>
    </p>
   </div>
   <div class='ocr_carea' id='block_1_60' title="bbox 393 5650 1958 5723">
    <p class='ocr_par' dir='ltr' id='par_1_60' title="bbox 393 5650 1958 5723">
     <span class='ocr_line' id='line_1_60' title="bbox 393 5650 1958 5723; baseline 0.004 -22"><span class='ocrx_word' id='word_1_469' title='bbox 393 5650 570 5705; x_wconf 83' lang='grc' dir='ltr'>αὑτῶν</span> <span class='ocrx_word' id='word_1_470' title='bbox 600 5653 828 5706; x_wconf 75' lang='grc' dir='ltr'>ἐνταῦθα</span> <span class='ocrx_word' id='word_1_471' title='bbox 859 5653 951 5707; x_wconf 71' lang='grc' dir='ltr'>καὶ</span> <span class='ocrx_word' id='word_1_472' title='bbox 981 5652 1049 5706; x_wconf 86' lang='grc' dir='ltr'>τά</span> <span class='ocrx_word' id='word_1_473' title='bbox 1078 5652 1317 5723; x_wconf 87' lang='grc' dir='ltr'>ὀνόματα</span> <span class='ocrx_word' id='word_1_474' title='bbox 1348 5654 1440 5708; x_wconf 78' lang='grc' dir='ltr'>καὶ</span> <span class='ocrx_word' id='word_1_475' title='bbox 1477 5655 1534 5708; x_wconf 76' lang='lat' dir='ltr'>al</span> <span class='ocrx_word' id='word_1_476' title='bbox 1575 5654 1773 5715; x_wconf 81' lang='grc' dir='ltr'>πόλεις.</span> <span class='ocrx_word' id='word_1_477' title='bbox 1810 5658 1899 5708; x_wconf 78' lang='grc' dir='ltr'>καὶ</span> <span class='ocrx_word' id='word_1_478' title='bbox 1931 5656 1958 5707; x_wconf 87' lang='grc' dir='ltr'>ό</span> 
     </span>
    </p>
   </div>
   <div class='ocr_carea' id='block_1_61' title="bbox 1086 210 2917 290">
    <p class='ocr_par' dir='ltr' id='par_1_61' title="bbox 1086 210 2917 290">
     <span class='ocr_line' id='line_1_61' title="bbox 1086 210 2917 290; baseline 0.008 -15"><span class='ocrx_word' id='word_1_479' title='bbox 1086 220 1144 277; x_wconf 90' lang='lat' dir='ltr'>s.</span> <span class='ocrx_word' id='word_1_480' title='bbox 1182 221 1465 279; x_wconf 71' lang='lat' dir='ltr'>JOANMS</span> <span class='ocrx_word' id='word_1_481' title='bbox 1500 220 1987 281; x_wconf 71' lang='lat' dir='ltr'>CHRYSOSTOMI</span> <span class='ocrx_word' id='word_1_482' title='bbox 2019 210 2336 285; x_wconf 74' lang='lat' dir='ltr'>A‘ncmEp.</span> <span class='ocrx_word' id='word_1_483' title='bbox 2368 220 2917 290; x_wconf 71' lang='lat' dir='ltr'>CONSTANTINOP.</span> 
     </span>
    </p>
   </div>
   <div class='ocr_carea' id='block_1_62' title="bbox 2060 340 3636 426">
    <p class='ocr_par' dir='ltr' id='par_1_62' title="bbox 2060 340 3636 426">
     <span class='ocr_line' id='line_1_62' title="bbox 2060 340 3636 426; baseline 0.012 -34"><span class='ocrx_word' id='word_1_484' title='bbox 2060 340 2311 413; x_wconf 82' lang='grc' dir='ltr'>ἀριθμός.</span> <span class='ocrx_word' id='word_1_485' title='bbox 2348 346 2755 416; x_wconf 78' lang='grc' dir='ltr'>Προστάσσεται</span> <span class='ocrx_word' id='word_1_486' title='bbox 2781 351 2837 404; x_wconf 79' lang='grc' dir='ltr'>δὲ</span> <span class='ocrx_word' id='word_1_487' title='bbox 2873 350 3081 421; x_wconf 85' lang='grc' dir='ltr'>Ἰησοῦς</span> <span class='ocrx_word' id='word_1_488' title='bbox 3108 350 3379 406; x_wconf 80' lang='grc' dir='ltr'>διαδοῦναι</span> <span class='ocrx_word' id='word_1_489' title='bbox 3407 354 3508 425; x_wconf 82' lang='grc' dir='ltr'>τὴν</span> <span class='ocrx_word' id='word_1_490' title='bbox 3537 356 3636 426; x_wconf 73' lang='grc' dir='ltr'>γῆν</span> 
     </span>
    </p>
   </div>
   <div class='ocr_carea' id='block_1_63' title="bbox 2057 435 3635 517">
    <p class='ocr_par' dir='ltr' id='par_1_63' title="bbox 2057 435 3635 517">
     <span class='ocr_line' id='line_1_63' title="bbox 2057 435 3635 517; baseline 0.009 -32"><span class='ocrx_word' id='word_1_491' title='bbox 2057 435 2172 497; x_wconf 89' lang='grc' dir='ltr'>τοῖς</span> <span class='ocrx_word' id='word_1_492' title='bbox 2205 435 2580 507; x_wconf 84' lang='grc' dir='ltr'>Ἰσραηλίταις.</span> <span class='ocrx_word' id='word_1_493' title='bbox 2610 441 2720 494; x_wconf 80' lang='grc' dir='ltr'>Καὶ</span> <span class='ocrx_word' id='word_1_494' title='bbox 2741 441 3026 512; x_wconf 87' lang='grc' dir='ltr'>διαγράφει</span> <span class='ocrx_word' id='word_1_495' title='bbox 3058 443 3139 507; x_wconf 84' lang='grc' dir='ltr'>τίς</span> <span class='ocrx_word' id='word_1_496' title='bbox 3158 442 3297 514; x_wconf 83' lang='grc' dir='ltr'>φυλὴ</span> <span class='ocrx_word' id='word_1_497' title='bbox 3326 446 3480 510; x_wconf 85' lang='grc' dir='ltr'>τίνας</span> <span class='ocrx_word' id='word_1_498' title='bbox 3508 446 3635 517; x_wconf 78' lang='grc' dir='ltr'>κλήο</span> 
     </span>
    </p>
   </div>
   <div class='ocr_carea' id='block_1_64' title="bbox 2061 524 3635 606">
    <p class='ocr_par' dir='ltr' id='par_1_64' title="bbox 2061 524 3635 606">
     <span class='ocr_line' id='line_1_64' title="bbox 2061 524 3635 606; baseline 0.006 -26"><span class='ocrx_word' id='word_1_499' title='bbox 2061 542 2190 596; x_wconf 84' lang='grc' dir='ltr'>ρους</span> <span class='ocrx_word' id='word_1_500' title='bbox 2228 524 2409 591; x_wconf 77' lang='grc' dir='ltr'>ἔλαϐε,</span> <span class='ocrx_word' id='word_1_501' title='bbox 2448 529 2543 583; x_wconf 73' lang='grc' dir='ltr'>καὶ</span> <span class='ocrx_word' id='word_1_502' title='bbox 2574 531 2688 592; x_wconf 89' lang='grc' dir='ltr'>τοῖς</span> <span class='ocrx_word' id='word_1_503' title='bbox 2711 532 2965 596; x_wconf 78' lang='grc' dir='ltr'>Λευΐταις</span> <span class='ocrx_word' id='word_1_504' title='bbox 2990 533 3042 586; x_wconf 90' lang='grc' dir='ltr'>τί</span> <span class='ocrx_word' id='word_1_505' title='bbox 3070 532 3216 604; x_wconf 78' lang='grc' dir='ltr'>δοθῇ.</span> <span class='ocrx_word' id='word_1_506' title='bbox 3260 535 3635 606; x_wconf 84' lang='grc' dir='ltr'>Ἐκπέμπεται</span> 
     </span>
    </p>
   </div>
   <div class='ocr_carea' id='block_1_65' title="bbox 2071 612 3634 698">
    <p class='ocr_par' dir='ltr' id='par_1_65' title="bbox 2071 612 3634 698">
     <span class='ocr_line' id='line_1_65' title="bbox 2071 612 3634 698; baseline 0.006 -26"><span class='ocrx_word' id='word_1_507' title='bbox 2071 612 2278 689; x_wconf 81' lang='grc' dir='ltr'>Ἰησοῦς</span> <span class='ocrx_word' id='word_1_508' title='bbox 2311 620 2409 692; x_wconf 77' lang='grc' dir='ltr'>τὴν</span> <span class='ocrx_word' id='word_1_509' title='bbox 2443 621 2614 694; x_wconf 82' lang='grc' dir='ltr'>φυλὴν</span> <span class='ocrx_word' id='word_1_510' title='bbox 2641 623 2866 695; x_wconf 70' lang='grc' dir='ltr'>Ῥουϐὶμ</span> <span class='ocrx_word' id='word_1_511' title='bbox 2886 622 2988 679; x_wconf 82' lang='grc' dir='ltr'>καὶ</span> <span class='ocrx_word' id='word_1_512' title='bbox 3007 625 3103 695; x_wconf 82' lang='grc' dir='ltr'>τὴν</span> <span class='ocrx_word' id='word_1_513' title='bbox 3128 627 3236 681; x_wconf 89' lang='grc' dir='ltr'>Γάδ</span> <span class='ocrx_word' id='word_1_514' title='bbox 3262 628 3438 681; x_wconf 76' lang='grc' dir='ltr'>καὶτὸ</span> <span class='ocrx_word' id='word_1_515' title='bbox 3465 629 3634 698; x_wconf 78' lang='grc' dir='ltr'>ἥμισυ</span> 
     </span>
    </p>
   </div>
   <div class='ocr_carea' id='block_1_66' title="bbox 2061 711 3634 787">
    <p class='ocr_par' dir='ltr' id='par_1_66' title="bbox 2061 711 3634 787">
     <span class='ocr_line' id='line_1_66' title="bbox 2061 711 3634 787; baseline 0.006 -24"><span class='ocrx_word' id='word_1_516' title='bbox 2061 711 2237 781; x_wconf 84' lang='grc' dir='ltr'>φυλῆς</span> <span class='ocrx_word' id='word_1_517' title='bbox 2263 714 2531 784; x_wconf 87' lang='grc' dir='ltr'>Μανασσῆ</span> <span class='ocrx_word' id='word_1_518' title='bbox 2557 716 2637 777; x_wconf 85' lang='grc' dir='ltr'>είς</span> <span class='ocrx_word' id='word_1_519' title='bbox 2670 716 2796 779; x_wconf 81' lang='grc' dir='ltr'>τοὺς</span> <span class='ocrx_word' id='word_1_520' title='bbox 2827 716 3057 787; x_wconf 84' lang='grc' dir='ltr'>κλήρους</span> <span class='ocrx_word' id='word_1_521' title='bbox 3088 718 3285 783; x_wconf 84' lang='grc' dir='ltr'>αὑτῶν,</span> <span class='ocrx_word' id='word_1_522' title='bbox 3316 720 3410 784; x_wconf 73' lang='grc' dir='ltr'>οὓς</span> <span class='ocrx_word' id='word_1_523' title='bbox 3445 720 3634 774; x_wconf 74' lang='grc' dir='ltr'>ἔλαϐον</span> 
     </span>
    </p>
   </div>
   <div class='ocr_carea' id='block_1_67' title="bbox 2060 799 3633 878">
    <p class='ocr_par' dir='ltr' id='par_1_67' title="bbox 2060 799 3633 878">
     <span class='ocr_line' id='line_1_67' title="bbox 2060 799 3633 878; baseline 0.006 -24"><span class='ocrx_word' id='word_1_524' title='bbox 2060 801 2142 855; x_wconf 74' lang='grc' dir='ltr'>ἔτι</span> <span class='ocrx_word' id='word_1_525' title='bbox 2186 799 2388 868; x_wconf 81' lang='grc' dir='ltr'>ζῶντος</span> <span class='ocrx_word' id='word_1_526' title='bbox 2425 805 2723 871; x_wconf 84' lang='grc' dir='ltr'>Μωῦσέως.</span> <span class='ocrx_word' id='word_1_527' title='bbox 2771 808 2833 860; x_wconf 84' lang='grc' dir='ltr'>Οί</span> <span class='ocrx_word' id='word_1_528' title='bbox 2878 807 2935 861; x_wconf 85' lang='grc' dir='ltr'>δὲ</span> <span class='ocrx_word' id='word_1_529' title='bbox 2978 807 3319 871; x_wconf 88' lang='grc' dir='ltr'>ἀπελθόντες,</span> <span class='ocrx_word' id='word_1_530' title='bbox 3362 810 3514 878; x_wconf 69' lang='grc' dir='ltr'>παρὰ</span> <span class='ocrx_word' id='word_1_531' title='bbox 3545 800 3633 863; x_wconf 84' lang='grc' dir='ltr'>τὸν</span> 
     </span>
    </p>
   </div>
   <div class='ocr_carea' id='block_1_68' title="bbox 2073 892 3633 970">
    <p class='ocr_par' dir='ltr' id='par_1_68' title="bbox 2073 892 3633 970">
     <span class='ocr_line' id='line_1_68' title="bbox 2073 892 3633 970; baseline 0.004 -24"><span class='ocrx_word' id='word_1_532' title='bbox 2073 892 2345 965; x_wconf 84' lang='grc' dir='ltr'>Ἰορδάνην</span> <span class='ocrx_word' id='word_1_533' title='bbox 2393 896 2750 967; x_wconf 80' lang='grc' dir='ltr'>ᾠκοδόμησαν</span> <span class='ocrx_word' id='word_1_534' title='bbox 2792 896 2991 969; x_wconf 84' lang='grc' dir='ltr'>βωμόν.</span> <span class='ocrx_word' id='word_1_535' title='bbox 3036 898 3296 970; x_wconf 81' lang='grc' dir='ltr'>Ἐτάραξε</span> <span class='ocrx_word' id='word_1_536' title='bbox 3342 899 3504 953; x_wconf 89' lang='grc' dir='ltr'>τοῦτο</span> <span class='ocrx_word' id='word_1_537' title='bbox 3538 901 3633 963; x_wconf 82' lang='grc' dir='ltr'>τάς</span> 
     </span>
    </p>
   </div>
   <div class='ocr_carea' id='block_1_69' title="bbox 2060 983 3633 1058">
    <p class='ocr_par' dir='ltr' id='par_1_69' title="bbox 2060 983 3633 1058">
     <span class='ocr_line' id='line_1_69' title="bbox 2060 983 3633 1058; baseline 0.002 -19"><span class='ocrx_word' id='word_1_538' title='bbox 2060 983 2225 1047; x_wconf 83' lang='grc' dir='ltr'>ἄλλας</span> <span class='ocrx_word' id='word_1_539' title='bbox 2277 985 2467 1053; x_wconf 83' lang='grc' dir='ltr'>φυλάς.</span> <span class='ocrx_word' id='word_1_540' title='bbox 2508 987 2696 1058; x_wconf 77' lang='grc' dir='ltr'>’ῼοντο</span> <span class='ocrx_word' id='word_1_541' title='bbox 2740 988 2850 1058; x_wconf 80' lang='grc' dir='ltr'>γάρ</span> <span class='ocrx_word' id='word_1_542' title='bbox 2895 987 3229 1052; x_wconf 86' lang='grc' dir='ltr'>ἀποστασίας</span> <span class='ocrx_word' id='word_1_543' title='bbox 3260 990 3446 1043; x_wconf 73' lang='grc' dir='ltr'>ἕνεκεν</span> <span class='ocrx_word' id='word_1_544' title='bbox 3481 990 3633 1043; x_wconf 80' lang='grc' dir='ltr'>τοῦτο</span> 
     </span>
    </p>
   </div>
   <div class='ocr_carea' id='block_1_70' title="bbox 2061 1077 3633 1149">
    <p class='ocr_par' dir='ltr' id='par_1_70' title="bbox 2061 1077 3633 1149">
     <span class='ocr_line' id='line_1_70' title="bbox 2061 1077 3633 1149; baseline 0.003 -20"><span class='ocrx_word' id='word_1_545' title='bbox 2061 1077 2419 1147; x_wconf 83' lang='grc' dir='ltr'>πεποιηκέναι</span> <span class='ocrx_word' id='word_1_546' title='bbox 2458 1078 2673 1142; x_wconf 81' lang='grc' dir='ltr'>αὐτούς.</span> <span class='ocrx_word' id='word_1_547' title='bbox 2718 1079 3002 1149; x_wconf 78' lang='grc' dir='ltr'>Πέμπουσι</span> <span class='ocrx_word' id='word_1_548' title='bbox 3053 1081 3189 1149; x_wconf 87' lang='grc' dir='ltr'>πρὸς</span> <span class='ocrx_word' id='word_1_549' title='bbox 3236 1080 3433 1144; x_wconf 74' lang='grc' dir='ltr'>αύτούς</span> <span class='ocrx_word' id='word_1_550' title='bbox 3472 1081 3633 1149; x_wconf 68' lang='grc' dir='ltr'>ὲγκαο</span> 
     </span>
    </p>
   </div>
   <div class='ocr_carea' id='block_1_71' title="bbox 2061 1165 3633 1239">
    <p class='ocr_par' dir='ltr' id='par_1_71' title="bbox 2061 1165 3633 1239">
     <span class='ocr_line' id='line_1_71' title="bbox 2061 1165 3633 1239; baseline 0.003 -19"><span class='ocrx_word' id='word_1_551' title='bbox 2061 1165 2298 1231; x_wconf 89' lang='grc' dir='ltr'>λοῦντες·</span> <span class='ocrx_word' id='word_1_552' title='bbox 2330 1168 2378 1221; x_wconf 78' lang='grc' dir='ltr'>οἱ</span> <span class='ocrx_word' id='word_1_553' title='bbox 2399 1168 2455 1221; x_wconf 83' lang='grc' dir='ltr'>δὲ</span> <span class='ocrx_word' id='word_1_554' title='bbox 2486 1168 2847 1238; x_wconf 80' lang='grc' dir='ltr'>ἀπελογοῦντο</span> <span class='ocrx_word' id='word_1_555' title='bbox 2866 1169 3133 1239; x_wconf 85' lang='grc' dir='ltr'>λέγοντες,</span> <span class='ocrx_word' id='word_1_556' title='bbox 3163 1171 3263 1224; x_wconf 89' lang='grc' dir='ltr'>ούκ</span> <span class='ocrx_word' id='word_1_557' title='bbox 3300 1172 3633 1235; x_wconf 86' lang='grc' dir='ltr'>άποστασίας</span> 
     </span>
    </p>
   </div>
   <div class='ocr_carea' id='block_1_72' title="bbox 2061 1257 3636 1335">
    <p class='ocr_par' dir='ltr' id='par_1_72' title="bbox 2061 1257 3636 1335">
     <span class='ocr_line' id='line_1_72' title="bbox 2061 1257 3636 1335; baseline 0.003 -24"><span class='ocrx_word' id='word_1_558' title='bbox 2061 1257 2248 1312; x_wconf 68' lang='grc' dir='ltr'>ἕνεκεν</span> <span class='ocrx_word' id='word_1_559' title='bbox 2300 1260 2651 1331; x_wconf 85' lang='grc' dir='ltr'>οἰκοδομῆσαι</span> <span class='ocrx_word' id='word_1_560' title='bbox 2685 1261 2774 1315; x_wconf 86' lang='grc' dir='ltr'>τὸν</span> <span class='ocrx_word' id='word_1_561' title='bbox 2817 1262 3020 1333; x_wconf 72' lang='grc' dir='ltr'>βωμόν*</span> <span class='ocrx_word' id='word_1_562' title='bbox 3058 1263 3171 1318; x_wconf 76' lang='grc' dir='ltr'>ἀλλ’</span> <span class='ocrx_word' id='word_1_563' title='bbox 3203 1264 3288 1317; x_wconf 85' lang='grc' dir='ltr'>ἵνα</span> <span class='ocrx_word' id='word_1_564' title='bbox 3323 1264 3398 1335; x_wconf 83' lang='grc' dir='ltr'>μὴ</span> <span class='ocrx_word' id='word_1_565' title='bbox 3443 1264 3636 1334; x_wconf 72' lang='grc' dir='ltr'>ἔχωσιν</span> 
     </span>
    </p>
   </div>
   <div class='ocr_carea' id='block_1_73' title="bbox 2061 1349 3638 1426">
    <p class='ocr_par' dir='ltr' id='par_1_73' title="bbox 2061 1349 3638 1426">
     <span class='ocr_line' id='line_1_73' title="bbox 2061 1349 3638 1426; baseline 0.003 -22"><span class='ocrx_word' id='word_1_566' title='bbox 2061 1349 2111 1404; x_wconf 81' lang='grc' dir='ltr'>οί</span> <span class='ocrx_word' id='word_1_567' title='bbox 2136 1350 2252 1421; x_wconf 73' lang='grc' dir='ltr'>μεθ’</span> <span class='ocrx_word' id='word_1_568' title='bbox 2273 1351 2416 1422; x_wconf 84' lang='grc' dir='ltr'>ὑμᾶς</span> <span class='ocrx_word' id='word_1_569' title='bbox 2440 1352 2719 1424; x_wconf 90' lang='grc' dir='ltr'>γενόμενοι</span> <span class='ocrx_word' id='word_1_570' title='bbox 2740 1355 2865 1418; x_wconf 81' lang='grc' dir='ltr'>τοὺς</span> <span class='ocrx_word' id='word_1_571' title='bbox 2885 1355 3187 1426; x_wconf 80' lang='grc' dir='ltr'>ἡμετέρους</span> <span class='ocrx_word' id='word_1_572' title='bbox 3213 1357 3360 1420; x_wconf 69' lang='grc' dir='ltr'>υἱοὺς</span> <span class='ocrx_word' id='word_1_573' title='bbox 3383 1359 3461 1419; x_wconf 87' lang='grc' dir='ltr'>ὼς</span> <span class='ocrx_word' id='word_1_574' title='bbox 3486 1356 3638 1411; x_wconf 73' lang='grc' dir='ltr'>ἀλλε-</span> 
     </span>
    </p>
   </div>
   <div class='ocr_carea' id='block_1_74' title="bbox 2060 1442 3636 1520">
    <p class='ocr_par' dir='ltr' id='par_1_74' title="bbox 2060 1442 3636 1520">
     <span class='ocr_line' id='line_1_74' title="bbox 2060 1442 3636 1520; baseline 0.003 -26"><span class='ocrx_word' id='word_1_575' title='bbox 2060 1442 2244 1514; x_wconf 89' lang='grc' dir='ltr'>τρίους</span> <span class='ocrx_word' id='word_1_576' title='bbox 2274 1443 2372 1514; x_wconf 85' lang='grc' dir='ltr'>τῆς</span> <span class='ocrx_word' id='word_1_577' title='bbox 2407 1445 2615 1499; x_wconf 79' lang='grc' dir='ltr'>ἑαυτῶν</span> <span class='ocrx_word' id='word_1_578' title='bbox 2648 1445 2985 1514; x_wconf 81' lang='grc' dir='ltr'>συγγενείας,</span> <span class='ocrx_word' id='word_1_579' title='bbox 3015 1447 3103 1500; x_wconf 82' lang='grc' dir='ltr'>διὰ</span> <span class='ocrx_word' id='word_1_580' title='bbox 3137 1448 3198 1500; x_wconf 92' lang='grc' dir='ltr'>τὸ</span> <span class='ocrx_word' id='word_1_581' title='bbox 3238 1448 3329 1500; x_wconf 82' lang='grc' dir='ltr'>τὸν</span> <span class='ocrx_word' id='word_1_582' title='bbox 3364 1443 3636 1520; x_wconf 69' lang='grc' dir='ltr'>Ἰορδάνην</span> 
     </span>
    </p>
   </div>
   <div class='ocr_carea' id='block_1_75' title="bbox 2067 1533 3639 1610">
    <p class='ocr_par' dir='ltr' id='par_1_75' title="bbox 2067 1533 3639 1610">
     <span class='ocr_line' id='line_1_75' title="bbox 2067 1533 3639 1610; baseline 0.002 -22"><span class='ocrx_word' id='word_1_583' title='bbox 2067 1535 2229 1606; x_wconf 86' lang='grc' dir='ltr'>μέσον</span> <span class='ocrx_word' id='word_1_584' title='bbox 2260 1535 2536 1608; x_wconf 72' lang='grc' dir='ltr'>ἑκατέρων</span> <span class='ocrx_word' id='word_1_585' title='bbox 2576 1539 2708 1608; x_wconf 77' lang='grc' dir='ltr'>ρεῖνο</span> <span class='ocrx_word' id='word_1_586' title='bbox 2735 1538 2847 1591; x_wconf 82' lang='grc' dir='ltr'>ἀλλ’</span> <span class='ocrx_word' id='word_1_587' title='bbox 2870 1537 2954 1591; x_wconf 74' lang='grc' dir='ltr'>ἵνα</span> <span class='ocrx_word' id='word_1_588' title='bbox 3041 1539 3069 1591; x_wconf 87' lang='lat'>6</span> <span class='ocrx_word' id='word_1_589' title='bbox 3104 1537 3285 1608; x_wconf 84' lang='grc' dir='ltr'>βωμὸς</span> <span class='ocrx_word' id='word_1_590' title='bbox 3314 1540 3395 1601; x_wconf 85' lang='grc' dir='ltr'>είς</span> <span class='ocrx_word' id='word_1_591' title='bbox 3427 1538 3639 1609; x_wconf 80' lang='grc' dir='ltr'>μαρτύο</span> 
     </span>
    </p>
   </div>
   <div class='ocr_carea' id='block_1_76' title="bbox 2065 1626 3638 1699">
    <p class='ocr_par' dir='ltr' id='par_1_76' title="bbox 2065 1626 3638 1699">
     <span class='ocr_line' id='line_1_76' title="bbox 2065 1626 3638 1699; baseline 0.003 -21"><span class='ocrx_word' id='word_1_592' title='bbox 2065 1642 2200 1694; x_wconf 90' lang='grc' dir='ltr'>ριον,</span> <span class='ocrx_word' id='word_1_593' title='bbox 2231 1626 2327 1680; x_wconf 75' lang='grc' dir='ltr'>καὶ</span> <span class='ocrx_word' id='word_1_594' title='bbox 2373 1627 2448 1698; x_wconf 79' lang='grc' dir='ltr'>μὴ</span> <span class='ocrx_word' id='word_1_595' title='bbox 2473 1626 2636 1697; x_wconf 73' lang='grc' dir='ltr'>ἔχωσι</span> <span class='ocrx_word' id='word_1_596' title='bbox 2661 1626 2838 1696; x_wconf 83' lang='grc' dir='ltr'>λέγειν</span> <span class='ocrx_word' id='word_1_597' title='bbox 2866 1628 2935 1682; x_wconf 80' lang='grc' dir='ltr'>τὰ</span> <span class='ocrx_word' id='word_1_598' title='bbox 2960 1629 3125 1682; x_wconf 87' lang='grc' dir='ltr'>τέκνα</span> <span class='ocrx_word' id='word_1_599' title='bbox 3156 1628 3307 1699; x_wconf 86' lang='grc' dir='ltr'>ὑμῶν</span> <span class='ocrx_word' id='word_1_600' title='bbox 3336 1630 3450 1693; x_wconf 86' lang='grc' dir='ltr'>τοῖς</span> <span class='ocrx_word' id='word_1_601' title='bbox 3482 1630 3638 1698; x_wconf 63' lang='grc' dir='ltr'>ὲγγὸδ</span> 
     </span>
    </p>
   </div>
   <div class='ocr_carea' id='block_1_77' title="bbox 2063 1716 3637 1792">
    <p class='ocr_par' dir='ltr' id='par_1_77' title="bbox 2063 1716 3637 1792">
     <span class='ocr_line' id='line_1_77' title="bbox 2063 1716 3637 1792; baseline 0.003 -23"><span class='ocrx_word' id='word_1_602' title='bbox 2063 1733 2175 1779; x_wconf 90' lang='grc' dir='ltr'>νοις</span> <span class='ocrx_word' id='word_1_603' title='bbox 2205 1716 2515 1788; x_wconf 84' lang='grc' dir='ltr'>ήμῶν,ούκ</span> <span class='ocrx_word' id='word_1_604' title='bbox 2548 1718 2693 1772; x_wconf 80' lang='grc' dir='ltr'>ἔστιν</span> <span class='ocrx_word' id='word_1_605' title='bbox 2721 1716 2847 1791; x_wconf 86' lang='grc' dir='ltr'>ὑμῖν</span> <span class='ocrx_word' id='word_1_606' title='bbox 2878 1721 3033 1792; x_wconf 71' lang='grc' dir='ltr'>μερὶς</span> <span class='ocrx_word' id='word_1_607' title='bbox 3073 1721 3298 1791; x_wconf 77' lang='grc' dir='ltr'>Κυρίου.</span> <span class='ocrx_word' id='word_1_608' title='bbox 3344 1721 3637 1792; x_wconf 85' lang='grc' dir='ltr'>Ἐπείσθη-</span> 
     </span>
    </p>
   </div>
   <div class='ocr_carea' id='block_1_78' title="bbox 2066 1809 3635 1882">
    <p class='ocr_par' dir='ltr' id='par_1_78' title="bbox 2066 1809 3635 1882">
     <span class='ocr_line' id='line_1_78' title="bbox 2066 1809 3635 1882; baseline 0.003 -22"><span class='ocrx_word' id='word_1_609' title='bbox 2066 1825 2163 1862; x_wconf 92' lang='grc' dir='ltr'>σαν</span> <span class='ocrx_word' id='word_1_610' title='bbox 2192 1809 2388 1879; x_wconf 88' lang='grc' dir='ltr'>μηκέτι</span> <span class='ocrx_word' id='word_1_611' title='bbox 2421 1809 2727 1882; x_wconf 86' lang='grc' dir='ltr'>πολεμῆσαι</span> <span class='ocrx_word' id='word_1_612' title='bbox 2762 1812 2958 1877; x_wconf 73' lang='grc' dir='ltr'>αὐτοὺς</span> <span class='ocrx_word' id='word_1_613' title='bbox 2987 1814 3044 1866; x_wconf 90' lang='grc' dir='ltr'>αί</span> <span class='ocrx_word' id='word_1_614' title='bbox 3070 1812 3257 1866; x_wconf 81' lang='grc' dir='ltr'>λοιπαὶ</span> <span class='ocrx_word' id='word_1_615' title='bbox 3289 1812 3473 1881; x_wconf 83' lang='grc' dir='ltr'>φυλαί.</span> <span class='ocrx_word' id='word_1_616' title='bbox 3505 1814 3635 1866; x_wconf 85' lang='grc' dir='ltr'>Τότε</span> 
     </span>
    </p>
   </div>
   <div class='ocr_carea' id='block_1_79' title="bbox 2066 1900 3639 1978">
    <p class='ocr_par' dir='ltr' id='par_1_79' title="bbox 2066 1900 3639 1978">
     <span class='ocr_line' id='line_1_79' title="bbox 2066 1900 3639 1978; baseline 0.003 -24"><span class='ocrx_word' id='word_1_617' title='bbox 2066 1900 2327 1969; x_wconf 81' lang='grc' dir='ltr'>συγκαλεῖ</span> <span class='ocrx_word' id='word_1_618' title='bbox 2342 1903 2467 1967; x_wconf 83' lang='grc' dir='ltr'>τοὺς</span> <span class='ocrx_word' id='word_1_619' title='bbox 2499 1903 2835 1975; x_wconf 82' lang='grc' dir='ltr'>Ἰσραηλίτας</span> <span class='ocrx_word' id='word_1_620' title='bbox 2863 1904 3090 1977; x_wconf 88' lang='grc' dir='ltr'>Ἰησοῦς,</span> <span class='ocrx_word' id='word_1_621' title='bbox 3116 1906 3209 1959; x_wconf 85' lang='grc' dir='ltr'>καὶ</span> <span class='ocrx_word' id='word_1_622' title='bbox 3231 1906 3639 1978; x_wconf 82' lang='grc' dir='ltr'>ὑπομιμνήσκει</span> 
     </span>
    </p>
   </div>
   <div class='ocr_carea' id='block_1_80' title="bbox 2064 1993 3639 2069">
    <p class='ocr_par' dir='ltr' id='par_1_80' title="bbox 2064 1993 3639 2069">
     <span class='ocr_line' id='line_1_80' title="bbox 2064 1993 3639 2069; baseline 0.003 -23"><span class='ocrx_word' id='word_1_623' title='bbox 2064 1993 2260 2057; x_wconf 78' lang='grc' dir='ltr'>αὐτοὺς</span> <span class='ocrx_word' id='word_1_624' title='bbox 2296 1993 2405 2049; x_wconf 91' lang='grc' dir='ltr'>τῶν</span> <span class='ocrx_word' id='word_1_625' title='bbox 2441 1995 2535 2050; x_wconf 88' lang='grc' dir='ltr'>τοῦ</span> <span class='ocrx_word' id='word_1_626' title='bbox 2574 1993 2710 2051; x_wconf 91' lang='grc' dir='ltr'>Θεοῦ</span> <span class='ocrx_word' id='word_1_627' title='bbox 2742 1997 3087 2069; x_wconf 81' lang='grc' dir='ltr'>εὐεργεσιῶν,</span> <span class='ocrx_word' id='word_1_628' title='bbox 3116 1998 3211 2052; x_wconf 79' lang='grc' dir='ltr'>καὶ</span> <span class='ocrx_word' id='word_1_629' title='bbox 3254 2000 3511 2068; x_wconf 85' lang='grc' dir='ltr'>παραινεῖ</span> <span class='ocrx_word' id='word_1_630' title='bbox 3540 2016 3639 2068; x_wconf 78' lang='grc' dir='ltr'>φυ-</span> 
     </span>
    </p>
   </div>
   <div class='ocr_carea' id='block_1_81' title="bbox 2064 2083 3639 2165">
    <p class='ocr_par' dir='ltr' id='par_1_81' title="bbox 2064 2083 3639 2165">
     <span class='ocr_line' id='line_1_81' title="bbox 2064 2083 3639 2165; baseline 0.003 -27"><span class='ocrx_word' id='word_1_631' title='bbox 2064 2083 2279 2165; x_wconf 85' lang='grc' dir='ltr'>λάττειν</span> <span class='ocrx_word' id='word_1_632' title='bbox 2307 2084 2400 2141; x_wconf 91' lang='grc' dir='ltr'>τὸν</span> <span class='ocrx_word' id='word_1_633' title='bbox 2427 2086 2611 2159; x_wconf 92' lang='grc' dir='ltr'>νόμον,</span> <span class='ocrx_word' id='word_1_634' title='bbox 2644 2088 2741 2143; x_wconf 76' lang='grc' dir='ltr'>καὶ</span> <span class='ocrx_word' id='word_1_635' title='bbox 2771 2086 3027 2160; x_wconf 89' lang='grc' dir='ltr'>προλέγει</span> <span class='ocrx_word' id='word_1_636' title='bbox 3055 2089 3125 2144; x_wconf 85' lang='grc' dir='ltr'>τὰ</span> <span class='ocrx_word' id='word_1_637' title='bbox 3154 2089 3506 2161; x_wconf 83' lang='grc' dir='ltr'>διαδεξόμενα</span> <span class='ocrx_word' id='word_1_638' title='bbox 3543 2089 3639 2144; x_wconf 87' lang='grc' dir='ltr'>αὑ-</span> 
     </span>
    </p>
   </div>
   <div class='ocr_carea' id='block_1_82' title="bbox 2064 2176 3638 2253">
    <p class='ocr_par' dir='ltr' id='par_1_82' title="bbox 2064 2176 3638 2253">
     <span class='ocr_line' id='line_1_82' title="bbox 2064 2176 3638 2253; baseline 0.004 -24"><span class='ocrx_word' id='word_1_639' title='bbox 2064 2177 2191 2240; x_wconf 85' lang='grc' dir='ltr'>τοὺς</span> <span class='ocrx_word' id='word_1_640' title='bbox 2220 2179 2386 2241; x_wconf 82' lang='grc' dir='ltr'>κακά,</span> <span class='ocrx_word' id='word_1_641' title='bbox 2416 2180 2467 2231; x_wconf 87' lang='grc' dir='ltr'>εί</span> <span class='ocrx_word' id='word_1_642' title='bbox 2496 2180 2569 2252; x_wconf 85' lang='grc' dir='ltr'>μὴ</span> <span class='ocrx_word' id='word_1_643' title='bbox 2600 2176 2902 2251; x_wconf 81' lang='grc' dir='ltr'>φυλάξειεν,</span> <span class='ocrx_word' id='word_1_644' title='bbox 2932 2184 3026 2238; x_wconf 76' lang='grc' dir='ltr'>καὶ</span> <span class='ocrx_word' id='word_1_645' title='bbox 3058 2182 3300 2253; x_wconf 81' lang='grc' dir='ltr'>τελευτᾷ.</span> <span class='ocrx_word' id='word_1_646' title='bbox 3327 2182 3567 2253; x_wconf 74' lang='grc' dir='ltr'>Τελευτᾷ</span> <span class='ocrx_word' id='word_1_647' title='bbox 3585 2180 3638 2235; x_wconf 73' lang='grc' dir='ltr'>δὲ</span> 
     </span>
    </p>
   </div>
   <div class='ocr_carea' id='block_1_83' title="bbox 2065 2267 3639 2343">
    <p class='ocr_par' dir='ltr' id='par_1_83' title="bbox 2065 2267 3639 2343">
     <span class='ocr_line' id='line_1_83' title="bbox 2065 2267 3639 2343; baseline 0.003 -22"><span class='ocrx_word' id='word_1_648' title='bbox 2065 2268 2162 2322; x_wconf 80' lang='grc' dir='ltr'>καὶ</span> <span class='ocrx_word' id='word_1_649' title='bbox 2199 2267 2462 2342; x_wconf 82' lang='grc' dir='ltr'>Ἐλεάζαρ</span> <span class='ocrx_word' id='word_1_650' title='bbox 2502 2272 2530 2324; x_wconf 93' lang='lat'>6</span> <span class='ocrx_word' id='word_1_651' title='bbox 2565 2271 2763 2342; x_wconf 76' lang='grc' dir='ltr'>ἱερεὺς,</span> <span class='ocrx_word' id='word_1_652' title='bbox 2792 2275 2887 2328; x_wconf 78' lang='grc' dir='ltr'>καὶ</span> <span class='ocrx_word' id='word_1_653' title='bbox 2927 2274 3208 2343; x_wconf 82' lang='grc' dir='ltr'>ίεράτευτε</span> <span class='ocrx_word' id='word_1_654' title='bbox 3238 2273 3419 2337; x_wconf 68' lang='grc' dir='ltr'>Φινεὲς</span> <span class='ocrx_word' id='word_1_655' title='bbox 3466 2276 3496 2326; x_wconf 89' lang='lat'>6</span> <span class='ocrx_word' id='word_1_656' title='bbox 3527 2274 3639 2336; x_wconf 79' lang='grc' dir='ltr'>υἱὸς</span> 
     </span>
    </p>
   </div>
   <div class='ocr_carea' id='block_1_84' title="bbox 2065 2360 3640 2439">
    <p class='ocr_par' dir='ltr' id='par_1_84' title="bbox 2065 2360 3640 2439">
     <span class='ocr_line' id='line_1_84' title="bbox 2065 2360 3640 2439; baseline 0.003 -26"><span class='ocrx_word' id='word_1_657' title='bbox 2065 2360 2230 2414; x_wconf 84' lang='grc' dir='ltr'>αὑτοῦ</span> <span class='ocrx_word' id='word_1_658' title='bbox 2257 2361 2370 2416; x_wconf 83' lang='grc' dir='ltr'>ἀντ’</span> <span class='ocrx_word' id='word_1_659' title='bbox 2393 2362 2578 2418; x_wconf 82' lang='grc' dir='ltr'>αὑτοῦ.</span> <span class='ocrx_word' id='word_1_660' title='bbox 2607 2365 2717 2420; x_wconf 86' lang='lat' dir='ltr'><strong><em>Kal</em></strong></span> <span class='ocrx_word' id='word_1_661' title='bbox 2747 2365 3212 2439; x_wconf 86' lang='grc' dir='ltr'>είδωλολάτρησαν</span> <span class='ocrx_word' id='word_1_662' title='bbox 3237 2380 3265 2410; x_wconf 76' lang='grc' dir='ltr'>ι</span> <span class='ocrx_word' id='word_1_663' title='bbox 3290 2370 3337 2421; x_wconf 85' lang='grc' dir='ltr'>οἱ</span> <span class='ocrx_word' id='word_1_664' title='bbox 3373 2367 3640 2438; x_wconf 86' lang='grc' dir='ltr'>Ἰσραηλῖ-</span> 
     </span>
    </p>
   </div>
   <div class='ocr_carea' id='block_1_85' title="bbox 2064 2454 3640 2529">
    <p class='ocr_par' dir='ltr' id='par_1_85' title="bbox 2064 2454 3640 2529">
     <span class='ocr_line' id='line_1_85' title="bbox 2064 2454 3640 2529; baseline 0.006 -25"><span class='ocrx_word' id='word_1_665' title='bbox 2064 2466 2177 2518; x_wconf 85' lang='grc' dir='ltr'>ται,</span> <span class='ocrx_word' id='word_1_666' title='bbox 2215 2454 2311 2507; x_wconf 80' lang='lat' dir='ltr'><strong><em>xal</em></strong></span> <span class='ocrx_word' id='word_1_667' title='bbox 2331 2455 2705 2527; x_wconf 86' lang='grc' dir='ltr'>παρεδόθησαν</span> <span class='ocrx_word' id='word_1_668' title='bbox 2732 2457 2809 2528; x_wconf 83' lang='grc' dir='ltr'>τῷ</span> <span class='ocrx_word' id='word_1_669' title='bbox 2837 2458 3063 2529; x_wconf 80' lang='grc' dir='ltr'>Αίγλὼμ</span> <span class='ocrx_word' id='word_1_670' title='bbox 3088 2459 3299 2529; x_wconf 85' lang='grc' dir='ltr'>βασιλεῖ</span> <span class='ocrx_word' id='word_1_671' title='bbox 3321 2459 3518 2524; x_wconf 82' lang='grc' dir='ltr'>Μωάϐ,</span> <span class='ocrx_word' id='word_1_672' title='bbox 3548 2459 3640 2513; x_wconf 79' lang='grc' dir='ltr'>καὶ</span> 
     </span>
    </p>
   </div>
   <div class='ocr_carea' id='block_1_86' title="bbox 2066 2544 3141 2621">
    <p class='ocr_par' dir='ltr' id='par_1_86' title="bbox 2066 2544 3141 2621">
     <span class='ocr_line' id='line_1_86' title="bbox 2066 2544 3141 2621; baseline 0.008 -24"><span class='ocrx_word' id='word_1_673' title='bbox 2066 2544 2485 2617; x_wconf 86' lang='grc' dir='ltr'>κατεκυρίευσεν</span> <span class='ocrx_word' id='word_1_674' title='bbox 2510 2548 2690 2603; x_wconf 82' lang='grc' dir='ltr'>αὐτῶν</span> <span class='ocrx_word' id='word_1_675' title='bbox 2719 2549 2813 2621; x_wconf 80' lang='grc' dir='ltr'>έτη</span> <span class='ocrx_word' id='word_1_676' title='bbox 2845 2551 3141 2606; x_wconf 85' lang='grc' dir='ltr'>δεκαοκτώ.</span> 
     </span>
    </p>
   </div>
   <div class='ocr_carea' id='block_1_87' title="bbox 2507 2716 3203 2789">
    <p class='ocr_par' dir='ltr' id='par_1_87' title="bbox 2507 2716 3203 2789">
     <span class='ocr_line' id='line_1_87' title="bbox 2507 2716 3203 2789; baseline 0.003 -16"><span class='ocrx_word' id='word_1_677' title='bbox 2507 2716 2772 2788; x_wconf 72' lang='grc' dir='ltr'>Σύνοψις</span> <span class='ocrx_word' id='word_1_678' title='bbox 2802 2718 2922 2773; x_wconf 76' lang='grc' dir='ltr'>τῶν</span> <span class='ocrx_word' id='word_1_679' title='bbox 2956 2716 3203 2789; x_wconf 74' lang='grc' dir='ltr'>Κριτῶν.</span> 
     </span>
    </p>
   </div>
   <div class='ocr_carea' id='block_1_88' title="bbox 2150 2860 3639 2939">
    <p class='ocr_par' dir='ltr' id='par_1_88' title="bbox 2150 2860 3639 2939">
     <span class='ocr_line' id='line_1_88' title="bbox 2150 2860 3639 2939; baseline 0.007 -26"><span class='ocrx_word' id='word_1_680' title='bbox 2150 2860 2410 2917; x_wconf 80' lang='grc' dir='ltr'>Ἐνταῦθα</span> <span class='ocrx_word' id='word_1_681' title='bbox 2443 2864 2618 2919; x_wconf 83' lang='grc' dir='ltr'>κεῖται</span> <span class='ocrx_word' id='word_1_682' title='bbox 2664 2863 2825 2931; x_wconf 85' lang='grc' dir='ltr'>ποίας</span> <span class='ocrx_word' id='word_1_683' title='bbox 2858 2866 2956 2939; x_wconf 72' lang='grc' dir='ltr'>μὲν</span> <span class='ocrx_word' id='word_1_684' title='bbox 2983 2867 3167 2933; x_wconf 89' lang='grc' dir='ltr'>πόλεις</span> <span class='ocrx_word' id='word_1_685' title='bbox 3199 2860 3363 2933; x_wconf 74' lang='grc' dir='ltr'>εἶλον,</span> <span class='ocrx_word' id='word_1_686' title='bbox 3389 2869 3553 2934; x_wconf 77' lang='grc' dir='ltr'>ποίας</span> <span class='ocrx_word' id='word_1_687' title='bbox 3586 2870 3639 2924; x_wconf 75' lang='grc' dir='ltr'>δὲ</span> 
     </span>
    </p>
   </div>
   <div class='ocr_carea' id='block_1_89' title="bbox 2062 2953 3637 3033">
    <p class='ocr_par' dir='ltr' id='par_1_89' title="bbox 2062 2953 3637 3033">
     <span class='ocr_line' id='line_1_89' title="bbox 2062 2953 3637 3033; baseline 0.006 -27"><span class='ocrx_word' id='word_1_688' title='bbox 2062 2953 2281 3025; x_wconf 82' lang='grc' dir='ltr'>ἀφῆκαν</span> <span class='ocrx_word' id='word_1_689' title='bbox 2317 2955 2485 3025; x_wconf 82' lang='grc' dir='ltr'>φόρου</span> <span class='ocrx_word' id='word_1_690' title='bbox 2509 2956 2778 3023; x_wconf 73' lang='grc' dir='ltr'>ἐπιτελεῖς</span> <span class='ocrx_word' id='word_1_691' title='bbox 2802 2959 2983 3023; x_wconf 85' lang='grc' dir='ltr'>αὑτοῖς</span> <span class='ocrx_word' id='word_1_692' title='bbox 3012 2954 3153 3014; x_wconf 72' lang='grc' dir='ltr'>εἶναι</span> <span class='ocrx_word' id='word_1_693' title='bbox 3190 2961 3241 3014; x_wconf 82' lang='grc' dir='ltr'>οἱ</span> <span class='ocrx_word' id='word_1_694' title='bbox 3284 2960 3637 3033; x_wconf 84' lang='grc' dir='ltr'>Ἰσραηλῖται.</span> 
     </span>
    </p>
   </div>
   <div class='ocr_carea' id='block_1_90' title="bbox 2064 3046 3641 3124">
    <p class='ocr_par' dir='ltr' id='par_1_90' title="bbox 2064 3046 3641 3124">
     <span class='ocr_line' id='line_1_90' title="bbox 2064 3046 3641 3124; baseline 0.006 -25"><span class='ocrx_word' id='word_1_695' title='bbox 2064 3046 2648 3119; x_wconf 84' lang='grc' dir='ltr'>Καταμαλακισθέντες</span> <span class='ocrx_word' id='word_1_696' title='bbox 2670 3050 2782 3123; x_wconf 83' lang='grc' dir='ltr'>γάρ</span> <span class='ocrx_word' id='word_1_697' title='bbox 2809 3052 2950 3124; x_wconf 85' lang='grc' dir='ltr'>πρὸς</span> <span class='ocrx_word' id='word_1_698' title='bbox 2973 3053 3100 3117; x_wconf 80' lang='grc' dir='ltr'>τοὺς</span> <span class='ocrx_word' id='word_1_699' title='bbox 3134 3052 3229 3107; x_wconf 90' lang='grc' dir='ltr'>τοῦ</span> <span class='ocrx_word' id='word_1_700' title='bbox 3270 3054 3510 3124; x_wconf 88' lang='grc' dir='ltr'>πολέμου</span> <span class='ocrx_word' id='word_1_701' title='bbox 3551 3055 3641 3108; x_wconf 78' lang='grc' dir='ltr'>πό-</span> 
     </span>
    </p>
   </div>
   <div class='ocr_carea' id='block_1_91' title="bbox 2063 3140 3639 3217">
    <p class='ocr_par' dir='ltr' id='par_1_91' title="bbox 2063 3140 3639 3217">
     <span class='ocr_line' id='line_1_91' title="bbox 2063 3140 3639 3217; baseline 0.005 -25"><span class='ocrx_word' id='word_1_702' title='bbox 2063 3155 2208 3204; x_wconf 85' lang='grc' dir='ltr'>νους,</span> <span class='ocrx_word' id='word_1_703' title='bbox 2239 3140 2556 3213; x_wconf 87' lang='grc' dir='ltr'>παρέϐησαν</span> <span class='ocrx_word' id='word_1_704' title='bbox 2603 3142 2664 3196; x_wconf 90' lang='grc' dir='ltr'>τὸ</span> <span class='ocrx_word' id='word_1_705' title='bbox 2699 3144 3028 3217; x_wconf 84' lang='grc' dir='ltr'>πρόσταγμα</span> <span class='ocrx_word' id='word_1_706' title='bbox 3063 3145 3160 3200; x_wconf 89' lang='grc' dir='ltr'>τοῦ</span> <span class='ocrx_word' id='word_1_707' title='bbox 3189 3146 3346 3211; x_wconf 85' lang='grc' dir='ltr'>Θεοῦ,</span> <span class='ocrx_word' id='word_1_708' title='bbox 3379 3146 3639 3202; x_wconf 83' lang='grc' dir='ltr'>κελεῦσαν</span> 
     </span>
    </p>
   </div>
   <div class='ocr_carea' id='block_1_92' title="bbox 2065 3229 3641 3310">
    <p class='ocr_par' dir='ltr' id='par_1_92' title="bbox 2065 3229 3641 3310">
     <span class='ocr_line' id='line_1_92' title="bbox 2065 3229 3641 3310; baseline 0.007 -28"><span class='ocrx_word' id='word_1_709' title='bbox 2065 3229 2275 3291; x_wconf 81' lang='grc' dir='ltr'>πάντας</span> <span class='ocrx_word' id='word_1_710' title='bbox 2311 3233 2588 3298; x_wconf 82' lang='grc' dir='ltr'>παντελῶς</span> <span class='ocrx_word' id='word_1_711' title='bbox 2612 3234 2781 3307; x_wconf 88' lang='grc' dir='ltr'>ἄρδην</span> <span class='ocrx_word' id='word_1_712' title='bbox 2817 3234 3201 3308; x_wconf 84' lang='grc' dir='ltr'>ἀφανισθῆναι.</span> <span class='ocrx_word' id='word_1_713' title='bbox 3241 3234 3442 3294; x_wconf 68' lang='grc' dir='ltr'>*Ηλθεν</span> <span class='ocrx_word' id='word_1_714' title='bbox 3474 3241 3641 3310; x_wconf 85' lang='grc' dir='ltr'>ἄγγε-</span> 
     </span>
    </p>
   </div>
   <div class='ocr_carea' id='block_1_93' title="bbox 2063 3322 3640 3404">
    <p class='ocr_par' dir='ltr' id='par_1_93' title="bbox 2063 3322 3640 3404">
     <span class='ocr_line' id='line_1_93' title="bbox 2063 3322 3640 3404; baseline 0.017 -28"><span class='ocrx_word' id='word_1_715' title='bbox 2063 3322 2153 3388; x_wconf 93' lang='grc' dir='ltr'>λος</span> <span class='ocrx_word' id='word_1_716' title='bbox 2176 3326 2327 3397; x_wconf 80' lang='grc' dir='ltr'>παρὰ</span> <span class='ocrx_word' id='word_1_717' title='bbox 2357 3328 2558 3399; x_wconf 83' lang='grc' dir='ltr'>Κυρίου</span> <span class='ocrx_word' id='word_1_718' title='bbox 2586 3328 2723 3402; x_wconf 87' lang='grc' dir='ltr'>πρὸς</span> <span class='ocrx_word' id='word_1_719' title='bbox 2749 3332 2875 3396; x_wconf 80' lang='grc' dir='ltr'>τοὺς</span> <span class='ocrx_word' id='word_1_720' title='bbox 2908 3331 3265 3404; x_wconf 78' lang='grc' dir='ltr'>Ἰσραηλίτας,</span> <span class='ocrx_word' id='word_1_721' title='bbox 3291 3332 3385 3388; x_wconf 69' lang='grc' dir='ltr'>καὶ</span> <span class='ocrx_word' id='word_1_722' title='bbox 3413 3333 3640 3404; x_wconf 70' lang='grc' dir='ltr'>ἤλεγξεν</span> 
     </span>
    </p>
   </div>
   <div class='ocr_carea' id='block_1_94' title="bbox 2064 3413 3642 3496">
    <p class='ocr_par' dir='ltr' id='par_1_94' title="bbox 2064 3413 3642 3496">
     <span class='ocr_line' id='line_1_94' title="bbox 2064 3413 3642 3496; baseline 0.014 -29"><span class='ocrx_word' id='word_1_723' title='bbox 2064 3413 2243 3471; x_wconf 82' lang='grc' dir='ltr'>αὐτῶν</span> <span class='ocrx_word' id='word_1_724' title='bbox 2297 3418 2396 3489; x_wconf 81' lang='grc' dir='ltr'>τήν</span> <span class='ocrx_word' id='word_1_725' title='bbox 2440 3422 2804 3493; x_wconf 89' lang='grc' dir='ltr'>παρανομίαν.</span> <span class='ocrx_word' id='word_1_726' title='bbox 2852 3422 2983 3478; x_wconf 90' lang='grc' dir='ltr'>Δέον</span> <span class='ocrx_word' id='word_1_727' title='bbox 3033 3423 3163 3496; x_wconf 82' lang='grc' dir='ltr'>γάρ,</span> <span class='ocrx_word' id='word_1_728' title='bbox 3214 3424 3370 3495; x_wconf 72' lang='grc' dir='ltr'>φησὶ,</span> <span class='ocrx_word' id='word_1_729' title='bbox 3429 3425 3642 3489; x_wconf 79' lang='grc' dir='ltr'>πάντας</span> 
     </span>
    </p>
   </div>
   <div class='ocr_carea' id='block_1_95' title="bbox 2063 3506 3644 3583">
    <p class='ocr_par' dir='ltr' id='par_1_95' title="bbox 2063 3506 3644 3583">
     <span class='ocr_line' id='line_1_95' title="bbox 2063 3506 3644 3583; baseline 0.002 -22"><span class='ocrx_word' id='word_1_730' title='bbox 2063 3506 2448 3579; x_wconf 77' lang='grc' dir='ltr'>ἀφανισθῆναι,</span> <span class='ocrx_word' id='word_1_731' title='bbox 2479 3510 2637 3580; x_wconf 82' lang='grc' dir='ltr'>ὑμεῖς</span> <span class='ocrx_word' id='word_1_732' title='bbox 2664 3510 2721 3565; x_wconf 83' lang='grc' dir='ltr'>δὲ</span> <span class='ocrx_word' id='word_1_733' title='bbox 2754 3512 2848 3566; x_wconf 76' lang='grc' dir='ltr'>καὶ</span> <span class='ocrx_word' id='word_1_734' title='bbox 2881 3510 3152 3583; x_wconf 86' lang='grc' dir='ltr'>συνθήκας</span> <span class='ocrx_word' id='word_1_735' title='bbox 3178 3510 3365 3565; x_wconf 76' lang='grc' dir='ltr'>ἔθεσθε</span> <span class='ocrx_word' id='word_1_736' title='bbox 3384 3511 3527 3583; x_wconf 86' lang='grc' dir='ltr'>πρὸς</span> <span class='ocrx_word' id='word_1_737' title='bbox 3558 3514 3644 3566; x_wconf 79' lang='grc' dir='ltr'>αὑ-</span> 
     </span>
    </p>
   </div>
   <div class='ocr_carea' id='block_1_96' title="bbox 2062 3598 3644 3675">
    <p class='ocr_par' dir='ltr' id='par_1_96' title="bbox 2062 3598 3644 3675">
     <span class='ocr_line' id='line_1_96' title="bbox 2062 3598 3644 3675; baseline 0.004 -24"><span class='ocrx_word' id='word_1_738' title='bbox 2062 3598 2208 3663; x_wconf 76' lang='grc' dir='ltr'>τούςο</span> <span class='ocrx_word' id='word_1_739' title='bbox 2236 3600 2325 3654; x_wconf 90' lang='grc' dir='ltr'>διά</span> <span class='ocrx_word' id='word_1_740' title='bbox 2344 3601 2503 3656; x_wconf 87' lang='grc' dir='ltr'>τοῦτο</span> <span class='ocrx_word' id='word_1_741' title='bbox 2526 3603 2627 3656; x_wconf 83' lang='grc' dir='ltr'>οὑκ</span> <span class='ocrx_word' id='word_1_742' title='bbox 2651 3603 3018 3675; x_wconf 78' lang='grc' dir='ltr'>ἑξολοθρεύσει</span> <span class='ocrx_word' id='word_1_743' title='bbox 3042 3603 3071 3657; x_wconf 92' lang='lat'>6</span> <span class='ocrx_word' id='word_1_744' title='bbox 3096 3603 3227 3666; x_wconf 85' lang='grc' dir='ltr'>Θεὸς</span> <span class='ocrx_word' id='word_1_745' title='bbox 3255 3603 3324 3657; x_wconf 81' lang='grc' dir='ltr'>τὰ</span> <span class='ocrx_word' id='word_1_746' title='bbox 3353 3602 3644 3658; x_wconf 76' lang='grc' dir='ltr'>ὑπολειπὸ⁸</span> 
     </span>
    </p>
   </div>
   <div class='ocr_carea' id='block_1_97' title="bbox 2067 3688 3639 3765">
    <p class='ocr_par' dir='ltr' id='par_1_97' title="bbox 2067 3688 3639 3765">
     <span class='ocr_line' id='line_1_97' title="bbox 2067 3688 3639 3765; baseline 0.003 -24"><span class='ocrx_word' id='word_1_747' title='bbox 2067 3705 2205 3759; x_wconf 88' lang='grc' dir='ltr'>μενα</span> <span class='ocrx_word' id='word_1_748' title='bbox 2242 3688 2390 3762; x_wconf 78' lang='grc' dir='ltr'>ἔθνη.</span> <span class='ocrx_word' id='word_1_749' title='bbox 2415 3690 2601 3746; x_wconf 90' lang='grc' dir='ltr'>Ταῦτα</span> <span class='ocrx_word' id='word_1_750' title='bbox 2624 3692 2954 3758; x_wconf 89' lang='grc' dir='ltr'>ἀκούσαντες</span> <span class='ocrx_word' id='word_1_751' title='bbox 2984 3693 3248 3749; x_wconf 74' lang='grc' dir='ltr'>ἔκλαυσαν</span> <span class='ocrx_word' id='word_1_752' title='bbox 3276 3694 3639 3765; x_wconf 79' lang='grc' dir='ltr'>ὁμοθυμαδὸν,</span> 
     </span>
    </p>
   </div>
   <div class='ocr_carea' id='block_1_98' title="bbox 2066 3781 3642 3858">
    <p class='ocr_par' dir='ltr' id='par_1_98' title="bbox 2066 3781 3642 3858">
     <span class='ocr_line' id='line_1_98' title="bbox 2066 3781 3642 3858; baseline 0.003 -23"><span class='ocrx_word' id='word_1_753' title='bbox 2066 3782 2160 3836; x_wconf 78' lang='grc' dir='ltr'>καὶ</span> <span class='ocrx_word' id='word_1_754' title='bbox 2187 3781 2478 3854; x_wconf 70' lang='grc' dir='ltr'>κλαυθμὸς</span> <span class='ocrx_word' id='word_1_755' title='bbox 2515 3786 2543 3839; x_wconf 90' lang='grc' dir='ltr'>ό</span> <span class='ocrx_word' id='word_1_756' title='bbox 2573 3784 2734 3849; x_wconf 86' lang='grc' dir='ltr'>τόπος</span> <span class='ocrx_word' id='word_1_757' title='bbox 2760 3785 2981 3858; x_wconf 80' lang='grc' dir='ltr'>ἐκλήθη.</span> <span class='ocrx_word' id='word_1_758' title='bbox 3014 3787 3121 3840; x_wconf 83' lang='grc' dir='ltr'>Καὶ</span> <span class='ocrx_word' id='word_1_759' title='bbox 3154 3786 3507 3857; x_wconf 88' lang='grc' dir='ltr'>παρηνόμουν</span> <span class='ocrx_word' id='word_1_760' title='bbox 3549 3788 3642 3841; x_wconf 75' lang='grc' dir='ltr'>καὶ</span> 
     </span>
    </p>
   </div>
   <div class='ocr_carea' id='block_1_99' title="bbox 2065 3873 3640 3951">
    <p class='ocr_par' dir='ltr' id='par_1_99' title="bbox 2065 3873 3640 3951">
     <span class='ocr_line' id='line_1_99' title="bbox 2065 3873 3640 3951; baseline 0.004 -25"><span class='ocrx_word' id='word_1_761' title='bbox 2065 3873 2476 3946; x_wconf 86' lang='grc' dir='ltr'>είδωλολάτρουν</span> <span class='ocrx_word' id='word_1_762' title='bbox 2498 3877 2755 3948; x_wconf 88' lang='grc' dir='ltr'>συνεχῶς,</span> <span class='ocrx_word' id='word_1_763' title='bbox 2784 3879 2877 3932; x_wconf 77' lang='grc' dir='ltr'>καὶ</span> <span class='ocrx_word' id='word_1_764' title='bbox 2899 3879 3239 3950; x_wconf 84' lang='grc' dir='ltr'>παρεδίδοντο</span> <span class='ocrx_word' id='word_1_765' title='bbox 3260 3881 3375 3943; x_wconf 88' lang='grc' dir='ltr'>τοῖς</span> <span class='ocrx_word' id='word_1_766' title='bbox 3402 3879 3640 3951; x_wconf 70' lang='grc' dir='ltr'>ἐχθροῖς.</span> 
     </span>
    </p>
   </div>
   <div class='ocr_carea' id='block_1_100' title="bbox 2067 3964 3639 4037">
    <p class='ocr_par' dir='ltr' id='par_1_100' title="bbox 2067 3964 3639 4037">
     <span class='ocr_line' id='line_1_100' title="bbox 2067 3964 3639 4037; baseline 0.002 -19"><span class='ocrx_word' id='word_1_767' title='bbox 2067 3964 2159 4018; x_wconf 76' lang='grc' dir='ltr'>καὶ</span> <span class='ocrx_word' id='word_1_768' title='bbox 2183 3964 2589 4036; x_wconf 73' lang='grc' dir='ltr'>ἀπηλλάσσοντο</span> <span class='ocrx_word' id='word_1_769' title='bbox 2614 3967 2710 4037; x_wconf 87' lang='grc' dir='ltr'>τῆς</span> <span class='ocrx_word' id='word_1_770' title='bbox 2730 3968 2991 4033; x_wconf 85' lang='grc' dir='ltr'>δουλείας,</span> <span class='ocrx_word' id='word_1_771' title='bbox 3019 3970 3111 4021; x_wconf 78' lang='grc' dir='ltr'>καὶ</span> <span class='ocrx_word' id='word_1_772' title='bbox 3140 3968 3297 4021; x_wconf 86' lang='grc' dir='ltr'>πάλιν</span> <span class='ocrx_word' id='word_1_773' title='bbox 3324 3972 3434 4032; x_wconf 88' lang='grc' dir='ltr'>τοῖς</span> <span class='ocrx_word' id='word_1_774' title='bbox 3457 3969 3639 4030; x_wconf 74' lang='grc' dir='ltr'>αὐτοῖς</span> 
     </span>
    </p>
   </div>
   <div class='ocr_carea' id='block_1_101' title="bbox 2065 4059 3641 4135">
    <p class='ocr_par' dir='ltr' id='par_1_101' title="bbox 2065 4059 3641 4135">
     <span class='ocr_line' id='line_1_101' title="bbox 2065 4059 3641 4135; baseline 0.003 -24"><span class='ocrx_word' id='word_1_775' title='bbox 2065 4059 2327 4130; x_wconf 77' lang='grc' dir='ltr'>ἐπέμενον</span> <span class='ocrx_word' id='word_1_776' title='bbox 2355 4062 2565 4123; x_wconf 88' lang='grc' dir='ltr'>κακοῖς.</span> <span class='ocrx_word' id='word_1_777' title='bbox 2602 4062 2981 4133; x_wconf 85' lang='grc' dir='ltr'>Παρεδόθησαν</span> <span class='ocrx_word' id='word_1_778' title='bbox 3009 4062 3230 4135; x_wconf 80' lang='grc' dir='ltr'>Χονσάρ</span> <span class='ocrx_word' id='word_1_779' title='bbox 3257 4060 3444 4117; x_wconf 81' lang='grc' dir='ltr'>Σαθὼν</span> <span class='ocrx_word' id='word_1_780' title='bbox 3478 4062 3509 4102; x_wconf 72' lang='grc' dir='ltr'>δ</span> <span class='ocrx_word' id='word_1_781' title='bbox 3547 4062 3641 4131; x_wconf 77' lang='grc' dir='ltr'>βα·</span> 
     </span>
    </p>
   </div>
   <div class='ocr_carea' id='block_1_102' title="bbox 2067 4151 3640 4225">
    <p class='ocr_par' dir='ltr' id='par_1_102' title="bbox 2067 4151 3640 4225">
     <span class='ocr_line' id='line_1_102' title="bbox 2067 4151 3640 4225; baseline 0.001 -20"><span class='ocrx_word' id='word_1_782' title='bbox 2067 4152 2202 4205; x_wconf 85' lang='grc' dir='ltr'>σιλεῖ</span> <span class='ocrx_word' id='word_1_783' title='bbox 2236 4153 2435 4225; x_wconf 81' lang='grc' dir='ltr'>Συρίας</span> <span class='ocrx_word' id='word_1_784' title='bbox 2473 4151 2567 4224; x_wconf 81' lang='grc' dir='ltr'>ἔτη</span> <span class='ocrx_word' id='word_1_785' title='bbox 2613 4159 2685 4222; x_wconf 85' lang='grc' dir='ltr'>η’,</span> <span class='ocrx_word' id='word_1_786' title='bbox 2727 4154 2821 4209; x_wconf 63' lang='grc' dir='ltr'>καλ⁵</span> <span class='ocrx_word' id='word_1_787' title='bbox 2855 4154 3057 4209; x_wconf 75' lang='grc' dir='ltr'>ἔσωσεν</span> <span class='ocrx_word' id='word_1_788' title='bbox 3096 4155 3291 4218; x_wconf 79' lang='grc' dir='ltr'>αὐτοὺς</span> <span class='ocrx_word' id='word_1_789' title='bbox 3319 4154 3525 4225; x_wconf 82' lang='grc' dir='ltr'>Κύριος</span> <span class='ocrx_word' id='word_1_790' title='bbox 3553 4155 3640 4207; x_wconf 71' lang='grc' dir='ltr'>διὰ</span> 
     </span>
    </p>
   </div>
   <div class='ocr_carea' id='block_1_103' title="bbox 2066 4243 3639 4318">
    <p class='ocr_par' dir='ltr' id='par_1_103' title="bbox 2066 4243 3639 4318">
     <span class='ocr_line' id='line_1_103' title="bbox 2066 4243 3639 4318; baseline -0.001 -19"><span class='ocrx_word' id='word_1_791' title='bbox 2066 4243 2213 4317; x_wconf 69' lang='grc'><strong>[541]</strong></span> <span class='ocrx_word' id='word_1_792' title='bbox 2262 4245 2521 4317; x_wconf 81' lang='grc' dir='ltr'>Γοθονοὴλ</span> <span class='ocrx_word' id='word_1_793' title='bbox 2572 4245 2666 4299; x_wconf 87' lang='grc' dir='ltr'>τοῦ</span> <span class='ocrx_word' id='word_1_794' title='bbox 2717 4246 2927 4316; x_wconf 80' lang='grc' dir='ltr'>κριτοῦ.</span> <span class='ocrx_word' id='word_1_795' title='bbox 2985 4248 3095 4301; x_wconf 76' lang='grc' dir='ltr'>Καὶ</span> <span class='ocrx_word' id='word_1_796' title='bbox 3142 4246 3517 4318; x_wconf 84' lang='grc' dir='ltr'>παρεδόθησαν</span> <span class='ocrx_word' id='word_1_797' title='bbox 3562 4246 3639 4316; x_wconf 78' lang='grc' dir='ltr'>τῷ</span> 
     </span>
    </p>
   </div>
   <div class='ocr_carea' id='block_1_104' title="bbox 2077 4339 3639 4413">
    <p class='ocr_par' dir='ltr' id='par_1_104' title="bbox 2077 4339 3639 4413">
     <span class='ocr_line' id='line_1_104' title="bbox 2077 4339 3639 4413; baseline -0.002 -18"><span class='ocrx_word' id='word_1_798' title='bbox 2077 4339 2295 4411; x_wconf 81' lang='grc' dir='ltr'>Ἐγλὼμ</span> <span class='ocrx_word' id='word_1_799' title='bbox 2334 4340 2546 4412; x_wconf 83' lang='grc' dir='ltr'>βασιλεῖ</span> <span class='ocrx_word' id='word_1_800' title='bbox 2573 4339 2769 4405; x_wconf 75' lang='grc' dir='ltr'>Μωάϐ,</span> <span class='ocrx_word' id='word_1_801' title='bbox 2799 4342 2893 4394; x_wconf 67' lang='grc' dir='ltr'>καὶ</span> <span class='ocrx_word' id='word_1_802' title='bbox 2922 4341 3154 4413; x_wconf 81' lang='grc' dir='ltr'>ἔκραξαν</span> <span class='ocrx_word' id='word_1_803' title='bbox 3186 4341 3320 4413; x_wconf 87' lang='grc' dir='ltr'>πρὸς</span> <span class='ocrx_word' id='word_1_804' title='bbox 3358 4340 3449 4393; x_wconf 89' lang='grc' dir='ltr'>τὸν</span> <span class='ocrx_word' id='word_1_805' title='bbox 3482 4340 3639 4404; x_wconf 73' lang='grc' dir='ltr'>Θεὸν,</span> 
     </span>
    </p>
   </div>
   <div class='ocr_carea' id='block_1_105' title="bbox 2065 4431 3640 4504">
    <p class='ocr_par' dir='ltr' id='par_1_105' title="bbox 2065 4431 3640 4504">
     <span class='ocr_line' id='line_1_105' title="bbox 2065 4431 3640 4504; baseline -0.002 -18"><span class='ocrx_word' id='word_1_806' title='bbox 2065 4433 2183 4486; x_wconf 74' lang='grc' dir='ltr'>καὶ.</span> <span class='ocrx_word' id='word_1_807' title='bbox 2211 4433 2428 4504; x_wconf 78' lang='grc' dir='ltr'>ἤγειρεν</span> <span class='ocrx_word' id='word_1_808' title='bbox 2477 4433 2660 4495; x_wconf 82' lang='grc' dir='ltr'>αὐτοῖς</span> <span class='ocrx_word' id='word_1_809' title='bbox 2728 4431 2881 4496; x_wconf 82' lang='grc' dir='ltr'>Ἀὼδ,</span> <span class='ocrx_word' id='word_1_810' title='bbox 2931 4434 3078 4496; x_wconf 79' lang='grc' dir='ltr'>ὅστις</span> <span class='ocrx_word' id='word_1_811' title='bbox 3138 4432 3273 4504; x_wconf 84' lang='grc' dir='ltr'>δόλῳ</span> <span class='ocrx_word' id='word_1_812' title='bbox 3322 4432 3500 4485; x_wconf 81' lang='grc' dir='ltr'>ἀνεῖλε</span> <span class='ocrx_word' id='word_1_813' title='bbox 3548 4432 3640 4485; x_wconf 76' lang='grc' dir='ltr'>τὸν</span> 
     </span>
    </p>
   </div>
   <div class='ocr_carea' id='block_1_106' title="bbox 2078 4523 3638 4595">
    <p class='ocr_par' dir='ltr' id='par_1_106' title="bbox 2078 4523 3638 4595">
     <span class='ocr_line' id='line_1_106' title="bbox 2078 4523 3638 4595; baseline -0.001 -19"><span class='ocrx_word' id='word_1_814' title='bbox 2078 4523 2292 4594; x_wconf 82' lang='grc' dir='ltr'>Ἐγλὼμ</span> <span class='ocrx_word' id='word_1_815' title='bbox 2321 4524 2415 4577; x_wconf 76' lang='grc' dir='ltr'>καὶ</span> <span class='ocrx_word' id='word_1_816' title='bbox 2438 4524 2529 4577; x_wconf 85' lang='grc' dir='ltr'>τὸν</span> <span class='ocrx_word' id='word_1_817' title='bbox 2556 4523 2749 4578; x_wconf 84' lang='grc' dir='ltr'>Μωάϐ.</span> <span class='ocrx_word' id='word_1_818' title='bbox 2775 4523 2928 4578; x_wconf 79' lang='grc' dir='ltr'>Μετὰ</span> <span class='ocrx_word' id='word_1_819' title='bbox 2949 4523 3134 4577; x_wconf 86' lang='grc' dir='ltr'>τοῦτον</span> <span class='ocrx_word' id='word_1_820' title='bbox 3155 4524 3335 4594; x_wconf 75' lang='grc' dir='ltr'>ἔκρινε</span> <span class='ocrx_word' id='word_1_821' title='bbox 3360 4523 3638 4595; x_wconf 82' lang='grc' dir='ltr'>Σομεγάρ,</span> 
     </span>
    </p>
   </div>
   <div class='ocr_carea' id='block_1_107' title="bbox 2063 4615 3641 4687">
    <p class='ocr_par' dir='ltr' id='par_1_107' title="bbox 2063 4615 3641 4687">
     <span class='ocr_line' id='line_1_107' title="bbox 2063 4615 3641 4687; baseline -0.002 -17"><span class='ocrx_word' id='word_1_822' title='bbox 2063 4615 2284 4684; x_wconf 81' lang='grc' dir='ltr'>Δεϐώρα</span> <span class='ocrx_word' id='word_1_823' title='bbox 2305 4627 2351 4679; x_wconf 77' lang='grc' dir='ltr'>ο,</span> <span class='ocrx_word' id='word_1_824' title='bbox 2388 4616 2524 4687; x_wconf 79' lang='grc' dir='ltr'>γυνή</span> <span class='ocrx_word' id='word_1_825' title='bbox 2570 4619 2859 4687; x_wconf 80' lang='grc' dir='ltr'>προφῆτις.</span> <span class='ocrx_word' id='word_1_826' title='bbox 2900 4616 3263 4670; x_wconf 83' lang='grc' dir='ltr'>Δουλευόντων</span> <span class='ocrx_word' id='word_1_827' title='bbox 3296 4615 3352 4667; x_wconf 78' lang='grc' dir='ltr'>δὲ</span> <span class='ocrx_word' id='word_1_828' title='bbox 3380 4615 3458 4685; x_wconf 83' lang='grc' dir='ltr'>τῷ</span> <span class='ocrx_word' id='word_1_829' title='bbox 3487 4615 3641 4685; x_wconf 80' lang='grc' dir='ltr'>βασι-</span> 
     </span>
    </p>
   </div>
   <div class='ocr_carea' id='block_1_108' title="bbox 2063 4707 3637 4781">
    <p class='ocr_par' dir='ltr' id='par_1_108' title="bbox 2063 4707 3637 4781">
     <span class='ocr_line' id='line_1_108' title="bbox 2063 4707 3637 4781; baseline -0.001 -19"><span class='ocrx_word' id='word_1_830' title='bbox 2063 4710 2143 4762; x_wconf 84' lang='grc' dir='ltr'>λεῖ</span> <span class='ocrx_word' id='word_1_831' title='bbox 2188 4709 2407 4763; x_wconf 82' lang='grc' dir='ltr'>Χαναὰν</span> <span class='ocrx_word' id='word_1_832' title='bbox 2453 4709 2561 4763; x_wconf 89' lang='grc' dir='ltr'>τῶν</span> <span class='ocrx_word' id='word_1_833' title='bbox 2600 4708 2965 4781; x_wconf 85' lang='grc' dir='ltr'>Ἰσραηλιτῶν,</span> <span class='ocrx_word' id='word_1_834' title='bbox 3006 4708 3215 4763; x_wconf 84' lang='grc' dir='ltr'>κελεύει</span> <span class='ocrx_word' id='word_1_835' title='bbox 3257 4707 3340 4777; x_wconf 80' lang='grc' dir='ltr'>τῷ</span> <span class='ocrx_word' id='word_1_836' title='bbox 3375 4707 3568 4778; x_wconf 76' lang='grc' dir='ltr'>Βαράκ</span> <span class='ocrx_word' id='word_1_837' title='bbox 3607 4711 3637 4775; x_wconf 87' lang='grc' dir='ltr'>ἡ</span> 
     </span>
    </p>
   </div>
   <div class='ocr_carea' id='block_1_109' title="bbox 2064 4800 3636 4874">
    <p class='ocr_par' dir='ltr' id='par_1_109' title="bbox 2064 4800 3636 4874">
     <span class='ocr_line' id='line_1_109' title="bbox 2064 4800 3636 4874; baseline -0.003 -19"><span class='ocrx_word' id='word_1_838' title='bbox 2064 4802 2285 4874; x_wconf 86' lang='grc' dir='ltr'>Δεϐώρα</span> <span class='ocrx_word' id='word_1_839' title='bbox 2320 4802 2691 4873; x_wconf 81' lang='grc' dir='ltr'>στρατηγῆσαι</span> <span class='ocrx_word' id='word_1_840' title='bbox 2717 4801 2808 4855; x_wconf 87' lang='grc' dir='ltr'>τὸν</span> <span class='ocrx_word' id='word_1_841' title='bbox 2837 4801 3089 4870; x_wconf 87' lang='grc' dir='ltr'>πόλεμον.</span> <span class='ocrx_word' id='word_1_842' title='bbox 3131 4800 3188 4853; x_wconf 82' lang='grc' dir='ltr'>Ὀ</span> <span class='ocrx_word' id='word_1_843' title='bbox 3212 4800 3271 4855; x_wconf 86' lang='grc' dir='ltr'>δὲ</span> <span class='ocrx_word' id='word_1_844' title='bbox 3298 4802 3397 4853; x_wconf 88' lang='grc' dir='ltr'>ούκ</span> <span class='ocrx_word' id='word_1_845' title='bbox 3424 4800 3636 4869; x_wconf 69' lang='grc' dir='ltr'>ἠνείχε-</span> 
     </span>
    </p>
   </div>
   <div class='ocr_carea' id='block_1_110' title="bbox 2062 4893 3667 4967">
    <p class='ocr_par' dir='ltr' id='par_1_110' title="bbox 2062 4893 3667 4967">
     <span class='ocr_line' id='line_1_110' title="bbox 2062 4893 3667 4967; baseline -0.004 -16"><span class='ocrx_word' id='word_1_846' title='bbox 2062 4914 2142 4962; x_wconf 83' lang='grc' dir='ltr'>το,</span> <span class='ocrx_word' id='word_1_847' title='bbox 2176 4898 2224 4949; x_wconf 92' lang='grc' dir='ltr'>εί</span> <span class='ocrx_word' id='word_1_848' title='bbox 2257 4895 2330 4967; x_wconf 78' lang='grc' dir='ltr'>μὴ</span> <span class='ocrx_word' id='word_1_849' title='bbox 2360 4897 2454 4949; x_wconf 73' lang='grc' dir='ltr'>καὶ</span> <span class='ocrx_word' id='word_1_850' title='bbox 2482 4894 2620 4966; x_wconf 87' lang='grc' dir='ltr'>αύτὴ</span> <span class='ocrx_word' id='word_1_851' title='bbox 2658 4893 2959 4961; x_wconf 80' lang='grc' dir='ltr'>συνεξέλθοι</span> <span class='ocrx_word' id='word_1_852' title='bbox 2986 4893 3152 4965; x_wconf 80' lang='grc' dir='ltr'>αύτῷ·</span> <span class='ocrx_word' id='word_1_853' title='bbox 3187 4894 3279 4946; x_wconf 72' lang='grc' dir='ltr'>καὶ</span> <span class='ocrx_word' id='word_1_854' title='bbox 3312 4893 3667 4967; x_wconf 72' lang='grc' dir='ltr'>συνεξῆλθενΞ</span> 
     </span>
    </p>
   </div>
   <div class='ocr_carea' id='block_1_111' title="bbox 2063 4984 3665 5059">
    <p class='ocr_par' dir='ltr' id='par_1_111' title="bbox 2063 4984 3665 5059">
     <span class='ocr_line' id='line_1_111' title="bbox 2063 4984 3665 5059; baseline -0.001 -20"><span class='ocrx_word' id='word_1_855' title='bbox 2063 4991 2096 5059; x_wconf 90' lang='grc' dir='ltr'>ἡ</span> <span class='ocrx_word' id='word_1_856' title='bbox 2138 4988 2294 5058; x_wconf 83' lang='grc' dir='ltr'>γυνή.</span> <span class='ocrx_word' id='word_1_857' title='bbox 2331 4987 2626 5058; x_wconf 86' lang='grc' dir='ltr'>Γενομένου</span> <span class='ocrx_word' id='word_1_858' title='bbox 2675 4986 2731 5039; x_wconf 82' lang='grc' dir='ltr'>δὲ</span> <span class='ocrx_word' id='word_1_859' title='bbox 2778 4984 2870 5039; x_wconf 86' lang='grc' dir='ltr'>τοῦ</span> <span class='ocrx_word' id='word_1_860' title='bbox 2928 4986 3183 5056; x_wconf 85' lang='grc' dir='ltr'>πολέμου,</span> <span class='ocrx_word' id='word_1_861' title='bbox 3240 4986 3537 5054; x_wconf 78' lang='grc' dir='ltr'>φεύγουσιν</span> <span class='ocrx_word' id='word_1_862' title='bbox 3590 4988 3665 5037; x_wconf 68' lang='grc' dir='ltr'>οῖ</span> 
     </span>
    </p>
   </div>
   <div class='ocr_carea' id='block_1_112' title="bbox 2064 5075 3635 5150">
    <p class='ocr_par' dir='ltr' id='par_1_112' title="bbox 2064 5075 3635 5150">
     <span class='ocr_line' id='line_1_112' title="bbox 2064 5075 3635 5150; baseline -0.001 -20"><span class='ocrx_word' id='word_1_863' title='bbox 2064 5078 2331 5147; x_wconf 78' lang='grc' dir='ltr'>πολέμιοι,</span> <span class='ocrx_word' id='word_1_864' title='bbox 2360 5078 2454 5132; x_wconf 76' lang='grc' dir='ltr'>καὶ</span> <span class='ocrx_word' id='word_1_865' title='bbox 2483 5079 2510 5130; x_wconf 85' lang='grc' dir='ltr'>ὁ</span> <span class='ocrx_word' id='word_1_866' title='bbox 2542 5075 2842 5149; x_wconf 85' lang='grc' dir='ltr'>στρατηγὸς</span> <span class='ocrx_word' id='word_1_867' title='bbox 2876 5076 3039 5139; x_wconf 63' lang='grc' dir='ltr'>Ἰαϐὶς</span> <span class='ocrx_word' id='word_1_868' title='bbox 3072 5076 3275 5146; x_wconf 81' lang='grc' dir='ltr'>Σισάρα</span> <span class='ocrx_word' id='word_1_869' title='bbox 3302 5076 3472 5129; x_wconf 78' lang='grc' dir='ltr'>ἐλθὼν</span> <span class='ocrx_word' id='word_1_870' title='bbox 3503 5078 3635 5150; x_wconf 84' lang='grc' dir='ltr'>πρός</span> 
     </span>
    </p>
   </div>
   <div class='ocr_carea' id='block_1_113' title="bbox 2126 5230 3631 5296">
    <p class='ocr_par' dir='ltr' id='par_1_113' title="bbox 2126 5230 3631 5296">
     <span class='ocr_line' id='line_1_113' title="bbox 2126 5230 3631 5296; baseline 0 -15"><span class='ocrx_word' id='word_1_871' title='bbox 2126 5235 2152 5263; x_wconf 73' lang='grc'>⁸</span> <span class='ocrx_word' id='word_1_872' title='bbox 2176 5233 2229 5282; x_wconf 85' lang='lat' dir='ltr'><strong>In</strong></span> <span class='ocrx_word' id='word_1_873' title='bbox 2268 5233 2588 5296; x_wconf 81' lang='lat' dir='ltr'>Lugdunensi</span> <span class='ocrx_word' id='word_1_874' title='bbox 2616 5234 2801 5293; x_wconf 69' lang='lat' dir='ltr'>legitur</span> <span class='ocrx_word' id='word_1_875' title='bbox 2841 5234 2922 5282; x_wconf 83' lang='grc' dir='ltr'>καὶ</span> <span class='ocrx_word' id='word_1_876' title='bbox 2963 5230 3404 5295; x_wconf 80' lang='grc' dir='ltr'>είδωλολατροῦσιν.</span> <span class='ocrx_word' id='word_1_877' title='bbox 3446 5232 3631 5283; x_wconf 77' lang='lat' dir='ltr'>Ibidem</span> 
     </span>
    </p>
   </div>
   <div class='ocr_carea' id='block_1_114' title="bbox 2059 5296 2803 5359">
    <p class='ocr_par' dir='ltr' id='par_1_114' title="bbox 2059 5296 2803 5359">
     <span class='ocr_line' id='line_1_114' title="bbox 2059 5296 2803 5359; baseline -0.001 -14"><span class='ocrx_word' id='word_1_878' title='bbox 2059 5310 2149 5359; x_wconf 71' lang='lat' dir='ltr'>prp</span> <span class='ocrx_word' id='word_1_879' title='bbox 2172 5297 2363 5359; x_wconf 81' lang='grc' dir='ltr'>Αἰγλὼμ</span> <span class='ocrx_word' id='word_1_880' title='bbox 2383 5298 2566 5358; x_wconf 76' lang='lat' dir='ltr'>legilur</span> <span class='ocrx_word' id='word_1_881' title='bbox 2599 5296 2803 5358; x_wconf 81' lang='grc' dir='ltr'>Έγλὼμ.</span> 
     </span>
    </p>
   </div>
   <div class='ocr_carea' id='block_1_115' title="bbox 2123 5356 3628 5424">
    <p class='ocr_par' dir='ltr' id='par_1_115' title="bbox 2123 5356 3628 5424">
     <span class='ocr_line' id='line_1_115' title="bbox 2123 5356 3628 5424; baseline -0.001 -18"><span class='ocrx_word' id='word_1_882' title='bbox 2123 5356 2151 5395; x_wconf 74' lang='lat' dir='ltr'><strong>h</strong></span> <span class='ocrx_word' id='word_1_883' title='bbox 2179 5359 2191 5406; x_wconf 97' lang='grc' dir='ltr'><strong>Ι</strong></span> <span class='ocrx_word' id='word_1_884' title='bbox 2200 5356 2469 5424; x_wconf 49' lang='grc' dir='ltr'>ιιςοιιιὶ-ιριιε</span> <span class='ocrx_word' id='word_1_885' title='bbox 2494 5356 2708 5424; x_wconf 71' lang='lat' dir='ltr'>Romana</span> <span class='ocrx_word' id='word_1_886' title='bbox 2733 5356 2915 5424; x_wconf 55' lang='lat' dir='ltr'>legitur</span> <span class='ocrx_word' id='word_1_887' title='bbox 2936 5356 3325 5424; x_wconf 52' lang='lat' dir='ltr'>Kbuaapgaeatp.</span> <span class='ocrx_word' id='word_1_888' title='bbox 3344 5358 3399 5424; x_wconf 63' lang='grc' dir='ltr'>ιιι</span> <span class='ocrx_word' id='word_1_889' title='bbox 3422 5356 3628 5424; x_wconf 58' lang='grc' dir='ltr'>γυιεξιε</span> 
     </span>
    </p>
   </div>
   <div class='ocr_carea' id='block_1_116' title="bbox 2059 5373 3631 5479">
    <p class='ocr_par' dir='ltr' id='par_1_116' title="bbox 2059 5373 3631 5479">
     <span class='ocr_line' id='line_1_116' title="bbox 2123 5373 3628 5420; baseline -0.001 -14"><span class='ocrx_word' id='word_1_890' title='bbox 2123 5373 2151 5395; x_wconf 78' lang='grc' dir='ltr'>ιι</span> <span class='ocrx_word' id='word_1_891' title='bbox 2179 5373 2229 5406; x_wconf 88' lang='grc' dir='ltr'>ιιι</span> <span class='ocrx_word' id='word_1_892' title='bbox 2250 5373 2469 5406; x_wconf 82' lang='lat' dir='ltr'>emuone</span> <span class='ocrx_word' id='word_1_893' title='bbox 2496 5373 2708 5407; x_wconf 79' lang='lat' dir='ltr'>uomana</span> <span class='ocrx_word' id='word_1_894' title='bbox 2733 5373 2915 5420; x_wconf 79' lang='lat' dir='ltr'>leguur</span> <span class='ocrx_word' id='word_1_895' title='bbox 2936 5373 3272 5419; x_wconf 67' lang='grc' dir='ltr'>Λουσαρσαυαι</span> <span class='ocrx_word' id='word_1_896' title='bbox 3314 5394 3325 5411; x_wconf 84' lang='grc'>,</span> <span class='ocrx_word' id='word_1_897' title='bbox 3348 5373 3399 5404; x_wconf 85' lang='grc' dir='ltr'>ιιι</span> <span class='ocrx_word' id='word_1_898' title='bbox 3431 5373 3628 5419; x_wconf 79' lang='lat' dir='ltr'>vmgau</span> 
     </span>
     <span class='ocr_line' id='line_1_117' title="bbox 2059 5373 3631 5479; baseline -0.001 -11"><span class='ocrx_word' id='word_1_899' title='bbox 2059 5421 2324 5469; x_wconf 84' lang='lat' dir='ltr'>secundum</span> <span class='ocrx_word' id='word_1_900' title='bbox 2344 5420 2633 5469; x_wconf 82' lang='lat' dir='ltr'>Hebraicam</span> <span class='ocrx_word' id='word_1_901' title='bbox 2653 5420 2908 5468; x_wconf 75' lang='lat' dir='ltr'>veritalem</span> <span class='ocrx_word' id='word_1_902' title='bbox 2924 5419 3111 5470; x_wconf 78' lang='lat' dir='ltr'><strong><em>Clmsau</em></strong></span> <span class='ocrx_word' id='word_1_903' title='bbox 3129 5373 3418 5467; x_wconf 56' lang='lat' dir='ltr'><strong><em>Maian.</em></strong></span> <span class='ocrx_word' id='word_1_904' title='bbox 3437 5417 3631 5479; x_wconf 72' lang='lat' dir='ltr'>Lugdu-</span> 
     </span>
    </p>
   </div>
   <div class='ocr_carea' id='block_1_117' title="bbox 2060 5479 3627 5558">
    <p class='ocr_par' dir='ltr' id='par_1_117' title="bbox 2060 5479 3627 5558">
     <span class='ocr_line' id='line_1_118' title="bbox 2060 5479 3627 5558; baseline 0 -29"><span class='ocrx_word' id='word_1_905' title='bbox 2060 5484 2561 5558; x_wconf 44' lang='lat' dir='ltr'>rnnens‘eglnseguim&#39;gr:</span> <span class='ocrx_word' id='word_1_906' title='bbox 2586 5479 2918 5558; x_wconf 65' lang='lat' dir='ltr'>fnislinianus</span> <span class='ocrx_word' id='word_1_907' title='bbox 2945 5493 3060 5529; x_wconf 75' lang='lat' dir='ltr'>vero</span> <span class='ocrx_word' id='word_1_908' title='bbox 3095 5479 3249 5530; x_wconf 71' lang='lat' dir='ltr'><strong>habet</strong></span> <span class='ocrx_word' id='word_1_909' title='bbox 3271 5480 3475 5529; x_wconf 72' lang='grc' dir='ltr'>Χωσὰϐ</span> <span class='ocrx_word' id='word_1_910' title='bbox 3498 5480 3627 5542; x_wconf 76' lang='grc' dir='ltr'>Σύρῳ</span> 
     </span>
    </p>
   </div>
   <div class='ocr_carea' id='block_1_118' title="bbox 2060 5543 2790 5607">
    <p class='ocr_par' dir='ltr' id='par_1_118' title="bbox 2060 5543 2790 5607">
     <span class='ocr_line' id='line_1_119' title="bbox 2060 5543 2790 5607; baseline 0.001 -16"><span class='ocrx_word' id='word_1_911' title='bbox 2060 5543 2242 5607; x_wconf 83' lang='grc' dir='ltr'>βασιλεῖ</span> <span class='ocrx_word' id='word_1_912' title='bbox 2265 5543 2443 5606; x_wconf 85' lang='grc' dir='ltr'>Συρίας.</span> <span class='ocrx_word' id='word_1_913' title='bbox 2471 5545 2564 5607; x_wconf 82' lang='grc' dir='ltr'>Καὶ</span> <span class='ocrx_word' id='word_1_914' title='bbox 2588 5544 2790 5607; x_wconf 78' lang='grc' dir='ltr'>ἔσωσεν.</span> 
     </span>
    </p>
   </div>
   <div class='ocr_carea' id='block_1_119' title="bbox 2117 5599 3629 5717">
    <p class='ocr_par' dir='ltr' id='par_1_119' title="bbox 2117 5599 3629 5717">
     <span class='ocr_line' id='line_1_120' title="bbox 2117 5599 3629 5717; baseline -0.001 -65"><span class='ocrx_word' id='word_1_915' title='bbox 2117 5603 2231 5717; x_wconf 48' lang='lat' dir='ltr'>Cll:</span> <span class='ocrx_word' id='word_1_916' title='bbox 2247 5599 2575 5715; x_wconf 57' lang='lat' dir='ltr'>[ggimscriplo</span> <span class='ocrx_word' id='word_1_917' title='bbox 2597 5605 2795 5658; x_wconf 78' lang='lat' dir='ltr'>Coislin.</span> <span class='ocrx_word' id='word_1_918' title='bbox 2829 5604 2908 5655; x_wconf 84' lang='lat' dir='ltr'>hic</span> <span class='ocrx_word' id='word_1_919' title='bbox 2928 5604 3156 5668; x_wconf 82' lang='grc' dir='ltr'>Δεϐϐώρα</span> <span class='ocrx_word' id='word_1_920' title='bbox 3180 5603 3384 5666; x_wconf 73' lang='lat' dir='ltr'>legitur,</span> <span class='ocrx_word' id='word_1_921' title='bbox 3404 5608 3460 5654; x_wconf 76' lang='lat' dir='ltr'><strong>et</strong></span> <span class='ocrx_word' id='word_1_922' title='bbox 3484 5599 3629 5666; x_wconf 77' lang='lat' dir='ltr'><strong><em>paulo</em></strong></span> 
     </span>
     <span class='ocr_line' id='line_1_121' title="bbox 2117 5682 2404 5717; baseline 0.003 -1"><span class='ocrx_word' id='word_1_923' title='bbox 2117 5682 2146 5716; x_wconf 46' lang='lat' dir='ltr'>ts</span> <span class='ocrx_word' id='word_1_924' title='bbox 2234 5684 2255 5715; x_wconf 88' lang='grc' dir='ltr'>ε</span> <span class='ocrx_word' id='word_1_925' title='bbox 2289 5684 2404 5717; x_wconf 85' lang='grc' dir='ltr'>ωοα.</span> 
     </span>
    </p>
   </div>
   <div class='ocr_carea' id='block_1_120' title="bbox 2058 5680 2404 5730">
    <p class='ocr_par' dir='ltr' id='par_1_120' title="bbox 2058 5680 2404 5730">
     <span class='ocr_line' id='line_1_122' title="bbox 2058 5680 2404 5730; baseline 0.003 -15"><span class='ocrx_word' id='word_1_926' title='bbox 2058 5680 2167 5727; x_wconf 74' lang='lat' dir='ltr'><strong>post</strong></span> <span class='ocrx_word' id='word_1_927' title='bbox 2193 5680 2404 5730; x_wconf 76' lang='grc' dir='ltr'>Δεϋωρα.</span> 
     </span>
    </p>
   </div>
  </div>
