3720 6274
356 293 459 349 539

354 421 466 463 rem
497 403 697 461 Jaélem
732 403 927 458 dictam
947 442 963 466 ,
996 399 1211 471 petebat
1239 400 1305 455 ab
1335 400 1422 455 illa
1454 408 1641 471 potum
1678 418 1691 455 :
1719 399 1805 453 illa
1836 412 1931 469 pro

353 512 488 567 aqua
512 482 593 550 Iac
620 494 692 549 illi
724 492 891 549 dedit.
914 491 985 548 Ut
1019 500 1194 546 autem
1224 500 1341 560 post
1372 500 1554 560 potum
1587 489 1933 555 obdormivit,

353 597 624 656 arreptum
649 592 855 640 vectem
884 582 1075 637 mulier
1110 596 1207 652 per
1236 591 1473 650 tempora
1501 582 1617 649 ejus
1647 580 1932 634 transfixit.

353 676 443 733 Sic
471 685 711 731 mortuus
740 683 823 730 est
850 672 1030 728 Sisara
1055 688 1069 725 :
1097 672 1475 742 ingressusque
1518 670 1684 725 Barac
1707 670 1837 725 vidit
1873 670 1932 725 il-

353 768 461 822 lum
508 775 796 821 mortuum.
856 765 1005 818 Tunc
1054 762 1317 817 canticum
1367 760 1686 831 triumphale
1740 762 1937 816 cecinit

355 859 583 914 Debora.
603 857 807 911 Rursus
828 855 1105 910 traduntur
1131 853 1381 908 lsraelitae
1400 854 1452 907 in
1477 867 1666 907 manus
1684 848 1931 917 Madiam;

352 966 477 1008 nam
505 949 809 1019 frequenter
837 948 999 1002 Deum
1032 944 1328 1000 irritabant.
1352 944 1499 998 Tunc
1524 942 1761 1000 Gedeoni
1792 946 1934 1000 visus

351 1052 435 1097 est
477 1040 716 1111 angelus,
748 1039 836 1109 qui
869 1039 1017 1092 illum
1043 1037 1109 1091 ad
1136 1036 1331 1091 bellum
1368 1036 1675 1091 concitavit.
1728 1036 1931 1091 Dehinc

351 1132 591 1202 prmcipit
611 1132 685 1186 illi
707 1132 961 1185 Dominus
991 1137 1047 1183 ut
1066 1128 1365 1183 immolaret
1390 1127 1611 1181 vitulum
1634 1127 1930 1197 saginatum

352 1224 517 1290 patris
564 1222 667 1287 sui,
697 1231 751 1278 et
788 1221 1004 1276 afferret
1046 1220 1416 1276 holocaustum
1440 1261 1455 1286 ,
1482 1220 1761 1291 Baalisque
1784 1237 1930 1276 aram

348 1317 668 1372 destrueret.
708 1314 892 1370 Paruit
932 1314 1041 1379 ille,
1065 1322 1119 1368 et
1170 1314 1363 1368 obtulit
1405 1312 1769 1368 holocaustum
1797 1314 1925 1368 Deo.

348 1406 678 1481 Signumquc
710 1411 842 1480 petit
867 1409 1084 1465 Gedcon
1115 1409 1205 1479 qui
1234 1419 1288 1465 et
1306 1408 1552 1463 Jerobaal
1580 1418 1799 1463 vocatus
1823 1420 1926 1475 est,

351 1503 403 1555 in
429 1500 627 1556 vellere
651 1502 870 1555 editum.
898 1499 1228 1570 Jubcturque
1251 1508 1416 1555 totum
1435 1500 1704 1556 dimittere
1725 1503 1930 1556 exerci-

348 1599 483 1656 tum,
509 1601 880 1663 trecentosque
905 1600 1107 1646 tantum
1131 1590 1383 1647 retinere.
1426 1591 1484 1645 Id
1507 1592 1650 1663 quod
1670 1591 1759 1648 ille
1779 1592 1925 1661 fecit,

348 1696 401 1740 et
426 1700 742 1756 congressus
764 1700 884 1741 cum
912 1684 1243 1756 lampadibus
1263 1694 1318 1739 et
1347 1683 1488 1740 tubis
1503 1726 1519 1752 ,
1554 1686 1735 1741 hostes
1749 1687 1928 1755 proﬂi-

348 1777 506 1846 gavit.
530 1776 680 1832 Tunc
705 1776 864 1832 occisi
886 1785 1009 1832 sunt
1034 1776 1174 1833 Oreb
1190 1785 1244 1832 et
1260 1776 1369 1832 Zeb
1386 1776 1648 1847 principes
1674 1778 1922 1848 Madiam,

342 1883 400 1928 et
427 1872 599 1931 Zebee
624 1884 678 1930 et
704 1876 952 1931 Salmana
981 1891 1155 1946 reges.
1197 1877 1418 1933 Gedeon
1448 1878 1682 1933 moriens
1709 1878 1926 1948 reliquit

348 1963 486 2020 filios
505 1969 854 2038 septuaginta,
879 1978 932 2022 et
953 1982 1021 2023 ex
1046 1969 1338 2024 concubina
1359 1985 1520 2024 unum
1536 1970 1921 2025 Abimelecum.

348 2056 444 2113 IIic
478 2060 668 2115 occisis
708 2061 1036 2131 septuaginta
1078 2060 1365 2130 fratribus,
1396 2078 1618 2133 regnum
1657 2063 1920 2118 obtinuit:

343 2165 446 2206 nec
463 2151 629 2206 multo
645 2153 825 2223 elapso
848 2162 1087 2223 tempore
1106 2154 1376 2209 fratricidii
1394 2170 1578 2223 poenas
1597 2156 1761 2211 dedit.
1790 2156 1924 2212 Cum

346 2241 487 2296 enim
513 2242 564 2296 in
592 2243 774 2311 prielio
803 2244 1119 2299 accessisset
1142 2244 1207 2299 ad
1236 2246 1516 2314 quamdam
1542 2247 1750 2315 urbem,
1785 2248 1924 2319 frag-

345 2339 527 2387 mento
563 2333 718 2387 molae
761 2344 919 2404 caput
948 2335 1064 2405 ejus
1105 2351 1135 2389 a
1166 2337 1389 2392 muliere
1435 2336 1766 2393 confractum
1816 2352 1919 2407 cst,

338 2425 538 2495 illeque
556 2427 716 2480 vitam
737 2428 935 2483 amisit.
964 2428 1091 2484 Post
1130 2429 1404 2485 Abimelec
1428 2430 1683 2500 judicavit
1718 2432 1883 2487 Thola
1904 2474 1922 2498 ,

344 2527 466 2587 post
490 2517 710 2573 Tholam
737 2518 867 2574 Jair.
899 2520 965 2575 Et
985 2521 1323 2577 irritaverunt
1346 2523 1513 2578 Deum
1541 2524 1634 2579 filii
1664 2525 1843 2590 Israel,
1867 2533 1922 2581 ct

344 2610 521 2665 traditi
540 2620 675 2666 sunt
702 2612 753 2667 in
779 2628 965 2669 manus
991 2613 1245 2670 Ammon.
1298 2614 1450 2670 Tunc
1469 2615 1715 2686 Jephthzn
1743 2631 1920 2672 mere-

345 2701 491 2756 tricis
515 2701 680 2757 lilium
706 2713 759 2757 et
787 2719 816 2757 a
844 2703 1004 2759 domo
1030 2712 1249 2775 paterna
1278 2720 1374 2775 per
1422 2706 1615 2763 fratres
1664 2707 1918 2778 ejectum,

344 2791 531 2849 ducem
561 2793 686 2849 belli
714 2802 897 2849 contra
925 2795 1062 2850 filios
1093 2798 1320 2851 Ammon
1364 2812 1482 2853 esse
1509 2809 1696 2868 rogant
1726 2800 1920 2869 princi-

342 2896 438 2951 pes
458 2884 677 2954 populi,
706 2884 913 2955 ipsique
934 2886 1217 2954 imperium
1249 2888 1485 2943 tradunt.
1523 2889 1614 2945 Ille
1638 2889 1918 2960 obtempe-

342 2977 498 3042 ravit,
527 2992 589 3032 ac
631 2977 817 3046 legatis
848 2978 915 3033 ad
944 2994 1124 3051 regem
1169 2980 1396 3035 filiorum
1440 2983 1668 3037 Ammon
1719 2983 1916 3049 missis,

338 3082 461 3122 cum
492 3068 622 3123 nihil
647 3069 921 3136 suasisset,
950 3079 1109 3126 vovet
1134 3086 1192 3126 se
1222 3071 1331 3127 Deo
1373 3071 1767 3128 immolaturum
1796 3090 1917 3129 eum

340 3160 428 3228 qui
457 3161 656 3229 primus
687 3161 785 3230 ipsi
809 3172 1130 3227 occurreret,
1161 3163 1205 3217 si
1226 3163 1434 3219 rediret
1461 3180 1529 3219 ex
1558 3164 1700 3220 bello
1729 3182 1742 3219 :
1766 3180 1918 3221 com-

340 3253 505 3308 misso
525 3252 715 3322 prmlio
742 3267 864 3309 cum
895 3253 1109 3308 vicisset
1130 3253 1331 3320 hostes,
1364 3253 1522 3309 filiam
1553 3270 1703 3311 suam
1731 3256 1922 3313 immo-

339 3343 415 3398 lat
439 3359 452 3396 :
480 3344 592 3413 ipsa
617 3344 758 3400 enim
792 3345 937 3415 prior
962 3346 1194 3400 occurrit
1221 3345 1317 3403 illi.
1344 3345 1551 3402 Rursus
1576 3347 1919 3403 irritaverant

341 3437 506 3491 Deum
526 3437 615 3491 lilii
636 3437 828 3505 Israel,
860 3447 916 3493 et
937 3438 1115 3492 traditi
1142 3448 1266 3495 sunt
1306 3439 1359 3494 in
1382 3454 1570 3495 manus
1593 3441 1917 3513 alienigena-

342 3543 482 3582 rum.
508 3528 657 3582 Tunc
696 3529 931 3583 nascitur
974 3528 1275 3598 Sampson,
1317 3539 1372 3585 et
1416 3531 1531 3586 visa
1582 3532 1807 3587 muliere
1864 3533 1915 3587 in

341 3619 695 3686 Thamnatha,
728 3620 844 3689 ejus
866 3636 1046 3676 amore
1073 3633 1258 3690 captus
1277 3631 1377 3686 est,
1402 3622 1675 3693 ipsamque
1696 3638 1919 3681 uxorem

340 3714 540 3768 ducere
569 3714 802 3769 volebat.
834 3714 1088 3770 Parentes
1121 3725 1296 3771 autem
1323 3718 1495 3786 primo
1534 3714 1914 3789 impediebant,

341 3807 481 3877 quod
514 3807 600 3861 illa
629 3807 922 3878 alienigena
950 3818 1094 3863 esset
1122 3827 1136 3864 :
1167 3820 1222 3863 ut
1257 3818 1435 3866 autem
1460 3810 1705 3866 viderunt
1746 3813 1917 3883 ipsum

339 3900 649 3963 instantem,
677 3916 782 3954 non
808 3901 939 3953 ultra
962 3903 1528 3976 prohibuerunt.Cum
1552 3902 1915 3960 abiretautem

338 3991 406 4047 de
433 3992 520 4047 illa
549 3992 970 4063 colloquuturus,
1003 3994 1238 4049 occurrit
1266 3994 1343 4049 illi
1371 3995 1453 4050 leo
1479 3990 1636 4067 quem
1670 3996 1917 4054 manibus

329 4084 449 4138 suis
476 4083 688 4139 occidit.
740 4084 874 4139 Cum
919 4094 1094 4139 autem
1121 4086 1318 4154 nuptiae
1350 4086 1683 4142 celebrandae
1712 4095 1913 4157 essent,

328 4190 548 4230 rursum
579 4176 878 4247 profectus,
908 4175 1052 4232 videt
1088 4175 1264 4232 favum
1296 4178 1472 4234 mellis
1511 4178 1563 4233 in
1589 4194 1683 4234 ore
1707 4179 1913 4247 leonis,

336 4282 494 4336 quem
523 4268 826 4333 occiderat,
859 4277 912 4323 et
945 4276 1224 4339 acceptum
1252 4270 1504 4335 comedit,
1535 4270 1785 4341 deditque
1823 4289 1916 4342 pa-

334 4360 577 4415 remibus
597 4369 651 4414 et
676 4360 984 4416 concivibus
1009 4360 1120 4415 suis
1148 4376 1162 4414 :
1194 4370 1351 4430 atque
1389 4363 1611 4432 aenigma
1644 4365 1917 4432 proposuit

336 4450 467 4520 ipsis
493 4450 677 4506 dicens
702 4467 723 4504 ‘:
766 4451 848 4506 Ex
880 4466 966 4505 ore
993 4451 1297 4506 comedentis
1324 4468 1550 4521 egressus
1569 4463 1640 4505 est
1664 4454 1801 4508 cibus
1823 4496 1837 4518 ,
1865 4456 1913 4508 id

338 4551 439 4608 est,
468 4557 535 4598 ex
565 4556 659 4597 ore
679 4542 881 4608 leonis;
914 4551 961 4597 et
988 4558 1051 4596 ea:
1072 4552 1272 4596 austero
1301 4559 1393 4612 pro
1434 4544 1767 4598 amaritudine
1800 4545 1913 4597 dul-

337 4634 459 4688 cedo
483 4632 631 4703 (Iud.
662 4634 749 4688 14.
787 4634 897 4703 14).
925 4632 1277 4704 Promisitque
1294 4648 1353 4689 se
1379 4633 1627 4688 daturum
1668 4636 1715 4689 ei
1743 4638 1830 4706 qui
1864 4636 1915 4690 id

338 4729 779 4797 interpretaretur
820 4727 1033 4798 triginta
1066 4726 1351 4794 sindonas,
1382 4736 1435 4781 et
1462 4728 1673 4797 triginta
1710 4729 1911 4791 stolas;

336 4821 418 4875 sin
462 4835 566 4875 non
608 4828 849 4889 possent,
882 4819 981 4873 sibi
1010 4819 1336 4874 tantumdem
1367 4819 1573 4875 darent.
1618 4818 1686 4875 Ut
1736 4831 1913 4876 autent

337 4912 413 4966 illi
436 4912 731 4977 ltzrrebaut,
762 4919 816 4966 et
844 4926 909 4965 ex
923 4911 1260 4981 plicatiouem
1287 4926 1390 4965 non
1410 4910 1767 4980 reperiebant,
1785 4928 1916 4966 uxo-

336 5004 382 5057 ri
412 5003 527 5072 ejus
552 5002 859 5056 comminati
894 5011 1017 5056 sunt
1044 5010 1292 5067 mortem,
1325 5002 1426 5055 nisi
1465 5001 1533 5055 ab
1562 5002 1652 5055 illo
1681 5004 1913 5072 explica-

337 5096 537 5147 tionem
560 5092 851 5161 :enigmatis
873 5094 1164 5155 edisceret;
1195 5108 1315 5147 cum
1340 5092 1612 5147 didicisset
1640 5094 1748 5157 illa,
1782 5094 1911 5161 ipsis

337 5183 669 5238 annuntiavit
700 5197 714 5236 :
744 5190 797 5237 et
826 5197 944 5235 cum
996 5183 1139 5235 illam
1189 5183 1595 5251 explicationem
1626 5183 1905 5249 dixissent,

336 5280 556 5349 pignora
585 5285 925 5344 acceperunt.
974 5273 1279 5342 Indignatus
1320 5284 1401 5329 est
1435 5274 1715 5343 Sampson.
1760 5275 1917 5329 Pater

334 5382 511 5426 autem
566 5383 779 5439 sponsae
829 5377 1110 5429 metuens,
1164 5368 1303 5421 illam
1358 5368 1599 5437 pronubo
1659 5383 1755 5422 suo
1822 5368 1917 5424 de-

334 5464 474 5519 dit‘:
504 5463 556 5517 id
586 5460 726 5533 quod
756 5461 923 5531 magis
949 5458 1296 5528 Sampsonem
1325 5461 1676 5527 Contristavit,
1696 5472 1748 5516 et
1768 5476 1915 5518 arre-

394 5584 408 5611 ¹
446 5578 888 5652 δερμιηβὶηῑλ,“ᾇνὶ
908 5580 1003 5652 τῶγ
1025 5579 1171 5652 φίλα-ἐν
1186 5576 1547 5652 ειύτῷ.-ΑΙὶυς,
1574 5580 1712 5652 cujus
1733 5592 1913 5652 nomen

333 5640 531 5705 tacetur
551 5640 601 5690 in
629 5640 868 5705 Hexaplis
894 5640 1072 5690 nostris
1091 5642 1162 5698 15,
1186 5642 1231 5700 2,
1256 5644 1425 5690 ἐνὶτῶν
1445 5640 1729 5705 συνεταίρων
1748 5640 1913 5705 αὐτοῦ.

334 5703 583 5766 Incertum
615 5717 673 5752 an
705 5703 1079 5759 Chrysostvmus
1111 5705 1159 5752 in
1197 5705 1469 5766 exemplari
1494 5717 1584 5753 suo
1607 5703 1915 5766 νὺμφαγωγόν

333 5763 582 5825 habuerit,
628 5778 691 5814 ex
731 5766 895 5828 aliquo
942 5770 1216 5832 interprete
1257 5763 1595 5830 desumptum,
1640 5763 1915 5816 num'vero

1064 294 1124 344 Β.
1161 284 1439 345 JOANNIS
1477 285 1949 344 CIIRYSOSTOMI
1989 284 2304 343 ARCHIEP.
2344 286 2877 348 CONSTANTINOP.

3530 296 3628 351 ’510

2045 400 2149 469 ptis
2176 400 2425 472 vulpibus
2452 405 2723 473 trecentis,
2748 405 3188 479 lampadibusque
3209 423 3237 462 a
3261 416 3413 479 tergo
3442 426 3630 469 eorum

2043 494 2301 560 accensis,
2321 496 2500 551 emisit
2525 497 2576 552 in
2606 513 2825 568 campos
2870 499 3289 570 alienigenarum
3316 518 3330 553 :
3361 515 3420 555 ut
3451 513 3629 557 autem

2042 597 2368 655 campestres
2408 605 2594 644 eorum
2632 606 2835 646 messes
2875 592 3129 655 incendit,
3168 594 3242 647 illi
3289 608 3505 663 sponsae
3535 594 3632 649 (Iu-

2042 695 2187 733 mum
2232 696 2352 736 cum
2393 683 2503 753 ipsa
2530 698 2723 753 sponsa
2755 696 2808 740 et
2835 696 2985 755 patre
3032 686 3148 755 ejus
3192 687 3626 743 corubusserunt.

2040 772 2225 842 Neque
2254 774 2357 830 hoc
2401 775 2540 832 facto
2568 777 2773 832 sedavit
2812 778 2947 832 iram
2974 777 3261 848 Sampson,
3311 781 3407 836 sed
3452 782 3630 838 adhuc

2041 869 2377 938 Oppugnabat
2424 886 2536 925 eos.
2585 871 2663 925 Illi
2692 887 2819 926 vero
2869 874 3125 929 instructa
3154 884 3339 932 contra
3371 876 3627 933 lsraelem

2039 962 2173 1027 acie,
2198 961 2547 1032 Sampsonem
2576 965 2844 1033 petebant;
2874 966 3021 1021 illum
3046 982 3175 1023 vero
3194 969 3424 1025 vinctum
3457 972 3629 1027 hosti-

2040 1053 2137 1109 bus
2169 1055 2498 1109 tradideruut
2526 1057 2794 1112 Israelitze.
2854 1058 3057 1114 Fractis
3084 1061 3173 1116 ille
3214 1062 3460 1129 vinculis,
3492 1079 3616 1120 cum

2038 1138 2337 1195 invenisset
2362 1141 2631 1195 maxillam
2661 1142 2820 1207 asini,
2848 1144 2992 1199 mille
3027 1160 3147 1201 cum
3178 1146 3263 1202 illa
3300 1151 3442 1205 viros
3468 1153 3624 1206 occi-

2037 1228 2134 1285 dit.
2156 1230 2396 1301 Cumque
2422 1233 2510 1287 siti
2545 1234 2892 1304 aflligeretur,
2931 1247 3177 1306 precatus
3206 1251 3288 1294 est
3333 1242 3526 1308 Deum,
3564 1255 3625 1299 et

2037 1321 2199 1376 exivit
2222 1337 2355 1392 aqua
2386 1338 2452 1377 ex
2481 1326 2773 1388 maxilla,et
2816 1326 2967 1382 bibit.
3012 1328 3136 1385 Inde
3175 1334 3319 1386 venit
3343 1334 3409 1389 ad
3437 1351 3621 1391 mere-

2036 1413 2221 1468 tricem
2249 1415 2524 1470 mulierem
2556 1415 2607 1469 in
2630 1415 2847 1482 Gazam,
2873 1418 3153 1490 ipsumque
3179 1422 3358 1478 hostes
3383 1425 3621 1481 circum-

2034 1504 2294 1561 dederunt
2329 1524 2342 1559 :
2372 1506 2460 1562 illc
2483 1523 2611 1563 vero
2633 1508 2807 1563 media
2827 1518 2983 1566 nocte
3003 1512 3224 1569 eductas
3250 1515 3397 1571 urbis
3432 1530 3623 1588 portas

2035 1597 2314 1667 imponens
2362 1597 2599 1654 humeris
2625 1601 2761 1666 suis,
2792 1601 2945 1657 abiit.
3005 1604 3289 1661 Adamavit
3340 1618 3460 1678 post
3504 1612 3625 1667 lucc

2032 1690 2308 1745 mulierem
2336 1690 2617 1760 quamdam
2661 1692 2886 1747 Samson
2920 1694 3151 1750 Dalidam
3185 1699 3400 1755 nomine
3438 1702 3537 1772 (τι),
3559 1715 3623 1758 et

2032 1782 2237 1851 accepit
2276 1797 2392 1836 eam
2423 1782 2475 1836 in
2506 1798 2747 1838 uxorem.
2795 1784 2929 1840 Huic
2976 1788 3343 1856 promiserunt
3384 1801 3621 1863 satrapae

2031 1871 2447 1943 alienigenarum
2484 1874 2628 1929 mille
2657 1882 2709 1929 et
2737 1883 2949 1930 centum
2976 1888 3259 1948 argenteos
3279 1922 3294 1948 ,
3326 1882 3373 1935 si
3401 1882 3470 1937 ab
3498 1885 3620 1954 ipso

2030 1966 2314 2031 edisceret,
2345 1982 2451 2035 quo
2497 1976 2654 2036 pacto
2697 1979 2999 2038 expugnati:
3046 1970 3214 2026 facilis
3275 1972 3430 2030 foret.
3476 1975 3615 2031 Cum

2028 2066 2205 2112 autem
2230 2058 2316 2112 illa
2348 2058 2399 2112 id
2429 2058 2671 2114 ediscere
2699 2068 3001 2126 conaretur,
3029 2063 3199 2130 primo
3224 2065 3434 2134 quidem
3467 2067 3616 2123 illam

2028 2148 2327 2220 decipiebat
2357 2165 2369 2201 :
2397 2148 2631 2213 demum,
2659 2164 2780 2204 cum
2835 2150 3138 2220 importune
3182 2154 3269 2208 illa
3318 2155 3614 2223 insisteret,

2027 2242 2306 2297 veritatem
2336 2241 2434 2311 ipsi
2465 2242 2780 2308 enuntiavit,
2814 2259 3005 2314 nempe
3030 2259 3091 2299 se
3114 2284 3130 2308 ,
3162 2246 3208 2300 si
3242 2247 3361 2316 quis
3388 2249 3488 2303 sibi
3516 2265 3615 2303 ca-

2026 2335 2184 2406 pillos
2204 2335 2456 2400 auferret,
2483 2333 2752 2389 infirmum
2780 2349 3084 2390 evasurum.
3118 2334 3210 2390 Illa
3241 2339 3481 2393 evocatis
3518 2356 3614 2393 sa-

2029 2429 2213 2498 trapis,
2241 2445 2360 2484 cum
2388 2428 2536 2483 illum
2563 2428 2630 2483 ad
2662 2442 2910 2482 somnum
2957 2427 3231 2483 inductum
3268 2429 3477 2486 tonderi
3518 2446 3615 2485 cn-

2025 2531 2231 2589 rasset,
2290 2521 2555 2577 infirmum
2624 2521 2873 2576 reddidit.
2941 2521 3117 2591 Ipsum
3183 2536 3314 2576 vero
3390 2534 3611 2592 captum

2024 2616 2342 2685 alienigenae
2389 2623 2757 2678 excaecarunt,
2786 2625 2841 2668 et
2868 2613 3165 2683 injecerunt
3206 2614 3259 2668 in
3311 2629 3610 2669 carcerein.

2026 2707 2106 2762 IIIi
2130 2721 2255 2762 vero
2283 2705 2626 2771 laztabantur,
2650 2714 2705 2759 et
2732 2704 3027 2760 eduxerunt
3046 2719 3170 2759 eum
3189 2719 3257 2759 ex
3284 2720 3522 2770 carcere,
3554 2718 3613 2761 ut

2024 2802 2126 2871 ipsi
2152 2799 2457 2855 illuderent.
2487 2798 2746 2868 Sampson
2779 2809 2957 2851 autem
2987 2797 3179 2853 acerbe
3215 2798 3607 2868 ingemiscens,

2023 2909 2144 2950 cum
2174 2893 2458 2949 Dominum
2484 2900 2725 2962 rogasset
2746 2900 2801 2945 ut
2828 2888 2928 2945 sibi
2955 2888 3093 2943 vires
3116 2888 3356 2954 inderet,
3378 2893 3611 2959 arreptis

2022 2988 2287 3044 columnis
2314 2985 2507 3040 domus
2535 2985 2704 3053 iisque
2730 2985 3027 3047 concussis,
3050 2982 3266 3037 domum
3292 2982 3530 3039 decussit
3553 2986 3606 3037 in

2022 3090 2263 3150 satrapas
2284 3120 2299 3146 ,
2333 3080 2387 3134 in
2412 3078 2645 3148 seipsum
2670 3085 2726 3131 et
2764 3076 2818 3130 in
2843 3075 3004 3130 alium
3043 3075 3291 3145 populum
3337 3076 3565 3130 multum
3590 3120 3606 3143 ,

2023 3173 2311 3245 pluresque
2334 3180 2459 3226 tunc
2480 3171 2675 3224 mortui
2699 3177 2824 3224 sunt
2849 3182 3007 3238 quam
3028 3167 3144 3236 ipse
3171 3167 3357 3222 vivens
3385 3168 3609 3222 occide-

2024 3275 2125 3321 rat.
2154 3264 2357 3320 Deinde
2400 3261 2598 3318 bellum
2639 3268 2854 3315 movent
2891 3259 2978 3330 qui
3011 3274 3077 3315 cx
3109 3259 3247 3314 tribu
3286 3259 3399 3313 Dan
3424 3270 3605 3323 erant,

2021 3359 2337 3427 Laisamque
2356 3353 2603 3425 capiunt,
2618 3352 2790 3424 etipsi
2808 3369 2999 3410 nomen
3020 3352 3324 3408 indiderunt
3351 3371 3365 3407 :
3397 3362 3611 3407 statue--

2022 3460 2251 3521 runtque
2277 3449 2349 3505 ibi
2374 3447 2618 3518 sculptile
2645 3445 2947 3501 colendum.
2978 3444 3073 3500 Vir
3101 3443 3306 3509 Levita,
3324 3458 3444 3498 cum
3474 3459 3610 3499 eon-

2022 3544 2215 3599 cubiua
2253 3542 2370 3613 ejus
2400 3541 2535 3594 irata
2559 3538 2912 3593 abscessisset
2955 3537 3008 3591 iu
3039 3536 3256 3591 domum
3283 3536 3453 3605 patris
3483 3537 3607 3599 sui,

2021 3635 2292 3707 profectus
2320 3641 2402 3688 est
2425 3638 2483 3686 ut
2510 3631 2655 3686 illam
2684 3644 2867 3685 secum
2890 3627 3204 3692 reduceret;
3235 3641 3355 3681 cum
3382 3635 3609 3695 accepta

2021 3728 2109 3785 illa
2138 3726 2369 3792 rediret,
2395 3724 2599 3794 iterque
2620 3728 2831 3792 ageret,
2864 3719 3078 3775 divertit
3104 3719 3156 3773 in
3198 3717 3377 3773 Gabaa
3405 3717 3608 3786 Benja-

2022 3820 2152 3886 miu,
2172 3817 2313 3889 apud
2334 3830 2518 3872 senem
2546 3813 2851 3885 quemdam.
2873 3811 2974 3880 Qui
2994 3815 3049 3865 in
3075 3809 3255 3866 Gabaa
3300 3817 3456 3864 erant
3500 3810 3610 3864 cir-

2021 3911 2334 3967 cumdantes
2367 3908 2586 3963 domum
2606 3948 2620 3971 ,
2651 3905 2902 3975 petebant
2926 3902 3214 3973 hospitem,
3249 3909 3307 3955 ut
3330 3908 3612 3955 contume-

2022 4005 2147 4059 liam
2175 4003 2272 4074 ipsi
2304 4000 2583 4057 inferrent.
2627 3999 2801 4054 Seuex
2831 4006 3051 4068 paratus
3085 4002 3206 4051 erat
3232 3994 3361 4064 ipsis
3390 3992 3610 4049 tradere

2021 4098 2183 4154 filiam
2216 4111 2368 4151 suam
2400 4094 2685 4164 virginem.
2715 4092 2797 4147 Illi
2821 4099 3044 4161 accepta
3069 4089 3385 4155 concubina,
3421 4088 3613 4143 illuse-

2020 4199 2145 4246 runt
2167 4189 2217 4245 ei
2237 4203 2331 4258 per
2359 4197 2521 4243 totam
2544 4195 2775 4241 noctem.
2799 4184 3096 4254 Appeteute
3110 4185 3247 4249 luce,
3268 4182 3354 4235 illa
3383 4181 3607 4236 dimissa

2019 4282 2283 4338 abierunt.
2339 4279 2431 4335 Illa
2458 4293 2591 4333 vero
2613 4292 2676 4331 ex
2710 4275 2921 4331 inducta
2963 4274 3063 4328 sibi
3096 4274 3358 4340 molestia,
3392 4288 3514 4329 cum
3538 4274 3607 4329 ad

2018 4375 2258 4439 domum,
2283 4387 2389 4442 quo
2408 4371 2698 4425 diverterat
2716 4369 2798 4423 vir
2825 4368 2961 4437 ejus,
2980 4368 3330 4438 pervenisset,
3357 4366 3608 4436 exspira-

2018 4468 2113 4521 vit.
2143 4466 2235 4520 llle
2269 4477 2516 4532 egressus
2541 4502 2555 4525 ,
2583 4476 2704 4514 cum
2748 4470 3011 4514 mortuam
3038 4458 3351 4524 invenisset,
3374 4458 3611 4513 cadaver

2022 4560 2073 4613 in
2104 4558 2384 4612 duodecim
2418 4564 2595 4625 partes
2619 4555 2816 4619 divisit,
2849 4554 3095 4621 tttisitque
3126 4551 3411 4607 duodecim
3436 4551 3612 4606 tribu-

2020 4654 2137 4708 bus.
2171 4652 2387 4704 Factum
2419 4648 2634 4715 indigne
2661 4646 2895 4701 tulerunt
2924 4644 3198 4710 Israelitae,
3222 4652 3276 4698 et
3295 4644 3486 4698 armati
3517 4657 3609 4712 pe-

2022 4745 2201 4800 tebant
2226 4757 2320 4797 eos
2346 4741 2434 4812 qui
2468 4740 2676 4794 mulieri
2712 4738 3089 4793 contumeliam
3122 4737 3379 4792 fecerant.
3412 4736 3483 4793 Ut
3508 4752 3609 4790 au-

2022 4848 2127 4894 teut
2190 4834 2501 4905 Benjatnitie
2564 4833 2683 4886 illos
2730 4831 2941 4885 tradere
3006 4839 3341 4894 renuerunt,
3405 4829 3605 4884 bellum

2020 4936 2317 4983 moverunt.
2354 4928 2417 4980 Et
2446 4925 2615 4994 primo
2646 4922 2768 4976 victi
2795 4929 2949 4986 sunt,
2975 4920 3211 4975 secundo
3237 4920 3487 4975 similiter
3513 4938 3525 4973 :
3555 4921 3606 4973 in

2022 5023 2177 5078 tertio
2206 5030 2381 5074 autem
2409 5031 2696 5087 congressu
2725 5023 2888 5069 totam
2931 5013 3127 5067 tribum
3156 5012 3436 5080 Benjamin
3486 5029 3606 5081 per-

2021 5120 2322 5176 cusserunt,
2372 5118 2567 5179 prmter
2619 5116 2939 5171 sexcentos,
2967 5105 3056 5174 qui
3086 5102 3428 5174 aufugerunt.
3476 5103 3605 5158 Cum

2021 5217 2198 5262 autem
2226 5203 2517 5276 periculum
2556 5207 2699 5256 esset
2728 5214 2795 5254 ne
2834 5206 2940 5254 tota
2964 5196 3132 5251 tribus
3172 5196 3375 5266 periret
3405 5196 3605 5266 (neque

2023 5323 2130 5385 ipse
2156 5330 2246 5379 pro
2269 5315 2558 5385 σ9χεταίρῳ,
2592 5310 2789 5385 scilicet
2822 5321 2885 5355 ex
2928 5312 3134 5376 numero
3167 5307 3367 5385 triginta
3394 5309 3611 5381 illorum,

2024 5372 2104 5446 q'ui
2128 5372 2438 5446 sppnsalibus
2464 5372 2815 5446 interfi’t‘crant,
2843 5372 3155 5446 vuttgavwvév
3177 5372 3543 5446 appellaverit.

2083 5431 2235 5507 (a)'In
2258 5448 2399 5491 textu
2429 5446 2589 5487 Grzeco
2625 5436 2898 5507 Coisliniani
3089 5431 3290 5507 legitur,
3311 5446 3494 5507 ηέναιιξς.
3513 5457 3608 5507 τ-ινξ

2021 5492 2215 5564 Δαδάνης
2238 5515 2258 5555 ό
2276 5515 2424 5565 Σαμψὼν
2448 5509 2613 5557 Δαλιδᾶς.
2637 5499 2803 5565 Nescio
2819 5497 2932 5559 quid
2950 5497 3040 5543 hoc
3061 5492 3281 5565 vocabuli
3304 5492 3392 5551 sit;
3419 5492 3607 5565 videtur

2021 5555 2480 5631 hicnpat'riaeridmen
2504 5555 2701 5631 apponi:
2721 5555 2903 5631 Verum
2919 5566 3112 5631 samsou
3122 5555 3610 5631 ‘l)aliilant,‘sive‘na-

2022 5616 2151 5681 iiiiuﬁ
2187 5629 2392 5681 amabat.
2415 5616 2609 5687 quze'i'n
2646 5621 2900 5687 Alsorech,
2927 5619 3023 5687 vel,
3046 5627 3098 5687 ut
3122 5616 3328 5679 Vulgata
3366 5617 3530 5687 habet,
3555 5616 3607 5662 in

2021 5690 2147 5743 Valle
2171 5690 2348 5741 Sorech
2372 5682 2644 5747 habitabat;
2674 5683 2902 5745 nullaque
2936 5682 3014 5731 hic
3048 5683 3336 5730 observatur
3362 5682 3608 5728 nominum

2024 5756 2239 5805 aﬂinitas.
