3720 6274
127 317 237 372 359

122 447 248 484 τινα
286 432 523 499 γυναῖκα
565 430 709 502 Ἰαὴλ
738 430 1055 500 λεγομένην,
1085 430 1203 502 ᾔτει
1238 433 1400 485 πιεῖψ
1423 432 1457 501 ή
1485 430 1541 483 δὲ
1575 429 1716 498 γάλα

126 516 333 569 ἔδωκεν
382 514 533 585 αὑτῷ
577 516 697 569 ἀντὶ
736 515 944 579 ὕδατος.
987 516 1074 579 Ὠς
1130 516 1186 568 δὲ
1232 514 1499 585 ἐκοιμήθη
1553 512 1712 577 πιὼν,

123 600 409 654 πάσσαλον
432 599 670 653 λαϐοῦσα
694 602 726 670 ή
752 600 909 671 γυνὴ,
934 600 1182 671 διήλασεν
1209 600 1295 653 διὰ
1316 600 1409 652 τοῦ
1439 598 1713 667 κροτάφου

122 683 320 738 αὑτοῦ.
358 684 471 736 Καὶ
498 682 670 747 οὕτως
701 684 940 737 ἀπέθανε
978 685 1202 754 Σισάρα·
1229 684 1324 736 καὶ
1350 681 1589 735 ἐπελθὼν
1617 683 1716 734 Βα-

125 767 236 839 ράκ
266 764 407 821 εἶδεν
434 767 597 821 αὐτὸν
628 767 950 838 τεθνηκότα.
983 768 1114 821 Τότε
1155 766 1284 842 ᾖσεν
1313 767 1455 839 ᾠδὴν
1492 767 1714 839 Δεϐώρα

123 851 421 903 ἐπινίκιον.
456 850 625 903 Πάλιν
660 850 1043 919 παραδίδονται
1076 852 1156 914 είς
1185 854 1374 921 χεῖρας
1403 851 1631 920 Μαδιάμ
1663 852 1711 903 οἱ

135 935 493 1005 Ἰσραηλῖται·
553 935 793 1005 συνεχῶς
842 934 951 1005 γὰρ
1010 933 1359 1005 παρώργιςον
1411 936 1502 987 τὸν
1557 934 1707 989 Θεόν.

123 1018 262 1070 Τότε
294 1018 374 1089 τῷ
409 1017 611 1071 Γεδεὼν
635 1017 789 1090 ὤφθη
819 1017 1067 1087 ἄγγελος,
1097 1018 1190 1071 καὶ
1216 1017 1589 1090 παρώρμησεν
1633 1020 1712 1081 εἰς

124 1100 386 1171 πόλεμον.
423 1097 556 1155 Εἶτα
580 1103 607 1155 6
630 1100 833 1171 Κύριος
861 1100 1071 1153 κελεύει
1101 1101 1261 1154 αύτδν
1294 1100 1452 1154 θῦσαι
1487 1101 1578 1154 τὸν
1616 1101 1711 1171 μό-

123 1201 255 1254 σχον
286 1185 378 1237 τὸν
413 1184 654 1238 σιτευτὸν
682 1182 774 1238 τοῦ
805 1185 1005 1253 πατρὸς
1041 1184 1230 1248 αὑτοῦ,
1270 1185 1364 1238 καὶ
1402 1186 1711 1254 ἀνενεγκεῖν

121 1264 509 1338 ὁλοκαύτωμα,
558 1268 651 1322 καὶ
694 1269 756 1320 τὸ
794 1267 1176 1339 θυσιαστήριον
1219 1269 1566 1339 κατασκάψαι
1614 1267 1709 1321 τοῦ

124 1350 294 1405 Βάαλ.
336 1351 621 1421 Ἐποίησεν
661 1351 854 1415 οὕτως,
890 1353 983 1406 καὶ
1018 1353 1317 1423 ἀνήνεγκεν
1357 1352 1711 1423 ὁλοκαύτωμα

122 1435 199 1505 τῷ
231 1435 377 1507 Θεῷ.
405 1438 515 1489 Καὶ
541 1438 682 1490 αίτεῖ
706 1439 929 1507 σημεῖον
957 1439 985 1490 6
1012 1436 1219 1489 Γεδεὼν
1250 1438 1279 1489 6
1306 1438 1399 1491 καὶ
1433 1437 1710 1508 Ἰεροϐαὰλ

122 1518 181 1570 τὸ
226 1520 324 1572 ἐπὶ
370 1519 466 1573 τοῦ
508 1520 676 1573 πόκου
722 1520 1034 1589 γενόμενον.
1084 1521 1194 1573 Καὶ
1240 1520 1518 1575 κελεύεται
1562 1519 1708 1575 ἀπαν

122 1601 451 1672 ἀποπέμψαι
504 1603 563 1656 τὸ
612 1604 992 1672 στρατόπεδον,
1034 1603 1384 1674 τριακοσίους
1433 1604 1489 1657 δὲ
1547 1605 1707 1675 μόνον

122 1689 442 1756 κατασχεῖν.
474 1688 580 1740 Καὶ
608 1688 865 1759 ἐποίησεν
896 1685 1060 1751 οὕτω,
1105 1689 1198 1741 καὶ
1235 1688 1527 1757 συμϐαλὼν
1570 1689 1708 1759 μετά

121 1770 422 1841 λαμπάδων
453 1773 545 1825 καὶ
572 1772 906 1841 σαλπίγγων,
936 1768 1047 1825 εἷλε
1071 1773 1197 1836 τοὺς
1220 1772 1533 1841 πολεμίους.
1570 1773 1706 1827 Τότε

121 1857 478 1928 ἀνῃρήθησαν
513 1856 676 1928 Ὤρὴϐ
708 1855 803 1910 καὶ⁵
832 1856 943 1926 Ζὴϐ
973 1857 1023 1908 οἱ
1050 1856 1308 1927 ἄρχοντες
1338 1857 1585 1925 Μαδιάμ.
1612 1858 1707 1911 καὶ

119 1940 283 1995 Ζεϐεὲ
330 1941 427 1993 καὶ
468 1940 723 2011 Σαλμανά
764 1941 814 1992 οἱ
846 1939 1103 2009 βασιλεῖς.
1149 1940 1459 1995 ’Λποθανὼν
1499 1941 1704 1999 Γεδεὼν

119 2023 413 2077 κατέλιπεν
464 2024 613 2087 υίοὺς
643 2024 1031 2093 ἐϐδομήκοντα,
1088 2024 1182 2076 καὶ
1221 2024 1330 2078 ἀπὸ
1377 2024 1705 2091 παλλακίδος

118 2107 213 2161 ἕνα
245 2107 342 2160 τὸν
372 2106 678 2177 Ἀϐιμέλεκ.
722 2102 892 2169 Οὗτος
919 2107 1045 2171 τοὺς
1077 2107 1446 2179 ἐϐδομήκοντα
1476 2109 1701 2179 ἀνελὼν,

118 2191 391 2261 ἐκράτησε
451 2192 548 2261 τήν
600 2189 893 2260 βασιλείαν·
942 2191 1036 2245 καὶ
1095 2191 1211 2259 μετ’
1258 2191 1319 2244 ού
1370 2192 1503 2245 πολὺ
1548 2194 1703 2264 δίκην

117 2273 287 2326 ἔδωκε
326 2273 427 2343 τῆς
458 2274 891 2343 ἀδελφοκτονίας.
916 2272 1237 2344 Προσελθὼν
1264 2276 1371 2346 γὰρ
1400 2276 1456 2328 ἐν
1482 2277 1702 2349 πολέμῳ

114 2357 221 2409 τινὶ
254 2356 428 2419 πόλει,
457 2358 729 2428 κλάσματι
757 2357 922 2427 μύλου
950 2357 1183 2427 ὲθλάσθη
1208 2357 1307 2428 τὴν
1334 2358 1573 2429 κεφαλὴν
1596 2362 1701 2416 ὑπὸ

116 2440 395 2505 γυναικὸς,
439 2442 532 2493 καὶ
570 2441 827 2495 ἀπέθανε.
875 2441 1027 2495 Μετά
1058 2441 1151 2494 τὸν
1189 2440 1473 2511 Ἀϐιμέλεκ
1518 2444 1699 2516 ἔκρινε

116 2524 293 2588 Θωλά,
329 2525 468 2595 μετά
507 2526 599 2578 τὸν
636 2525 794 2578 Θωλά
828 2526 1011 2596 Ἰαείρ.
1061 2526 1171 2579 Καὶ
1208 2527 1564 2599 παρώργισαν
1608 2530 1699 2585 τὸν

116 2609 245 2663 Θεὸν
274 2611 384 2665 υίοὶ
423 2610 659 2681 Ἰσραὴλ,
694 2610 790 2663 καὶ
820 2610 1198 2681 παρεδόθησαν
1228 2614 1307 2676 είς
1334 2616 1521 2684 χεῖρας
1563 2615 1698 2686 Ἀμ-

117 2692 253 2762 μών.
282 2695 419 2747 Τότε
460 2694 550 2747 τὸν
590 2693 819 2762 Ἰεφθάε,
862 2694 977 2747 υἱὸν
1014 2693 1141 2747 ὄντα
1184 2696 1439 2764 γυναικὸς
1473 2699 1695 2769 πόρνης,

117 2778 205 2830 καὶ
251 2778 361 2831 ὑπὸ
402 2777 511 2830 τῶν
556 2776 801 2847 ἀδελφῶν
837 2778 1171 2832 ἀπελαθέντα
1212 2780 1311 2850 τῆς
1344 2781 1596 2851 πατέρων
1620 2784 1697 2837 οί-

116 2862 256 2924 κίας.
285 2862 338 2915 οἱ
370 2863 625 2932 ἄρχοντες
663 2858 757 2915 τοῦ
794 2861 921 2915 λαοῦ
956 2861 1164 2928 ἀξιοῦσι
1194 2865 1567 2936 στρατηγῆσαι
1600 2866 1694 2920 τοῦ

115 2944 353 3014 πολέμου
376 2944 467 2998 τοῦ
495 2945 629 3016 πρὸς
651 2947 775 3008 τοὺς
800 2946 948 3009 υἱοὺς
973 2946 1218 3017 Ἀμμὼν,
1244 2948 1335 3001 καὶ
1355 2948 1587 3003 διδόασιν
1607 2952 1699 3004 αὐ-

114 3027 186 3099 τῷ
212 3029 312 3099 τῆν
340 3029 534 3101 ἀρχήν.
572 3029 630 3082 '0
670 3029 725 3083 δὲ
767 3030 1027 3094 πεισθεὶς,
1060 3031 1152 3083 καὶ
1181 3032 1394 3102 πρῶτον
1426 3034 1695 3104 πρεσϐευ-

116 3114 349 3184 σάμενος
410 3113 546 3185 πρὸς
606 3114 697 3168 τὸν
752 3115 977 3185 βασιλέα
1027 3116 1159 3171 υίῶν
1213 3117 1459 3188 Ἀμμὼν,
1493 3118 1569 3183 ὡς
1596 3120 1694 3173 ούκ

114 3197 349 3261 ἔπειθεν,
378 3198 674 3268 εὐξάμενος
703 3198 780 3269 τῷ
808 3198 927 3269 Θεῷ
956 3199 1139 3253 θύσειν
1168 3200 1259 3255 τὸν
1286 3200 1502 3272 πρῶτον
1529 3203 1695 3256 ἀπαν-

114 3282 353 3350 τήσαντα
390 3280 559 3351 αὐτῷ.
599 3283 646 3334 εῑ
692 3283 975 3336 ἐπανέλθοι
1013 3285 1078 3337 ἐκ
1123 3285 1218 3337 τοῦ
1262 3285 1521 3354 πολέμου,
1555 3303 1694 3355 συμο

113 3364 289 3418 ϐαλὼν
333 3368 445 3427 τοῖς
487 3366 701 3437 ἐχθροῖς
734 3368 829 3420 καὶ
864 3368 1109 3438 νικήσας,
1141 3367 1258 3421 θύει
1293 3369 1390 3441 τὴν
1418 3370 1692 3443 θυγατέρα

112 3447 299 3502 αὑτοῦ·
331 3447 520 3520 πρώτη
542 3448 650 3519 γὰρ
670 3448 818 3519 αύτῷ
838 3450 1151 3521 ἀπήντησεν
1173 3452 1333 3523 αὕτη.
1364 3455 1530 3509 Πάλιν
1551 3473 1691 3526 παρ-

110 3532 354 3603 ώργισαν
391 3532 483 3585 τὸν
520 3531 652 3585 Θεὸν
699 3532 747 3585 οἱ
790 3534 1140 3604 Ἰσραηλῖται,
1184 3537 1278 3590 καὶ
1314 3538 1691 3611 παρεδόθησαν

111 3620 188 3679 είς
222 3620 417 3687 χεῖρας
450 3616 781 3685 ἀλλοφύλων.
808 3619 940 3672 Τότε
980 3619 1223 3675 τίκτεται
1250 3624 1279 3675 6
1307 3623 1562 3694 Σαμψὼν,
1597 3627 1691 3679 καὶ

114 3701 234 3756 ἰδὼν
260 3705 497 3771 γυναῖκα
527 3702 585 3754 ἐν
610 3702 895 3772 Θαμναθᾶ,
922 3705 1134 3777 ἠράσθη
1165 3707 1355 3777 αὐτῆς,
1383 3711 1476 3763 καὶ
1507 3710 1691 3766 λαϐεῖν

109 3785 341 3856 ἠθέλησε
375 3786 524 3855 νόμῳ
547 3786 747 3856 γάμου.
781 3789 843 3839 Οἱ
867 3787 923 3840 δὲ
947 3791 1122 3856 γονεῖς
1147 3789 1207 3842 τὸ
1236 3792 1333 3859 μέν
1368 3793 1583 3862 πρῶτον
1606 3794 1688 3848 διο

107 3868 345 3922 ἐκώλυον
372 3870 460 3921 διὰ
484 3868 544 3921 τὸ
571 3869 862 3938 ἀλλόφυλον
884 3868 1041 3923 εἶναι’
1064 3872 1139 3935 ὡς
1166 3871 1222 3925 δὲ
1252 3868 1389 3929 εἶδον
1410 3876 1689 3948 ἐπικείμε-

107 3971 213 4014 νον,
238 3954 343 4006 ούκ
372 3951 799 4023 ἠναντιώθησαν.
840 3955 1033 4009 Ἠνίκα
1060 3956 1115 4009 δὲ
1147 3956 1309 4027 ἀπῄει
1343 3959 1687 4033 διαλεχθῆναι

108 4038 232 4107 περὶ
260 4036 453 4105 αὐτῆς,
480 4037 809 4107 συνήντησεν
830 4037 975 4109 αὐτῷ
1000 4038 1157 4103 λέων,
1182 4041 1276 4094 καὶ
1305 4042 1512 4096 ἀνεῖλεν
1536 4046 1686 4119 [542]

105 4119 266 4171 αὑτὸν
298 4122 418 4183 ταῖς
449 4123 634 4191 χερσὶν
659 4121 844 4175 αὑτοῦ.
890 4121 1041 4175 Ἐπεὶ
1067 4122 1123 4175 δὲ
1151 4123 1257 4176 ἔδει
1285 4126 1534 4193 γενέσθαι
1561 4131 1686 4194 τοὺς

105 4203 338 4271 γάμους,
366 4204 526 4256 πάλιν
554 4204 751 4266 ἀπιὼν,
781 4206 885 4276 ὁρᾷ
918 4204 1106 4275 κηρίον
1139 4207 1351 4275 μέλιτος
1385 4210 1441 4261 ἐν
1461 4211 1538 4280 τῷ
1569 4214 1686 4265 στό-

105 4304 233 4354 ματι
268 4286 365 4339 τοῦ
394 4287 605 4353 λέοντος
636 4288 729 4342 τοῦ
761 4290 1105 4360 ἀνῃρημένου
1136 4290 1225 4342 ὑπ’
1249 4292 1435 4357 αὐτοῦ,
1474 4296 1566 4347 καὶ
1592 4297 1684 4350 λα-

103 4369 212 4422 ϐὼν
240 4370 437 4440 ἔφαγε,
471 4372 565 4425 καὶ
598 4371 764 4425 ἔδωκε
787 4374 1015 4436 καὶτοῖς
1043 4372 1258 4441 γονεῦσι
1283 4376 1379 4428 καὶ⁸
1410 4380 1521 4440 τοῖς
1548 4396 1685 4450 συμ-

104 4455 349 4520 πολίταις
400 4455 586 4509 αὑτοῦ·
638 4457 731 4510 καὶ
790 4457 1100 4527 προέτεινεν
1157 4460 1339 4523 αὐτοῖς
1391 4462 1683 4535 πρόϐλημα

101 4538 295 4607 λέγων’
335 4539 430 4593 Ἐκ
458 4542 757 4610 στόματος
787 4542 1097 4608 ἐσθίοντος
1126 4542 1348 4611 ἐξῆλθε
1380 4546 1613 4614 ,βρῶσις
1631 4561 1679 4611 τι,

100 4623 397 4687 τουτέστιν,
464 4626 530 4677 ἐκ
581 4626 676 4678 τοῦ
720 4626 991 4696 στόματος
1048 4627 1141 4679 τοῦ
1192 4627 1423 4693 λέοντος,
1478 4632 1573 4685 καὶ
1613 4635 1681 4687 ἐκ

101 4708 377 4774 σκληροῦ
398 4708 531 4763 ἀντὶ
558 4709 664 4762 τοῦ
692 4709 907 4777 πικροῦ
935 4711 1149 4778 γλυκύ.
1176 4711 1287 4764 Καὶ
1316 4713 1602 4783 ὑπέσχετο,
1632 4719 1680 4769 εί

99 4789 397 4854 ἐπιλύσειε,
461 4789 651 4844 δώσειν
695 4793 879 4855 αὐτοῖς
934 4794 1228 4863 τριάκοντα
1286 4795 1546 4861 σινδόνας,
1590 4802 1681 4853 καὶ

95 4876 394 4944 τριάκοντα
422 4874 630 4939 στολάς·
660 4878 707 4928 εί
734 4876 788 4929 δὲ
819 4877 891 4946 μὴ
918 4878 1215 4948 δυνηθεῖεν,
1245 4880 1568 4951 ἀπαιτήσειν
1590 4886 1681 4937 αὑ-

94 4963 221 5023 τοὺς
265 4960 526 5013 τοσαῦτα.
571 4960 656 5024 Ὡς
696 4960 753 5013 δὲ
795 4961 1107 5031 διηπόρουν,
1144 4965 1239 5016 καὶ
1265 4964 1363 5034 οὐχ
1405 4966 1675 5036 εὕρισκον,

92 5044 402 5113 ἠπείλησαν
444 5045 511 5113 τῇ
548 5044 767 5110 γυναικὶ
806 5044 969 5097 αύτοῦ
1014 5045 1260 5109 θάνατον,
1301 5049 1349 5100 εἰ
1386 5049 1461 5119 μὴ
1518 5052 1677 5119 μάθοι

94 5127 223 5199 παρ’
256 5126 425 5182 αὐτοῦ
469 5127 531 5180 τὸ
558 5129 804 5199 αἴνιγμα·
857 5130 890 5199 ἡ
935 5127 990 5180 δέ
1037 5127 1303 5199 μαθοῦσα,
1344 5131 1678 5201 ἀπήγγειλεν

149 5339 167 5361 ⁸
208 5336 334 5389 Aliis
350 5339 487 5401 jacet
529 5338 691 5387 verbis
711 5341 916 5401 aenigma
942 5338 988 5386 in
1016 5338 1233 5401 editione
1255 5341 1349 5386 τῶν
1374 5340 1457 5388 0¹.
1484 5339 1675 5391 Deinde

98 5402 171 5449 ιαὶ
197 5402 251 5449 ἐκ
267 5398 512 5462 σκληροῦ,
536 5402 585 5448 ἱιι
610 5398 831 5449 editione
869 5402 964 5448 τῶν
988 5400 1053 5449 0⁸
1093 5409 1145 5462 et
1167 5403 1226 5452 in.
1264 5402 1604 5451 'l‘heodotione
1630 5406 1676 5453 ἐξ

92 5460 294 5526 ἰσχνροῦ
316 5466 371 5511 et
388 5460 484 5509 ἀπὸ
510 5463 705 5525 ἰσχυροῦ
731 5464 1006 5525 iegitur,ex
1030 5461 1227 5524 fortiJu
1250 5462 1491 5513 llebraico
1511 5473 1676 5514 autem

91 5537 277 5595 tegitur
308 5535 419 5586 WB
449 5568 463 5586 .
497 5535 627 5596 quod
669 5532 801 5583 idem
848 5533 1107 5596 signiﬁcat.
1155 5535 1475 5594 Symmachus
1511 5543 1676 5587 tamen

90 5602 235 5655 Isaiae
264 5605 402 5663 19,4,
436 5606 519 5659 ητ.
561 5606 765 5667 σκληρός
783 5604 1043 5662 convertit,
1070 5612 1125 5653 ut
1144 5607 1291 5653 etiam
1313 5618 1374 5667 eo
1396 5607 1505 5656 loco
1528 5610 1671 5659 LXX:

89 5667 417 5727 quamobrem
452 5666 835 5728 suspicor’hanc
874 5667 1139 5715 lectionem
1165 5680 1275 5715 esse
1302 5666 1599 5728 Symmachi,
1623 5679 1678 5721 et.

91 5730 137 5775 in
166 5728 445 5777 editionem
467 5731 642 5777 rawo‘
664 5744 771 5779 eam
798 5728 1113 5791 scilicet,qua
1136 5730 1483 5790 Chysoslomus
1505 5734 1675 5783 uteba-

94 5796 186 5849 tur,
213 5792 499 5853 irrepsisse.
1225 5811 1234 5821 ι

1166 314 1499 372 SYNOPSIS
1538 312 1955 371 SCRIPTL'R/E
1992 312 2265 370 SACRE.

3298 318 3403 379 3410

1824 427 2028 491 αὐτοῖς,
2068 429 2162 481 καὶ
2195 426 2443 491 εἰπόντες
2476 425 2686 479 ἔλαϐον.
2726 426 2981 498 Ὡργίσθη
3009 427 3067 481 δέ
3089 428 3117 481 6
3141 428 3400 501 Σαμψών.

1833 511 1891 563 Ὀ
1919 510 1975 563 δὲ
2002 510 2183 582 πατὴρ
2208 511 2308 580 τῆς
2337 510 2555 581 νύμφης
2580 509 2784 571 δείσας,
2815 510 2997 563 λαϐὼν
3030 512 3200 583 αὐτὴν
3234 514 3403 568 ἔδωκε

1818 593 1896 664 τῷ
1923 593 2277 664 νυμφαγωγῷ
2302 593 2488 647 αὐτοῦ·
2518 592 2674 645 τοῦτο
2700 592 2754 644 δὲ
2782 592 2981 663 μᾶλλον
3008 595 3171 649 αὐτὸν
3199 597 3405 668 ἐλύπη-

1820 695 1933 742 σεν,
1969 678 2063 731 καὶ
2095 677 2279 731 λαϐὼν
2314 676 2663 749 τριακοσίους
2694 676 3006 744 ἀλώπεκας,
3046 682 3140 733 καὶ
3182 681 3404 751 λαμπά-

1815 761 1910 825 δας
1938 762 2163 816 δπισθεν
2192 763 2370 815 αὐτῶν
2403 761 2629 829 ἐξάψας,
2660 762 2870 833 ἀφῆκεν
2896 765 2973 825 είς
3005 761 3074 816 τά
3110 766 3267 818 πεδία
3294 765 3403 819 τῶν

1816 845 2149 914 ἀλλοφύλων’
2180 848 2257 909 ώς
2289 846 2347 899 δὲ
2375 844 2694 916 ἐνεπύρισεν
2736 844 2915 897 αὐτῶν
2954 844 3023 898 τὰ
3057 850 3403 918 σταχυοφόρα

1816 929 1996 995 πεδία,
2026 929 2332 1000 ἐνέπρησαν
2354 931 2548 983 ἐκεῖνοι
2576 929 2673 999 τὴν
2704 929 2880 982 οἰκίαν
2905 931 3003 999 τῆς
3032 930 3249 1003 νύμφης
3282 934 3400 1003 μετ’

1815 1012 1983 1083 αὐτῆς
2007 1015 2100 1067 καὶ
2132 1014 2228 1066 τοῦ
2260 1014 2465 1085 πατρὸς
2498 1014 2687 1082 αὐτῆς.
2720 1012 2851 1066 Οὐδὲ
2884 1013 3073 1066 τούτου
3102 1018 3399 1087 γενομένου

1815 1095 2047 1166 ἐχάλασε
2083 1096 2182 1167 τὴν
2215 1097 2384 1168 ὀργὴν
2417 1100 2444 1150 6
2471 1096 2727 1167 Σαμψὼν,
2754 1096 2866 1149 ἀλλ’
2900 1097 2979 1151 ἔτι
3009 1098 3263 1169 ἐπολέμει
3296 1102 3399 1153 αύ-

1812 1180 1945 1240 τοῖς.
2000 1180 2062 1232 Οἱ
2111 1179 2168 1232 δὲ
2211 1179 2655 1251 παραταξάμενοι
2704 1180 2843 1232 κατά
2894 1179 2987 1233 τοῦ
3028 1182 3263 1253 Ἰσραὴλ,
3306 1186 3400 1239 τὸν

1812 1260 2049 1330 Σαμψὼν
2071 1261 2315 1333 ἐζήτουν·
2349 1262 2609 1333 δήσαντες
2639 1263 2803 1317 αὐτὸν
2827 1266 2873 1317 οί
2913 1265 3237 1336 Ἰσραηλῖται
3267 1286 3395 1340 παρ.

1812 1344 2021 1397 ἐδωκαν
2044 1348 2157 1408 τοῖς
2181 1346 2414 1417 ἐχθροῖς.
2466 1346 2524 1400 ὐ
2551 1346 2605 1399 δὲ
2637 1346 2704 1400 τά
2734 1348 2909 1419 δεσμά
2943 1346 3263 1421 διαρρήξας,
3304 1356 3400 1408 καὶ

1811 1426 1987 1499 εὑρὼν
2016 1428 2241 1496 σιαγόνα
2270 1430 2415 1494 ὄνου,
2443 1430 2646 1500 χιλίους
2665 1431 2987 1487 ἀπέκτεινεν
3017 1435 3072 1486 ἐν
3099 1436 3259 1507 αὐτῇ.
3288 1434 3400 1491 Καὶ

1809 1508 2041 1579 διψήσας
2074 1510 2276 1581 ηὔξατο
2325 1512 2404 1583 τῷ
2450 1513 2589 1583 Θεῷ,
2626 1514 2719 1567 καὶ
2759 1514 2983 1585 ἐξῆλθεν
3024 1515 3168 1589 ὕδωρ
3202 1521 3267 1572 ἐκ
3297 1520 3398 1589 τῆς

1812 1594 2081 1662 σιαγόνος,
2106 1597 2199 1649 καὶ
2228 1596 2399 1651 ἔπιεν.
2424 1592 2627 1650 ’Ἦλθεν
2657 1598 2867 1651 ἐκεῖθεν
2899 1601 2979 1664 εἰς
3007 1605 3241 1669 γυναῖκα
3265 1605 3398 1676 πόρ-

1809 1694 1907 1748 νην
1932 1681 2013 1742 είς
2035 1679 2233 1745 Γάζαν,
2272 1682 2367 1735 καὶ
2394 1680 2841 1752 περιεκύκλωσαν
2866 1684 3029 1737 αὐτὸν
3055 1687 3103 1739 οί
3132 1687 3337 1758 ἐχθροί·
3367 1690 3398 1743 6

1808 1761 1864 1814 δὲ
1892 1763 2029 1817 κατὰ
2053 1764 2113 1818 τὸ
2136 1765 2485 1836 μεσονύκτιον
2515 1765 2694 1820 λαϐὼν
2715 1766 2813 1830 τὰς
2843 1767 3014 1832 πύλας
3041 1769 3138 1840 τῆς
3166 1771 3392 1834 πόλεως,

1809 1846 1901 1899 καὶ
1931 1847 2043 1912 θεὶς
2070 1849 2162 1902 ἐπὶ
2185 1849 2294 1903 τῶν
2320 1849 2486 1920 ώμων
2513 1850 2754 1921 ἐξῆλθεν.
2790 1852 3032 1924 Ἠράσθη
3060 1854 3196 1924 μετά
3219 1854 3395 1907 ταῦτα

1808 1934 2063 1999 γυναικός
2092 1951 2238 1998 τινος
2267 1936 2295 1987 6
2322 1935 2561 2006 Σαμψὼν
2597 1936 2819 2007 ὀνόματι
2848 1937 3094 2003 Δαλιδᾶς,
3138 1939 3232 1994 καὶ
3266 1942 3395 1994 ἐλα-

1808 2014 1900 2067 ϐεν
1931 2016 2102 2087 αὐτὴν
2134 2019 2213 2081 εἰς
2244 2023 2498 2087 γυναῖκα.
2539 2020 2721 2092 Ταύτῃ
2754 2021 2811 2074 δὲ
2853 2022 3150 2092 ὑπέσχοντο
3194 2026 3244 2077 οἱ
3299 2043 3395 2079 σαο

1805 2099 2011 2169 τράπαι
2041 2101 2147 2154 τῶν
2174 2103 2487 2172 ἀλλοφύλων
2509 2104 2713 2174 χιλίους
2737 2106 2831 2159 καὶ
2854 2107 3047 2159 ἑκατὸν
3069 2108 3389 2178 ἀργυρίους,

1806 2184 1854 2235 εί
1881 2184 2043 2249 μάθοι
2064 2186 2195 2257 παρ’
2214 2187 2399 2252 αὑτοῦ,
2431 2189 2547 2253 πῶς
2572 2189 2638 2242 ἂν
2668 2188 3138 2257 εὐκαταγώνιστος
3162 2192 3389 2260 γένοιτο.

1815 2266 1903 2331 Ὠς
1927 2268 1983 2321 δὲ
2006 2270 2265 2340 ἐπειρᾶτο
2293 2271 2504 2341 μαθεῖν,
2522 2272 2583 2325 τὸ
2615 2272 2713 2343 μὲν
2743 2272 2958 2344 πρῶτον
2986 2274 3156 2345 αὐτὴν
3184 2276 3389 2345 ήπάτα·

1802 2348 1955 2414 τέλος
1995 2351 2074 2415 δὲ,
2122 2353 2197 2416 ὠς
2240 2355 2642 2427 κατειργάσατο
2678 2356 2860 2420 αὑτὸν,
2904 2353 3055 2409 εἶπεν
3102 2357 3241 2429 αὐτῇ
3291 2359 3392 2429 τὴν

1802 2440 2083 2512 ἀλήθειαν,
2120 2444 2201 2498 ὅτι
2252 2445 2347 2498 ἐάν
2387 2461 2472 2507 τις
2513 2443 2677 2497 αὐτοῦ
2715 2445 2955 2516 περιέλοι
2996 2445 3122 2509 τοὺς
3155 2445 3388 2518 βοστρύ-

1801 2544 1949 2597 χους,
1975 2527 2285 2599 ἀσθενήσει.
2334 2528 2397 2581 Ἥ
2420 2528 2475 2581 δέ
2498 2528 2776 2582 καλέσασα
2803 2531 2929 2593 τοὺς
2962 2531 3269 2600 σατράπας,
3296 2531 3391 2583 καὶ

1800 2613 2111 2683 κοιμήσασα
2140 2613 2322 2679 αὑτὸν,
2357 2614 2583 2683 ἐποίησε
2612 2612 2952 2683 ξυρισθῆναι,
2981 2614 3074 2666 καὶ
3101 2612 3388 2683 ἠσθένησε.

1800 2697 1910 2750 Καὶ
1962 2697 2216 2762 λαϐόντες
2272 2697 2432 2751 αὑτὸν
2478 2700 2526 2750 οἱ
2568 2696 2879 2767 ἀλλόφυλοι,
2930 2696 3249 2765 ἐτύφλωσαν
3296 2698 3389 2750 καὶ

1800 2786 2050 2840 ἐνέϐαλον
2081 2789 2161 2850 είς
2190 2787 2250 2840 τό
2287 2788 2677 2859 δεσμωτήριον.
2709 2786 2775 2842 Οἱ
2803 2787 2859 2841 δέ
2886 2787 3263 2858 ηύφραίνοντο,
3294 2790 3389 2843 καὶ

1798 2874 2064 2945 ἐξήγαγον
2093 2875 2256 2930 αὑτὸν
2295 2876 2359 2927 ἐκ
2387 2875 2481 2929 τοῦ
2504 2876 2899 2947 δεσμωτηρίου,
2933 2877 3013 2940 είς
3040 2876 3100 2929 τὸ
3126 2876 3389 2947 ἐμπαῖξαι

1798 2963 1965 3035 αύτῷ·
1994 2967 2023 3017 6
2052 2965 2108 3017 δὲ
2138 2964 2332 3035 πικρὸν
2361 2964 2643 3029 στενάξας,
2678 2964 2773 3019 καὶ
2811 2963 2907 3018 τοῦ
2939 2965 3144 3036 Κυρίου
3177 2966 3389 3037 δεηθεὶς

1797 3050 1937 3105 ὥστε
1992 3052 2273 3121 ἐνισχῦσαι
2323 3052 2508 3116 αὐτὸν,
2567 3053 2676 3106 τῶν
2728 3052 2923 3105 κιόνων
2955 3050 3252 3125 λαϐόμενος
3289 3053 3386 3109 τοῦ

1795 3140 1966 3204 οῐκου,
1995 3141 2089 3194 καὶ
2117 3140 2492 3207 διασαλεύσας,
2523 3143 2826 3212 κατήνεγκε
2854 3140 2944 3194 τὸν
2970 3138 3116 3195 οἷκον
3146 3143 3237 3196 ἐπὶ
3258 3146 3387 3209 τοὺς

1798 3228 2082 3299 σατράπας
2112 3230 2204 3281 κα)¹
2226 3228 2417 3303 ἐαυτὸν
2448 3230 2540 3282 καὶ
2569 3228 2757 3298 ἕτερον
2790 3227 2916 3281 λαὸν
2943 3228 3132 3291 πολὺν,
3162 3232 3253 3285 καὶ
3280 3233 3385 3286 ἀπ-

1798 3314 1988 3370 έθανον
2021 3315 2255 3379 πλείους,
2296 3315 2328 3387 ἢ
2368 3317 2480 3370 ὅσοι
2519 3316 2787 3370 ἀπέθανον
2831 3315 2921 3369 ὑπ’
2953 3318 3117 3372 αὐτοῦ
3159 3320 3382 3385 ζῶντος.

1797 3403 1949 3476 1545]
1980 3404 2135 3458 Μετά
2162 3403 2335 3458 ταῦτα
2368 3403 2851 3475 ἐπιστρατεύουσιν
2894 3405 2944 3460 οἱ
2975 3408 3039 3460 ἐκ
3076 3408 3175 3479 τῆς
3209 3407 3385 3479 φυλῆς

1794 3493 1921 3555 Δάν,
1956 3494 2047 3546 καὶ
2080 3492 2272 3546 ἐλαϐον
2292 3492 2390 3565 τὴν
2421 3492 2649 3558 Λαῖσάν,
2673 3494 2768 3546 καὶ
2797 3494 3158 3565 ἐπωνόμασαν
3187 3497 3381 3568 αὐτὴν,

1795 3583 1889 3636 καὶ
1927 3581 2163 3653 ἔστησαν
2200 3583 2319 3635 ἐκεῖ
2348 3581 2583 3650 γλυπτδν
2618 3581 2895 3654 λατρείαν,
2940 3585 3103 3657 Ἀνὴρ
3125 3587 3380 3659 Λευῖτης,

1792 3672 2137 3741 όργισθείσης
2186 3670 2334 3740 αὐτῷ
2394 3671 2493 3738 τῆς
2552 3670 2835 3739 παλλακῆς
2889 3671 3074 3730 αὐτοῦ.
3128 3674 3219 3726 καὶ
3271 3676 3379 3727 ἀπ-

1794 3758 2052 3826 ελθούσης
2107 3761 2187 3823 είς
2232 3759 2324 3811 τὸν
2383 3753 2530 3812 οἷκον
2580 3757 2673 3810 τοῦ
2725 3758 2931 3827 πατρὸς
2983 3760 3172 3828 αὐτῆς,
3216 3762 3378 3832 ἀπῄει

1793 3846 2103 3911 καταλέξων
2166 3848 2337 3916 αὐτὴν
2394 3845 2593 3917 ἐαυτῷ·
2662 3847 2756 3898 καὶ
2816 3844 2997 3897 λαϐὼν
3052 3849 3221 3919 αὐτὴν
3280 3852 3377 3901 ἐπ-

1792 3936 2042 4006 ανῆλοεψ
2098 3938 2154 3987 ἐν
2199 3937 2255 3989 δέ
2301 3937 2367 4006 τῇ
2411 3934 2516 4005 ὁδῷ
2572 3933 2865 3986 κατέλυσεν
2910 3935 2990 3997 είς
3043 3935 3231 3989 Γαϐαά
3278 3936 3379 4007 τὴν

1793 4024 2051 4093 Βενιαμὶν
2101 4022 2252 4093 παρά
2294 4040 2399 4075 τινι
2443 4020 2743 4092 πρεσϐύτῃ.
2795 4023 2857 4073 Οἱ
2897 4022 2954 4075 δὲ
2996 4023 3052 4076 ἐν
3087 4026 3151 4093 τῇ
3191 4024 3377 4078 Γαϐαά

1791 4114 2145 4184 περιστάντες
2188 4113 2287 4182 τὴν
2327 4111 2505 4164 οἰκίαν
2542 4110 2775 4182 ἐκείνην,
2820 4110 3044 4181 ἐζήτουν
3076 4113 3166 4165 τὸν
3204 4113 3371 4178 ξένον,

1791 4203 1878 4256 ἵνα
1904 4190 2261 4271 ἐξυϐρίσωσιν
2295 4199 2375 4261 είς
2406 4199 2588 4252 αὐτόν.
2632 4199 2690 4250 '0
2722 4199 3034 4270 πρεσϐύτης
3060 4200 3276 4271 ἕτοιμος
3304 4198 3373 4272 ἦν

1786 4290 1886 4361 τὴν
1919 4287 2191 4357 θυγατέρα
2215 4286 2378 4339 αὑτοῦ
2417 4286 2599 4339 δοῦναι
2631 4287 2812 4350 αὐτοῖς
2848 4287 2945 4358 τὴν
2984 4289 3270 4358 παρθένον.
3308 4292 3373 4343 Ut

1786 4378 1841 4431 δὲ
1874 4375 2128 4439 λαϐόντες
2160 4376 2258 4446 τὴν
2293 4373 2593 4445 παλλακὴν,
2628 4373 2915 4439 ἐνέπαιξαν
2947 4376 3083 4446 αὐτῇ
3120 4376 3248 4446 ὃλην
3276 4378 3372 4447 τὴν

1787 4462 1978 4518 νύκτα.
2010 4463 2096 4527 Ὠς
2127 4461 2184 4515 δὲ
2208 4460 2352 4532 πρωῒ
2374 4462 2617 4531 γέγονεν,
2650 4462 2877 4531 ἀφέντες
2910 4463 3078 4534 αὐτὴν
3105 4465 3370 4534 ἀπῆλθον.

1795 4555 1862 4609 Ἠ
1898 4554 1956 4608 δὲ
1999 4552 2104 4606 ὑπὸ
2132 4552 2231 4623 τῆς
2262 4553 2547 4625 ἐπηρείας,
2579 4553 2809 4606 ἐλθοῦσα
2850 4555 3001 4624 παρά
3034 4555 3133 4625 τὴν
3172 4556 3369 4619 οἰκίαν,

1785 4641 1914 4694 ἔνθα
1955 4642 2223 4711 κατήγετο
2254 4640 2282 4693 6
2313 4640 2449 4710 ἀνὴρ
2488 4641 2677 4710 αὐτῆς,
2714 4640 2988 4707 ἐξέψυξεν.
3028 4642 3287 4706 Ἰεῖξελθὼν
3312 4644 3371 4698 δὲ

1785 4735 2012 4797 ἐκεῖνος,
2042 4732 2135 4785 καί
2163 4730 2339 4802 εὑρὼν
2369 4731 2537 4801 αὐτὴν
2562 4734 2782 4800 νεκράν,
2822 4732 3016 4785 διεῖλεν
3044 4735 3121 4795 εἰς
3143 4733 3371 4789 δεκαδύο

1787 4822 1950 4891 μέρη,
1980 4820 2075 4872 καὶ
2103 4819 2317 4889 ἔπεμψε
2361 4821 2479 4881 ταῖς
2512 4817 2717 4871 δώδεκα
2752 4820 2964 4886 φυλαῖς.
3011 4820 3275 4884 Χαλεπῶς
3310 4825 3367 4876 δὲ

1783 4908 2018 4978 ἤνεγκαν
2064 4906 2126 4959 τὸ
2166 4905 2407 4974 γεγονὸς,
2457 4904 2551 4958 καὶ
2585 4906 2993 4975 ἐξοπλισάμενοι
3040 4908 3201 4979 ᾔτουν
3241 4911 3367 4976 τοὺς

1782 4997 2168 5066 ἐνυϐρίσαντας
2200 4995 2261 5047 τὸ
2286 4994 2526 5062 γύναιον.
2569 4995 2653 5059 Ὠς
2683 4995 2737 5048 δὲ
2766 4997 2865 5048 οὐκ
2888 4996 3125 5051 ἐδίδοσαν
3147 5001 3365 5065 ἐκεῖνοι,

1784 5086 2182 5156 συνεκρότησαν
2215 5084 2467 5153 πόλεμον.
2499 5083 2607 5136 Καὶ
2644 5083 2704 5135 τὸ
2745 5084 2842 5154 μὲν
2885 5084 3099 5155 πρῶτον
3126 5087 3365 5158 ήττήθη-

1783 5192 1901 5234 σαν,
1947 5173 2041 5225 καὶ
2077 5170 2349 5242 δεύτερον,
2395 5171 2451 5224 ἐν
2496 5170 2552 5223 δὲ
2588 5173 2652 5241 τῇ
2692 5171 2849 5243 τρίτη
2897 5172 3136 5244 συμϐολῇ
3185 5176 3364 5227 πᾶσαν

1780 5263 1878 5333 τὴν
1908 5260 2076 5330 φυλὴν
2105 5260 2363 5329 Βενιαμὶν
2397 5259 2726 5328 κατέκοψαν,
2765 5258 2903 5326 πλὴν
2936 5260 3232 5324 ἑξακοσίων
3256 5263 3362 5314 τῶν

1780 5350 2169 5419 διαφυγόντων.
2211 5350 2297 5412 Ὠς
2328 5349 2383 5401 δὲ
2408 5348 2781 5402 ἐκινδύνευσεν
2809 5352 2839 5419 ή
2869 5350 3009 5421 φυλὴ
3035 5351 3232 5413 τελέως
3257 5352 3362 5402 ἀττ-

1780 5439 1995 5493 ολέσθαι
2030 5438 2173 5505 (οὔτε
2214 5440 2320 5509 γὰρ
2356 5434 2498 5508 εἶχον
2540 5433 2683 5492 οὗτοι
2725 5442 3007 5506 γυναῖκας,
3044 5439 3138 5491 καὶ
3170 5439 3218 5490 οἱ
3257 5440 3362 5491 υἱοὶ

1793 5525 2006 5596 Ἰσραὴλ
2034 5524 2257 5595 ὤμοσαν
2284 5525 2340 5590 ἐξ
2366 5524 2544 5577 αὐτῶν
2574 5525 2647 5595 μὴ
2673 5525 2864 5578 δώσειν
2891 5526 3117 5593 αὐτοῖς),
3148 5523 3358 5588 ἑλόντες

1777 5615 1904 5676 τοὺς
1946 5613 2018 5682 μὴ
2057 5612 2562 5680 συστρατεύσαντας
2592 5614 2772 5673 αὐτοῖς
2798 5612 2938 5664 κατὰ
2966 5610 3072 5662 τῶν
3101 5612 3355 5679 Βενιαμι-

1777 5702 1905 5763 τῶν,
1935 5704 2031 5763 τὰς
2060 5701 2282 5755 ἐκείνων
2310 5701 2607 5771 παρθένους
2640 5700 2841 5752 ἔδωκαν
2882 5700 3063 5763 αὐτοῖς
3096 5717 3355 5771 τετρακο-

1782 5791 1917 5851 σίας·
1961 5792 2033 5851 ὡς
2072 5790 2125 5840 δέ
2181 5790 2419 5841 ἐνέλιπον
2460 5790 2559 5847 ἔτι,
2606 5788 2798 5855 ἑορτῆς
2845 5788 3191 5857 τελοψένης,
3234 5807 3355 5841 συν-
