3720 6274
344 320 445 379 541

344 435 635 509 ιχώρησαν
683 437 863 502 αὐτοῖς
902 436 1209 502 ἐξελθοῦσιν
1250 441 1570 513 ἀφαρπάσαι
1614 407 1936 515 παρθένους,

348 521 449 574 οὐκ
481 520 701 574 εἰδότων
735 520 840 573 τῶν
874 521 1100 590 γονέων.

824 636 1093 706 Σύνοψις
1120 637 1233 707 τῆς
1272 638 1460 694 Ῥούθ.

430 750 491 807 Ἥ
540 752 823 825 Νοεμμὴν,
876 754 1237 819 ἀποθανόντος
1284 756 1422 827 αὐτῇ
1465 757 1560 809 τοῦ
1599 756 1810 828 ἀνδρὸς,
1848 760 1940 812 καὶ

346 835 456 889 τῶν
486 836 641 900 υίῶν,
687 838 782 890 καὶ
821 836 913 891 τοῦ
962 838 1120 909 λιμοῦ
1167 838 1487 903 παυθέντος,
1521 840 1588 892 δι’
1626 841 1685 895 ὃν
1725 842 1818 895 καὶ
1860 844 1940 907 είς

346 918 446 992 τὴν
477 920 757 975 Μωαϐῖτιν
786 920 1129 992 κατῴκησεν,
1162 921 1379 994 ἔρχεται
1405 924 1485 987 εἰς
1513 922 1612 995 τὴν
1654 925 1936 987 Ἰουδαίαν,

349 1005 442 1058 καὶ
491 1006 524 1075 ή
574 1004 673 1076 μὲν
718 1005 815 1077 μία
858 1006 1030 1078 αὐτῆς
1073 1006 1257 1077 νύμφη
1299 1007 1526 1080 ἐπείσθη
1568 1010 1748 1079 μεῖναι
1779 1010 1838 1063 ἐν
1870 1013 1937 1082 τῇ

348 1087 673 1144 Μωαϐίτιδι·
718 1092 751 1161 ἡ
792 1090 849 1143 δὲ
889 1089 1045 1162 ἄλλη,
1149 1091 1317 1161 ὄνομα
1346 1092 1523 1155 Ῥοὺθ,
1554 1093 1725 1147 πολλὰ
1759 1110 1940 1163 παρα-

348 1171 611 1245 καλούσῃ,
642 1172 786 1226 ὥστε
817 1177 1021 1245 μεῖναι,
1060 1176 1160 1229 οὐκ
1197 1173 1360 1241 εἶξεν,
1388 1175 1525 1229 ἀλλὰ
1549 1175 1938 1249 συνηκολούθη-

349 1270 429 1310 σε.
462 1257 572 1310 Καὶ
611 1260 866 1327 γαμεῖται
899 1258 976 1329 τῷ
1012 1258 1182 1324 Βοὼξ,
1213 1261 1590 1331 ἀγχιστεύοντι
1626 1261 1722 1332 τήν
1761 1261 1938 1332 Νοεμ-

351 1340 478 1412 μὴν,
506 1341 602 1393 καὶ
633 1341 805 1394 τίκτει
840 1342 933 1395 τὸν
967 1343 1143 1414 Ὀϐὴδ,
1171 1345 1199 1398 6
1229 1345 1286 1398 δέ
1332 1344 1492 1415 Ὀϐὴδ
1519 1345 1611 1398 τὸν
1657 1345 1874 1411 Ἰεσσαὶ,
1907 1346 1936 1398 6

346 1423 402 1477 δὲ
446 1425 645 1478 Ἰεσσαί
676 1425 839 1479 Δαυῒδ
858 1425 949 1479 τὸν
979 1425 1224 1497 βασιλέα.

667 1547 935 1615 Σύνοιίίς
973 1546 1078 1600 τοῦ
1112 1547 1623 1615 Τετραὸασαλείου.

430 1664 663 1719 Ἑλκανᾶ
692 1666 955 1732 γυναῖκας
977 1665 1115 1735 ἔχων
1139 1664 1251 1728 δύο,
1278 1665 1383 1718 ἀπὸ
1410 1664 1512 1735 τῆς
1541 1664 1667 1735 μιᾶς
1694 1664 1794 1717 οὑκ
1820 1659 1933 1734 εἶχε

341 1749 566 1812 παῖδας.
600 1748 688 1812 Ὣς
720 1748 777 1802 δέ
806 1748 1005 1818 ἀνῆλθε
1032 1750 1192 1803 θῦσαι
1220 1750 1277 1802 ἐν
1308 1747 1529 1821 Σηλὼμ,
1568 1746 1934 1819 προσεύχεται

346 1834 379 1902 ή
410 1832 568 1904 γυνὴ,
614 1832 912 1886 καὶ-τίκτει
959 1832 1052 1885 τὸν
1084 1833 1361 1904 Σαμουὴλ,
1400 1834 1495 1886 καὶ
1520 1832 1736 1887 δίδωσιν
1773 1832 1934 1887 αὑτὸν

344 1918 425 1981 είς
450 1917 542 1971 τὸν
565 1913 712 1970 οἶκον
740 1917 946 1989 Κυρίου
972 1916 1255 1987 διηνεκῶς,
1283 1916 1466 1981 καθὼς
1502 1916 1706 1988 ηὔξατο
1739 1916 1868 1989 πρὶν
1897 1916 1930 1987 ἢ

347 2000 629 2055 συλλαϐεῖν
672 2001 855 2056 αὐτόν.
887 1996 996 2055 Ἦν
1038 2001 1093 2054 δὲ
1131 2002 1311 2073 ἱερεὺς
1349 2001 1471 2055 τότε
1503 2003 1532 2054 6
1566 1998 1736 2054 Ἠλεί.
1780 2001 1843 2053 Ol
1876 2000 1934 2053 δὲ

346 2087 452 2141 υἱοὶ
507 2087 654 2141 Ἠλεὶ
706 2088 861 2153 Ὀφνὶ
909 2088 1003 2140 καί
1048 2086 1252 2150 Φινεὲς,
1303 2086 1481 2157 λοιμοὶ
1528 2084 1624 2139 καὶ
1669 2083 1933 2157 μοχθηροί⁵

345 2172 473 2236 νέοι,
504 2172 1015 2242 μεταλαμϐάνοντες
1053 2172 1118 2224 ἐκ
1146 2169 1254 2223 τῶν
1285 2169 1508 2232 θυσιῶν,
1540 2169 1672 2241 πρὶν
1702 2168 1734 2238 ἢ
1766 2185 1933 2239 προσ-

344 2256 627 2327 ενεχθῆναι
666 2256 805 2327 Θεῷ.
865 2256 924 2308 ὐ
969 2254 1027 2308 δὲ
1068 2254 1217 2308 Ἠλεὶ
1264 2253 1525 2327 εύλόγησε
1565 2254 1666 2325 τὴν
1709 2253 1929 2318 Ἀνναν,

346 2346 439 2398 καὶ
464 2344 621 2416 ἔσχεν
655 2344 734 2398 ἔτι
764 2346 914 2414 τρεῖς
942 2343 1111 2408 υἰοὺς,
1138 2343 1233 2396 καὶ
1246 2342 1339 2396 δύο
1364 2341 1691 2414 θυγατέρας,
1716 2341 1809 2395 καί
1824 2342 1930 2395 Σα-

350 2434 515 2505 μουὴλ
568 2432 813 2489 ἐπεδίδου
859 2432 998 2503 πρὸς
1030 2432 1254 2504 ἀρετήν.
1312 2430 1370 2484 '0
1403 2430 1460 2484 δέ
1518 2430 1666 2484 Ἠλεὶ
1689 2429 1931 2495 ἀκούσας

344 2526 451 2579 τῶν
481 2525 685 2579 παίδων
708 2525 777 2578 τά
806 2523 1136 2595 τολμήματα
1172 2521 1296 2594 (καὶ
1321 2521 1430 2593 γὰρ
1459 2521 1554 2575 καὶ
1587 2522 1929 2593 ἐμοιχῶντο),

347 2614 499 2690 [544]
521 2615 821 2686 ἐπετίμησε
842 2613 987 2685 λόγῳ
1011 2630 1024 2645 ο
1050 2612 1099 2666 οἰ
1119 2611 1175 2666 δὲ
1201 2612 1301 2665 οὐκ
1319 2607 1489 2678 εἶξαν.
1520 2611 1931 2683 Προφητεύεται

344 2707 425 2777 τῷ
467 2704 613 2758 Ἠλεὶ
640 2705 668 2757 6
716 2702 935 2773 ὄλεθρος
964 2700 1064 2772 τῆς
1096 2700 1273 2764 οἰκίας
1308 2697 1474 2753 αὑτοῦ
1520 2700 1616 2753 καὶ
1654 2698 1764 2753 τῶν
1798 2699 1931 2755 υἰῶν

346 2794 433 2848 διὰ
458 2794 557 2865 τὴν
592 2792 867 2864 ἁμαρτίαν
887 2790 996 2843 τῶν
1026 2790 1183 2844 νέων.
1212 2787 1475 2860 Δηλοῦται
1514 2788 1570 2842 δὲ
1594 2788 1689 2842 καὶ
1715 2787 1793 2860 τῷ
1823 2789 1929 2841 Σα-

351 2883 523 2957 μουὴλ
546 2882 579 2953 ἠ
602 2880 977 2952 ἀπαραίτητος
1007 2877 1145 2949 ὀργὴ
1168 2876 1261 2931 τοῦ
1298 2876 1456 2939 Θεοῦ,
1483 2877 1577 2930 καί
1598 2877 1931 2947 ἀπαγγέλλει

348 2972 442 3025 καὶ
469 2968 632 3034 αὐτὸς
664 2967 741 3040 τῷ
776 2965 946 3022 Ἠλεί.
992 2964 1400 3036 Συμϐάλλουσιν
1444 2966 1492 3018 οἰ
1530 2963 1820 3035 ἀλλόφυλοι
1851 2966 1932 3037 τῷ

348 3056 584 3131 Ἰσραὴλ,
613 3057 711 3111 καὶ
733 3054 1025 3127 τρέπουσιν
1043 3050 1206 3107 αὑτὸν
1236 3055 1318 3117 εἰς
1334 3052 1514 3125 φυγὴν
1540 3053 1680 3124 μετὰ
1709 3054 1804 3108 τοῦ
1828 3071 1933 3107 πα-

345 3147 523 3215 τάξαι.
569 3148 657 3212 Ὠς
678 3146 736 3200 δέ
772 3145 864 3200 καὶ
891 3145 991 3216 τὴν
1021 3142 1254 3197 κιϐωτὸν
1296 3139 1565 3215 ἐξήγαγον
1616 3144 1722 3198 υίοί
1760 3144 1927 3212 Ἠλεὶ,

346 3232 491 3294 οῦτοι
516 3237 615 3310 μὲν
650 3236 939 3291 πίπτουσιν
968 3235 1026 3286 ἐν
1058 3230 1137 3303 τῷ
1168 3230 1396 3304 πολέμῳ
1438 3231 1573 3303 μετά
1611 3233 1704 3287 καὶ
1728 3233 1931 3306 ἐτέρων

346 3327 578 3391 πολλῶν,
633 3326 734 3397 τὴν
782 3323 839 3379 δέ
887 3320 1119 3376 κιϐωτὸν
1171 3318 1543 3389 λαμϐάνουσιν
1581 3320 1631 3374 οἰ
1657 3321 1929 3392 πολέμιοι.

347 3414 519 3474 Ἦλθέ
547 3432 629 3479 τις
650 3411 822 3467 ταῦτα
845 3408 1204 3479 ἀπαγγέλλων
1234 3407 1311 3480 τῷ
1346 3407 1494 3461 Ἠλεί
1515 3426 1529 3440 ο
1557 3409 1585 3462 6
1609 3408 1665 3463 δὲ
1686 3428 1932 3465 καταπε..

349 3507 457 3561 σὼν
483 3508 548 3560 ἐκ
574 3504 669 3558 τοῦ
697 3502 886 3571 δίφρου
946 3498 1111 3552 αὐτοῦ
1148 3496 1440 3569 συνετρίϐη
1491 3498 1586 3552 καὶ
1622 3498 1895 3555 ἀπέθανεν
1915 3520 1928 3534 ·

347 3593 587 3650 ἀπέθανε
612 3591 669 3645 δέ
687 3590 781 3644 καὶ
799 3591 832 3661 ἡ
848 3586 1040 3640 τούτου
1064 3585 1272 3658 νύμφη,
1295 3586 1462 3658 ἡνίκα
1488 3586 1661 3640 ταῦτα
1677 3588 1927 3660 ὴκουσεν.

348 3684 691 3754 Είσήνεγκαν
736 3679 785 3732 οἰ
817 3674 1103 3746 ἀλλόφυλοι
1128 3674 1227 3745 τὴν
1272 3674 1504 3729 κιϐωτὸν
1550 3677 1632 3740 εἰς
1661 3677 1753 3732 τὸν
1784 3674 1932 3734 οἰκον

348 3770 538 3841 Δαγών
554 3787 569 3802 ο
587 3772 615 3823 6
634 3768 691 3822 δέ
708 3766 979 3822 κατέπεσε
1006 3762 1279 3835 δεύτερον,
1304 3765 1400 3818 καὶ
1427 3765 1739 3839 συνετρίϐη.
1766 3768 1934 3823 Ἐπα-

346 3860 626 3934 τάχθησαν
676 3856 733 3910 δέ
766 3854 861 3909 καὶ
913 3854 963 3907 οἱ
1012 3852 1203 3924 ἄνδρες
1249 3853 1330 3918 εἰς
1377 3854 1476 3919 τάς
1522 3854 1683 3926 ἕδρας
1728 3856 1930 3912 αὐτῶν.

346 3946 527 4008 Ἦσαν
557 3949 614 4003 δέ
641 3948 689 4001 οἰ
725 3944 968 4011 Ἀζώτιοι
997 3937 1159 4006 οὗτοι,
1181 3943 1275 3997 καὶ
1304 3942 1410 4015 μῦς
1434 3945 1757 4020 ἀνέδωκενή
1780 3947 1935 4021 χώρα

347 4042 547 4099 αὐτῶν.
584 4036 997 4094 ’ἀποστέλλουσι
1025 4033 1125 4106 τὴν
1150 4033 1380 4088 κιϐωτὸν
1404 4036 1486 4100 εἰς
1513 4035 1615 4089 Γέθ
1632 4052 1647 4068 ο
1677 4038 1729 4091 οί
1754 4038 1812 4092 δὲ
1837 4039 1933 4093 καὶ

348 4132 502 4189 αὐτοὶ
530 4128 867 4200 ἐπλήγησαν.
893 4124 1208 4197 Πέμπουσιν
1229 4123 1398 4195 αὐτὴν
1424 4127 1505 4189 εἰς
1532 4126 1849 4182 Ἀσκαλῶνα
1880 4132 1929 4196 ⁸,

348 4223 509 4277 κάκεῖ
532 4219 725 4288 γέγονε
759 4214 1009 4278 θάνατος.
1060 4212 1566 4284 Συμϐουλευθέντες
1593 4215 1650 4268 δὲ
1690 4216 1796 4271 ὑπὸ
1824 4216 1933 4273 τῶν

352 4310 599 4382 μάντεων
653 4303 833 4360 αὐτῶν
865 4342 881 4368 ,
927 4299 1171 4355 ποιοῦσιν
1199 4299 1362 4372 ἕδρας
1406 4305 1651 4375 χρυσᾶς,
1686 4306 1781 4360 καὶ
1830 4307 1935 4379 μῦς

350 4395 604 4471 χρυσοῦς,
640 4394 736 4448 καὶ
765 4390 1041 4452 ἐπιθέντες
1075 4389 1276 4471 αὐτοὺς
1315 4390 1503 4463 ἀμάξῃ
1540 4394 1677 4464 μετὰ
1716 4395 1816 4467 τῆς
1850 4414 1937 4450 κι-

351 4470 527 4540 ϐωτοῦ
559 4480 862 4546 ὑπέζευξαν
895 4470 1153 4551 βόας,ὧν
1191 4476 1261 4529 τὰ
1288 4478 1454 4532 τέκνα
1492 4481 1824 4537 ἀπέκλεισαν
1855 4486 1937 4549 εἰς

350 4572 613 4627 οίκίσκον.
657 4570 813 4624 Δίδέ
863 4569 1026 4642 ὀρθὴν
1080 4565 1458 4639 ἐπορεύθησαν
1492 4568 1571 4632 εἰς
1626 4569 1931 4642 Βεθσαμῦς.

352 4662 605 4732 Δέχονται
628 4658 798 4731 αὐτὴν
828 4660 875 4712 οἰ
901 4656 1091 4729 ἄνδρες
1111 4658 1333 4721 ἐκεῖνοι,
1360 4656 1455 4709 καί
1483 4655 1764 4729 θύουσιτῴ
1792 4659 1932 4730 Θεῷ,

351 4749 602 4823 ὁρώντων
626 4747 733 4801 τῶν
772 4745 1069 4819 σατραπῶν
1111 4744 1220 4798 τῶν
1252 4743 1587 4814 ἀλλοφύλων.
1632 4743 1717 4808 Ὠς
1741 4745 1798 4798 δὲ
1835 4746 1934 4799 οὐκ

350 4841 657 4911 ἡσμένισαν
681 4838 733 4901 δ,
758 4837 1056 4900 τουτέστιν,
1081 4834 1141 4887 ού
1170 4835 1547 4905 συνεχάρησαν
1570 4834 1620 4886 οἱ
1651 4834 1756 4886 υἰοὶ
1782 4832 1936 4905 Ἰεχο-

351 4932 485 4993 νίου,
543 4928 752 4997 γίνεται
781 4926 963 4996 πληγὴ
1003 4923 1217 4995 μεγάλη
1250 4924 1308 4976 ἐν
1334 4922 1412 4993 τῷ
1462 4921 1612 4993 λαῷο
1650 4923 1743 4976 καὶ
1770 4924 1935 4995 φοϐη-

353 5020 536 5079 θέντες
562 5017 610 5068 οἱ
636 5015 743 5068 ἀπὸ
760 5012 1066 5084 Βεθσαμῦς,
1100 5012 1523 5067 ἀποστέλλουσιν
1550 5009 1609 5076 ἐξ
1633 5012 1809 5066 αὐτῶν
1834 5014 1935 5084 τὴν

352 5107 584 5160 κιϐωτὸν
613 5107 692 5168 εἰς
724 5104 815 5158 τὸν
867 5098 1019 5159 οἰκον
1056 5103 1371 5175 Ἀμιναδάϐ.
1428 5104 1562 5155 Τότε
1591 5104 1934 5175 ἐπέστρεψαν

355 5196 490 5267 πρὸς
520 5197 611 5247 τὸν
633 5194 764 5248 Θεὸν
794 5197 843 5246 οἰ
872 5193 1224 5264 Ἰσραηλῖται,
1252 5193 1346 5245 καὶ
1363 5192 1710 5262 ἐπολέμησαν
1738 5194 1935 5257 αὐτοὺς

352 5284 402 5335 οἰ
430 5280 736 5350 ἀλλόφυλοι,
770 5282 863 5333 καὶ
882 5281 1215 5350 ἡττήθησαν,
1235 5278 1331 5332 τοῦ
1353 5278 1605 5351 Σαμουὴλ
1638 5279 1934 5352 εὐξαμένου

355 5372 496 5443 ὑπὲρ
530 5368 729 5433 αὐτῶν,
760 5370 853 5421 καὶ
883 5368 1073 5421 ἔλαϐον
1104 5369 1234 5438 παρ’
1258 5367 1439 5419 αὐτῶν
1474 5366 1572 5431 τάς
1607 5367 1789 5433 πόλεις
1812 5411 1826 5435 ,
1871 5368 1936 5433 ἃς

416 5578 440 5605 ι
470 5576 525 5656 γι)
550 5576 696 5656 Cois]:
743 5576 1005 5623 Βαϐυλῶνα
1046 5573 1127 5623 hic
1169 5573 1308 5634 lapsu
1332 5567 1569 5633 graphico
1607 5570 1819 5636 positum
1848 5575 1936 5626 fuit

354 5652 443 5702 pro
476 5641 774 5689 ’Λα-καλῶνα.

418 5699 447 5740 δ
473 5701 561 5749 Illa
602 5713 726 5748 voce
764 5705 971 5748 utuntur
991 5696 1111 5751 LXX
1147 5699 1470 5759 interpretes,
1498 5712 1642 5760 quam
1667 5699 1822 5761 probe
1847 5713 1923 5749 ex.

356 5762 509 5830 plipat
550 5762 924 5830 Qhryspstomus
948 5776 1036 5826 per
1060 5762 1406 5825 συνεχάρησαν,
1448 5761 1767 5826 congratulati
1807 5769 1933 5824 sum,

356 5824 436 5873 vel
461 5836 553 5874 una
568 5824 714 5876 ίωιαιὶ
733 5830 855 5874 sunt.

1018 318 1077 377 S.
1119 318 1404 379 JOANNIS
1442 320 1938 381 CHRYSOSTOMI
1976 322 2303 379 ARCHIEP.
2344 318 2897 383 CONSTANTINOP.

3517 309 3615 365 35?.

2047 436 2194 515 εἶχον
2221 440 2421 497 αὐτῶν.
2461 442 2548 506 Ὠς
2579 440 2636 494 δέ
2657 440 2895 510 ἐγήρασε
2927 430 3201 504 Σαμουὴλ,
3232 432 3280 484 οί
3308 429 3365 483 δέ
3391 428 3497 483 υἱοὶ
3525 428 3616 481 αὖα

2045 530 2138 584 τοῦ
2177 530 2277 583 ούκ
2300 529 2624 602 ἐπορεύοντο
2660 530 2717 580 ἐν
2748 528 2815 597 τῇ
2839 523 2945 593 ὁδῷ
2970 520 3160 583 αὐτοῦ,
3186 517 3539 587 συναχθέντες
3566 516 3613 569 οἰ

2046 620 2288 673 Ἰουδαῖοι
2322 618 2533 672 αἰτοῦσι
2570 614 2814 688 βασιλέα.
2843 612 3118 682 ’Πλγησεν
3143 608 3236 661 ἐπὶ
3262 605 3437 676 τούτῳ
3456 605 3485 656 6
3520 606 3615 657 Σα-

2044 705 2238 777 μουὴλ,
2272 705 2366 759 καί
2394 722 2560 775 φησιν
2592 702 2741 773 αύτῷ
2763 703 2791 754 6
2820 700 2977 763 Θεὸς·
3017 699 3101 752 Οὐ
3122 697 3199 751 σὲ
3223 693 3615 761 ἐξουδενήκαο

2041 809 2168 857 σιν,
2196 795 2335 848 ἀλλ’
2364 794 2489 863 ἐμέ.
2526 792 2709 846 Τοῦτο
2739 788 2855 843 οὖν
2890 785 3354 856 διαμαρτύρομαι
3395 779 3613 846 αὐτοῖς,

2040 882 2108 935 τὸ
2126 882 2411 951 δικαίωμα
2438 881 2545 935 τοῦ
2564 877 2877 946 ,ϐασιλέως
2896 894 2909 907 ·
2938 873 3236 937 τουτέστιν,
3264 873 3397 942 ὅσης
3417 869 3615 939 ὀφείλει

2041 970 2168 1041 παρ’
2219 970 2398 1024 αὐτῶν
2445 968 2735 1039 τυγχάνειν
2780 963 3085 1037 θεραπείας
3142 959 3539 1032 διεμαρτύρατο
3584 959 3614 1009 6

2040 1057 2323 1130 Σαμουὴλ·
2353 1059 2401 1111 οἱ
2426 1058 2483 1111 δὲ
2515 1056 2798 1112 ἐπέκειντο
2835 1052 3132 1115 αἰτοῦντες.
3181 1049 3483 1103 Ἀπώλοντο
3506 1058 3529 1086 τ
3559 1048 3613 1099 αἱ

2037 1144 2151 1199 ὄνοι
2181 1148 2313 1210 Κεὶς
2344 1144 2441 1199 τοῦ
2482 1143 2689 1217 πατρὸς
2732 1140 2904 1196 Σαούλ
2923 1156 2938 1172 ·
2974 1137 3220 1210 ἔπεμψεν
3258 1137 3423 1192 αὑτὸν
3450 1138 3477 1190 6
3509 1152 3615 1187 παο

2038 1233 2142 1304 τὴρ
2180 1234 2582 1305 ἐπιζητήσοντα
2623 1229 2844 1294 ταύτας.
2895 1227 2983 1292 Ὠς
3030 1226 3087 1280 δέ
3124 1226 3223 1297 οὐχ
3252 1224 3493 1297 εὕρισκε,
3522 1222 3614 1275 τοῦ

2038 1319 2333 1374 ἀκολούθου
2383 1318 2533 1391 αὑτῷ
2583 1313 3110 1390 συμϐουλεύσαντος,
3141 1313 3447 1384 εἰσέρχεται
3484 1312 3616 1381 πρὸς

2036 1409 2127 1462 τὸν
2153 1408 2409 1480 Σαμουὴλ
2454 1407 2751 1479 ἐρωτήσων
2789 1405 2920 1476 περί
2947 1403 3136 1458 αὐτοῦ.
3180 1402 3219 1454 Γ
3222 1400 3436 1471 νωρὶζει
3458 1398 3615 1453 αύτὸν

2036 1497 2065 1549 6
2097 1497 2229 1561 Θεὸς
2256 1496 2335 1567 τῷ
2360 1496 2617 1567 Σαμουὴλ
2648 1495 2845 1565 λέγων,
2880 1494 2963 1547 ὅτι
3004 1490 3207 1546 Τοῦτον
3240 1491 3426 1561 χρῖσον
3461 1488 3613 1558 βασι-

2036 1584 2153 1642 λέα.
2183 1584 2501 1657 Προσῆλθεν
2536 1586 2566 1638 6
2589 1585 2761 1639 Σαοὺλ
2807 1582 3027 1655 ἐρωτῶν
3068 1579 3161 1635 τὸν
3212 1577 3481 1649 Σαμουὴλ,
3512 1576 3612 1631 ποῦ

2036 1672 2121 1744 είη
2151 1675 2179 1727 6
2213 1673 2429 1745 βλέπων
2449 1689 2463 1705 ·
2498 1672 2646 1728 οὕτω
2670 1671 2779 1744 γὰρ
2808 1670 3037 1726 ἐκάλουν
3067 1670 3194 1731 τοὺς
3218 1668 3519 1739 προφήτας.
3555 1666 3614 1717 ὐ

2035 1762 2093 1816 δὲ
2116 1762 2243 1834 ἔφη,
2274 1761 2435 1815 αὐτὸν
2474 1756 2640 1826 εἰναι,
2695 1761 2790 1813 καὶ
2824 1756 3115 1827 ἀναγαγὼν
3141 1756 3304 1811 αὐτὸν
3352 1756 3430 1820 εἰς
3460 1755 3615 1823 Βαμᾶ

2038 1850 2234 1923 (θυσία
2264 1849 2374 1922 γὰρ
2395 1845 2465 1922 ἦν
2490 1850 2571 1921 τῷ
2609 1848 2784 1919 λαῷ),
2833 1849 2928 1902 καὶ
2953 1844 3232 1910 ἑστιάσας,
3264 1843 3369 1897 ὑπὸ
3420 1843 3518 1914 τὴν
3541 1843 3616 1894 ἕω

2036 1937 2314 1993 κατελθὼν
2348 1938 2465 2010 μετ’
2497 1935 2662 2004 αὑτοῦ
2693 1936 2952 2007 κατέχεεν
2981 1932 3148 1989 αὑτοῦ
3182 1932 3275 1986 τὸν
3305 1930 3474 2002 φακὸν
3520 1929 3613 1983 τοῦ

2035 2026 2237 2092 ἐλαίου,
2270 2026 2365 2080 καὶ
2395 2025 2774 2096 καταφιλήσας
2790 2021 2953 2076 αὐτὸν
2980 2016 3134 2075 εἶπεν
3164 2019 3332 2089 αὐτῷ,
3366 2021 3448 2075 ὅτι
3482 2020 3615 2088 ’Δρ-

2035 2112 2147 2181 ξεις
2166 2114 2259 2168 τοῦ
2289 2112 2441 2179 λαοῦ,
2472 2114 2567 2169 καὶ
2592 2112 2796 2185 σημεῖά
2817 2128 2941 2165 τινα
2960 2110 3085 2173 δοὺς
3103 2108 3410 2180 ἐξέπεμψεν
3431 2108 3613 2172 αὐτὸν,

2034 2205 2129 2260 καὶ
2159 2203 2566 2278 προεφήτευσεν
2595 2204 2624 2257 6
2645 2200 2840 2257 Σαούλ.
2888 2198 3040 2273 [545]
3078 2198 3288 2270 Ἐρωτᾷ
3324 2198 3413 2252 τὸν
3444 2198 3615 2251 Σαοὺλ

2033 2292 2063 2347 6
2088 2293 2286 2357 οἰκεῖος
2309 2291 2499 2356 αὑτοῦ,
2523 2290 2625 2344 ποῦ
2647 2289 2888 2362 ἀπῆλθεν
2912 2302 2927 2321 ⁸
2959 2289 2989 2341 6
3020 2286 3078 2341 δὲ
3104 2282 3279 2341 εἶπεν*
3316 2286 3409 2348 El;
3434 2283 3615 2354 ἐπιζήο

2033 2398 2189 2453 τησιν
2215 2382 2323 2435 τῶν
2345 2381 2503 2436 ὄνων.
2526 2380 2825 2448 Συνάγεται
2854 2378 2883 2431 6
2904 2375 3033 2440 λαὸς
3059 2375 3140 2438 εἰς
3160 2375 3439 2443 Μασσηφᾶ
3455 2388 3471 2404 '
3498 2390 3611 2443 χει-

2038 2472 2334 2543 ροτονεῖται
2360 2469 2553 2523 Σαούλ.
2590 2464 3037 2524 Ἐπανίσταταιὸ
3086 2461 3434 2534 Ἀμμανιτῶν
3466 2462 3613 2532 βασι-

2032 2558 2159 2623 λεὺς
2184 2562 2297 2625 τοῖς
2319 2558 2673 2622 Γαλααδίταις
2692 2572 2706 2585 ⁸
2735 2553 3129 2629 πρεσϐεύονται
3156 2552 3293 2624 πρὸς
3310 2551 3400 2605 τὸν
3422 2551 3613 2604 Σαούλο

2034 2647 2204 2702 ἐλθὼν
2246 2648 2625 2720 συνεμάχησεν
2654 2645 2858 2711 αὐτοῖς,
2910 2642 3005 2697 καὶ
3034 2637 3151 2696 εἷλε
3177 2642 3304 2705 τοὺς
3329 2640 3616 2711 πολεμίους

2034 2739 2179 2792 κατά
2209 2738 2430 2811 κράτος.
2463 2733 2812 2807 Εὑωχοῦνται
2863 2733 2921 2787 ἐν
2948 2730 3270 2801 Γαλγάλοις.
3318 2729 3429 2783 Καὶ
3476 2730 3616 2801 δημι-

2034 2829 2227 2899 ηγορεῖ
2252 2826 2390 2899 πρὸς
2412 2824 2504 2880 τὸν
2536 2824 2663 2879 λαὸν
2684 2825 2712 2877 ὁ
2741 2818 3346 2894 Σαμουήλ.Τότε·λέγει·
3371 2816 3619 2885 Μόσχον⁹

2032 2917 2195 2983 τινὸς
2222 2917 2464 2986 εἴληφα,
2508 2914 2546 2984 ἣ
2588 2914 2733 2969 ὄνον
2760 2911 2925 2979 τινὸς
2952 2910 3207 2979 εἷληφα;
3240 2908 3617 2978 Παραγγείλας

2033 3008 2089 3062 δὲ
2111 3006 2295 3071 αὐτοῖς
2318 3004 2615 3060 ὑπακούειν
2641 3001 2720 3075 τῷ
2765 3001 2907 3075 Θεῷ,
2956 2999 3195 3072 εῦχεται,
3250 2999 3344 3053 καὶ
3378 2998 3533 3063 ὑετὸς
3558 3000 3619 3051 ἐν

2032 3095 2214 3167 ἡμέρα
2240 3092 2503 3167 θερισμοῦ
2530 3092 2759 3162 γίνεται.
2802 3087 3077 3161 Ἑφοϐήθη
3102 3088 3131 3140 6
3157 3086 3307 3151 λαὸς,
3342 3087 3437 3139 καὶ
3470 3084 3618 3155 ὡμο-

2032 3183 2268 3255 λόγησαν
2298 3180 2679 3254 ἡμαρτηκέναι
2707 3179 3032 3251 αἰτήσαντες
3064 3175 3308 3247 βασιλέα.
3348 3173 3407 3227 '0
3435 3174 3491 3226 δὲ
3516 3175 3619 3227 Σα-

2037 3271 2208 3343 μουὴλ
2236 3270 2401 3325 πάλιν
2420 3270 2697 3339 παραινεῖ,
2722 3265 2865 3320 ὥστε
2891 3262 3209 3320 ἀκολουθεῖν
3227 3264 3341 3324 τοῖς
3362 3260 3455 3314 τοῦ
3482 3260 3620 3313 Θεοῦ

2034 3359 2475 3433 προστάγμασιν.
2505 3356 2712 3411 Κόπτει
2754 3354 2881 3418 τοὺς
2919 3349 3251 3421 ἀλλοφύλους
3284 3351 3313 3402 6
3334 3348 3527 3402 Σαούλ.
3557 3349 3621 3400 Οἱ

2032 3451 2089 3505 δὲ
2113 3448 2540 3521 παροξυνθέντες
2565 3444 3019 3517 ἐπιστρατεύουσι
3043 3440 3181 3512 μετά
3197 3437 3441 3502 πλείονος
3462 3437 3624 3491 δινά-

2037 3555 2203 3610 μεως.
2232 3536 2530 3604 Φεύγουσιν
2560 3534 2610 3589 οί
2642 3532 2998 3605 Ἰσραηλῖται,
3027 3526 3501 3599 καταλιμπάνεται
3526 3526 3623 3597 μόο

2034 3644 2123 3691 νος
2148 3629 2176 3681 6
2198 3626 2390 3680 Σαούλ.
2432 3623 2719 3697 Ἀναφέρει
2745 3621 3113 3677 ὁλοκαύτωσιν
3144 3616 3224 3688 τῷ
3252 3615 3392 3685 Θεῷ,
3428 3614 3507 3686 μὴ
3535 3631 3625 3667 πε-

2036 3716 2285 3788 ριμείνας
2314 3714 2408 3769 τὸν
2438 3712 2691 3785 Σαμουὴλ
2712 3751 2728 3777 ,
2765 3710 3081 3783 περιμεῖναι
3117 3707 3175 3762 δὲ
3214 3704 3363 3775 αὐτῷ
3405 3720 3628 3774 παρηγ-

2034 3805 2240 3875 γέλκει.
2282 3802 2543 3875 Ἔρχεται
2591 3803 2621 3856 6
2674 3798 2953 3871 Σαμουὴλ,
3004 3794 3348 3867 δυσχεραίνει
3382 3793 3524 3865 πρὸς
3565 3793 3626 3845 τὸ

2035 3893 2279 3964 γεγονὸς,
2313 3890 2531 3946 ἀπειλεῖ
2562 3888 2712 3961 αὐτῷ
2739 3886 3039 3942 κατάλυσιν
3081 3885 3184 3955 τῆς
3213 3881 3493 3953 βασιλείας
3530 3881 3627 3933 αύ-

2035 3980 2130 4037 τοῦ
2157 3997 2170 4013 ⁸
2202 3982 2281 4046 εἰς
2301 3979 2412 4053 γάρ
2437 3979 2625 4050 ἕτερον
2649 3977 2821 4049 αὐτὴν
2863 3971 3278 4047 μετατίθεσθαι·
3333 3971 3429 4025 τὸν
3462 3968 3628 4024 Δαυῒδ

2036 4070 2162 4143 ἔφη.
2186 4067 2518 4140 Καθημένου
2545 4065 2640 4121 τοῦ
2664 4064 2840 4121 Σαοὺλ
2872 4066 2929 4119 ἐν
2960 4061 3037 4134 τῷ
3070 4060 3263 4132 βουνῷ,
3297 4058 3394 4113 καὶ
3428 4057 3627 4123 ἐξακο-

2037 4161 2166 4215 σίων
2192 4158 2310 4231 μετ’
2334 4156 2522 4223 αὐτοῦ,
2550 4155 2729 4227 λάθρα
2772 4152 3028 4208 Ἰωνάθαν
3068 4151 3097 4204 6
3141 4149 3256 4213 υἰὸς
3282 4145 3450 4202 αὑτοῦ
3491 4147 3629 4215 μετά

2034 4249 2131 4305 τοῦ
2166 4249 2298 4304 ἰδίου
2328 4246 2517 4310 παιδὸς
2546 4243 2788 4299 ἐπελθὼν
2811 4245 2923 4307 τοῖς
2941 4240 3176 4313 ἐχθροῖς,
3209 4238 3425 4308 ἀναιρεῖ
3446 4252 3625 4298 τινας.

2049 4338 2195 4393 Ἰδὼν
2226 4337 2282 4392 δέ
2307 4335 2535 4407 ἀντικρὺ
2561 4336 2590 4389 6
2622 4332 2816 4397 Σαοὺλ,
2848 4332 2943 4386 καὶ
2969 4327 3399 4401 τεταραγμένοις
3427 4325 3627 4377 ἐπιπε-

2039 4427 2168 4493 σὼν,
2199 4427 2329 4498 νικᾷ
2358 4425 2499 4478 κατά
2552 4423 2776 4495 κράτος,
2832 4420 2928 4474 καὶ
2983 4418 3189 4489 ὥρκισε
3224 4415 3434 4487 μηδένα
3482 4411 3631 4476 τινὸς

2037 4515 2335 4586 γεύσασθαι
2364 4513 2468 4575 ἕως
2503 4512 2765 4582 ἑσπέρας.
2801 4509 2861 4562 'U
2895 4506 3152 4561 Ἰωνάθαν
3184 4503 3285 4558 οὐκ
3310 4500 3630 4563 ἐπακούσας

1968 4634 1973 4639 ~
2036 4603 2303 4673 ἐγεύσατο
2330 4600 2566 4671 μέλιτος.
2591 4597 2961 4669 Προσέρχεται
2985 4597 3013 4648 6
3044 4592 3215 4648 Σαούλ
3239 4591 3522 4661 ἐρωτῆσαι
3544 4587 3633 4640 τὸν

2036 4695 2191 4757 Θεὸν,
2218 4694 2265 4745 εἰ
2292 4691 2402 4745 δέοι
2438 4688 2722 4753 ἐπιδιῶξαι
2743 4686 2917 4740 ὀπίσω
2943 4684 3053 4739 τῶν
3082 4681 3316 4755 ἐχθρῶν.
3347 4681 3466 4733 Οὐκ
3491 4680 3633 4733 ἁποο

2036 4784 2280 4855 κρίνεται
2313 4778 2464 4850 αὐτῷ
2505 4780 2534 4832 6
2566 4776 2715 4840 Θεός.
2767 4774 3009 4843 Συνῆκεν
3060 4772 3367 4843 ἁμάρτημα
3405 4766 3633 4837 γεγενῆο

2037 4871 2161 4926 σθαι
2182 4874 2240 4924 ἐν
2269 4869 2346 4939 τῷ
2376 4865 2508 4937 λαῷ.
2559 4866 2645 4928 Ὡς
2681 4865 2738 4919 δὲ
2766 4862 3050 4932 ἀνεδείχθη
3095 4856 3373 4920 Ἰωνάθαν,
3410 4855 3635 4925 ἕτοιμος

2036 4957 2106 5032 ἦν
2127 4958 2287 5012 αὑτὸν
2325 4955 2556 5009 ἀνελεῖν.
2595 4953 2653 5006 ’0
2686 4951 2744 5005 δὲ
2773 4951 2900 5014 λαὸς
2927 4948 3162 5015 ἐξείλετο
3196 4944 3362 4999 αὑτὸν
3382 4942 3638 5032 τῶνηχει-

2042 5030 2149 5121 ρῶν
2180 5045 2369 5100 αὐτοῦ.
2399 5040 2776 5113 Παραγγέλλει
2797 5042 2825 5094 6
2854 5036 3109 5109 Σαμουὴλ
3146 5033 3225 5106 τῷ
3253 5032 3453 5096 Σαοὺλ,
3492 5030 3637 5121 ῶστε

2039 5119 2488 5205 καταπολεμῆσαι
2556 5131 2648 5185 τὸν
2720 5127 2969 5199 Ἀμαλὴκ
2993 5167 3007 5191 ,
3071 5124 3165 5178 καὶ
3228 5119 3640 5191 ἀναθεματίσαι

2040 5228 2240 5289 πάντα,
2276 5226 2371 5278 καὶ
2399 5222 2627 5296 μηδενὸς
2657 5216 2969 5288 φείσασθαι.
3005 5217 3063 5270 '0
3091 5214 3146 5268 δέ
3171 5213 3527 5285 παρήκουσε,
3547 5209 3641 5263 καὶ

2041 5314 2466 5387 περιεποιήσατο
2502 5310 2593 5364 τὸν
2642 5306 2813 5375 Ἀγάγ
2865 5305 2957 5358 τὸν
3010 5301 3233 5374 βασιλέα
3282 5300 3510 5363 αὐτῶν,
3550 5297 3640 5349 καὶ

2042 5386 2288 5476 ποίμνια,
2317 5403 2411 5456 καὶ
2439 5398 2712 5473 βουκόλια.
2761 5393 2963 5449 Ἐλθὼν
2989 5390 3131 5446 εἶδεν
3156 5393 3183 5444 6
3216 5388 3503 5461 Σαμουὴλ,
3532 5386 3641 5455 ώρο

2040 5494 2227 5565 γίσθη,
2253 5493 2344 5546 καί
2377 5507 2575 5561 φησιν·
2618 5488 2700 5541 Οὐ
2734 5484 2891 5539 θέλει
2928 5482 3146 5550 Κύριος
3186 5476 3640 5565 ὁλοκαυτώσεις

2040 5561 2140 5637 καί
2177 5561 2416 5647 θυσίας,
2461 5579 2542 5645 ὡς
2578 5577 2641 5631 τὸ
2680 5572 2941 5631 ἀκοῦσαι
2984 5569 3094 5639 τῆς
3134 5566 3343 5639 φωνῆς
3372 5584 3380 5591 ·
3409 5561 3636 5620 αὐτοῦ’

2104 5765 2126 5793 ε
2160 5759 2544 5830 Ἀπώλοντοηςίο
2566 5759 2617 5808 in
2653 5759 2797 5807 textu
2833 5751 2932 5802 τῶν
2967 5754 3041 5813 θ’,
3079 5748 3129 5801 id
3173 5751 3269 5809 est,
3320 5742 3640 5799 aberrabanl,

2040 5823 2307 5887 deperdita:
2331 5827 2484 5872 ermu.
