3720 6274
173 323 275 378 541

173 434 319 488 enim
349 431 421 485 illi
452 431 697 485 mulieres
726 428 1014 495 habebant,
1049 427 1247 496 ﬁliique
1270 426 1755 497 lsraeljuraverant

175 540 234 580 se
265 525 400 579 ﬁlias
438 537 561 577 suas
587 536 691 575 non
720 520 848 590 ipsis
878 520 929 573 in
953 535 1147 573 uxores
1174 518 1392 572 daturos
1429 518 1595 587 esse),
1620 518 1753 571 occi-

175 617 249 673 sis
277 615 383 669 illis
407 615 495 684 qui
517 629 638 668 cum
662 614 795 684 ipsis
842 613 1039 667 bellum
1086 627 1190 666 non
1246 620 1525 682 gesserant
1570 620 1755 665 contra

178 707 525 775 Benjamitas,
549 706 757 761 illorum
779 704 917 760 ﬁlias
938 704 1172 773 virgines
1194 703 1607 773 quadringentas
1630 702 1757 771 ipsis

178 799 485 854 dederunt:
512 813 630 852 cum
661 805 838 852 autem
868 795 1067 850 residui
1119 805 1299 849 essent
1335 794 1426 864 qui
1458 810 1560 848 non
1598 792 1759 847 hahe-

177 900 302 946 rent
348 903 541 944 uxores
564 928 580 951 ,
610 886 736 943 dum
763 887 954 940 festum
988 885 1373 950 celebraretur,
1402 887 1759 953 permiserunt

144 980 151 997 ’
175 985 257 1041 eis
290 994 347 1040 ut
372 984 603 1053 virgines
624 989 891 1051 raperent,
921 978 1101 1034 insciis
1128 979 1453 1047 parentibus.

672 1104 908 1147 SYNOPSIS
936 1104 1071 1145 LIBRI
1102 1103 1262 1144 ιιυτιι.

248 1205 529 1261 Noemmin
550 1245 565 1270 ,
592 1203 712 1257 viro
737 1216 837 1256 suo
861 1201 1089 1270 filiisque
1119 1199 1342 1255 mortuis
1363 1240 1377 1264 ,
1408 1207 1649 1253 cessante
1680 1197 1760 1252 fa-

178 1312 303 1362 me,
334 1296 405 1350 ob
431 1309 587 1365 quam
619 1294 670 1347 in
701 1291 1037 1347 Moabitidem
1077 1290 1550 1359 transmigraverat
1570 1331 1585 1355 ,
1618 1290 1762 1344 venit

178 1389 231 1441 in
253 1387 513 1451 Judaeam,
538 1386 756 1455 ejusque
775 1385 941 1439 altera
972 1399 1157 1449 nurus,
1183 1385 1292 1452 ipsa
1312 1382 1591 1446 suadente,
1615 1398 1762 1437 man-

175 1480 250 1532 sit
276 1480 328 1532 in
359 1477 675 1541 Moabitide;
703 1476 867 1530 altera
898 1489 1061 1542 vero,
1089 1475 1173 1528 cui
1214 1489 1408 1528 nomen
1447 1473 1628 1538 Ruth,
1662 1474 1759 1542 ipsi

176 1570 363 1624 multis
403 1568 631 1623 hortanti
670 1576 729 1621 ut
768 1575 1039 1630 maneret,
1078 1580 1182 1619 non
1222 1565 1639 1635 obtemperavit,
1666 1564 1761 1619 sed

178 1672 408 1731 sequuta
447 1668 530 1715 est
571 1660 735 1718 illam.
776 1658 1066 1728 Nupsitque
1094 1658 1303 1722 Boozo,
1332 1657 1423 1727 qui
1450 1656 1625 1712 afﬁnis
1650 1664 1765 1711 erat

176 1753 478 1817 Noemmin,
506 1761 561 1807 et
586 1752 789 1822 peperit
812 1749 983 1817 Obed,
1006 1749 1155 1806 Obed
1184 1758 1361 1805 autem
1386 1748 1572 1816 Jessrc,
1597 1749 1761 1805 Jessa:

183 1845 353 1902 David
380 1859 581 1915 regem.

408 1971 647 2014 SYNOPSIS
674 1972 921 2022 QUATUDR
946 1971 1206 2012 ιιηιιοιιυιι
1236 1969 1534 2011 REGNOBUI.

254 2070 451 2124 Eleans
488 2083 680 2124 uxores
720 2066 921 2122 habens
951 2067 1082 2121 duas
1103 2109 1117 2133 ,
1147 2082 1213 2122 ex
1241 2066 1407 2120 altera
1438 2080 1542 2119 non
1577 2079 1761 2120 susce-

176 2169 333 2229 perat
370 2160 582 2214 liberos.
618 2158 684 2214 Ut
717 2168 892 2212 autem
936 2158 1173 2213 ascendit
1209 2156 1559 2212 sacriﬁcatum
1590 2156 1641 2210 in
1667 2155 1763 2213 Se-

177 2253 311 2317 lom,
344 2263 592 2321 precatur
619 2252 705 2305 illa
733 2251 944 2314 mulier,
972 2261 1023 2304 et
1053 2250 1189 2319 parit
1215 2249 1537 2315 Samuelem,
1566 2248 1765 2318 ipsum-

177 2360 286 2413 que
330 2343 478 2398 dedit
512 2343 579 2396 ad
627 2342 841 2397 domum
887 2341 1093 2396 Domini
1142 2351 1434 2411 perpetuo,
1465 2351 1522 2394 ut
1550 2348 1767 2397 voverat

176 2442 467 2503 antequam
496 2433 640 2487 illum
661 2433 984 2501 conciperet.
1008 2431 1155 2485 Tunc
1177 2440 1350 2485 autem
1373 2432 1623 2486 sacerdos
1650 2441 1765 2487 erat

179 2526 281 2580 Eli.
314 2524 430 2578 Filii
470 2534 645 2580 autem
684 2524 800 2589 Eli,
841 2522 1015 2594 Ophni
1055 2532 1109 2579 et
1145 2522 1407 2589 Phineas,
1439 2524 1681 2579 scelerati
1711 2532 1764 2579 et

178 2617 410 2687 improbi
452 2617 675 2686 juvenes
700 2624 884 2683 erant,
910 2615 1001 2687 qui
1030 2616 1096 2670 de
1122 2615 1347 2671 victimis
1380 2624 1558 2686 partes
1582 2629 1763 2672 sume-

176 2711 309 2765 bant
348 2721 631 2781 antequam
671 2709 988 2765 oﬁ‘errentur
1012 2708 1139 2763 Deo.
1173 2708 1251 2764 Eli
1280 2717 1454 2763 autem
1495 2707 1767 2763 benedixit

179 2803 390 2856 Annam
411 2842 426 2866 ,
458 2816 576 2870 quae
604 2808 713 2855 tres
738 2799 911 2855 adhuc
944 2799 1076 2855 ﬁlios
1106 2798 1324 2864 habuit,
1351 2806 1406 2854 et
1430 2797 1562 2853 duas
1591 2797 1761 2864 ﬁlias,

178 2892 503 2962 Samnelque
545 2892 596 2945 in
635 2892 827 2946 virtute
873 2889 1204 2961 proliciebat.
1248 2889 1329 2944 Eli
1371 2904 1532 2959 porro
1570 2889 1765 2944 auditis

180 2984 414 3036 ﬁliorum
442 2981 761 3037 facinoribus
782 2980 801 3051 (
822 2980 1222 3036 moecbabantur
1244 2980 1383 3035 enim
1404 2980 1446 3050 ),
1476 2979 1765 3049 increpavit

181 3090 273 3128 eos
298 3073 504 3140 verbo;
537 3073 609 3127 illi
641 3088 767 3128 vero
809 3087 914 3127 non
955 3073 1412 3142 obtemperarunt.
1455 3070 1766 3126 Prmdicitur

180 3164 260 3219 Eli
290 3163 559 3235 pernicies
580 3163 769 3221 domus
795 3179 903 3219 sua:
929 3172 983 3219 et
1010 3163 1240 3217 ﬁliorum
1272 3163 1340 3218 ob
1379 3172 1650 3232 peccatum
1673 3163 1761 3232 ju-

176 3272 401 3312 venum.
430 3256 663 3311 Samueli
698 3270 908 3327 quoque
944 3254 1288 3311 denuntiatur
1324 3253 1653 3324 inexpiabilis
1688 3252 1764 3308 ira

178 3349 319 3414 Dei;
358 3348 408 3402 id
453 3348 553 3417 ipsi
596 3348 807 3403 Samuel
846 3347 1141 3403 denuntiat.
1186 3347 1427 3417 Pugnant
1454 3346 1765 3416 alienigena:

176 3454 299 3497 cuin
328 3438 547 3506 Israele,
568 3454 721 3511 quem
748 3453 941 3493 czesum
966 3438 1016 3493 in
1040 3437 1216 3508 fugam
1239 3446 1468 3493 vertunt.
1497 3436 1563 3492 Ut
1586 3446 1763 3492 autem

176 3547 357 3585 aruum
385 3532 685 3586 eduxerunt
724 3531 813 3584 ﬁlii
853 3530 969 3597 Eli,
998 3530 1096 3600 ipsi
1126 3528 1322 3584 cadunt
1362 3529 1417 3583 in
1461 3528 1601 3584 bello
1643 3543 1763 3583 cum

176 3624 295 3677 aliis
327 3623 511 3676 multis
531 3664 545 3687 ,
572 3637 748 3677 arcam
787 3637 914 3677 vero
958 3622 1173 3690 capiunt
1211 3620 1411 3677 hostes.
1438 3621 1592 3677 Venit
1621 3622 1766 3691 quis-

176 3718 321 3785 piam
351 3716 442 3786 qui
483 3714 596 3769 hanc
624 3716 957 3782 (enuntiaret
996 3712 1112 3779 Eli;
1143 3713 1232 3768 ille
1260 3728 1388 3769 vero
1418 3728 1483 3768 ex
1516 3712 1642 3768 sella
1670 3712 1766 3769 de-

178 3809 366 3877 lapsus
392 3810 606 3861 attritus
638 3814 720 3861 est
758 3813 813 3861 et
837 3804 967 3860 obiit
996 3822 1009 3859 :
1039 3812 1243 3858 mortua
1286 3817 1495 3874 quoque
1530 3812 1613 3860 est
1651 3803 1765 3873 ejus

176 3914 349 3954 nurus
376 3915 500 3953 cum
533 3898 645 3953 haec
673 3897 890 3953 audivit.
924 3896 1215 3951 lntulerunt
1242 3896 1555 3968 alienigena:
1582 3910 1762 3953 arcam

177 3991 229 4045 in
256 3990 481 4043 domum
510 3988 755 4058 Dagonis,
782 3987 872 4057 qui
899 3987 1148 4056 delapsus
1172 3994 1255 4041 est
1279 3987 1358 4041 bis
1386 3996 1439 4041 et
1463 3986 1764 4043 confractus

176 4082 294 4135 fuit.
334 4079 577 4134 Percussi
618 4089 740 4133 sunt
768 4079 926 4134 etiam
957 4078 1055 4132 viri
1092 4077 1146 4132 in
1188 4077 1481 4147 podicibus.
1512 4078 1573 4133 lli
1606 4094 1767 4148 porro

177 4183 337 4227 erant
363 4173 533 4226 Azotii
554 4213 567 4236 ,
600 4181 652 4227 et
682 4185 859 4225 mures
885 4170 1103 4241 protulit
1136 4170 1344 4225 illorum
1378 4185 1523 4241 ager.
1554 4170 1764 4226 Mittunt

176 4281 360 4321 arcam
391 4266 444 4318 in
472 4263 648 4329 Geth;
680 4264 729 4319 hi
756 4278 964 4334 quoque
994 4263 1158 4333 plagis
1184 4262 1356 4317 aﬁ‘ecti
1383 4270 1524 4317 sunt.
1553 4263 1767 4319 Mittunt

176 4370 396 4426 quoque
428 4355 568 4409 illam
598 4355 954 4410 Ascalonem:
982 4362 1037 4409 et
1062 4354 1169 4408 illic
1193 4369 1402 4424 quoque
1436 4369 1581 4409 mors
1609 4370 1764 4425 gras-

176 4457 352 4505 satur.
382 4448 791 4503 Consulentibus
825 4457 1001 4503 autem
1041 4447 1252 4501 illorum
1282 4447 1518 4511 vatibus,
1550 4447 1771 4517 podices

175 4555 405 4605 aureos,
436 4554 719 4609 moresque
750 4553 939 4593 aureos
967 4538 1217 4605 conﬂant,
1248 4546 1303 4592 et
1327 4539 1564 4607 plaustro
1589 4538 1763 4609 impo-

176 4635 311 4689 sitos
337 4648 460 4688 cum
489 4647 633 4698 arca,
661 4647 848 4687 vaccas
881 4631 1088 4702 jugant,
1113 4646 1337 4701 quarum
1365 4630 1555 4686 vitulos
1581 4631 1633 4685 in
1662 4631 1763 4685 do-

177 4727 430 4781 muncula
458 4726 797 4781 concludunt.
826 4725 931 4779 Illa:
957 4738 1084 4779 vero
1111 4732 1250 4779 recta
1279 4723 1359 4776 via
1393 4731 1766 4793 processerunt

177 4823 231 4877 in
260 4821 598 4890 Bethsamys.
628 4819 910 4889 Excipiunt
939 4818 1081 4871 illam
1111 4817 1208 4871 viri
1236 4816 1376 4869 illius
1406 4815 1539 4879 loci,
1569 4824 1623 4869 et
1657 4816 1764 4870 Deo

178 4912 516 4977 sacriﬁcant,
556 4909 855 4965 videntibus
894 4907 1306 4977 alienigenarum
1350 4906 1592 4974 satrapis.
1630 4904 1763 4960 Cum

176 5020 308 5060 vero
339 5019 443 5057 non
475 5001 677 5072 placide
705 5000 1029 5069 exciperent,
1052 4998 1103 5052 id
1126 5006 1227 5063 est,
1251 5012 1356 5051 non
1389 5011 1490 5050 una
1522 4998 1765 5051 laetaren-

178 5109 265 5152 tur
292 5097 382 5151 ﬁlii
410 5094 701 5159 Jechonim,
736 5095 882 5162 plaga
916 5107 1103 5161 magna
1135 5090 1385 5160 populum
1417 5088 1617 5143 invadit
1642 5086 1718 5159 (α)
1746 5106 1761 5144 :

176 5207 241 5243 ac
267 5198 570 5244 metuentes
597 5186 671 5252 ii,
702 5184 798 5255 qui»
832 5182 1151 5252 Bethsamyu
1187 5179 1519 5246 incolebant,
1546 5180 1765 5233 mittunt

175 5298 357 5339 arcam
391 5282 445 5335 in
473 5278 689 5335 domum
717 5275 1033 5330 Aminadab.
1066 5273 1214 5327 Tunc
1254 5271 1501 5327 conversi
1540 5279 1664 5325 sunt
1695 5271 1761 5325 ad

144 5376 346 5437 .‘Deum
375 5370 628 5427 lsraelitaz
647 5411 661 5435 ,
688 5377 742 5423 et
773 5366 1098 5437 alienigenas
1126 5364 1225 5419 sibi
1253 5363 1448 5418 bellum
1476 5360 1764 5418 inferentes

146 5442 151 5454 ’
175 5468 483 5539 proﬂigant,
512 5461 760 5518 Samuele
788 5475 882 5530 pro
921 5458 1047 5528 ipsis
1072 5464 1280 5524 orante,
1310 5462 1364 5510 et
1386 5464 1642 5525 ceperunt
1669 5470 1760 5510 ur-

239 5578 312 5637 (a)
338 5573 699 5637 mimidicuntur
720 5570 783 5619 de
799 5567 1192 5637 ﬁliis_Jecboniae,
1210 5578 1306 5637 non
1330 5571 1443 5637 sunt
1458 5565 1506 5636 in
1530 5564 1764 5637 Hebraieo

174 5625 465 5694 ti-x‘tt’tfs'ed
503 5635 612 5682 hzec
648 5632 787 5694 plaga
830 5630 1146 5694 lsetbsamitas
1178 5634 1385 5694 spectat,
1422 5627 1504 5687 qui
1538 5625 1764 5694 sacriﬁcia

176 5690 386 5763 modem
413 5705 465 5763 et
482 5690 705 5763 victimas
727 5690 1040 5762 obtulerunt;
1062 5690 1148 5741 sed
1175 5690 1389 5753 percussi
1427 5696 1589 5737 tamen
1630 5693 1760 5743 sunt,

176 5753 232 5813 r'o
255 5761 387 5823 quod
411 5755 637 5808 vidissent
660 5767 826 5805 arcam
854 5753 1056 5804 Dontim'.

1264 313 1588 371 SYNUPSIS
1626 312 2034 370 SlllllF'l'URrE
2072 315 2347 370 SACIUE.

3341 312 3446 368 512

1857 427 1985 487 bes,
2021 442 2154 496 quas
2202 427 2301 481 sibi
2345 426 2691 481 abstulerant.
2732 426 2864 481 Cum
2911 440 3039 481 vero
3078 428 3446 485 consenuisset

1857 516 2104 582 Samuel,
2140 518 2336 587 ﬁliique
2374 518 2489 587 ejus
2530 533 2636 572 non
2680 517 3014 574 ambularent
3042 519 3093 572 in
3122 518 3203 571 via
3237 520 3439 589 ipsius,

1858 612 2159 679 congregati
2187 610 2354 665 .Iudtei
2384 626 2562 680 regem
2589 618 2792 679 petunt.
2816 611 3007 666 Dolore
3029 610 3127 666 hac
3146 612 3213 666 de
3234 629 3291 667 re
3312 611 3442 668 alie-

1860 710 1977 757 ctus
2000 712 2083 756 est
2104 702 2339 773 Samuel,
2367 703 2547 771 aitque
2578 704 2651 757 illi
2694 703 2835 758 Deus
2867 721 2881 758 :
2914 703 3032 757 Non
3062 712 3109 758 te
3135 713 3445 775 contempse-

1861 803 2011 860 runt,
2040 794 2126 848 sed
2152 811 2245 847 me.
2278 793 2391 847 Hoc
2426 795 2589 862 itaque
2617 795 2855 862 testiﬁcor
2891 794 3051 863 ipsis,
3078 795 3169 864 jus
3207 797 3337 865 regis
3365 794 3446 868 (l.

1863 884 1989 956 Reg.
2022 886 2073 941 8.
2104 886 2155 939 7.
2185 886 2243 954 9)
2273 904 2285 939 :
2319 885 2368 940 id
2393 896 2508 952 est,
2539 894 2792 955 quantum
2832 885 2898 940 ab
2932 886 3059 955 ipsis
3087 886 3441 941 ministerium

1862 977 2103 1045 accipere
2131 992 2221 1031 rex
2247 977 2454 1031 debeat.
2485 975 2698 1032 Samuel
2727 975 3036 1032 testiﬁcatus
3063 985 3144 1030 est
3173 994 3186 1030 :
3218 976 3293 1032 illi
3317 992 3445 1033 vero

1866 1077 2105 1135 petentes
2134 1067 2420 1121 instabant.
2454 1067 2751 1135 Deperditte
2780 1077 2932 1122 erant
2966 1067 3131 1121 asina:
3166 1066 3257 1122 Kis
3282 1072 3446 1137 patris

1864 1159 1988 1216 Saﬁl
2022 1178 2034 1214 :
2066 1160 2225 1225 misit,
2248 1160 2391 1214 illum
2434 1170 2614 1229 pater,
2651 1160 2739 1230 qui
2778 1160 2894 1216 illas
2934 1161 3282 1230 perquireret.
3308 1158 3455 1214 Cum.

1865 1262 2040 1307 autem
2070 1267 2173 1307 non
2204 1252 2499 1317 inveniret,
2527 1251 2836 1307 consulente
2866 1252 3060 1307 famulo
3086 1266 3183 1307 suo
3211 1250 3321 1306 adit
3342 1251 3443 1306 Sa-

1866 1344 2122 1409 inuelem,
2151 1344 2512 1398 seiseitaturus
2541 1343 2609 1400 de
2638 1359 2697 1399 re
2731 1343 2836 1399 illa.
2870 1342 3044 1413 ipsum
3082 1343 3278 1399 indicat
3305 1345 3451 1399 Deus

1864 1432 2093 1490 Samueli
2130 1434 2354 1489 dicens:
2387 1434 2536 1489 llunc
2573 1435 2767 1505 iuunge
2809 1450 3008 1505 regem.
3047 1435 3285 1492 Accessit
3314 1436 3441 1491 Saitl

1865 1525 2163 1581 Samuelem
2208 1525 2577 1595 interrogans,
2616 1525 2705 1579 ubi
2744 1536 2886 1581 esset
2926 1526 3147 1592 videns;
3186 1527 3262 1583 sic
3299 1530 3442 1583 enim

1866 1618 2152 1688 prophetas
2200 1617 2474 1671 vocabant.
2520 1616 2611 1672 Ille
2652 1632 2779 1671 vero
2824 1617 3131 1687 reSpoudit,
3172 1632 3231 1674 se
3271 1618 3441 1688 ipsum

1864 1722 2004 1773 csse,
2028 1719 2082 1763 et
2100 1707 2381 1763 adductum
2405 1708 2550 1762 illum
2572 1708 2624 1761 in
2652 1708 2829 1774 Dama,
2856 1708 2941 1762 ubi
2965 1708 3281 1764 sacriﬁcium
3304 1710 3455 1777 apud

1866 1798 2117 1869 populum
2152 1808 2297 1864 erat,
2327 1799 2569 1854 convivio
2606 1800 2841 1868 excepit,
2878 1807 2932 1854 et
2969 1800 3306 1855 illucescente
3345 1816 3442 1855 an-

1866 1905 1985 1945 rora
2010 1930 2025 1955 ,
2057 1890 2270 1960 quando
2296 1905 2414 1945 cum
2454 1890 2543 1943 illo
2580 1890 2974 1957 descendebat,
3004 1890 3187 1945 ell'udit
3217 1891 3267 1944 in
3297 1890 3442 1945 illum

1865 1981 2167 2037 lenticulam
2206 1982 2346 2048 olei,
2388 1980 2666 2051 ipsumque
2706 1981 2947 2037 osculans
2986 1979 3062 2036 sic
3097 1980 3286 2037 cﬁ‘atns
3315 1991 3396 2036 est
3430 2001 3443 2036 :

1868 2071 2158 2143 lmpcrabis
2188 2072 2380 2143 populo
2400 2114 2413 2137 ,
2441 2082 2494 2127 et
2532 2072 2699 2141 signis
2734 2071 3044 2141 quibusdam
3076 2073 3241 2135 datis,
3271 2074 3457 2128 emisit

1866 2165 2051 2230 illum,
2082 2172 2137 2219 et
2175 2164 2507 2235 prophetavit
2544 2163 2690 2218 Saﬁl.
2742 2162 3035 2232 lnlerrogat
3078 2163 3289 2219 Saulent
3330 2164 3446 2232 ejus

1868 2256 2268 2327 propinquus‘,
2316 2271 2543 2326 quonam
2588 2255 2842 2322 abiisset;
2882 2256 2970 2326 qui
3014 2257 3321 2326 reSpondit,
3363 2256 3455 2309 Ad.

1867 2346 2304 2416 perquisitionem
2357 2348 2648 2401 asinarum.
2701 2346 3068 2417 Congregatur
3118 2349 3341 2417 populus
3395 2348 3445 2400 in

1868 2437 2140 2508 Massepha
2178 2458 2190 2495 :
2221 2456 2311 2495 rex
2343 2440 2682 2495 constituitur
2718 2440 2863 2496 Saﬁl.
2908 2441 3110 2495 Bellum
3148 2450 3325 2495 movet
3358 2457 3447 2495 rex
3507 2435 3512 2439 ’

1868 2534 2284 2587 Ammanitarum
2313 2543 2495 2588 contra
2524 2532 2824 2589 Galaaditas
2854 2551 2867 2586 :
2898 2532 2969 2587 illi
3002 2533 3202 2604 legatos
3238 2533 3457 2587 mittunt-

1866 2626 1931 2680 ad
1954 2624 2078 2679 Saﬁl
2102 2642 2116 2678 :
2136 2625 2222 2695 qui
2249 2625 2405 2679 motis
2421 2624 2610 2679 castris
2635 2623 2869 2694 pralinm
2893 2639 3012 2679 cum
3036 2624 3137 2679 illis
3159 2624 3446 2687 commisit,

1868 2727 1920 2771 et
1954 2716 2132 2772 hostes
2168 2718 2385 2770 omnino
2424 2715 2738 2786 proﬂigavit.
2763 2716 3073 2771 Convitium
3100 2716 3363 2770 celebrant
3398 2719 3451 2768 in

1868 2808 2120 2877 Calgalis.
2144 2808 2498 2862 (Ioneionatur
2526 2807 2719 2877 populo
2745 2807 2975 2862 Samuel.
3000 2807 3148 2860 Tunc
3176 2808 3307 2860 dixit
3333 2825 3345 2859 :
3371 2807 3450 2857 An

1866 2900 2079 2953 vitulum
2125 2901 2445 2966 cuiuspiam,
2485 2915 2551 2950 an
2594 2898 2788 2951 asinum
2835 2898 3117 2968 cujuspiam
3161 2898 3330 2965 accepi
3373 2898 3447 2965 (l.

1868 2993 1995 3061 Reg.
2038 2992 2121 3047 12.
2159 2992 2256 3062 5)?
2299 2991 2544 3045 llortatus
2592 2990 2709 3045 illos
2751 3001 2805 3043 ut
2844 2990 2953 3045 Deo
2990 2990 3445 3060 obsequerentur,

1868 3096 2147 3156 precatur,
2188 3095 2241 3139 et
2281 3085 2450 3153 pluvia
2486 3085 2537 3137 in
2581 3083 2667 3137 die
2710 3080 2901 3137 messis
2936 3081 3215 3136 delabitur.
3251 3080 3452 3134 Timuit
3503 3090 3506 3093 '

1869 3178 2114 3249 populus,
2137 3176 2517 3244 confessusque
2539 3181 2619 3227 est
2641 3188 2699 3227 se
2721 3186 2970 3243 peccasse
2993 3170 3222 3240 petendo
3244 3184 3449 3237 regem.

1868 3272 2080 3330 Samuel
2120 3278 2294 3323 autem
2333 3283 2515 3321 rursus
2554 3265 2815 3328 hortatur,
2842 3273 2897 3317 ut
2940 3263 3033 3317 Dei
3067 3269 3327 3331 przrcepta
3358 3274 3447 3314 se-

1868 3374 2112 3435 quantnr.
2149 3360 2484 3430 Alienigenas
2505 3355 2659 3411 cmdit
2684 3354 2833 3410 Saul.
2859 3352 2939 3407 llli
2963 3361 3138 3407 autem
3167 3351 3446 3421 indignati,

1868 3456 2063 3511 hcllmn
2108 3451 2466 3522 redintegrant
2503 3463 2624 3502 cum
2667 3445 2953 3515 majoribus
2988 3444 3174 3514 eopiis.
3220 3442 3453 3513 Fugiunt

1870 3547 2118 3603 Israelita:
2138 3585 2153 3612 ,
2188 3544 2333 3599 solus
2364 3541 2678 3610 relinquitur
2706 3537 2854 3593 Saﬁl.
2883 3536 3051 3591 Oﬁ‘ert
3080 3534 3445 3589 holocaustum

1872 3642 1979 3697 Deo
2023 3655 2126 3694 non
2165 3643 2472 3707 exspectato
2508 3631 2754 3693 Samuele
2774 3672 2789 3697 ,
2820 3630 2911 3700 qui
2941 3639 2995 3682 ut
3024 3643 3083 3683 se
3118 3635 3453 3695 exspectaret

1870 3738 2214 3804 praeceperat.
2244 3727 2399 3783 Venit
2425 3724 2676 3791 Samuel,
2710 3722 2923 3792 indigne
2964 3720 3066 3775 fert
3105 3718 3154 3773 id
3186 3718 3325 3787 quod
3353 3730 3446 3787 ge-

1867 3836 2007 3881 stum
2039 3834 2172 3888 erat,
2206 3820 2436 3874 minatur
2464 3817 2563 3887 ipsi
2600 3815 2747 3885 regni
2775 3812 3218 3871 dissolutionem;
3248 3809 3300 3863 in
3328 3809 3452 3861 alte-

1869 3933 1984 3973 rum
2028 3915 2223 3986 quippe
2267 3907 2688 3967 transferendum
2729 3921 2880 3969 esse;
2924 3903 3176 3957 Davidem
3217 3902 3445 3956 dicebat.

1867 4008 1997 4064 Cum
2027 4008 2238 4064 sederet
2265 4004 2391 4060 Saﬁl
2421 4002 2473 4056 in
2503 4000 2637 4056 colle
2664 4014 2785 4053 cum
2822 3994 3086 4051 sexcentis
3117 3994 3246 4047 viris
3266 4035 3281 4060 ,
3310 3993 3448 4047 clam

1867 4100 2130 4159 Jonathan
2159 4099 2298 4153 ﬁlius
2318 4096 2434 4167 ejus
2453 4109 2572 4150 cum
2594 4090 2789 4146 famulo
2806 4104 2905 4144 suo
2932 4089 3138 4143 irruens
3163 4086 3216 4140 in
3240 4085 3453 4151 hostes,

1867 4191 2123 4263 quosdam
2153 4188 2364 4244 occidit.
2398 4185 2452 4240 ld
2482 4198 2601 4240 cum
2628 4181 2835 4236 videret
2869 4178 2994 4235 Saﬁl
3017 4221 3031 4246 ,
3066 4177 3174 4249 jam
3207 4177 3447 4232 turbatos

1868 4286 2085 4342 adortus
2112 4282 2300 4344 vincit.
2330 4289 2527 4335 etcum
2554 4276 2857 4347 juramento
2882 4271 3047 4328 edixit
3083 4287 3151 4327 ne
3183 4268 3446 4341 quispiam

1869 4392 2035 4448 usque
2059 4374 2127 4429 ad
2152 4386 2424 4442 vesperam
2450 4366 2644 4438 aliquid
2678 4372 2933 4437 gustaret.
2962 4362 3224 4418 Jonathan
3248 4377 3367 4415 eum
3392 4360 3454 4415 id

1868 4485 1975 4526 non
2011 4467 2282 4529 audisset,
2321 4462 2389 4517 de
2422 4460 2581 4516 melle
2612 4456 2860 4530 gustavit.
2894 4452 3111 4510 Accedit
3135 4450 3261 4507 Safil
3284 4452 3449 4505 inter-

1869 4571 2148 4632 rogaturus
2184 4557 2346 4611 Deum
2385 4570 2506 4608 num
2542 4557 2812 4621 oporteret
2849 4548 3029 4603 hostes
3065 4544 3289 4615 insequi.
3329 4541 3449 4597 Non

1869 4650 2157 4723 respondet
2177 4648 2275 4719 ipsi
2298 4647 2456 4702 Deus.
2484 4642 2849 4711 lntellexitque
2871 4638 2958 4693 ille
2984 4645 3252 4708 peccatum
3273 4636 3445 4704 inpo-

1872 4746 1995 4817 pulo
2023 4745 2217 4800 factum
2247 4755 2386 4796 csse.
2428 4736 2499 4793 Ut
2540 4744 2715 4790 autem
2758 4730 3122 4801 deprehensus
3164 4737 3246 4784 est
3280 4726 3445 4783 Jona-

1870 4842 2020 4905 than,
2051 4849 2263 4908 paratus
2290 4841 2406 4889 erat
2431 4830 2497 4886 ad
2524 4826 2869 4885 occidendum
2899 4825 3064 4879 illum.
3089 4821 3193 4879 Sed
3222 4822 3449 4892 populus

1869 4933 2066 4990 exemit
2089 4944 2209 4984 eum
2238 4927 2302 4981 de
2342 4923 2582 4979 manibus
2606 4921 2740 4991 ejus.
2772 4917 3015 4986 Praecipit
3039 4915 3253 4971 Samuel
3276 4914 3445 4981 Sauli,

1870 5037 1929 5083 ut
1953 5023 2182 5081 debellet
2211 5016 2550 5077 Amalecitas,
2576 5012 2753 5068 omnia
2781 5011 2988 5081 perdat,
3016 5018 3069 5063 et
3100 5007 3298 5064 nemini
3328 5021 3451 5076 par-

1868 5128 1972 5177 cat.
2006 5117 2101 5172 Ille
2138 5128 2264 5168 vero
2300 5126 2406 5165 non
2454 5108 2661 5178 paruit,
2710 5104 3041 5172 servavitque
3084 5103 3230 5173 Agag
3268 5112 3453 5169 regem

1868 5226 2076 5275 eorum,
2101 5217 2154 5261 et
2182 5217 2388 5277 greges,
2417 5210 2473 5256 et
2502 5209 2760 5254 armenta.
2794 5195 3025 5251 Veniens
3052 5190 3267 5248 Samuel
3296 5191 3456 5255 vidit,

1869 5305 2036 5360 iratus
2070 5308 2151 5354 est
2174 5339 2189 5365 ,
2216 5306 2270 5353 et
2300 5294 2373 5349 ait
2404 5310 2417 5346 ε
2446 5290 2568 5346 Non
2606 5298 2707 5343 tam
2744 5288 2851 5342 vult
2890 5285 3028 5340 Dcus
3068 5281 3361 5337 holocausta
3413 5294 3459 5335 et

1868 5393 2147 5463 sacriﬁcia,
2176 5402 2325 5459 quam
2355 5392 2409 5439 ut
2441 5381 2677 5436 audiatur
2712 5394 2808 5432 vos:
2846 5378 2954 5447 ejus
2979 5391 2998 5429 :
3026 5390 3138 5428 ecce
3165 5372 3298 5427 enim
3341 5371 3460 5425 obe-

1868 5488 2058 5544 dientia
2102 5483 2278 5538 melior
2317 5488 2391 5534 est
2470 5491 2622 5549 quam
2659 5473 2857 5529 victim
2883 5472 2970 5540 (1.
3018 5468 3148 5540 Reg.
3192 5466 3279 5522 15.
3328 5466 3456 5537 22).

1933 5624 1946 5654 ι
1973 5619 2083 5669 Vox
2109 5615 2339 5666 Itebraica
2364 5618 2441 5660 est
2459 5614 2566 5668 'm,
2582 5619 2724 5671 quam
2747 5602 2919 5666 Aquila
2938 5608 3187 5671 τετράδιλγρς
3213 5603 3387 5656 vertit,
3417 5600 3459 5647 id

1869 5692 1962 5740 est,
1988 5688 2207 5745 patruus.
2231 5685 2285 5725 ut
2308 5674 2455 5745 habet
2478 5682 2625 5731 etiam
2646 5674 2869 5739 Vulgata.
2884 5672 3127 5734 Joseptius
3142 5670 3321 5729 habet,
3353 5684 3453 5727 οιῖος,

1875 5736 2090 5807 patrima,
2115 5748 2196 5790 aut
2214 5736 2491 5793 avunculus.
