3722 6274
340 270 447 325 5ίὸ

340 381 521 450 φύλων
548 372 898 440 συνεξελθεῖν,
921 369 1313 431 ὑποπτεύοντες
1340 366 1501 421 αὐτὸν
1526 363 1824 434 προδιδόναι
1844 360 1904 414 τὸ

341 462 743 538 στρατόπεδον),
775 458 1017 530 εὑρίσκει
1038 458 1137 528 τὴν
1160 454 1397 508 Σεκελάκ
1420 451 1905 523 ἐμπεπρησμένην,

339 556 436 615 καὶ
471 552 567 615 τάς
595 551 859 618 γυναῖκας
884 545 1155 615 οὐδαμοῦ’
1218 542 1542 613 ἀπήχθησαν
1590 538 1696 609 γὰρ
1747 538 1910 605 αἰχμ-

339 642 556 695 ἀλωτοι.
604 636 892 710 Ἐρόμενος
920 634 979 688 δὲ
1011 633 1103 685 τὸν
1140 631 1290 696 Θεὸν,
1322 632 1371 682 εί
1407 629 1515 682 δέοι
1559 625 1905 691 καταδιῶξαι,

338 726 583 789 εἰπόντος
605 725 686 778 ὃτι
713 722 844 787 δέοι,
878 718 1188 783 κατεδίωξε.
1231 716 1339 771 Kal
1375 713 1561 787 μαθὼν
1605 711 1759 784 παρά
1785 728 1912 765 παι-

337 816 451 869 δίου
472 810 791 881 Αίγυπτίου,
825 806 928 863 ποῦ
960 803 1491 878 στρατοπεδεύονται,
1533 798 1684 873 [548]
1715 800 1913 852 ἐπιπε-

340 901 451 955 σὼν
489 897 845 971 ρᾳθυμοῦσιν,
897 892 1165 958 ἐπάταξεν
1199 889 1435 955 αὐτοὺς,
1478 889 1574 943 καὶ
1624 887 1693 941 τὰ
1741 884 1913 939 σκῦλα

341 990 521 1052 ἔλαϐε,
560 988 655 1042 καὶ
685 985 950 1054 διένειμεν
972 983 1031 1049 ἐξ
1064 983 1185 1052 ίσης
1233 981 1345 1045 τοῖς
1366 997 1425 1033 τε
1455 977 1793 1048 πολεμήσασι
1821 975 1914 1030 καὶ

340 1081 453 1141 τοῖς
477 1073 837 1145 ἀπομείνασιν
860 1069 1075 1137 ἐπὶτῶν
1105 1066 1333 1123 σκευῶν.
1374 1067 1460 1131 Ὠς
1492 1066 1549 1123 δὲ
1577 1067 1607 1118 6
1650 1065 1787 1136 πρὸς
1822 1063 1915 1117 τὸν

354 1162 571 1234 Ἰσραὴλ
591 1160 779 1229 γέγονε
801 1158 1034 1228 πόλεμος
1055 1155 1165 1219 τῶν
1186 1152 1515 1223 ἀλλοφύλων,
1538 1152 1725 1204 πίπτει
1742 1150 1914 1207 Σαοὺλ

342 1252 438 1313 καὶ
473 1250 753 1315 Ἰωνάθαν,
786 1247 882 1301 καὶ
918 1248 966 1299 οἱ
1005 1244 1097 1299 δύο
1122 1243 1270 1298 ἄλλοι
1312 1242 1418 1294 υἱοὶ
1443 1238 1640 1294 αὐτοῦ·
1691 1240 1787 1291 καὶ
1818 1238 1916 1290 λα-

345 1340 531 1403 ϐόντες
553 1336 715 1392 αὐτὸν
746 1336 796 1389 οί
825 1332 1093 1403 πολέμιοι,
1132 1328 1477 1401 προσέπηξαν
1497 1327 1576 1398 τῷ
1602 1325 1769 1395 τείχει
1793 1324 1918 1377 Βιθ-

346 1427 481 1499 σάν,
536 1428 571 1498 ﬂ
613 1426 728 1478 ἐστι
757 1419 1106 1483 Σκυθόπολις.
1164 1418 1437 1481 Ἐλθόντες
1486 1416 1544 1469 δὲ
1579 1415 1629 1467 οι
1667 1413 1776 1467 ἀπὸ
1812 1412 1917 1465 Ἰά-

345 1517 447 1590 6ης
466 1529 513 1582 ι,
533 1513 723 1585 ἔλαϐόν
743 1529 805 1565 τε
832 1506 987 1564 αὐτὸν
1020 1506 1114 1561 καὶ
1141 1504 1233 1559 τὸν
1267 1503 1539 1567 ’1ωνάθαν,
1573 1500 1667 1555 καὶ
1688 1499 1913 1569 ἔθαψαν.

906 1657 1235 1714 Βασιλειῶν
1276 1658 1358 1723 β’.

422 1775 681 1849 Ἔρχεται
725 1789 808 1834 τις
834 1769 1196 1838 ἀπαγγέλλων
1249 1766 1329 1838 τῷ
1354 1764 1539 1829 Δαυῖδ,
1580 1766 1662 1818 ὅτι
1708 1760 1918 1849 ἀνεῖλεν

347 1848 511 1929 αὐτὸς
538 1862 633 1917 τὸν
670 1859 870 1916 Σαούλο
928 1857 1023 1911 καὶ
1078 1854 1285 1910 ἀνεῖλεν
1327 1853 1489 1908 αὐτὸν
1526 1854 1555 1906 6
1596 1849 1758 1906 Δαυτδ
1781 1865 1797 1880 ·
1826 1848 1920 1903 καὶ

347 1936 615 2025 ἐθρὴνησε
644 1950 737 2005 τὸν
768 1945 942 2001 Σαοὺλ
982 1945 1078 1999 καὶ
1124 1943 1214 1996 τὸν
1240 1940 1517 2003 Ἰωνάθαν,
1548 1940 1641 1993 καὶ
1678 1937 1920 2025 χρίουσιν

347 2021 511 2098 αὐτὸν
539 2021 622 2103 »είς
656 2036 897 2109 βασιλέα.
939 2034 1050 2089 Kal
1070 2029 1384 2085 ἀποστέλλει
1417 2029 1553 2100 πρὸς
1590 2027 1717 2090 τοὺς
1752 2024 1920 2089 Ἰαϐἐς

346 2110 583 2193 Γαλαὰδ,
613 2124 850 2180 ἐπαινῶν
879 2122 1078 2186 αὐτοὺς
1101 2122 1182 2175 ὄτι
1210 2119 1417 2188 ἔθαψαν
1460 2117 1552 2172 τὸν
1584 2114 1774 2169 Σαούλ.
1811 2112 1921 2166 Kal

359 2215 617 2286 ’Δϐεννὴρ
651 2215 680 2265 6
713 2210 1015 2282 στρατηγὸς
1058 2207 1153 2261 τοῦ
1198 2204 1371 2260 Σαοὺλ
1423 2203 1735 2259 ἐϐασίλευσε
1764 2202 1794 2242 ιι
1823 2198 1919 2254 τοῦ

359 2302 579 2375 Ἰσραὴλ
608 2302 721 2354 υἱὸν
754 2296 929 2365 Σαοὺλ
968 2296 1060 2350 τὸν
1105 2290 1480 2364 Μεμφιϐοσθέ.
1516 2289 1622 2345 Τοῦ
1649 2290 1705 2344 66
1751 2288 1920 2342 Ἰούδα

350 2391 670 2451 ἐϐασίλευσε
699 2386 883 2441 Δαυῒδ.
932 2384 1019 2447 Ὠς
1058 2384 1115 2437 δὲ
1154 2381 1441 2451 συνέτυχον
1474 2378 1725 2452 ἀλλήλοις
1760 2376 1920 2432 Ἰωάϐ

350 2484 380 2539 6
405 2479 501 2533 τοῦ
528 2476 711 2541 Δαυῖδ,
735 2476 831 2530 καὶ
863 2472 1126 2542 Ἀϐεννὴρ
1152 2474 1182 2525 6
1206 2470 1300 2524 τοῦ
1322 2468 1515 2533 Σαοὺλ,
1543 2466 1639 2523 καὶ
1667 2483 1922 2537 συνεκρο-

348 2570 490 2641 τήθη
540 2567 770 2634 πόλεμος
818 2563 926 2619 ἀπὸ
976 2560 1216 2624 παιδίας,
1271 2558 1598 2614 κατεδίωκεν
1646 2556 1845 2628 ’Δσαὴλ
1891 2557 1921 2610 6

350 2657 579 2727 ἀδελφὸς
620 2654 776 2709 Ἷωάϐ
809 2653 899 2709 τόν
938 2652 1199 2722 Ἀϐεννήρ
1218 2664 1232 2679 ·
1274 2648 1368 2703 καὶ
1388 2646 1647 2711 πολλάκις
1671 2645 1921 2700 κελεύον-

350 2764 438 2810 τος
481 2744 779 2815 ἀναχωρεῖν
804 2780 820 2807 ,
872 2740 971 2794 οὐκ
1002 2739 1278 2810 ἠνέσχετο.
1312 2737 1446 2790 Τότε
1501 2736 1715 2808 ἀναιρεῖ
1760 2733 1921 2788 αὐτὸν

363 2832 645 2903 Ἀϐεννὴρ,
681 2830 775 2883 καὶ
809 2828 1044 2890 καλέσας
1066 2826 1159 2880 τὸν
1180 2824 1339 2880 ’Ῑωάϐ
1364 2825 1615 2896 παραινεῖ
1635 2819 1920 2877 καταπαῦ-

352 2938 445 2975 σαι
466 2920 556 2974 τὸν
588 2918 842 2989 πόλεμον.
864 2917 977 2971 Kal
999 2911 1068 2987 ἦν
1090 2915 1324 2985 πόλεμος
1356 2913 1625 2983 ἀναμέσον
1651 2909 1745 2964 τοῦ
1772 2912 1921 2963 οῐκου

349 3007 525 3080 Σαοὺλ
557 3005 651 3060 καὶ
677 3002 769 3058 τοῦ
798 3004 949 3058 οῐκου
976 3002 1169 3057 Δαυῖδ·
1198 3002 1292 3056 καὶ
1337 3002 1366 3054 6
1419 3000 1517 3070 μὲν
1548 2998 1781 3069 ἠσθένει,
1815 2999 1843 3050 6
1866 2996 1923 3050 66

351 3092 725 3167 ἐκραταιοῦτο.
770 3090 1051 3162 Λαμϐἀνει
1101 3090 1203 3163 τὴν
1249 3087 1531 3158 παλλακὴν
1568 3085 1663 3139 τοῦ
1696 3084 1867 3138 Σαοὺλ
1895 3086 1925 3138 6

364 3172 657 3250 Ἀϐεννήρ·
705 3178 1023 3233 ἐνεκάλεσεν
1074 3178 1102 3232 6
1128 3173 1505 3247 Μεμφιϐοσθέ.
1556 3171 1842 3244 Θυμωθεὶς
1894 3171 1924 3223 6

364 3270 622 3341 ’Λϐεννὴρ
661 3268 868 3338 πέμπει
902 3265 1043 3337 πρὸς
1091 3265 1183 3318 τὸν
1220 3261 1382 3317 Δαυῖδ
1411 3303 1425 3329 ,
1457 3261 1924 3332 ἐπαγγελλόμενος

352 3357 567 3413 ἅπαντα
590 3355 681 3409 τὸν
708 3354 837 3408 λαὸν
860 3351 1010 3421 αὐτῷ
1037 3349 1397 3422 παραδώσειν.
1432 3348 1543 3401 Καὶ
1586 3347 1807 3402 ἐλθόντα
1828 3347 1926 3400 αὐ-

352 3444 444 3498 τὸν
490 3443 626 3514 πρὸς
656 3442 839 3511 αὐτὸν,
874 3440 1145 3497 εἱστίασεν
1175 3440 1204 3491 6
1249 3436 1431 3490 Δαυῒδ.
1487 3436 1575 3498 Ὠς
1604 3434 1662 3487 δέ
1694 3436 1924 3507 ἤκουσεν

352 3530 516 3585 πόθεν
547 3532 611 3585 ἐκ
628 3529 865 3599 πολέμου
894 3525 1193 3597 ἐπανῆλθεν
1215 3526 1245 3579 6
1268 3523 1450 3587 Ίωάϐ,
1491 3521 1924 3593 μεταπεμψάμε-

353 3628 444 3681 νος
473 3616 564 3669 τὸν
579 3613 838 3684 ’Δϐεννὴρ
862 3607 1260 3680 ἐδολοφόνησεν,
1289 3610 1520 3664 ἐκδικῶν
1546 3608 1609 3662 τὸ
1636 3608 1731 3663 τοῦ
1767 3608 1923 3661 ἀδελ-

356 3702 457 3774 φοῦ
490 3698 650 3772 αἷμα.
676 3699 883 3763 Μαθὼν
907 3701 936 3752 6
957 3696 1119 3750 Δαυῖδ
1150 3699 1452 3768 καταρᾶται
1484 3698 1577 3751 τὸν
1606 3696 1763 3750 ’Ῑωάϐ
1783 3735 1797 3760 ,
1832 3697 1926 3749 καὶ

355 3792 546 3863 θρηνεί
568 3789 660 3842 τὸν
685 3786 969 3858 ’Δϐεννῇρ,
996 3784 1091 3839 καὶ
1114 3783 1252 3854 μετὰ
1275 3784 1475 3854 πολλῆς
1506 3784 1699 3838 θάπτει
1723 3784 1822 3853 τῆς
1844 3801 1926 3838 τι·-

358 3878 485 3948 μῆς.
532 3875 718 3946 Ῥιχάν
766 3877 860 3929 καὶ
901 3872 1107 3936 Βανέας
1141 3882 1165 3915 °
1215 3870 1388 3942 λάθρα
1435 3870 1527 3925 τὸν
1572 3870 1924 3943 Μεμφιϐόσθέ

356 3964 633 4039 ἀνελόντες
659 3959 822 4035 ἦλθον
849 3961 984 4032 πρὸς
1020 3960 1110 4014 τὸν
1138 3958 1320 4022 Δαυῒδ,
1361 3958 1437 4021 ὡς
1475 3958 1926 4030 εὐδοκιμήσαντες

352 4052 443 4106 διὰ
467 4051 557 4105 τὸν
600 4050 779 4120 φόνον.
845 4048 905 4103 Ὀ
955 4048 1013 4102 δέ
1049 4047 1245 4109 αὐτοὺς
1281 4046 1477 4103 ἀνεῖλε.
1532 4047 1667 4100 Τότε
1716 4046 1927 4115 γίνεται

355 4140 553 4203 παντὸς
591 4136 684 4193 τοῦ
713 4136 843 4190 λαοῦ
884 4136 1136 4207 βασιλεὺς
1178 4135 1208 4187 6
1240 4133 1402 4189 Δαυῖδ
1423 4174 1439 4200 ,
1471 4135 1565 4188 καὶ
1588 4134 1807 4205 ἔρχεται
1847 4136 1927 4199 είς

367 4227 719 4300 Ἰερουσαλὴμ
741 4206 993 4295 πρὸςτὸν
1009 4206 1349 4285 Ἰεϐουσαῖον,
1386 4223 1479 4276 καὶ
1500 4222 1799 4290 κωλύουσιν
1825 4223 1925 4276 αὐ-

354 4315 445 4367 τὸν
474 4316 522 4368 οἱ
545 4313 707 4383 χωλοὶ
738 4311 1020 4376 εἰσελθεῖν,
1048 4312 1140 4363 καὶ
1167 4310 1431 4381 λαμϐάνει
1460 4310 1558 4382 τὴν
1585 4310 1761 4384 ἄκραν
1786 4349 1801 4377 ,
1833 4311 1927 4365 καὶ

356 4400 705 4469 ᾠκοδόμησεν
735 4397 911 4466 ἐαυτῷ
937 4393 1103 4450 οἷκον.
1124 4396 1427 4468 Συνέπραξε
1451 4396 1507 4451 66
1529 4398 1676 4467 αὐτῷ
1703 4400 1795 4451 καὶ
1818 4399 1928 4461 Χυ-

358 4486 473 4556 ράμ
504 4487 532 4537 6
563 4482 817 4553 βασιλεὺς
855 4483 1053 4553 Τύρου.
1091 4484 1498 4554 Ἐπανέστησαν
1544 4486 1592 4538 οί
1619 4485 1924 4553 ἀλλόφυλοι,

356 4574 452 4626 καὶ
478 4570 706 4635 ἐξελθὼν
736 4569 1034 4640 κατέκοψεν
1061 4570 1256 4634 αὐτοὺς
1285 4572 1314 4623 6
1350 4570 1530 4625 Δαυῖδ.
1574 4572 1660 4635 Ὧς
1684 4572 1741 4643 δέ
1767 4572 1926 4627 πάλιν

354 4657 610 4729 ἐπέθεντο
632 4696 648 4722 ,
698 4656 966 4711 κωλύεται
997 4658 1149 4729 παρά
1173 4656 1269 4710 τοῦ
1301 4656 1437 4711 Θεοῦ
1489 4660 1568 4722 εἰς
1603 4659 1927 4729 συνάντησιν

353 4746 534 4811 αὐτοῖς
561 4746 824 4801 ἀνελθεῖν.
847 4745 987 4817 Ἀλλ’
1029 4747 1134 4800 Ἐν
1156 4744 1238 4816 τῷ
1266 4745 1527 4801 ἀκοῦσαί
1563 4763 1667 4814 σε,
1702 4747 1867 4819 φησιν
1897 4750 1925 4802 6

353 4835 507 4909 [549]
523 4836 676 4901 Θεὸς,
696 4836 813 4904 τὴν
832 4837 1043 4906 φωνὴν
1070 4835 1175 4903 τοῦ
1197 4836 1453 4906 σεισμοῦ
1476 4836 1583 4903 τοῦ
1616 4837 1927 4907 κλαυθμῶ-

352 4940 478 4997 fac,
493 4926 627 4979 τότε
647 4924 915 4994 πολέμει.
940 4912 1070 4977 Τότε
1093 4925 1202 4996 γὰρ
1224 4924 1607 4996 παραδίδονταί
1633 4944 1735 4980 σοι.
1772 4928 1927 4981 Ἀνά-

351 5027 440 5079 γει
455 5011 554 5080 τὴν
576 5012 806 5065 κιϐωτὸν
829 5014 858 5064 6
888 5011 1070 5079 Δαυτδ.
1085 5013 1179 5065 καὶ
1197 5012 1527 5083 ἀποθνήσκει
1547 5012 1700 5079 Ὀζᾶ,
1718 5015 1797 5067 ὅτι
1851 5015 1927 5083 ἐξ·

349 5100 524 5154 ἐτεινε
545 5100 646 5170 τὴν
673 5103 830 5169 χεῖρα
845 5100 1009 5153 αὐτοῦ
1042 5102 1177 5170 πρὸς
1209 5100 1309 5172 τὴν
1331 5102 1581 5157 κιϐωτόν.
1638 5104 1725 5166 Ὠς
1749 5103 1805 5157 δὲ
1832 5105 1926 5157 ἀν-

351 5188 568 5257 ήγετοή
600 5186 850 5249 κιϐωτὸς,
890 5186 1117 5258 ὠρχεῖτο
1141 5189 1169 5241 6
1193 5187 1374 5254 Δαυῒδ,
1396 5190 1490 5244 xal
1517 5190 1869 5261 ἐξουθένησεν
1892 5194 1925 5261 ή

349 5274 602 5345 Μελχώλ.
631 5274 768 5327 Τότε
798 5273 1119 5344 βουλόμενος
1144 5276 1174 5327 6
1193 5275 1355 5328 Δαυῒδ
1391 5276 1739 5347 οἰκοδομῆσαι
1774 5272 1927 5343 ναὸν,

411 5419 437 5448 ⁸
470 5418 641 5478 ἰἀϐης.
664 5417 792 5467 Infra
834 5417 997 5474 Ἰαϐὶς.

413 5480 439 5521 Ia
460 5480 587 5532 Non
611 5480 815 5531 verbum
841 5480 1107 5544 βασιλεύειν
1127 5479 1287 5532 active
1326 5487 1594 5547 sumptum,
1618 5497 1721 5548 pro.
1751 5498 1925 5550 regem

346 5543 513 5673 flocci:
541 5598 1072 5673 egiL“R0m_._Baavé,_
1093 5609 1146 5673 gl
1180 5604 1379 5673 ⁸Ρηχάϐ.
1404 5606 1602 5660 Coislin.
1642 5609 1804 5673 Ἰχαὰϐ
1844 5612 1923 5661 καὶ

348 5662 545 5719 Βανέας.
560 5664 784 5729 Lugdun.
815 5665 977 5729 Ῥιχάν
998 5668 1077 5715 καὶ
1098 5662 1285 5725 Βενέαξ.

1016 255 1075 311 S.
1104 251 1389 311 JOANNIS
1419 246 1911 307 CHRYSOSTOMI
1950 247 2267 303 ARCHIEP.
2297 247 2847 307 CONSTANTINOP.

3480 254 3581 311 διο

2016 361 2283 415 κωλύεται
2311 362 2416 415 ὐπὸ
2441 362 2531 417 τοῦ
2555 364 2742 418 Νάθαν
2770 362 2861 417 τοῦ
2896 365 3195 437 προφήτου,
3240 364 3335 418 καὶ
3371 365 3586 437 εὔχεται

2017 449 2355 520 εὐχαριστῶν
2396 452 2533 524 πρὸς
2568 453 2659 506 τὸν
2692 452 2824 505 Θεὸν
2851 495 2866 517 ,
2912 453 3253 525 εὐχαριστῶν
3293 454 3433 526 ὑπὲρ
3478 457 3585 510 τῶν

2017 537 2358 606 ἐπαγγελιῶν
2383 531 2459 591 ὧν
2494 541 2743 612 ῆκουσεν.
2784 538 3049 602 Ἑπάταξε
3081 539 3244 592 Δαυῒδ
3267 541 3391 605 τούς
3431 542 3587 595 ἀλλο-

2017 624 2215 692 φύλους
2244 626 2337 679 καὶ
2362 627 2455 679 τὸν
2483 627 2656 681 Μωάϐ
2685 626 2777 680 καὶ
2806 627 2934 688 τοὺς
2963 625 3187 697 Σύρους,
3235 628 3328 680 καὶ
3350 627 3419 681 τά
3448 629 3587 683 ὅπλα

2017 709 2085 763 τὰ
2127 714 2324 783 χρυσᾶ,
2353 712 2390 767 ἀ
2421 712 2632 779 ἐλαϐεν,
2662 714 2890 785 ῆνεγκεν
2916 714 2996 778 εἰς
3036 713 3409 786 Ἰερουσαλὴμ,
3443 715 3588 788 ἅπερ

2020 796 2245 869 ὕστερον
2290 800 2449 852 ἔλαϐε
2498 799 2805 871 Σουσακεὶμ
2846 799 3097 871 βασιλεὺς
3141 800 3438 868 Αἰγύπτου.
3478 804 3589 857 Kal

2020 884 2193 938 πολλά
2214 886 2526 957 ἀναθέματα
2556 886 2821 958 ἀνέθηκεν
2847 890 2876 941 6
2907 888 3091 943 Δαυῖδ.
3133 889 3298 953 ’Δξιοί
3315 890 3406 942 τὸν
3430 891 3587 960 Μεμ-

2021 971 2224 1041 φιϐαάλ
2284 973 2396 1026 υἱὸν
2459 974 2713 1027 Ὶωνάθαν
2772 974 3049 1046 τραπέζης
3115 976 3434 1046 βασιλικῆς,
3494 978 3590 1031 καὶ

2022 1059 2198 1112 πάντα
2235 1058 2304 1111 τὰ
2349 1056 2442 1111 τοῦ
2474 1059 2644 1113 Σαοὺλ
2684 1059 2896 1115 δίδωσιν
2922 1060 3086 1132 αὐτῷ.
3130 1063 3240 1117 Kal
3270 1063 3482 1117 κελεύει
3512 1064 3590 1133 τῷ

2022 1146 2190 1217 Σίϐᾳ,
2238 1147 2297 1208 ὃς
2332 1141 2400 1216 ἦν
2446 1143 2594 1216 αὐτῷ
2626 1146 2812 1211 δοῦλος
2845 1148 3144 1221 πατρικὸς,
3191 1150 3462 1205 δουλεύειν
3512 1150 3589 1225 τῷ

2021 1234 2355 1304 Μεμφιϐαάλ
2402 1234 2539 1304 μετά
2564 1235 2672 1289 τῶν
2713 1236 2920 1290 τέκνων
2947 1236 3133 1291 αὐτοῦ.
3165 1239 3377 1307 Πέμπει
3405 1239 3465 1293 δὲ
3496 1244 3590 1294 καὶ

2023 1321 2161 1389 πρὸς
2184 1321 2274 1373 τὸν
2308 1320 2536 1390 βασιλέα
2565 1320 2699 1379 υἱῶν
2741 1320 2964 1393 ’Δμμὼν
2988 1324 3403 1394 παρακαλέσων,
3440 1327 3589 1381 ἐπει-

2022 1405 2088 1475 δὴ
2118 1405 2366 1476 τεθνήκει
2394 1406 2559 1461 αὐτοῦ
2588 1410 2617 1462 6
2648 1409 2849 1479 πατήρ.
2880 1409 2937 1461 '0
2966 1408 3022 1463 66
3050 1408 3155 1465 ὑπὸ
3184 1411 3290 1467 τῶν
3313 1414 3590 1483 ἀρχόντων

2024 1492 2189 1546 αὐτοῦ
2220 1494 2590 1559 ἀναπεισθεὶς,
2613 1494 2866 1568 ἀτιμάζει
2893 1497 3020 1562 τοὺς
3056 1498 3461 1563 ἀποσταλέντας
3484 1501 3592 1556 ὑπὸ

2023 1578 2117 1633 τοῦ
2161 1579 2325 1634 Δαυῖδ
2366 1583 2446 1645 είς
2489 1582 2851 1654 παράκλησιν.
2890 1584 3165 1639 Ἐντεῦθεν
3188 1584 3393 1654 γίνεται
3425 1587 3589 1641 πόλει

2028 1686 2127 1739 μος
2145 1686 2156 1697 ·
2189 1671 2282 1725 καὶ
2306 1670 2368 1724 τὸ
2395 1672 2494 1742 μὲν
2526 1672 2739 1744 πρῶτον
2767 1672 2980 1745 ἔπεμψε
3004 1674 3093 1729 τὸν
3132 1675 3309 1743 ἰωάϐ,
3340 1670 3462 1731 εἶτα
3489 1673 3591 1748 ῆλ-

2026 1757 2117 1810 θεν
2154 1758 2315 1823 αὐτὸς
2346 1761 2375 1812 6
2409 1758 2603 1825 Δαυτδ,
2632 1761 2728 1814 καὶ
2768 1760 3030 1832 τρέπεται
3054 1764 3181 1826 τοὺς
3215 1763 3466 1835 ἐχθρούς.
3510 1766 3593 1819 Τά

2026 1844 2168 1898 κατὰ
2190 1844 2280 1899 τὸν
2303 1845 2504 1917 Οὐρίαν
2530 1846 2781 1901 ἐντεῦθεν
2815 1848 2909 1902 καὶ
2938 1849 3037 1920 τὴν
3068 1850 3369 1921 Βηρσαϐεέ,
3411 1853 3509 1906 καὶ
3531 1854 3592 1906 τὸ
3698 1860 3699 1863 “

2026 1932 2234 1986 παιδίον
2277 1933 2338 1988 τὸ
2382 1932 2728 2005 τελευτῆσαν.
2776 1935 2912 1989 Μεθ’
2960 1934 2989 1989 6
3031 1936 3271 1991 τίκτεται
3316 1938 3589 2009 Σολομὼν.
3698 1994 3699 2005 ,

2026 2020 2258 2091 Πολεμεῖ
2282 2023 2311 2074 6
2338 2021 2495 2075 Ἰωάϐ
2516 2022 2615 2093 τὴν
2639 2021 2904 2089 Ῥαυάθει,
2935 2024 3030 2076 καὶ
3068 2023 3205 2094 μετά
3231 2024 3293 2078 τὸ
3319 2026 3593 2097 κρατῆσαι

2024 2108 2124 2185 τῆς
2149 2108 2355 2171 πόλεως
2373 2150 2388 2175 ,
2440 2109 2644 2179 πέμπει
2671 2109 2763 2162 ἐπὶ
2791 2109 2884 2163 τὸν
2914 2108 3107 2179 Δαιιῖιδ,
3142 2110 3460 2183 βουλόμενος
3495 2115 3592 2185 τὴν

2026 2184 2182 2266 νίκην
2203 2196 2394 2267 ἐκείνῳ
2412 2196 2807 2267 ἐπιγραφῆναι.
2836 2194 2968 2268 Ἐρᾷ
2996 2200 3024 2251 6
3054 2198 3165 2261 υίὸς
3194 2198 3357 2253 Δαυϊδ
3382 2202 3593 2271 ’Δμνῶν

2025 2280 2125 2351 τῆς
2172 2282 2403 2353 ἀδελφῆς
2443 2282 2607 2337 αὐτοῦ
2655 2284 2754 2355 τῆς
2798 2282 3029 2356 Θάμαρ,
3070 2284 3164 2337 καὶ
3207 2288 3592 2357 προσποιηθεὶς

2026 2368 2215 2433 νόσον,
2276 2368 2533 2429 ἐλθοῦσαν
2582 2370 2751 2442 αὐτὴν
2803 2371 2885 2434 εις
2940 2370 3227 2441 ἐπίσκεψιν
3285 2372 3588 2445 ἐξύϐρισεν.

2041 2456 2303 2523 Ἀκούσας
2343 2458 2402 2512 66
2441 2459 2470 2511 6
2516 2458 2742 2529 ἀδελφὸς
2781 2460 2953 2530 αὐτῆς
3002 2459 3355 2532 Ἀϐεσσαλὼμ
3374 2501 3391 2527 ,
3439 2463 3594 2517 καλεῖ

2034 2544 2172 2615 μετά
2198 2544 2374 2600 ταῦτα
2398 2545 2487 2599 τὸν
2519 2546 2742 2617 βασιλέα
2775 2548 2856 2610 είς
2882 2547 3124 2599 ἑστίασιν
3143 2562 3157 2577 ο
3182 2548 3258 2613 ὡς
3287 2549 3343 2602 66
3372 2549 3473 2603 οὐκ
3500 2545 3594 2621 ἦλο

2028 2629 2120 2684 θεν
2149 2633 2379 2698 ἐκεῖνος,
2408 2633 2562 2704 ἠξίου
2587 2634 2712 2696 τοὺς
2749 2630 2882 2701 γοῦν
2912 2634 3171 2704 ἀδελφοὺς
3205 2635 3398 2689 ἐλθεῖν.
3442 2637 3595 2690 Ἐπεὶ

2026 2719 2083 2773 δὲ
2103 2714 2286 2791 ἦλθον,
2323 2720 2655 2792 παρήγγειλε
2684 2723 2795 2783 τοῖς
2821 2721 3013 2775 ἑαυτοῦ
3043 2722 3252 2788 παισὶν,
3272 2724 3364 2777 καὶ
3384 2723 3597 2778 ἀνεῖλον

2028 2808 2086 2861 ἐν
2116 2807 2265 2877 αὐτῷ
2297 2808 2374 2878 τῷ
2406 2808 2614 2879 ἀρίστῳ
2655 2809 2745 2863 τὸν
2799 2808 3031 2879 Ἀμνῶν.
3084 2809 3171 2873 Ὧς
3214 2809 3271 2863 δὲ
3315 2812 3595 2882 ῆκουσενό

2028 2894 2211 2957 Δαυτδ,
2244 2894 2541 2965 ἐπένθησεν
2573 2896 2795 2963 ἱκανῶς,
2824 2898 2919 2949 καὶ
2945 2896 3205 2971 ὠργίζετο
3233 2898 3310 2969 τῷ
3338 2898 3593 2953 Ἀϐεσσα-

2028 2981 2166 3053 λώμ.
2208 2984 2267 3035 'U
2302 2981 2358 3036 66
2402 2983 2644 3054 ἀπέδρα⁶
2690 2984 2783 3037 καὶ
2831 2983 2971 3054 μετά
3016 2985 3110 3056 ἐτη
3146 2984 3291 3055 τρία,
3336 2985 3426 3039 ὅτε
3470 2988 3595 3040 καθ-

2029 3068 2207 3138 υφῆκε
2244 3069 2343 3140 τῆς
2380 3069 2549 3140 ὀργῆς
2587 3071 2616 3123 6
2661 3069 2948 3140 βασιλεὺς,
2998 3070 3275 3141 σοφίζεται
3317 3073 3474 3126 Ἰωάϐ
3512 3076 3598 3128 διὰ

2029 3155 2285 3225 γυναικὸς
2331 3156 2650 3220 Θεκωῒτιδος
2676 3197 2691 3221 ,
2742 3158 2835 3212 καὶ
2884 3158 3059 3212 πείθει
3104 3161 3467 3229 ἐπαναγαγεῖν
3508 3163 3595 3214 τὸν

2042 3241 2413 3313 Ἀϐεσσαλώμ.
2456 3243 2847 3298 Ἐπανελθόντα
2878 3244 2937 3299 66
2965 3245 3065 3300 οὐκ
3096 3246 3360 3318 ἠθέλησεν
3390 3248 3594 3313 εὐθέως
3698 3308 3699 3319 χ

2034 3331 2159 3384 ίδεῖν
2210 3332 2239 3384 6
2283 3331 2484 3402 πατὴρ,
2537 3332 2653 3386 ἀλλ’
2689 3328 2759 3405 ἦν
2801 3333 2893 3387 δύο
2923 3334 3015 3405 ἐτη
3060 3337 3119 3388 ἐν
3156 3334 3509 3407 Ἰερουσαλὴμ
3542 3338 3596 3403 ἐξ
3698 3334 3699 3339 “

2030 3417 2202 3487 ὅψεως
2247 3416 2341 3481 τοῦ
2392 3417 2678 3487 βασιλέως,
2732 3418 2866 3472 Τότε
2916 3421 3073 3474 καλεῖ
3114 3423 3205 3476 τὸν
3246 3423 3436 3476 Ίωάϐ·
3482 3426 3511 3476 6
3543 3424 3595 3476 δὲ

2030 3505 2127 3577 οὐχ
2173 3505 2499 3575 ὑπήκουσεν.
2550 3502 2682 3558 Εἶτα
2712 3506 3007 3579 ἐνέπρησεν
3054 3509 3222 3569 αὐτοῦ
3268 3511 3361 3564 τὸν
3406 3512 3595 3581 ἀγρὸν,

2031 3596 2124 3649 καὶ
2163 3593 2333 3658 οὔτως
2377 3594 2741 3664 ἀναγκασθεὶς
2769 3591 2901 3673 ἦλθε
2927 3597 3061 3668 πρὸς
3092 3598 3185 3652 τὸν
3225 3600 3595 3672 Ἀϐεσσαλὼμ,

2032 3684 2123 3737 καὶ
2154 3681 2482 3748 ἀποσταλεὶς
2528 3683 2622 3737 ὐπ’
2662 3685 2827 3740 αὐτοῦ
2857 3686 2994 3756 πρὸς
3046 3687 3138 3740 τὸν
3181 3687 3425 3758 βασιλέα,
3472 3707 3599 3743 κατ’

2030 3772 2257 3845 ήλλαξεν
2331 3773 2525 3837 αὐτὸν,
2597 3775 2692 3828 καὶ
2752 3776 3016 3847 είσήγαγε
3067 3775 3160 3829 τὸν
3226 3778 3594 3851 Ἀϐεσσαλώμ.

2044 3860 2297 3932 Ἐποίησε
2320 3861 2375 3914 δὲ
2400 3860 2549 3932 αὐτῷ
2581 3862 2805 3935 ἅρματα
2851 3863 2946 3919 καὶ
2992 3864 3192 3928 ἵππους
3226 3865 3595 3938 ’Δϐεσσαλὼμ.
3698 3864 3699 3938 ί

2033 3948 2126 4000 καὶ
2163 3950 2290 4011 τοὺς
2322 3949 2653 4019 ἐρχομένους
2696 3948 2977 4019 κρίνεσθαι
3032 3952 3169 4020 μετά
3216 3951 3415 4022 πολλῆς
3468 3956 3599 4007 ἀπο·
3698 3948 3699 4001 ί

2031 4034 2319 4106 δεχόμενος
2343 4036 2512 4107 τιμῆς
2530 4076 2546 4102 ,
2576 4036 2763 4107 ἐπῄνει
2815 4036 2914 4108 μὲν
2944 4036 3019 4101 ὡς
3046 4037 3229 4093 δίκαια
3251 4038 3428 4107 λέγειν
3454 4040 3599 4111 εχανο

2032 4139 2150 4187 τας,
2183 4121 2321 4175 ἐλέει
2363 4122 2421 4175 δὲ
2464 4123 2540 4186 ὡς
2576 4123 2790 4188 οὐδενὸς
2823 4123 2975 4199 ὄντος
2998 4122 3094 4177 τοῦ
3134 4125 3337 4195 ἀμῦναι
3368 4126 3598 4197 δυναμέ-

2033 4226 2145 4272 νου,
2173 4208 2267 4263 καὶ
2293 4207 2447 4275 ἔλεγε
2463 4226 2477 4240 ·
2502 4210 2598 4275 Τίς
2628 4209 2995 4279 καταστήσει
3015 4229 3091 4281 με
3128 4212 3338 4281 κριτὴν
3364 4215 3467 4269 ἐπὶ
3495 4214 3599 4283 τῆς

2032 4296 2146 4367 γῆς
2163 4313 2182 4363 ;
2218 4298 2311 4353 καὶ
2336 4297 2509 4367 οὕτως
2545 4298 2806 4370 ᾠκειοῦτο
2829 4301 2919 4354 τὸν
2949 4300 3097 4366 λαόν,
3137 4303 3523 4359 Ἐπανίσταται
3546 4307 3599 4360 δὲ

2045 4384 2398 4458 Ἀϐεσσαλὼμ
2434 4386 2511 4457 τῷ
2544 4388 2706 4443 Δαυίδ
2726 4407 2740 4421 ·
2771 4389 2800 4442 6
2830 4389 2888 4443 δέ
2918 4390 3157 4455 ἀκούσας
3187 4392 3383 4461 ἔφυγεν
3411 4395 3480 4447 ἐκ
3506 4394 3600 4464 τῆς

2045 4474 2431 4546 Ἰερουσαλὴμ,
2463 4476 2621 4545 ἀφεὶς
2653 4476 2752 4540 τάς
2803 4477 3085 4543 παλλακὰς
3117 4480 3281 4534 αὐτοῦ
3312 4483 3372 4533 ἐν
3398 4486 3469 4552 τῇ
3502 4484 3599 4535 πό-
3698 4538 3699 4543 η

2032 4560 2130 4616 λει.
2160 4561 2494 4633 Βουλομένου
2526 4564 2621 4618 τοῦ
2644 4564 2765 4618 Ἔθι
2793 4565 3233 4639 συμπορεύεσθαι
3257 4568 3429 4639 αὐτῷ,
3449 4567 3600 4641 [550]

2031 4647 2092 4702 τὸ
2123 4649 2222 4720 μὲν
2255 4650 2471 4720 πρῶτον
2505 4651 2761 4719 ἐκώλυεν,
2801 4653 2925 4707 ἐπεὶ
2966 4643 3023 4707 66
3064 4649 3204 4708 εἶδεν
3231 4657 3603 4727 ἐπικείμενον,

2032 4736 2231 4792 είασεν.
2266 4736 2354 4801 Ὠς
2399 4737 2467 4791 66'
2497 4738 2752 4809 διέϐησαν
2793 4739 2885 4794 τὸν
2914 4742 3270 4814 χειμάρρουν,
3304 4746 3601 4812 προσέταξε

2030 4826 2141 4887 τοῖς
2171 4823 2406 4894 ἱερεῦσιν
2438 4825 2778 4896 ἀποστρέψαι
2804 4828 2903 4898 τὴν
2931 4828 3162 4883 κιϐωτὸν
3190 4832 3267 4895 είς
3303 4831 3400 4901 τὴν
3426 4831 3598 4887 πόλιν.

2031 4911 2202 4975 Αὐτὸς
2223 4911 2281 4964 δὲ
2308 4914 2625 4988 περιμένειν
2651 4916 2847 4978 αὐτοὺς
2870 4914 2974 4985 ἐφη
3001 4919 3136 4988 πρὸς
3165 4921 3230 4989 τῇ
3261 4917 3436 4991 ἐλαίᾳ,
3469 4922 3525 4974 εί
3551 4938 3601 4973 τι

2032 5000 2204 5071 ἔχοιεν
2267 4999 2379 5054 τῶν
2452 5002 2547 5055 τοῦ
2625 5003 2886 5075 βασιλέως
2952 5006 3278 5078 ἀπορρήτων
3345 5009 3598 5075 ἐξειπεῖν.

2043 5089 2287 5159 Ἀπαντᾷ
2314 5089 2391 5160 τῷ
2426 5090 2593 5145 Δαυῖδ
2637 5094 2667 5145 6
2706 5093 2897 5149 Χουσί.
2936 5095 2993 5147 Ὀ
3015 5095 3073 5149 66
3098 5097 3411 5152 ἀπέστειλεν
3442 5099 3602 5153 αὐτὸν

2032 5174 2109 5245 τῷ
2153 5176 2433 5249 ’Δχιτόφελ
2465 5179 3038 5253 ἐναντιωθησόμενον,
3084 5184 3143 5247 ὃς
3190 5180 3258 5255 ἦν
3300 5185 3603 5256 σύμϐουλος

2031 5263 2108 5335 τῷ
2156 5265 2531 5340 Ἀϐεσσαλώμ.
2581 5270 2672 5335 Ὠς
2713 5271 2772 5324 66
2812 5270 3055 5341 ἀπῆλθεν
3092 5273 3281 5336 αὐτὸς,
3326 5272 3604 5345 ἐρχεταιό

2032 5353 2187 5420 Σιϐᾶ,
2221 5356 2316 5409 καὶ
2344 5360 2731 5431 κατηγορήσας
2756 5359 2851 5413 τοῦ
2882 5360 3143 5413 δεσπότου
3182 5360 3346 5414 αὐτοῦ
3374 5364 3601 5434 Μεμφι-

2031 5440 2202 5508 ϐαάλ,
2234 5443 2310 5508 ὡς
2358 5434 2679 5517 βουλομένου
2724 5446 2891 5502 αὐτοῦ
2939 5446 3294 5518 βασιλεῦσαι,
3335 5450 3600 5520 λαμϐάνει

2098 5672 2125 5709 d
2162 5672 2350 5734 Ἱνοϐάθ,
2374 5676 2425 5725 in
2448 5676 2566 5727 edit.
2593 5677 2731 5727 Rom.
2759 5677 2984 5727 Ῥαϐὁάθ.
3009 5678 3205 5748 Εοὶεὶὶα.
3244 5677 3437 5739 Ῥαυάθ.
