3720 6274
18 287 107 341 5-55
1106 275 1429 335 SYNOPSIS
1466 273 1871 331 SCRIPTUM!)
1908 276 2179 333 SlCIUE.

15 417 97 456 sus
135 399 306 455 David
345 398 414 454 ab
436 395 671 453 exercitu
695 394 825 467 (non
854 393 995 448 enim
1018 392 1261 447 sinebant
1310 392 1481 462 ipsum
1504 406 1593 445 sa-

16 506 170 563 trapae
210 492 632 562 alienigenarum
664 502 849 543 secum
881 486 935 540 in
981 484 1222 554 prmlium
1266 482 1596 553 procedere,

11 584 345 654 suspicantes
394 596 460 637 ne
508 579 801 637 exercitum
846 591 1001 631 suum
1051 572 1343 647 proderet),
1398 573 1601 627 invenit

11 675 224 731 Secelac
270 674 575 736 incensam,
622 670 963 739 sublatasque
1017 667 1265 722 mulieres
1310 683 1324 722 :
1376 665 1598 736 captiva:

13 782 240 837 namque
269 765 513 822 abducta:
541 763 768 819 fuerant.
798 760 1130 830 lnterrogato
1149 770 1326 815 autem
1352 759 1463 815 Deo
1481 800 1496 826 ,
1528 774 1594 814 an

14 862 212 931 insequi
244 860 500 923 deberet,
533 858 732 927 illoque
777 854 1135 925 respondente
1158 895 1173 920 ,
1203 853 1421 917 debere,
1456 852 1597 906 inse-

12 962 265 1022 sequutus
290 953 412 1008 illos
431 959 534 1007 est.
564 950 762 1004 Etcum
782 946 1056 1002 didicisset
1081 960 1111 999 a
1139 958 1303 1015 puero
1322 942 1593 1015 Aigyptio,

10 1046 224 1099 ubinam
256 1048 780 1105 castrametarentur,
821 1038 1060 1107 segniter
1094 1045 1313 1106 agentes
1340 1034 1597 1089 invadens

11 1136 275 1206 percussit
300 1135 454 1198 illos,
482 1141 537 1187 et
578 1129 749 1200 spolia
778 1128 1021 1197 accepit,
1046 1135 1100 1182 et
1125 1126 1315 1197 aequali
1342 1133 1489 1181 sorte
1515 1123 1597 1179 di-

8 1230 125 1284 visit
145 1228 260 1283 illis
286 1227 376 1297 qui
407 1230 786 1296 pugnaverant,
817 1231 871 1277 et
899 1220 1006 1275 illis
1027 1219 1116 1290 qui
1139 1220 1191 1273 in
1219 1218 1362 1273 vasis
1386 1231 1598 1273 manse-

10 1329 141 1375 rant.
185 1318 326 1374 Cum
354 1317 697 1372 commissum
724 1321 901 1368 autem
946 1310 1187 1382 prmlium
1232 1308 1419 1365 fuisset
1459 1309 1596 1363 inter

13 1410 261 1465 lsraelcm
291 1417 346 1463 et
370 1407 730 1476 alienigenas,
757 1403 1004 1458 cecidere
1043 1401 1169 1457 Saiil
1208 1410 1263 1455 et
1289 1398 1556 1456 Jonathan
1576 1440 1592 1466 ,

11 1514 60 1557 et
80 1502 186 1555 duo
213 1501 309 1555 alii
337 1500 429 1553 filii
451 1499 568 1568 ejus
597 1515 610 1550 :
641 1506 697 1552 et
720 1504 934 1567 captum
958 1495 1131 1564 ipsum
1161 1493 1345 1548 hostes
1366 1506 1594 1562 suspen-

9 1594 195 1649 derunt
219 1593 279 1647 in
313 1605 469 1645 muro
505 1589 722 1645 Bithsan
744 1629 759 1653 ,
799 1602 919 1657 quae
956 1594 1041 1641 est
1065 1584 1432 1657 Scythopolis.
1486 1582 1594 1638 Ve-

10 1690 213 1742 nientes
241 1694 423 1739 autem
455 1683 554 1739 viri
584 1682 651 1738 de
677 1681 837 1737 labes
855 1721 872 1748 ,
902 1685 1225 1750 acceperunt
1260 1692 1383 1734 cum
1409 1685 1464 1732 et
1497 1674 1592 1731 Jo-

10 1777 198 1833 nathan
220 1819 238 1843 ,
274 1784 329 1830 et
355 1775 703 1845 sepelierunt.

515 1900 797 1943 REGNORUM
836 1899 990 1941 LIBER
1028 1898 1087 1938 11.

75 2008 235 2063 Venit
264 2006 530 2079 quispiam
556 2004 878 2059 annuntians
902 2002 1087 2057 Davidi
1108 2044 1124 2067 ,
1150 2016 1209 2058 se
1235 2000 1447 2058 Saiilem
1496 2016 1592 2056 oc-

7 2101 198 2155 cidisse
226 2119 241 2154 :
268 2109 321 2155 et
343 2097 610 2153 interfecit
636 2098 785 2151 illum
812 2095 1014 2162 David;
1044 2095 1283 2166 luxitque
1301 2095 1516 2152 Saﬁlcm
1538 2106 1593 2150 et

4 2192 273 2246 Jnnathan
297 2232 313 2255 ,
340 2199 398 2245 et
429 2191 680 2245 inunctus
706 2198 786 2243 est
818 2188 869 2242 in
898 2202 1102 2258 regem.
1145 2186 1302 2242 Mittit
1346 2186 1412 2241 ad
1444 2186 1595 2241 habi-

9 2294 203 2339 tutores
228 2282 395 2338 labes
423 2281 627 2338 Galaad
646 2321 661 2343 ,
692 2278 914 2334 laudans
936 2280 1054 2334 illos
1078 2279 1222 2351 quod
1252 2278 1594 2349 sepeliissent

7 2376 239 2431 Saulem.
261 2375 326 2429 Et
352 2374 601 2429 Abenncr
620 2372 725 2428 dux
748 2372 920 2428 Saulis
946 2388 1125 2442 regem
1147 2370 1358 2427 lsraelis
1388 2372 1591 2427 consti-

11 2468 98 2520 tuit
126 2464 564 2534 Mempbibosthe
591 2464 666 2535 (a)
713 2463 876 2518 filium
919 2462 1116 2520 Saulis.
1159 2463 1323 2518 David
1353 2480 1481 2519 vero
1508 2479 1592 2520 re-

10 2559 184 2627 gnavit
238 2559 290 2612 in
324 2556 537 2612 Judam.
572 2555 640 2611 Ut
689 2567 867 2611 autem
918 2564 1267 2611 occurrerunt
1316 2557 1415 2611 sibi
1458 2556 1593 2613 Joab

12 2651 246 2718 Davidis,
275 2659 331 2705 et
361 2650 612 2704 Abenner
635 2648 812 2705 Saulis
832 2650 1024 2715 duces,
1060 2658 1114 2705 et
1138 2650 1485 2706 commissum
1512 2658 1595 2705 est

7 2742 301 2812 pneliuma
339 2741 656 2811 juventute,
706 2749 1060 2811 persequutus
1089 2748 1173 2796 est
1218 2741 1378 2797 Asaél
1431 2741 1594 2797 frater

9 2833 133 2888 Joab
164 2834 423 2889 Abenner
452 2852 467 2887 :
499 2850 606 2904 quo
631 2847 774 2903 saepe
797 2833 1017 2904 jubente
1045 2842 1104 2888 ut
1144 2832 1457 2898 recederet,
1492 2848 1593 2889 no-

8 2927 95 2982 luit
119 2927 234 2982 ille.
268 2924 416 2982 Tunc
454 2926 650 2981 occidit
676 2941 798 2980 eum
838 2926 1108 2991 Abenner,
1141 2934 1195 2981 et
1218 2934 1406 2981 vocato
1426 2925 1594 2981 Joabo

10 3020 253 3074 hortatur
280 3028 338 3074 ut
381 3018 660 3089 prmliandi
711 3017 869 3073 finem
915 3017 1095 3073 faciat.
1125 3017 1439 3089 Bellumque
1477 3025 1596 3073 erat

10 3112 139 3165 inter
166 3111 391 3165 domum
420 3110 595 3164 Saulis
622 3117 674 3164 et
700 3108 915 3163 domum
947 3108 1132 3162 David.
1165 3108 1236 3162 Et
1266 3108 1357 3162 ille
1379 3108 1592 3178 quidem

11 3205 310 3270 deﬁciebat,
345 3204 433 3259 hic
458 3219 587 3259 vero
613 3201 1048 3258 confirmabatur.
1076 3200 1437 3257 Coneubinam
1460 3200 1594 3256 Sail-

14 3295 70 3349 lis
107 3296 209 3350 sibi
259 3295 427 3349 sumit
473 3292 1101 3364 Abenncrz'ohjurgavit
1147 3291 1591 3363 Memphibosthe.

15 3386 173 3441 Iratus
216 3386 474 3441 Ahenner
518 3385 680 3439 mittit
708 3385 774 3439 ad
829 3384 1117 3451 Davidem,
1168 3385 1488 3457 promittens
1536 3399 1595 3439 se

15 3487 170 3531 tntum
205 3477 277 3531 illi
304 3475 560 3546 populum
588 3475 856 3530 daturum.
886 3473 1199 3530 Venientem
1236 3474 1301 3529 ad
1323 3490 1381 3530 se
1408 3473 1594 3529 convi-

14 3576 93 3625 vio
119 3571 334 3641 excepit
362 3568 551 3624 David.
600 3568 667 3625 Ut
695 3578 871 3623 autem
918 3568 970 3623 id
1001 3567 1206 3623 audivit
1230 3582 1353 3622 cum
1395 3583 1426 3623 e
1451 3566 1594 3623 bello

16 3680 255 3719 reversus
274 3672 361 3719 est
374 3663 530 3730 Joab,
549 3671 827 3717 evocatum
858 3662 1199 3717 Ahennerum
1223 3660 1349 3715 dolo
1378 3659 1593 3725 occidit,

17 3765 65 3808 ut
86 3756 405 3825 sanguinem
447 3753 626 3811 fratris
662 3755 743 3809 sui
787 3754 1158 3808 ulcisceretur.
1198 3752 1278 3807 Re
1322 3762 1595 3822 comperta

17 3847 171 3901 David
203 3845 482 3901 maledicit
509 3844 676 3900 Joabo
698 3886 711 3910 ,
741 3855 796 3900 et
820 3845 964 3914 luget
990 3843 1330 3899 Abennerum
1352 3884 1367 3911 ,
1390 3858 1451 3898 ac
1474 3858 1595 3898 cum

17 3942 211 3995 Imnore
239 3939 412 3993 multo
442 3937 651 4007 sepelit.
683 3937 873 3992 lchaab
899 3946 953 3990 et
988 3936 1191 3991 Banaas
1236 3935 1373 3990 clam
1418 3936 1597 3990 occiso

14 4032 443 4104 llemphibosthe
469 4038 728 4087 venerunt
753 4028 819 4084 ad
854 4029 1014 4083 David
1042 4071 1057 4091 ,
1085 4044 1148 4083 ac
1164 4028 1208 4083 si
1232 4026 1430 4084 cedem
1460 4029 1597 4082 hanc

16 4126 264 4193 praeclare
306 4123 624 4195 gessissent.
679 4121 771 4177 Ille
819 4135 948 4175 vero
974 4120 1072 4175 hos
1116 4118 1401 4174 interfecit.
1448 4117 1599 4173 Tunc

21 4220 167 4273 totius
196 4215 385 4287 populi
412 4230 503 4269 rex
528 4213 758 4269 efficitur
803 4210 1001 4277 David,
1048 4219 1103 4266 et
1127 4209 1273 4265 venit
1295 4207 1591 4264 Jerusalem

17 4311 73 4362 ad
90 4309 432 4372 Jebusazum,
459 4304 859 4375 impediuntque
884 4303 1031 4357 illum
1058 4300 1233 4357 claudi
1261 4316 1330 4355 ne
1352 4300 1596 4364 intraret,

16 4414 477 4478 etcepttaroem,et
499 4399 777 4457 :edilicavit
798 4398 899 4457 sibi
916 4399 1153 4454 domum.
1187 4392 1319 4448 Cum
1348 4391 1440 4447 illo
1463 4405 1600 4462 quo-

17 4514 109 4567 que
135 4497 317 4553 fwdus
348 4494 577 4549 habebat
603 4490 834 4564 Chyram
866 4505 960 4545 rex
996 4488 1145 4558 Tyri.
1177 4485 1381 4541 Bellum
1427 4499 1601 4538 move-

18 4599 134 4644 runt
188 4591 544 4657 alienigenae,
602 4594 658 4640 et
696 4596 948 4653 egressus
998 4580 1132 4635 fudit
1177 4594 1270 4633 eos
1302 4575 1485 4631 David.
1533 4575 1604 4631 Ut

18 4695 185 4738 autem
213 4695 410 4737 rursus
456 4680 797 4743 invaserunt,
844 4691 874 4730 a
925 4675 1034 4731 Deo
1065 4673 1393 4744 prohibetur,
1441 4687 1508 4728 ne
1548 4671 1601 4726 in

17 4791 297 4830 occursum
329 4772 540 4827 illorum
563 4780 668 4825 eat.
688 4769 792 4823 Sed
818 4767 940 4822 Cum
961 4766 1212 4828 audieris,
1238 4764 1410 4833 inquit
1439 4764 1601 4830 Dens,

72 4931 142 4992 (a)
168 4929 225 4979 In
250 4925 483 4992 Vulgata,
507 4923 734 4992 ΔιιςιιοιιρςιΪ
763 4924 845 4972 Itic
867 4934 984 4992 vero
1009 4917 1375 4992 Memph’bostlie
1407 4932 1502 4969 non
1540 4919 1607 4992 la-

19 4986 95 5052 m.
124 4981 383 5054 ἐι-ενιιῇοό
416 4981 623 5050 positum
670 4984 1211 5054 fnissgvideturznan‘t
1253 4981 1426 5054 eodem
1464 4982 1607 5054 modo

16 5042 240 5114 ἑιτῑρὶἱιιιὶ
250 5042 347 5114 bis
368 5042 535 5114 pdstea
556 5046 989 5114 oecurrit_,_V'erum
1012 5042 1264 5114 exemplar
1287 5042 1606 5114 Chrysostomi

18 5104 212 5163 multum
240 5104 715 5179 variabat,‘era_tque
753 5107 834 5179 illo
858 5115 1082 5179 tempore
1105 5104 1223 5179 mil—ra
1255 5104 1607 5179 exemplarium

16 5178 291 5227 diversitas.
325 5172 462 5221 Multa
484 5167 751 5221 lectionum
773 5167 1045 5218 discrimina
1068 5167 1288 5230 proferre
1312 5167 1360 5213 in
1385 5174 1607 5230 promptu

18 5248 162 5298 esset,
196 5236 421 5298 maxime
444 5247 564 5298 vero
599 5235 649 5282 in
688 5232 963 5298 nominibus
978 5229 1345 5298 propriis._lttec
1368 5241 1510 5289 porro
1533 5229 1607 5298 l_e-

13 5307 119 5357 ctio,
147 5290 557 5357 hinnphibosthe,
582 5309 678 5344 non
717 5292 937 5357 insolens
971 5290 1123 5357 fuisse
1163 5290 1372 5357 videtur,
1396 5290 1610 5357 quando-

15 5351 207 5424 quidem
229 5351 574 5424 Theodoretus
597 5358 743 5424 etiam
781 5356 957 5405 eodem
996 5353 1150 5424 modo
1177 5351 1299 5424 legit
1336 5352 1609 5424 Quaestione

16 5411 173 5473 elatura
212 5426 267 5473 in
300 5420 571 5470 secundum
607 5418 785 5467 librum
826 5424 1022 5477 Regum,
1052 5421 1105 5464 et
1125 5411 1397 5477 Quiestione
1419 5411 1610 5477 decima

15 5498 175 5547 quarta
218 5488 267 5534 in
314 5482 544 5547 eumdem
583 5480 776 5547 librum.
804 5474 935 5547 Unde
973 5477 1117 5547 etiam
1151 5474 1383 5547 inferatur
1410 5486 1515 5546 eam
1540 5475 1611 5523 le-

16 5537 223 5597 c'tionnm
261 5547 316 5593 in
356 5546 464 5605 ejus
501 5540 768 5605 exemplari
802 5537 1182 5605 fuisse._V_erut_n
1206 5543 1369 5605 autem
1389 5537 1500 5605 eius
1522 5549 1609 5605 no-

16 5595 129 5660 men
150 5595 267 5661 erat
290 5595 435 5666 nui:
463 5609 601 5668 una,
637 5595 861 5658 faboseth,
894 5609 949 5651 ut
969 5599 1119 5649 habet
1140 5595 1611 5661 Vulgata;librario-

16 5692 113 5726 mm
150 5687 333 5729 autem
368 5676 508 5738 lapsu
548 5674 779 5737 scriptum
800 5672 906 5735 fuit,
943 5669 1329 5735 Mcmphiboathe,
1356 5668 1485 5731 quod
1507 5675 1613 5719 erat

21 5753 191 5791 nomen
216 5740 305 5805 lilii
329 5737 567 5788 Jonatlue.

3193 285 3296 343 5115

1712 404 1877 443 vocem
1905 393 2133 445 tremoris
2160 394 2308 461 ﬂetus
2327 393 2364 457 ¹,
2389 401 2507 447 tunc
2531 395 2765 463 praelium
2792 398 3044 452 committe
3064 398 3142 470 (2.
3167 401 3292 471 Reg.

1704 480 1758 535 5.
1789 479 1906 552 24).
1933 481 2084 536 Tunc
2108 483 2250 537 enim
2274 482 2550 539 tradentur
2581 484 2696 539 tibi.
2729 488 2956 543 Amovet
2982 468 3161 544 arcam
3190 468 3309 545 ni-‘

1701 571 1825 639 vid,
1860 581 1916 628 et
1940 573 2167 627 moritur
2191 572 2328 638 Oza,
2358 576 2480 645 quia
2513 576 2754 631 extendit
2798 593 3014 633 manum
3047 596 3197 635 suam
3230 584 3294 635 ad

1700 677 1901 717 arcam.
1926 662 2057 718 Cum
2082 672 2259 719 autem
2284 665 2569 720 duceretur
2591 682 2737 734 arca,
2768 669 2996 723 saltabat
3026 671 3213 737 David,
3243 684 3297 727 et

1700 754 1946 825 despexit
1970 770 2093 811 eum
2124 756 2372 811 Melehol.
2417 757 2566 812 Tunc
2591 774 2713 812 cum
2745 759 2905 814 vellet
2928 760 3091 817 David
3133 763 3294 816 aedili-

1699 860 1826 902 care
1853 847 2131 917 templum,
2160 847 2472 917 prohibetur
2498 864 2529 902 a
2559 848 2765 903 Nathan
2794 850 3085 919 propheta,
3106 862 3160 908 et
3181 869 3295 922 pre-

1699 946 1855 994 catur
1882 939 2081 1009 gratias
2107 954 2272 1010 agens
2303 940 2433 1006 Deo,
2461 941 2679 1009 gratias,
2704 940 2944 1011 inquam,
2976 942 3044 996 de
3071 944 3297 1012 promis-

1700 1030 1944 1087 siouibus
1964 1045 2097 1102 quas
2124 1031 2347 1086 audivit.
2379 1032 2651 1087 Percussit
2681 1031 2847 1087 David
2878 1034 3211 1104 alienigenas
3239 1046 3298 1091 et

1700 1122 1946 1179 Moabum
1976 1132 2031 1178 et
2056 1123 2241 1194 Syros,
2272 1131 2327 1178 et
2353 1137 2504 1177 arma
2539 1137 2701 1177 aurea
2728 1138 2848 1192 quae
2876 1125 3120 1193 accepit,
3153 1134 3295 1179 attn-

1701 1213 1762 1268 lit
1789 1212 2200 1285 Jerosolymam,
2229 1229 2348 1283 qua:
2390 1212 2605 1268 denunn
2650 1214 2867 1268 abstulit
2908 1215 3148 1271 Snsacim
3192 1234 3286 1272 rex

1700 1303 1937 1376 Egypti.
1952 1305 2219 1376 Multaque
2235 1303 2568 1360 anathemata
2585 1306 2915 1362 consecravit
2936 1306 3115 1361 David.
3136 1307 3292 1362 Ment-

1698 1396 2007 1467 phibaalum
2039 1395 2208 1451 filium
2249 1395 2492 1452 Jonatha:
2520 1395 2768 1466 dignatur
2806 1412 2986 1452 mensa
3027 1399 3169 1468 regia
3190 1440 3207 1466 ,
3238 1412 3292 1455 et

1700 1488 1880 1543 omnia
1908 1503 2030 1558 quae
2060 1488 2126 1543 ad
2156 1486 2369 1544 Saiilem
2400 1486 2740 1557 pertinebant
2758 1488 2850 1543 dat
2878 1490 2998 1559 ipsi.
3028 1472 3292 1561 Jubelque

1698 1577 1899 1645 Sibam,
1931 1579 2018 1649 qui
2068 1588 2186 1635 erat
2225 1594 2417 1634 servus
2461 1588 2713 1647 paternus
2739 1619 2753 1643 ,
2796 1579 3171 1649 Mempbibaali
3212 1583 3289 1652 (a)

1698 1671 1901 1726 servire
1926 1685 2047 1727 cum
2072 1670 2193 1726 filiis
2214 1670 2347 1725 suis.
2376 1669 2534 1724 Mittit
2559 1679 2735 1724 autem
2765 1670 2829 1725 ad
2859 1686 3036 1742 regem
3060 1671 3287 1728 filiorum

1697 1763 1955 1828 Ammon,
2001 1763 2090 1833 qui
2126 1763 2531 1819 consolarentur
2568 1776 2711 1825 eum,
2736 1761 2858 1831 quia
2902 1772 3145 1817 mortuus
3174 1773 3291 1818 erat

1699 1866 1854 1929 pater
1881 1857 2020 1927 ejus.
2070 1856 2166 1911 Ille
2210 1871 2339 1912 vero
2378 1855 2727 1910 suadentibus
2768 1855 3112 1925 optimatibus
3140 1858 3285 1926 ejus,

1698 1947 1962 2003 dedecore
1986 1946 2154 2002 afficit
2181 1961 2277 2003 eos
2298 1947 2387 2016 qui
2414 1961 2442 1999 a
2468 1945 2673 2021 Davide
2698 1945 2847 2000 missi
2874 1945 3114 2001 erantad
3138 1947 3287 2001 illum

1696 2038 2101 2095 consolandum.
2125 2037 2266 2094 Hinc
2295 2038 2468 2092 oritur
2507 2037 2703 2092 bellum
2743 2054 2757 2090 :
2785 2044 2841 2093 et
2874 2038 3047 2106 primo
3072 2037 3287 2106 quidem

1699 2133 1862 2188 mittit
1886 2132 2111 2188 Joabum
2139 2149 2153 2186 :
2183 2130 2378 2187 deinde
2404 2131 2551 2185 venit
2576 2130 2693 2199 ipse
2731 2130 2896 2185 David
2917 2171 2934 2195 ,
2961 2138 3017 2186 et
3045 2132 3290 2185 inimicos

1698 2225 1863 2296 fugat.
1896 2224 2031 2279 Hine
2063 2238 2126 2279 ea
2157 2239 2278 2293 qua:
2321 2222 2386 2277 ad
2415 2221 2596 2278 Uriam
2627 2231 2682 2276 et
2718 2222 2784 2276 ad
2814 2222 3081 2278 Bersabee
3119 2223 3289 2291 perti-

1698 2327 1849 2383 nent,
1876 2325 1930 2371 et
1956 2315 2020 2370 ad
2049 2314 2309 2370 infantem
2337 2315 2427 2383 qui
2460 2322 2702 2368 mortuus
2729 2321 2831 2368 est.
2866 2314 3163 2383 Posteaque
3193 2331 3287 2367 na—

1698 2410 1866 2465 scitur
1890 2408 2165 2464 Salomou.
2194 2406 2477 2477 Oppugnat
2503 2405 2637 2460 Joab
2665 2403 2891 2467 Ravatb,
2925 2415 2979 2459 ct
3008 2414 3288 2474 postquam

1698 2503 1884 2558 urbem
1914 2501 2227 2571 occupavit,
2276 2500 2436 2553 mittit
2474 2498 2540 2552 ad
2572 2497 2755 2562 David,
2800 2498 2984 2552 volens
3016 2499 3287 2554 victoriam

1700 2595 1798 2666 ipsi
1819 2593 2070 2649 adscribi.
2094 2593 2251 2647 Amat
2276 2591 2415 2646 filius
2441 2591 2602 2646 David
2630 2593 2838 2645 Amnon
2867 2606 3105 2646 sororem
3134 2607 3285 2646 suam

1699 2686 1957 2751 Thamar,
1986 2693 2041 2740 et
2069 2684 2322 2739 simulato
2360 2683 2579 2746 morbo,
2622 2683 2924 2737 venientem
2957 2682 3097 2735 illam
3127 2681 3190 2735 ad
3231 2697 3290 2737 sc

1701 2776 2025 2832 visitandnm
2065 2773 2388 2829 contumelia
2432 2771 2616 2827 afficit.
2659 2772 2772 2841 Qua
2801 2789 2862 2827 re
2905 2774 3082 2827 audita
3127 2775 3290 2828 frater

1701 2870 1817 2940 ejus
1843 2868 2181 2932 Abessalom,
2215 2866 2404 2920 invitat
2429 2875 2612 2935 postea
2642 2881 2821 2935 regem
2849 2865 2913 2919 ad
2941 2867 3244 2920 convivium
3273 2883 3285 2916 :

1700 2975 1929 3030 cumque
1970 2974 2064 3014 rex
2109 2975 2213 3012 non
2255 2957 2493 3024 veniret,
2535 2964 2687 3024 rogat
2729 2955 2923 3010 fratres
2953 2964 3009 3010 ut
3054 2956 3286 3011 veniant.

1698 3052 1832 3109 Cum
1864 3060 2041 3106 autem
2074 3050 2361 3114 venissent,
2394 3048 2485 3103 illo
2515 3048 2739 3118 jubente
2769 3048 2908 3102 servi
2941 3047 3107 3116 ipsius
3152 3048 3292 3101 inter

1703 3141 2074 3216 prandendum
2115 3140 2425 3196 occiderunt
2459 3143 2779 3193 Amnonem.
2811 3137 2878 3193 Ut
2914 3153 3041 3192 vero
3071 3153 3163 3193 rex
3193 3154 3290 3192 au-

1701 3235 1854 3299 divit,
1883 3232 2108 3288 multum
2146 3230 2298 3298 luxit,
2341 3238 2397 3284 et
2426 3228 2592 3284 iratus
2619 3228 2717 3283 fuit
2746 3228 2799 3282 in
2830 3227 3166 3282 Abessalom.
3196 3229 3291 3284 llle

1700 3334 1876 3381 autem
1906 3322 2142 3393 aufugit;
2170 3330 2224 3377 et
2277 3330 2397 3391 post
2426 3330 2534 3375 tres
2567 3333 2756 3382 annos,
2784 3333 2906 3373 cum
2937 3318 3116 3373 sedata
3146 3326 3293 3374 esset

1701 3418 1780 3472 ira
1802 3418 1967 3487 regis,
1997 3421 2174 3469 astute
2194 3410 2441 3485 providet
2465 3409 2601 3465 Joab
2614 3427 2714 3481 per
2725 3412 3067 3469 mulierem‘l‘
3074 3411 3290 3466 hecoiti-

1701 3511 1825 3567 dem
1843 3550 1859 3575 ,
1882 3508 2178 3578 suadetque
2208 3506 2318 3576 regi
2352 3513 2409 3558 ut
2433 3504 2746 3559 Abessalom
2776 3510 3010 3557 revocet.
3042 3502 3289 3556 liedeun-

1702 3614 1809 3660 tem
1837 3601 2007 3658 noluit
2030 3607 2180 3670 pater
2204 3599 2382 3653 statim
2409 3596 2620 3660 videre;
2643 3594 2739 3649 sed
2760 3594 2969 3649 duobus
2998 3595 3151 3648 annis
3178 3608 3290 3651 ma-

1704 3695 1869 3753 nebat
1905 3696 1957 3748 in
2011 3691 2308 3748 Jerusalem
2352 3697 2506 3744 extra
2548 3684 2892 3755 conspectum
2932 3685 3094 3756 regis.
3142 3684 3294 3738 Tunc

1703 3795 1859 3841 vocat
1890 3784 2151 3847 Joabuut;
2187 3781 2276 3836 ille
2318 3796 2447 3834 vero
2488 3795 2593 3833 non
2635 3777 3041 3847 obtemperavit.
3089 3776 3293 3831 Deinde

1708 3880 1852 3935 illius
1893 3890 2078 3948 agrum
2120 3873 2377 3940 incendit,
2409 3882 2464 3927 et
2489 3872 2565 3927 sic
2593 3879 2811 3925 coactus
2839 3870 2981 3924 venit
3010 3869 3075 3923 ad
3120 3869 3292 3924 Abes-

1705 3971 1872 4026 salom
1906 3985 1921 4023 :
1951 3976 2006 4023 et
2034 3967 2101 4022 ab
2132 3966 2223 4020 illo
2249 3966 2444 4019 missus
2465 3962 2532 4017 ad
2562 3978 2763 4030 regem,
2792 3962 2965 4029 ipsum
2991 3974 3111 4014 cum
3143 3968 3293 4029 patre

1705 4058 2098 4124 reconciliavit,
2128 4066 2184 4110 et
2212 4055 2277 4110 ad
2305 4056 2451 4109 illum
2482 4053 2721 4108 adduxit.
2747 4051 2894 4106 Fecit
2913 4059 3091 4105 autem
3122 4051 3293 4105 Abes-

1706 4155 1875 4209 salom
1903 4151 2003 4206 sibi
2043 4163 2234 4204 currus
2260 4156 2314 4203 et
2340 4146 2580 4216 equites,
2614 4152 2669 4198 et
2693 4159 2785 4200 eos
2813 4142 2904 4213 qui
2931 4140 3001 4197 ad
3033 4140 3293 4211 judicium

1706 4241 2039 4300 accedebant
2057 4254 2177 4294 cum
2206 4238 2373 4292 multo
2401 4235 2699 4304 excipiebat
2721 4234 2944 4307 honore,
2968 4242 3022 4287 et
3042 4232 3294 4286 laudabat

1707 4335 1859 4408 quasi
1886 4333 1977 4405 qui
2012 4332 2155 4403 justa
2182 4329 2363 4386 dicere
2398 4336 2648 4399 possent,
2693 4327 3047 4382 miserahatur
3078 4334 3254 4379 autem
3275 4364 3292 4389 ,

1706 4427 1858 4500 quasi
1888 4436 2049 4483 nemo
2074 4431 2218 4480 esset
2256 4421 2347 4493 qui
2391 4430 2574 4492 posset
2598 4420 2720 4475 illos
2756 4418 3076 4486 defendere,
3111 4433 3175 4473 ac
3205 4418 3292 4472 di-

1773 4594 1885 4642 1llic
1907 4590 2055 4651 longe
2078 4586 2267 4638 variant
2289 4586 2588 4647 interpretes
2612 4596 2624 4633 :
2650 4582 2886 4632 Hebraeus
2907 4581 3058 4631 habet

1710 4670 1928 4721 Dim-3
1977 4666 2173 4716 ’πῖθι-πε
2215 4660 2365 4714 mas
2402 4668 2563 4705 vocem
2599 4652 2815 4704 incessus
2850 4651 2901 4701 in
2942 4651 3177 4714 cupitibiis
3195 4668 3298 4705 mo.

1709 4748 1892 4787 rarum.
1919 4728 2092 4792 Aquila
2118 4735 2179 4793 net
2215 4727 2533 4793 Symmachus,
2554 4737 2666 4793 ῳφν
2704 4732 2931 4793 suscipere,
2972 4736 3006 4772 ιν
3044 4736 3208 4793 ιεςιιιλαῐς
3228 4742 3300 4777 τῶι

1799 4783 1948 4861 ξήσιων,
1978 4783 2260 4860 Strepitum'
2287 4783 2534 4861 transitus;
2562 4783 2619 4835 ἰιί
2656 4784 2892 4854 capitibus
2931 4783 3295 4861 prmum-um.

1710 4826 1948 4921 vagas?
1960 4826 2165 4901 εῖὴξίίάῑι
2182 4826 2503 4910 arae-1:56.."
2517 4826 3176 4921 'cdc'aaaajpy'raxaz'

1712 4913 2048 4980 ιῃιᾶιτήνῗφνςῆν
2081 4924 2402 4980 τοῦισ-δτιλιιξμηῦ
2431 4922 2503 4958 ἀπὸ
2538 4925 2601 4980 10:3
2631 4917 2762 4980 ἀξένους
2784 4923 2848 4956 τεῦ
2859 4913 3117 4966 κλωομῡνος
3137 4920 3297 4980 υοτεῃι

1713 4969 2029 5035 ὧιιὲιιιξςὶόηὶέ
2072 4988 2103 5022 a
2145 4973 2252 5021 luco
2294 4970 2449 5034 ﬂetus.
2496 4969 2782 5035 sed_alius,
2830 4979 2885 5016 ut
2934 4978 3204 5035 llOli}_\_‘llllllS
3251 4971 3299 5019 in

1715 5030 1958 5106 livesaplis,
1983 5036 2075 5085 hoc
2098 5035 2204 5083 loco
2222 5030 2325 5106 pro,
2340 5031 2772 5106 G‘JTxltwtfoD,-l.labets
2786 5030 3302 5106 mntmﬁ.Cl.leS(lSl0-

1713 5094 1821 5158 mus
1839 5094 1975 5159 vero,
1998 5112 2064 5148 τοῦ
2087 5094 2247 5157 “me.
2271 5103 2351 5159 the
2373 5094 2493 5159 vero
2514 5094 3030 5159 lectiones,_auecqu.os,_
3046 5094 3301 5159 υιελςιισμος,

1714 5155 2058 5223 ῖίέήιοτίς,⁷γρι
2087 5155 2433 5215 εοιιυηοιὶοηίδ,
2458 5157 2612 5218 magis
2644 5156 2879 5223 accedunt
2901 5156 2958 5223 ad
2992 5155 3304 5217 significatio-

1714 5215 1981 5282 iiéiii'v'ocis
2006 5225 2172 5281 mas,
2194 5232 2338 5281 quam
2362 5215 2609 5280 ωγκλιωιὶοῡ,
2631 5215 2960 5267 conclusionis.

1780 5294 1854 5356 (a)
1876 5292 1951 5356 sic
1972 5304 2170 5356 quoque
2202 5288 2329 5353 legit
2356 5288 2708 5356 Theodoretus,
2741 5288 3013 5356 quastione
3053 5288 3308 5354 trigesima

1716 5348 1870 5419 prima
1916 5355 1963 5402 in
1983 5348 2186 5419 :librum
2227 5348 2495 5419 secundum
2540 5358 2736 5419 Regum.
2763 5348 2884 5419 Illud
2916 5348 3303 5419 autemnonten,

1719 5410 1954 5481 ἱιιιμφιεαά),
1979 5415 2154 5465 factum
2182 5422 2258 5463 est
2294 5414 2468 5481 partim
2502 5426 2564 5461 ex
2592 5414 2699 5481 ejus
2720 5412 2935 5481 nomine,
2960 5417 3013 5458 ιιι
3036 5410 3305 5458 habebatur

1716 5473 1841 5541 apud
1865 5485 1932 5541 ως
1942 5487 1973 5526 x
1987 5484 2283 5541 Iuterpretes
2296 5473 2356 5541 in_
2373 5474 2495 5541 libro
2503 5473 2720 5541 secundo
2732 5474 2939 5541 Regum,
2954 5484 3137 5541 nempe
3160 5479 3305 5541 ttient-

1718 5532 1998 5604 p‘hibosthc,
2028 5532 2286 5604 parting-ex
2315 5537 2531 5597 ejusdem
2554 5537 2709 5604 altero
2732 5532 2934 5604 nomine
2947 5532 3073 5604 quod
3100 5532 3304 5604 habetur

1720 5592 1872 5665 primo
1908 5592 2043 5649 libro'
2071 5592 2461 5665 Paralipomenon
2498 5610 2603 5665 cap.
2628 5597 2687 5665 fl,
2712 5610 2760 5642 ν.
2787 5594 2863 5652 40,
2892 5592 3140 5642 Mei‘ibaal.
3166 5598 3307 5665 Error

1718 5653 1880 5714 autem
1901 5665 2013 5711 ideo
2036 5653 2570 5723 perseveraverit,quia
2586 5659 2786 5718 primum
2809 5668 3005 5723 nonien,
3024 5653 3308 5718 Memphim.

1721 5736 1987 5787 stne,.:1psu
2012 5716 2237 5784 graphice
2262 5723 2317 5769 ad
2347 5716 2647 5769 lshosbthtint
2672 5716 2943 5767 transient.
