3720 6274
468 276 574 332 διο

462 393 559 446 καὶ
600 389 699 459 τῆς
743 387 1024 460 τραπέζης
1066 385 1363 440 ἀπολαύειν
1418 383 1519 454 τῆς
1575 382 1878 453 βασιλικῆς.
1920 380 2032 434 Καὶ

462 476 791 548 ἀποθνήσκει
817 473 1225 547 τεσσαράκοντα
1259 473 1354 543 ἔτη
1388 471 1733 541 βασιλεύσας.

1023 559 1364 615 Βασιλειῶν
1398 565 1470 628 τ’.

544 652 781 720 Ἀναιρεῖ
811 649 903 703 τὸν
942 649 1161 720 ὐρνίαν
1192 648 1221 698 6
1247 645 1523 715 Σολομῶν,
1556 644 1638 697 ὅτι
1665 642 1765 713 τὴν
1804 640 2035 696 Ἀϐισάκ

457 741 652 811 ᾔτησε,
697 742 790 792 καὶ
838 738 928 792 τὸν
970 736 1231 807 Ἀϐιάθαρ
1286 734 1509 799 ἐξέϐαλε
1557 734 1655 803 τῆς
1713 732 2030 802 ἱερωσύνης.

458 828 569 879 Καὶ
594 824 882 897 ἐπληρώθη
910 827 944 895 ή
968 824 1109 878 κατά
1152 822 1245 877 τοῦ
1289 822 1437 874 Ἠλεὶ
1465 819 1660 889 ἀπειλή
1678 835 1692 850 ’
1732 819 1791 885 ἐξ
1824 819 2033 872 ἐκείνου

458 913 569 983 γὰρ
607 912 815 981 κατῆγε
847 912 907 964 :6
929 910 1101 980 γένος.
1151 910 1350 962 Ἀνείλε
1382 909 1438 961 δὲ
1465 913 1557 961 καὶ
1587 908 1680 960 τὸν
1719 905 1875 960 Ίωάϐ
1895 924 1911 938 ·
1941 905 2034 961 τδν

458 1001 515 1053 δέ
559 1000 791 1053 Σαδδοὺκ
819 1000 911 1051 τὸν
945 999 1094 1069 ίερέα
1129 998 1250 1052 ἀντὶ
1277 996 1369 1051 τοῦ
1410 996 1673 1067 Ἀϐιάθαρ
1701 995 2035 1065 κατέστησεν

461 1088 631 1159 ἱερέα.
658 1087 850 1140 Δίδωσι
880 1086 938 1139 δὲ
974 1086 1002 1137 6
1041 1084 1295 1154 Σολομῶν
1334 1083 1663 1153 πρόσταγμα
1701 1082 1779 1153 τῷ
1816 1080 2032 1152 Σεμεεὶ,

460 1174 602 1227 ὥστε
636 1175 695 1227 ἐν
732 1177 800 1244 τῇ
831 1172 983 1226 πόλει
1024 1172 1205 1242 μένειν
1238 1171 1409 1224 διόλου
1432 1188 1444 1201 '
1472 1171 1522 1223 εί
1551 1171 1607 1223 δέ
1636 1187 1764 1223 ποτε
1806 1168 2031 1234 ἐξέλθοι,

458 1261 560 1314 οὐκ
591 1260 900 1331 ἀτιμωρητὶ
942 1260 1101 1312 τοῦτο
1148 1260 1414 1327 ποιήσειν,
1460 1258 1598 1312 ἀλλά
1639 1257 2033 1311 θανάτουνύπο-

463 1349 759 1420 στήσεσθαι
783 1347 1007 1419 ζημίαν.
1049 1346 1349 1400 Ἀπώλοντο
1374 1348 1523 1417 αὐτῷ
1546 1347 1721 1399 δοῦλοι
1743 1364 1756 1378 ’
1778 1347 1807 1399 6
1838 1345 1893 1399 δέ
1923 1346 2035 1398 ἐπι-

465 1437 759 1507 λαθόμενος
814 1436 909 1488 τοῢ
948 1436 1387 1506 προστάγματος,
1417 1434 1605 1506 ἐξῆλθε
1639 1434 1911 1505 ζητήσειν,
1940 1432 2033 1487 καὶ

464 1524 650 1595 μαθὼν
692 1525 721 1575 6
774 1523 1023 1593 Σολομῶν
1060 1522 1267 1575 ἀνεῖλεν
1312 1522 1492 1575 αὐτόν.
1537 1522 1670 1592 Περὶ
1702 1522 1802 1591 τῆς
1842 1521 2032 1589 σοφίας

459 1612 803 1682 Σολομῶντος
846 1611 1093 1680 διήγησις
1112 1649 1127 1671 ,
1152 1611 1281 1681 περὶ
1310 1610 1405 1680 τῆς
1439 1611 1660 1680 εἰρήνης
1690 1610 1786 1680 τῆς
1820 1609 1908 1663 ἐπ’
1930 1610 2030 1662 06-

458 1699 576 1763 :06,
601 1700 728 1769 περὶ
756 1701 852 1768 τῆς
879 1698 1227 1759 πολυτελείας
1253 1698 1349 1765 τῆς
1387 1697 1482 1750 τοῦ
1517 1699 1760 1769 ἀρίστου,
1786 1696 1879 1751 καὶ
1904 1698 2033 1769 περὶ

458 1788 720 1860 ἁρμάτων
738 1827 752 1848 ,
785 1790 909 1858 περὶ
937 1787 1044 1839 τῶν
1074 1787 1255 1839 ἵππων
1275 1828 1290 1853 ,
1344 1788 1473 1858 περὶ
1511 1786 1714 1851 παντὸς
1751 1786 1842 1840 τοῦ
1872 1786 2033 1840 πλού-

456 1893 575 1929 του.
614 1876 766 1927 Λίτεῖ
812 1874 1064 1944 Σολομῶν
1104 1874 1294 1943 σοφίαν
1342 1874 1494 1945 παρά
1541 1874 1635 1928 τοῦ
1685 1873 1840 1930 Θεοῦ.
1899 1875 2031 1929 Τότε

458 1964 633 2034 κρίνει
678 1966 799 2025 ταῖς
824 1963 1040 2031 γυναιξὶ
1083 1965 1203 2025 ταῖς
1238 1963 1375 2031 ὑπὲρ
1402 1961 1495 2015 τοῦ
1543 1963 1757 2016 παιδίου
1804 1963 2035 2035 προσελ-

458 2052 682 2115 θούσαις
711 2052 878 2121 αὐτῷ.
919 2051 1088 2104 Πάλιν
1134 2050 1263 2122 7:59".
1311 2051 1412 2121 τῆς
1462 2051 1653 2120 σοφίας
1688 2051 2031 2122 Σολομῶντος

457 2143 634 2209 λόγος,
676 2143 804 2213 περὶ
852 2146 951 2212 τῆς
1004 2141 1351 2207 πολυτελείας
1382 2143 1483 2213 τῆς
1517 2143 1796 2214 τραπέζης
1827 2143 1993 2197 06:06
2015 2183 2030 2209 ,

460 2230 555 2283 καὶ
575 2230 719 2291 τίνες
740 2229 1112 2298 ἐλειτούργουν
1136 2228 1337 2298 ταύτην
1368 2228 1519 2299 αὐτῷ
1550 2229 1648 2301 τὴν
1668 2231 2028 2302 λειτουργίαν.

472 2318 810 2370 ’Λποστέλλει
852 2318 987 2389 πρὸς
1027 2318 1245 2390 Χειράμ
1282 2318 1374 2372 τὸν
1418 2318 1642 2388 βασιλέα
1676 2318 1879 2389 Τύρου,
1906 2320 2034 2382 τοὺς

458 2404 784 2476 δρυοτόμους
816 2405 981 2467 αἰτῶν
1023 2406 1116 2458 ἐπὶ
1171 2404 1369 2476 μισθῷο
1422 2405 1451 2458 6
1483 2406 1546 2477 δὴ
1596 2407 1888 2477 παρέσχεν.
1926 2408 2036 2461 Ἐν-

458 2487 632 2540 ταῦθα
665 2488 904 2555 ἔγκειται
927 2487 1033 2541 τῶν
1062 2488 1444 2559 ἐργαζομένων
1465 2490 1493 2541 6
1531 2489 1781 2559 ἀριθμὸς,
1812 2489 1905 2543 καὶ
1932 2490 2034 2560 τῆς

458 2571 874 2642 ἐτοιμασθείσης
903 2572 980 2634 είς
1004 2572 1095 2625 τὸν
1124 2572 1248 2625 ναὸν
1295 2571 1425 2641 ὕλης
1455 2572 1515 2625 :6
1558 2572 1780 2641 πλῆθος.
1818 2568 1948 2626 Εἶτα
2000 2574 2033 2643 ή

457 2654 713 2723 οἰκοδομὴ
759 2654 851 2707 τοῦ
908 2654 1056 2707 ναοῦ.
1092 2654 1324 2724 Εὕχεται
1373 2658 1401 2708 6
1427 2655 1676 2726 Σολομῶν
1706 2656 1762 2708 ἐν
1787 2656 1862 2726 τῷ
1897 2654 2030 2726 ναῷ,

460 2738 555 2789 καὶ
587 2738 724 2802 θύει,
772 2740 865 2791 καὶ
912 2737 1212 2805 ἐγκαινίζει
1257 2739 1348 2792 τὸν
1392 2732 1558 2793 οἷκον.
1611 2739 2033 2807 Ἐπαγγέλλεται

459 2822 640 2889 ἀγαθά
685 2822 832 2890 αὐτῷ
862 2822 890 2874 ό
939 2821 1090 2885 Θεὸς,
1122 2821 1217 2875 ἐάν
1264 2822 1473 2894 φυλάξῃ
1522 2822 1590 2875 τὰ
1637 2822 2035 2893 προστάγματα

461 2906 644 2968 αὑτοῦ,
677 2906 769 2958 καὶ
795 2904 1004 2957 ἀπειλεῖ
1022 2905 1301 2971 τάναντία,
1339 2906 1433 2959 ἐάν
1463 2907 1706 2978 παραϐῇ.
1724 2902 1831 2959 Ἦν
1858 2907 1913 2959 δὲ
1938 2906 2035 2959 06-

458 2989 537 3058 τῶ
553 2989 683 3052 ναῦς
716 2988 934 3058 χρυσίον
980 2987 1240 3059 φέρουσα.
1285 2981 1365 3041 Τά
1418 2988 1560 3042 κατὰ
1587 2989 1685 3059 τὴν
1718 2988 2034 3059 βασίλισσαν

466 3074 661 3137 Νότου,
690 3073 787 3143 τὴν
817 3072 1077 3125 ἐλθοῦσαν
1116 3072 1343 3125 ἀκοῦσαι
1369 3072 1469 3141 τῆς
1507 3074 1699 3141 σοφίας
1738 3073 1923 3127 αὐτοῦ.
1953 3073 2035 3127 Τά

457 3156 599 3209 κατά
646 3157 732 3208 τὸν
785 3154 1011 3207 πλοῦτον
1065 3154 1229 3207 αὐτοῦ
1276 3155 1369 3207 τὸν
1404 3156 1596 3225 μέγαν,
1644 3156 1713 3208 τά
1757 3158 1886 3227 περὶ
1927 3156 2034 3209 τῶν

456 3239 638 3291 ὃπλων
692 3238 799 3293 τῶν
856 3236 1076 3308 χρυσῶν
1115 3231 1191 3291 ὧν
1236 3237 1479 3308 ἐποίησε,
1517 3238 1588 3290 τὰ
1630 3239 1759 3310 περὶ
1804 3239 1906 3309 τῆς
1948 3238 2036 3309 βα-

458 3321 660 3385 σιλείας
690 3323 877 3385 αὑτοῦ,
916 3323 1077 3375 πόθεν
1098 3322 1204 3384 καὶ,
1218 3322 1378 3392 μέχρι
1410 3321 1512 3375 ποῦ
1544 3326 1882 3394 παρέτεινεν.
1919 3325 2035 3376 Ἐν-

457 3404 647 3456 τεῦθεν
682 3405 927 3475 περὶτῆς
954 3405 1396 3474 εἰδωλολατρείας
1416 3404 1603 3464 06:06.
1624 3407 1715 3458 καὶ
1746 3406 1842 3475 τῆς
1868 3422 2036 3475 προσ-

460 3486 732 3558 κρούσεως
768 3483 832 3557 ἧς
862 3488 1233 3559 προσέκρουσε
1279 3489 1355 3558 τῷ
1387 3488 1525 3558 Θεῷ.
1574 3488 1852 3541 Ἐντεῦθεν
1875 3490 2034 3542 ἀπει-

456 3571 525 3639 λὴ
544 3570 676 3641 7:96;
708 3572 888 3631 06:6v.
916 3573 1122 3641 καὶτῆς
1157 3572 1433 3640 βασιλείας
1457 3572 1784 3642 παράλυσις,
1812 3575 2035 3644 εἰρήνης

459 3654 785 3722 ἀφανισμός.
836 3653 1224 3707 Ἐπανίσταται
1266 3654 1373 3724 γὰρ
1426 3654 1575 3725 αύτῷ
1618 3655 1772 3724 Ἀδὲρ
1800 3657 1828 3708 6
1876 3656 2034 3708 Ἰδου-

464 3737 642 3803 μαῖος,
675 3736 767 3787 καὶ
792 3736 820 3787 6
858 3735 1125 3806 Ἐσδρὼμ.
1166 3737 1549 3789 Ἐπανίσταται
1572 3737 1719 3806 αὐτῷ
1742 3738 1834 3790 καὶ
1862 3741 1891 3791 6
1910 3738 2034 3791 606-

461 3815 551 3879 λος
579 3816 741 3870 αὑτοῦ
781 3817 1080 3889 Ὶεροϐοάμ.
1125 3820 1382 3888 Ἔρχεται
1436 3820 1571 3889 πρὸς
1619 3820 1710 3872 τὸν
1756 3820 2034 3890 Ἰεροϐοάμ

475 3899 629 3969 ’Λχιᾶ
661 3903 689 3953 6
719 3903 1022 3972 προφήτης,
1058 3902 1153 3955 καὶ
1172 3902 1383 3955 δίδωσιν
1416 3903 1565 3973 αὑτῴ
1589 3903 1877 3975 διαρρῆξαι
1907 3905 2034 3975 ίμά-

460 4002 574 4037 τιον
605 3985 923 4055 τελαμῶνας
964 3996 991 4025 ει
1034 3986 1186 4049 δέκα,
1238 3986 1565 4057 προμηνύων
1602 3987 1768 4057 αὐτῷ,
1803 3990 1883 4042 ὅτι
1909 3990 2035 4042 καθ-

460 4068 571 4131 έξει
599 4067 667 4120 τὰ
698 4068 828 4121 δέκα
885 4068 1155 4139 σκῆπτρα.
1202 4069 1285 4131 Ὠς
1314 4070 1370 4122 δέ
1408 4070 1598 4140 ήθελεν
1638 4072 1799 4124 αὑτὸν
1828 4072 2035 4125 ἀνελεῖν

458 4154 489 4202 6
521 4152 791 4221 Σολομῶν,
832 4152 1033 4221 ἔφυγεν
1086 4154 1165 4215 εἰς
1222 4154 1515 4221 Αἴγυπτον.
1579 4155 1912 4225 Ἐπανῆλθεν
1940 4158 2034 4210 ἀπ’

463 4233 740 4301 Αἰγύπτου
783 4234 1081 4305 Ὶεροϐοάμ,
1130 4236 1494 4301 ἀποθανόντος
1546 4239 1910 4309 Σολομῶντος.
1977 4240 2034 4295 ’0

465 4318 519 4369 δὲ
536 4317 660 4379 λαὸς
688 4317 997 4386 προσελθὼν
1018 4318 1092 4388 τῷ
1120 4319 1352 4388 Ῥοϐοάμ
1383 4322 1483 4391 υίῴ
1509 4322 1866 4393 Σολομῶντος,
1884 4321 2033 4394 ἠξίου

468 4401 830 4471 ἐλαφροτέραν
857 4402 1037 4463 αὐτοῖς
1068 4402 1317 4469 γενέσθαι
1350 4405 1449 4473 τὴν
1474 4405 1647 4475 ἀρχὴν
1681 4406 1779 4475 τῆς
1804 4406 1897 4459 τοῦ
1936 4408 2033 4461 Σο-

462 4482 754 4551 λομῶντος.
798 4482 855 4534 ὐ
878 4484 934 4535 δέ
974 4484 1078 4536 67:6
1104 4484 1213 4536 τῶν
1244 4486 1557 4555 συντρόφων
1602 4488 1769 4541 αὑτοῦ
1802 4489 1936 4543 νέων
1957 4509 2036 4544 τι-

461 4564 568 4618 νῶν
611 4565 978 4629 ἀναπεισθεὶς,
1033 4566 1296 4637 ἠπείλησε
1352 4568 1447 4620 καὶ
1495 4568 1800 4640 βαρυτέραν
1852 4573 2035 4638 αὐτοῖς

434 4650 723 4718 ποιήσειν.
777 4649 966 4701 Ἔνθεν
1000 4649 1410 4720 ἀπεσχίσθησαν
1441 4652 1497 4703 αἰ
1543 4651 1675 4705 δέκα
1702 4654 1886 4719 φυλαὶ,
1942 4659 2036 4709 καὶ

458 4732 810 4786 ἐϐασίλευσαν
842 4734 924 4802 ἐφ’
968 4734 1177 4786 ἑαυτῶν
1219 4734 1309 4786 τὸν
1358 4732 1656 4804 Ἱεροϐοάμ.
1696 4738 1803 4789 Καλ⁸
1855 4738 2036 4807 βουλό-

460 4834 621 4887 μενον
669 4816 1091 4887 ἐπιστρατεῦσαι
1123 4816 1269 4887 αὐτῷ
1311 4817 1401 4870 τὸν
1442 4817 1675 4889 Ῥοϐοὰμ
1712 4821 1979 4875 ἐκώλυσεν
2007 4826 2035 4877 6

457 4901 609 4963 Θεός.
643 4902 728 4964 Ὠς
754 4900 809 4953 δὲ
836 4899 1336 4971 [5551ήρρώστησε
1379 4902 1440 4953 :6
1484 4902 1693 4955 παιδίον
1729 4905 2030 4976 Ἱεροϐοάμ,

458 4985 666 5053 πέμπει
694 4984 791 5054 τὴν
812 4986 1045 5051 γυναῖκα
1074 4983 1241 5035 αὑτοῦ
1283 4984 1417 5054 πρὸς
1457 4986 1610 5054 Ἀχιά
1628 4987 1717 5039 τὸν
1748 4991 2032 5059 προφήτην

459 5065 798 5135 πευσομένην
834 5066 962 5137 περὶ
987 5069 1085 5135 τῆς
1127 5067 1304 5119 νόσου.
1349 5067 1408 5119 ὐ
1438 5067 1495 5119 δὲ
1526 5064 1696 5132 εἶπεν,
1720 5070 1801 5122 ὅτι
1825 5072 2031 5123 ἀποθα-

458 5152 652 5212 νεῖται,
714 5149 807 5202 καὶ
850 5149 1139 5204 ἀπέθανεν.
1185 5150 1398 5220 ’Ὶστησι
1452 5151 1721 5221 δαμάλεις
1760 5158 1969 5225 χρυσᾶς
2004 5159 2033 5210 6

470 5230 771 5302 Ἰεροϐοάμ,
812 5231 939 5301 μίαν
970 5233 1029 5283 ἐν
1062 5233 1283 5303 Βαιθὴλ,
1320 5234 1411 5286 καὶ
1439 5234 1568 5303 μίαν
1600 5238 1656 5287 ἐν
1678 5236 1804 5303 Δάν,
1848 5237 1935 5290 ἵνα
1957 5238 2033 5308 μὴ

457 5318 819 5372 ἀναϐαίνωσιν
845 5316 925 5379 είς
962 5316 1311 5388 Ἰερουσαλὴμ
1356 5320 1384 5371 6
1412 5318 1560 5383 λαός.
1592 5320 1820 5385 θύοντος
1851 5322 1907 5375 δὲ
1936 5323 2033 5374 06-

519 5460 543 5485 ει
567 5442 892 5495 Coislinianus
906 5443 1058 5493 codex
1085 5443 1269 5506 ἱμάτιον
1286 5446 1553 5508 τελαμῶνος
1574 5449 2031 5513 ωθηόοεθ-ιυεόιι-

457 5519 627 5583 pensis
647 5518 918 5583 τελαμῶνας
940 5518 1071 5583 δέκα,
1086 5515 1151 5583 fini
1167 5515 1360 5583 [089503,
1375 5516 1423 5567 in
1440 5518 1640 5571 lacinias
1652 5520 1829 5572 decem.
1845 5524 2031 5583 D’Y‘D

487 5583 690 5640 ήγματα,
717 5578 937 5645 ίιιςίῃὶίιδ,
962 5580 1031 5626 sic
1056 5582 1097 5625 οἱ
1124 5579 1207 5627 0’.
1232 5580 1358 5645 Ρυιο
1381 5588 1546 5645 aqlem
1572 5584 1660 5631 hoc
1683 5583 1730 5630 in
1759 5580 2028 5645 exempla“

480 5638 786 5707 ihﬁsnslomi
810 5638 955 5707 fgigsg
982 5661 992 5687 :
1021 5653 1126 5688 nam
1154 5648 1207 5689 ut
1237 5643 1381 5707 modo
1399 5643 1638 5707 dicebam,
1664 5646 1783 5695 mira
1812 5638 1920 5698 (πειὶ
1941 5663 2029 5697 οχο

459 5701 801 5763 emplariorum
832 5700 1125 5767 Biblicorum
1151 5700 1373 5752 varielas.

1143 269 1199 325 S.
1241 266 1523 325 JOANNIS
1558 263 2055 323 CHRYSOSTOMI
2089 259 2412 319 ARCHIEP.
2451 260 3009 322 CONSTANTINOP.
3618 265 3678 345 δι

2142 377 2236 433 τοῦ
2258 379 2397 444 ἐκεῖ,
2432 377 2543 431 ίδοὺ
2576 376 2859 448 ἄνθρωπος
2884 376 2979 431 τοῦ
3003 374 3151 461 Θεοῦ
3172 376 3362 443 ἐλθὼν,
3398 385 3680 461 προφητεή

2231 462 2375 517 κατά
2536 461 2907 553 Α’ίωσίανρςαὶ
2930 460 3202 553 ἐξηράνθη
3296 463 3680 553 1519:06931

2138 545 2296 610 λέως,
2319 545 2414 599 καὶ
2452 546 2665 637 ἐρράγη
2680 545 2753 638 ~:6
2788 544 3189 639 θυσιαστήριον.
3548 548 3604 599 δὲ

2136 631 2418 701 προφήτου
2449 627 2543 680 τοῦ
2574 626 2732 689 Θεοῦ,
2784 627 3001 695 ὑγίανεν
3029 631 3057 682 6
3084 628 3353 697 βασιλεύς.
3392 629 3420 669 ιι
3450 630 3557 682 Καὶ
3588 626 3682 703 παῤ

2138 710 2323 765 εκάλει
2372 710 2465 763 τὸν
2514 710 2801 781 προφήτην
2843 711 3160 782 ἐστιαθῆναι
3216 714 3345 782 παρ’
3372 714 3540 783 αὐτῷ.
3585 712 3684 770 ⁸01

2134 795 2235 847 οὐκ
2259 793 2538 864 ἠνέσχετο,
2577 795 2905 866 πρόσταγμα
2953 796 3233 864 φυλάττων
3265 798 3362 851 τοῦ
3398 797 3556 865 Θεοῦ,
3588 800 3683 851 ὅπε

2135 875 2361 947 ὕστερον
2408 877 2689 947 παραϐάς,
2730 878 2971 949 ἀνῃρέθη
3008 878 3112 932 67:6
3144 878 3237 932 :06
3281 881 3516 943 λέοντος.
3556 882 3616 934 '0
3668 872 3686 937 ί

2146 959 2427 1031 Ἱεροϐοάμ
2469 960 2551 1014 ἔτι
2582 959 2817 1031 ἐπέμενε
2846 963 2913 1032 τῇ
2948 962 3119 1035 κακίᾳ
3165 963 3349 1027 06:06,
3384 964 3479 1016 καὶ
3526 966 3555 1017 6
3602 950 3686 1035 Ῥέ

2135 1022 2281 1113 ϐοάμ
2310 1022 2771 1115 εἰδωλολάτρησεν
2788 1022 3208 1116 ἐτη”πάντα’τῆς
3231 1022 3507 1116 βασίλείας
3535 1022 3688 1102 αὑτά

2148 1124 2347 1179 Ἐλθὼν
2367 1128 2677 1197 Σουσακεὶμ
2693 1138 2717 1165 ε
2738 1126 2899 1179 ἔλαϐε
2924 1129 3051 1191 τοὺς
3079 1127 3405 1200 θησαυρούς.
3421 1130 3581 1183 Μετά
3604 1120 3690 1191 τοι

2134 1226 2227 1261 τον
2260 1209 2531 1279 βασιλεύει
2570 1210 2758 1275 Ἀϐιάς
2788 1213 2818 1264 6
2850 1212 2965 1275 υίὸς
2992 1212 3182 1279 αὑτοῦ,
3218 1214 3314 1267 καὶ
3355 1215 3495 1282 μετά
3531 1215 3690 1269 τοῦτι

2133 1292 2162 1343 6
2195 1292 2313 1357 υίὸς
2370 1292 2464 1346 τοῦ
2512 1293 2667 1347 Ἀϐιᾶ
2699 1296 2730 1347 6
2775 1294 2928 1347 ’Δσᾶ.
2984 1294 3138 1348 Μετά
3185 1296 3244 1349 δὲ
3293 1297 3383 1349 τὸν
3437 1297 3692 1369 Ἱεροϐοὴ

2136 1374 2408 1443 βασιλεύει
2433 1377 2461 1429 6
2487 1376 2601 1440 υίὸς
2625 1376 2791 1430 06:06
2828 1377 3009 1431 ’Δδάϐο
3039 1377 3101 1431 ὃν
3128 1378 3334 1433 ἀνελὼν
3362 1380 3513 1434 Βασᾶ
3534 1380 3692 1443 ἐϐασί

2133 1457 2313 1522 λευσε,
2352 1460 2443 1512 καὶ
2472 1458 2728 1531 ἐπολέμει
2749 1460 2842 1513 τὸν
2867 1462 3022 1515 Ἀσᾶ.
3068 1462 3124 1516 Ὀ
3145 1462 3284 1534 δὲτῇ
3315 1465 3605 1537 συμμαχίᾳ
3632 1482 3693 1539 το

2134 1539 2308 1611 Σύρου
2341 1542 2505 1613 Ἀδερ
2548 1544 2912 1614 χρησάμενος,
2961 1546 3420 1616 ἐπικρατέστερος
3474 1549 3694 1615 γέγονεν

2146 1624 2233 1687 Ὧς
2256 1625 2311 1676 δὲ
2340 1625 2573 1694 πονηρὸς
2600 1622 2666 1697 ἦν
2691 1629 2719 1680 6
2752 1627 2920 1690 Βασᾶ,
2952 1628 3166 1680 ἀπειλεί
3196 1629 3343 1700 αὐτῷ
3362 1631 3390 1682 6
3420 1630 3555 1693 Θεὸς
3578 1620 3696 1685 κακί

2136 1707 2370 1776 μεγάλα.
2414 1707 2798 1772 Ἀποθανόντος
2834 1710 2892 1763 δέ
2926 1710 3091 1763 αὑτοῦ
3137 1712 3485 1766 ἐϐασίλευσεν
3528 1716 3695 1767 Ἐλᾶι

2134 1791 2247 1853 υίὸς
2304 1791 2492 1858 αὐτοῦ,
2533 1792 2592 1844 ὃν
2640 1792 2843 1845 ἀνελὼν
2885 1795 3102 1865 Ζαμϐρὶ
3141 1791 3220 1859 εἷς
3270 1797 3378 1851 τῶν
3417 1798 3697 1868 ἀρχόντων

2132 1873 2468 1940 ἐϐασίλευσε,
2532 1877 2626 1928 καλ⁵
2657 1876 2961 1948 ὠλόθρευσε
3013 1879 3104 1931 τὸν
3156 1876 3305 1937 οἷκον
3336 1881 3505 1937 Βασᾶ.
3541 1883 3638 1944 '0;
3670 1882 3699 1937 ἃ

2132 1959 2229 2011 καὶ
2269 1958 2486 2030 Ζαμϐρὶ
2532 1958 2802 2013 ἀπέθανεν
2856 1962 3047 2015 ἐαυτὸν
3078 1963 3389 2035 ἐμπρήσας,
3445 1966 3699 2035 βασιλεύε

2146 2041 2363 2113 ’Λμϐρί.
2400 2042 2489 2106 Ὧς
2516 2042 2573 2097 δέ
2612 2044 2853 2098 ἀπέθανε
2887 2048 2982 2099 καὶ
3006 2039 3183 2114 οὗτος,
3224 2049 3702 2120 βασιλεύειΆχαάί

2131 2128 2163 2181 6
2219 2128 2334 2191 υίὸς
2387 2126 2576 2183 αὐτοῦ.
2625 2128 2909 2183 Βασιλεύει
2965 2132 2995 2184 6
3044 2131 3159 2195 υίὸς
3224 2132 3359 2187 Ἀσᾶ
3425 2136 3701 2204 Ἰωσαφάτ

2145 2212 2383 2265 ’Δπειλεῖ
2426 2212 2613 2277 Ἠλίας
2633 2215 2662 2267 6
2691 2215 2979 2287 προφήτης
3011 2215 3089 2286 τῷ
3125 2216 3327 2285 ’Δχαάϐ
3352 2217 3455 2289 τήν
3487 2223 3704 2288 γενομέι

2133 2312 2230 2366 νην
2247 2295 2550 2366 ἀνομϐρίαν
2570 2296 2664 2350 ἐπὶ
2698 2298 2827 2368 τρία
2854 2298 2948 2369 ἐτη
2986 2300 3080 2352 καὶ
3119 2300 3291 2370 μῆνας
3326 2300 3406 2365 ἐξ.
3440 2302 3579 2355 Τότε
3610 2303 3703 2356 δια·

2132 2379 2393 2451 τρέφεται
2414 2380 2501 2435 διά
2521 2381 2628 2433 τῶν
2660 2381 2912 2452 κοράκων
2939 2383 2967 2435 6
3000 2383 3307 2455 προφήτης.
3350 2386 3629 2439 Ἐνταῦθα
3654 2392 3706 2441 τί

2134 2462 2276 2515 κατά
2300 2461 2399 2533 τὴν
2432 2463 2605 2534 χήραν
2621 2464 2719 2535 τὴν
2751 2462 2809 2517 ἐν
2836 2456 3155 2535 Σαρέφθοις,
3187 2465 3256 2519 τά
3290 2466 3429 2521 κατά
3461 2468 3553 2521 τὸν
3582 2488 3707 2539 λαμπ

2130 2544 2316 2615 ψάκην
2341 2544 2435 2598 τοῦ
2467 2545 2667 2613 ἐλαίου,
2696 2546 2789 2599 καὶ
2837 2546 2938 2617 τὴν
2966 2547 3153 2619 ὑδρίαν
3189 2547 3283 2602 τοῦ
3326 2550 3586 2621 ἀλεύρου,
3631 2550 3707 2604 κα]

2134 2629 2225 2681 τὸν
2278 2626 2512 2682 θάνατον
2560 2630 2653 2683 τοῦ
2691 2629 2927 2693 παιδίου,
2960 2632 3054 2685 καὶ
3098 2632 3199 2703 τὴν
3226 2634 3291 2686 ἐκ
3333 2634 3428 2688 τοῦ
3483 2634 3710 2688 θανάτου

2135 2712 2374 2781 ἐγερσιν.
2420 2712 2834 2767 Ἀποστέλλεται
2878 2714 3017 2788 πρὸς
3054 2715 3147 2769 τὸν
3191 2716 3394 2787 ’Δχαάϐ
3431 2720 3462 2771 6
3509 2719 3709 2782 Ἠλίας,

2135 2796 2230 2848 καὶ
2260 2798 2405 2848 ποιεῖ
2444 2796 2544 2866 τὴν
2584 2796 2796 2861 θυσίαν,
2832 2797 2928 2852 καὶ
2960 2798 3259 2869 καταφέρει
3288 2801 3349 2854 :6
3390 2800 3506 2873 πῦρ
3534 2802 3601 2867 ἐξ
3633 2804 3712 2855 ού‹

2138 2879 2320 2951 ρανοῦ,
2362 2880 2457 2933 καὶ
2486 2880 2766 2934 ἀναλίσκει
2794 2881 2983 2951 αὐτήν.
3019 2883 3152 2936 Τότε
3184 2884 3363 2939 λαϐὼν
3392 2887 3522 2951 τοὺς
3557 2889 3712 2956 ἱερεῖς

2077 3001 2100 3024 .,
2133 2962 2227 3016 τοῦ
2253 2962 2398 3015 Βαάλ
2428 2963 2729 3032 ἀπέσφαξε.
2775 2964 2909 3017 Τότε
2943 2965 3351 3034 εὐαγγελίζεται
3392 2967 3473 3038 τῷ
3518 2970 3714 3039 Ἀχαέιε

2083 3090 2098 3124 ,i
2133 3047 2224 3100 :6v
2263 3047 2435 3100 ὑετόν.
2473 3049 2583 3100 Καὶ
2627 3045 2863 3101 ἀνελθὼν
2906 3050 2986 3111 είς
3033 3050 3127 3102 τὸν
3176 3050 3473 3121 Κάρμηλον
3520 3053 3713 3124 ηὖξατι

2090 3130 2098 3173 ἲ
2147 3130 2352 3195 Ἠλίας,
2406 3130 2501 3184 καὶ
2532 3132 2803 3201 ποιεῖτὴν
2831 3130 3041 3185 θυσίαν·
3089 3133 3200 3187 ἰδοὺ
3240 3135 3411 3197 ύετός.
3474 3137 3716 3191 ’Δπειλεῐ

2133 3213 2211 3284 τῷ
2250 3213 2405 3284 Ἠλίᾳ
2436 3213 2663 3266 θάνατον
2708 3213 2995 3285 Ἰεζάϐελή
3028 3217 3163 3287 γυνη
3202 3215 3295 3271 τοῦ
3340 3217 3577 3287 Ἀχαάϐ,
3609 3222 3639 3273 6
3673 3220 3716 3272 δὲ

2134 3295 2353 3367 ἔρχεται
2372 3296 2451 3359 είς
2475 3296 2574 3367 τὴν
2601 3295 2824 3367 ἔρημον,
2854 3298 2947 3350 καὶ
2971 3298 3276 3369 κοιμηθεὶς,
3296 3301 3389 3353 καὶ
3412 3301 3716 3373 διεγερθεὶς

2135 3378 2239 3431 67:6
2278 3378 2509 3448 ἀγγέλου
2564 3377 2719 3442 Θεοῦ,
2774 3372 2931 3450 εὗρεν
2966 3382 3265 3451 ἐγκρυφίαν
3314 3372 3601 3453 ὀλυρίτην,
3640 3388 3716 3439 καῖ

2135 3460 2324 3531 φαγὼν
2369 3459 2551 3525 αὑτὸν,
2597 3459 2895 3529 ἐνίσχυσεν.
2938 3463 3025 3515 Ἐν
3056 3465 3237 3537 ἐκείνῃ
3263 3468 3325 3536 τῇ
3364 3466 3576 3537 βρώσει
3608 3488 3715 3521 τεσς

2138 3543 2676 3615 σαράκονταήμέρας
2704 3540 2866 3613 ἦλθεν
2886 3545 2966 3608 είς
2994 3546 3217 3617 Χωρήϐ.
3249 3550 3379 3601 Τότε
3405 3550 3586 3617 λέγει·
3619 3553 3716 3605 Κύ-

2137 3642 2241 3696 ριε,
2270 3627 2338 3680 τά
2354 3626 2715 3697 θυσιαστήριά
2751 3644 2844 3680 σου
2868 3627 3238 3698 κατέσκαψαν.
3275 3631 3357 3684 Τά
3403 3630 3589 3703 ζεύγη
3625 3637 3715 3687 τιῖλ

2137 3708 2277 3779 βοῶν
2304 3710 2466 3779 ἀφεὶς
2485 3712 2514 3763 6
2546 3710 2842 3775 Ἐλισσαῖος
2868 3711 3151 3765 ἀκολουθεῖ
3180 3714 3258 3784 τῷ
3292 3714 3470 3785 Ἠλία.
3514 3719 3715 3771 Ἐντεῦ

2138 3793 2231 3846 θεν
2250 3794 2309 3847 τὸ
2331 3794 2578 3865 διήγημα
2605 3794 2668 3845 :6
2698 3793 2839 3846 κατά
2860 3793 2949 3847 τὸν
2970 3795 3265 3866 ἀμπελῶνα
3293 3798 3386 3851 τοῦ
3413 3800 3715 3854 Ναϐουθαί⁴

2137 3877 2233 3929 καὶ
2259 3878 2291 3946 ή
2314 3876 2511 3946 ἀπειλὴ
2544 3875 2686 3929 κατά
2722 3875 2958 3943 Ἰεζάϐελ
2978 3878 3071 3931 καὶ
3114 3878 3337 3948 ’Ᾱχαάϐ,
3364 3882 3461 3933 καὶ
3494 3885 3532 3952 ὴ
3566 3887 3716 3938 κατὰ⁴

2135 3958 2283 4023 νυξις
2335 3958 2427 4011 τοῦ
2496 3958 2719 4029 Ἀχαάϐ.
2775 3959 3003 4029 Ἑπῆλθε
3059 3960 3137 4031 τῷ
3200 3962 3414 4033 Ἰσραὴλ
3470 3966 3505 4017 6
3560 3967 3716 4036 Σύρος

2140 4043 2304 4115 Ἀδερ
2348 4041 2487 4111 μετά
2540 4043 2929 4115 τριακονταδύο
2978 4043 3265 4113 βασιλέων·
3313 4048 3341 4099 6
3381 4048 3437 4101 δὲ
3503 4050 3716 4121 ἐχειρώ-

2136 4143 2267 4179 σατο
2294 4124 2510 4190 αύτούς.
2540 4127 2648 4179 Καὶ
2673 4126 2925 4198 δεύτερον
2950 4128 3382 4199 ἐπιστρατεύσας
3420 4136 3716 4204 περιέπεσε

2136 4210 2316 4281 πληγῇ
2355 4208 2584 4282 μεγάλῃ.
2630 4208 2715 4271 Ὠς
2741 4209 2799 4262 δέ
2827 4209 2973 4281 ἐώρα
2997 4212 3190 4266 ἐαυτὸν
3218 4215 3276 4267 ἐν
3307 4215 3573 4287 κινδύνῳ,
3598 4220 3716 4289 σχῆ-

2140 4312 2214 4365 μα
2265 4292 2617 4363 περιθέμενος
2650 4293 2900 4357 ἐλεεινὸν,
2933 4294 3149 4365 ἔρχεται
3181 4298 3315 4369 πρὸς
3353 4298 3448 4351 τὸν
3495 4302 3715 4371 Ἀχαάϐη

2134 4376 2317 4429 δοῦλον
2347 4374 2495 4448 [354]
2529 4376 2719 4428 ἑαυτὸν
2751 4376 3059 4441 ἀποκαλῶν,
3096 4380 3187 4431 καὶ
3230 4381 3544 4452 ἀγαπητῶς
3597 4385 3715 4455 ἔχω

2136 4460 2410 4529 σωτηρίας
2455 4461 2656 4528 τυχεῖν.
2723 4459 2782 4512 Ὀ
2819 4460 2874 4512 δὲ
2912 4460 3197 4514 ἀνεϐίϐασέ
3227 4480 3285 4515 τε
3334 4464 3507 4518 αὐτὸν
3540 4468 3641 4520 ἐπὶ
3678 4467 3716 4520 τί

2134 4542 2310 4611 ἅρμα,
2351 4541 2445 4593 καὶ
2473 4540 2641 4611 τιμῆς
2669 4540 2927 4606 ἀξιώσας,
2954 4542 3258 4615 ἐξέπεμψεν
3280 4548 3361 4610 είς
3389 4548 3497 4618 τὴν
3514 4551 3715 4603 οίκείαε

2134 4624 2262 4694 γῆν.
2289 4625 2545 4695 Ἔρχεται
2574 4624 2603 4675 ὁ
2638 4626 2927 4694 προφήτης
2958 4626 3204 4695 ἐγκαλῶν
3234 4629 3373 4701 ὑπὲρ
3402 4631 3634 4686 τούτων
3662 4634 3716 4703 τᾷ

2136 4707 2363 4779 βασιλεῖ,
2392 4708 2486 4760 καὶ
2511 4706 2737 4760 θάνατον
2774 4708 3032 4765 ἀπειλῶν.
3072 4710 3391 4771 Βουλεύεται
3416 4716 3447 4766 6
3492 4716 3715 4786 ’Δχαάϐ

2135 4791 2185 4843 εἰ
2217 4790 2323 4844 δέοι
2363 4790 2786 4861 ἐπιστρατεῦσαι
2832 4793 2943 4855 τοῖς
2972 4790 3185 4863 Σύροις·
3237 4796 3329 4848 καὶ
3377 4801 3715 4867 σιψιϐοιιλεύ⁴

2136 4891 2327 4937 σαντος
2364 4872 2458 4926 τοῦ
2504 4873 2772 4942 Ἰωσαφὰτ
2800 4874 3065 4943 βασιλέως
3105 4876 3292 4942 Ἰούδα,
3327 4881 3715 4953 μετάπεμπτα

2133 4960 2339 5027 γίνεται
2364 4958 2605 5028 Μιχαίας
2631 4958 2661 5011 6
2687 4960 2990 5030 προφήτης,
3018 4961 3113 5013 καὶ
3142 4961 3438 5033 ἐρωτηθεὶς
3462 4968 3712 5036 προλέγε

2134 5043 2441 5113 συμφορὰς,
2471 5044 2523 5096 εί
2546 5042 2924 5114 πολεμήσειεν.
2972 5043 3281 5115 Ὀργίζεται
3302 5047 3330 5099 6
3372 5048 3625 5119 Ἀχαάεο
3648 5052 3715 5105 τί,

2132 5145 2256 5180 πτει
2289 5128 2378 5181 τὸν
2428 5127 2669 5196 Μιχαίαν
2708 5127 2961 5192 Σεδεκίας
3003 5129 3032 5181 6
3080 5129 3572 5203 ψευδοπροφήτης.
3628 5136 3716 5187 K5-

2132 5212 2345 5266 λεύεται
2362 5212 2563 5281 Ἀχαάϐ
2585 5210 2867 5282 τηρεῖσθαι
2892 5212 3130 5283 Μιχαίαν
3142 5214 3231 5266 τὸν
3244 5215 3711 5289 ψευδοπροφήτην

2132 5296 2235 5357 ἕως
2265 5295 2329 5347 ἂν
2358 5296 2387 5347 6
2418 5295 2649 5365 πόλεμος
2665 5294 2803 5366 λάϐῃ
2847 5296 3016 5359 τέλος.
3068 5296 3285 5367 Ἐξῆλθε
3323 5300 3710 5371 μαχεσάμενος

2133 5378 2225 5432 καί
2260 5395 2392 5447 φησι
2414 5378 2491 5448 τῷ
2526 5379 2814 5447 Ἰωσαφάτ*
2858 5380 2911 5431 Ἀ
2923 5379 3207 5452 μείψωμεν
3227 5380 3288 5432 :6
3310 5382 3506 5451 σχῆμα
3524 5386 3628 5436 καὶ
3648 5385 3715 5437 :61

2135 5464 2443 5534 ἱματισμόν·
2489 5462 2668 5516 λαϐὼν
2713 5462 2825 5531 ἐγὼ
2854 5462 2947 5517 τὸν
2986 5464 3100 5531 σὺν,
3142 5464 3465 5535 άντιδίδωμί
3518 5486 3607 5522 σοι
3646 5469 3715 5521 :67

2191 5586 2217 5625 δ
2242 5587 2329 5650 Hic.
2352 5587 2533 5650 desunt
2560 5586 2763 5647 paucula
2788 5586 2936 5650 verba
2958 5588 3243 5650 inituroque
3262 5591 3457 5640 eodire.

2194 5651 2215 5678 ο
2258 5648 2371 5698 [ΚΧ
2392 5648 2942 5719 ἰαινεδτρτεξῐςξδξιουσακίμ
2954 5648 3231 5719 ὴιιζξρηιίρι
3252 5654 3324 5701 sic
3346 5657 3506 5703 etiam
3533 5655 3716 5719 Lugdu‘

2135 5724 2301 5759 DCUS'b
2326 5711 2498 5759 codex.
2526 5710 2850 5761 CoiSYinianus
2876 5723 2996 5760 vero
3019 5713 3279 5770 Σουσακὴν.
