3722 6274
23 306 95 364 ΗΘ
1051 291 1373 353 SYNOPSIS
1408 288 1815 349 SCRIPTURA'J
1854 288 2125 348 SACRzE.

24 442 96 485 πων.
120 434 175 479 et
218 424 364 478 circa
406 419 547 475 ﬁlios
585 415 836 480 Berzelli,
869 422 927 468 ut
969 413 1093 467 illos
1122 412 1176 466 in
1227 410 1433 465 honore
1477 406 1578 461 ha-

24 522 132 581 beat,
161 524 217 570 et
259 527 463 569 mensae
500 510 664 580 regiae
706 515 988 562 consortes
1029 504 1207 559 l'aciat.
1254 501 1580 570 Moriturqne

24 618 269 678 mstquam
295 618 469 658 annos
487 599 838 672 quadraginta
862 602 1201 667 regnarent.

489 746 777 789 REGNORUI
807 745 962 785 LIBER
1002 744 1077 783 111.

68 870 268 928 Occidit
296 867 516 924 Orniam
545 866 823 931 Salomon,
851 862 977 934 quia
1008 861 1289 917 Abisacam
1316 860 1577 929 petierat,

24 975 55 1022 tt
78 962 417 1019 Abiatbarem
465 959 622 1028 ejecit
662 972 728 1012 ex
773 953 1096 1011 sacerdotio.
1134 952 1460 1022 lmpletaque
1498 960 1582 1006 est

24 1054 335 1111 :otnminatiu
377 1063 566 1106 contra
611 1047 697 1103 Eli
726 1047 884 1112 data;
914 1061 981 1101 ex
1021 1045 1115 1099 illo
1142 1058 1371 1113 namque
1411 1056 1582 1112 genus

24 1147 222 1203 lucebat
260 1142 542 1199 Abiatbar.
587 1139 789 1195 Occidit
833 1146 1010 1191 autem
1057 1135 1318 1199 Joabum;
1371 1133 1581 1189 Sadduc

24 1248 167 1293 uitem
192 1234 474 1291 constituit
495 1231 831 1287 sacerdotem
862 1244 961 1298 pro
982 1227 1294 1283 Abiatbare.
1327 1226 1578 1294 Praecep-

23 1338 105 1383 lllltl
134 1327 228 1381 dat
253 1326 432 1382 Semei
459 1324 736 1388 Salomon,
767 1330 823 1375 ut
848 1334 1062 1389 semper
1087 1320 1140 1372 in
1170 1317 1301 1373 urbe
1327 1326 1578 1372 maneat:

23 1423 48 1473 ti
73 1429 241 1473 autem
262 1428 417 1472 exeat
442 1430 718 1485 umquam,
748 1413 797 1467 id
826 1427 931 1466 non
961 1412 1177 1481 impune
1203 1411 1459 1473 futurum,
1478 1410 1579 1466 sed

24 1524 163 1567 morte
188 1509 556 1566 mulctandutn
584 1522 726 1563 esse.
754 1507 886 1561 Cum
914 1518 1099 1560 servos
1120 1504 1440 1573 perdidisset
1462 1504 1574 1567 ille,

24 1604 226 1659 mandati
254 1602 455 1657 oblitus
473 1642 488 1666 ,
519 1613 767 1670 egressus
791 1606 876 1652 est
903 1604 960 1650 ut
987 1604 1254 1665 quareret
1271 1607 1286 1645 :
1304 1608 1409 1664 quo
1432 1608 1580 1649 com-

23 1710 149 1766 peth
195 1695 452 1750 Salomon
496 1690 762 1747 interfecit
810 1703 954 1744 eum.
1003 1687 1077 1741 De
1121 1684 1379 1754 sapientia
1428 1684 1579 1740 Salo-

24 1789 166 1841 monis
192 1786 488 1851 enarratio,
521 1783 589 1838 de
618 1795 749 1852 pace
790 1795 909 1850 quze
938 1777 1053 1847 ejus
1079 1786 1319 1846 tempore
1350 1772 1481 1840 fuit,
1512 1774 1579 1830 de

24 1881 387 1950 tuagniﬁceutia
418 1876 646 1948 prandii,
676 1875 745 1929 de
765 1872 1032 1938 curribus,
1057 1869 1125 1925 de
1150 1870 1324 1940 equis,
1347 1866 1414 1923 de
1433 1866 1578 1922 omni

24 1989 186 2042 genere
213 1972 546 2025 divitiarum.
580 1969 715 2024 Petit
742 1965 998 2021 Salomon
1035 1962 1355 2033 sapientiam
1384 1975 1415 2015 a
1445 1961 1575 2015 Deo.

24 2067 143 2120 fune
169 2065 379 2136 judirat
407 2063 478 2119 de
504 2061 712 2118 duabus
752 2057 1065 2114 mulieribus
1091 2071 1211 2127 quae
1257 2054 1407 2110 illum
1437 2054 1577 2108 circa

29 2157 248 2211 nfautcm
276 2156 541 2210 adierant.
587 2152 822 2208 Rursum
868 2150 937 2205 de
978 2148 1240 2219 sapientia
1281 2147 1579 2203 Salomonis

24 2250 255 2318 oquitur;
283 2247 354 2302 de
391 2246 597 2301 lautitia
629 2259 829 2300 mensae
873 2242 992 2312 ejus
1013 2283 1027 2307 ,
1070 2251 1123 2297 et
1149 2239 1364 2312 quinam
1392 2239 1576 2309 hujus-

24 2343 135 2396 modi
175 2340 358 2397 ofﬁcio
404 2339 775 2409 fungerentur.
818 2337 979 2391 Mittit
1022 2335 1089 2390 ad
1136 2334 1352 2391 Chiram
1396 2349 1578 2403 regem

24 2435 145 2505 Tyri,
164 2435 422 2505 lignarios
436 2444 624 2503 petens
643 2430 996 2487 conductitios
1024 2446 1038 2483 :
1068 2428 1156 2483 ille
1175 2442 1305 2482 vero
1331 2427 1576 2497 praebuit.

23 2527 95 2581 llic
115 2527 287 2597 agitur
310 2525 380 2581 de
405 2539 693 2595 operarum
721 2536 966 2588 numero,
993 2527 1048 2575 et
1075 2518 1144 2574 de
1168 2518 1407 2573 materia:
1429 2518 1580 2587 copia

24 2619 66 2673 Id
92 2620 502 2675 exstructionem
521 2616 700 2686 templi
730 2622 911 2688 parata
936 2631 951 2668 :
972 2612 1208 2681 sequitur
1232 2610 1427 2666 deinde
1446 2620 1580 2664 tem-

23 2712 77 2782 pli
102 2712 451 2767 constructio.
482 2711 741 2765 Precatur
781 2707 1032 2763 Salomon
1065 2706 1119 2760 in
1151 2704 1369 2776 templo,
1397 2715 1450 2760 et
1476 2705 1577 2759 im-

24 2805 176 2869 molat,
198 2803 529 2873 domumque
552 2800 783 2856 dedicat.
816 2798 1086 2854 Promittit
1112 2796 1190 2851 illi
1218 2796 1358 2852 bona
1385 2797 1528 2852 Deus
1556 2836 1572 2865 ,

23 2897 51 2950 si
66 2897 377 2952 custodierit
403 2895 649 2950 mandata
684 2894 869 2963 ipsius,
890 2901 945 2946 et
967 2890 1301 2946 contrarium
1320 2889 1577 2957 minatur,

23 2986 51 3040 ti
72 2987 444 3056 praevaricatus
482 2985 663 3041 fuerit.
692 2984 821 3038 Erat
842 2991 1023 3037 autem
1052 2980 1126 3034 illi
1152 2980 1303 3036 navis
1337 2994 1457 3050 quae
1486 2996 1580 3034 au-

24 3094 115 3133 rum
142 3079 393 3136 vehebat.
422 3077 659 3134 Historia
684 3076 883 3147 regina:
925 3074 1129 3141 Austri,
1157 3088 1276 3144 qua:
1305 3074 1490 3140 venit,
1522 3082 1581 3128 ut

24 3171 207 3226 indiret
232 3170 555 3242 sapientiam
581 3170 718 3239 ejus.
752 3168 828 3223 De
870 3166 1175 3237 ingentibus
1214 3164 1331 3234 ejus
1359 3163 1578 3230 divitiis,

24 3264 74 3317 de
99 3264 257 3317 armis
279 3264 461 3318 aureis
488 3277 606 3332 qum
635 3261 747 3330 ipse
773 3258 934 3324 fecit;
968 3256 1036 3312 de
1059 3256 1208 3327 regni
1256 3254 1371 3325 ejus
1396 3254 1579 3309 limiti-

24 3356 118 3411 bus.
150 3357 281 3411 Hinc
305 3357 375 3411 de
423 3353 722 3410 idololatria
767 3351 886 3423 ejus
914 3359 969 3406 ct
1010 3350 1076 3404 de
1120 3348 1434 3411 olfeusione,
1477 3363 1581 3418 qua

23 3445 162 3500 Deum
192 3446 439 3501 oﬁ'cndit.
472 3444 603 3499 llinc
630 3444 789 3498 mina:
807 3441 1065 3496 adversus
1092 3439 1239 3494 illum
1268 3440 1540 3494 intentata:
1561 3479 1578 3505 ,

23 3541 252 3609 regnique
273 3539 391 3608 ejus
418 3537 635 3599 solutio,
666 3549 874 3606 paxque
901 3533 1129 3588 sublata.
1169 3530 1411 3586 Rebellat
1438 3533 1581 3588 enim

24 3640 178 3685 centra
226 3630 377 3684 illum
425 3628 571 3684 Ader
615 3627 900 3692 ldumwus,
948 3634 1002 3679 et
1044 3625 1291 3679 Esdrom.
1336 3623 1582 3681 Rebellat

24 3724 155 3778 etiam
183 3733 373 3778 contra
426 3723 574 3777 illum
623 3720 909 3777 Jeroboam
948 3732 1134 3774 servus
1164 3716 1301 3787 ejus.
1337 3715 1491 3772 Venit
1515 3716 1582 3773 ad

24 3814 281 3870 leroboam
332 3814 503 3870 Achia
559 3813 836 3883 propheta,
869 3810 1064 3882 datque
1103 3808 1179 3864 illi
1230 3808 1581 3865 scindendum

23 3908 377 3963 vestimentum
426 3907 479 3961 in
512 3906 732 3961 lacinias
764 3902 953 3961 decem
976 3944 992 3971 ,
1043 3900 1467 3974 praesigniﬁcans
1507 3902 1583 3958 illi

24 3996 136 4066 quod
163 3997 354 4052 decem
381 4006 590 4066 sceptra
616 3994 893 4051 habiturus
923 4002 1088 4049 esset.
1116 3992 1248 4048 Cum
1280 4007 1441 4064 porro
1468 3992 1581 4048 vel-

24 4088 73 4144 let
90 4089 344 4145 Salomon
368 4090 516 4145 illum
547 4085 814 4153 occidere,
837 4085 971 4157 fugit
1001 4085 1052 4141 in
1083 4083 1397 4157 Egyptum.
1422 4084 1584 4141 Redit

24 4181 71 4238 Ib
91 4182 325 4256 {Egypto
367 4181 676 4249 Jeroboam,
731 4186 946 4235 mortuo
986 4177 1294 4233 Salomone.
1347 4176 1583 4248 Populus

24 4284 170 4331 autem
196 4276 391 4330 adiens
417 4274 661 4329 Roboam
691 4272 860 4326 ﬁlium
907 4269 1229 4337 Salomonis,
1258 4269 1478 4341 rogabat
1507 4269 1581 4326 le-

24 4366 144 4422 viore
171 4366 276 4421 frui
308 4365 554 4436 imperio,
586 4378 746 4436 quam
768 4362 868 4418 sub
888 4362 1210 4427 Salomone;
1250 4360 1339 4417 ille
1367 4376 1493 4416 vero
1515 4376 1581 4417 ex

24 4461 221 4514 tonsilio
237 4460 497 4530 juvenum
525 4455 879 4527 quorumdam
904 4496 920 4520 ,
963 4455 1053 4525 qui
1084 4469 1202 4509 cum
1229 4453 1344 4524 ipso
1371 4452 1583 4509 educati

23 4548 228 4617 fuerant,
262 4551 498 4606 minatus
523 4557 607 4604 est
629 4563 689 4604 se
714 4548 957 4618 graviore
978 4559 1198 4600 usurum
1224 4546 1469 4615 imperio.
1500 4545 1583 4600 ln-

24 4643 271 4699 Lledivisze
296 4650 423 4697 sunt
450 4639 636 4695 decem
666 4637 861 4705 tribus,
911 4645 967 4693 et
1004 4650 1184 4706 regem
1225 4636 1327 4691 sibi
1381 4638 1583 4692 consti-

24 4749 208 4794 tuerunt
242 4738 555 4795 Jeroboam.
584 4735 823 4791 Roboam
853 4747 980 4788 vero
1003 4732 1274 4786 volentem
1300 4740 1483 4786 contra
1516 4731 1582 4785 il-

24 4844 107 4883 lum
128 4846 347 4886 movere
382 4828 581 4884 bellum
613 4827 751 4881 Deus
767 4823 1027 4879 cohibuit.
1054 4821 1189 4877 Cum
1224 4832 1400 4876 autem
1416 4835 1584 4891 aegro-

24 4932 130 4976 aret
153 4923 295 4977 ﬁlius
324 4921 634 4983 Jeroboam,
662 4917 824 4972 mittit
850 4929 1070 4971 uxorem
1098 4929 1246 4968 suam
1277 4912 1343 4967 ad
1362 4913 1583 4967 Achiam

24 5015 339 5084 trophetam,
362 5012 430 5068 de
479 5010 671 5066 morbo
713 5009 1139 5065 sciscitaturam:
1169 5005 1260 5061 ille
1295 5019 1424 5061 vero
1451 5005 1587 5060 dixit

24 5120 111 5159 asse
140 5106 487 5167 moriturum,
510 5113 564 5158 et
594 5109 840 5157 mortuus
865 5108 947 5156 est
968 5097 1064 5171 (a).
1090 5095 1584 5153 StatuitJeroboam

24 5199 190 5253 titulas
220 5209 438 5262 aureas,
463 5194 689 5249 alteram
718 5194 771 5247 in
792 5190 1015 5258 Bazthel,
1040 5189 1262 5244 alteram
1286 5189 1337 5243 in
1368 5188 1498 5254 Dan,
1520 5203 1587 5245 ne

24 5288 220 5356 mpulus
243 5286 569 5342 ascenderet
596 5285 648 5340 in
678 5282 1000 5340 Jerusalem.
1034 5279 1166 5336 Cum
1196 5288 1373 5335 autem
1398 5280 1589 5334 inuno-

24 5393 123 5437 aret
151 5382 251 5449 ibi,
287 5394 413 5436 ecce
441 5379 606 5434 homo
633 5377 732 5433 Dei
775 5375 996 5431 veniens
1025 5372 1308 5444 prophetat
1347 5372 1414 5428 de
1442 5371 1587 5429 Josia

56 5515 123 5578 (ιι)
149 5523 267 5578 ηερ
285 5524 399 5577 qua;
426 5509 809 5578 deaggritudine
832 5507 914 5578 lilii
936 5506 1207 5578 Jeroboami
1228 5506 1451 5578 dicuntur
1474 5519 1586 5567 per-

24 5566 149 5627 meat
181 5577 247 5626 ad
290 5566 438 5632 caput
472 5566 711 5623 XlVlibri
735 5572 868 5622 tertii
893 5578 1103 5632 Regum.
1130 5575 1312 5632 etpost
1335 5566 1590 5632 vitularum

24 5651 249 5688 tut-eamut
285 5629 472 5687 cultum
510 5635 753 5685 habentur
789 5635 839 5683 in
869 5629 1089 5690 Hebraeo,
1113 5632 1163 5680 in
1184 5629 1421 5693 Vulgatis,
1443 5636 1590 5691 atque

24 5714 49 5809 Ξ
66 5698 323 5812 btexaplari
342 5700 580 5751 Editioue.
599 5697 691 5748 Sed
708 5699 759 5749 in
775 5696 881 5748 aliis
900 5696 1076 5746 Graecis
1092 5692 1385 5745 Editiouibus
1401 5692 1591 5743 inversa

55 5776 80 5809 n
105 5800 123 5812 .
746 5804 781 5812 ν.

762 5822 789 5845 F"
800 5851 805 5856 ι

3166 298 3273 358 550

1692 420 1837 479 rege.
1867 408 1936 463 Et
1973 412 2187 467 exaruit
2208 412 2349 484 regis
2392 425 2602 478 manus,
2625 422 2680 468 et
2708 422 2860 484 rupta
2888 426 2973 473 est
2991 430 3106 472 ara.
3131 415 3271 471 Pro.

1688 498 1846 567 pheta
1875 509 2052 556 autem
2083 502 2247 557 Deum
2269 512 2544 573 precante,
2575 517 2669 559 rex
2694 517 2854 560 sanus
2876 503 3046 561 factus
3071 515 3173 562 est.
3198 507 3267 562 Et

1686 589 1907 660 rogabat
1935 593 2248 663 prophetam
2278 603 2339 649 ut
2385 595 2690 664 epularetur
2714 594 2855 665 apud
2880 609 2957 651 se.
3005 597 3098 654 Ille
3138 613 3269 654 vero

1687 684 1922 753 nolebat,
1956 686 2049 743 Dei
2088 696 2414 758 praeceptum
2443 701 2684 751 servans,
2729 688 2869 757 quod
2908 704 3029 744 cum
3079 700 3266 761 postea

1688 786 2058 849 transgressus
2103 789 2287 848 esset,
2321 780 2532 836 occisus
2582 789 2665 836 est
2694 796 2725 835 a
2771 784 2942 837 leone.
2983 783 3268 840 Jeroboam

1686 878 1862 924 autem
1888 870 2062 925 adhuc
2102 871 2354 926 manebat
2380 872 2431 926 in
2474 871 2747 941 impietate
2772 886 2885 937 sua,
2938 882 2993 928 et
3026 873 3263 929 Roboam

1686 957 1828 1013 idola
1860 959 2025 1015 coluit
2064 960 2313 1015 omnibus
2343 961 2464 1015 vita:
2487 975 2599 1016 suae
2623 962 2802 1016 anuis.
2835 962 3069 1018 Veniens
3098 962 3265 1018 Susa-

1684 1050 1787 1104 cim
1816 1052 2017 1120 accepit
2052 1052 2349 1108 thesauros.
2380 1052 2507 1107 Post
2539 1055 2678 1107 hunc
2708 1065 2891 1124 regnat
2930 1055 3092 1111 Abias
3122 1056 3262 1113 ﬁlius

1684 1142 1821 1211 ejus,
1851 1152 1904 1197 et
1933 1154 2052 1212 post
2075 1144 2216 1199 hunc
2240 1144 2343 1198 Asa
2372 1144 2512 1199 ﬁlius
2529 1144 2681 1199 Abia.
2715 1145 2840 1200 Post
2861 1144 3143 1202 Jerohoam
3172 1164 3261 1203 re-

1683 1243 1810 1302 gnat
1843 1234 1981 1288 ﬁlius
2002 1234 2119 1303 ejus
2146 1234 2299 1289 Adab
2328 1234 2402 1307 (α)
2431 1253 2445 1289 :
2469 1251 2627 1306 quem
2656 1251 2777 1291 cum
2800 1239 3085 1295 occidisset
3105 1240 3263 1308 Basa,

1685 1324 1924 1393 regnavit
1950 1334 2003 1380 et
2021 1325 2252 1380 bellabat
2278 1334 2463 1382 contra
2478 1328 2606 1382 Asa.
2632 1327 2726 1382 llic
2753 1329 2951 1383 auxilio
2974 1344 3100 1384 usus
3123 1331 3266 1386 Ader

1684 1416 1804 1487 Syri
1833 1420 2080 1486 superior
2103 1417 2219 1474 fuit.
2268 1419 2400 1487 Quia
2448 1436 2576 1475 vero
2620 1421 2894 1495 improbus
2935 1434 3050 1478 erat
3093 1425 3262 1490 Basa,

1684 1512 1916 1564 minatur
1945 1511 2043 1592 ipsi
2087 1510 2230 1566 Deus
2261 1512 2397 1567 mala
2430 1512 2685 1583 ingentia.
2718 1514 2811 1568 Illo
2831 1525 3041 1570 mortuo
3072 1532 3264 1588 regna-

1685 1603 1756 1656 vit
1785 1603 1877 1657 Ela
1901 1603 2039 1657 ﬁlius
2068 1602 2203 1672 ejus,
2233 1618 2392 1673 quem
2418 1619 2537 1658 cum
2569 1605 2855 1662 occidisset
2881 1606 3090 1662 Zambri
3128 1624 3264 1665 unus

1685 1696 2003 1765 principum,
2055 1694 2297 1763 regnavit
2338 1695 2473 1764 ipse,
2526 1703 2581 1751 et
2607 1695 2801 1750 delevit
2844 1699 3060 1752 domum
3090 1698 3263 1755 Baszc.

1683 1785 1753 1842 Ut
1795 1798 1973 1841 autem
2001 1785 2212 1840 Zambri
2237 1802 2447 1856 quoque
2474 1798 2713 1841 mortuus
2742 1796 2845 1854 est,
2876 1803 2995 1842 cum
3029 1790 3264 1860 seipsqu

1682 1879 2024 1943 incendisset,
2048 1888 2232 1950 regnat
2250 1878 2454 1933 Ambri.
2472 1879 2604 1934 Cum
2629 1888 2803 1936 autem
2833 1880 2920 1937 hic
2939 1883 3095 1937 etiam
3114 1900 3263 1939 mor-

1684 1980 1805 2026 tuus
1851 1981 2022 2037 esset,
2054 1983 2241 2042 regnat
2270 1971 2486 2028 Achaab
2522 1972 2662 2027 ﬁlius
2689 1974 2825 2043 ejus.
2872 1974 3083 2045 Reguat
3138 1975 3263 2030 Josa

1687 2063 1813 2133 pltat
1834 2064 1971 2119 illius
2002 2067 2140 2120 Asx.
2175 2064 2402 2119 Minatur
2428 2066 2571 2119 Elias
2594 2066 2851 2135 propheta
2877 2067 3129 2122 Acltaabo
3165 2085 3269 2125 sre-

1684 2158 1896 2211 citatem
1916 2198 1929 2220 ,
1953 2172 2071 2227 qua:
2103 2173 2199 2226 per
2226 2165 2335 2211 tres
2380 2173 2551 2213 annos
2593 2167 2647 2211 et
2676 2170 2769 2212 sex
2795 2174 3007 2213 menses
3033 2138 3271 2217 duravit.

1683 2248 1834 2303 Tunc
1862 2265 1958 2317 per
1987 2263 2177 2301 corvos
2212 2248 2375 2301 alitur
2424 2248 2703 2317 ιινομιιειει.
2748 2248 2843 2303 llic
2895 2258 3018 2303 sunt
3062 2269 3126 2308 ea
3154 2268 3277 2321 qua:

1686 2340 1951 2411 pertinent
1970 2338 2035 2393 ad
2065 2339 2272 2393 viduam
2296 2337 2743 2407 Sarephtbanam,
2768 2354 2885 2408 qua:
2904 2340 2968 2393 ad
2998 2343 3277 2414 lecythum

1684 2432 1812 2498 olei,
1836 2440 1891 2487 et
1921 2446 2040 2501 qua:
2074 2430 2141 2485 ad
2165 2431 2405 2501 Itydriatn
2438 2430 2638 2494 larium,
2667 2430 2731 2483 ad
2762 2440 2987 2483 mortem
3019 2435 3190 2501 pueri,
3214 2445 3266 2488 et

1684 2527 1748 2580 ad
1763 2526 2161 2580 suscitatinnem
2186 2540 2249 2579 ex
2278 2536 2472 2579 morte.
2505 2524 2730 2578 Mittitur
2756 2524 2822 2578 atl
2855 2526 3070 2580 Aehaab
3102 2525 3265 2592 Elias,

1684 2630 1740 2673 et
1767 2619 1991 2673 hostiam
2020 2617 2196 2683 olfert,
2224 2616 2458 2672 demittit
2491 2618 2666 2687 ignem
2695 2616 2761 2669 de
2787 2616 2939 2681 emlo,
2985 2626 3039 2671 et
3064 2633 3265 2672 censu.

1686 2709 1782 2765 tuit
1810 2709 1974 2764 illam.
2008 2706 2160 2763 Tunc
2188 2716 2430 2777 arreptos
2458 2706 2763 2761 sacerdotes
2791 2707 2964 2761 Baalis
2986 2708 3265 2777 jugulavit.

1685 2800 1939 2857 Achaabo
1970 2800 2202 2869 pluviam
2233 2799 2575 2869 praenuntiat.
2601 2797 2666 2852 Et
2700 2812 2999 2854 conscenso
3022 2798 3266 2856 Carmelu

1687 2899 1930 2963 precatus
1965 2902 2047 2945 est
2078 2890 2220 2945 Elias
2241 2930 2256 2953 ,
2308 2898 2363 2944 ct
2412 2889 2733 2945 sacriﬁcium
2764 2889 2919 2944 oﬁ‘ert
2947 2906 2960 2942 :
2993 2906 3117 2945 ecce
3146 2893 3267 2961 plu-

1686 2987 1790 3041 via.
1821 2984 2048 3039 Minatur
2072 2982 2201 3037 Elia:
2227 2989 2453 3036 mortem
2478 2980 2692 3036 Jezabel
2721 2996 2854 3035 uxor
2877 2981 3133 3036 Acbaabi.
3168 2982 3262 3038 Ille

1685 3089 1860 3134 autem
1887 3077 2031 3132 venit
2063 3077 2114 3130 in
2142 3076 2435 3136 desertum,
2466 3085 2519 3129 et
2546 3089 2665 3129 cum
2705 3074 3044 3130 dormivisset
3065 3077 3267 3130 excita-

1689 3179 1876 3239 tusque
1905 3177 2049 3223 esset
2077 3168 2145 3223 ab
2188 3169 2376 3237 angelo
2436 3166 2571 3231 Dei,
2630 3165 2839 3220 invenit
2867 3166 3265 3220 subcineritiunt

1686 3277 1877 3333 panem
1901 3277 1966 3315 ex
1994 3261 2161 3331 olyra,
2182 3274 2340 3329 quem
2369 3273 2490 3312 eum
2509 3256 2827 3311 comedisset
2849 3257 3128 3310 roboratus
3147 3268 3225 3309 est
3253 3275 3267 3311 :

1687 3370 1807 3410 cum
1840 3353 1930 3408 illo
1959 3352 2080 3407 cibo
2127 3349 2476 3421 quadraginta
2518 3346 2705 3401 diebus
2734 3347 2877 3399 venit
2924 3347 2975 3400 in
3030 3347 3259 3401 Chorcb.

1688 3447 1835 3501 Tunc
1860 3445 1933 3499 ait
1957 3462 1970 3498 :
2000 3445 2242 3508 Domine,
2268 3454 2391 3495 aras
2423 3448 2538 3493 tuas
2562 3437 2912 3493 sulTodcrnnt.
2937 3437 3084 3507 .lngis
3102 3437 3263 3493 boum

1687 3537 1924 3593 dimissis
1966 3534 2218 3589 Elissaaus
2247 3531 2485 3601 sequitur
2528 3529 2725 3583 Eliam.
2758 3529 2891 3583 llinc
2937 3530 3153 3583 historia
3187 3531 3267 3584 vi-

1686 3645 1806 3686 nea:
1843 3627 2103 3683 Nabuthae
2134 3642 2149 3679 :
2185 3634 2240 3679 et
2266 3624 2424 3678 minze
2454 3630 2637 3677 contra
2668 3620 2967 3676 Jezabelcm
2995 3629 3048 3674 et
3070 3621 3271 3675 Acbaa-

1687 3724 1814 3779 bum
1865 3737 1880 3778 :
1927 3717 2270 3788 compunctio
2317 3714 2576 3771 Achaahi.
2632 3712 2986 3783 lrruptiouem
3042 3714 3163 3768 fecit
3215 3718 3268 3769 in

1689 3814 1940 3872 lsraelem
1966 3812 2134 3885 Syrus
2186 3808 2332 3865 Ader
2367 3822 2490 3863 cum
2535 3807 2746 3876 triginta
2775 3805 2986 3860 duobus
3012 3807 3227 3876 regibus
3253 3823 3268 3859 :

1688 3907 1907 3965 Acbaab
1927 3921 2056 3963 vero
2081 3904 2277 3961 devicit
2313 3918 2426 3959 eos.
2455 3899 2587 3957 Cum
2633 3899 2870 3955 secundo
2900 3900 3047 3954 Ader
3072 3900 3268 3954 bellum

1688 4001 1993 4066 intulisset,
2035 4011 2208 4053 caesus
2258 3993 2652 4062 admodumquc
2698 3990 3004 4060 proliigatus
3054 3999 3154 4044 est.
3196 3991 3267 4046 Ut

1688 4103 1867 4149 autem
1891 4106 1951 4148 se
1973 4089 2105 4146 vidit
2130 4089 2182 4143 in
2204 4086 2443 4158 periculo
2480 4084 2702 4147 versori,
2735 4082 3024 4137 miserabili
3055 4082 3271 4137 indutus

1688 4194 1838 4240 veste
1875 4179 2183 4238 Achaabum
2205 4177 2356 4244 adiit,
2384 4190 2594 4231 servum
2635 4189 2695 4229 se
2719 4188 2934 4238 vocans,
2958 4182 3013 4228 et
3042 4174 3269 4228 salutem

1687 4274 1941 4345 consequi
1973 4280 2276 4344 peramans.
2304 4268 2397 4324 ille
2422 4282 2550 4323 vero
2579 4282 2702 4321 eum
2746 4267 2798 4320 in
2824 4282 2981 4320 curru
3012 4280 3110 4320 suo
3137 4281 3270 4321 eon-

1689 4366 1949 4424 sceudere
1973 4363 2153 4435 jussit,
2178 4369 2232 4417 et
2272 4360 2477 4415 honore
2525 4358 2773 4414 aﬁ‘ectum
2806 4357 2857 4411 in
2893 4365 3087 4412 terram
3117 4374 3268 4413 suam

1691 4461 1915 4517 remisit.
1939 4457 2097 4515 Venit
2122 4455 2378 4527 propheta
2427 4467 2609 4522 regem
2651 4466 2814 4521 super
2839 4449 2922 4506 his
2947 4450 3271 4520 objurgans,

1691 4566 1984 4621 necemque
2027 4546 2299 4602 minitans.
2345 4543 2624 4599 Consultat
2672 4541 2929 4607 Acbaah,
2980 4556 3047 4596 an
3083 4541 3274 4597 debeat

1695 4645 1847 4718 Syris
1887 4644 2084 4699 bellum
2133 4640 2366 4695 inferre:
2398 4649 2451 4693 et
2495 4653 2559 4690 ex
2592 4636 2814 4691 consilio
2839 4635 3093 4705 Josaphat
3133 4636 3275 4706 regis

1689 4741 1867 4805 Judaz,
1900 4736 2190 4793 accersitur
2229 4732 2474 4788 Michmas
2504 4729 2780 4799 propheta,
2804 4730 2893 4798 qui
2920 4730 3275 4798 interrogatus

1690 4831 2020 4897 calamitates
2069 4825 2347 4896 praedicit,
2375 4823 2420 4877 si
2452 4821 2647 4875 bellum
2698 4820 2978 4875 inferatur.
3024 4819 3273 4875 Irascitur

1691 4923 1909 4982 Acbaab
1930 4942 1943 4978 :
1965 4920 2239 4977 Michazam
2266 4917 2487 4988 perculit
2510 4914 2760 4971 Sedecias
2786 4914 3271 4984 pseudoprOpbeta.

1692 5017 1851 5074 Jubet
1889 5012 2104 5070 Acbaab
2156 5010 2359 5067 servari
2390 5007 2662 5063 Michxatn
2710 5006 3223 5078 pseudoprophetam
3255 5050 3272 5075 ,

1695 5112 1868 5169 donec
1893 5108 2021 5165 belli
2052 5107 2172 5161 ﬁnis
2196 5114 2360 5161 esset.
2384 5104 2502 5158 Exit
2518 5102 2582 5157 ad
2608 5117 2836 5173 pugnam
2858 5143 2874 5169 ,
2912 5111 2966 5157 et
2988 5102 3278 5174 Josaphato

1694 5206 1860 5263 dixit:
1883 5203 2144 5259 Mutemus
2172 5198 2407 5254 habitum
2433 5205 2489 5253 et
2505 5196 2824 5252 vestimenta
2851 5212 2865 5260 ;
2895 5196 3151 5267 accipiam
3179 5212 3281 5267 ego

1697 5308 1807 5366 tua,
1838 5306 1891 5352 et
1921 5309 2036 5349 mea
2078 5293 2169 5347 tibi
2214 5290 2383 5346 trado.
2438 5288 2530 5343 llis
2559 5288 2808 5358 peractis,
2839 5303 2959 5343 cum
2992 5289 3277 5358 praecepis-

1697 5399 1782 5448 set
1807 5404 1900 5445 rex
1928 5387 2097 5459 Syria:
2119 5382 2373 5440 militibus
2389 5381 2521 5448 suis,
2556 5388 2611 5434 ut
2635 5380 2812 5435 missis
2842 5379 3088 5434 omnibus
3114 5393 3277 5433 unum

1760 5549 1833 5622 (α)
1844 5546 1898 5597 ιο
1909 5538 2589 5622 Lx’slmcrvreves‘zijieee
2606 5536 3094 5622 'eﬁilﬁbﬁrﬁzfif"
3101 5536 3283 5622 Μνσέ

1698 5599 1889 5660 nomina
1910 5607 2111 5656 multum
2149 5599 2393 5654 variabant
2426 5603 2476 5651 in
2502 5599 2863 5661 exemplaribus
2890 5600 3077 5646 Graecis.
3101 5599 3282 5661 Verum

1698 5686 1877 5723 nomen
1901 5678 1980 5720 est
1999 5668 2155 5718 nadab
2175 5664 2438 5717 secundum
2461 5660 2741 5711 Hebraicatn
2779 5665 3030 5711 veritatem
3053 5663 3173 5718 ΣΠ).
3197 5660 3281 5709 Sic

1700 5751 1753 5799 et
1774 5741 1895 5794 infra
1917 5742 2010 5805 Ᾰδιρ
2031 5752 2123 5793 rex
2140 5739 2282 5805 Syriae
2301 5741 2378 5788 est
2395 5731 2630 5785 Benadad.
