3722 6274
441 279 538 333 531

441 406 621 465 regem
643 388 858 446 lsraelis
879 388 930 443 in
956 385 1099 442 bello
1122 385 1479 453 adorirentur,
1504 384 1576 438 illi
1600 383 1840 438 videntes
1870 379 2024 436 Josa-

446 483 572 554 pltat
602 495 781 552 regem
796 478 951 543 Juda,
980 485 1036 533 et
1062 485 1311 547 putantes
1336 489 1457 531 esse
1482 489 1665 545 regem
1688 472 1849 529 Israel
1879 472 2027 543 (nam

446 576 613 633 vestis
643 576 786 644 ipsus
807 569 1059 642 decepit),
1089 568 1550 625 circumsistebant
1582 568 1731 622 illum
1754 608 1770 633 ,
1797 573 1857 620 ut
1882 564 2027 620 occi-

447 668 658 722 derent.
684 662 782 719 Ille
813 677 943 718 vero
969 662 1209 716 clamans
1235 674 1266 714 a
1308 659 1547 730 periculo
1572 657 1844 713 eximitur.
1876 656 2031 711 Alius

446 767 624 812 autem
652 753 958 825 sagittarius
981 752 1122 808 feriit
1145 750 1475 815 Acbaabum,
1501 756 1557 804 et
1585 749 1802 820 sanguis
1839 763 2029 803 mana-

446 850 556 912 bat,
588 861 746 916 quem
766 844 1050 899 abluerunt
1079 844 1131 897 in
1149 843 1314 908 fonte,
1346 851 1402 896 et
1428 840 1740 896 meretrices
1760 854 1820 895 se
1847 839 2032 895 ablue-

444 948 572 994 runt
615 939 666 992 in
689 936 945 1007 sanguine
974 935 1089 1003 ejus
1114 975 1130 1000 ,
1155 947 1421 1002 canesque
1449 932 1718 986 linxerunt
1738 946 1883 986 eum.
1928 930 2032 985 Re-

447 1032 629 1103 gnavit
658 1037 779 1101 post
823 1027 1130 1083 Achaabum
1159 1024 1419 1080 Ochozias
1450 1022 1588 1078 (ilius
1608 1023 1745 1093 ejus.
1768 1021 1899 1091 Quia
1929 1037 2028 1076 au-

448 1135 556 1177 tem
584 1119 839 1191 Josaphat
887 1122 1090 1173 amicus
1142 1115 1258 1186 ejus
1282 1116 1399 1181 fuit,
1429 1129 1616 1185 poenas
1657 1113 1835 1180 dedit;
1869 1113 1939 1167 ita
1974 1120 2033 1168 ut

446 1231 611 1286 opera
628 1215 744 1287 ejus
772 1211 1235 1282 interpellarentur
1260 1204 1361 1279 (α).

1048 1360 1325 1403 κΕϐΝοιιωι
1354 1360 1425 1399 IV.

503 1482 802 1554 .Ailgrotans
827 1479 1085 1536 Ochozias
1109 1479 1252 1534 misit
1270 1478 1570 1533 consultum
1588 1478 1824 1545 Baalem,
1854 1485 2030 1533 utrum

447 1585 786 1631 surrecturus
812 1583 991 1630 esset:
1022 1583 1075 1629 et
1101 1573 1300 1627 nuntiis
1321 1587 1607 1628 occurrens
1634 1573 1777 1627 Elias
1800 1572 2031 1641 prophe-

444 1680 521 1736 ta,
547 1670 705 1740 jussit
731 1682 1007 1740 regressus
1035 1667 1281 1722 nuntiare
1327 1666 1497 1735 ipsum
1526 1681 1631 1721 non
1659 1677 2028 1721 surreCturum

442 1775 582 1815 esse.
609 1759 739 1815 Cum
762 1759 1034 1813 didicisset
1056 1766 1233 1812 autem
1260 1755 1520 1811 Ochozias
1549 1770 1668 1810 esse
1706 1756 1895 1819 Eliam,
1929 1754 2032 1809 mi-

447 1853 518 1906 sit
546 1851 1053 1922 qninquagenarium
1085 1850 1256 1919 primo
1305 1857 1362 1904 et
1386 1848 1657 1913 secundo;
1702 1862 1822 1903 cum
1852 1856 2027 1903 autem

445 1955 672 2016 uterque
725 1959 846 1999 cum
910 1943 1290 2014 quinquaginta
1341 1944 1454 1997 suis
1514 1942 1637 2011 igne
1682 1949 2030 2010 consumptus

448 2040 656 2101 fuisset,
687 2053 807 2092 cum
840 2037 995 2092 tertio
1014 2036 1231 2106 jubetur
1261 2034 1405 2089 Elias
1456 2033 1811 2097 descendere,
1844 2040 1902 2087 et
1938 2047 2028 2088 re-

444 2146 567 2200 gem
599 2128 784 2184 adiens
812 2127 947 2182 dixit
996 2127 1146 2180 illum
1206 2141 1326 2183 esse
1353 2126 1692 2181 moriturum.
1725 2124 1852 2180 Post
1887 2122 2029 2179 hunc

448 2234 634 2293 regnat
658 2222 822 2276 frater
851 2220 966 2291 ejus
1003 2219 1187 2274 Joram
1223 2238 1237 2273 :
1268 2235 1370 2272 non
1418 2219 1561 2273 enim
1602 2227 1718 2272 erat
1762 2217 1838 2271 illi
1867 2216 2027 2271 filius.

459 2315 595 2370 Hinc
621 2313 914 2383 assumptio
941 2312 1067 2367 Elia:
1098 2312 1149 2365 in
1174 2311 1385 2367 caelum.
1412 2310 1662 2365 Videntes
1684 2310 1773 2363 lilii
1797 2309 2029 2380 prepbe-

447 2419 619 2461 tarum
642 2405 916 2460 Elisszeum
940 2404 1081 2459 sicco
1109 2402 1243 2472 pede
1267 2401 1558 2458 .lordanem
1591 2410 2024 2470 przetereuutem,

446 2499 696 2553 dixerunt
732 2494 997 2565 quievisse
1046 2494 1290 2563 spiritum
1324 2492 1455 2547 Elite
1482 2506 1645 2562 super
1670 2492 1843 2563 ipsum
1872 2534 1887 2557 ,
1936 2507 2027 2547 ro-

446 2599 678 2660 gantquc
709 2586 845 2641 mitti
876 2586 966 2657 qui
1000 2586 1167 2641 Eliam
1201 2586 1607 2656 perquirereut:
1640 2585 1728 2640 ille
1779 2585 2029 2655 prohibe-

450 2681 559 2747 bat,
587 2680 909 2748 demumque
960 2678 1180 2734 annuit:
1213 2676 1308 2732 sed
1352 2678 1441 2747 qui
1475 2677 1619 2731 missi
1667 2677 1876 2732 fuerant
1921 2692 2029 2733 non

448 2775 785 2827 invenerunt.
824 2772 1004 2840 Aquas
1034 2770 1084 2823 in
1116 2768 1329 2824 Jericho
1354 2783 1510 2823 sanas
1533 2768 1705 2824 reddit
1738 2769 2026 2835 Elissaeus;

448 2878 569 2918 cum
596 2862 803 2918 veniret
829 2861 879 2915 in
904 2859 1106 2915 Baetbel
1135 2900 1151 2925 ,
1183 2860 1436 2929 puerulos
1463 2874 1521 2915 se
1550 2860 1833 2915 irridentes
1861 2860 2029 2916 male-

447 2955 597 3019 dicit,
618 2954 800 3024 illique
820 2954 887 3008 ab
909 2953 1045 3008 ursis
1076 2952 1483 3007 interficiuntur.
1511 2954 1618 3007 Rex
1642 2952 1792 3007 Moab
1813 2953 2026 3007 solitum

443 3046 680 3118 pendere
709 3047 963 3101 tributum
1016 3046 1220 3101 abnuit.
1250 3046 1454 3100 Bellum
1491 3047 1589 3116 ipsi
1636 3045 1799 3101 infert
1846 3046 2026 3101 Juram

446 3156 541 3197 rex
564 3139 697 3195 Juda
718 3149 993 3209 assumpto
1022 3154 1203 3195 secum
1231 3138 1459 3194 Ocliuzia
1487 3155 1611 3208 rege
1640 3138 1825 3205 lsracl,
1857 3150 1911 3195 et
1940 3156 2029 3196 re-

446 3249 514 3303 ge
538 3232 707 3289 Edam
739 3231 839 3305 (b).
870 3232 1002 3287 Cum
1035 3241 1214 3286 autem
1250 3247 1354 3287 non
1406 3232 1705 3287 invenirent
1730 3248 1923 3303 aquam
1974 3236 2025 3289 in

447 3327 683 3389 deserto,
726 3335 780 3379 et
810 3325 876 3379 de
907 3326 1016 3379 vita
1039 3324 1490 3393 periclitareutur,
1522 3325 1836 3382 consulente
1852 3326 2028 3382 Ocho-

441 3421 522 3474 zia
551 3418 772 3474 veniunt
796 3418 859 3472 ad
908 3418 1207 3473 Elissmum.
1246 3418 1341 3474 llle
1369 3434 1500 3474 vero
1541 3420 1787 3475 irascitur
1825 3429 2013 3476 contra

441 3525 623 3579 regem
652 3509 831 3573 Israel,
871 3523 970 3562 nec
990 3524 1048 3562 se
1077 3509 1221 3562 illum
1255 3510 1525 3579 respicere
1550 3511 1689 3565 velle
1727 3511 1880 3574 dixit,
1924 3513 2024 3565 nisi

443 3601 496 3655 in
519 3601 741 3670 gratiam
774 3600 915 3670 regis
942 3598 1113 3653 Judie.
1170 3599 1351 3669 Neque
1395 3611 1597 3656 tantum
1633 3618 1888 3672 aquarum
1934 3620 2027 3659 co-

443 3693 583 3763 piam
612 3689 855 3762 prtedicit
876 3731 892 3755 ,
929 3690 1022 3743 sed
1066 3690 1228 3744 etiam
1259 3690 1537 3745 victoriam
1568 3703 1755 3749 contra
1780 3693 2027 3748 Moabiti-

441 3783 582 3847 dem,
619 3782 669 3836 id
701 3780 843 3851 quod
892 3782 1052 3836 etiam
1082 3779 1301 3836 evenit:
1336 3782 1387 3835 iu
1432 3791 1737 3853 tantamque
1765 3783 2025 3842 deductus

442 3885 527 3931 est
554 3874 910 3930 calamitatem
961 3890 1055 3928 rex
1100 3872 1493 3942 Moabitarum,
1551 3884 1611 3931 ut
1641 3878 1799 3932 etiam
1856 3878 2021 3934 lilium

444 3976 704 4023 mactaret
719 3982 878 4036 supra
907 3982 1139 4022 murum.
1178 3967 1274 4023 Hic
1299 3968 1475 4038 agitur
1496 3968 1562 4023 de
1593 3970 1838 4036 muliere,
1868 3972 2022 4041 cujus

437 4064 613 4118 oleum
659 4061 1147 4129 superabundavit,
1188 4069 1243 4116 et
1269 4061 1334 4117 de
1359 4061 1710 4127 Sunamitide,
1740 4063 1827 4117 cui
1856 4064 2020 4120 filium

436 4154 638 4208 salvum
672 4153 901 4208 reddidit
963 4153 1234 4233 Elissaeus,
1290 4164 1344 4208 et
1395 4163 1662 4208 mortuum
1716 4156 2013 4211 suscitavit.

438 4245 601 4301 Fame
629 4247 1037 4316 superveniente
1058 4247 1463 4302 amaritudinem
1491 4248 1707 4303 abstulit
1750 4264 1780 4302 a
1808 4249 2014 4316 lebete,

436 4352 490 4394 ct
516 4340 569 4393 in
600 4340 817 4392 nomine
856 4340 947 4393 Dei
991 4347 1206 4393 centum
1236 4340 1381 4393 viros
1437 4340 1691 4394 enutrivit
1721 4356 1786 4395 ex
1832 4343 2016 4412 viginti

436 4430 664 4500 panibus
694 4429 1030 4485 lturdeaccis.
1080 4430 1249 4499 Lepra
1280 4430 1502 4485 allectus
1529 4440 1612 4484 est
1647 4432 1881 4488 Neeman
1910 4435 2017 4490 dux

437 4524 578 4593 regis
607 4523 795 4587 Syriae,
838 4521 925 4590 qui
958 4521 1220 4575 accedens
1256 4521 1323 4574 ad
1354 4536 1531 4591 regem
1562 4523 1721 4578 Israel
1751 4525 2014 4582 medelam

438 4615 679 4686 petebat;
714 4614 802 4667 ille
828 4630 956 4668 vero
979 4613 1169 4667 anxius
1185 4612 1337 4667 scidit
1360 4614 1673 4669 vestimenta
1699 4630 1813 4669 sua.
1839 4616 2014 4687 Ipsum

498 4776 569 4838 ((1)
594 4774 648 4824 In
670 4782 849 4831 (ἔντεα),
875 4782 983 4825 {Suus
1007 4781 1122 4838 δίκην,
1146 4786 1187 4825 τὸ
1210 4781 1420 4831 Statarith
1435 4787 1482 4823 τὰ
1499 4784 1584 4837 ἶργα
1599 4788 1719 4838 αὐτῷ.
1745 4781 1883 4825 1701⁸11³
1907 4791 2012 4827 me-

434 4836 527 4888 lius
553 4836 668 4886 'bzec
706 4839 854 4886 verba
892 4836 1203 4898 quadrarent,
1230 4838 1471 4897 praemissa
1515 4836 1743 4902 particula
1783 4842 2009 4902 negandi,

433 4914 493 4953 et:
510 4910 621 4950 tam
638 4908 821 4969 βατιηηςεὸ
844 4908 1123 4969 βιαξιθπήναξιτὰ
1156 4910 1244 4969 amt
1259 4910 1383 4969 ωιτξῦ,
1405 4911 1497 4947 non
1518 4899 1650 4948 dedit
1674 4899 2011 4969 ῃωηιιδζίμῳᾴ

429 4975 576 5020 opera
599 4962 703 5021 ejus
733 4960 853 5010 illud
894 4959 1346 5021 impedirentfquod
1385 4959 1681 5010 conseruaret
1708 4976 1816 5010 cunt
1848 4959 2013 5015 verbis

429 5023 525 5071 illis
549 5021 745 5083 t’aralip.
770 5023 842 5069 19,
865 5021 921 5068 2:
947 5026 997 5083 ινξι
1020 5020 1204 5069 idcirco
1224 5020 1351 5083 iram
1372 5022 1567 5081 quidem
1589 5023 1778 5073 Domini
1800 5027 2011 5076 mereba-

430 5085 498 5133 νὴ
515 5097 531 5132 .’
553 5084 635 5131 sed
659 5080 779 5130 bona
797 5095 943 5141 opera
964 5080 1151 5129 iuventa
1171 5089 1278 5130 sunt
1299 5082 1347 5130 in
1371 5088 1433 5131 te.

494 5143 562 5206 (ὁ)
587 5149 699 5192 Haec
737 5157 831 5191 non
869 5144 1105 5204 quatlrant
1137 5145 1228 5191 nisi
1265 5156 1371 5206 cum
1407 5143 1519 5194 Cod.
1548 5144 1689 5193 Coisl.
1718 5146 1765 5194 in
1786 5159 1883 5206 quo
1906 5151 2008 5199 cvi-

428 5204 604 5253 dunt’er
640 5206 866 5253 mendum
907 5209 995 5250 est.
1025 5211 1133 5250 Nam
1155 5206 1236 5261 qui
1262 5204 1442 5251 bellum
1469 5206 1680 5254 intulere
1705 5204 2010 5261 Muabitarum

426 5269 552 5329 regi,
582 5273 728 5329 erant
744 5273 895 5313 turam
920 5278 1011 5329 rex
1038 5265 1205 5327 Israel,
1231 5279 1255 5313 a
1279 5280 1375 5326 quo
1393 5268 1644 5315 defecerat
1674 5284 1761 5316 rex
1795 5276 2011 5322 \toalxita-

428 5326 549 5385 min,
578 5326 799 5389 Josapbat
822 5340 909 5389 rex
929 5328 1062 5382 .Iutla,
1090 5332 1141 5375 et.
1162 5326 1253 5375 rex
1279 5328 1433 5375 Ldom.
1463 5333 1689 5377 Fortassis
1715 5332 1856 5379 etiam
1881 5335 1924 5380 id
1944 5351 2006 5385 ex

426 5393 662 5439 varietate
692 5388 1054 5451 exemplarium
1078 5394 1410 5451 urtttm_:_natn
1435 5399 1610 5451 quanta
1650 5391 1731 5441 illa
1765 5403 1912 5451 esset,
1938 5400 2008 5447 vi-

424 5455 558 5502 desis
582 5454 628 5502 in
654 5449 960 5511 Hexaplisiad
987 5448 1257 5511 caputle
1280 5449 1385 5498 libri
1405 5448 1538 5499 tertii
1564 5460 1762 5511 Regum.
1786 5457 1878 5504 sed
1904 5448 2007 5508 tne-

425 5514 518 5564 lius
539 5514 764 5564 credatur
794 5510 852 5561 id
889 5510 1024 5574 lapsu
1047 5510 1288 5573 graphice
1322 5513 1573 5562 accidisse.
1609 5510 1845 5567 Librarius
1878 5532 2008 5570 enim

419 5578 832 5640 quispiamprimo
842 5581 1078 5640 Juramum
1100 5586 1272 5635 regem
1291 5574 1407 5640 Jutla
1424 5589 1510 5640 pro
1524 5590 1645 5635 rege
1664 5578 1812 5628 Israel
1834 5593 2007 5640 postm-

420 5636 512 5705 tfit._
526 5636 711 5705 Deinde
731 5639 855 5705 alius
875 5636 1121 5686 Ochoziam
1145 5650 1317 5700 regem
1340 5636 1491 5687 Israel
1513 5652 1598 5701 pro
1614 5636 1866 5704 Josapltatu
1886 5659 2006 5705 rege

418 5698 445 5747 J
451 5700 543 5749 uda
560 5700 885 5751 substituerit.

1217 270 1273 327 s.
1312 268 1588 327 JOANNIS
1620 260 2091 325 CHRYSOSTOMI
2126 262 2445 324 ARCHIEP.
2483 268 3015 336 CONSTANTINOP.
3620 286 3709 357 551

2138 383 2367 438 accersit
2390 385 2664 453 Elissmus.
2683 390 2942 463 iubetque
2969 395 3209 468 immergi
3234 398 3287 453 in
3312 397 3608 459 Iordanem
3628 420 3709 462 sect

2138 476 2298 545 pties.
2330 477 2422 534 llle
2446 495 2573 536 vero
2603 483 2774 551 primo
2793 486 3009 556 quidem
3034 490 3308 561 neglexit,
3334 509 3441 549 nec
3457 497 3709 561 medelam

2140 566 2263 623 inde
2282 572 2535 639 speravit.
2564 572 2786 630 Demum
2812 578 2982 633 servis
3001 580 3112 636 suis
3131 581 3493 652 hortantibus,
3511 585 3701 643 immer-

2138 658 2280 729 gitur
2305 670 2359 715 et
2384 670 2602 717 curatur
2630 681 2644 718 :
2677 666 2921 736 donaque
2969 669 3228 727 offerebat
3254 673 3501 741 Elissaeo,
3531 680 3619 747 qui
3638 680 3701 735 illa

2145 755 2368 823 respuit.
2397 756 2785 815 Abseedentem
2835 762 2984 816 illum
3016 763 3328 835 insequutus
3366 767 3515 824 Giesi
3541 785 3705 827 servus

2138 845 2368 910 Elissaei.
2400 850 2550 918 quasi
2591 851 2659 906 ab
2687 853 2907 909 Elissaeo
2936 856 3150 922 missus,
3180 874 3231 913 at
3252 858 3490 916 Neeman
3538 845 3709 932 accipid

2138 938 2246 994 duo
2270 941 2466 995 talenta
2491 954 2762 1013 argentea,
2788 955 2842 1001 et
2857 946 2963 1002 duo
2985 949 3324 1006 vestimenta.
3346 954 3428 1007 Ad
3449 955 3703 1010 Elissam“)

2139 1046 2269 1087 vero
2297 1049 2563 1101 reversus,
2584 1045 2793 1105 gestum
2818 1041 3089 1098 occultare
3122 1046 3379 1101 tentabat.
3408 1048 3507 1103 Ille
3549 1041 3709 1105 auteml

2138 1139 2355 1180 servum
2391 1127 2693 1197 redarguit.
2723 1142 2777 1185 et
2805 1133 2859 1186 in
2895 1149 3104 1203 poenam
3127 1137 3347 1194 immisit
3367 1140 3599 1211 lepram.
3631 1130 3709 1211 Vel

2138 1219 2292 1273 niunt
2321 1218 2410 1273 filii
2438 1221 2818 1290 prophetarum
2849 1241 3047 1281 czesum
3070 1227 3212 1298 ligna
3232 1231 3672 1289 adaedificandum
3690 1256 3709 1303 εγ

2139 1320 2197 1367 ιιι
2232 1328 2363 1369 vero
2388 1313 2589 1369 ferrum
2616 1318 2774 1373 unius
2791 1334 2859 1373 ex
2886 1320 3079 1390 capulo
3102 1321 3324 1388 excidit,
3352 1337 3629 1381 exsectum
3654 1310 3709 1390 li-l

2136 1416 2299 1473 gnum
2328 1404 2548 1462 immisit
2579 1408 2851 1476 Elisszeus,
2885 1422 2940 1467 et
2965 1412 3162 1469 ferrum
3192 1430 3349 1486 supra
3377 1433 3577 1488 aquam
3597 1421 3703 1475 sub-

2138 1493 2301 1549 latum
2338 1503 2441 1551 est.
2489 1497 2606 1553 Rex
2648 1499 2815 1571 Syriae
2851 1501 3052 1558 bellum
3095 1507 3345 1563 movebat
3386 1510 3440 1563 in
3475 1510 3703 1567 Israelctn

2139 1592 2200 1639 ut
2226 1587 2548 1655 prtedixerat
2587 1589 2867 1647 Elissmus.
2907 1593 2986 1648 Re
3012 1605 3283 1666 comperta
3306 1638 3322 1663 ,
3342 1596 3526 1653 hostis
3567 1604 3701 1657 mittit

2139 1684 2371 1731 turmam
2394 1679 2621 1735 militum
2652 1682 2703 1737 in
2734 1682 3034 1739 Elissaaum.
3064 1687 3229 1743 Deum
3255 1703 3479 1761 rogante
3501 1695 3709 1764 prephet

2138 1775 2190 1823 ta
2209 1809 2224 1833 ,
2257 1771 2499 1826 ctecitate
2528 1774 2895 1841 percutiuntur
2921 1777 2954 1831 ii
2983 1779 3073 1848 qui
3114 1792 3395 1849 venerunt,
3435 1795 3495 1839 et
3524 1780 3709 1855 inducit:

2136 1877 2233 1920 eos
2257 1864 2308 1919 in
2327 1866 2533 1921 medios
2562 1867 2826 1937 inimicos,
2856 1886 3141 1943 regemque
3166 1875 3309 1945 ipsos
3335 1880 3609 1947 perimere
3632 1896 3709 1947 ro-g

2137 1957 2334 2011 lentem
2363 1958 2578 2013 cohibet
2625 1959 2911 2028 Elisszeus,
2960 1964 3053 2018 sed
3081 1966 3234 2033 jubet
3280 1968 3552 2025 alimentis
3589 1956 3709 2041 datis}

2138 2048 2358 2103 remitti.
2401 2049 2569 2105 Tanta
2599 2055 3009 2121 superveniente
3065 2056 3242 2125 fame,
3295 2068 3356 2115 ut
3397 2072 3563 2130 caput
3590 2046 3709 2133 asini

2135 2139 2515 2213 quinquaginta
2549 2144 2717 2211 siclis,
2749 2154 2805 2201 et
2831 2155 3018 2217 quarta
3046 2164 3172 2218 pars
3193 2152 3311 2206 cabi
3338 2157 3602 2212 stercoris
3625 2138 3709 2211 εο-ἰ

2138 2232 2437 2291 luntbarum
2454 2238 2689 2308 quinque
2706 2238 2853 2294 siclis
2875 2242 3214 2310 venderetur,
3229 2246 3433 2300 accedit
3453 2249 3526 2302 ad
3548 2266 3709 2319 regem

2135 2326 2328 2382 mulier
2349 2328 2571 2384 alteram
2605 2331 2885 2388 mulierem
2927 2333 3192 2400 incusans,
3226 2338 3367 2407 quod
3405 2355 3533 2393 cum
3559 2342 3709 2397 filium

2137 2432 2291 2474 suum
2318 2434 2499 2475 secum
2523 2422 2868 2488 comedisset,
2899 2427 3344 2497 promisissetque
3374 2445 3434 2485 se
3476 2434 3638 2486 etiam
3661 2434 3709 2493 ti-l

2137 2510 2265 2566 lium
2297 2526 2451 2567 suum
2480 2515 2530 2569 in
2561 2515 2735 2570 cibum
2766 2516 3107 2586 praabituratn
3300 2523 3585 2590 promissis
3616 2496 3709 2579 nuli

2135 2606 2392 2661 Stetisset.
2422 2607 2573 2662 Tunc
2622 2608 2780 2664 scidit
2808 2626 2902 2666 rex
2939 2614 3259 2669 vestimenta
3289 2630 3408 2681 sua,
3464 2619 3696 2689 misitque

2137 2698 2308 2754 virum
2355 2701 2445 2772 qui
2487 2713 2647 2772 caput
2695 2703 2904 2760 Elissaei
2958 2717 3279 2776 amputaret.
3312 2709 3570 2767 Pwdicit
3601 2731 3698 2782 pro-

2137 2792 2297 2864 pheta
2328 2795 2378 2850 ei
2407 2796 2497 2866 qui
2532 2811 2591 2851 se
2643 2806 3008 2864 convenerat,
3059 2800 3148 2855 die
3173 2803 3407 2857 crastina
3430 2803 3554 2861 fore
3585 2808 3698 2859 sulu

2138 2886 2343 2941 tionem
2369 2889 2523 2944 famis
2548 2907 2561 2942 :
2591 2904 2715 2944 cum
2743 2901 2920 2946 autem
2968 2892 3057 2947 ille
3095 2909 3201 2947 non
3228 2896 3498 2963 crederet,
3536 2902 3698 2952 vatici-

2137 2988 2297 3033 natur
2315 2980 2364 3034 ei
2394 2990 2643 3035 mortem.
2678 2980 2901 3052 Leprosi
2939 2995 3170 3053 quatuor
3208 2987 3278 3041 ob
3312 2987 3510 3044 famem
3547 2994 3597 3045 in
3626 2994 3699 3045 de-

2135 3085 2290 3139 spera
2299 3071 2499 3126 tionem
2518 3072 2753 3138 adducti,
2773 3088 2894 3128 sese
2921 3075 3163 3131 hostibus
3180 3078 3381 3134 dedere
3396 3080 3697 3143 decernunt.

2135 3173 2190 3221 et
2209 3167 2274 3219 ad
2301 3176 2475 3220 castra
2505 3168 2800 3233 venientes,
2832 3168 2916 3222 illa
2954 3170 3167 3239 quidem
3202 3171 3511 3229 hominibus
3534 3192 3697 3238 vacua,

2137 3260 2363 3315 tentoria
2386 3275 2514 3316 vero
2556 3261 2754 3317 divitiis
2783 3263 2937 3333 plena
2969 3264 3304 3319 invenerunt.
3338 3268 3417 3321 Ac
3444 3283 3575 3322 cum
3600 3269 3709 3339 diri:

2134 3360 2375 3429 puissent
2399 3372 2593 3432 quanta
2633 3370 2845 3432 gestare
2879 3372 3145 3433 poterant,
3177 3363 3229 3418 id
3276 3365 3383 3433 regi
3415 3344 3709 3419 nuntiaturi

2135 3462 2410 3507 venerunt.
2441 3452 2508 3506 Et
2537 3453 2707 3521 primo
2728 3453 2943 3522 quidem
2968 3470 3060 3509 rex
3082 3455 3261 3508 dolum
3290 3456 3514 3509 subesse
3542 3457 3699 3522 suspi-

2132 3545 2354 3599 cabatur
2398 3547 2621 3599 :missis
2654 3555 2827 3599 autem
2874 3547 3174 3615 equitibus,
3230 3562 3353 3601 cum
3400 3562 3519 3601 rem
3572 3557 3702 3601 certo

2133 3636 2517 3706 comperisset,
2568 3639 2743 3692 emisit
2774 3639 3027 3707 pupulum
3056 3638 3122 3692 ad
3169 3639 3463 3707 diripienda
3498 3650 3700 3696 castra:

2132 3732 2467 3801 cessavitque
2500 3731 2683 3785 fames.
2717 3730 2816 3795 Qui
2847 3746 2974 3785 vero
3001 3745 3104 3784 non
3136 3730 3438 3785 crediderat
3468 3732 3698 3791 Elissteo.

2131 3841 2160 3881 a
2193 3826 2343 3880 turba
2368 3825 2547 3895 populi
2573 3825 2915 3881 conculcatus
2937 3825 3159 3879 interiit.
3186 3824 3433 3879 Praedicit
3460 3824 3701 3879 Elissazus

2130 3918 2373 3982 mulieri,
2405 3917 2557 3985 cujus
2585 3915 2751 3971 ﬁlium
2795 3930 2823 3968 a
2859 3923 3032 3970 morte
3079 3915 3464 3981 suscitaverat,
3508 3929 3699 3985 septem

2130 4024 2392 4064 annorum
2447 4011 2680 4073 famem,
2738 4008 3085 4077 hortaturque
3131 4007 3271 4061 illam
3322 4017 3378 4061 ut
3418 4023 3448 4062 a
3493 4009 3698 4079 regione

2133 4106 2494 4175 trausmigret.
2544 4104 2830 4173 Postquam
2872 4109 3050 4154 autem
3096 4099 3607 4168 trausmigraverat,
3637 4101 3697 4150 la.

2129 4216 2347 4271 mosque
2373 4198 2601 4253 cessavit
2621 4239 2635 4262 ,
2666 4210 2877 4251 reversa
2904 4202 2987 4248 est
3025 4207 3310 4262 regemque
3344 4190 3536 4245 adiens
3564 4204 3699 4258 roga-

2126 4295 2201 4348 vit
2230 4302 2286 4348 ut
2314 4292 2507 4364 prmdia
2538 4305 2629 4345 sua
2662 4289 2760 4344 sibi
2790 4288 3216 4342 restituerentur.
3246 4283 3360 4338 Rex
3382 4284 3556 4354 Syrize
3592 4283 3700 4335 mit-

2128 4389 2189 4442 tit
2234 4387 2298 4441 ad
2348 4385 2907 4453 Elisszeum.rogatutn
2956 4396 3024 4434 an
3065 4394 3097 4435 e
3140 4378 3328 4433 morbo
3370 4389 3698 4433 surrecturus

2125 4491 2285 4539 e~set.
2317 4481 2412 4535 llle
2439 4489 2617 4534 autem
2645 4478 2829 4531 nuntio
2855 4476 3009 4539 dixit,
3038 4491 3141 4529 non
3170 4483 3536 4530 surrecturum
3563 4490 3693 4536 esse,

2122 4574 2329 4644 ipsique
2372 4572 2530 4627 etiam
2576 4569 2820 4641 prtedixit
2849 4569 3203 4623 lsraelitarum
3236 4567 3549 4635 perniciem.
3579 4566 3697 4621 Cum

2120 4679 2298 4721 autem
2326 4666 2418 4721 ille
2446 4664 2703 4730 obiisset,
2756 4662 2996 4734 regnavit
3045 4662 3096 4716 in
3135 4660 3253 4730 ejus
3296 4660 3472 4713 lucum
3524 4658 3693 4713 Azaél.

2121 4759 2328 4813 Mortuo
2373 4758 2499 4811 item
2547 4756 2764 4811 Juramo
2812 4768 2938 4824 rege
2962 4752 3137 4814 Juda,
3184 4751 3257 4806 illi
3301 4750 3541 4804 succedit
3571 4750 3695 4804 filius

2119 4855 2234 4917 ejus
2283 4850 2564 4906 Ochozias.
2604 4848 2819 4902 Missum
2848 4847 3100 4900 Elissznus
3128 4859 3288 4899 unum
3316 4859 3379 4899 ex
3428 4842 3555 4898 filiis
3588 4858 3695 4913 pru-

2121 4947 2400 5017 pltetarum
2425 4986 2438 5007 ,
2472 4944 2618 5013 jubet
2643 4956 2842 5009 ungere
2870 4940 3006 4995 Jehu
3025 4983 3040 5007 ,
3072 4940 3159 5009 qui
3203 4953 3323 4993 cum
3352 4953 3579 5007 regnum
3609 4952 3692 4989 oc-

2117 5048 2385 5109 cupasset,
2416 5038 2688 5093 Juramum
2711 5035 2926 5097 occidit,
2951 5044 3003 5088 et
3028 5034 3236 5104 projicit
3263 5047 3383 5086 eum
3414 5033 3467 5084 in
3492 5033 3692 5085 vineam

2117 5131 2411 5192 Nabuthm,
2475 5144 2635 5200 quam
2691 5136 3035 5195 usurpaverat
3087 5135 3235 5193 pater
3283 5123 3510 5178 Jorami.
3567 5124 3685 5176 Cum

2117 5223 2399 5277 occidisset
2418 5223 2573 5276 etiam
2593 5219 2900 5283 Ochoziam,
2922 5217 3136 5271 intravit
3156 5216 3208 5270 in
3229 5216 3498 5270 civitatem
3520 5214 3688 5269 Israel.

2116 5317 2327 5373 chabel
2368 5326 2548 5369 autem
2592 5322 2779 5367 ornata
2806 5311 3126 5380 respiciebat
3154 5323 3184 5362 e
3209 5308 3358 5363 turri.
3389 5308 3505 5361 Rex
3537 5322 3709 5361 eunti»

2116 5411 2231 5465 chis
2286 5410 2539 5481 praecepit
2584 5415 2641 5461 ut
2686 5405 2828 5460 illam
2873 5403 3288 5473 prmcipitarent.
3342 5399 3561 5468 Dejecta
3609 5396 3683 5449 illa

2117 5515 2325 5561 mortua
2375 5512 2479 5559 est.
2526 5500 2733 5557 Occidit
2787 5499 2947 5555 etiam
2992 5496 3130 5551 Jebu
3176 5494 3513 5563 septuaginta
3558 5491 3684 5543 ﬁlius

2114 5599 2349 5656 Achaabi
2369 5640 2384 5665 ,
2416 5599 2647 5666 itemque
2679 5593 2869 5648 fratres
2912 5588 3157 5644 Ochozias
3184 5628 3201 5654 ,
3230 5584 3538 5641 sacerdotes
3565 5598 3685 5652 quu-

2118 5709 2219 5764 quc
2253 5693 2444 5753 Raalis.
2477 5703 2530 5748 ct
2560 5692 2772 5746 Baalem
2806 5687 3075 5743 contrivit.
3105 5683 3256 5739 Tunc
3279 5679 3435 5737 Azaél
3463 5675 3684 5734 concidit
