3722 6274
30 253 109 310 331

1083 245 1425 305 SYNOPSIS
1461 246 1885 307 SCRIPTURIE
1918 248 2191 307 SACRE.

3168 251 3277 310 35?.

28 368 161 440 ἐμόν.
188 364 280 430 '0;
300 363 359 418 66
396 363 588 433 γέγονε
608 359 787 425 τοῦτο,
809 361 903 414 καὶ
923 359 974 413 οἱ
1006 361 1333 433 στρατιῶται
1372 363 1590 435 ἐντολὴν
1698 364 1942 432 διώξαςό
1971 365 2115 427 Γιεζὶ
2146 368 2175 418 6
2218 368 2346 431 παῖς
2392 365 2485 421 τοῦ
2524 364 2847 433 Ἐλισσαίου,
2891 367 2966 431 ὡς
2993 367 3145 438 παρά
3182 368 3278 422 τοῦ

30 455 326 522 είλήφεισαν
361 448 513 519 παρὰ
539 446 633 501 τοῦ
687 445 949 516 βασιλέως
984 446 1079 499 τοῦ
1117 446 1345 511 ἐαυτῶν,
1388 448 1595 510 πάντας

1711 447 2019 503 Ἐλισσαίου
2045 449 2335 519 πεμφθεὶς,
2365 448 2631 519 λαμϐάνει
2659 450 2811 520 παρά
2840 449 2932 503 τοῦ
2954 449 3172 520 Νεεμάν
3196 452 3278 503 δι-

26 537 263 604 άφέντες,
302 532 452 602 μόνῳ
477 529 556 600 τῷ
582 528 793 599 βασιλεῖ
810 528 903 581 τοῦ
956 528 1171 600 Ἰσραὴλ
1199 530 1489 582 συνάπτειν
1515 532 1595 593 είς
1697 527 1966 585 ⁸’τάλαντον
2000 531 2286 602 ἀργυρίου,
2313 533 2408 586 καὶ
2428 533 2522 586 δύο
2559 532 2769 595 στολάς.
2817 533 3015 588 Ἐλθὼν
3048 534 3105 586 δέ
3142 534 3281 604 πρὸς

26 620 272 687 11615906,
300 615 501 676 ἰδόντες
528 612 618 665 τὸν
668 610 935 679 Ἰωσαφὰτ
954 610 1045 664 τὸν
1080 610 1304 680 βασιλέα
1333 612 1426 664 τοῦ
1466 611 1598 664 Ἰού-

1712 611 2016 667 Ἐλισσαῖον
2036 617 2291 685 ἐπειρᾶτο
2318 614 2602 685 κρύπτειν.
2630 616 2758 668 Ὀδὲ
2788 616 3064 687 διήλεγξεν
3094 618 3277 680 αὑτὸν,

26 703 101 761 δα,
127 700 221 752 καὶ
247 698 569 767 νομίσαντες
613 694 776 748 αὑτὸν
803 693 899 746 τοῦ
939 693 1155 763 Ἰσραήλ
1186 687 1326 747 εἶναι
1371 692 1451 763 (τὺ
1489 693 1599 764 γὰρ
1702 693 1800 749 καὶ
1829 698 2096 769 τιμωρίαν
2130 698 2287 754 ἔλαϐε
2339 700 2438 770 τὴν
2491 699 2717 770 λέπραν.
2746 702 3035 772 Ἔρχονται
3083 703 3133 753 οἱ
3174 703 3282 754 υίοὶ

30 785 204 853 σχῆμα
236 781 437 842 06106;
461 778 786 849 ἠπάτησεν),
823 775 1086 829 ἐκύκλουν
1118 775 1303 843 αὐτὸν,
1332 776 1541 830 ἀνελεῖν
1569 788 1597 817 ει
1700 779 1813 834 τῶν
1847 780 2141 852 προφητῶν
2203 782 2365 851 κόψαι
2406 781 2538 846 ξύλα
2576 784 2713 855 πρὸς
2749 783 3054 853 οἰκοδομήν.
3085 782 3172 846 '0;
3224 783 3281 836 66

28 867 282 927 θέλοντες.
338 864 396 916 Ὀ
416 862 473 914 66
500 860 829 931 ἀναϐοήσας,
876 858 1166 930 ἀπηλλάγη
1190 858 1286 911 τοῦ
1329 858 1598 914 κινδύνου.

1703 859 1964 930 ἐξέπεσεν
1982 864 2100 928 ἐνὸς
2128 865 2189 917 16
2216 865 2455 936 σιδήριον
2487 866 2551 917 ἐκ
2580 864 2674 917 106
2707 860 2946 928 0161506,
2982 865 3160 936 ῥίπτει
3187 864 3279 929 ξύ-

30 951 245 1017 Ἕτερος
272 946 329 999 δέ
359 962 444 1008 τις
474 943 697 1013 τοξότης
718 941 875 995 ἕδαλε
901 942 1003 1020 τὸν⁸
1032 941 1252 1011 Ἀχαὰϐ,
1285 942 1380 995 καὶ
1405 942 1602 1013 x0169-
1703 945 1797 1003 λον
1812 948 2127 1012 ἀποκλάσας
2158 949 2187 1001 6
2228 948 2548 1013 Ἐλισσαῖος,
2578 951 2671 1002 κα)⁸
2692 950 3084 1020 ἐμετεωρίζετο
3115 947 3176 1002 16
3198 967 3282 1002 σι-

28 1036 105 1104 ρει
123 1032 185 1083 τὸ
213 1025 375 1099 αἷμα.
404 1029 582 1098 Ὅπερ
608 1025 923 1081 ἀπέπλυναν
961 1017 1020 1078 ἐν
1049 1028 1115 1097 τῇ
1149 1027 1361 1099 κυρήνῃ
1378 1025 1437 1098 (ί.
1461 1027 1601 1100 κρή·

29 1116 132 1186 νη),
162 1115 257 1167 καὶ
300 1114 358 1166 αί
394 1111 587 1183 πόρναι
644 1109 931 1163 ἐλούσαντο
975 1109 1033 1161 ἐν
1070 1108 1149 1178 τῷ
1181 1108 1372 1180 αἵματι
1412 1109 1604 1178 06106,

29 1201 117 1251 καὶ
160 1199 212 1249 οί
260 1195 421 1258 κύνες
476 1194 685 1259 ἐλειξαν
736 1191 888 1247 0616.
924 1190 1270 1245 Ἐϐασίλευσε
1325 1192 1462 1263 μετά
1513 1193 1608 1248 τὸν

42 1280 241 1351 ,Αχαάδ
275 1278 523 1349 Ὀχοζίας
555 1278 583 1317 b
607 1279 636 1330 ὁ
658 1278 774 1340 υἱδς
816 1273 1002 1330 αὐτοῦ.
1045 1276 1132 1339 Ὠς
1154 1275 1212 1329 δὲ
1246 1276 1399 1345 φίλος
1438 1277 1607 1333 06106

31 1364 249 1431 γέγονεν
285 1359 579 1430 Ἰωσαφὰτ,
633 1359 801 1413 ἔδωκε
852 1358 1032 1428 δίκην,
1078 1357 1139 1411 16
1188 1358 1515 1434 διακοπῆναι
1541 1362 1610 1417 τὰ

34 1449 165 1517 ἔργα
186 1443 376 1500 αὑτοῦ.

592 1522 924 1580 8001.131167-
973 1521 1044 1580 δ’.

105 1611 496 1683 Ἀρῤωστήσας
535 1608 782 1679 Ὀχοζίας
827 1607 1070 1678 ἐπεμψεν
1104 1608 1381 1681 ἐρωτῆσαι
1428 1613 1486 1665 ἐν
1533 1612 1612 1683 τῷ

31 1698 197 1761 Βάαλ,
234 1697 689 1767 εἱάναστήσεται,
713 1694 807 1748 καὶ
836 1694 1153 1764 ἀπαντήσας
1198 1694 1387 1760 Ἠλίας
1419 1698 1448 1749 6
1480 1714 1614 1767 1190-

32 1784 204 1853 φήτης
229 1783 341 1845 τοῖς
360 1778 732 1840 ἀποσταλεῖσι,
752 1776 1035 1830 ἐκέλευσεν
1059 1777 1395 1843 ἀπελθόντας
1417 1781 1609 1845 εἰπεῖν,

34 1867 111 1920 611
140 1865 241 1919 οὑκ
266 1863 651 1934 ἀναστήσεται.
682 1858 886 1915 Μαθὼν
912 1859 968 1912 δὲ
1001 1861 1271 1932 Ὀχοζίας,
1301 1863 1383 1916 ὃτι
1429 1862 1613 1927 Ἠλίας

37 1951 200 2012 ἐστὶν,
216 1946 429 2019 ἔπεμψε
454 1946 545 1999 16v
582 1942 1054 2016 πεντηκόνταρχον
1081 1944 1295 2017 πρῶτον
1313 1945 1612 1999 110165616—

40 2051 147 2106 ρονο
174 2033 250 2095 ὡς
270 2032 327 2084 66
379 2029 734 2101 ἀνηλώθησαν
767 2028 872 2080 6116
897 2029 989 2084 106
1020 2030 1189 2102 πυρὸς
1212 2030 1441 2095 ἕκαστος
1478 2031 1616 2101 μετὰ

34 2119 139 2170 τῶν
172 2115 532 2185 πεντήκοντα,
579 2111 717 2183 μετὰ
754 2110 851 2165 τοῦ
900 2112 1085 2184 τρίτου
1116 2112 1393 2168 κελεύεται
1424 2113 1617 2167 κατελ-

28 2199 145 2252 θεῖν
164 2200 195 2251 6
236 2198 442 2261 Ἠλίας,
465 2196 559 2250 κα)¹
591 2194 761 2249 ἐλθὼν
801 2195 938 2266 πρὸς
965 2196 1055 2248 τὸν
1088 2195 1314 2266 βασιλέα
1336 2192 1508 2260 εἶπεν,
1537 2198 1619 2248 ὅτι

34 2285 407 2339 ἀποθανεῖται.
449 2281 606 2336 Μετὰ
636 2281 825 2333 τοῦτον
857 2280 1129 2351 βασιλεύει
1151 2281 1179 2333 6
1201 2280 1427 2351 ἀδελφὸς
1454 2282 1619 2335 06106

46 2368 271 2438 Ἰωράμ·
303 2366 364 2420 06
391 2364 502 2436 γὰρ
533 2359 603 2434 ἧν
629 2363 778 2435 αὐτῷ
808 2364 940 2427 υίός.
986 2364 1316 2437 Ἐντεῦθενή
1355 2364 1622 2436 ἀνάληψις

38 2452 127 2504 τοῦ
183 2449 365 2503 Ἡλίου
388 2448 474 2511 είς
500 2446 596 2500 16v
615 2445 863 2518 οὐρανόν.
906 2447 1127 2511 ’ἰδόντες
1156 2448 1263 2501 υἱοὶ
1291 2447 1399 2501 τῶν
1412 2466 1624 2520 προφη-

36 2535 145 2586 τῶν
175 2533 268 2586 τὸν
306 2530 608 2585 Ἐλισσαῖον
636 2528 727 2582 διὰ
760 2528 931 2599 ξηρᾶς
976 2530 1035 2583 ἐν
1073 2529 1153 2601 τῷ
1201 2531 1441 2604 Ἰορδάνῃ
1482 2530 1625 2601 βαδί-

40 2635 231 2681 σαντα,
266 2609 443 2669 εἷπον·
498 2614 978 2667 Ἐπαναπέπαυται
997 2613 1057 2667 16
1072 2613 1289 2685 πνεῦμα
1332 2616 1510 2668 Ἡλίου
1536 2615 1623 2667 ἐπ’

38 2702 223 2767 αὐτὸν,
264 2702 361 2754 καὶ
404 2699 647 2764 ἀξιοῦσιν
679 2697 820 2752 ὥστε
847 2698 1157 2770 ἐπιπέμψαι
1185 2702 1265 2763 εἰς
1301 2700 1625 2772 ἐπιζήτησιν

38 2785 132 2838 τοῦ
191 2785 394 2837 Ἡλίου·
426 2784 455 2835 6
484 2782 541 2835 66
568 2781 915 2836 διεκώλυσενο
950 2782 1176 2854 ὕστερον
1216 2783 1274 2836 66
1316 2783 1626 2855 συνεχώρη-

41 2884 153 2921 σεν’
193 2868 243 2920 οί
277 2866 334 2919 δέ
365 2864 695 2931 ἀπελθόντες
724 2866 822 2936 οὐχ
850 2859 1029 2937 εὖρον.
1079 2866 1243 2920 Ἰἄται
1269 2866 1338 2919 τὰ
1370 2868 1427 2919 ἐν
1468 2867 1626 2937 Ἰερι-

40 2952 117 3022 χὼ
150 2950 345 3006 ῦδατα⁹
386 2950 764 3021 ἀπερχόμενος
811 2949 892 3015 είς
922 2949 1148 3021 Βαιθὴλ,
1188 2949 1257 3003 τά
1304 2949 1629 3020 διασύροντα

37 3037 206 3090 αὐτὸν
264 3034 453 3087 παιδία
484 3035 809 3106 καταρᾶται,
876 3034 970 3088 καὶ
1004 3035 1306 3106 ἀναιρεῖται
1356 3035 1461 3089 ὑπὸ
1521 3035 1628 3090 τῶν

38 3123 286 3191 ἄρκτων.
328 3119 388 3171 '0
435 3117 611 3172 Μωάϐ
661 3117 915 3189 βασιλεὺς
966 3119 1178 3188 ἀπέστη
1214 3119 1309 3173 τοῦ
1336 3118 1511 3173 τελεῖν
1538 3121 1629 3172 τὸν

40 3203 273 3257 εἰωθότα
298 3202 481 3271 φόρον.
521 3202 934 3271 Ἐπιστρατεύει
962 3203 1048 3257 ἐπ’
1066 3203 1228 3258 0616v
1266 3203 1469 3277 Ἰωρὰμ
1492 3206 1520 3257 6
1544 3204 1633 3274 βα-

41 3288 227 3348 σιλεὺς
266 3285 504 3356 Ἰσραὴλ,
532 3285 855 3355 προσλαϐὼν
880 3286 974 3339 καὶ
997 3286 1089 3339 τὸν
1114 3286 1383 3355 Ἰωσαφὰτ
1410 3285 1632 3356 βασιλέα

60 3370 292 3433 Ἰούδαε,
321 3369 418 3421 καὶ
447 3367 537 3421 τὸν
571 3368 747 3438 Ἐδὼμ
791 3368 1036 3438 βασιλέα.
1053 3367 1142 3431 '0;
1167 3368 1222 3421 66
1248 3370 1344 3440 οὐχ
1378 3368 1633 3441 εὕρισκον

41 3455 189 3527 ὕδωρ
205 3457 266 3506 ἐν
279 3454 346 3523 τῇ
368 3450 578 3522 ἐρήμῳ,
602 3450 714 3504 ἀλλ’
733 3451 1065 3506 ἐκινδύνευον
1081 3450 1230 3523 [555]
1244 3450 1630 3523 διαφθαρῆναι,

42 3536 552 3608 συμϐουλεύσαντος
575 3533 819 3604 Ὀχοζίου
849 3534 1098 3605 ἔρχονται
1123 3537 1261 3605 πρὸς
1306 3537 1629 3591 Ἐλισσαῖον.

52 3624 111 3675 Ὀ
138 3617 502 3692 δὲόργίζεται
547 3618 682 3689 1196;
722 3619 814 3671 τὸν
852 3618 1077 3688 βασιλέα
1119 3620 1354 3692 Ἰσραὴλ,
1388 3620 1483 3673 καὶ
1523 3621 1634 3674 οὐδ’

42 3708 109 3760 ἂν
138 3707 277 3758 ίδεῖν
308 3703 471 3756 αὐτὸν
500 3701 627 3773 ἔφη,
654 3703 704 3755 εί
738 3702 814 3773 μὴ
853 3702 940 3755 διὰ
972 3701 1063 3756 τὸν
1087 3702 1310 3774 βασιλέα
1352 3705 1633 3758 Ἰούδα.οὑ

46 3790 211 3861 μόνον
235 3788 295 3842 66
324 3786 515 3849 66010;
537 3785 794 3855 ἀφθονίαν
816 3786 1074 3855 προεῖπεν
1094 3786 1277 3849 αὐτοῖς
1300 3786 1470 3858 ἥξειν,
1502 3787 1637 3841 ἀλλὰ

38 3874 134 3929 καὶ
159 3872 269 3941 τὴν
285 3869 553 3941 κράτησεν
574 3868 674 3938 τῆς
697 3867 1059 3932 Μωαϐίτιδος,
1091 3869 1278 3940 ὥσπερ
1293 3870 1387 3923 καὶ
1418 3870 1633 3938 γέγονε·

40 3958 134 4012 καὶ
192 3958 278 4019 είς
317 3952 590 4022 τοσαύτην
621 3951 906 4023 συμφορὰν
938 3946 1102 4023 ἦλθεν
1138 3951 1167 4003 6
1204 3952 1510 4005 Μωαϐιτῶν
1543 3953 1635 4024 βα-

40 4040 254 4103 σιλεὺς.
290 4036 435 4091 ὥστε
457 4035 549 4088 τὸν
580 4035 694 4088 υίὸν
716 4036 881 4088 αὐτοῦ
925 4033 1126 4104 σφάξαι
1155 4033 1362 4088 ἀνωθεν
1401 4035 1509 4088 ἀπὸ
1541 4035 1635 4089 τοῦ

40 4125 289 4195 τείχους.
333 4117 600 4173 Ἐνταῦθα
633 4119 667 4189 ή
687 4116 845 4189 γυνὴ,
878 4110 913 4191 ᾖ
946 4117 1009 4170 16
1051 4116 1230 4171 ἔλαιον
1261 4116 1636 4189 ἐπερίσσευσε,

45 4210 137 4263 καὶ
168 4208 210 4277 ἡ
251 4204 600 4274 Σουμανῖτις,
721 4200 812 4254 τὸν
840 4199 957 4253 υἱὸν
997 4201 1289 4271 ἐχαρίσατο
1321 4199 1637 4271 εὐξάμενος,

44 4294 139 4345 καὶ
181 4287 531 4343 ἀποθανόντα
556 4285 842 4355 ἀνέστησε.
889 4282 1065 4352 Λιμοῦ
1099 4283 1393 4353 γενομένου
1425 4285 1527 4354 τήν
1579 4301 1639 4337 τε

44 4375 281 4445 πικρίαν
308 4371 497 4441 ἀφεῖλε
524 4370 621 4441 τὴν
635 4371 692 4422 ἐν
725 4367 802 4439 τῷ
835 4366 1025 4438 λέϐητι
1054 4366 1368 4438 γενομένην,
1396 4367 1641 4422 11016110-

43 4464 133 4513 τὸν
181 4457 391 4527 ἄνδρας
441 4453 668 4525 ἔθρεψεν
701 4453 757 4504 ἐν
797 4450 1019 4520 ὀνόματι
1060 4449 1194 4504 Θεοῦ
1233 4450 1339 4504 ἀπὸ
1390 4450 1642 4522 κριθίνων

45 4545 235 4612 ἄρτων
259 4539 486 4592 εἴκοσιν.
527 4534 842 4607 Ἐλεπρώθη
886 4533 1106 4603 Νεεμάν
1142 4535 1171 4587 6
1211 4534 1519 4606 στρατηγὸς
1544 4534 1639 4589 τοῦ

1708 1032 1892 1103 δήριον
1918 1031 2011 1085 ἐπὶ
2038 1030 2131 1084 τοῦ
2162 1029 2373 1096 66010;.
2409 1032 2667 1095 Βασιλεὺς
2688 1032 2885 1103 Συρίας
2913 1030 3167 1102 ἐπολέμει
3191 1030 3285 1085 τὸν

1723 1114 1956 1185 Ἰσραήλ,
1990 1114 2345 1185 προλέγοντος
2391 1115 2543 1186 αύτῷ
2588 1115 2681 1168 τοῦ
2720 1114 3041 1168 Ἐλισσαίου.
3081 1112 3286 1168 Μαθὼν

1709 1197 1738 1248 6
1768 1197 2044 1267 πολέμιος,
2099 1198 2307 1267 πέμπει
2343 1198 2659 1269 στράτευμα
2698 1198 2791 1250 ἐπὶ
2828 1197 2920 1250 τὸν
2963 1198 3283 1251 Ἐλισσαῖον.

1712 1281 2023 1352 Εύξαμένου
2053 1281 2111 1335 δέ
2153 1281 2248 1335 τοῦ
2298 1284 2598 1354 προφήτου,
2633 1282 2955 1351 πλήττονται
2982 1282 3212 1354 ἀορασίᾳ
3237 1282 3286 1335 οἱ

1711 1364 1977 1429 ἐλθόντες,
2014 1365 2108 1418 καὶ
2123 1366 2329 1435 είσάγει
2360 1366 2556 1429 06106;
2585 1367 2664 1428 είς
2700 1367 2893 1437 μέσους
2915 1368 3037 1430 τοὺς
3063 1367 3288 1437 ἐχθροὺς

1711 1447 1911 1511 αὐτῶν,
1944 1449 2038 1502 καί
2065 1448 2390 1519 βουλόμενον
2418 1449 2510 1502 τὸν
2551 1448 2773 1519 βασιλέα
2814 1451 3025 1504 ἀνελεῖν
3067 1451 3285 1516 06106;,

1711 1530 2037 1584 διεκώλυσεν
2087 1534 2117 1585 6
2184 1532 2519 1595 Ἐλισσαῖος·
2574 1534 2928 1597 ἐστιάσαντας
2979 1534 3036 1587 66
3094 1534 3289 1596 06106;

1712 1614 1994 1669 ἐκέλευσεν
2046 1616 2346 1686 ἐκπέμψαι.
2376 1615 2551 1687 Λιμοῦ
2599 1617 2994 1681 καταλαϐόντος
3043 1618 3287 1688 ίσχυροῦ,

1713 1697 1791 1760 ὡς
1816 1696 2056 1767 κεφαλὴν
2081 1698 2202 1752 ὄνου
2251 1700 2593 1770 πεντήκοντα
2638 1699 2857 1764 σίκλων,
2907 1700 3003 1753 καὶ
3033 1702 3289 1770 τέταρτον

1716 1779 1885 1834 κάϐου
1915 1781 2122 1852 κόπρου
2155 1782 2492 1854 περιστερῶν
2513 1784 2673 1836 πέντε
2709 1783 2905 1835 σίκλων
2930 1778 3088 1846 εἶναι,
3117 1798 3290 1851 προσ-

1717 1863 2094 1935 έρχεταιγυνὴ
2116 1865 2194 1935 τῷ
2233 1865 2442 1935 βασιλεῖ
2474 1864 2778 1934 ἐγκαλοῦσα
2816 1866 2978 1936 ἑτέρα
3021 1868 3178 1935 γυνῇ,
3206 1864 3288 1917 611

1718 1947 1809 2001 τὸν
1831 1947 1945 2001 υἱὸν
1965 1948 2137 2019 αὐτῆς
2153 1949 2542 2018 καταφαγοῦσα
2574 1950 2689 2019 μετ’
2717 1951 2906 2021 αὐτῆς,
2932 1950 3026 2003 καὶ
3056 1948 3145 2001 τὸν
3162 1949 3290 2001 ῐδιον

1719 2030 2061 2103 ὑποσχομένη
2079 2032 2356 2103 παρέξειν,
2371 2032 2727 2103 ήγνωμόνησε
2746 2050 2812 2086 πε
2823 2035 2874 2102 9‘.
2890 2033 2986 2098 τὴν
3006 2032 3291 2086 ἀντίδοσιν.

1720 2114 1851 2167 Τότε
1870 2115 2119 2187 διέρρηξε
2149 2116 2216 2169 τὰ
2245 2116 2431 2186 ἱμάτια
2470 2116 2635 2169 αὐτοῦ
2670 2117 2698 2169 6
2729 2116 3002 2186 βασιλεὺς,
3034 2115 3296 2182 31011169-

1721 2215 1813 2250 πει
1830 2199 1922 2252 ἐπὶ
1941 2200 2030 2252 τὸν
2045 2199 2347 2252 Ἐλισσαῖον
2376 2198 2593 2268 ἀφελεῖν
2615 2198 2779 2252 06106
2802 2198 2898 2269 τὴν
2914 2199 3174 2269 κεφαλήν.
3197 2198 3297 2251 Λέ-

1720 2299 1807 2351 γει
1829 2284 2155 2355 όπροφήτης
2184 2283 2262 2354 τῷ
2288 2266 2593 2336 ἐλθόντιέπ’
2624 2282 2809 2343 06166,
2834 2266 2916 2337 δτι
2945 2266 3297 2351 αῦριονέσται

1720 2364 1815 2417 τοῦ
1850 2364 2007 2436 λιμοῦ
2039 2368 2072 2435 ή
2102 2366 2273 2429 λύσις.
2330 2366 2415 2429 '0;
2440 2366 2498 2418 66
2546 2365 2840 2435 διηπίστει,
2874 2366 3126 2438 προλέγει
3150 2365 3300 2436 αὐτῷ

1724 2446 1970 2504 θάνατον.
1998 2449 2203 2520 Λεπροὶ
2224 2449 2487 2520 τέσσαρες
2516 2449 2873 2521 ἀπειρηκότες
2890 2449 2966 2519 τῷ
2999 2449 3161 2519 λιμῷ,
3180 2448 3299 2519 βου-

1723 2531 1968 2587 λεύονται
1996 2533 2328 2603 παραδοῦναι
2355 2534 2581 2597 606106;
2617 2537 2727 2597 τοῖς
2762 2534 3059 2605 πολεμίοις,
3093 2536 3187 2587 καὶ
3215 2534 3300 2585 ἐλ-

1726 2615 1907 2679 θόντες
1927 2617 2005 2679 είς
2038 2616 2135 2687 τὴν
2179 2616 2551 2688 παρεμϐολὴν,
2594 2617 2894 2688 ἀνθρώπων
2929 2618 3024 2688 μὲν
3055 2620 3207 2669 κενὸν
3241 2615 3303 2667 16

1722 2699 1923 2770 χωρίον
1956 2693 2132 2770 εὖρον,
2172 2700 2270 2762 τὰς
2295 2700 2351 2751 66
2385 2700 2587 2770 σκηνὰς
2618 2700 2796 2753 αὐτῶν
2828 2700 3052 2771 πλήρεις
3073 2698 3304 2753 πλούτου

1724 2781 1945 2837 πολλοῦ.
2000 2782 2112 2835 K01.
2161 2781 2558 2850 διαρπάσαντες
2603 2782 2746 2853 ἅπερ
2789 2782 3048 2852 ἠδύναντο
3096 2781 3302 2852 φέρειν,

1728 2867 1973 2929 ἐλθόντες
2003 2865 2339 2935 ἀπήγγειλαν
2366 2865 2445 2935 τῷ
2470 2865 2693 2936 βασιλεῖ.
2729 2867 2839 2919 Καὶ
2868 2866 2928 2919 16
2963 2867 3059 2936 μὲν
3087 2865 3305 2937 πρῶτον

1727 2950 1876 3003 δόλον
1907 2948 2258 3000 ὑπώπτευσεν
2287 2941 2424 3001 εἶναι
2460 2948 2519 3001 16
2543 2951 2774 3020 πρᾶγμα
2800 2951 2828 3001 6
2860 2948 3108 3019 βασιλεύς
3128 2966 3141 2979 ο
3173 2950 3309 3002 0110-

1731 3032 1947 3094 στείλας
1982 3031 2038 3083 δὲ
2076 3033 2258 3093 ἱππεῖς
2284 3032 2377 3084 καὶ
2412 3031 2595 3100 μαθὼν
2630 3031 2690 3083 τὸ
2714 3032 2900 3101 σαφὲς,
2940 3033 3189 3103 ἐπαφῆκε
3213 3031 3307 3085 τὸν

1731 3115 1855 3168 λαὸν
1882 3117 1947 3184 τῇ
1989 3114 2089 3180 τῆς
2126 3114 2478 3185 παρεμϐολῆς
2512 3114 2822 3184 διαρπαγῇ·
2853 3115 2945 3167 καὶ
2989 3115 3150 3184 ἐλύθη
3181 3117 3209 3167 ὁ
3236 3114 3308 3166 λι-

1735 3199 1853 3269 μός.
1881 3198 1989 3250 Καὶ
2010 3198 2039 3248 6
2059 3198 2413 3266 διαπιστήσας
2438 3196 2516 3266 τῷ
2555 3197 2838 3267 Ἐλισσαίῳ
2871 3198 2977 3249 ὑπὸ
3016 3198 3109 3249 τοῦ
3150 3197 3307 3267 ὄχλου

1734 3280 2110 3351 συμπατηθεὶς
2132 3280 2391 3334 ἀπέθανε.
2424 3280 2685 3351 Προλέγει
2722 3282 2789 3350 τῇ
2820 3282 3040 3348 γυναικὶ
3066 3282 3094 3333 6
3128 3280 3309 3333 Ἐλισο

1736 3368 1906 3429 σαῖος,
1933 3363 2082 3435 [556]
2108 3359 2175 3434 ἦς
2206 3363 2538 3432 ἐζωοποίησε
2566 3362 2658 3414 τὸν
2696 3363 2828 3426 υίδν,
2858 3364 3089 3433 ἑπταετῆ
3130 3364 3307 3434 λιμὸν,

1734 3449 1828 3502 καὶ
1857 3449 2113 3517 παραινεῖ
2147 3444 2547 3516 μετοικίζεσθαι
2586 3446 2651 3498 ἐκ
2695 3442 2796 3515 τῆς
2841 3444 3025 3515 χώρας
3073 3447 3307 3517 ἐκείνην.

1747 3530 1832 3594 '0;
1860 3531 1915 3583 66
1940 3529 2243 3601 μετῴκησε,
2275 3530 2369 3582 καὶ
2395 3528 2673 3582 ἐπαύσατο
2699 3530 2727 3580 6
2750 3528 2926 3597 1196;,
2965 3530 3124 3583 πάλιν
3146 3530 3313 3583 ἐπαν-

1734 3613 1883 3683 ἦλθε,
1908 3612 2003 3665 καὶ
2035 3610 2405 3682 προσελθοῦσα
2433 3612 2510 3681 τῷ
2541 3610 2748 3681 βασιλεῖ
2770 3611 2868 3682 τὴν
2888 3611 2995 3664 τῶν
3020 3612 3313 3682 κτημάτων

1735 3697 1853 3768 ᾔτει
1882 3695 2217 3749 δεσποτείαν.
2258 3696 2315 3748 Ὀ
2345 3694 2595 3766 βασιλεὺς
2618 3694 2812 3765 Συρίας
2836 3695 3152 3749 ἀποστέλλει
3180 3694 3315 3766 πρὸς

1735 3781 1826 3833 τὸν
1866 3778 2166 3832 Ἐλισσαῖον
2198 3778 2532 3848 πευσόμενος
2564 3780 2611 3831 εί
2636 3779 2889 3847 φεύξεται
2920 3778 3016 3850 τὴν
3043 3778 3218 3844 νόσον,
3256 3780 3315 3832 ἐν

1738 3857 1771 3937 ᾖ
1804 3861 2104 3930 κατείχετο.
2147 3860 2206 3913 Ὀ
2236 3860 2293 3913 66
2315 3860 2390 3932 τῷ
2413 3860 2618 3913 ἐλθόντι
2647 3857 2819 3925 εἶπεν,
2843 3862 2922 3914 ὅτι
2956 3864 3016 3914 06
3036 3858 3317 3930 διαφεύξε-

1739 3962 1847 4008 ται,
1873 3946 1967 3997 καὶ
1990 3945 2390 4014 προεφήτευσεν
2414 3944 2559 4015 αὐτῷ
2586 3946 2679 3997 καὶ
2706 3944 2802 4015 τὴν
2825 3945 2932 3998 τῶν
2970 3945 3315 4018 Ἰσραηλιτῶν

1739 4028 2036 4083 ἀπώλειαν.
2071 4028 2157 4091 '0;
2186 4027 2241 4079 66
2272 4027 2541 4080 ἀπέθανεν
2572 4030 2798 4092 ἐκεῖνος,
2830 4028 3175 4082 ἐϐασίλευσεν
3200 4028 3315 4082 ἀντ’

1739 4110 1905 4166 αὐτοῦ
1951 4110 2171 4179 ’Λζαήλ.
2216 4109 2303 4171 '0;
2337 4109 2392 4162 66
2434 4110 2526 4163 καὶ
2559 4110 2762 4181 Ἰωρὰμ
2790 4110 3136 4181 ἐτελεύτησεν
3162 4114 3189 4165 6
3219 4112 3317 4181 βα-

1743 4194 1924 4255 σιλεὺς
1962 4191 2151 4253 Ἰούδα,
2194 4191 2496 4261 διαδέχεται
2540 4192 2702 4245 αὐτὸν
2731 4194 2759 4244 6
2796 4193 2908 4256 υίὸς
2949 4194 3111 4247 06106
3169 4196 3318 4263 Ὀχο-

1743 4277 1882 4341 ζίας.
1914 4275 2140 4347 Πέμψας
2172 4277 2201 4328 6
2237 4275 2538 4339 Ἐλισσαῖος
2566 4277 2661 4328 ἕνα
2688 4276 2792 4328 τῶν
2818 4276 2948 4329 υἱῶν
2969 4279 3076 4329 τῶν
3108 4294 3320 4348 προφη-

1740 4362 1870 4426 τῶν,
1918 4359 2169 4412 ἐκέλευσε
2212 4360 2397 4430 χρῖσαι
2452 4358 2573 4431 Ἰοῦ,
2619 4359 2711 4411 καὶ
2759 4358 3081 4431 βασιλεύσας
3134 4364 3162 4413 6
3218 4360 3318 4414 'l16

1742 4446 1957 4514 ἀναιρεῖ
1983 4444 2072 4494 τὸν
2116 4442 2336 4511 Ἰωρὰμ,
2382 4442 2474 4494 καὶ
2507 4441 2686 4509 ῥίπτει
2718 4430 2877 4496 αὐτδν
2911 4446 2990 4507 εἰς
3026 4444 3116 4497 τὸν
3144 4446 3322 4515 ἀμπε-

1744 4527 1887 4581 λῶνα
1927 4523 2225 4584 Ναϐουθαὶ,
2269 4524 2328 4577 ὃν
2366 4524 2612 4596 ἥρπασεν
2656 4528 2683 4579 6
2732 4528 2913 4598 πατὴρ
2950 4527 3045 4581 τοῦ
3097 4529 3318 4599 Ἰωράμ.

46 4608 324 4696 βασιλέως
345 4621 554 4692 Σύρωνθ
580 4620 675 4671 καὶ
703 4617 873 4672 ἐλθὼν
907 4617 1045 4687 πρὸς
1072 4616 1162 4669 τὸν
1181 4616 1407 4687 βασιλέα
1422 4617 1642 4690 Ἰσραὴλ
1759 4614 1844 4676 '0;
1871 4612 1926 4664 66
1949 4610 2245 4696 ἀνεῖλε-καῖ
2266 4608 2908 4696 τὸν-Ὀχοζίανηείσῆλθεν
2939 4614 3020 4674 είς
3050 4614 3148 4683 τὴν
3168 4614 3322 4666 πόλιν

42 4692 238 4782 ἐζήτει
268 4704 591 4777 θεραπείαν
620 4705 648 4756 6
672 4702 728 4756 66
749 4702 1017 4773 διηπόρει,
1048 4701 1139 4754 καὶ
1156 4701 1403 4773 διέρρηξε
1425 4702 1491 4755 τὰ
1521 4703 1646 4773 ἱμά-
1756 4694 2098 4782 ζισρα-ήλοηᾘ
2111 4692 2167 4744 δὲ
2200 4692 2435 4782 ἶίεᾴξάδξλ
2455 4693 2787 4782 κοσμηθεῖσαξ
2814 4696 3159 4782 παρέὲκξπτεν
3179 4699 3323 4782 ,ἄγω-

37 4770 138 4847 τέκ’
178 4770 385 4845 αὐτοῦ.
423 4770 858 4855 Μεταπέμπεται
904 4770 1066 4839 αὑτὸν
1098 4786 1126 4838 6
1180 4770 1501 4848 Ἐλισσαῖος,
1544 4770 1646 4838 *καὶ
1750 4779 1859 4833 θεν.
1901 4778 1959 4829 Ὀ
1986 4776 2043 4829 δὲ
2075 4774 2323 4846 βασιλεὺς
2348 4770 2467 4827 εἷπε
2490 4778 2599 4838 τοῖς
2631 4778 2902 4845 εὐνούχοις
2941 4778 3090 4849 ῥῖψαι
3131 4779 3320 4848 αὐτὴν,

36 4875 266 4929 κελεύει
298 4869 665 4944 βαπτισθῆναι
693 4870 751 4923 ἐν
772 4867 850 4939 τῷ
879 4868 1117 4941 Ἰορδάνῃ
1154 4868 1398 4938 ἕϐδομον.
1430 4868 1486 4920 '0
1503 4868 1557 4919 66
1586 4868 1646 4921 16
1750 4862 1845 4915 καὶ
1873 4860 2089 4931 ῥιφεῖσα
2111 4856 2401 4944 ἀπέΑθᾳνεγτ
2445 4858 2756 4944 Ἀ-π-έκτξξνε
2792 4860 2848 4912 δὲ
2882 4863 2909 4913 ὁ
2944 4860 3041 4912 Ίοῧ
3076 4861 3167 4913 καί
3200 4865 3324 4926 τοὶς

41 4961 145 5032 μὲν
176 4935 657 5029 πρῶονὼκνησε,
681 4935 1012 5022 καὶὴ-πίστει
1033 4935 1454 5023 θεραπευθῆναι·
1485 4949 1644 5002 ῦστε-
1751 4943 2119 5012 ἐϐδομήκοντα
2174 4940 2319 5032 6106;
2360 4940 2581 5009 ’Λχαὰϐ,
2630 4935 2738 4994 εἷλε
2769 4944 2861 4996 καὶ
2897 4946 3021 5005 τοὺς
3066 4946 3325 5014 ἀῖε>,φο.ς

40 5023 133 5115 ρον
174 5023 240 5096 δέ
279 5038 393 5093 ὑπὸ
416 5035 531 5090 τῶν
573 5036 777 5090 παίδων
822 5034 987 5089 06106
1021 5034 1414 5106 παρακληθεὶς,
1450 5033 1647 5103 βαπτί-
1765 5023 2235 5115 Ὀχοζίου,.ἀνεῖλε
2260 5023 2449 5115 δὲκαὶ⁸
2468 5026 2594 5115 106;
2624 5028 2785 5115 ίε-ρεῖς
2809 5027 2907 5079 τοῦ
2933 5029 3096 5094 Βάαλ,
3122 5032 3327 5084 καὶτὸν

38 5107 199 5192 ξεται
217 5124 323 5176 καὶ
343 5118 731 5192 θεραπεύεται,
756 5120 852 5171 καὶ
876 5118 1046 5171 ἐδίδου
1068 5118 1220 5187 δῶρα
1243 5117 1321 5187 τῷ
1337 5117 1641 5187 Ἐλισσαίῳ.
1754 5111 1903 5165 Βάαλ
1934 5107 2237 5192 συνέτριψε.
2269 5107 2400 5192 Τότε
2429 5109 2456 5160 6
2497 5108 2695 5192 Ἀζαὴλ
2744 5111 3035 5164 συνέκοπτε
3070 5114 3159 5166 τὸν
3198 5115 3327 5178 Ἰεζ-

47 5190 106 5265 λυ
142 5210 209 5262 δὲ
242 5206 356 5260 οὐκ
387 5190 598 5273 ήθελεν.
627 5203 717 5266 '0;
740 5202 795 5255 66
821 5200 1061 5270 ἀπῆλθεν
1090 5202 1118 5253 6
1144 5200 1448 5271 ἄνθρωπος,
1477 5218 1647 5254 κατα·
1758 5196 1914 5268 ραήλ.
1959 5190 2342 5253 Ἀποθανόντος
2375 5191 2431 5244 66
2480 5190 2573 5244 τοῦ
2620 5194 2742 5258 Ἰοῦ,
2792 5196 3058 5265 βασιλεύει
3101 5199 3331 5268 Ἰωάχαζ

1757 5279 1871 5343 υίὸς
1899 5274 2083 5330 αὐτοῦ.
2120 5274 2200 5326 Τὰ
2244 5273 2385 5327 κατά
2421 5275 2512 5328 τὸν
2558 5276 2709 5340 Ἰωὰς
2743 5283 2831 5332 τὸν
2863 5279 3085 5349 βασιλέα
3138 5282 3327 5344 Ἰούδα,

1756 5365 1849 5418 καὶ
1883 5361 1971 5415 τὸν
2026 5359 2178 5430 ἱερέα
2217 5359 2413 5424 Ἰωδαὲ,
2460 5362 2551 5413 καὶ
2591 5361 2687 5433 τὴν
2742 5364 3013 5420 Γοθολίαν.
3053 5365 3328 5434 Παρεδόθη

1757 5450 1869 5509 τοῖς
1916 5444 2127 5515 ἐχθροῖς
2168 5442 2402 5514 Ἰσραὴλ,
2438 5445 2533 5497 καὶ
2571 5446 2729 5499 πάλιν
2771 5448 2799 5499 6
2832 5447 2961 5510 θεὸς
2998 5448 3331 5517 ᾠκτείρησεν

1758 5528 1972 5591 αύτούς.
2019 5528 2106 5589 '0;
2164 5526 2220 5578 66
2267 5527 2535 5580 ἀπέθανεν
2604 5529 2850 5599 Ἰωὰχαζ,
2912 5530 3180 5599 βασιλεύει
3237 5529 3330 5582 τοῦ

1772 5611 1987 5685 Ἰσραὴλ
2016 5611 2167 5671 Ἰωὰς
2188 5610 2215 5661 6
2240 5610 2353 5673 υίὸς
2367 5611 2554 5675 αὐτοῦ,
2578 5614 2670 5665 καὶ
2695 5613 2863 5666 ἐλθὼν
2897 5613 3029 5681 πρὸς
3048 5611 3138 5665 τὸν
3162 5613 3333 5666 Ἐλισ-

1765 5700 1912 5754 σαῖον
1937 5695 2168 5749 ἔκλαιεν.
2213 5694 2271 5748 Ὀ
2326 5695 2381 5749 δέ
2430 5697 2759 5767 προσέταξεν
2800 5696 2968 5767 αύτῷ,
2999 5697 3159 5751 πέντε
3208 5699 3334 5771 βέλη

93 5352 123 5381 ³
160 5347 307 5402 Cois]
317 5383 327 5393 .
362 5343 585 5392 ἀνελθεῖν.

94 5414 125 5453 b
150 5399 378 5463 Coislin.
417 5406 590 5461 Ὀζίας.
620 5402 847 5451 Mendum
888 5407 982 5450 est.
1019 5400 1302 5465 Legendum
1336 5399 1573 5462 Ὀχοζίας,
1596 5404 1653 5449 ut

32 5477 193 5525 habet
220 5468 483 5531 Lumina,
507 5466 782 5531 019611111111
810 5465 1006 5531 legilqg'.

95 5520 121 5567 ί
146 5520 529 5601 εἰοείξίιείὲμάη
551 5520 901 5601 β⁰ἓ⁸¹¹¹ἔλνθῇ³
951 5526 1135 5601 ’ἑωρδὶιξ
1162 5526 1187 5572 δ
1211 5522 1434 5601 ἕασιλέἓδς
1479 5520 1652 5601 Ἰθύξῗν

34 5584 443 5662 προσλαϐὼνῗδέ
466 5584 567 5658 ,καὶ
587 5588 669 5636 τὸν
699 5587 943 5662 ᾼὈχόζίαν
970 5584 1195 5662 βασιλέα
1211 5584 1654 5662 10901611001166

42 5647 240 5720 Ἑόώμ,
294 5648 501 5705 Videtis
524 5662 635 5715 qua:
656 5649 721 5699 ad
763 5647 1199 5711 iiiterprélalionem
1244 5647 1459 5696 Latinam
1491 5649 1652 5695 notata

34 5729 161 5774 md.
180 5718 349 5772 Εωτ.
