3720 6274
41 232 144 291 355

42 342 337 402 Jesraélem
364 379 376 395 .
405 340 615 397 Mortuo
640 338 776 396 .Iehu
814 345 1003 413 regnat
1042 335 1271 393 Joachas
1313 336 1453 394 filius
1491 336 1628 409 ejus.

43 435 282 493 Historia
308 447 496 492 eorum
525 447 645 503 quae
675 437 917 501 spectant
934 428 1001 483 ad
1023 427 1241 484 Ioasum
1266 441 1445 498 regem
1470 426 1630 490 Iuda,

40 528 102 581 ad
134 526 479 583 sacerdotem
507 522 674 583 Jodaé
696 564 712 591 ,
739 530 795 578 et
813 520 880 576 ad
903 519 1230 577 Gotholiam.
1263 518 1428 575 Israel
1462 517 1631 572 hosti-

41 620 137 672 bus
170 617 407 673 traditur
429 657 446 683 ,
476 628 802 685 rursumque
837 613 979 669 Deus
1022 612 1273 668 misertus
1298 619 1382 666 est
1424 625 1634 666 eorum.

47 711 261 765 Ilortuo
282 719 468 765 autem
512 708 781 765 Joachazo
804 747 821 772 ,
858 706 1101 776 regnavit
1137 705 1189 760 in
1218 704 1471 761 Israelem
1509 703 1638 759 Ioas

46 805 182 857 tilius
210 804 334 871 ejus
353 842 369 866 ,
395 800 487 872 qui
509 799 731 855 veniens
755 797 823 854 ad
852 797 1129 853 Elissaaum
1159 795 1341 852 ﬂebat.
1369 795 1465 855 Ille
1493 810 1639 865 prae-

44 895 185 964 cepit
210 893 305 959 ei,
339 878 409 948 at
439 891 669 962 arreptis
696 890 931 960 quinque
978 888 1186 958 sagittis
1224 886 1553 958 jacularetur
1580 886 1631 941 iu

40 996 269 1040 terram.
295 982 431 1039 Cum
453 990 633 1036 autem
664 980 831 1035 tribus
857 977 1075 1033 emissis
1093 984 1350 1042 cessaret,
1378 975 1513 1029 dixit
1544 977 1591 1029 ei
1621 993 1635 1029 ε

42 1079 143 1133 Ter
170 1076 451 1148 pereuties
479 1074 691 1146 Syriam
721 1088 737 1129 :
768 1072 811 1128 si
836 1070 1121 1142 quinquies
1141 1069 1413 1139 jaculatus
1447 1081 1597 1122 esses
1621 1110 1636 1130 ,

42 1185 214 1241 usque
261 1168 328 1225 ad
357 1165 870 1224 consummationem
917 1162 1271 1232 percussisses
1311 1175 1452 1216 eam.
1501 1159 1641 1215 Mor-

40 1274 164 1318 tuus
193 1262 453 1318 Elissaeus
496 1259 788 1331 sepelitur,
820 1265 875 1312 et
897 1255 1167 1326 projectus
1216 1259 1465 1307 mortuus
1494 1251 1642 1322 quis-

45 1356 187 1424 piam
238 1352 295 1408 in
339 1350 646 1422 sepulcrum
694 1348 833 1417 ejus,
859 1345 1113 1401 surrexit.
1161 1342 1370 1398 Mortuo
1418 1342 1635 1408 Azaéle,

44 1444 292 1516 regnavit
335 1441 478 1497 [ilius
517 1439 663 1496 Ader
701 1439 756 1494 in
781 1437 900 1509 ejus
929 1437 1126 1491 locum.
1173 1433 1301 1489 Joas
1353 1442 1436 1489 ter
1472 1433 1641 1504 Syros

47 1536 332 1606 percussit,
366 1542 424 1589 et
450 1541 694 1589 mortuus
718 1539 838 1599 εει,
866 1537 1157 1599 regnatque
1179 1526 1467 1582 Jeroboam
1498 1526 1639 1583 filius

44 1630 180 1698 ejus.
214 1626 430 1683 Mortuo
458 1624 584 1681 item
612 1622 773 1679 Ioaso
813 1636 940 1692 rege
982 1618 1120 1675 Juda
1142 1659 1159 1685 ,
1188 1617 1432 1688 regnavit
1480 1619 1642 1673 Ame-

46 1720 149 1774 sias
181 1717 330 1779 (Ilius
360 1716 478 1787 ejus
509 1730 526 1769 ε
554 1715 646 1786 qui
691 1729 814 1769 cum
860 1711 1216 1783 percussisset
1261 1709 1432 1765 Edom
1460 1751 1475 1776 ,
1506 1724 1637 1767 con-

44 1823 265 1879 gressus
294 1790 387 1864 est
406 1821 529 1863 cum
557 1805 722 1862 Ioaso
748 1818 873 1873 rege
896 1800 1133 1857 lsraelis.
1182 1801 1283 1856 Hic
1310 1810 1501 1856 autem.
1516 1803 1642 1855 vicit

48 1917 201 1965 eum,
249 1910 306 1959 et
347 1899 626 1971 ingressus
663 1906 747 1953 est
790 1894 1203 1968 Jerosolymam.
1248 1894 1456 1950 Mortuo
1485 1893 1638 1950 Jeru-

48 1991 520 2063 boamo,regnavit
569 1991 624 2045 in
675 1990 929 2045 lsraelem
981 1986 1266 2043 Zacharias
1310 1985 1450 2043 filius
1496 1988 1635 2057 ejus.

49 2086 317 2141 Defuncto
340 2084 467 2139 item
497 2082 713 2138 Amesia
739 2096 865 2153 rege
892 2079 1058 2145 Iuda,
1089 2081 1336 2151 regnavit
1382 2082 1602 2136 Azarias
1621 2123 1634 2147 ,

47 2177 133 2247 qui
163 2188 226 2259 ej
244 2176 427 2232 Ozias.
459 2174 572 2230 Hoc
610 2181 867 2245 regnante
908 2171 1228 2242 prophetare
1264 2172 1429 2241 cmpit
1474 2170 1636 2228 Osee.

47 2267 312 2323 Zacharia
357 2265 728 2325 occiso.Selus
759 2262 840 2336 (a)
873 2264 1113 2334 regnavit
1141 2263 1193 2317 in
1222 2262 1494 2317 Israelem.
1543 2262 1639 2317 llic

51 2377 176 2417 usus
205 2370 293 2416 est
318 2359 633 2415 commilitio
655 2358 822 2413 I’bute
849 2357 990 2427 regis
1014 2357 1361 2428 Assyriorum
1388 2355 1536 2411 mille
1561 2364 1640 2409 ta-

51 2453 207 2509 lentis
232 2452 338 2523 ipsi
374 2451 533 2507 datis.
561 2450 656 2505 Illo
682 2446 1146 2514 mortuo,Mauaim
1184 2447 1425 2517 regnavit
1450 2447 1501 2500 in
1523 2447 1639 2516 ejus

52 2544 247 2599 locum.
281 2544 412 2599 Post
431 2542 611 2598 Oxiam
656 2540 898 2611 regnavit
927 2542 979 2593 in
1005 2538 1198 2594 Iudam
1240 2537 1457 2594 Iotbam
1496 2536 1639 2592 filius

46 2639 184 2708 ejus.
230 2635 352 2704 Quo
380 2642 593 2689 mortuo
620 2632 866 2704 regnavit
896 2630 1075 2686 Achaz
1102 2628 1248 2686 ﬁlius
1275 2629 1509 2685 Jotbam.
1538 2629 1640 2687 Illo

51 2736 313 2799 regnante
334 2726 527 2782 Raasin
546 2724 715 2797 Syrus
733 2731 788 2778 et
808 2722 1010 2778 Phaces
1029 2721 1167 2776 filius
1187 2720 1446 2776 Romelia:
1460 2735 1643 2777 ascen-

50 2823 267 2877 derunt.
319 2818 498 2875 Achaz
523 2826 703 2873 autem
746 2815 893 2871 misit
918 2814 988 2868 ad
1017 2812 1445 2884 Theglaphassar
1473 2815 1638 2885 Assy-

52 2918 216 2980 rium,
245 2914 317 2968 ad
345 2911 719 2970 commilitium
750 2924 1005 2967 evocans.
1033 2908 1128 2964 Ille
1155 2918 1336 2963 autem
1381 2909 1604 2963 veniens
1623 2947 1638 2971 ,

51 3007 194 3077 cepit
221 3006 538 3060 Damascum
561 3045 576 3069 ,
605 3011 661 3057 et
690 3001 890 3057 Raasin
918 3000 1133 3056 occidit.
1164 2999 1421 3055 Ascendit
1459 3010 1639 3054 autem

50 3109 104 3154 et
131 3084 480 3154 Salmanasar
520 3094 771 3166 Assyrius
801 3092 869 3148 ad
916 3090 1053 3149 Osce
1080 3092 1251 3146 filium
1276 3091 1394 3157 Ela,
1420 3091 1511 3161 qui
1548 3091 1645 3147 fuit

52 3194 122 3249 illi
151 3206 367 3249 servus.
403 3190 471 3247 Ut
501 3190 650 3244 novit
686 3197 864 3243 autem
914 3186 1167 3257 Assyrius
1210 3185 1360 3240 illum
1383 3183 1642 3240 defectio-

61 3303 179 3343 uem
208 3285 482 3356 cogitare;
515 3282 734 3338 miserat
755 3280 951 3351 quippe
977 3280 1176 3349 legatos
1199 3277 1267 3333 ad
1306 3275 1642 3347 ,Ethiopem,

56 3380 268 3438 obsedit
293 3393 416 3434 eum
442 3389 497 3433 et
535 3377 705 3430 vinxit
750 3390 871 3429 eum
898 3409 917 3435 ,
945 3383 1209 3443 captaque
1229 3370 1476 3426 Samaria
1501 3370 1645 3425 aliis-

55 3492 155 3547 que
186 3473 411 3530 urbibus
410 3512 448 3565 ὁ,
473 3469 696 3540 populos
724 3466 993 3521 transtulit
1034 3466 1086 3520 in
1116 3465 1389 3536 Assyrios.
1420 3463 1515 3517 llic
1555 3478 1645 3516 ac-

57 3566 260 3624 cusatio
290 3554 516 3620 habetur
552 3560 765 3625 lsraelis
789 3566 845 3614 et
871 3557 1043 3614 Judze.
1071 3556 1172 3625 Qui
1192 3554 1406 3612 adducti
1433 3554 1647 3609 fuerant

56 3679 117 3717 ex
164 3659 446 3732 Babylone
494 3656 547 3711 in
574 3653 867 3711 Samariam
894 3693 910 3716 ,
955 3659 1012 3705 ut
1040 3650 1342 3705 habitarent
1383 3648 1491 3715 ibi,
1520 3647 1645 3717 quia

60 3771 165 3810 non
218 3751 480 3809 timebant
540 3749 747 3810 Deum,
792 3743 1254 3800 interficiebantur
1298 3757 1328 3795 a
1376 3741 1643 3796 leonibus.

60 3849 213 3901 Tunc
252 3842 481 3898 mittitur
512 3838 767 3895 sacerdos
797 3835 954 3901 inde,
984 3837 1075 3905 qui
1120 3833 1277 3888 docet
1316 3832 1436 3886 illos
1477 3833 1644 3901 legem

62 3942 153 3995 Dei
186 3956 203 3994 :
228 3945 287 3994 et
313 3936 391 3992 illi
413 3935 577 3991 Deum
604 3928 882 3995 timebant,
911 3927 1157 3997 idolaque
1174 3926 1442 3981 colebant.
1472 3924 1649 3978 Histo~

60 4036 135 4088 ria
168 4028 423 4086 Ezechiae
449 4032 507 4081 et
529 4022 875 4095 Assyriorum
905 4060 922 4085 ,
951 4034 1069 4089 quae
1107 4018 1266 4072 etiam
1306 4017 1359 4070 in
1391 4016 1525 4071 Isaia
1554 4015 1650 4069 ha-

60 4125 277 4179 bentur.
322 4116 555 4175 Historia
609 4112 871 4169 Manassis
893 4119 949 4166 et
985 4108 1273 4178 impietatis
1317 4106 1651 4176 caediumque

62 4220 197 4288 ejus.
220 4215 296 4272 Ut
322 4222 502 4268 autem
521 4222 764 4265 mortuus
782 4214 885 4269 est,
905 4201 1140 4273 regnavit
1163 4201 1304 4255 filius
1322 4198 1438 4271 ejus
1454 4201 1645 4254 Amon.

61 4314 180 4382 Quo
209 4318 445 4368 mortuo.
477 4301 720 4374 regnavit
746 4300 921 4356 Iosias
950 4297 1091 4355 filius
1115 4296 1231 4364 ejus
1258 4309 1274 4347 :
1298 4293 1366 4347 de
1389 4308 1498 4363 quo
1527 4306 1652 4362 pro-

64 4405 224 4477 pheta
252 4398 504 4474 praedixit
527 4395 850 4453 Jeroboamo
885 4405 1043 4469 servo
1071 4386 1374 4445 Salomonis
1392 4428 1409 4454 ,
1438 4385 1652 4457 quando

66 4511 257 4553 manus
285 4493 430 4565 regis
453 4488 600 4546 arida
643 4486 781 4542 facta
822 4492 924 4541 est.
958 4483 1056 4539 Hic
1098 4480 1411 4551 expurgavit
1433 4479 1654 4535 Jerusa-

69 4592 195 4655 lem,
228 4588 453 4656 locaque
471 4581 649 4638 omnia
669 4620 684 4644 ,
714 4576 896 4634 eﬂ'odit
923 4576 1038 4631 loca
1066 4573 1429 4643 sepulcrorum
1458 4570 1509 4624 in
1532 4569 1653 4640 qni«

68 4683 169 4737 bus
215 4678 527 4736 sacerdotes
568 4674 835 4729 idolorum
857 4711 874 4738 ,
922 4668 1173 4726 contrivit
1219 4664 1382 4721 idola.
1435 4662 1513 4718 De
1564 4662 1655 4716 illo

68 4775 266 4830 dictum
298 4778 416 4836 est,
457 4764 687 4823 similem
707 4764 760 4820 ei
801 4777 907 4817 non
947 4759 1111 4815 fuisse
1140 4764 1296 4813 antea
1324 4768 1540 4825 regem,
1566 4753 1655 4824 qui

68 4877 365 4921 conversus
413 4859 575 4915 fuerit
608 4856 677 4912 ad
724 4852 1008 4910 Dominum
1052 4850 1105 4905 in
1144 4856 1265 4904 toto
1310 4844 1475 4902 corde
1522 4859 1654 4910 suo,

68 4972 121 5016 et
144 4961 197 5015 in
224 4967 336 5013 tota
361 4954 540 5011 anima
564 4965 681 5006 sua.
722 4947 839 5003 Hoc
862 4951 1122 5016 regnante
1150 4938 1472 5010 prophetare
1497 4936 1659 5005 coepit

68 5049 337 5107 Ieremias
365 5062 381 5100 :
416 5043 679 5115 hujusque
706 5049 949 5109 tempore
974 5044 1091 5091 erat
1116 5031 1251 5091 Olda
1297 5028 1657 5101 prophetissa.

70 5146 205 5199 Cum
231 5149 415 5196 autem
440 5136 733 5193 occidisset
757 5146 881 5187 eum
908 5130 1118 5185 Pharao
1148 5123 1398 5188 Necbao,
1422 5121 1662 5191 regnavit

70 5237 306 5296 Ioachas
324 5233 468 5289 ﬁlius
492 5231 727 5301 ejuspro
747 5241 834 5281 eo.
858 5222 1066 5280 Pharao
1093 5229 1271 5275 autem
1298 5216 1401 5273 hoc
1426 5213 1658 5284 dejecto,

70 5343 127 5389 et
173 5332 231 5387 in
272 5298 564 5399 Egyptian
605 5298 867 5383 abducto,
917 5314 1007 5370 ubi
1051 5310 1218 5369 etiam
1252 5315 1496 5363 mortuus
1541 5314 1659 5372 est,

74 5510 517 5588 mugitor,
530 5510 732 5575 suumn,
748 5510 854 5579 pro,
870 5510 1132 5583 Non
1154 5510 1234 5555 hic
1249 5510 1431 5574 autem,
1449 5510 1539 5550 seu
1558 5510 1665 5571 ejus

73 5598 338 5641 successor
354 5597 472 5649 um
493 5589 573 5632 est
590 5576 937 5649 auxiliorhus
951 5561 1665 5649 ’,ἓὲἵέθιξιέιὲἓέἒέῗέὲἱῖἒῗξ

75 5630 519 5705 iaﬂéa'e‘aﬁu‘
526 5630 891 5706 exemplaribus
904 5634 1079 5684 Graecis
1098 5630 1329 5680 librorum
1344 5632 1530 5688 Regum
1544 5630 1666 5672 mira

366 5708 598 5761 varietas.

380 5820 654 5882 Pnaoa.
700 5818 817 5877 Gn.
860 5812 1017 5876 LVI.

1152 219 1477 291 SYNOPSIS
1512 220 1923 280 SCRIP'I'URA‘Z
1961 220 2228 278 SACRE.

3230 226 3327 285 ὅδε

1744 338 2022 394 constituit
2048 352 2233 408 regem
2275 336 2437 393 Josia:
2483 336 2650 393 ﬁlium
2693 338 2946 405 Eliacim,
2998 340 3091 412 qui
3116 351 3170 398 et
3200 344 3325 399 Joa-

1743 426 1920 494 chim,
1950 436 2004 482 et
2031 437 2189 483 terrae
2234 424 2492 483 tributum
2538 429 2814 499 imposuit.
2839 430 3080 488 Joachim
3127 435 3328 505 primm

1728 518 1800 574 vin
1827 527 2141 589 potestatem
2169 518 2709 578 Nabuchodonosoris
2736 524 3003 591 redactus,
3036 539 3184 583 extra
3209 545 3326 584 mu-

1744 626 1835 670 ros
1859 610 2102 680 dejectus
2124 620 2230 667 est.
2259 612 2338 669 De
2368 612 2461 668 illo
2490 613 2565 668 ait
2607 613 2868 672 Jercmias
2900 635 2913 671 :
2947 617 3059 672 Erit
3099 622 3301 674 πιοτιὶιῆ
3317 652 3331 661 -

1743 718 1865 757 nam
1890 704 2003 773 ejus
2027 705 2309 776 projectum
2335 705 2390 759 in
2415 716 2594 761 (saltim
2619 707 2719 762 diei
2738 750 2753 775 ,
2782 720 2829 763 et
2854 710 2905 763 in
2934 711 3101 783 frigus
3122 716 3282 768 noctis
3309 732 3328 768 :

1744 801 1800 848 et
1826 804 1951 850 tunc
1976 793 2256 865 Sepultum
2278 796 2410 851 asini
2440 799 2707 869 sepelietur
2726 800 2859 871 (Jer.
2878 803 2969 857 ‘56.
2989 803 3079 858 30.
3106 804 3197 859 22.
3220 806 3330 876 19).

1746 883 1877 939 Nam
1908 895 2194 956 postquam
2237 887 2530 944 dissolutus
2574 899 2632 945 et
2673 901 2959 961 corruptus
3007 904 3157 960 erat,
3208 906 3334 952 tunc

1745 976 1986 1047 sepultus
2029 987 2131 1034 est.
2160 979 2373 1036 Mortuo
2399 981 2625 1037 Eliacim
2670 984 2786 1039 sive
2825 984 3069 1041 Joachim
3099 987 3213 1042 lilio
3235 988 3331 1043 .lo-

1744 1067 1874 1133 siaa,
1916 1076 2103 1139 regnat
2146 1068 2387 1126 Joacbim
2430 1072 2571 1127 filius
2619 1072 2765 1143 ejus,
2798 1090 2964 1145 nepos
3005 1075 3185 1131 Josite.
3233 1078 3332 1134 lle

1745 1171 1907 1226 porro
1936 1158 2174 1224 Juachim
2196 1202 2210 1226 ,
2241 1161 2401 1216 etiam
2427 1160 2713 1217 Jecbonias
2740 1166 3123 1235 appellabatur.
3148 1167 3330 1239 Neque

1747 1250 1884 1305 ultra
1915 1267 2010 1306 rex
2038 1250 2256 1322 Egypti
2286 1252 2453 1308 exivit
2502 1253 2570 1309 de
2595 1263 2737 1310 terra
2764 1269 2883 1310 sua.
2933 1257 3068 1312 Cum
3096 1260 3333 1316 venisset

1743 1349 1923 1404 autem
1969 1342 2467 1400 Nabuchodonosor
2510 1354 2565 1401 et
2609 1345 2883 1402 obsideret
2936 1350 3162 1419 urbem,
3206 1353 3331 1421 quia

1742 1437 1892 1497 venit
1917 1435 1985 1491 ad
2013 1450 2136 1491 eum
2164 1450 2288 1493 cum
2333 1445 2505 1492 matre
2533 1452 2630 1492 sua
2658 1438 2900 1494 Joacbim
2931 1442 3022 1510 qui
3049 1451 3103 1497 et
3132 1442 3330 1497 Jecho-

1743 1529 1884 1594 nias,
1906 1527 2126 1585 abduxit
2141 1543 2265 1585 eum
2286 1529 2339 1584 in
2360 1528 2711 1600 Babylonem,
2734 1540 2789 1586 et
2804 1532 3086 1588 constituit
3102 1533 3327 1590 fratrem

1744 1619 1912 1689 patris
1938 1619 2056 1690 ejus
2086 1619 2256 1676 filium
2284 1619 2445 1677 Iasiae
2471 1636 2654 1692 regem
2680 1623 2732 1677 in
2756 1621 3080 1680 Jerusalem.
3112 1626 3210 1682 Hic
3234 1643 3332 1682 au-

1746 1720 1852 1771 tem
1881 1721 2000 1767 erat
2022 1710 2366 1778 Matthanias,
2393 1713 2485 1783 qui
2523 1722 2580 1769 et
2618 1713 2889 1770 Sedecias.
2919 1714 2992 1771 Ut
3018 1725 3197 1772 autem
3241 1718 3331 1774 ille

1745 1804 2123 1874 praevaricatus
2142 1814 2225 1860 est
2243 1814 2429 1862 contra
2454 1821 2635 1877 regem
2657 1806 2966 1879 Babylonis,
2986 1809 3133 1866 venit
3151 1810 3333 1866 Nabu-

1743 1894 2105 1963 chodonosor,
2138 1906 2193 1951 et
2219 1897 2431 1952 obsedit
2457 1897 2755 1955 Jerusalem
2787 1917 2933 1971 :qua
2962 1911 3117 1973 capta
3162 1914 3215 1958 et
3244 1906 3329 1959 in-

1744 2000 1927 2053 censa,
1945 1986 2222 2043 Sedeciam
2246 1998 2570 2045 exercitum
2590 2000 2642 2047 et
2659 1992 2890 2047 vinctum
2910 1992 3127 2049 abduxit
3156 1994 3208 2050 in
3226 1996 3328 2050 Ba-

1743 2077 2012 2150 bylonem.
2031 2079 2311 2135 Godoliam
2326 2096 2454 2137 vero
2465 2083 2910 2154 constituitsuper
2928 2100 3024 2141 eos
3045 2086 3135 2156 qui
3152 2087 3323 2143 relicti

1743 2169 1955 2225 fuerant
1983 2171 2035 2225 in
2060 2170 2382 2228 Ierusalem.
2418 2173 2707 2245 Postquam
2737 2185 2913 2231 autem
2946 2177 3093 2234 illum
3132 2179 3329 2236 occidit

1744 2264 1953 2331 lsmael,
1976 2267 2197 2335 profecti
2216 2266 2291 2322 illi
2316 2266 2517 2322 residui
2547 2269 2772 2340 ingressi
2793 2280 2918 2326 sunt
2939 2272 2989 2325 in
3012 2270 3322 2344 Egyptum.

1746 2358 1934 2413 Postea
1989 2374 2117 2414 vero
2139 2358 2475 2415 Joachimum
2504 2360 2556 2416 in
2587 2361 2860 2433 Babylone
2882 2367 3048 2419 multo
3072 2365 3324 2436 dignatus

1742 2460 1825 2506 est
1860 2451 2062 2507 honore
2092 2452 2276 2508 Evilad
2302 2453 2550 2509 Marodac
2581 2456 2597 2487 ί
2630 2470 2724 2511 rex
2752 2455 3059 2528 Babylonis.

1814 2546 2059 2618 Regnum
2081 2548 2258 2617 itaque
2280 2546 2557 2614 Samarize,
2588 2559 2645 2604 ut
2663 2548 2773 2619 jam
2801 2548 3002 2604 dictum
3029 2560 3144 2617 est,
3172 2551 3333 2606 desiit

1744 2639 1798 2693 in
1825 2638 2017 2694 Oscam
2050 2638 2216 2693 lilium
2246 2639 2335 2694 Ela
2368 2682 2381 2705 ,
2434 2640 2526 2711 qui
2555 2640 2828 2696 occiderat
2870 2642 3130 2697 Phaceam
3165 2644 3331 2698 filium

1746 2731 2023 2787 Romelire.
2054 2732 2407 2806 Jerosolymae
2446 2749 2575 2789 vero
2603 2749 2827 2805 regnum
2854 2734 3014 2791 desiit
3064 2737 3115 2791 in
3169 2736 3334 2793 Sello-

1742 2823 1878 2876 ciam
1913 2842 1927 2878 :
1959 2822 2049 2892 qui
2076 2822 2337 2879 abductus
2378 2825 2429 2878 in
2476 2824 2798 2896 Babylonem
2825 2864 2842 2890 ,
2870 2826 3041 2881 oculis
3062 2827 3320 2891 orbatus,

1745 2914 1799 2969 in
1830 2914 2055 2970 vinculis
2082 2916 2178 2971 fuit
2208 2931 2305 2985 per
2324 2929 2495 2971 annos
2518 2916 2702 2984 viginti
2729 2930 2956 2987 septem.
2983 2917 3323 2973 Inacbimum

1746 3022 1874 3063 vero
1901 3017 2083 3078 postea
2110 3008 2300 3063 extulit
2327 3023 2420 3064 rex
2444 3008 2750 3081 Babylonis,
2782 3008 2928 3064 dedit
2952 3009 3050 3081 ipsi
3072 3014 3330 3069 thronum

1744 3114 1905 3171 supra
1953 3115 2104 3171 reges
2131 3100 2224 3170 qui
2272 3100 2394 3155 istic
2420 3110 2613 3167 erant,
2643 3109 2697 3155 et
2742 3099 3058 3155 comedebat
3088 3108 3334 3171 putabat-

1744 3208 1850 3265 que
1877 3207 1999 3248 cum
2028 3193 2122 3247 illo
2150 3192 2400 3248 omnibus
2440 3193 2635 3269 diebus
2660 3193 2783 3248 vita:
2828 3206 2959 3248 suae.
3007 3193 3124 3249 Huc
3151 3203 3330 3249 autem

1746 3286 1944 3342 desinit
1986 3285 2161 3351 liber,
2207 3299 2331 3341 cum
2374 3285 2583 3340 scilicet
2634 3291 2791 3354 capta
2841 3285 2975 3340 urbe
3019 3285 3249 3356 popttlus
3277 3287 3329 3339 in

1746 3380 2109 3450 captivitatem
2136 3379 2396 3434 abductus
2421 3385 2526 3434 est.

1817 3471 1938 3529 Jam
1957 3486 2088 3527 vero
2109 3479 2279 3527 restat
2301 3478 2361 3526 ut
2384 3470 2604 3526 nomina
2626 3484 2811 3540 regum
2832 3468 3031 3525 Judaam
3057 3477 3114 3525 et
3137 3470 3297 3526 Israel
3317 3511 3331 3531 .

1748 3581 1867 3637 qu-c
1894 3566 2228 3637 singulorum
2250 3563 2451 3620 fuerint
2473 3573 2624 3635 gesta
2650 3606 2665 3633 ,
2716 3564 2809 3635 qui
2836 3563 2957 3619 linis
2981 3604 2995 3629 ,
3020 3572 3153 3634 quot
3178 3565 3335 3620 annis

1748 3658 2097 3730 regnaveriut
2121 3673 2187 3713 ex
2219 3658 2369 3713 hisce
2403 3657 2555 3711 libris
2583 3669 2961 3712 recenseamus
2982 3696 2997 3722 ,
3030 3654 3132 3711 hoc
3155 3664 3334 3727 pacto.

1823 3751 1901 3822 (a)
1935 3750 2062 3805 Post
2110 3749 2403 3819 perniciem
2450 3748 2627 3803 Saulis
2673 3747 2765 3817 qui
2806 3755 3124 3818 regnaverat
3162 3747 3321 3801 anuis

1751 3842 2124 3914 quadraginta,
2151 3849 2341 3912 regnat
2371 3840 2535 3895 David
2562 3841 2619 3893 in
2643 3854 2855 3894 omnem
2889 3840 3143 3895 Israelem
3166 3848 3221 3895 et
3247 3839 3337 3895 Ju-

1750 3936 1873 3990 dam
1920 3934 2076 3989 annis
2118 3932 2506 4003 quadraginta;
2549 3931 2757 3986 scilicet
2796 3931 2849 3984 in
2880 3930 3130 3984 Chebron
3180 3930 3339 3984 annis

1752 4038 1957 4099 septem
1979 4067 1993 4091 ,
2023 4027 2077 4082 in
2109 4034 2222 4079 toto
2245 4033 2425 4079 autem
2453 4023 2652 4079 Israele
2687 4030 2742 4076 et
2762 4021 2899 4077 Iuda
2923 4021 3081 4075 annis
3126 4021 3337 4090 triginta

1754 4120 1945 4177 tribus.
1986 4117 2055 4173 Et
2096 4117 2226 4173 fecit
2275 4124 2481 4171 rectum
2512 4118 2562 4167 in
2612 4113 2849 4184 perfecto
2877 4111 3062 4166 corde.
3101 4110 3211 4166 Sub
3239 4111 3338 4166 huc

1754 4223 1908 4271 erant
1936 4210 2209 4283 prophetae
2234 4208 2442 4264 Nathan
2470 4215 2524 4263 et
2550 4206 2686 4263 Gad.
2714 4205 2967 4261 Salomon
3001 4204 3140 4258 filius
3173 4203 3336 4257 David

1754 4306 1997 4377 regnavit
2022 4318 2183 4374 supra
2230 4314 2446 4356 omnem
2498 4297 2754 4368 populum
2799 4305 2855 4350 et
2884 4296 2998 4365 ipse
3023 4295 3179 4348 anuis
3206 4309 3338 4364 qua-

1754 4400 1997 4470 draginta
2030 4414 2044 4451 :
2073 4406 2126 4451 et
2151 4395 2278 4451 fecit
2303 4393 2520 4449 malum.
2567 4390 2679 4445 Sub
2710 4390 2813 4443 hoc
2841 4390 3004 4444 etiam
3034 4395 3190 4442 erant
3219 4402 3344 4456 pro-

1757 4494 1932 4565 phetat
1971 4490 2177 4545 Nathan
2226 4495 2279 4542 et
2326 4484 2461 4542 Gad.
2493 4483 2731 4539 Rohoam
2773 4481 2911 4535 filius
2937 4480 3052 4550 ejus
3103 4480 3347 4549 regnavit

1757 4586 1910 4641 annis
1930 4582 2329 4654 septemdecim,
2347 4587 2403 4634 et
2424 4577 2549 4633 fecit
2565 4576 2784 4630 malum.
2803 4573 2916 4629 Sub
2934 4572 3037 4627 hoc
3057 4571 3340 4627 discissum

1757 4687 1841 4734 est
1864 4691 2086 4747 regnum
2109 4717 2123 4739 ,
2146 4683 2199 4728 et
2214 4676 2527 4726 manserunt
2572 4681 2695 4722 cum
2722 4679 2788 4720 eo
2816 4665 2870 4719 in
2898 4661 3194 4718 Jerusalem
3220 4660 3341 4714 dum

1761 4773 1949 4835 tribus,
1976 4768 2111 4824 Iuda
2152 4774 2206 4820 et
2248 4761 2543 4830 Benjamin.
2579 4758 2635 4811 In
2673 4754 2912 4813 Samaria
2962 4763 3140 4808 autem
3176 4752 3345 4805 tribus

1760 4867 1966 4923 decem.
1994 4860 2107 4916 Sub
2135 4859 2238 4913 hoc
2266 4861 2419 4910 erant
2453 4850 2729 4921 prophetae
2776 4846 2973 4901 Acbias
2998 4844 3252 4899 Silonites
3289 4851 3345 4897 et

1761 4958 1935 5015 Addo.
1983 4952 2115 5009 Abia
2157 4949 2298 5003 filius
2335 4946 2451 5016 ejus
2504 4941 2746 5013 regnavit
2792 4938 2949 4995 annis
3002 4937 3193 4993 tribus.
3240 4934 3347 4990 Ne-

1761 5070 1865 5125 que
1894 5058 2007 5105 erat
2054 5061 2149 5102 cor
2190 5043 2307 5113 ejus
2342 5050 2401 5096 ut
2441 5036 2637 5101 David,
2664 5034 2757 5090 sed
2804 5030 3093 5088 ambulavit
3142 5030 3198 5085 in
3227 5044 3343 5099 pec-

1765 5121 1886 5203 cato
1932 5141 2099 5213 patris
2153 5136 2256 5191 sui.
2302 5133 2414 5191 Sub
2457 5132 2560 5187 huc
2614 5128 2773 5184 etiam
2821 5132 2939 5180 erat
3004 5121 3159 5179 Addo
3220 5135 3343 5191 pro-

1768 5241 1951 5312 pheta.
1976 5236 2081 5291 Asa
2113 5231 2255 5287 ﬁlius
2283 5229 2399 5298 ejus
2443 5224 2599 5281 annis
2626 5218 2972 5292 quadraginta
2999 5224 3195 5279 uno,et
3225 5213 3349 5269 fecit

1766 5310 2007 5392 rectum:
2053 5326 2147 5383 sed
2193 5324 2367 5380 adhuc
2417 5327 2572 5377 erant
2616 5314 2847 5372 excelsa.
2894 5310 3007 5367 Sub
3047 5310 3155 5365 hoc
3190 5310 3351 5363 erant

1822 5492 1850 5523 4
1873 5487 2006 5538 Vera
2026 5483 2295 5540 ιθοιίοθδῑ.
2729 5529 2920 5548 LM”,
2981 5537 3087 5548 -..η
3122 5518 3356 5548 ιιιηηηρις

1832 5521 1904 5615 fa‘
1921 5521 2691 5609 ‘Siizewé'éh'uﬁiiiuiﬁbzhﬁim
2728 5540 2754 5582 s
2787 5529 2953 5594 nopsi,
2978 5537 3088 5592 qua:
3112 5521 3360 5573 Athanasii

1832 5551 1969 5662 nilne
2011 5604 2366 5662 circumfertur,
2402 5610 2551 5651 Tomo
2586 5599 2647 5657 2,
2672 5611 2722 5660 p.
2747 5546 2998 5645 {43.1mm
3027 5598 3088 5639 ea
3108 5596 3219 5649 quae
3235 5582 3352 5632 dixi-

1770 5597 1969 5665 ιιοὲἧῖηέ
2011 5597 2366 5665 circumfertur,
2402 5610 2551 5651 Tomo
2586 5599 2647 5657 2,
2672 5611 2722 5660 p.
2747 5597 2855 5645 145.
2873 5597 2998 5643 Vide
3027 5598 3088 5639 ea
3108 5597 3176 5649 qu

1770 5663 1880 5729 inus
1900 5675 1952 5724 in
1974 5669 2182 5721 Diatriba
2206 5663 2342 5717 initio
2365 5665 2508 5726 hujus
2529 5668 2812 5724 Synopseos.

2922 5777 3004 5838 22
