3720 6274
393 193 496 249 553

382 306 600 360 Azarias
627 304 762 359 ﬁlius
787 304 967 371 Oded,
1009 313 1064 359 et
1108 306 1298 360 Anami
1324 348 1338 369 ,
1383 304 1677 375 pmphetae.
1710 305 1965 374 Josaphat

380 397 520 453 ﬁlius
556 396 671 464 ejus
697 411 864 451 annos
893 397 1073 467 viginti
1088 393 1419 464 quinque,ct
1438 396 1562 452 fecit
1591 406 1792 452 rectum
1824 414 1837 460 ;
1871 396 1965 450 sed

378 487 587 544 excelsa
606 486 780 543 adhuc
815 499 986 542 erant.
1018 487 1209 543 Postea
1252 503 1379 542 vero
1417 492 1470 542 in
1494 488 1963 557 reprehensionem

384 581 673 651 iniquitatis
722 581 979 647 incurrit,
1012 581 1134 651 quia
1165 581 1370 635 amicus
1411 589 1527 635 erat
1552 579 1796 635 Ochozia:
1825 581 1964 649 regis

383 672 545 728 Israel
567 715 581 737 ,
610 681 665 727 et
689 673 740 727 in
770 672 993 743 negotiis
1019 673 1305 742 plurimum
1334 688 1457 726 eum
1485 671 1576 727 illo
1598 672 1965 727 communica-

383 764 489 818 bat.
534 765 644 819 Sub
688 764 789 818 hoc
817 773 969 819 erant
995 762 1268 833 propheta:
1313 760 1464 815 Elias
1500 802 1516 826 ,
1567 763 1837 825 Elissmus,
1872 761 1965 815 Mi-

378 856 559 910 cba-as
580 865 642 910 et.
669 855 806 911 Jehu
839 856 978 909 ﬁlius
1004 855 1194 909 Anemi
1211 894 1224 918 ,
1249 862 1305 908 et
1330 854 1476 909 Oziel
1500 853 1638 907 ﬁlius
1664 852 1957 917 Zachariae,

381 959 437 1004 et
481 948 698 1003 Eliadad
742 946 1043 1002 ﬁliusAdia:
1086 962 1152 1001 ex
1200 946 1441 1000 Marissa.
1474 945 1652 1000 Joram
1685 945 1823 1000 ﬁlius
1850 944 1965 1014 ejus

380 1044 535 1095 annis
564 1048 684 1095 octo
705 1082 718 1104 ,
749 1048 803 1094 et
829 1038 951 1094 fecit
995 1039 1210 1093 malum.
1245 1038 1439 1092 Habuit
1460 1038 1604 1092 enim
1649 1052 1869 1091 uxorem
1900 1037 1962 1088 ﬁ-

385 1131 505 1185 liam
539 1132 772 1186 Achaab.
801 1131 912 1186 Sub
940 1132 1041 1184 hoc
1067 1139 1221 1185 erant
1246 1130 1389 1183 Elias
1417 1138 1471 1183 et
1497 1129 1769 1182 Elissmus.
1792 1126 1968 1182 Ochi.-

368 1222 490 1276 ~zias
519 1222 657 1277 ﬁlius
684 1210 800 1292 ejus
830 1237 972 1277 anno
994 1238 1100 1276 uno
1126 1264 1139 1285 ,
1158 1230 1214 1276 et
1252 1220 1379 1276 fecit
1406 1222 1624 1275 malum.
1676 1221 1801 1275 Post
1840 1234 1962 1274 eum

381 1323 551 1368 mater
577 1313 692 1384 ejus
719 1314 963 1369 Gotholia
1007 1328 1177 1368 annos
1204 1322 1429 1383 septem.
1458 1314 1584 1368 Joas
1616 1311 1752 1367 ﬁlius
1778 1313 1961 1368 Ocho-

379 1403 479 1459 ziae
519 1421 689 1462 annos
740 1406 1106 1477 quadraginta.
1164 1407 1260 1460 Hic
1302 1406 1495 1460 occidit
1539 1406 1846 1459 Zachariam
1873 1446 1887 1471 ,
1912 1414 1967 1459 et

376 1496 506 1552 fecit
527 1507 729 1552 rectum
760 1498 811 1551 in
842 1506 955 1551 toto
982 1496 1144 1552 corde
1173 1511 1271 1550 suo
1292 1537 1307 1563 ,
1342 1495 1515 1551 donec
1543 1496 1710 1551 Jodaé
1740 1497 1818 1550 vir
1840 1511 1963 1564 pru-

379 1589 514 1646 dens
543 1592 776 1656 viveret,
805 1599 859 1644 et
903 1590 1214 1645 institueret
1256 1590 1449 1659 ipsum.
1477 1590 1624 1643 Hunc
1649 1589 1963 1644 occiderunt

371 1684 522 1740 servi
568 1685 733 1749 ipsius
769 1684 821 1738 in
857 1683 1017 1737 domo
1065 1682 1318 1737 Maéloth.
1346 1681 1455 1737 Sub
1484 1682 1585 1737 hoc
1628 1681 1963 1751 prophetarit

380 1777 671 1833 Zacharias
693 1777 832 1831 ﬁlius
852 1775 1037 1831 Jodaé.
1068 1776 1318 1829 Amesias
1349 1774 1489 1828 ﬁlius
1518 1774 1633 1844 ejus
1663 1775 1818 1829 anuis
1860 1788 1962 1828 no-

380 1868 759 1924 vemdccim,et
789 1868 909 1921 iecit
932 1877 1133 1921 rectum
1165 1866 1217 1921 in
1248 1866 1540 1936 principio;
1573 1865 1664 1920 sed
1696 1880 1798 1919 non
1827 1866 1964 1920 sicut

377 1959 571 2015 David.
616 1959 805 2014 Adhuc
824 1958 966 2012 enim
1000 1958 1226 2028 populus
1267 1956 1573 2011 immolabat
1601 1958 1651 2010 in
1699 1957 1959 2023 excelsis,

378 2060 436 2106 et
465 2052 613 2106 lucos
641 2066 744 2104 non
768 2049 1005 2105 abstulit.
1031 2049 1143 2105 Sub
1172 2048 1273 2102 hoc
1316 2049 1474 2103 etiam
1505 2048 1963 2118 prOphetaverunt

382 2141 676 2211 prophetae,
709 2156 931 2209 quorum
966 2139 1178 2193 nomina
1202 2139 1397 2208 scripta
1436 2154 1539 2192 non
1568 2146 1711 2194 sunt.
1743 2138 1959 2192 Postea-

383 2249 541 2302 quam
576 2247 703 2288 vero
731 2246 845 2295 eos,
870 2232 960 2301 qui
987 2231 1039 2285 in
1070 2232 1190 2287 Seir
1212 2231 1526 2285 habitabant
1547 2272 1559 2291 .
1594 2233 1875 2300 percussit,
1908 2231 1960 2285 in

384 2325 687 2393 superbiam
739 2325 911 2378 elatus
974 2332 1093 2386 est,
1142 2323 1284 2378 idola
1337 2322 1686 2377 habitantium
1752 2323 1803 2375 in
1846 2322 1964 2377 Scir

386 2418 570 2481 coluit,
604 2428 656 2471 et
684 2417 737 2470 iu
784 2432 973 2471 manus
998 2415 1228 2469 hostium
1254 2414 1505 2478 traditus,
1550 2428 1831 2483 percussus
1861 2424 1960 2469 est.

385 2508 636 2574 Azarias,
664 2508 751 2577 qui
777 2516 829 2561 et
848 2507 1003 2561 Ozias
1028 2548 1042 2572 ,
1066 2522 1233 2561 annos
1278 2506 1655 2576 quinquaginta
1693 2505 1830 2560 duos
1854 2548 1870 2571 ,
1911 2516 1964 2560 et

382 2602 538 2656 initio
564 2599 704 2670 quod
729 2608 929 2654 rectum
953 2610 1068 2653 erat
1091 2597 1211 2651 fecit
1239 2639 1254 2664 ,
1283 2599 1419 2652 sicut
1451 2609 1598 2666 pater
1619 2597 1734 2666 ejus
1762 2614 1775 2649 :
1806 2609 1964 2652 czetc-

384 2711 502 2749 rum
548 2692 757 2748 excelsa
808 2708 911 2745 non
944 2689 1180 2745 abstulit.
1211 2688 1344 2743 Cum
1386 2704 1640 2759 prospere
1685 2705 1796 2745 rem
1842 2705 1967 2761 age-

384 2796 505 2852 ret,
552 2786 725 2841 elatus
769 2795 853 2840 est
900 2785 1119 2845 animo,
1178 2792 1231 2838 et
1299 2783 1465 2838 voluit
1507 2784 1620 2853 ipse
1648 2783 1863 2839 adolere
1910 2785 1962 2838 in

386 2878 628 2948 templo,
682 2876 822 2947 quod
871 2876 998 2930 solis
1046 2874 1411 2929 sacerdotibus
1464 2874 1674 2928 licebat.
1717 2873 1839 2929 Ideo
1887 2875 1963 2930 le-

382 2986 482 3040 pra
538 2982 821 3038 percussus
870 2978 990 3030 est,
1046 2976 1321 3036 postquam
1362 2966 1635 3029 audisset,
1674 2965 1967 3022 .Nonmum

387 3073 457 3117 est
476 3105 492 3129 ,
526 3061 651 3116 θεία
674 3102 689 3124 ,
721 3061 925 3115 adolere
954 3059 1172 3114 Domino
1191 3101 1206 3123 ,
1236 3060 1290 3112 id
1316 3060 1448 3129 quod
1476 3059 1597 3114 solis
1630 3059 1968 3114 sacerdotibus

384 3156 500 3209 licet
528 3153 602 3227 (2.
637 3153 815 3207 Paral.
848 3152 938 3205 26.
974 3151 1084 3221 18).
1105 3150 1214 3205 Sub
1236 3150 1337 3205 hoc
1361 3159 1475 3205 erat
1495 3148 1655 3203 Isaias
1685 3148 1966 3218 propheta.

384 3246 593 3301 Jotham
624 3245 765 3298 ﬁlius
794 3243 910 3314 ejus
954 3257 1122 3297 annos
1169 3240 1404 3297 sedecim
1435 3241 1675 3311 regnavit
1702 3280 1716 3305 ,
1748 3248 1802 3295 et
1843 3241 1969 3295 fecit

389 3348 589 3394 rectum
618 3339 754 3393 sicut
782 3347 931 3407 pater
961 3337 1124 3405 ipsius
1155 3354 1167 3390 :
1199 3345 1449 3390 caeterum
1474 3334 1682 3390 excelsa
1708 3348 1816 3388 non
1842 3333 1968 3389 abs-

390 3432 526 3485 tulit.
577 3426 688 3484 Sub
713 3427 816 3484 boc
857 3435 973 3483 erat
1016 3426 1198 3481 Isaias.
1243 3424 1421 3480 Acbaz
1464 3424 1602 3479 ﬁlius
1637 3424 1755 3493 ejus
1797 3437 1969 3476 annos

389 3523 712 3584 sedecim,et
743 3520 865 3574 fecit
890 3518 1110 3572 malum.
1128 3517 1238 3573 Sub
1260 3518 1360 3571 hoc
1388 3528 1539 3571 erant
1563 3515 1720 3569 lsaias
1743 3523 1796 3570 ct
1819 3513 1969 3568 Oded

388 3613 687 3684 prophetae.
730 3609 957 3666 Ezekias
1008 3610 1146 3664 ﬁlius
1172 3609 1289 3679 ejus
1315 3608 1559 3678 regnavit
1584 3608 1739 3662 annis
1785 3607 1969 3677 viginti

393 3722 607 3770 novem,
642 3712 697 3759 et
733 3703 861 3759 fecit
888 3701 1031 3771 quod
1060 3710 1262 3756 rectum
1295 3712 1408 3755 erat
1436 3702 1571 3754 sicut
1603 3699 1764 3755 David
1792 3698 1969 3768 perfe-

392 3811 502 3855 cte.
532 3798 629 3852 llic
653 3795 871 3851 abstulit
898 3803 1200 3863 serpentem
1228 3807 1431 3847 a-neum
1458 3833 1472 3857 ,
1496 3807 1652 3862 quem
1679 3791 1971 3862 suspende-

386 3902 472 3947 rat
496 3891 690 3946 Muses.
733 3889 843 3945 Sub
867 3888 966 3943 hoc
989 3887 1318 3943 Senaeherih
1352 3896 1406 3942 et
1426 3886 1695 3955 Rapsaces
1723 3888 1927 3958 Assyrii
1953 3927 1969 3952 ,

386 3983 532 4055 quod
563 3982 1023 4052 blasphemassent
1044 4022 1057 4043 ,
1087 3980 1327 4050 percussi
1356 3986 1511 4045 sunt,
1544 3988 1837 4048 posteaque
1869 3996 1968 4033 una

387 4087 547 4134 nocte
589 4090 840 4147 egressus
883 4075 1102 4144 angelus
1150 4082 1363 4129 centum
1417 4073 1685 4142 octoginta
1738 4072 1970 4141 quinque

390 4169 555 4224 millia
584 4166 860 4220 hominum
892 4164 1107 4220 occidit.
1154 4164 1439 4218 Moriturus
1467 4163 1726 4218 Ezechias
1744 4163 1815 4217 ad
1843 4178 1972 4233 pro-

390 4259 721 4331 rogatiouem
748 4258 870 4311 vita:
893 4271 1061 4311 annos
1100 4254 1402 4325 quindecim
1444 4255 1667 4324 accepit.
1702 4253 1973 4308 Manasses

392 4355 534 4408 tilius
562 4351 682 4421 ejus
709 4363 880 4404 annos
909 4349 1287 4418 quinquaginta
1318 4348 1574 4416 quinque,
1598 4347 1833 4417 fecitque
1860 4363 1972 4401 ma-

394 4448 522 4499 lum.
558 4443 918 4509 Quaecumque
966 4439 1253 4494 demolitus
1299 4438 1472 4493 fuerat
1518 4439 1771 4494 Ezechias
1798 4480 1812 4504 ,
1861 4428 1979 4509 ipse

396 4538 664 4601 restituit,
705 4543 760 4589 et
799 4533 969 4588 factus
1010 4541 1093 4586 est
1128 4530 1278 4587 Judae
1313 4530 1448 4585 alter
1474 4530 1787 4595 Jeroboam;
1818 4531 1889 4585 ita
1919 4542 1979 4586 ut

396 4631 513 4700 ejus
542 4643 698 4682 causa
728 4626 869 4681 idem
898 4638 1053 4695 passa
1079 4622 1149 4679 sit
1185 4622 1481 4678 Jerusalem
1501 4664 1517 4691 ,
1545 4623 1686 4692 quod
1714 4623 1972 4679 Samaria.

400 4725 472 4777 De
488 4723 577 4777 illo
594 4720 792 4775 dictum
811 4726 895 4773 est
911 4759 926 4782 ,
948 4716 1047 4782 Qui
1070 4730 1275 4785 peccare
1291 4715 1405 4785 fecit
1424 4713 1455 4767 ,Ι
1464 4713 1615 4766 udam
1637 4715 1714 4781 (4.
1738 4712 1865 4785 Reg.
1884 4714 1973 4769 21.

395 4814 525 4885 16).
554 4813 677 4867 Ideo
709 4813 949 4880 captivus
976 4808 1239 4863 abductus
1281 4816 1365 4862 est
1398 4806 1450 4860 in
1482 4806 1830 4878 Babylonem.
1869 4806 1975 4861 Sed

399 4909 450 4959 in
479 4904 803 4972 captivitate,
837 4910 893 4954 ut
923 4902 974 4953 in
1007 4897 1427 4969 Paralipomenis
1447 4897 1702 4967 scriptum
1733 4905 1836 4965 est,
1862 4912 1977 4967 pm-

401 4997 654 5050 niteutem
684 4991 898 5047 reduxit
940 4993 1078 5046 Deus
1103 4992 1157 5046 in
1183 4990 1500 5055 Jerusalem,
1536 5006 1862 5061 regnumque
1890 5008 1979 5046 re-

402 5083 693 5154 cuperavit.
723 5083 1095 5139 Paenitentiam
1128 5084 1304 5152 itaque
1331 5096 1514 5151 agens,
1546 5082 1903 5151 populumque
1926 5091 1983 5136 ut

408 5178 513 5231 beo
543 5175 768 5230 serviret
804 5173 1003 5227 docens
1031 5215 1045 5237 ,
1087 5174 1237 5229 obiit.
1270 5173 1328 5227 in
1360 5173 1575 5227 civitate
1602 5183 1779 5227 tamen
1819 5173 1981 5228 David

395 5281 506 5321 non
557 5274 641 5320 est
686 5263 926 5334 sepultus
947 5301 966 5330 ,
1020 5264 1113 5318 sed
1144 5265 1196 5319 in
1225 5265 1383 5319 horto
1422 5278 1519 5318 suo
1542 5303 1558 5328 ,
1589 5264 1640 5317 in
1671 5264 1827 5319 horto
1852 5263 1978 5320 Oza.

410 5362 569 5414 Amos
601 5358 737 5411 ﬁlius
765 5355 879 5426 ejus
903 5357 1143 5425 regnavit
1167 5372 1335 5412 annos
1366 5356 1524 5421 duos,
1550 5366 1605 5410 et
1632 5355 1757 5411 fecit
1785 5357 1982 5413 malum

402 5455 462 5511 Sit
483 5461 536 5505 ut
562 5459 711 5522 pater
739 5449 856 5519 ejus
885 5447 1155 5503 Manasses
1173 5490 1186 5513 ,
1213 5459 1265 5504 et
1298 5448 1614 5506 occiderunt
1641 5448 1813 5519 ipsum
1841 5451 1983 5506 servi

395 5546 538 5614 ejus,
578 5542 923 5612 sepultusque
949 5549 1030 5595 cst
1068 5540 1120 5594 in
1146 5541 1299 5596 horto
1331 5540 1436 5596 Oza
1462 5582 1479 5607 ,
1512 5541 1563 5596 in
1597 5555 1701 5611 quo
1745 5541 1984 5612 sepultus

394 5650 475 5693 est
514 5644 566 5689 et
595 5644 742 5706 pater
784 5632 967 5703 ipsius.
1017 5631 1188 5688 Josias
1224 5632 1362 5688 ﬁlius
1392 5634 1505 5705 ejus
1537 5632 1776 5703 regnavit
1818 5634 1976 5689 annis

1102 191 1155 246 S.
1199 191 1473 247 JOANNIS
1517 191 1992 247 CHRYSOSTOMI
2036 192 2352 250 ABCIIIEP.
2394 194 2933 257 CONSTANTINOP.

3566 215 3670 271 336

2080 308 2289 377 triginta
2320 325 2446 365 uno.
2484 312 2632 367 llune
2660 316 2885 383 populus
2912 330 3089 388 regem
3118 321 3338 388 ereavit,
3370 337 3498 379 eum
3526 339 3669 381 esset

2073 413 2332 452 annorum
2366 411 2506 467 octo,
2537 402 2768 474 fecitque
2795 415 3023 475 rectum,
3047 418 3101 463 et
3128 411 3418 468 ambulavit
3441 415 3497 469 in
3521 420 3663 471 omni

2074 492 2156 543 via
2186 491 2381 555 David,
2414 509 2511 548 nec
2548 494 2833 552 declinavit
2885 499 2951 554 ad
2996 499 3270 558 dexteram
3314 506 3395 561 vel
3423 508 3495 562 ad
3539 510 3663 564 sini.

2073 590 2258 634 stram.
2291 582 2503 637 Etenim
2533 594 2587 639 et
2609 587 2761 643 lucos
2791 591 3016 645 succidit
3044 634 3058 657 ,
3089 603 3139 647 et
3165 596 3343 651 omnia
3371 599 3657 656 simulacra

2072 673 2299 725 sustulit.
2332 673 2463 728 Cum
2493 692 2751 732 annorum
2783 689 2928 735 esset
2953 681 3185 737 sedecim
3207 727 3222 750 ,
3254 685 3425 757 legem
3468 692 3652 759 quaesi-

2074 764 2186 826 vit,
2218 774 2271 818 et
2309 780 2431 818 cum
2476 776 2598 821 ante
2637 769 2931 839 neglectam
2965 771 3289 838 invenisset,
3323 779 3424 848 legi
3448 778 3613 848 jussit
3645 794 3661 828 :

2072 868 2137 906 ac
2163 855 2357 924 pascha
2404 857 2715 925 praedicavit
2753 862 3181 933 celebravitqne,
3211 865 3351 921 sicut
3400 869 3665 938 scriptum

2071 955 2171 998 est.
2201 946 2354 1000 Hunc
2374 948 2570 1003 occidit
2592 950 2797 1004 Pharao
2826 950 3039 1007 Nechao
3065 953 3133 1009 ad
3161 956 3509 1026 Euphratem,
3538 975 3661 1013 cum

2073 1038 2352 1092 contentio
2398 1040 2538 1093 inter
2582 1041 2702 1096 illos
2729 1053 2843 1096 orta
2869 1054 3030 1098 esset.
3072 1045 3242 1114 Hujus
3269 1059 3511 1119 tempore
3541 1050 3663 1105 fue-

2070 1142 2195 1183 runt
2221 1131 2494 1200 propheta:
2524 1132 2786 1188 Jcremias
2830 1145 2885 1190 et
2909 1137 3210 1207 Supbunias
3237 1183 3251 1202 .
3285 1151 3337 1195 et
3363 1143 3498 1196 Olda
3530 1160 3665 1213 pro-

2073 1221 2306 1289 phetissa
2330 1239 2462 1277 uxor
2486 1224 2649 1280 Selle.
2679 1225 2913 1283 Joachaz
2945 1227 3085 1284 ﬁlius
3108 1230 3222 1300 ejus
3247 1234 3491 1302 regnavit
3510 1251 3665 1289 men-

2067 1326 2156 1368 ses
2182 1320 2293 1368 tres
2317 1355 2331 1378 ,
2376 1322 2431 1368 et
2474 1314 2595 1369 fecit
2640 1317 2839 1371 malum
2862 1360 2877 1384 ,
2908 1329 2960 1373 et
2991 1324 3258 1377 transtulit
3299 1339 3419 1378 eum
3451 1325 3667 1379 Pharao

2069 1404 2303 1461 Nechao.
2332 1405 2443 1460 Sub
2471 1406 2573 1461 hoc
2602 1424 2815 1478 quoque
2842 1409 2970 1464 vixit
2995 1410 3277 1467 Jeremias.
3311 1412 3540 1469 Eliakim
3574 1420 3624 1470 al
3647 1448 3667 1457 α

2066 1502 2151 1550 ter
2176 1496 2315 1551 ﬁlius
2344 1497 2525 1564 Josiaz,
2553 1499 2640 1568 qui
2671 1509 2726 1552 et
2755 1498 2975 1554 Joakim
3007 1511 3211 1557 mutato
3241 1504 3456 1559 nomine
3482 1506 3666 1559 dictus

2070 1594 2189 1651 est,
2228 1588 2471 1656 regnavit
2512 1590 2666 1644 annis
2695 1589 2944 1646 undecim
2970 1633 2985 1658 ,
3016 1601 3071 1647 et
3112 1592 3239 1649 fecit
3261 1595 3401 1664 quod
3447 1598 3657 1652 malum

2070 1688 2207 1734 erat.
2231 1678 2440 1733 Joakim
2471 1681 2559 1750 qui
2601 1690 2655 1736 et
2693 1682 3013 1750 Jccbonias,
3048 1684 3195 1741 ﬁlius
3232 1689 3379 1758 ejus,
3414 1694 3668 1761 regnavit

2071 1785 2285 1825 menses
2312 1780 2441 1835 tres,
2474 1780 2528 1825 et
2557 1773 2675 1827 fecit
2707 1773 2848 1842 quod
2872 1777 3067 1830 malum
3095 1788 3230 1841 erat,
3260 1780 3666 1852 trauslatusque

2068 1869 2151 1914 cst
2180 1862 2230 1915 in
2260 1862 2603 1934 Babylonem.
2638 1865 2871 1919 Matthan
2902 1866 3042 1922 ﬁlius
3082 1869 3219 1939 ejus.
3266 1870 3418 1927 Hunc
3473 1872 3666 1927 Nabu-

2069 1952 2408 2008 chodonosor
2436 1956 2713 2010 constituit
2742 1973 2920 2026 regem
2948 2001 2962 2022 ,
2993 1969 3046 2013 et
3073 1970 3276 2015 mutato
3304 1965 3518 2019 nomine
3559 1964 3668 2020 Se-

2069 2045 2274 2100 deciam
2315 2047 2633 2116 appellavit,
2667 2050 3015 2120 reguavitque
3054 2053 3208 2107 annis
3244 2053 3527 2111 duodecim
3551 2098 3568 2123 ,
3601 2068 3665 2113 ct

2069 2138 2193 2193 fecit
2214 2140 2432 2191 malum.
2456 2140 2568 2194 Sub
2590 2140 2691 2194 hoc
2714 2158 2922 2213 quoque
2946 2140 3057 2197 erat
3078 2145 3356 2201 Jeremias.
3376 2148 3667 2220 ﬂuensque

2071 2229 2281 2283 duravit
2299 2246 2518 2300 regnum
2541 2230 2566 2286 J
2576 2232 2695 2298 uda,
2720 2241 2950 2304 tuncque
2972 2236 3283 2292 subversum
3315 2249 3418 2302 est,
3446 2244 3579 2296 sicut
3603 2254 3667 2297 et

2070 2336 2289 2388 regnum
2314 2321 2587 2378 Samarite.
2617 2323 2756 2379 Urbs
2778 2341 3004 2396 namque
3028 2336 3179 2398 capta
3214 2341 3316 2396 est,
3350 2338 3402 2384 et
3423 2336 3673 2395 universi

2071 2415 2121 2467 in
2148 2413 2472 2486 Babylonem
2497 2417 2687 2486 captivi
2715 2432 2836 2471 eum
2861 2424 3000 2472 vasis
3020 2419 3231 2474 abducti
3256 2422 3668 2495 suut.Suntquc

2071 2521 2223 2574 reges
2249 2508 2431 2578 viginti
2461 2523 2596 2563 unus
2619 2549 2633 2573 ,
2674 2526 2777 2563 nun
2829 2521 3172 2565 annutnerata
3206 2512 3473 2570 Gotbolia.

2140 2598 2360 2652 Nomina
2390 2615 2569 2669 regum
2601 2601 2687 2670 qui
2721 2601 2928 2655 fuerunt
2954 2602 3005 2656 iu
3033 2603 3292 2670 Samaria,
3326 2614 3381 2659 et
3407 2622 3527 2676 quae
3560 2623 3662 2677 ge-

2070 2701 2170 2755 sta,
2207 2693 2294 2762 qui
2339 2694 2458 2747 linis
2496 2694 2753 2764 cujusque
2804 2694 2978 2758 fuerit,
3012 2706 3063 2750 et
3093 2704 3221 2765 quot
3272 2699 3427 2752 annis
3464 2702 3665 2767 singuli

2069 2784 2410 2854 regnaveriut
2436 2785 2520 2839 his
2547 2787 2745 2855 accipe.
2776 2786 3060 2842 Jeroboam
3104 2788 3243 2842 ﬁlius
3266 2788 3475 2844 Nabatb
3504 2793 3667 2845 annis

2069 2875 2159 2930 24.
2189 2875 2284 2929 Hic
2306 2876 2528 2930 discisso
2550 2892 2714 2946 regno
2739 2877 3033 2932 ascendens
3061 2894 3125 2932 ex
3155 2878 3385 2950 Egypto
3411 2922 3425 2943 ,
3454 2883 3666 2951 primus

2072 2971 2312 3040 regnavit
2343 2972 2393 3023 in
2419 2970 2674 3033 Samaria,
2705 2979 2759 3025 et
2780 2971 2903 3026 fecit
2925 2972 3143 3037 malum,
3177 2972 3245 3026 ita
3271 2983 3327 3027 ut
3351 2976 3557 3029 nullum
3585 2978 3665 3029 si-

2073 3062 2250 3116 milem
2294 3061 2556 3116 habuerit.
2589 3059 2801 3115 Veritus
2857 3078 2922 3117 ne
2952 3078 3173 3133 regnum
3213 3062 3309 3133 ipsi
3337 3064 3663 3134 eriperetur,

2072 3169 2260 3208 aureas
2293 3154 2509 3207 buculas
2530 3153 2660 3207 duas
2689 3152 2829 3219 fecit,
2854 3164 2906 3208 et
2926 3153 3179 3225 populum
3205 3155 3412 3209 seduxit
3436 3157 3663 3211 dicens:

2076 3244 2148 3299 lli
2172 3254 2285 3298 sunt
2319 3245 2413 3310 dii,
2442 3246 2525 3315 qui
2546 3246 2823 3299 eduxerunt
2844 3261 2934 3299 nos
2961 3261 3024 3299 ca:
3050 3256 3182 3299 terra
3200 3245 3415 3316 ﬁgypti
3445 3249 3494 3317 (1
3529 3248 3666 3317 Reg.

2076 3336 2163 3392 12.
2179 3335 2711 3409 28).Ιηεῑίῑυὶῑθιιίω
2728 3338 2864 3394 festa
2883 3347 2935 3391 et
2962 3338 3299 3393 sacerdotes:
3334 3338 3397 3392 Et
3425 3339 3509 3392 Iu'c
3539 3358 3669 3410 pec-

2073 3447 2187 3484 care
2205 3432 2322 3501 fecit
2340 3428 2506 3484 Israel
2530 3430 2603 3501 (2.
2638 3430 2763 3501 Reg.
2791 3431 2875 3485 14.
2910 3431 2987 3501 8).
3017 3432 3189 3502 Ipsum
3215 3449 3441 3507 namque
3471 3451 3672 3491 otnnes

2075 3532 2257 3591 postea
2304 3538 2455 3592 reges
2500 3524 2687 3577 imitati
2728 3535 2871 3578 sunt.
2904 3524 3069 3594 Hujus
3100 3535 3337 3596 tempore
3382 3528 3672 3597 propheta:

2073 3623 2228 3667 erant
2256 3614 2449 3667 Achias
2473 3614 2746 3679 Silonites,
2778 3624 2833 3670 et
2867 3616 2955 3685 qui
2985 3626 3171 3671 contra
3202 3618 3373 3685 ipsmn
3402 3632 3575 3685 super
3594 3620 3673 3673 al-

2077 3716 2188 3759 tare
2215 3705 2534 3760 vnciferatus
2557 3715 2659 3760 est.
2679 3706 2881 3760 Nabath
2918 3707 3059 3761 ﬁlius
3089 3708 3203 3778 ejus
3227 3710 3465 3777 regnavit
3490 3725 3670 3765 annos

2075 3796 2230 3862 duos,
2252 3805 2307 3851 ct
2339 3796 2460 3851 fet-it
2478 3796 2694 3860 malum,
2724 3813 2896 3868 neque
2920 3798 3056 3852 alius
3084 3814 3149 3853 ex
3191 3813 3384 3868 genere
3412 3799 3538 3868 ejus
3583 3815 3671 3854 re-

2077 3891 2274 3959 gnavit.
2302 3888 2513 3942 Zatnhri
2558 3889 2781 3943 alterius
2809 3890 3021 3959 generis
3049 3906 3216 3944 annos
3251 3890 3334 3944 12.
3369 3889 3538 3945 Baasa
3589 3908 3672 3945 re-

2077 3982 2256 4051 gnavit
2283 3997 2452 4035 annos
2481 3981 2574 4048 24,
2605 3992 2658 4036 et
2685 3981 2808 4036 fecit
2836 3982 2975 4051 quod
3026 3982 3224 4037 malum
3255 3992 3389 4037 erat.
3422 3982 3542 4037 Sub
3573 3984 3671 4037 hoc

2078 4074 2352 4145 propheta:
2405 4084 2559 4129 erant
2612 4075 2773 4139 Elias,
2820 4074 3091 4138 Elissmus,
3148 4075 3411 4137 Michzeas,
3473 4086 3528 4129 et
3584 4077 3668 4146 qui

2079 4166 2328 4221 Acbaabo
2356 4166 2423 4220 (lc
2469 4167 2622 4237 Syria
2650 4175 2705 4221 et
2747 4165 2815 4220 de
2857 4165 2967 4220 ﬁlio
3008 4167 3151 4220 Ader
3190 4168 3373 4236 prolihi
3394 4167 3524 4221 tavit
3552 4210 3575 4237 ,
3624 4176 3674 4221 et

2079 4260 2167 4329 qui
2186 4260 2403 4328 proprio
2426 4258 2601 4328 jussu
2622 4258 2947 4323 vulneratus,
2995 4258 3300 4312 Achaabum
3352 4259 3634 4328 redarguit
3656 4277 3669 4313 :

2079 4364 2141 4404 ac
2172 4360 2425 4419 praeterea
2456 4363 2696 4403 seorsum
2738 4349 2887 4414 multi
2920 4347 3296 4418 prophetarum
3340 4351 3457 4405 ﬁlii.
3485 4350 3675 4406 Ocho-

2081 4440 2189 4493 zias
2214 4440 2356 4493 ﬁlius
2394 4439 2511 4509 ejus
2538 4441 2692 4493 annis
2728 4439 2966 4501 duobus,
3003 4448 3057 4494 et
3107 4440 3230 4496 fecit
3275 4442 3414 4511 quod
3469 4444 3674 4497 niuium

2080 4542 2214 4586 erat.
2236 4530 2346 4586 Sub
2373 4531 2472 4586 hoc
2491 4540 2645 4585 erant
2670 4531 2811 4596 Elias
2832 4540 2886 4586 et
2907 4531 3155 4586 Elisszeus
3185 4549 3201 4586 :
3229 4548 3350 4587 nam
3370 4534 3491 4602 ejus
3511 4537 3678 4604 quin-

2081 4622 2433 4692 quagenarius
2486 4622 2607 4692 igne
2653 4623 2916 4691 percussit
2945 4622 3089 4677 Elias
3136 4624 3187 4676 in
3237 4625 3403 4678 verbo
3434 4626 3675 4679 Domini.

2083 4717 2263 4773 Joram
2291 4717 2431 4770 ﬁlius
2459 4716 2673 4771 Achaab
2700 4717 2852 4770 annis
2880 4716 3162 4771 duodecim
3195 4716 3676 4779 :etfecitmalum.

2084 4823 2255 4878 neque
2283 4808 2420 4861 ultra
2451 4807 2587 4861 alius
2616 4822 2680 4862 ex
2710 4822 2907 4877 genere
2940 4807 3106 4876 ipsius
3139 4809 3393 4877 regnavit.
3427 4808 3551 4863 Sub
3584 4813 3679 4863 hoc

2085 4901 2230 4955 Elias
2250 4908 2556 4968 assumptus
2587 4908 2669 4954 est
2693 4915 2705 4952 :
2734 4898 2992 4953 Elissaaus
3016 4914 3147 4953 vero
3176 4900 3369 4953 mansit
3408 4915 3595 4970 usque
3620 4901 3679 4953 ad

2083 4994 2365 5048 Jeroboam
2395 4994 2557 5048 ﬁlium
2584 4992 2708 5047 Joas
2736 5007 2915 5061 regem
2946 4991 3128 5047 lsrael.
3151 4991 3264 5047 Sub
3293 4991 3395 5047 hoc
3432 5006 3602 5049 erant
3621 4995 3677 5047 ﬁ.

2089 5085 2143 5138 lii
2175 5085 2575 5155 prophetarum.
2605 5083 2739 5138 Jehu
2775 5083 2841 5137 de
2864 5083 2967 5136 alia
2994 5084 3177 5152 sﬁrpe,
3207 5083 3345 5137 ﬁlius
3389 5082 3674 5145 Namcsse.

2089 5178 2243 5232 annis
2266 5176 2357 5229 22.
2374 5178 2469 5231 Hic
2488 5178 2883 5246 sustulitgenus
2895 5175 3151 5241 Achaabi,
3168 5184 3222 5230 et
3242 5175 3542 5245 prophetas
3559 5178 3674 5233 Baal

2038 5346 2041 5347 ν
2090 5285 2184 5339 per
2199 5269 2417 5324 insidias
2438 5270 2652 5335 occidit,
2671 5278 3005 5339 statuamque
3026 5269 3164 5323 illius
3182 5268 3457 5323 contrivit.
3479 5272 3551 5325 Et
3564 5286 3674 5325 cum

2091 5365 2142 5417 in
2171 5364 2316 5418 hisce
2340 5362 2552 5418 fecisset
2576 5363 2716 5433 quod
2747 5372 2951 5417 rectum
2981 5370 3115 5426 erat,
3148 5360 3335 5416 habuit
3366 5366 3680 5432 promissio-

2091 5469 2235 5520 nem,
2258 5453 2399 5524 quod
2425 5454 2590 5523 ipsius
2609 5454 2700 5507 ﬁlii
2720 5452 2789 5507 ad
2811 5460 3053 5523 quartam
3081 5467 3247 5521 usque
3274 5456 3676 5523 generatioiiem

2091 5545 2288 5600 sessuri
2320 5553 2501 5601 essent
2526 5558 2689 5614 super
2720 5544 2989 5598 thronum.
3021 5542 3250 5597 Joachaz
3278 5544 3417 5597 lilius
3451 5546 3577 5615 ejus
3597 5563 3677 5598 au-

2096 5651 2191 5690 uos
2231 5634 2631 5707 septemdecim,
2659 5633 2887 5709 fecitque
2916 5634 3056 5707 quod
3080 5635 3273 5693 malum
3292 5645 3431 5691 erat.
3460 5639 3677 5697 Jerusa-
