3722 6274
39 313 142 367 355

41 424 317 498 ἐπορεύθη
346 426 403 478 ἐν
431 426 495 494 τῇ
526 422 766 494 ἁμαρτίᾳ
796 418 888 475 τοῦ
919 422 1124 492 πατρὸς
1160 420 1346 473 αὐτοῦ.
1379 418 1490 471 Καὶ
1532 416 1625 470 ἐπὶ

37 515 234 568 τούτου
271 508 344 584 ῆν
382 511 548 566 Ἀδδὼ
594 513 623 563 6
668 508 973 581 προφήτης.
991 507 1122 561 Ἀσὰ
1146 509 1174 560 6
1201 506 1314 569 016;
1338 504 1501 559 06106
1532 504 1625 574 ἐτη

41 608 151 671 μα’,
183 600 285 653 καὶ
314 598 537 669 ἐποίησε
568 596 629 650 16
650 595 805 660 εὐθές
821 611 839 629 ο
866 595 979 649 ἀλλ’
1005 593 1085 647 ἔτι
1105 590 1172 665 ῆν
1197 593 1265 647 τὰ
1287 592 1484 663 ὑψηλά.
1503 591 1627 645 Ἐπὶ

36 688 230 741 τούτου
285 683 426 758 ἦσαν
468 682 720 755 Ἀζαρίας
782 682 895 747 016;
933 682 1120 752 Ὠδὴδ,
1170 682 1265 734 καὶ
1300 680 1524 749 Ἀναμὶ,
1575 677 1625 731 01

39 775 341 847 προφῆται.
362 773 624 841 Ἰωσαφάτ
652 771 767 834 016;
811 768 975 823 06106
1004 768 1097 839 ἐτη
1140 767 1239 830 κε’,
1279 768 1371 820 καὶ
1401 766 1625 834 ἐποίησε

38 862 97 915 τὸ
118 862 282 923 εὐθές
297 878 313 893 ⁸
343 859 479 914 άλλά
509 859 578 912 τὰ
599 858 779 929 ὑψηλά
800 858 880 911 ἔτι
902 858 1133 930 ὑπῆρχε.
1166 857 1271 909 Καὶ
1299 854 1436 925 μετὰ
1456 853 1626 907 ταῦτα

40 949 251 1019 μέμψιν
282 947 442 1019 ἐσχεν
474 947 721 1018 ἀνομίας,
751 947 833 999 ὅτι
860 944 1101 1013 ἐφιλίασε
1126 944 1201 1015 τῷ
1242 943 1456 1016 Ὀχοζίᾳ
1482 942 1628 1012 βασι-

38 1037 115 1089 λεῐ
159 1035 400 1106 Ἰσραήλ,
430 1035 521 1088 καὶ
570 1032 925 1103 ἐκοινώνησεν
971 1030 1121 1102 αὐτῷ
1148 1032 1227 1093 είς
1258 1031 1439 1083 πλεῖον
1492 1047 1625 1100 πρα-

36 1125 330 1196 γματείας.
349 1126 471 1178 Ἐπὶ
496 1124 687 1177 τούτου
734 1118 875 1194 ἦσαν
919 1122 1195 1193 προφῆται
1233 1120 1433 1183 Ἠλίας,
1452 1120 1624 1173 Ἐλισ-

40 1215 176 1277 σαιέ,
223 1212 490 1283 Μιχαίας,
543 1211 637 1265 καὶ
678 1211 780 1265 Ἰοῦ
825 1213 857 1264 6
887 1210 981 1264 106
1019 1209 1224 1279 ’Δνεμὶ,
1260 1208 1355 1261 καὶ
1390 1207 1572 1278 Ὀζιὴλ
1596 1207 1625 1260 6

38 1302 127 1354 106
156 1299 454 1370 Ζαχαρίου,
488 1300 582 1353 καὶ
618 1298 865 1354 Ἐλιάδαδ
892 1301 924 1352 ό
951 1297 1044 1351 106
1087 1297 1236 1351 Ἀδιά
1272 1296 1381 1349 άπὸ
1413 1294 1626 1364 Μαρισ-

41 1406 155 1458 σης.
175 1386 384 1459 Ἰωράμ
426 1389 456 1442 6
489 1387 604 1450 016;
632 1386 798 1439 06106
827 1385 923 1457 ἐτη
951 1392 1025 1456 η’,
1054 1386 1148 1439 καὶ
1175 1384 1397 1454 ἐποίησε
1436 1383 1496 1437 16
1523 1400 1624 1435 πο-

42 1477 222 1547 νηρόν.
256 1472 383 1546 Εἶχε
412 1474 523 1544 γὰρ
551 1476 786 1541 γυναῖκα
821 1472 1095 1543 θυγατέρα
1138 1472 1360 1542 Ἀχαά6.
1392 1472 1499 1525 Kal
1534 1470 1625 1524 ἐπὶ

39 1563 227 1617 τούτου
254 1559 395 1634 ἦσαν
438 1562 623 1625 Ἠλίας
652 1562 748 1614 καὶ
779 1560 1097 1623 Ἐλισσαῖος.
1115 1557 1362 1630 Ὀχοζίας
1395 1558 1506 1622 υίὸς
1527 1558 1624 1612 αὐ-

38 1651 127 1705 τοῦ
160 1651 282 1715 ἐτος
314 1658 384 1716 α’,
411 1651 505 1704 καὶ
532 1650 754 1721 ἐποίησε
783 1648 846 1702 16
876 1648 1131 1718 πονηρόν.
1163 1648 1297 1701 Μετ’
1318 1646 1481 1700 αὑτὸν
1528 1645 1566 1697 Γ
1567 1662 1623 1699 ο-

40 1739 188 1793 θολία
216 1741 251 1809 ή
280 1741 464 1810 μήτηρ
506 1736 694 1800 06106,
725 1736 819 1808 ἐτη
863 1736 1022 1790 ἐπτά.
1041 1736 1192 1797 Ἰωᾶς
1226 1734 1340 1797 016;
1382 1731 1622 1803 Ὀχοζίου

40 1829 131 1899 ἐτη
163 1834 236 1897 μ’.
273 1820 441 1891 0610;
468 1826 727 1895 ἐφόνευσε
753 1824 844 1877 16v
874 1821 1169 1895 Ζαχαρίαν,
1199 1822 1295 1876 καὶ
1319 1822 1542 1893 ἐποίησε
1562 1820 1624 1875 16

40 1918 191 1981 e601;
238 1919 299 1971 ἐν
347 1915 444 1986 ὅλη
489 1918 556 1987 τῇ
598 1915 744 1985 ψυχῇ
787 1912 974 1975 αὐτοῦ,
1007 1913 1112 1975 ἐως
1150 1910 1325 1965 Ἰωδαὲ
1350 1913 1379 1965 6
1405 1909 1645 1990 1:00:16;

38 2007 153 2077 ἔζη,
184 2005 283 2059 καὶ
310 2002 575 2074 ἐφώτισεν
595 2002 775 2056 αὐτόν.
794 2000 996 2054 Τοῦτον
1018 1999 1344 2054 ἀπέκτειναν
1372 2002 1421 2053 οἱ
1446 1998 1621 2052 δοῦλοι

37 2093 202 2148 06106
236 2095 296 2146 ἐν
326 2093 460 2163 οἴκῳ
485 2089 737 2146 Μαελὼθ.
755 2089 878 2143 Ἐπὶ
903 2088 1096 2143 τούτου
1129 2089 1502 2161 ἐπροφήτευσε
1527 2087 1624 2142 Ζαο

33 2184 230 2253 χαρίας
268 2181 384 2245 υίὸς
420 2177 897 2250 Ἰωδαέ.⁹Λμεσίας
936 2177 1048 2241 υίὸς
1091 2177 1256 2230 06106
1285 2175 1381 2246 ἐτη
1411 2176 1495 2242 ιθ’,
1528 2177 1621 2230 καὶ

34 2270 259 2339 ἐποίησε
282 2269 343 2321 τὸ
364 2267 519 2329 εὐθές
547 2267 604 2320 ἐν
632 2267 797 2337 ἀρχῇ,
821 2264 935 2317 ἀλλ’
955 2265 1053 2335 οὐχ
1079 2264 1152 2328 ὡς
1177 2264 1491 2319 Δαυῖδ.Ἕτι
1511 2263 1622 2335 γὰρ

32 2361 62 2410 6
100 2358 230 2419 λαὸς
275 2353 558 2418 ἐθυσίαζεν
588 2356 646 2407 ἐν
674 2356 788 2417 τοῖς
820 2352 1064 2423 ὑψηλοῖς,
1111 2353 1205 2406 καὶ
1247 2355 1318 2405 τά
1360 2352 1496 2422 ἄλση
1520 2352 1622 2406 οὑκ

33 2446 211 2515 ἐξῆρε.
242 2445 354 2497 Καὶ
382 2443 475 2495 ἐπὶ
501 2441 692 2494 τούτου
724 2440 1138 2510 ἐπροφήτευσαν
1171 2439 1475 2509 προφῆται,
1501 2438 1619 2493 ἀλλ’

30 2535 133 2587 οὐκ
160 2532 479 2603 ἐγράφησαν
506 2530 574 2583 τά
606 2528 847 2599 ὀνόματα
878 2527 1081 2583 αὐτῶν.
1110 2526 1267 2582 Μετὰ
1289 2525 1461 2581 ταῦτα
1492 2526 1619 2597 μένα

30 2639 112 2674 τοι
154 2621 413 2692 ’Δμεσίας
445 2615 691 2682 πατάξας
731 2616 857 2680 τοὺς
904 2619 962 2670 ἐν
1013 2616 1202 2687 Σηεὶρ,
1247 2614 1483 2686 ἐπήρθη,
1526 2616 1621 2669 καὶ

30 2710 327 2781 ἐλάτρευσε
340 2709 452 2771 τοῖς
469 2705 705 2768 εἰδώλοις
728 2702 877 2777 [359]
890 2703 995 2757 τῶν
1012 2703 1196 2775 Σηεὶρ,
1219 2703 1315 2757 καὶ
1335 2703 1617 2775 ἐπατάχθη

33 2795 358 2869 παραδοθεὶς
401 2797 514 2858 τοῖς
561 2792 796 2865 ἐχθροῖς.
816 2792 1072 2864 Ἀζαρίας
1105 2794 1133 2845 6
1174 2792 1268 2845 καὶ
1303 2791 1485 2856 Ὀζίας
1522 2792 1617 2864 ἐτη

29 2886 129 2956 νβ’,
154 2885 250 2939 καὶ
275 2883 498 2953 ἐποίησε
527 2881 671 2936 κατὰ
692 2880 789 2951 τήν
813 2879 988 2952 ἀρχὴν
1010 2878 1072 2932 16
1097 2879 1272 2942 εύθές,
1295 2879 1371 2944 ὡς
1390 2883 1418 2934 6
1437 2880 1619 2952 πατὴρ

27 2973 225 3026 αὑτοῦ·
274 2971 414 3041 πλὴν
452 2970 518 3024 τὰ
566 2968 745 3040 ὑψηλὰ
778 2968 876 3020 οὐκ
923 2966 1136 3038 ἐξῆρεν.
1164 2965 1529 3037 Εὐοδούμενος
1559 2967 1619 3020 δέ

28 3060 271 3133 ἐπήρθη,
316 3060 411 3113 καὶ
453 3058 716 3129 ἠθέλησεν
766 3054 943 3125 ἐαυτῷ
990 3053 1253 3125 θυμιᾶσαι
1284 3056 1341 3108 ἐν
1377 3054 1453 3125 τῷ
1482 3054 1615 3125 ναῷ,

28 3152 167 3220 ὅπερ
219 3148 401 3219 μόνοις
447 3149 559 3210 τοῖς
612 3143 849 3215 ἱερεῦσιν
870 3142 1065 3210 ἔξεστι.
1095 3142 1185 3203 Διὸ
1212 3143 1307 3197 καὶ
1333 3142 1618 3215 ἐλεπρώθη

28 3239 294 3300 ἀκούσας·
346 3237 429 3289 Οὐ
464 3234 588 3300 σοὶ,
637 3231 811 3295 Ὀζῖα,
859 3229 1143 3299 θυμιᾶσαι
1190 3229 1269 3296 τῷ
1319 3231 1533 3297 Κυρίῳ,
1586 3230 1617 3284 ὂ

24 3328 236 3394 μόνοις
259 3323 383 3390 τοῖς
406 3320 671 3392 Ιερεῦσιν
698 3321 958 3385 ἔξεστιν.
977 3317 1101 3370 Ἐπὶ
1119 3316 1307 3370 τούτου
1335 3317 1619 3388 προφήτης

38 3411 514 3482 Ἠσαίας.⁹1ωθὰμ
566 3411 594 3463 6
641 3409 755 3472 016;
803 3407 968 3462 06106
1006 3405 1353 3459 ἐϐασίλευσεν
1395 3406 1490 3477 ἐτη
1520 3413 1618 3470 ις’,

28 3506 119 3555 καὶ
171 3501 395 3572 ἐποίησε
436 3498 498 3552 16
532 3498 688 3560 εύθές
720 3496 795 3560 ὡς
841 3498 870 3549 6
918 3494 1098 3567 πατὴρ
1130 3493 1292 3547 αὐτοῦ
1316 3509 1331 3524 ο
1378 3493 1520 3566 πλὴν
1550 3494 1619 3548 τά

28 3591 207 3661 ὑψηλά
242 3590 343 3643 οὐκ
383 3588 564 3660 ἐξῆρε.
600 3587 711 3641 Kal
738 3585 830 3639 ἐπὶ⁵
857 3586 1045 3638 τούτου
1073 3580 1141 3657 ἦν
1184 3584 1430 3646 Ἡσαΐας.
1452 3583 1619 3653 Ἀχὰζ

30 3679 141 3742 016;
172 3677 337 3732 06106
369 3677 465 3747 ἐτη
496 3682 590 3742 ις’,
618 3676 714 3730 καὶ
743 3673 967 3745 ἐποίησε
998 3672 1058 3727 τὸ
1081 3671 1335 3745 πονηρόν.
1372 3672 1509 3727 Καὶε
1527 3674 1619 3727 ἐπὶ

28 3767 217 3822 τούτου
268 3762 337 3835 ἦν
378 3765 605 3827 Ἡσαΐας
653 3763 748 3816 καὶ
788 3756 937 3831 Ὠδὴδ
986 3762 1280 3833 προφῆται.
1300 3758 1548 3826 Ἐζεκίας
1591 3764 1620 3815 6

30 3857 139 3921 υίὸς
172 3853 339 3908 06106
382 3854 476 3925 ἐτη
518 3852 621 3915 κθ¹,
654 3851 748 3905 καὶ
794 3850 1017 3920 ἐποίησε
1059 3849 1120 3901 16
1163 3848 1318 3912 εὺθές
1348 3850 1424 3913 ὡς
1453 3848 1619 3903 Δαυῖδ

28 3945 265 4008 τελείως.
299 3939 466 4005 Οὗτος
493 3940 741 3995 καθεῖλεν
776 3939 903 4009 δφιν
929 3937 1187 4010 χαλκοῦν,
1236 3938 1296 3991 ὃν
1340 3940 1616 4011 ἐκρέμασε

30 4031 431 4103 Μωῦσῆς.Ἒπὶ
479 4029 668 4084 τούτου
714 4026 1061 4099 Σεναχηρεὶμ
1109 4027 1202 4079 καὶ
1240 4025 1521 4098 Ῥαψάκης
1567 4027 1618 4080 οί

40 4119 317 4191 Ἀσσύριοι
364 4115 808 4189 βλασφημοῦντες
850 4113 1237 4185 ἐπατάχθησαν
1293 4113 1394 4185 μὲν
1438 4115 1613 4177 06101,

34 4207 169 4277 μετά
212 4205 390 4260 ταῦτα
421 4207 481 4258 ἐν
522 4206 620 4276 μιᾷ
660 4204 719 4258 δέ
748 4202 906 4257 νυκτὶ
945 4201 1190 4273 χιλιάδας
1241 4209 1355 4273 ρπε¹
1383 4201 1616 4268 ἐξελθὼν

30 4294 260 4365 ἄγγελος
313 4293 513 4347 ἀνεῖλε.
556 4292 783 4347 Μέλλων
827 4291 885 4345 δέ
929 4289 1184 4355 Ἐζεκίας
1229 4289 1613 4360 ἀποθνήσκειν,

29 4383 188 4437 ἔλαϐε
215 4382 540 4454 προσθήκην
569 4380 665 4451 ἐτη
696 4385 778 4433 ιε’.
812 4378 1110 4449 Μανασσῆς
1136 4380 1165 4431 6
1196 4378 1308 4442 016;
1328 4376 1494 4433 06106
1521 4378 1615 4449 ἐτη

30 4480 111 4535 νε’,
166 4471 263 4525 καὶ
307 4469 533 4540 ἐποίησε
588 4467 650 4521 16
695 4466 949 4539 πονηρόν.
975 4464 1118 4521 Ὅσα
1169 4465 1226 4520 δὲ
1273 4466 1615 4537 κατέσκαψεν

42 4556 306 4626 Ἐζεκίας,
339 4554 515 4610 ταῦτα
550 4549 703 4619 οὗτος
736 4555 1015 4626 ἀνήγειρε,
1047 4554 1142 4606 καὶ
1188 4553 1410 4622 γέγονεν
1457 4555 1614 4619 ἄλλος

40 4646 319 4717 ἰεροὸοὰμ
363 4644 442 4715 τῷ
481 4644 673 4714 Ἰούδᾳ,
707 4642 846 4697 ὥστε
886 4643 952 4697 δι’
978 4642 1141 4696 06160
1171 4643 1364 4697 παθεῖν
1394 4645 1492 4715 τήν
1528 4646 1617 4698 Ἰε-

32 4736 329 4805 ρουσαλὴμ,
366 4734 442 4797 ὡς
484 4733 586 4804 τὴν
636 4733 971 4805 Σαμάρειαν.
1013 4733 1125 4787 Kal
1176 4733 1283 4805 γὰρ
1329 4734 1416 4787 ἐπ’
1448 4734 1612 4787 06106

28 4824 356 4895 ἐλέχθη,⁶“ος
398 4821 692 4891 ἐξήμαρτε
732 4822 840 4874 τὸν
880 4820 1126 4874 Ἰούδαν.
1171 4820 1262 4873 Διὸ
1298 4821 1391 4874 καὶ
1422 4822 1616 4891 αἰχμά-

27 4912 190 4976 λωτος
218 4910 443 4982 ἀπήχθη
470 4912 549 4973 εἰς
570 4908 884 4962 Βαϐυλῶνα.
905 4906 1044 4960 Ἀλλ’
1068 4910 1125 4962 ἐν
1155 4910 1222 4979 τῇ
1244 4907 1611 4979 αἰχμαλωσίᾳ,

24 5002 86 5063 ὡς
108 5005 172 5053 ἐν
196 5002 310 5062 τοῖς
328 4998 828 5070 Παραλειπομένοις
846 4995 1174 5067 γέγραπται,
1203 4996 1616 5067 μετανοήσαντα

26 5091 181 5143 αὐτὸν
206 5085 576 5158 μετέστρεψεν
595 5087 623 5139 6
642 5085 771 5148 Θεὸς
793 5086 872 5148 είς
904 5081 1279 5155 Ἰερουσαλὴμ,
1318 5083 1411 5136 καὶ
1450 5084 1614 5138 πάλιν

24 5174 348 5230 ἀντελάϐετο
386 5175 488 5243 τῆς
516 5172 809 5243 βασιλείας.
835 5169 1127 5225 Μετανοῶν
1150 5170 1205 5223 δέ
1230 5170 1325 5223 καί
1346 5169 1613 5224 διδάσκων

23 5267 96 5319 τὸν
117 5266 260 5320 λαὸν
280 5263 552 5317 δουλεύειν
571 5262 649 5333 τῷ
668 5260 807 5333 Θεῷ,
829 5260 1199 5331 ἐτελεύτησεν.
1224 5259 1339 5313 Οὐκ
1361 5259 1534 5330 ἐτάφη
1557 5260 1613 5314 δέ

22 5356 68 5405 ἐν
102 5353 272 5407 πόλει
314 5350 498 5414 Δαυῖό,
519 5350 636 5403 ἀλλ’
656 5351 715 5404 ἐν
735 5348 814 5419 τῷ
855 5350 1016 5420 κήπῳ
1055 5344 1242 5412 06106,
1270 5346 1432 5418 κήπῳ
1462 5345 1613 5410 Ὀζᾶ.

32 5443 213 5516 ’Λμὼς
233 5443 263 5495 6
285 5440 400 5504 υἱὸς
416 5439 582 5494 06106
608 5439 702 5510 ἐτη
728 5437 795 5509 β’,
819 5438 912 5491 καὶ
934 5435 1154 5507 ἐποίησε
1178 5435 1239 5489 16
1259 5435 1514 5506 πονηρὸν,
1540 5436 1614 5498 ὼς

21 5532 256 5605 ὁπατήρ
282 5529 450 5583 06106
474 5527 793 5598 Μανασσῆς,
818 5528 910 5581 καὶ
930 5525 1139 5580 άνεῖλον
1172 5526 1333 5579 αὑτὸν
1355 5526 1404 5578 01
1428 5526 1616 5588 παῖδες

22 5620 202 5683 αὐτοῦ,
223 5618 326 5673 καὶ
347 5616 522 5689 ἐτάφη
547 5619 604 5670 ἐν
628 5622 793 5689 κήπῳ
824 5614 975 5678 Ὀζᾶ,
999 5613 1129 5667 ἔνθα
1150 5612 1246 5666 καὶ
1268 5614 1297 5667 6
1323 5613 1506 5685 πατὴρ
1526 5614 1624 5666 a6-

20 5708 113 5763 τοῦ.
134 5705 362 5769 Ἰωσίας
381 5707 410 5760 6
431 5705 546 5770 016;
568 5703 731 5759 06106
756 5703 850 5776 ἔτη
874 5702 977 5757 λα’.
1005 5700 1207 5755 Τοῦτον
1226 5703 1255 5755 6
1274 5701 1401 5766 λαὸς
1427 5702 1616 5775 ⁴ήγειρε

22 5793 256 5864 βασιλέα,
286 5794 416 5850 ὄντα
458 5793 595 5848 ἐτῶν
635 5799 707 5864 η’,
733 5791 827 5845 καὶ
851 5789 1071 5862 ἐποίησε
1094 5789 1154 5843 16
1178 5790 1331 5855 0601;
1368 5792 1427 5844 ἐν
1460 5790 1610 5867 πάσῃ

1127 303 1464 362 SYNOPSIS
1503 296 1924 359 SCRIPTURJE
1964 297 2235 357 SACRE.

3201 300 3309 358 3'6

1727 412 1834 483 όδῷ
1873 412 2056 478 Δαυτδ,
2080 414 2175 469 καὶ⁸
2198 413 2299 467 οὐκ
2319 411 2530 483 ἀπέστη
2548 410 2721 481 δεξιᾷ,
2749 408 2867 465 ούδέ
2890 408 3173 485 ἀριστερᾷ.
3200 414 3313 472 Kal

1727 502 1835 573 γὰρ
1852 502 1947 554 καὶ
1965 502 2032 555 τὰ
2050 502 2188 573 ἄλση
2207 501 2453 571 ἐξέκοψε,
2476 500 2655 555 καὶτὰ
2674 498 2865 554 εἴδωλα
2884 502 3061 556 πάντα
3074 501 3310 561 καθεῖλες

1728 587 2018 659 Γενόμενος
2043 588 2100 642 δέ
2123 588 2259 641 ἐτῶν
2282 594 2380 654 ις’,
2404 589 2494 641 τόν
2515 603 2574 641 τε
2596 586 2758 657 νόμον
2800 586 3063 659 ζητήσας,
3092 588 3184 644 καὶ
3219 592 3313 645 εὖ·

1729 673 1839 745 ρὼν
1880 675 2260 747 ἀμεληθέντα,
2301 672 2718 744 ἀναγνωσθῆναι
2762 673 3032 744 πεποίηκε
3056 715 3072 741 ,
3118 675 3213 728 καὶ⁵
3249 677 3313 732 16

1727 759 1912 831 πάσχα
1948 762 2193 832 ἐποίησε,
2220 762 2317 815 κα)⁸
2348 759 2631 832 ἐκήρυξεν,
2659 759 2736 822 ὡς
2758 758 3090 831 γέγραπται.
3113 760 3313 816 Τοῦτον

1725 848 1781 901 δέ
1801 849 1975 903 ἀνεῖλε
1997 849 2196 921 Φαραὼ
2239 848 2439 920 Νεχαὼ
2464 849 2557 902 ἐπὶ
2586 846 2684 901 106
2708 848 2993 919 Εὐφράτου
3017 848 3317 921 φιλονεική-

1728 951 1893 989 σαντα
1917 936 2053 1007 πρὸς
2072 936 2253 990 αὐτόν.
2270 937 2395 989 Ἐπὶ
2428 936 2621 989 τούτου
2651 934 2919 1005 Ἱερεμίας
2939 936 3034 989 καὶ
3054 936 3314 1004 Σοφονίας

1724 1015 1862 1090 ἦσαν
1886 1025 1933 1075 01
1959 1022 2253 1093 προφῆται,
2282 1023 2376 1076 καὶ
2410 1021 2565 1075 Ὀλδὰ
2582 1024 2615 1092 ἡ
2650 1022 2926 1092 προφῆτις
2946 1021 3085 1092 γυνὴ
3122 1021 3312 1090 Σελλῆ.

1739 1106 1965 1177 Ἰωάχαζ
1994 1109 2105 1171 υίὸς
2125 1108 2289 1161 06106
2314 1109 2490 1179 μῆνας
2510 1110 2681 1181 τρεῖς,
2714 1109 2809 1163 καὶ
2831 1108 3054 1179 ἐποίησε
3077 1108 3137 1160 16
3158 1108 3316 1176 πονη-

1728 1192 1842 1263 ρὺν,
1871 1195 1965 1248 καὶ
2007 1197 2336 1268 μετέστησεν
2375 1195 2538 1249 αὑτὸν
2579 1193 2779 1267 Φαραὼ
2818 1193 3053 1265 Νεχαώ·
3087 1195 3180 1251 καὶ
3222 1197 3315 1249 ἐπὶ

1724 1279 1918 1334 τούτου
1941 1277 2010 1352 ἦν
2043 1282 2333 1353 Ἱερεμίας.
2351 1283 2634 1354 Ἐλιακείμ
2652 1283 2738 1336 ῑτε
2748 1299 2838 1353 ρος
2859 1282 2974 1346 υίὸς
3006 1282 3231 1348 Ἰωσίου,
3254 1281 3316 1346 δς

1733 1368 2126 1441 μετωνομάσθη
2167 1371 2442 1441 Ἰωακεὶμ,
2468 1370 2563 1442 ἐτη
2588 1375 2679 1437 ια’,
2703 1371 2797 1424 x01
2817 1370 3040 1441 ἐποίησε
3063 1369 3125 1423 16
3147 1386 3316 1440 πονη-

1729 1454 1841 1526 ρόν.
1861 1456 2116 1527 Ἰωακείμ
2152 1458 2181 1510 6
2224 1459 2320 1511 καὶ
2348 1458 2622 1529 Ἰεχονίας,
2647 1459 2676 1511 6
2696 1458 2811 1522 υίὸς
2830 1456 3022 1521 06106,
3049 1458 3225 1528 μῆνας
3242 1456 3312 1526 γ’,

1726 1542 1821 1595 καὶ
1856 1542 2080 1613 ἐποίησε
2123 1543 2185 1597 16
2222 1547 2459 1616 πονηρὸν
2491 1546 2586 1599 καὶ
2618 1545 2840 1617 ἀπήχθη
2875 1545 2960 1609 είς
2988 1544 3311 1601 Βαϐυλῶνα.

1724 1629 1952 1683 Ματθὰν
1977 1631 2007 1683 6
2022 1630 2135 1695 016;
2157 1632 2343 1687 06106.
2372 1632 2572 1686 Τοῦτον
2592 1632 3063 1704 Ναϐουχοδονόσορ
3089 1632 3314 1706 ἐποίησε

1725 1715 1971 1786 βασιλέα,
2009 1716 2159 1790 [300]
2193 1720 2290 1772 καὶ
2324 1720 2678 1790 μετωνόμασε
2705 1719 2869 1774 αὑτὸν
2893 1719 3173 1775 Σεδεκίαν.
3198 1721 3315 1775 Kal

1722 1804 2071 1860 ἐϐασίλευσεν
2097 1807 2193 1878 ἐτη
2225 1807 2314 1877 ιβ’,
2342 1810 2435 1862 καὶ
2466 1809 2694 1880 ἐποίησε
2715 1808 2778 1862 16
2800 1808 3058 1879 πονηρόν.
3089 1810 3200 1864 Kal
3218 1811 3314 1864 ἐπὶ

1721 1893 1912 1947 τούτου
1962 1889 2031 1964 ῆν
2074 1892 2364 1965 Ἱερεμίας.
2389 1893 2534 1958 Ἕως
2585 1894 2775 1948 τούτου
2823 1894 2857 1966 ή
2914 1892 3162 1965 βασιλεία
3213 1894 3312 1948 τοῦ

1736 1978 1924 2046 Ἰούδα,
1947 1981 2040 2035 καὶ
2065 1980 2357 2053 κατελύθη,
2387 1980 2576 2052 ὥσπερ
2598 1981 2816 2051 καὶτῆς
2845 1976 3180 2053 Σαμαρείας.
3200 1979 3314 2034 K01

1721 2070 1832 2143 γὰρ
1861 2073 1895 2141 ή
1930 2069 2084 2131 πόλις
2119 2070 2283 2135 ἐάλω,
2319 2071 2414 2123 καὶ
2443 2066 2644 2134 πάντες
2674 2068 3001 2141 ἀπήχθησαν
3022 2064 3310 2141 αίχμάλωὲ

1719 2175 1803 2212 τοι
1840 2163 1920 2222 εἰς
1954 2158 2249 2212 Βαϐυλῶνα
2281 2157 2422 2229 μετὰ
2444 2155 2676 2212 σκευῶν.
2705 2156 2827 2210 Είσὶ
2851 2152 2911 2210 δέ
2936 2156 3176 2229 βασιλεῖς
3199 2164 3311 2225 κα’,

1723 2246 1884 2310 ἐκτὸς
1916 2246 2191 2310 Γοθολίας.

1805 2348 2071 2419 Ὀνόματα
2101 2348 2210 2401 τείν
2244 2347 2504 2417 βασιλέων
2548 2346 2654 2400 τῶν
2703 2345 3007 2417 γενομένων
3038 2348 3098 2400 ἐν
3125 2345 3313 2418 Σαμα-

1724 2436 1867 2507 ρείᾳ,
1901 2436 1995 2488 καί⁵
2033 2438 2181 2489 ποῖον
2226 2436 2324 2507 τῆς
2374 2435 2606 2488 ἑκάστου
2635 2433 2888 2505 πράξεως
2913 2434 3105 2504 γέγονε
3136 2434 3310 2500 τέλος,

1722 2523 1815 2577 καὶ
1845 2522 1985 2575 πόσα
2013 2521 2108 2592 ἐτη
2139 2522 2369 2585 ἕκαστος
2412 2521 2781 2586 ἐϐασίλευσεν,
2819 2521 3313 2594 οὖτωςῧλιεροόοὰμ

1721 2610 1837 2673 016;
1869 2609 2058 2663 N0600
2092 2610 2186 2681 ἐτη
2215 2610 2311 2664 κδ’.
2349 2604 2517 2674 Οὗτος
2548 2610 2861 2682 σχισθείσης
2891 2610 2991 2681 τῆς
3034 2610 3313 2681 βασιλείας

1720 2698 1959 2753 ἀνελθὼν
1984 2699 2076 2751 ἀπ’
2103 2697 2380 2766 Αίγύπτου
2421 2699 2637 2769 πρῶτος
2664 2697 3012 2752 ἐϐασίλευσεν
3045 2698 3104 2751 ἐν
3127 2700 3314 2769 Σαμα-

1723 2786 1866 2858 ρείᾳ,
1900 2786 1994 2840 καὶ
2020 2786 2240 2856 ἐποίησε
2287 2785 2348 2839 16
2394 2786 2629 2857 πονηρὸν
2659 2786 2735 2849 ὠς
2763 2786 2940 2850 οὐδεὶς
2968 2785 3174 2859 ἔτερος.
3215 2787 3315 2840 Φο-

1721 2875 1982 2946 ὅούμενος
2010 2876 2118 2946 γὰρ
2154 2875 2229 2946 μή
2257 2875 2599 2947 καταληφθῇ,
2637 2875 2873 2949 ἐποίησε
2894 2875 3157 2947 δαμάλεις
3179 2892 3313 2947 χρυ-

1722 2966 1821 3027 σᾶς
1852 2963 1966 3028 δύο,
2008 2965 2101 3016 καὶ
2125 2964 2373 3034 ήπάτησε
2408 2963 2500 3016 16v
2528 2962 2656 3017 λαὸν
2690 2963 2896 3034 λέγων·
2944 2960 3122 3021 Οὗτοί
3154 2966 3316 3019 εἰσιν

1719 3056 1773 3108 οἱ
1824 3053 1969 3120 θεοὶ,
2014 3055 2066 3106 οι
2116 3052 2524 3122 ἀναγαγόντες
2560 3052 2718 3123 ἡμᾶς
2745 3055 2813 3107 ἐκ
2852 3053 2967 3123 τῆς
2987 3055 3311 3124 Αἰγύπτου.

1732 3144 2036 3197 Ἐπλάσατο
2067 3143 2160 3195 καὶ
2204 3143 2397 3213 ἑορτὰς
2436 3143 2530 3195 καὶ
2567 3143 2783 3215 ἱερέας·
2828 3143 2939 3195 Καὶ
2988 3138 3168 3211 οὗτος
3212 3138 3311 3209 ἐξ-

1718 3229 1942 3299 ήμαρτε
1966 3231 2072 3283 τὸν
2106 3229 2376 3298 Ἰσραήλ.
2404 3229 2561 3301 Αὐτῷ
2614 3230 2722 3303 γὰρ
2767 3231 2970 3296 πάντες
2998 3232 3047 3286 01
3076 3233 3193 3303 μετ’
3217 3232 3315 3284 06-

1718 3317 1809 3371 τδν
1841 3317 2478 3390 κατηκολούθησαν.Ἑπ’ί
2509 3318 2699 3372 τούτου
2726 3314 2795 3390 ῆν
2816 3320 3099 3391 προφήτης
3129 3318 3315 3390 Ἀχίας

1718 3408 1748 3460 6
1779 3409 2074 3481 Σιλονίτης,
2105 3409 2197 3462 καὶ
2241 3410 2270 3462 6
2320 3408 2785 3481 ἐπικαλεσάμενος
2818 3410 2908 3464 ἐπὶ
2932 3410 2995 3463 16
3023 3408 3318 3483 θυσιαστή-

1723 3516 1837 3568 ριον
1862 3499 1982 3551 κατ’
2005 3498 2190 3552 αὐτοῦ.
2211 3497 2403 3553 Ναὸάθ
2429 3499 2542 3560 016;
2566 3497 2731 3553 06106
2763 3498 2856 3571 ἐτη
2889 3498 2955 3570 β’,
2982 3495 3075 3552 καὶ
3096 3499 3316 3571 ἐποίησε

1719 3586 1779 3640 16
1802 3586 2056 3659 πονηρὸν,
2092 3586 2188 3641 καὶ
2232 3587 2333 3640 οὐκ
2366 3586 2445 3640 ἐτι
2477 3604 2560 3651 τις
2607 3589 2670 3641 ἐκ
2704 3587 2893 3657 γένους
2937 3588 3102 3642 06106
3132 3588 3317 3643 ἐϐασί-

1719 3674 1898 3727 λευσε.
1928 3673 2145 3745 Ζαμΰρὶ
2173 3673 2359 3746 ἐτέρου
2390 3674 2580 3743 γένους
2610 3675 2706 3746 ἐτη
2747 3674 2831 3746 ιβ’.
2871 3674 3064 3729 Βαασᾶ
3089 3675 3182 3746 ῑτη
3214 3675 3311 3742 κδ’,
3350 3722 3353 3727 .

1720 3764 1815 3816 καὶ
1861 3762 2088 3835 ἐποίησε
2113 3761 2176 3816 16
2206 3761 2464 3835 πονηρόν.
2482 3762 2605 3817 Ἐπὶ
2646 3763 2838 3817 τούτου
2868 3763 3144 3835 προφῆται
3174 3759 3315 3837 ἦσαν

1732 3850 1937 3915 Ἠλίας,
1966 3850 2060 3905 καὶ
2107 3849 2426 3917 Ἐλισσαῖος,
2453 3849 2549 3904 καὶ
2581 3851 2842 3922 Μιχαίας,
2886 3851 2983 3905 καὶ
3024 3853 3053 3905 6
3100 3868 3315 3924 προφη-

1717 3935 1913 3999 τεύσας
1934 3936 2014 4005 τῷ
2044 3935 2249 4007 Ἀχαὰϐ
2272 3937 2398 4006 περὶ
2423 3936 2520 4007 τῆς
2545 3936 2741 4008 Συρίας
2762 3936 2969 3991 καὶτοῦ
2989 3936 3108 3989 0106
3137 3937 3312 4010 Ἀδέρ,

1718 4026 1812 4079 καὶ
1859 4025 2191 4117 όᾼπατάξας
2210 4025 2417 4117 ΔαὐτὸνΔ
2446 4024 2720 4117 τραύματι
2742 4064 2772 4117 ,Δ
2806 4026 2924 4117 καὶ-
2952 4024 3177 4094 ἐλέγξας
3221 4025 3358 4117 Δτίινῲ

1730 4110 1954 4183 Ἀχαάϐ,
1986 4112 2079 4165 x01
2107 4111 2293 4166 πολλοὶ
2323 4110 2442 4166 καθ’
2465 4111 2692 4175 ἐαυτοὺς
2722 4111 2830 4165 0101
2855 4111 2965 4165 τῶν
2992 4110 3325 4184 προφητῶνέ

1729 4200 1975 4271 Ὀχοζίας
2004 4200 2118 4263 υίὸς
2144 4190 2308 4254 αὐτού
2338 4199 2432 4270 ἐτη
2466 4198 2534 4269 β’,
2569 4202 2665 4254 καὶ
2705 4200 2931 4271 ἐποίησε
2960 4201 3020 4253 16
3052 4201 3309 4272 πονηρόν.

1717 4290 1827 4343 Kal
1856 4290 1945 4345 ἐπὶ
1982 4289 2172 4343 τούτου
2187 4285 2342 4360 ⁴ἦσαν
2388 4289 2572 4352 Ἠλίας
2616 4289 2713 4344 καὶ
2749 4288 3084 4355 Ἐλισσαῖος·
3143 4292 3310 4348 αὐτοῦ

1715 4376 1827 4449 γάρ
1870 4380 1996 4441 τοὺς
2040 4379 2540 4451 πεντηκοντάρχους
2573 4378 2843 4444 ἐπάταξεν
2871 4381 2929 4434 ἐν
2958 4381 3091 4453 πυρὶ
3128 4379 3313 4445 Ἠλίας

1717 4469 1775 4522 ἐν
1811 4470 2017 4540 ῥήματι
2050 4466 2499 4541 Κυρίου,Ἰωρὰμ
2537 4469 2650 4533 υίὸς
2692 4469 2898 4541 Ἀχαὰὸ
2949 4469 3045 4542 ἐτη
3090 4469 3180 4542 ιβ’,
3220 4472 3314 4526 καὶ

1716 4556 1940 4629 ἐποίησε
1977 4557 2039 4611 16
2068 4556 2325 4629 πονηρὸν,
2354 4558 2450 4612 καὶ
2472 4558 2658 4613 οὐκέτι
2682 4577 2767 4624 τις
2794 4559 2891 4614 106
2924 4560 3114 4630 γένους
3142 4560 3312 4616 06106

1716 4646 2053 4700 ἐϐασίλευσε.
2092 4648 2203 4701 Καὶ
2229 4648 2258 4700 ό
2290 4644 2389 4716 μὲν
2430 4646 2617 4711 Ἠλίας
2645 4647 2925 4719 ἀνελήφθη
2955 4648 3050 4701 ἐπὶ
3075 4648 3266 4703 τούτου
3293 4666 3309 4680 ·

1715 4734 1744 4785 6
1789 4734 1846 4787 δὲ
1884 4733 2183 4797 Ἐλισσαῖος
2219 4732 2486 4803 διέμεινεν
2532 4734 2637 4798 ἐως
2679 4735 2980 4807 Ἰεροδοάμ,
3005 4735 3119 4790 υίδν
3159 4735 3312 4803 Ἰωάς

1720 4821 1983 4892 βασιλέως
2026 4819 2444 4892 Ἰσραήλ.Ἧσαν
2465 4821 2521 4874 δὲ
2548 4822 2642 4875 καὶ
2665 4822 2759 4876 ἐπὶ
2785 4822 2975 4877 τούτου
3000 4825 3050 4877 οί
3077 4825 3182 4880 010l
3200 4824 3312 4880 τῶν

1715 4910 2033 4980 προφητῶν.
2068 4907 2170 4961 Ἰοῦ
2202 4907 2388 4980 ἐτέρου
2416 4908 2628 4978 γένους,
2651 4910 2766 4974 016;
2785 4909 3073 4981 Ναμεσοῆ,
3090 4910 3184 4983 ἐτη
3203 4912 3308 4983 κβ’.

1717 4990 1885 5061 Οὗτος
1911 4996 2088 5051 ἀνεῖλε
2122 4996 2183 5050 16
2206 4998 2360 5065 γένος
2397 4997 2603 5069 Ἀχαὰό
2632 4998 2876 5062 καὶτοὺς
2902 5001 3191 5071 προφήτας
3214 5000 3309 5056 106

1718 5085 1865 5142 Βάαλ
1910 5088 1966 5139 ἐν
1996 5086 2071 5157 τῷ
2111 5086 2448 5158 πτερνισμῷ,
2481 5089 2577 5142 καὶ
2606 5088 2709 5159 τὴν
2748 5076 2948 5160 στήλην
2983 5089 3147 5144 06106
3180 5108 3309 5145 συν-

1717 5173 1921 5244 έτριψε.
1965 5173 2073 5227 Kal
2104 5174 2161 5227 ἐν
2190 5173 2397 5238 τούτοις
2423 5178 2651 5247 ποιήσας
2678 5175 2739 5229 τὸ
2762 5175 2934 5240 εὑθές,
2967 5176 3091 5248 ἔσχε
3135 5178 3312 5248 ἐπαγ-

1715 5261 1923 5331 γελίαν,
1955 5262 2035 5315 ὅτι
2066 5262 2186 5315 Υἱοὶ
2220 5261 2467 5335 τέταρτοι
2510 5264 2824 5318 καθίσονταί
2869 5282 2951 5319 σοι
2977 5265 3068 5319 ἐπὶ
3095 5264 3309 5336 θρόνου.

1731 5350 1944 5421 Ἰοαχὰζ
1970 5351 2082 5416 016;
2113 5352 2277 5407 06106
2321 5354 2417 5425 ἐτη
2466 5355 2554 5418 ιζ’,
2589 5355 2684 5408 καὶ
2711 5352 2933 5424 ἐποίησε
2959 5352 3020 5407 16
3052 5352 3309 5425 πονηρὸν,

1717 5439 1811 5492 καὶ
1846 5438 2151 5511 ἐπολέμησε
2177 5442 2275 5513 τὴν
2303 5440 2676 5513 Ἰερουσαλὴμ,
2705 5442 2801 5496 καὶ
2827 5440 2982 5494 ἐλασε
3004 5441 3067 5495 16
3086 5441 3309 5515 χρυσίον

1717 5526 1813 5580 καὶ
1864 5526 1933 5579 τά
1971 5527 2160 5598 σκεύη.
2195 5528 2479 5601 Ἰεροσοὰμ
2529 5528 2644 5593 016;
2699 5527 2863 5582 06106
2908 5526 3003 5598 ἔτη
3057 5533 3169 5598 μα’,
3214 5528 3310 5582 καὶ

1720 5613 1944 5685 ἐποίησε
1992 5613 2051 5667 16
2091 5616 2346 5688 πονηρόν.
2379 5616 2655 5688 Ζαχαρίας
2684 5616 2799 5679 υἱὸς
2826 5612 2988 5667 αὑτοῦ
3024 5614 3199 5685 μῆνας
3231 5622 3308 5682 ς’,

1719 5702 1815 5756 καὶ
1839 5701 2063 5775 ἐποίησε
2091 5705 2152 5759 16
2184 5706 2592 5778 πονηρόν.Ἒως
2615 5704 2804 5758 τούτου
2826 5702 3082 5772 γεγόνασι
3105 5703 3199 5758 τοῦ
3218 5705 3311 5775 γέ·

1719 5806 1844 5854 νους
1881 5789 1984 5843 Ἰοῦ
2019 5791 2124 5845 0101
2157 5794 2423 5864 τέταρτοι.
2458 5792 2697 5863 Σελλοὺμ
2733 5790 2921 5863 ἐτέρου
2947 5790 3158 5860 γένους,
3195 5794 3310 5861 υίὸς
