3720 6274
40 310 137 364 557
1149 310 1473 369 SYNOPSlS
1509 306 1918 365 SCRIPTURE
1956 308 2227 368 SACBE.

35 449 139 491 tem
188 435 544 506 expugnavit,
576 447 762 488 aurum
791 439 846 487 et
886 444 1010 485 vasa
1056 428 1293 483 abstulit.
1342 425 1629 481 Jeroboam

36 528 177 582 linus
205 543 332 597 ejus
359 526 514 582 annis
531 526 622 590 41,
669 524 901 594 fecitque
929 521 1148 578 malum.
1181 516 1468 574 Zacharias
1494 516 1633 571 ﬁlius

36 634 151 687 ejus
180 619 467 674 mensibus
500 632 594 672 sex
612 660 628 685 ,
654 613 902 684 iecitque
925 612 1147 668 malum.
1174 610 1442 665 Hactenus
1465 622 1635 679 genus

36 711 169 767 Jchu
193 727 373 782 usque
392 710 459 766 ad
480 717 725 778 quartam
749 706 1150 779 generationem
1179 701 1408 758 duravit.
1432 698 1629 755 Selium

37 820 99 859 es
126 805 237 859 alia
269 798 614 873 stirpe,ﬁiius
627 799 958 869 Jabis,regua
970 798 1045 851 vit
1072 795 1188 850 dies
1217 793 1450 864 triginta,
1473 799 1528 845 et
1548 790 1629 845 i'e-

35 897 107 951 cit
126 895 284 966 ψιού
316 895 516 950 malum
552 900 686 947 erat.
733 892 979 945 Mauaem
1004 904 1071 943 ex
1097 886 1204 941 alio
1228 900 1455 956 genere,
1495 882 1635 937 ﬁlius

37 983 246 1054 (ἔκλεε,
277 1001 450 1042 annos
488 984 695 1055 viginti,
726 992 781 1037 et
805 981 930 1037 fecit
956 978 1096 1051 quod
1122 977 1322 1034 malum
1353 984 1487 1031 erat.
1522 974 1634 1028 litt-

35 1083 117 1150 jus
144 1089 400 1148 tempore
429 1077 814 1147 prephetarunt
859 1073 1023 1130 lsaias
1061 1080 1114 1127 et
1140 1070 1297 1126 Osee.
1334 1068 1542 1123 Phacee
1568 1066 1637 1121 de

38 1172 137 1226 alia
170 1173 371 1241 stirpe,
403 1170 541 1224 ﬁlius
564 1168 848 1231 Romeiiaa,
873 1179 1041 1219 annos
1082 1162 1289 1232 viginti.
1323 1161 1418 1215 llic
1443 1159 1638 1213 occidit

37 1261 357 1326 Pbakeiam,
388 1270 443 1315 et
481 1260 605 1315 fecit
649 1258 868 1312 malum.
901 1256 1011 1311 Sub
1059 1253 1161 1308 hoc
1202 1262 1355 1307 erant
1381 1251 1542 1305 l<aias
1584 1257 1639 1304 et

37 1352 174 1408 Osee
202 1351 504 1423 prophetae.
536 1349 675 1404 Osee
703 1347 892 1403 exalia
946 1346 1131 1413 stirpe,
1172 1343 1309 1396 ﬁlius
1352 1336 1498 1401 Eias,
1543 1354 1639 1392 an-

40 1461 132 1499 nos
160 1460 385 1499 novem.
406 1444 502 1498 ilic
516 1440 708 1496 occidit
736 1454 915 1509 regem
935 1437 1165 1498 Phacee,
1189 1444 1243 1489 et
1263 1433 1387 1488 fecit
1412 1431 1635 1485 malum:

39 1552 225 1592 verum
277 1552 387 1589 non
417 1536 555 1590 sicut
580 1532 895 1587 decessores
932 1528 1069 1598 ejus.
1110 1526 1249 1583 Osee
1280 1526 1497 1579 ultimus
1538 1522 1641 1578 fuit

39 1646 126 1685 rex
156 1629 447 1685 Samarite.
477 1628 532 1682 in
563 1625 708 1680 illum
736 1624 879 1679 enim
910 1622 1187 1677 desierunt
1215 1633 1390 1689 reges,
1420 1627 1472 1672 et
1512 1632 1637 1688 per-

40 1726 94 1780 iit
129 1724 407 1789 Samaria,
433 1735 590 1792 quam
623 1719 878 1786 deinceps
902 1714 1266 1770 inltabitarunt
1296 1709 1518 1782 Assyrii.
1557 1708 1640 1763 Ex

40 1820 230 1890 quibus
260 1817 369 1873 orti
401 1825 525 1872 sunt
555 1811 793 1868 hmretici
844 1810 1146 1867 Samaritae,
1171 1806 1261 1876 qui
1293 1812 1347 1861 et
1397 1802 1638 1858 Saducati

39 1922 322 1969 vocantur.
339 1910 396 1965 in
414 1909 527 1964 inec
543 1906 740 1963 desinit
761 1913 901 1959 totus
920 1916 1114 1969 scapus
1129 1898 1385 1953 librorum
1403 1895 1626 1965 Regum.

356 2056 781 2106 PARALIPOIIENA,
812 2051 966 2092 uuas
1013 2049 1201 2091 paruus
1229 2034 1327 2103 (a).

104 2181 520 2250 Paralipomena
545 2183 822 2239 vocantur,
848 2171 973 2241 quia
996 2168 1159 2225 multa
1181 2168 1232 2221 in
1261 2165 1413 2221 libris
1429 2165 1641 2236 Regno-

43 2290 161 2328 rum
215 2268 588 2342 praetermissa
617 2267 670 2322 in
700 2265 850 2320 hisce
896 2262 1046 2319 libris
1075 2260 1443 2316 continentur.
1475 2256 1642 2313 Habe-

39 2377 120 2420 tur
148 2372 341 2417 autem
366 2361 417 2414 in
437 2359 607 2430 primo
630 2359 731 2412 hoc
760 2355 898 2410 libro
924 2352 1162 2408 omnium
1186 2349 1416 2405 tribuum
1445 2360 1642 2418 genea-

41 2457 177 2527 logia
216 2454 295 2509 ab
339 2453 505 2508 Adam
539 2464 706 2519 usque
730 2448 797 2502 ad
829 2462 982 2517 reges
1026 2441 1322 2499 secundum
1372 2440 1542 2496 tribus
1585 2448 1643 2495 et

40 2549 271 2619 populos
299 2556 358 2601 et
390 2545 615 2599 familias
664 2552 718 2597 et
747 2541 958 2598 domos.
981 2538 1126 2606 Quos
1154 2551 1221 2591 ex
1250 2532 1450 2589 Levitis
1489 2531 1641 2587 insti-

44 2643 204 2697 tuerit
238 2638 413 2696 David
439 2638 504 2692 ad
530 2633 829 2691 canendum
860 2632 994 2696 Deo,
1016 2639 1072 2685 et
1096 2643 1231 2699 quos
1257 2623 1545 2681 instituerit
1570 2621 1640 2677 ad

39 2735 225 2806 templi
255 2748 447 2803 opera.
478 2731 598 2801 ipse
625 2741 855 2796 namque
877 2722 1025 2795 prior
1036 2719 1296 2791 templum
1311 2716 1532 2795 fundare
1560 2715 1640 2771 in.

38 2829 199 2898 cepit.
229 2826 354 2882 Alia
385 2837 598 2894 quoque
627 2818 926 2874 minutatim
956 2815 1025 2871 de
1067 2813 1288 2884 regibus
1313 2820 1369 2866 et
1409 2824 1637 2881 genera-

40 2919 278 2975 tionibus
300 2915 570 2971 edisserit.
605 2911 810 2979 Quibus
835 2908 937 2963 itoc
959 2902 1383 2975 subjungendum
1403 2909 1511 2968 est,
1539 2915 1639 2953 an-

40 3028 138 3067 nos
188 3021 384 3065 omnes
430 3018 619 3062 eorum
664 3002 756 3073 qui
806 3002 860 3057 in
918 2998 1217 3056 Jerusalem
1268 3002 1559 3066 regnarunt
1606 3005 1641 3049 ιι

47 3103 277 3168 Davide,
304 3112 426 3157 esse
452 3097 877 3169 quadringentos
906 3091 1237 3163 septuaginta
1266 3099 1511 3159 quatuor.
1526 3086 1639 3143 Re-

42 3214 132 3269 ges
158 3202 347 3253 autem
371 3205 562 3251 omnes
602 3192 814 3247 luerunt
855 3202 918 3242 ex
950 3200 1051 3240 una
1082 3184 1250 3254 stirpe
1291 3180 1505 3237 Davidis
1537 3197 1551 3235 :
1584 3185 1642 3234 et

42 3285 307 3363 quiquod
339 3296 544 3345 rectum
575 3292 693 3340 erat
722 3282 961 3338 fecerunt
988 3292 1181 3334 novem
1210 3284 1334 3329 sunt
1358 3292 1371 3328 :
1394 3273 1481 3343 qui
1509 3287 1642 3327 vero

43 3380 269 3445 malum,
303 3377 607 3441 duodecim,
643 3383 865 3444 excepta
894 3370 1165 3427 Gotholia.
1196 3368 1397 3423 Eorum
1434 3374 1639 3431 autem,

44 3474 206 3544 quiin
237 3472 485 3528 Samaria
525 3475 847 3540 regnarunt,
875 3475 1066 3521 omnes
1104 3462 1229 3517 anui
1272 3468 1398 3515 sunt
1424 3458 1639 3514 ducenti

43 3565 322 3635 sexaginta
365 3575 557 3616 novem
588 3570 641 3614 et
672 3559 883 3629 triginta
912 3557 1068 3611 dies:
1115 3553 1504 3621 duodecimque
1556 3565 1642 3605 re-

43 3671 135 3725 ges
164 3672 231 3710 ex
257 3664 383 3710 noto
410 3652 635 3707 diversis
655 3649 910 3720 stirpibus
949 3646 1161 3702 fuerunt
1191 3662 1207 3711 ;
1249 3660 1437 3701 omnes
1461 3651 1641 3699 autem

46 3748 294 3802 fecerunt
331 3745 553 3808 malum,
592 3741 885 3797 secundum
931 3746 1204 3809 peccatum
1240 3735 1566 3793 Jerobeami.

355 3894 785 3943 PARALIPOMENA,
842 3891 995 3930 LIBER
1034 3887 1316 3962 S’ECUNDUS.

112 4020 175 4075 in
204 4016 448 4074 secundo
471 4015 609 4070 libro
640 4012 1085 4082 Paralipomenon
1114 4018 1461 4065 recensentur
1492 4014 1644 4076 gesta

44 4129 254 4184 regum.
303 4110 405 4178 Qui
459 4119 638 4163 autem
706 4106 795 4162 illa
863 4103 1301 4173 descripserunt,
1369 4098 1643 4169 propheta:

47 4208 119 4262 illi
148 4206 372 4261 luerunt
395 4201 483 4270 qui
525 4199 751 4255 diversis
781 4195 931 4252 luere
960 4193 1309 4263 temporibus.
1352 4191 1422 4248 Ut
1465 4199 1643 4246 autem

46 4295 355 4367 singulatim
383 4292 584 4349 sciatur
604 4290 818 4360 quinam
849 4288 963 4342 hrec
992 4285 1324 4355 scripserint,
1346 4282 1641 4338 observan-

47 4392 181 4444 dum
209 4395 296 4442 est
338 4384 426 4439 hic
458 4393 606 4454 gesta
655 4379 839 4436 haberi
887 4377 1129 4434 omnium
1173 4391 1358 4445 regum
1388 4373 1547 4429 lsrael
1588 4380 1645 4428 et

47 4482 224 4545 Juda;
256 4494 320 4533 ea
339 4477 541 4532 scilicet
559 4490 677 4545 qum
699 4473 1059 4543 praetermissa
1085 4476 1209 4525 sunt
1229 4468 1280 4523 in
1311 4466 1530 4523 historia
1557 4480 1645 4520 re-

50 4590 195 4643 gum.
226 4572 333 4642 Qui
371 4584 533 4640 porro
575 4568 755 4622 omnia
796 4566 1035 4635 ipsorum
1070 4570 1220 4633 gesta
1247 4560 1646 4631 descripserunt

56 4666 104 4718 lii
132 4672 266 4720 sunt
296 4680 310 4717 :
340 4659 554 4716 Davidis
585 4664 734 4729 gesta
776 4655 1108 4724 scripserunt
1152 4650 1368 4707 Samuel
1391 4691 1407 4717 ,
1435 4649 1645 4707 Nathan

49 4767 101 4812 et
130 4755 247 4812 Gad
270 4751 547 4824 propheta:
576 4767 589 4803 :
622 4748 948 4809 Salomonis,
974 4744 1177 4800 Nathan
1204 4753 1257 4798 et
1300 4740 1500 4797 Achias
1516 4756 1644 4812 pro-

52 4849 233 4917 phetae
262 4864 279 4900 :
303 4844 630 4907 Jeroboatni,
656 4841 878 4897 Semeas
896 4848 950 4893 et
967 4837 1118 4891 Addo
1140 4834 1411 4905 propheta:
1433 4848 1447 4885 :
1474 4832 1644 4900 Abite,

52 4938 213 4996 Addo
258 4934 539 5007 pmphela.
584 4938 703 4987 Asse
730 4942 877 5003 gesta
909 4930 1173 4983 habentur
1200 4927 1251 4980 in
1280 4919 1416 4980 libro
1444 4939 1650 4980 sermo-

54 5049 184 5088 num
230 5030 303 5085 de
344 5026 559 5097 regibus
595 5023 733 5079 Juda
769 5041 782 5077 :
827 5019 1099 5090 Josapliati
1133 5060 1147 5085 ,
1197 5014 1334 5072 Jebu
1358 5017 1642 5089 propheta,

52 5128 196 5180 ﬁlius
241 5124 482 5183 Aname,
530 5118 620 5188 qui
649 5115 863 5184 scripsit
900 5113 1088 5167 librum
1116 5122 1423 5165 sermonum
1465 5121 1647 5177 regunt

52 5214 237 5271 israel.
270 5211 402 5280 Quae
447 5209 576 5265 Joas
619 5206 821 5278 gessit,
852 5205 1016 5259 relata
1064 5208 1191 5256 sunt
1235 5199 1287 5254 in
1331 5198 1648 5268 scripturam

54 5311 392 5379 Regnorum.
423 5302 555 5371 Qua:
598 5299 862 5363 Amasias,
911 5296 962 5349 in
993 5294 1185 5350 librum
1218 5305 1401 5361 regum
1435 5288 1566 5344 Juda
1596 5294 1652 5342 ct

51 5401 242 5459 israel.
276 5398 407 5467 Qua:
425 5395 602 5459 Ozias,
620 5392 834 5462 scripsit
860 5389 1022 5445 lsaias
1049 5384 1329 5458 propheta.
1373 5383 1502 5452 Quae
1527 5381 1652 5437 Joa-

54 5497 228 5560 tham,
262 5492 318 5548 in
346 5490 485 5545 libro
510 5501 693 5557 regum
725 5483 859 5540 Juda
896 5489 950 5536 et
976 5478 1158 5536 israel.
1187 5476 1318 5545 Qua:
1354 5474 1558 5542 Achaz,
1597 5472 1652 5530 in

54 5699 649 5795 σιέῗὲεἵῖιιαιῗέξῖαἲιᾚῖί
664 5699 730 5795 ἐξ
736 5699 891 5795 ius}:
902 5699 993 5795 ina‘
1009 5699 1024 5777 ζ
1038 5699 1158 5779 Eua:
1171 5699 1429 5764 stuariam
1458 5710 1655 5760 ηοηιιηο

54 5783 330 5859 conparet,
354 5788 446 5841 sed
463 5788 667 5838 brevius
680 5783 942 5834 recensita.

3225 314 3292 369 διε
3299 315 3349 367 ει.

1743 423 1878 480 libro
1906 440 2088 496 regmn
2108 427 2242 483 Juda
2261 437 2313 483 et
2336 427 2517 484 Israel.
2546 427 2678 498 Quae
2699 426 2971 493 Ezechias,
3007 428 3168 486 lsaias
3188 430 3331 487 ﬁlius

1738 517 1904 573 Amos
1930 519 2209 589 pr0plieta.
2239 518 2369 587 Quae
2411 521 2682 577 Manasses
2700 562 2717 589 ,
2766 520 2819 576 in
2848 521 2985 575 libro
3011 520 3325 578 videntium.

1737 611 1868 678 Quae
1894 612 2083 677 Josias,
2101 610 2168 665 in.
2183 612 2321 668 libro
2355 629 2537 685 regum
2563 613 2697 670 Juda
2726 624 2780 670 et
2805 613 2989 670 israel.
3022 616 3150 681 Qua:
3195 615 3324 671 Joa-

1739 702 1903 773 chim,
1938 703 1988 756 in
2020 702 2158 756 libro
2185 719 2368 774 regum
2394 703 2529 760 Juda
2560 715 2614 761 et
2641 704 2822 760 israel.
2853 706 2978 761 Haec
3019 706 3094 759 sic
3142 706 3323 777 dispo-

1739 793 1837 849 sita
1884 794 2226 849 inveniuntur
2253 796 2306 850 in
2338 796 2754 867 Paralipomenis
2795 812 3001 871 regum.

2143 947 2369 999 ESDRAS,
2415 948 2569 988 suum
2597 948 2785 989 rutilus
2814 932 2914 1005 (a).

1814 1067 2011 1123 Esdras
2037 1077 2256 1122 vocatur
2283 1069 2368 1124 hic
2390 1069 2542 1137 liber,
2574 1056 2839 1138 quia'ipse
2869 1070 3065 1125 Esdras
3079 1072 3331 1127 sacerdos

1741 1176 1859 1214 cum
1883 1171 2026 1215 esset
2050 1170 2103 1215 et
2127 1161 2315 1226 lector,
2338 1172 2553 1217 enarrat
2578 1178 2640 1218 ac
2655 1163 2907 1219 describit
2934 1164 3161 1219 reditum
3193 1166 3328 1223 ﬁliov

1742 1268 1857 1306 rum
1889 1251 2051 1307 lsraei
2077 1268 2140 1306 ex
2170 1252 2389 1308 Perside
2419 1254 2469 1307 in
2503 1253 2820 1310 Jerusalem.
2860 1255 2979 1310 Fuit
3002 1266 3179 1313 autem
3213 1264 3339 1313 red-7

1744 1343 1851 1399 itus
1880 1346 2050 1414 primo
2081 1345 2291 1414 quidem
2318 1361 2384 1399 es-
2407 1346 2559 1415 jussu
2608 1346 2727 1418 Cyri
2759 1357 2813 1403 et
2863 1348 3014 1403 Darii
3048 1365 3238 1420 regum
3281 1351 3327 1406 iu

1743 1452 1902 1491 manu
1942 1437 2068 1493 Jesu
2110 1438 2200 1492 ﬁlii
2230 1437 2456 1493 Josedec
2483 1449 2536 1493 et
2564 1439 2750 1493 Esdra:
2771 1448 2930 1509 atque
2958 1439 3326 1510 Zorobabelis,

1743 1532 1833 1601 qui
1875 1532 2017 1586 circa
2041 1533 2386 1600 qmestionem
2432 1532 2715 1601 quamdam
2746 1532 3163 1601 contendebant,
3194 1533 3351 1591 facta»

1744 1625 2098 1694 promissione
2122 1666 2138 1689 ,
2188 1633 2246 1679 ut
2270 1625 2359 1696 qui
2406 1626 2640 1680 vinceret
2677 1641 2707 1679 a
2738 1641 2863 1697 rege
2887 1625 3159 1697 quidquitf»
3174 1627 3347 1683 veilet‘

1747 1725 1974 1784 peteret.
2004 1715 2139 1770 Cum
2185 1732 2321 1771 unus
2354 1732 2481 1787 ergo
2501 1716 2724 1773 dixisset
2751 1716 2941 1772 fortius
2966 1733 3084 1773 esse
3113 1718 3293 1774 vinum
3313 1737 3343 1785 ;'

1743 1806 1877 1862 alter
1903 1806 2173 1862 fortiorem
2201 1822 2324 1862 esse
2350 1823 2553 1878 regem,
2586 1807 2882 1863 Zorobabel
2908 1808 3184 1864 contendit
3223 1810 3332 1863 lor-

1743 1897 1905 1954 tiores
1925 1913 2049 1955 esse
2076 1899 2350 1963 mulieres,
2374 1899 2759 1968 veritatemque
2778 1915 2939 1969 super
2954 1900 3130 1955 omnia
3147 1902 3334 1957 excel-

1744 1989 1874 2047 lere.
1897 1991 2023 2046 iltcc
2040 1991 2160 2060 quia
2184 1992 2432 2061 loquutus
2453 1989 2768 2056 Zorobabel,
2796 1992 2966 2046 victor
2983 1993 3150 2047 evasit
3172 2011 3187 2048 ε
3209 2009 3335 2049 cum

1737 2081 1919 2152 jussus
1946 2091 2091 2137 esset
2120 2091 2300 2151 petere
2328 2082 2471 2152 quod
2522 2082 2703 2148 vellet,
2756 2083 2904 2151 petiit
2953 2091 3009 2138 nt
3048 2086 3335 2154 captivitas

1742 2176 2059 2241 solveretur,
2083 2184 2140 2231 et
2163 2175 2460 2232 Jerusalem
2510 2174 2888 2231 aediﬁcaretur.
2933 2176 3108 2246 Atque
3152 2177 3224 2232 ita
3276 2186 3336 2233 ut

1744 2267 1898 2337 petiit
1945 2266 2145 2322 factum
2193 2275 2295 2333 est,
2327 2266 2654 2336 dimissaque
2703 2275 2786 2321 est
2833 2267 3131 2337 captivitas.
3179 2267 3333 2324 Tunc

1742 2359 1884 2414 enim
1914 2359 2171 2429 temporis
2190 2358 2462 2426 atlimpleti
2487 2366 2639 2412 erant
2660 2358 2993 2429 septuaginta
3018 2359 3111 2413 ira!
3137 2361 3263 2415 anni
3291 2361 3335 2415 ί.

1743 2449 1880 2507 Sunt
1908 2450 2084 2519 itaque
2102 2449 2177 2504 illi
2195 2449 2371 2520 quide
2398 2448 2706 2519 captivitate
2732 2449 3085 2505 ascenderunt
3114 2448 3180 2504 de
3196 2449 3331 2506 Juda

1741 2550 1796 2599 et
1835 2540 2135 2611 Benjamin,
2184 2556 2247 2595 ac
2297 2540 2517 2606 Leviter,
2571 2553 2796 2594 numero
2825 2539 3171 2610 quadraginta
3226 2539 3332 2595 duo

1743 2633 1933 2696 millia,
1965 2632 2086 2701 equi
2120 2632 2342 2687 trecenti
2390 2630 2627 2701 triginta,
2678 2630 2808 2685 muli
2852 2629 3065 2684 ducenti
3108 2630 3308 2700 quadra

1741 2726 1886 2798 ginta
1912 2726 2165 2796 quinque,
2191 2724 2381 2780 cameli
2407 2723 2774 2793 quadringenti
2805 2722 3017 2792 triginta
3055 2724 3289 2793 quinque
3318 2766 3333 2787 ,

1741 2820 1880 2876 servi
1912 2834 2095 2874 eorum
2121 2827 2177 2873 et
2204 2817 2413 2872 ancillae
2439 2824 2645 2885 septem
2673 2815 2836 2869 millia
2872 2815 3092 2868 trecenti
3123 2814 3341 2884 triginta.

1741 2921 1988 2984 quatuor,
2020 2920 2269 2967 cantores
2291 2908 2526 2969 ducenti,
2556 2907 2690 2962 asini
2716 2922 2812 2962 sex
2839 2906 2982 2961 mille
3008 2907 3329 2975 septingenti

1740 3012 1795 3060 et
1820 3002 2023 3073 viginti.
2049 3000 2147 3069 Qui
2175 2999 2511 3055 a‘diﬁeabant
2543 3006 2722 3053 autem
2759 3006 2913 3053 erant
2951 2995 3249 3051 Zorobabci
3279 3005 3339 3051 et

1738 3094 1897 3153 Jesus
1928 3095 2068 3148 ﬁlius
2092 3093 2316 3149 Josedcc
2338 3102 2391 3147 et
2416 3090 2682 3149 Neemias.
2712 3088 2912 3145 Esdras
2937 3103 3066 3143 vero
3091 3103 3215 3143 cum
3243 3103 3332 3143 es.

1740 3197 1823 3244 set
1850 3188 1901 3243 in
1929 3187 2044 3257 iege
2073 3185 2298 3255 peritus,
2323 3184 2494 3253 legem
2516 3180 2734 3252 protulit
2757 3188 2914 3249 atque
2940 3178 3099 3250 legit,
3129 3179 3333 3235 consti-

1742 3279 1948 3350 tuitque
1972 3286 2163 3333 cuneta
2193 3276 2259 3330 ad
2289 3275 2547 3344 templum
2573 3282 2628 3329 et
2653 3273 2719 3327 ad
2748 3271 2962 3327 Levitas
2989 3271 3329 3340 pertinentia.

1740 3371 1859 3441 Ipse
1888 3371 2059 3440 legem
2079 3366 2311 3424 ostendit
2332 3383 2347 3433 ;
2373 3366 2583 3421 curavit
2600 3364 2930 3434 alienigenas
2950 3375 3145 3417 uxores
3168 3360 3337 3429 abjici

1740 3464 1808 3518 ab
1836 3463 1920 3524 iis,
1950 3462 2037 3533 qui
2068 3476 2160 3517 eas
2189 3469 2431 3529 tempore
2451 3454 2773 3526 captivitatis
2794 3453 3077 3509 duxerant.
3103 3450 3335 3521 Abjece-

1742 3564 1867 3611 rnnt
1889 3565 2067 3611 autem
2093 3567 2304 3614 omnes,
2333 3560 2387 3606 et
2414 3548 2651 3605 inundati
2679 3555 2824 3611 sunt,
2846 3555 2900 3602 et
2927 3544 3214 3601 celebravit
3236 3559 3332 3614 pa~

1741 3650 1892 3711 scha.
1919 3647 2215 3705 secundum
2246 3645 2439 3714 legem,
2470 3650 2531 3698 ut
2551 3643 2811 3710 scriptum
2835 3647 2939 3703 est,
2962 3653 3167 3695 necnon
3186 3636 3336 3708 jeju-

1744 3742 1916 3807 nium,
1941 3750 1995 3797 et
2021 3741 2099 3795 sic
2128 3738 2422 3793 absolvitur
2453 3735 2656 3805 primus
2685 3731 2884 3787 Esdras
2911 3730 3065 3785 liber.

2173 3884 2440 3927 SECUNDUS
2493 3883 2645 3924 LIBER
2682 3880 2885 3921 εειιιιλι.

1818 4010 1874 4066 1η
1904 4008 2004 4062 hoc
2032 4007 2168 4063 libro
2201 4004 2389 4061 eadem
2412 4003 2524 4073 ipsa
2553 4016 2672 4072 qua:
2698 3999 2749 4054 in
2778 3999 2949 4068 primo
2979 3997 3105 4053 dicit
3139 3996 3334 4053 Esdras

1746 4100 1814 4157 de
1836 4100 2030 4162 reditu,
2078 4097 2143 4151 iis
2171 4094 2430 4164 exceptis,
2457 4108 2576 4162 qua:
2603 4089 2991 4162 problematum
3024 4102 3171 4142 more
3193 4086 3333 4145 dicta

1749 4190 1979 4247 fuerant.
2013 4187 2168 4261 Plura
2194 4200 2320 4240 vero
2346 4184 2413 4239 de
2442 4181 2658 4239 Neemia
2685 4180 2932 4235 eunucho
2962 4187 3162 4243 narrat,
3194 4178 3337 4248 quod

1747 4282 1864 4353 ipse
1908 4278 2088 4350 templi
2115 4276 2525 4332 :ediﬁcationem
2566 4272 2807 4344 petierit;
2849 4281 2903 4326 et
2931 4269 3199 4341 quomodo
3239 4269 3336 4325 Es.

1746 4374 1873 4430 dras
1887 4371 2099 4442 quidem
2126 4371 2349 4440 legeret,
2381 4367 2536 4423 Jesus
2553 4381 2680 4421 vero
2704 4373 2760 4419 et
2784 4364 2990 4419 Baneas
3010 4371 3063 4416 et
3088 4363 3215 4417 Sara
3225 4361 3339 4418 bias

1750 4466 2001 4539 populum
2032 4461 2326 4519 erudirent.
2359 4460 2423 4514 Et
2446 4457 2643 4514 Esdras
2671 4455 2885 4526 quidem
2932 4454 3118 4524 legens
3142 4451 3337 4507 distiu-

1748 4560 1826 4615 xit
1850 4559 1901 4613 in
1933 4555 2153 4612 scientia
2192 4551 2403 4608 Domini
2435 4569 2449 4607 :
2484 4549 2711 4624 populus
2740 4558 2916 4603 autem
2950 4546 3213 4603 intellexit
3257 4547 3338 4600 ie-

1749 4652 2006 4713 ctionem,
2033 4656 2089 4704 et
2115 4644 2408 4702 celebravit
2437 4641 2727 4711 pascha,et
2747 4639 2979 4709 septimo
2999 4652 3184 4693 mense
3215 4636 3343 4693 fecit

1746 4742 2006 4816 jejunium
2037 4747 2089 4795 et
2110 4734 2505 4806 scenopegiam,
2524 4742 2582 4785 ut
2604 4730 2859 4799 scriptum
2888 4738 2971 4782 est
3000 4744 3015 4781 :
3046 4725 3167 4781 Non
3203 4729 3338 4798 fece-

1751 4844 1870 4889 runt
1903 4832 1972 4887 ad
1998 4832 2131 4885 [tunc
2157 4829 2364 4883 modum
2389 4844 2421 4879 a
2440 4825 2617 4880 diebus
2639 4821 2766 4876 Jesu
2782 4820 2879 4891 filii
2906 4818 3052 4874 Nave
3072 4818 3149 4890 (2.
3181 4818 3341 4873 Esdr.

1753 4926 1808 4982 8.
1837 4925 1899 4979 l7
1922 4923 1962 4994 ).
1983 4921 2184 4977 Esdras
2203 4934 2333 4974 vero
2350 4931 2473 4973 cum
2499 4915 2721 4970 vidisset
2739 4913 2951 4968 Azotias
2968 4912 3218 4967 mulieres
3243 4910 3344 4966 ile-

1753 5014 1916 5072 brzeis
1936 5012 2187 5083 conjugio
2211 5008 2447 5081 junctas,
2478 5005 2728 5061 omnibus
2750 5004 3016 5075 persuasit
3044 5014 3098 5057 ut
3120 5001 3344 5071 promit-

1754 5115 1929 5165 terent
1957 5118 2017 5160 se
2042 5104 2210 5173 legem
2244 5100 2339 5156 Dei
2369 5107 2697 5155 servaturos.
2717 5095 2783 5151 Et
2809 5094 2965 5165 cjecit
3006 5093 3124 5148 illas
3151 5092 3343 5148 mulie-

1755 5215 1880 5266 res,
1915 5207 2185 5266 tamquam
2235 5191 2576 5263 illegitimas,
2604 5198 2661 5245 et
2708 5188 2960 5259 jurarunt
3002 5184 3233 5241 universi
3281 5198 3344 5244 se

1757 5293 1932 5363 legem
1958 5297 2287 5346 servaturos.
2335 5286 2510 5355 Atque
2540 5282 2612 5337 ita
2643 5276 2955 5336 sanctiﬁcat]
2995 5288 3051 5332 ct
3079 5275 3338 5347 mandati,

1755 5381 1918 5441 laetati
1954 5388 2100 5445 sunt,
2143 5386 2200 5434 et
2243 5376 2487 5432 abierunt
2560 5370 2751 5443 singuli
2797 5371 2850 5426 in
2904 5371 3121 5424 domum
3166 5382 3340 5426 suam.

1821 5522 1839 5588 ξ
1864 5517 2032 5588 altera
2053 5514 2292 5588 moesia

1821 5522 1836 5553 ¹
1864 5517 2032 5569 Altera
2053 5514 2292 5588 Synopsls,
2309 5510 2564 5588 mugiuit:
2584 5507 2678 5561 ira:
2698 5504 2835 5567 armi;
2850 5503 3002 5580 male.
3311 5568 3321 5578 ι

1819 5583 1895 5653 (αι
1916 5581 2044 5653 uuis.
2068 5585 2274 5653 ειυορει.
2304 5576 2457 5653 rem:
2477 5572 2603 5653 teri.
2618 5565 3006 5653 aut:
3014 5572 3092 5653 2?:

1617 5638 1655 5697 i-
1759 5627 2124 5714 ejusdeuilibri',
2140 5627 2393 5714 admittier
2409 5649 2566 5714 spera
2574 5632 2821 5714 Athanasii
2847 5629 3109 5714 [egeriturE
3127 5627 3209 5714 (iui
3231 5639 3350 5714 vero

1758 5689 2124 5772 assumta
2140 5689 2269 5752 liber
2290 5700 2373 5772 hic
2392 5689 2584 5772 dicitur,
2610 5702 2687 5745 est
2707 5689 2978 5772 involgata
2996 5689 3190 5748 tertius,
3216 5694 3267 5738 et
3296 5689 3354 5741 ad

1762 5757 1949 5823 calcem
1968 5764 2225 5816 Bibiiorum
2248 5764 2433 5827 positus
2457 5767 2596 5812 extra
2611 5757 2883 5809 canonicos.
