3720 6274
372 302 479 363 559

370 420 627 479 Narratur
652 426 829 473 autem
859 428 912 473 et
942 417 1043 473 hoc
1070 420 1138 474 de
1166 418 1358 487 Esdra,
1387 417 1527 489 quod
1554 433 1676 473 cum
1706 416 1826 471 libri
1856 429 1952 485 per

294 526 297 529 ‘
371 514 630 570 incuriam
652 511 829 583 populi
851 521 903 567 et
932 511 1235 568 diuturnam
1261 513 1617 582 captivitatem
1648 511 1948 581 periissent,

369 607 485 679 ipse
509 608 649 674 iilos,
681 620 801 661 cum
828 605 910 661 vir
934 614 1078 662 esset
1099 606 1310 662 honesti
1340 606 1631 671 studiosus,
1661 604 1955 659 industrius

368 709 424 756 et
450 699 622 755 lector
641 741 656 766 ,
680 698 819 770 apud
863 714 923 754 se
968 700 1145 753 omnia
1173 698 1517 762 custodierit,
1546 712 1609 751 ac
1640 696 1952 766 protulerit,

370 805 434 846 ac
460 806 674 847 rursum
702 788 952 855 ediderit,
984 798 1141 859 atque
1167 790 1244 843 sic
1273 789 1437 843 libros
1463 787 1773 843 servaverit.

951 899 1105 938 ιωεῑι
1142 898 1366 937 ΕΞΪΗΕΒ.

445 974 541 1033 llic
566 977 701 1036 liber
728 976 925 1031 Esther
949 986 1184 1039 vocatur,
1217 975 1338 1044 quia
1377 988 1474 1044 per
1502 972 1778 1027 Estheram
1817 972 1957 1027 Deus

370 1084 495 1125 mox
527 1068 761 1123 funditus
787 1068 1051 1139 perituros
1078 1067 1291 1123 Judzcos
1318 1066 1567 1131 servavit,
1607 1065 1774 1119 Aman
1806 1079 1953 1129 vero,

370 1159 461 1229 qui
512 1158 731 1214 insidias
785 1157 1222 1220 machinabatur,
1284 1156 1566 1226 percussit.
1634 1156 1958 1209 Artaxerxes

371 1249 513 1305 cnim
542 1264 636 1305 rex
664 1248 968 1312 Persarum,
996 1247 1267 1317 repudiata
1294 1262 1459 1301 uxore
1484 1261 1599 1311 sua,
1622 1246 1776 1300 aliam
1802 1246 1853 1298 in
1873 1261 1958 1299 re-

370 1356 477 1412 gno
501 1355 619 1406 suo,
650 1356 770 1411 qua:
798 1340 1032 1397 omnium
1076 1349 1217 1395 esset
1259 1338 1611 1409 pulcherrima
1661 1344 1715 1392 et
1762 1336 1961 1391 formo-

371 1433 604 1499 sissima,
635 1432 736 1487 sibi
760 1431 1008 1501 quassivit
1038 1445 1288 1495 uxorem;
1319 1438 1369 1485 et
1401 1429 1614 1484 inventa
1635 1436 1716 1483 est
1741 1428 1955 1492 Esther,

371 1526 589 1582 natione
610 1523 818 1580 Iudaea.
844 1523 921 1577 Illi
942 1531 1198 1593 cognatus
1222 1531 1337 1577 erat
1357 1522 1572 1577 nomine
1595 1518 1960 1575 Mardochzeus

373 1632 436 1673 ex
470 1616 773 1685 captivitate
798 1628 917 1685 quae.
945 1612 1045 1668 sub
1073 1612 1292 1668 Sedecia
1318 1612 1455 1667 facta
1484 1610 1657 1667 fuerat
1688 1612 1742 1666 in
1771 1611 1959 1666 eadem

373 1707 610 1776 regione.
634 1705 744 1759 Rex
761 1704 939 1775 itaque
964 1718 1083 1759 cum
1113 1703 1390 1760 extulisset
1414 1717 1630 1758 suorum
1653 1701 1957 1772 quemdam,

373 1800 638 1853 Amanum
668 1796 901 1862 nomine,
930 1796 1161 1865 iusserat
1193 1795 1340 1849 illum
1367 1794 1435 1847 ab
1455 1793 1701 1849 omnibus
1725 1793 1957 1848 adorari.

374 1888 483 1945 Sed
523 1905 642 1943 cum
684 1887 1051 1943 Mardochaans
1095 1888 1351 1958 religione
1389 1901 1512 1955 erga
1555 1885 1719 1941 Deum
1760 1893 1958 1953 motus,

373 1979 645 2036 hominem
673 1994 776 2035 non
805 1978 1067 2043 adoraret,
1090 1994 1202 2033 rem
1232 1978 1445 2048 indigne
1466 1979 1583 2032 tulit
1602 1979 1792 2043 Aman,
1814 1993 1963 2032 cum-

375 2087 481 2143 que
518 2071 790 2127 didicisset
840 2071 1012 2140 ipsum
1049 2085 1170 2125 esse
1210 2069 1451 2125 Judaeum
1476 2111 1490 2135 ,
1541 2070 1650 2140 regi
1684 2068 1961 2123 Artaxerxi

374 2161 660 2231 persuadet
689 2170 748 2217 ut
789 2162 989 2232 scripto
1029 2160 1211 2230 jubeat
1256 2161 1534 2216 universos
1579 2160 1633 2215 in
1673 2174 1836 2230 regno
1864 2175 1963 2214 suo

375 2253 590 2310 Iudaeos
614 2270 722 2308 uno
746 2252 833 2309 die
861 2253 1059 2307 mensis
1076 2253 1375 2307 duodecimi
1408 2253 1615 2322 penitus
1640 2261 1692 2307 et
1724 2251 1963 2307 funditus

378 2345 566 2400 deleri.
598 2344 677 2399 Re
701 2352 975 2414 comperta
1000 2342 1384 2411 Mardochzeus,
1424 2344 1555 2398 luxit
1591 2352 1645 2399 et
1679 2343 1960 2414 jejunavit,

375 2444 534 2506 atque
558 2435 799 2492 Esthera:
826 2436 971 2492 misit
1008 2450 1202 2507 rogans
1229 2452 1384 2507 opem
1422 2438 1602 2493 ferret.
1643 2438 1839 2494 Esther
1868 2440 1967 2494 ita-

374 2543 485 2599 que
503 2528 789 2598 prmmissis
811 2528 1014 2599 jejunio
1041 2538 1097 2584 et
1119 2530 1512 2600 precationibus
1535 2530 1602 2585 ad
1633 2531 1818 2599 Deum,
1842 2548 1962 2586 mu-

376 2619 532 2674 liebri
555 2634 614 2675 se
640 2619 837 2674 mundo
859 2619 1064 2674 ornavit
1089 2638 1102 2675 :
1136 2635 1235 2676 nec
1258 2628 1440 2675 vocata
1463 2621 1657 2691 (neque
1680 2622 1822 2677 enim
1848 2631 1965 2677 erat

374 2710 576 2764 licitum
607 2723 712 2764 non
739 2710 938 2764 vocatis
964 2709 1114 2765 adire
1142 2710 1370 2780 regem),
1396 2719 1628 2765 attamen
1657 2712 1871 2767 intravit
1894 2712 1960 2768 ad

375 2816 578 2872 regem,
611 2816 715 2856 non
746 2812 1050 2871 exspectata
1096 2803 1350 2871 temporis
1386 2805 1800 2872 opportunitate,
1839 2820 1961 2874 spe-

376 2908 502 2947 rans
540 2892 898 2963 precationem
937 2894 1349 2963 opportunitatis
1386 2894 1503 2949 loco
1544 2895 1795 2951 futuram.
1831 2896 1961 2951 Cum

375 2995 552 3043 autem
584 2983 677 3042 rex
706 2986 1039 3041 insolentiam
1080 2986 1204 3042 facti
1234 2988 1535 3052 miraretur,
1568 2988 1654 3042 illa
1684 2988 1736 3043 in
1767 2997 1960 3044 terram

374 3093 488 3149 pne
521 3086 665 3134 metu
691 3078 925 3149 collapsa
953 3088 1053 3135 est.
1086 3079 1155 3134 At
1192 3081 1334 3150 regis
1379 3081 1707 3137 iracundiam
1742 3083 1880 3139 Deus
1910 3084 1962 3138 in

374 3183 590 3224 suavem
620 3168 867 3225 alfectum
909 3178 966 3226 et
1002 3170 1461 3227 mansuetudinem
1506 3173 1752 3239 mutavit,
1794 3174 1865 3229 ita
1904 3184 1961 3229 ut

371 3275 601 3332 surgens
619 3270 937 3331 prostratam
975 3261 1118 3316 illam
1146 3263 1394 3331 erigeret,
1428 3272 1483 3318 et
1522 3274 1721 3320 metum
1762 3280 1964 3335 ponere

374 3350 698 3418 hortaretur,
731 3352 838 3406 imo
856 3352 1127 3422 optionem
1157 3352 1308 3408 daret
1333 3354 1543 3423 petendi
1574 3355 1826 3426 quidquid
1854 3358 1966 3413 vel-

374 3442 471 3498 let.
503 3441 593 3497 Illa
624 3450 683 3497 ut
709 3458 802 3497 rex
830 3459 950 3498 cum
986 3446 1192 3497 Amano
1227 3444 1293 3498 ad
1337 3446 1635 3500 convivium
1669 3462 1824 3502 suum
1867 3463 1963 3503 ve-

375 3532 495 3587 nire
525 3530 855 3602 dignaretur,
894 3546 1000 3588 non
1024 3534 1212 3599 semel,
1243 3534 1339 3590 sed
1374 3538 1608 3592 secundo
1632 3553 1844 3609 quoque
1872 3556 1965 3611 pe-

376 3623 479 3677 tiit.
511 3623 679 3677 Aman
704 3639 812 3693 pra:
828 3623 1019 3694 gaudio
1039 3624 1242 3681 effusus
1261 3641 1323 3681 ac
1339 3628 1591 3697 gestiens,
1615 3630 1754 3700 quod
1770 3630 1963 3702 dignus

376 3716 665 3774 haberetur
698 3733 727 3771 a
758 3719 939 3788 regina
974 3719 1186 3785 vocari,
1229 3719 1403 3776 adhuc
1442 3721 1671 3791 amplius
1707 3723 1965 3780 adversus

375 3810 771 3867 Mardocbaeum
797 3810 1101 3883 erigebatur
1129 3829 1143 3865 :
1174 3812 1484 3884 curavitque
1509 3814 1709 3884 lignum
1735 3815 1964 3872 sublime

374 3903 570 3970 excidi,
598 3905 785 3960 volens
810 3905 863 3960 in
902 3919 967 3959 eo
1004 3914 1261 3976 sequente
1284 3905 1372 3962 die
1400 3906 1726 3977 suspendere
1750 3908 1962 3965 Mardo-

376 3995 608 4052 chzeum.
640 3995 752 4053 Rex
780 4011 910 4053 vero
941 3996 1078 4052 bona
1105 3996 1334 4068 quadam
1368 3998 1724 4068 providentia,
1751 4008 1960 4056 noctem

374 4088 519 4146 illam
545 4087 696 4144 duxit
722 4090 1042 4153 insomnem,
1075 4099 1127 4145 et
1151 4105 1273 4145 cum
1300 4089 1534 4146 dormire
1562 4084 1825 4163 nequiret,
1842 4093 1960 4163 jus-

367 4178 446 4236 sit
468 4178 568 4235 sibi
595 4180 1009 4236 commentarios
1050 4189 1289 4237 actorum
1319 4195 1535 4237 suorum
1574 4183 1690 4255 legi.
1723 4184 1963 4256 Cumque

377 4269 705 4340 legerentur,
735 4280 951 4326 ventum
980 4280 1063 4326 est
1090 4271 1156 4327 ad
1183 4288 1303 4328 eum
1343 4273 1541 4342 locum,
1572 4276 1624 4329 in
1669 4291 1776 4345 quo
1832 4278 1966 4334 seri-

375 4366 522 4428 ptum
543 4370 658 4415 erat
674 4360 988 4416 beneﬁcium
1012 4362 1169 4432 regia
1190 4362 1521 4419 Mardochieo
1531 4366 1800 4422 collatum.
1820 4368 1961 4425 Duos

374 4449 520 4505 enim
544 4449 816 4505 eunuchos
864 4452 975 4522 regi
1020 4452 1370 4519 insidiantes,
1416 4457 1527 4525 regi
1571 4458 1879 4525 prodiderat
1907 4468 1962 4514 et

374 4539 703 4597 convicerat.
730 4539 826 4595 Hic
854 4555 951 4595 rex
988 4540 1059 4595 ob
1087 4541 1405 4598 Mardochaei
1431 4544 1664 4600 ofﬁcium
1692 4557 1843 4617 grato
1876 4548 1959 4603 af-

373 4629 544 4684 !ectus
568 4628 767 4695 animo,
794 4630 1068 4701 quaerebat
1090 4647 1321 4702 quonam
1346 4634 1491 4688 illum
1515 4634 1719 4693 honore
1739 4653 1835 4708 pro
1858 4638 1961 4695 hoc

373 4718 635 4776 beneﬁcio
656 4720 901 4777 donaret.
929 4721 1060 4777 Cum
1088 4733 1269 4779 autem
1299 4738 1454 4781 mane
1474 4727 1541 4781 ad
1566 4743 1687 4783 eum
1716 4730 1960 4801 ingrede-

372 4821 521 4868 retur
542 4813 736 4878 Aman,
764 4814 953 4883 quaerit
979 4815 1159 4871 abillo
1196 4832 1314 4886 rex,
1340 4833 1570 4888 quonam
1608 4830 1662 4876 et
1689 4824 1830 4892 quali
1858 4823 1958 4878 ho-

373 4916 506 4956 nore
525 4902 717 4971 dignus
745 4903 815 4957 sit
842 4904 907 4968 is,
937 4906 1024 4975 qui
1060 4922 1238 4975 regem
1268 4908 1528 4965 beneﬁcio
1560 4910 1841 4968 affecisset.
1874 4914 1954 4969 Ad

375 4990 479 5046 hoc
506 4992 697 5055 Aman,
724 5007 843 5047 cum
870 5007 929 5049 se
953 4996 1300 5052 arbitraretur
1324 5013 1445 5054 eum
1472 5016 1612 5069 esse,
1644 5002 1711 5057 de
1732 5019 1837 5074 quo
1863 5020 1955 5060 rex

373 5084 665 5154 quaerebat,
694 5084 908 5155 dignum
935 5102 1058 5142 esse
1095 5088 1228 5144 dixit
1265 5092 1352 5160 qui
1392 5094 1656 5149 secundus
1682 5112 1775 5151 rex
1795 5114 1956 5154 voca-

372 5183 541 5231 retur.
566 5174 675 5229 Rex
717 5176 875 5246 igitur
903 5177 1294 5235 Mardochaeum
1325 5183 1416 5238 illo
1446 5184 1651 5240 honore
1675 5188 1954 5256 celebrari,

372 5276 430 5324 et
452 5268 623 5323 Aman
652 5264 777 5325 ante
805 5268 949 5323 illum
973 5273 1262 5342 procedere
1286 5275 1463 5345 jussit.
1486 5278 1682 5334 Esther
1707 5296 1834 5336 vero
1864 5299 1957 5353 op-

372 5360 753 5433 portunitatem
788 5373 939 5417 nacta
984 5379 1081 5434 pro
1122 5365 1319 5423 Judzeis
1357 5371 1545 5425 oravit.
1592 5371 1791 5428 Deinde
1832 5390 1954 5431 cum

373 5466 469 5509 rex
493 5466 726 5509 maerore
750 5453 969 5511 aﬂ'ectus
1000 5467 1217 5527 propter
1244 5459 1517 5532 indignum
1541 5472 1724 5519 contra
1741 5466 1955 5524 Judazos

374 5542 640 5610 edictum,
692 5552 748 5600 et
798 5543 1053 5603 adversus
1109 5550 1369 5606 Amanum
1412 5553 1577 5609 iratus
1616 5570 1790 5625 esset,
1842 5559 1955 5629 ipse

376 5636 570 5702 Aman,
600 5653 723 5709 rege
756 5638 999 5707 absente,
1037 5640 1278 5697 Estherze
1316 5646 1647 5716 supplicavit,
1686 5640 1753 5705 ad
1782 5666 1954 5722 genua

377 5728 518 5786 illius
546 5733 897 5802 procumbens
926 5744 1085 5806 atque
1109 5736 1353 5796 adorans.
1376 5738 1509 5811 Rex,
1535 5758 1657 5800 cum
1682 5744 1952 5816 ingressus

1113 300 1165 359 S.
1208 300 1484 360 JOANNIS
1517 295 1993 357 CHRYSOSTOMI
2031 296 2345 353 ARCHIEP.
2385 296 2915 355 CONSTANTINOP.

3549 302 3661 357 SUO

2062 415 2267 471 videret
2297 419 2561 473 Amanum
2584 433 2757 489 genua
2780 418 2976 489 regina:
2998 419 3324 491 contingere,
3350 421 3661 491 suspicatus

2060 507 2201 577 quod
2227 510 2568 578 turpitudinis
2592 525 2749 566 causa
2777 511 2830 566 id
2866 510 3098 578 faceret,
3121 512 3276 581 jussit
3302 516 3474 568 Aman
3512 516 3570 570 in
3596 515 3661 567 li-

2059 614 2186 670 gno,
2219 601 2359 670 quod
2400 601 2734 657 Mardochaso
2774 612 3072 673 paraverat,
3114 606 3400 674 suspendi;
3436 608 3661 677 scripsit

2059 700 2233 745 autem
2253 700 2309 746 ut
2328 691 2495 747 Judaei
2509 694 2719 763 quidem
2732 709 2920 751 omnes
2940 695 3300 750 incolumitate
3322 684 3655 763 fruerentur,

2060 784 2245 839 hostes
2272 800 2401 839 vero
2439 800 2624 840 eorum
2655 787 2722 841 ab
2760 786 2864 842 illis
2906 787 3353 843 interimerentur.
3384 788 3660 843 Numerus

2060 885 2237 931 autem
2267 893 2452 932 eorum
2473 880 2560 949 qui
2591 894 2622 933 a
2648 879 2844 934 Judteis
2864 880 3026 935 occisi
3053 892 3196 947 sunt,
3226 881 3321 934 fuit
3340 881 3657 952 quindecim

2063 969 2283 1023 millium
2316 988 2329 1024 :
2372 970 2597 1040 ideoque
2637 971 2759 1026 festi
2798 971 2901 1027 illis
2928 971 3043 1027 dies
3083 972 3229 1027 fuere
3277 972 3393 1027 dies
3428 982 3659 1043 quartus

2061 1060 2318 1126 decimus,
2353 1072 2405 1116 et
2448 1064 2666 1133 quintus
2696 1063 2933 1118 decimus
2962 1065 3163 1118 mensis
3192 1064 3520 1127 duodecimi,
3564 1067 3657 1134 qni

2062 1161 2280 1206 vocatur
2308 1153 2470 1207 Adar.
2501 1153 2730 1209 Vocatur
2757 1162 2932 1209 autem
2961 1155 3048 1209 illa
3070 1156 3185 1211 dies
3214 1157 3447 1225 ipsorum
3473 1157 3656 1226 lingua

2062 1242 2258 1297 Phura.
2289 1245 2624 1315 Quapropter
2669 1248 2755 1301 illa
2802 1247 2891 1302 die
2933 1247 3102 1303 Juda-i
3138 1249 3399 1302 Amanum
3429 1248 3657 1303 combu-

2064 1342 2206 1399 runt,
2238 1344 2291 1389 et
2317 1335 2510 1390 festum
2534 1337 2673 1391 diem
2700 1348 2863 1408 agunt
2893 1339 3078 1393 salutis
3100 1338 3333 1408 ipsorum
3367 1339 3661 1394 memoria-

2066 1425 2191 1480 lem.
2216 1423 2270 1480 In
2298 1425 2485 1498 hisque
2515 1429 2829 1483 terminatur
2848 1428 3005 1484 liber.

2666 1537 2820 1577 LIBER
2856 1537 3036 1578 TOBI'I'.

2135 1608 2293 1664 Tobit
2318 1619 2540 1666 vocatur
2567 1610 2651 1667 hic
2672 1612 2825 1678 liber,
2856 1613 2978 1683 quia
3003 1613 3166 1683 ipsius
3190 1612 3347 1668 Tobit
3373 1614 3657 1671 historiam

2064 1702 2317 1757 continet.
2343 1702 2471 1757 Erat
2492 1711 2667 1757 autem
2688 1703 2844 1758 Tobit
2869 1703 2937 1759 de
2962 1705 3099 1759 tribu
3130 1704 3493 1775 Nepbthalim,
3527 1706 3658 1761 fuit-

2064 1809 2170 1862 que
2211 1793 2262 1848 in
2304 1795 2662 1865 captivitatem
2703 1796 2985 1861 adductus,
3012 1806 3068 1851 et
3091 1797 3320 1866 degebat
3356 1799 3408 1853 in
3437 1800 3664 1856 civitate

2064 1882 2273 1950 Ninive,
2299 1885 2601 1940 misericors
2620 1900 2683 1940 ac
2710 1885 3007 1957 religiosus.
3041 1888 3247 1943 Etenim
3269 1904 3390 1944 cum
3412 1891 3464 1944 in
3486 1892 3663 1961 capti-

2065 1978 2226 2032 vitate
2250 1988 2414 2045 esset,
2441 1994 2777 2034 communcm
2807 1995 2994 2049 panem
3019 1997 3086 2036 ex
3104 1982 3351 2051 gentibus
3381 1998 3488 2037 non
3511 1998 3664 2038 com-

2066 2069 2195 2135 edit,
2237 2069 2331 2124 sed
2372 2072 2607 2140 seipsum
2660 2073 2961 2128 custodivit.
3026 2074 3153 2128 Erat
3202 2086 3379 2130 autem
3423 2092 3659 2132 annona.-

2068 2160 2347 2231 praefectus
2374 2163 2513 2232 apud
2558 2179 2737 2234 regem
2781 2164 3183 2229 Enemasarum,
3214 2175 3271 2222 et
3313 2168 3563 2237 deposuit
3606 2170 3659 2224 in

2067 2254 2232 2308 Media
2255 2254 2440 2309 decem
2467 2255 2661 2310 talenta
2684 2256 2823 2325 apud
2852 2256 3160 2312 Gabaelem.
3191 2256 3276 2311 Isti
3307 2274 3470 2327 porro
3496 2260 3659 2315 Tobit

2066 2345 2297 2402 studium
2324 2355 2436 2401 erat
2462 2347 2751 2418 sepeliendi
2783 2356 3022 2402 mortuos
3042 2364 3108 2402 ex
3131 2348 3348 2403 Judaeis.
3384 2350 3554 2419 llujus
3582 2354 3657 2405 rei

2067 2439 2231 2508 gratia
2255 2438 2461 2492 delatus
2499 2438 2567 2492 ad
2602 2454 2783 2509 regem
2810 2440 3137 2505 Achirelem,
3178 2440 3299 2511 fuga
3329 2441 3429 2496 sibi
3458 2457 3663 2496 consu-

2071 2529 2188 2583 luit.
2220 2528 2621 2600 Regressusque
2648 2544 2678 2585 e
2711 2529 2830 2601 fuga
2850 2572 2864 2594 ,
2906 2546 3025 2585 cum
3060 2542 3386 2587 mortuorum
3428 2534 3669 2603 aliquem

2067 2620 2363 2689 sepelisset,
2390 2629 2541 2675 extra
2577 2636 2759 2675 muros
2783 2621 3120 2687 obdormivit,
3145 2633 3199 2676 et
3226 2638 3347 2677 cum
3385 2639 3484 2693 pro
3512 2640 3669 2679 more

2067 2724 2166 2765 suo
2195 2720 2407 2779 apertos
2436 2710 2659 2766 haberet
2685 2712 2823 2766 inter
2848 2712 3215 2768 dormiendum
3244 2715 3448 2780 oculos,
3480 2731 3671 2784 passe-

2067 2801 2215 2857 ribus
2240 2817 2470 2872 superne
2496 2805 2547 2858 in
2574 2805 2756 2859 oculos
2792 2805 2907 2874 ejus
2932 2816 3140 2861 stercus
3172 2807 3565 2869 emittentibus,
3591 2810 3669 2862 al-

2069 2891 2316 2962 buginem
2353 2894 2637 2960 contraxit,
2679 2909 2849 2964 neque
2884 2895 3018 2949 ultra
3057 2895 3293 2951 videbat.
3320 2896 3450 2951 Erat
3482 2911 3667 2953 autem

2068 2981 2354 3037 Ecbatanis
2395 2983 2499 3037 lilia
2529 2983 2777 3055 Raguelis
2805 2987 3015 3055 cognati
3043 2987 3209 3055 ipsius
3233 2987 3392 3044 Sarra
3421 2990 3667 3044 nomine.

2067 3072 2215 3129 Hanc
2234 3074 2442 3130 daemon
2472 3076 2786 3132 Asmodaaus
2806 3093 2908 3131 non
2939 3078 3274 3148 permittebat
3299 3089 3358 3133 ut
3378 3081 3669 3152 quisquam

2069 3183 2287 3224 uxorem
2332 3168 2553 3225 duceret
2586 3170 2737 3239 :jam
2783 3171 2926 3226 enim
2970 3180 3174 3241 septem
3230 3173 3522 3242 occiderat,
3580 3178 3671 3245 qui

2068 3258 2212 3313 illam
2237 3274 2485 3329 sponsam
2513 3271 2847 3331 acceperant.
2877 3262 3102 3333 Propter
3131 3260 3269 3318 hanc
3295 3279 3514 3319 causam
3542 3281 3673 3321 cum

2067 3349 2414 3405 vehementer
2453 3352 2764 3408 eontristata
2815 3362 2977 3421 esset,
3022 3354 3227 3420 oravit;
3276 3354 3534 3427 misitque
3594 3358 3671 3412 illi

2068 3439 2211 3496 Deus
2257 3442 2623 3497 auxiliatorem
2683 3443 3006 3513 Raphaelem
3058 3446 3457 3517 archangelum.
3506 3447 3676 3503 Tobit

2066 3533 2245 3603 igitur,
2271 3549 2393 3589 cum
2415 3534 2527 3589 ﬁlio
2546 3549 2644 3590 suo
2667 3535 2848 3591 Tobiae
2874 3537 3187 3607 praeciperet
3219 3553 3286 3592 ne
3313 3538 3413 3593 sibi
3444 3539 3674 3596 aliunde

2067 3639 2309 3692 uxorem,
2339 3641 2496 3696 quam
2521 3642 2587 3682 ex
2619 3628 2760 3682 tribu
2803 3637 2856 3683 et
2902 3630 3217 3700 cognatione
3259 3645 3355 3685 sua
3383 3629 3625 3687 duceret
3654 3679 3671 3697 ,

2067 3714 2158 3771 dat
2183 3716 2255 3771 illi
2286 3718 2699 3788 chirographum
2726 3719 2911 3774 decem
2940 3721 3279 3786 talentorum,
3307 3723 3671 3794 praecipitque

2066 3816 2126 3862 ut
2152 3806 2306 3863 abeat
2333 3816 2387 3863 et
2422 3818 2625 3879 repetat
2666 3810 2775 3865 illa.
2818 3809 2988 3865 Filius
3008 3820 3206 3875 autem,
3238 3826 3357 3866 cum
3388 3827 3494 3867 nec
3521 3814 3669 3867 viam

2068 3908 2268 3965 nosset,
2298 3915 2396 3955 nec
2435 3897 2705 3955 hominem
2737 3899 2803 3955 ad
2833 3916 2991 3971 quem
3034 3911 3148 3957 erat
3188 3902 3667 3971 proficiscendum,

2066 4006 2309 4061 egressus
2338 4002 2420 4047 est
2447 4002 2506 4048 ut
2533 3994 2633 4048 vize
2656 3993 2755 4048 sibi
2780 3994 2981 4048 socium
3014 4004 3296 4064 quaereret,
3326 4004 3381 4050 et
3413 3995 3512 4051 Dei
3532 4013 3667 4067 pro-

2067 4085 2296 4141 videntia
2325 4086 2509 4141 incidit
2536 4086 2589 4141 in
2618 4086 2963 4156 Raphaelem,
2995 4086 3088 4157 qui
3119 4087 3350 4142 hominis
3378 4086 3568 4143 forma
3600 4091 3669 4144 fo-

2067 4177 2143 4232 ris
2167 4177 2358 4243 stabat,
2390 4178 2669 4247 pretioque
2705 4178 2851 4232 illum
2888 4178 3164 4243 conduxit,
3196 4194 3262 4233 eo
3286 4180 3435 4250 quod
3463 4197 3535 4236 se
3570 4187 3669 4236 via:

2067 4268 2224 4339 hujus
2250 4285 2470 4340 gnarum
2497 4284 2615 4326 esse
2652 4270 2872 4327 diceret.
2914 4271 3212 4327 Comitatus
3249 4274 3429 4342 itaque
3464 4284 3560 4329 est
3608 4276 3669 4329 il-

2067 4363 2175 4416 lum
2196 4362 2543 4433 archangelus
2574 4363 2625 4418 in
2655 4366 2833 4433 specie
2860 4364 3109 4431 hominis,
3140 4367 3229 4436 qui
3261 4367 3485 4421 Aurias
3509 4368 3669 4424 dice-

2066 4466 2231 4510 retur.
2256 4455 2385 4510 Cum
2416 4466 2591 4511 autem
2615 4457 2681 4511 ad
2710 4457 2980 4528 Tigridem
3017 4473 3184 4530 usque
3210 4459 3429 4514 ﬂuvium
3465 4477 3670 4531 perve-

2066 4546 2289 4611 nissent,
2314 4546 2523 4602 volebat
2539 4548 2733 4603 Tobias
2760 4549 2810 4603 in
2838 4549 2982 4603 illum
3010 4550 3214 4605 lavandi
3237 4552 3405 4622 gratia
3429 4553 3666 4611 descen-

2064 4638 2211 4705 dere,
2240 4650 2292 4694 et
2315 4655 2436 4695 mox
2458 4641 2616 4709 piscis
2638 4644 2822 4714 ingens
2847 4644 3046 4698 insiluit
3073 4646 3123 4699 in
3153 4661 3395 4715 puerum.
3418 4649 3668 4720 Angelus

2063 4747 2192 4787 vero
2229 4734 2498 4803 przecepit,
2535 4743 2590 4789 ut
2624 4736 2820 4805 piscem
2865 4737 3007 4793 hunc
3042 4740 3475 4809 apprehenderet
3524 4755 3587 4798 et
3619 4747 3671 4798 in

2065 4825 2230 4878 frusta
2260 4835 2487 4887 secaret,
2524 4834 2680 4895 atque
2714 4826 2854 4881 illius
2885 4826 3069 4896 hepar,
3097 4844 3191 4884 cor
3216 4839 3269 4884 et
3296 4832 3459 4885 bilem
3492 4833 3665 4889 desu-

2063 4926 2254 4980 merct,
2286 4926 2339 4970 et
2368 4925 2623 4971 servaret.
2670 4917 2910 4987 Rogante
2949 4932 3132 4988 postea
3179 4936 3363 4989 puero,
3399 4923 3456 4977 in
3496 4942 3666 4994 quem

2064 5024 2217 5063 usum
2261 5008 2347 5062 illa
2388 5008 2576 5075 forent,
2628 5011 2950 5081 respondit:
2996 5012 3173 5083 Hepar
3208 5023 3262 5067 et
3298 5029 3394 5070 cor
3435 5016 3666 5074 incensa

2062 5099 2358 5153 daemonem
2406 5099 2663 5170 fugabunt
2690 5120 2703 5157 :
2732 5102 2853 5157 bilis
2887 5118 3014 5158 vero
3040 5104 3312 5158 oculorum
3342 5105 3664 5178 albuginem

2062 5194 2387 5263 repurgabit.
2430 5194 2597 5265 Hujus
2633 5210 2734 5265 0pc
2777 5205 2832 5251 et
2872 5197 3098 5251 consilio
3133 5198 3326 5253 Tobias
3360 5198 3541 5255 ﬁliam
3571 5204 3667 5257 Ra-

2060 5286 2230 5356 guelis
2258 5286 2469 5341 Sarram
2500 5302 2715 5343 uxorem
2750 5288 2919 5353 duxit,
2951 5304 3072 5343 cum
3114 5290 3204 5344 illo
3238 5290 3423 5345 suﬂitu
3449 5294 3663 5349 daemo-

2062 5396 2184 5436 nem
2213 5380 2461 5451 fugasset,
2486 5383 2573 5452 qui
2602 5382 2653 5437 in
2680 5384 3045 5453 superioribus
3077 5383 3287 5455 Egypti
3316 5389 3585 5456 partibus
3607 5391 3666 5443 ab

2061 5472 2248 5543 angelo
2277 5472 2467 5543 ligatus
2507 5482 2609 5528 est.
2651 5474 2784 5528 Dum
2826 5483 3002 5530 autem
3041 5490 3162 5529 cum
3204 5490 3370 5531 uxore
3413 5490 3665 5536 maneret

2061 5563 2277 5631 Tobias,
2320 5564 2561 5619 Azariam
2606 5575 2869 5636 tamquam
2900 5566 3168 5622 hominem
3206 5566 3257 5620 in
3286 5567 3535 5626 Mediam
3573 5573 3662 5627 mi-

2062 5654 2132 5711 sit
2161 5672 2173 5707 :
2203 5668 2429 5725 cumque
2471 5670 2565 5724 per
2596 5655 2742 5710 illum
2785 5655 2971 5712 decem
3002 5656 3197 5713 talenta
3234 5660 3576 5729 recepisset,
3605 5663 3661 5716 ad

2064 5756 2266 5818 patrem
2296 5764 2397 5803 una
2426 5764 2545 5803 cum
2577 5748 2668 5805 illo
2702 5758 2755 5805 et
2793 5764 2958 5806 uxore
2990 5764 3084 5806 sua
3128 5766 3378 5808 reversus
3411 5765 3533 5810 est.
3565 5756 3657 5810 lie-
