3722 6274
44 324 149 382 359

1089 329 1420 387 SYNOPSIS
1448 327 1860 390 SCRIPTUIUE
1900 333 2172 390 SACRE.

43 441 202 504 αύτδς
236 440 496 514 Ἔσδρας,
530 440 816 511 φιλόκαλος
842 440 917 498 ὢν
959 443 1053 497 καὶ
1084 445 1307 516 εὐφυὴς,
1344 447 1441 499 καὶ
1484 446 1618 500 ἀνα-

3188 334 3322 391 360‘

1735 447 2015 517 βασιλέως,
2043 448 2356 501 ὲπικύπτων
2387 446 2480 500 καὶ
2507 445 2916 518 προσκυνῶν-τά
2951 448 3152 515 γόνατα
3199 451 3297 502 αὺο

38 524 314 608 γνῴστης.
345 523 576 593 ἐφύλαξε
598 525 798 591 πάντα,
839 526 933 579 καὶ
952 524 1138 580 λοιπὸν
1165 530 1492 598 προήνεγκε,
1525 531 1625 583 καὶ
1726 537 1847 606 τῆς.
1894 538 1951 589 '0
1975 537 2309 608 δὲ-βασιλεῦς
2342 537 2437 589 καὶ
2483 535 2740 607 ἑωρακὼς
2780 536 2869 589 τὸν
2913 538 3084 607 Ἀμάν
3122 539 3289 591 απτόσ

42 606 201 660 πάλιν
229 607 519 660 ἐκδέδωκε
555 609 648 662 καὶ
680 608 821 662 οὕτω
850 608 1175 673 διασώζεται
1203 610 1273 664 τά
1296 610 1497 680 βιϐλία.

538 752 556 773 ⁸
603 744 824 813 Ἐσθὴρ
856 745 1123 811 βιϐλίον.

118 857 325 929 Έσθὴρ
354 859 595 914 καλεῖται
626 861 687 915 τὸ
722 861 945 931 βιϐλίον,
968 859 1153 930 ἐπειδὴ
1176 859 1267 914 διὰ
1292 859 1389 929 τῆς
1420 859 1615 929 Ἐσθὴρ

41 942 66 991 6
85 940 220 1003 Θεὸς
242 941 539 1011 μέλλοντας
566 943 861 997 ἀπολέσθαι
887 943 1133 1012 παγγενῆ
1151 944 1277 1005 τοὺς
1310 942 1611 1005 Ἰουδαίους,

39 1024 238 1086 αὐτοὺς
267 1024 368 1094 μὲν
402 1024 649 1091 διέσωσε,
680 1027 770 1079 τὸν
806 1026 864 1079 δὲ
903 1026 1074 1097 Ἀμάν
1118 1024 1497 1079 ἐπιϐουλεῦσαι
1528 1024 1613 1077 θε-

38 1105 280 1175 λήσαντα
312 1108 603 1172 ἐπάταξεν.
645 1108 1008 1180 Ἀρταξέρξης
1032 1111 1140 1179 γάρ
1172 1109 1202 1161 6
1237 1109 1489 1179 βασιλεὺς
1517 1107 1613 1178 τὴν

38 1187 171 1239 ἰδίαν
207 1188 457 1242 ἐκϐαλὼν
493 1192 746 1259 γυναῖκα,
783 1187 1042 1262 ἐζήτησεν
1075 1192 1132 1243 ὲν
1160 1194 1225 1261 τῇ
1254 1191 1496 1262 βασιλείᾳ
1520 1191 1614 1243 αύ-

36 1270 126 1322 τοῦ
168 1270 274 1339 τὴν
326 1271 544 1327 πάντων
592 1273 883 1342 καλλίστην
930 1269 1094 1325 οὖσαν
1141 1275 1233 1326 καὶ
1279 1273 1611 1345 ώραιοτέραν

36 1352 217 1405 λαϐεῖν
254 1352 433 1421 έαυτῷ
467 1358 719 1423 γυναῖκαο
763 1358 858 1409 καὶ
901 1355 1097 1429 εὑρέθη
1133 1356 1331 1426 Ἐσθὴρ
1360 1356 1420 1408 τὸ
1459 1357 1613 1424 γένος

49 1435 277 1489 Ἰουδαία
308 1439 672 1507 τυγχάνουσα.
700 1435 810 1492 Ἦν
837 1439 894 1492 δὲ
926 1440 1021 1492 καὶ
1045 1438 1385 1509 Μαρδοχαῖος
1415 1455 1611 1507 συγγε-

38 1519 127 1587 νὴς
158 1519 339 1588 αὐτῆς
368 1520 474 1573 ἀπὸ
507 1522 604 1592 τῆς
628 1521 1005 1593 αἰχμαλωσίας
1038 1521 1138 1591 τῆς
1184 1521 1480 1591 γενομένης
1520 1523 1610 1574 ἐπὶ

38 1600 287 1655 Σεδεκίω
314 1604 373 1655 ὲν
402 1602 539 1674 αὐτῇ
580 1606 646 1676 τῇ
691 1602 864 1675 χώρα.
912 1603 968 1657 '0
1010 1598 1101 1657 οὖν
1149 1601 1398 1673 βασιλεὺς
1440 1602 1610 1673 μέγαν

38 1686 269 1755 ποιήσας
296 1685 389 1738 τὸν
407 1684 696 1756 λεγόμενον
737 1685 928 1756 Ἀμάν,
950 1685 1201 1739 ἐκέλευσε
1228 1684 1435 1747 πάντας
1451 1685 1610 1737 αὑτὸν

37 1772 392 1838 προσκυνεῖν.
431 1769 590 1822 Ἀλλά
620 1767 713 1821 τοῦ
736 1768 1079 1841 Μαρδοχαίου
1102 1771 1169 1838 τῇ
1192 1769 1328 1840 πρὸς
1356 1767 1486 1820 Θεὸν
1514 1767 1609 1820 λα-

38 1850 189 1921 τρείᾳ
229 1850 306 1921 μὴ
356 1850 781 1922 προσκυνοῦντος
823 1850 911 1903 τὸν
954 1850 1259 1923 ἄνθρωπον,
1304 1850 1547 1922 ὠργίσθη
1581 1852 1609 1903 6

49 1933 238 2003 Ἀμάν,
268 1934 362 1987 καὶ
390 1934 576 2005 μαθὼν
600 1935 680 1987 ὃτι
716 1933 965 1997 Ἰουδαῖός
1000 1935 1144 1997 ἐστι,
1186 1933 1362 1985 πείθει
1394 1933 1484 1985 τὸν
1510 1932 1608 2002 βα-

41 2016 185 2069 σιλέα
221 2016 607 2088 Ἀρταξέρξην,
637 2019 730 2070 καὶ
758 2017 961 2088 γράφει
990 2016 1128 2069 ὥστε
1162 2016 1367 2079 πάντας
1391 2016 1516 2078 τοὺς
1551 2016 1608 2067 ὲν

35 2104 96 2168 τῇ
130 2099 383 2169 βασιλείᾳ
402 2099 566 2152 αὐτοῦ
601 2100 886 2163 Ἰουδαίους
905 2099 1217 2169 ὁλορρίζους
1236 2096 1527 2151 ἀπολέσθαι
1549 2099 1607 2151 ὲν
1636 2146 1649 2158 ,

39 2184 133 2253 μιᾷ
162 2183 353 2253 ἡμέρα
377 2182 762 2253 δωδεκάτῳ
789 2182 937 2253 μηνί.
970 2182 1138 2235 Τοῦτο
1159 2182 1338 2234 τοίνυν
1368 2179 1551 2251 μαθὼν
1578 2184 1606 2234 ὁ

35 2266 396 2336 Μαρδοχαῖος,
424 2266 657 2330 ἐπένθει,
694 2268 789 2320 καὶ
820 2265 1110 2337 νηστεύων,
1154 2264 1479 2337 προῦπεμψε
1507 2265 1606 2335 τὴν

45 2352 245 2423 Ἐσθὴρ
273 2352 441 2419 ἀξιῶν
469 2354 621 2425 παρά
646 2355 815 2424 αὐτῆς
836 2352 1087 2424 βοήθειαν
1109 2353 1380 2423 γενέσθαι.
1422 2354 1482 2405 Ἠ
1505 2354 1607 2406 τοί-

36 2458 126 2495 νυν
163 2441 368 2511 Ἐσθὴρ
395 2440 756 2512 νηστεύσασα,
792 2443 886 2494 καὶ
914 2442 1185 2513 εὐξαμένη
1216 2440 1295 2512 τῷ
1318 2441 1456 2512 Θεῷ,
1484 2441 1605 2495 έκόο

38 2547 242 2601 σμησεν
274 2531 474 2601 ἑαυτὴν
509 2530 587 2602 τῷ
625 2531 919 2602 γυναικείῳ
955 2532 1176 2602 κόσμῳ,
1229 2531 1322 2584 καὶ
1363 2531 1436 2603 μὴ
1469 2531 1605 2603 κλη-

36 2619 183 2670 θεῖσα
201 2618 328 2684 (οὐκ
349 2613 417 2689 ἦν
441 2617 549 2690 γὰρ
571 2617 690 2683 ἐξὸν
724 2618 797 2690 μὴ
819 2618 1110 2690 κληθεῖσαν
1136 2616 1439 2689 εἰσελθεῖν),
1456 2619 1606 2689 ὅμως

30 2703 246 2774 εἰσῆλθε
275 2705 425 2776 παρά
450 2706 541 2760 τὸν
567 2705 758 2777 καιρὸν
792 2704 929 2777 πρὸς
960 2706 1048 2758 τὸν
1093 2704 1333 2775 βασιλέα,
1364 2706 1485 2759 ἀντί
1508 2703 1602 2758 τοῦ

31 2791 223 2862 καιροῦ
244 2795 309 2863 τῇ
338 2793 469 2863 εὐχῇ
498 2793 796 2866 θαρροῦσα.
830 2788 964 2846 Είτα
981 2793 1073 2846 τοῦ
1100 2792 1364 2863 βασιλέως
1394 2793 1606 2863 θαυμάο

30 2881 209 2943 ζον-τος
235 2881 296 2933 τὸ
324 2881 492 2946 ξένον,
525 2881 718 2934 ἔπεσεν
747 2880 926 2951 έκείνη
962 2882 1067 2934 ἀπὸ
1099 2880 1193 2934 τοῦ
1228 2881 1414 2951 φόϐου.
1456 2880 1518 2936 '0
1545 2882 1602 2935 δὲ

24 2970 157 3033 Θεὸς
192 2969 455 3039 μετέϐαλε
486 2970 575 3022 τὸν
614 2969 786 3041 θυμὸν
817 2968 911 3023 τοῦ
952 2969 1218 3040 βασιλέως
1251 2972 1333 3033 είς
1356 2969 1601 3024 διάθεσιν

28 3056 121 3109 καὶ
153 3056 458 3126 πραότηταο
495 3058 589 3109 καὶ
616 3055 853 3121 ἀναστὰς
892 3056 1157 3110 ἐϐάστασε
1204 3058 1303 3127 τὴν
1339 3060 1601 3126 γυναῖκα,

33 3146 124 3196 καὶ
157 3144 459 3214 παρεκάλει
479 3144 651 3215 αὐτὴν
676 3145 748 3215 μὴ
775 3144 1073 3213 φοϐεῖσθαι,
1102 3143 1237 3198 ἀλλά
1258 3145 1349 3198 καὶ
1372 3145 1602 3215 ἠξίωσεν

32 3232 200 3303 αὐτὴν
224 3231 515 3291 αἰτεῖσθαι,
557 3231 612 3283 εί
647 3248 701 3284 τι
747 3230 1007 3302 βούλοιτο.
1062 3231 1125 3285 Ἢ
1157 3232 1213 3286 δὲ
1258 3234 1350 3287 ἐπὶ
1389 3233 1602 3288 δεῖπνον

30 3321 260 3391 ἠξίωσεν
294 3319 468 3373 ἐλθεῖν
500 3319 660 3373 αὐτόν
689 3338 747 3373 τε
785 3321 875 3373 τὸν
907 3320 1130 3391 βασιλέα
1149 3321 1246 3374 καὶ
1272 3320 1363 3374 τὸν
1409 3322 1598 3392 Ἀμάν,

30 3413 123 3479 οὐχ
159 3409 328 3473 ἀπαξ,
354 3408 490 3461 ἀλλά
522 3409 615 3461 καὶ
642 3408 911 3479 δεύτερον.
958 3411 1014 3462 '0
1042 3409 1141 3479 μὲν
1161 3405 1253 3462 οὖν
1296 3409 1465 3480 Ἀμάν
1489 3408 1603 3462 δια-

30 3498 213 3566 χυθεὶς
240 3498 334 3550 καὶ
356 3496 643 3565 γανωθεὶς,
687 3497 761 3561 ὡς
792 3497 896 3551 ὑπὸ
928 3496 1025 3567 τῆς
1051 3496 1315 3567 βασιλίδος
1354 3497 1603 3561 ἀξιωθεὶς

28 3587 312 3658 κληθῆναι,
346 3586 426 3639 ἔτι
464 3586 661 3656 μᾶλλον
691 3588 926 3658 ἐπήρετο
946 3587 1087 3640 κατά
1115 3585 1208 3639 τοῦ
1232 3587 1597 3658 Μαρδοχαίου,

27 3678 115 3727 καὶ
172 3673 396 3745 ἐποίησε
449 3673 602 3739 ξύλον
636 3673 871 3745 κοπῆναι
929 3674 1090 3745 μέγα,
1149 3673 1469 3745 βουλόμενος
1511 3674 1603 3727 τὸν

26 3763 368 3832 Μαρδοχαῖον
398 3764 467 3833 τῇ
497 3763 623 3833 ἑξῆς
653 3762 838 3834 ἡμέρᾳ
865 3764 922 3814 ἐν
952 3760 1102 3833 αὐτῷ
1124 3762 1419 3833 κρεμάσαι.
1456 3762 1514 3817 '0
1544 3762 1602 3816 δὲ

27 3850 280 3919 βασιλεὺς
322 3850 466 3904 κατά
508 3867 631 3904 τινα
666 3851 921 3924 πρόνοιαν
958 3849 1200 3920 ἀγαθὴν,
1247 3851 1603 3921 ἀγρυπνήσας

28 3939 246 4009 ἐκείνην
270 3936 368 4009 τὴν
393 3936 583 4002 νύκτα,
605 3938 697 3991 καὶ
727 3937 801 4009 μὴ
828 3938 1122 4008 δυνάμενος
1167 3938 1412 3992 ὑπνῶσαι
1431 3979 1445 4002 ,
1483 3937 1604 3991 ὲκέ-

28 4027 221 4080 λευσεν
274 4027 741 4097 ἀναγινώσκεσθαι
798 4028 948 4099 αὐτῷ
998 4027 1105 4081 τῶν
1151 4028 1401 4099 πράξεων
1438 4028 1603 4081 αὑτοῦ

26 4118 90 4170 τά
124 4116 514 4188 ὑπομνήματα.
554 4117 1095 4187 Ἀναγινωσκομένων
1130 4117 1187 4170 δὲ
1227 4116 1438 4177 αὐτῶν,
1477 4109 1603 4186 εὗρε

25 4205 227 4275 πρᾶξιν
251 4204 461 4277 ἀγαθὴν
492 4206 575 4269 είς
602 4206 763 4260 αὐτὸν
792 4206 1092 4276 γενομένην
1121 4205 1226 4258 ὑπὸ
1263 4204 1357 4258 τοῦ
1389 4205 1605 4275 Μαρδο-

24 4296 201 4363 χαίου.
230 4290 334 4347 Δύο
370 4294 479 4363 γὰρ
498 4294 784 4365 εὐνούχους
812 4295 1099 4366 μέλλοντας
1130 4294 1502 4348 ἐπιϐουλεύειν
1525 4292 1603 4363 τῷ

27 4383 238 4451 βασιλεῖ
275 4384 613 4454 κατήνεγκεν
640 4384 789 4455 αὐτῷ
803 4382 881 4454 τῷ
908 4384 1119 4455 βασιλεῖ
1146 4385 1240 4436 καὶ
1265 4383 1506 4453 ἡλεγξεν.
1544 4383 1602 4435 '0

24 4472 206 4524 τοίνυν
241 4470 491 4541 βασιλεὺς
538 4471 939 4542 ἀποδεξάμενος
982 4473 1083 4543 τὴν
1136 4472 1455 4543 προαίρεσιν
1506 4469 1603 4523 τοῦ

25 4560 391 4629 Μαρδοχαίου,
442 4557 625 4630 ἐζήτει
659 4561 827 4630 τιμὴν
858 4560 1019 4626 ἀξίαν
1047 4560 1127 4630 τῷ
1168 4559 1390 4626 τοιούτῳ
1423 4576 1603 4631 παραο

26 4651 192 4717 σχεῖν.
223 4647 311 4709 Ὠς
335 4646 627 4717 δὲοίσῆλθε
654 4646 799 4718 πρωῒ
827 4647 963 4718 πρὸς
994 4647 1199 4701 αὑτὸνὸ
1226 4646 1419 4718 ’Λμάν,
1442 4649 1605 4700 ἐπυν-

26 4740 216 4792 θάνε-ιο
418 4741 448 4791 6
479 4738 732 4807 βασιλεὺς
780 4738 944 4793 αὐτοῦ
966 4781 979 4801 ,
1017 4739 1206 4803 ὁποίας
1243 4740 1337 4792 καὶ
1364 4738 1604 4809 πηλίκης

24 4829 190 4897 τιμῆς
221 4825 371 4891 ἄξιός
397 4828 549 4880 ἐστιν
587 4830 618 4882 6
657 4828 748 4881 τὸν
777 4827 999 4896 βασιλέα
1029 4828 1417 4898 εὐεργετήσας.
1460 4828 1517 4881 '0
1546 4829 1604 4881 δὲ

35 4915 210 4986 Ἀμάν
232 4914 472 4984 νομίζων
498 4915 627 4988 περὶ
645 4914 811 4968 αὐτοῦ
833 4914 1201 4969 πυνθάνεσθαι
1232 4915 1323 4967 τόν
1360 4915 1600 4984 βασιλέα,

23 5003 178 5060 εἶπεν
203 5005 352 5070 ἀξιον
385 5000 524 5059 εἶναι
569 5005 662 5057 τὸν
691 5004 932 5058 τοιοῦτον
967 5004 1217 5077 δεύτερον
1249 5004 1474 5073 βασιλέα
1505 5022 1605 5057 κα-

23 5092 252 5147 λεῖσθαι.
294 5093 353 5146 '0
388 5091 489 5162 μὲν
510 5086 604 5146 οὖν
633 5091 883 5161 βασιλεὺς
910 5092 1119 5145 κελεύει
1146 5092 1236 5145 τὸν
1264 5092 1604 5162 Μαρδοχαῖον

25 5186 122 5253 τῆς
157 5180 418 5248 τοιαύτης
468 5179 766 5248 ἀξιωθῆναι
803 5180 986 5250 τιμῆς,
1025 5180 1119 5232 καὶ
1161 5179 1252 5232 τὸν
1294 5179 1464 5248 Ἀμάν
1503 5179 1601 5248 έμη

23 5271 264 5344 προσθεν
292 5269 461 5324 αὑτοῦ
502 5271 846 5340 περιπατεῖν.
898 5270 964 5321 'H
1011 5268 1069 5321 δὲ
1106 5268 1306 5339 Ἐσθὴρ
1335 5270 1604 5342 πρόφασιν

23 5359 282 5431 εὑροῦσα,
311 5358 515 5428 ἠξίωσε
545 5358 673 5428 περὶ
706 5357 814 5411 τῶν
855 5356 1141 5411 Ἰουδαίων.
1168 5353 1298 5411 Εἶτα
1327 5357 1420 5410 τοῦ
1454 5359 1605 5428 βασι,

22 5451 161 5511 λέως
194 5445 532 5515 λυπηθέντος
563 5445 661 5499 ἐπὶ
684 5443 762 5515 τῷ
789 5444 1088 5516 παρανόμῳ
1108 5444 1491 5516 προστάγματι
1527 5443 1605 5514 τῷ

24 5536 169 5609 κατὰ
188 5535 301 5588 τῶν
333 5532 620 5592 Ἰουδαίων.
647 5532 740 5585 καὶ
767 5530 1112 5602 ὀργισθέντος
1126 5531 1266 5585 κατά
1285 5530 1378 5583 τοῦ
1410 5530 1602 5600 Ἀμάν,

22 5625 187 5687 αὐτὸς
209 5624 240 5676 6
286 5621 461 5692 Ἀμάν
496 5619 796 5691 παρεκάλει
841 5618 937 5689 τὴν
976 5618 1176 5691 Ἐσθὴρ
1198 5661 1212 5687 ,
1254 5619 1482 5682 ἀπόντος
1511 5619 1604 5672 τοῦ

79 5792 108 5822 ⁸
134 5789 359 5851 Ιάίρευω
381 5784 593 5836 habetur
625 5786 675 5835 in
698 5785 852 5835 altera
876 5783 1102 5847 Synopsi.

1729 641 1887 694 μενον
1910 624 2019 677 τῶν
2051 625 2208 695 ἰχνῶν
2237 626 2338 695 τῆς
2366 624 2700 695 βασιλίσσης,
2729 625 3029 694 ὑπονοήσας
3056 625 3295 696 αἰσχρῶς
3321 668 3330 677 .

1724 711 1883 764 αὑτὸν
1909 711 2067 764 τοῦτο
2098 714 2290 777 ποιεῖν,
2321 712 2606 764 ἐκέλευσεν
2645 711 2807 779 αὐτὸν
2856 711 2955 780 μὲν
2995 711 3085 764 τὸν
3124 712 3295 783 Ἀμάν
3330 746 3339 753 ι

1724 801 1804 861 είς
1836 800 1896 852 τὸ
1926 800 2101 866 ξύλον,
2129 802 2265 871 ὅπερ
2290 797 2359 871 ἦν
2388 801 2678 871 ἑτοιμάσας
2698 799 2775 868 τῷ
2799 798 3147 868 Μαρδοχαίῳ,
3176 817 3323 868 κρεος

1726 887 2019 956 μασθῆναιο
2052 888 2251 957 γράφει
2296 888 2352 940 δὲ
2384 887 2563 941 ἄνεσιν
2598 887 2695 957 μὲν
2734 885 2878 956 ἔχειν
2926 886 3130 948 πάντας
3171 888 3296 948 τοὺς

1736 974 2039 1038 Ἰουδαίους,
2065 976 2191 1037 τοὺς
2228 975 2285 1027 δὲ
2321 975 2547 1045 ἐχθροὺς
2582 972 2762 1027 αὐτῶν
2787 972 3139 1042 ἀναιρεθῆναι
3166 973 3295 1042 παρ’

1721 1059 1916 1114 αὐτῶν.
1972 1061 2080 1114 Καὶ
2121 1061 2171 1113 οί
2218 1063 2317 1131 μὲν
2343 1061 2717 1132 ἀναιρεθέντες
2744 1059 2851 1112 είσὶ
2883 1058 3063 1130 μύριοι
3102 1076 3297 1111 πεντα-

1722 1147 1996 1217 κισχίλιοι.
2039 1148 2233 1215 Γέγονε
2255 1147 2310 1200 δὲ
2338 1148 2498 1217 ἑορτὴ
2529 1150 2596 1219 τῇ
2631 1148 2692 1199 ιδ’
2726 1147 2817 1200 καὶ
2849 1146 2910 1198 ιε’
2972 1148 3029 1198 ἐν
3060 1145 3137 1215 τῷ
3167 1147 3296 1215 μηνὶ

1720 1234 1798 1303 τῷ
1824 1234 2128 1305 δωδεκάτῳ,
2168 1235 2317 1297 ὅστις
2371 1234 2618 1287 καλεῖται
2652 1231 2843 1303 Ἀδαρ.
2886 1232 3145 1285 Καλεῖται
3180 1231 3234 1284 δὲ
3261 1233 3325 1300 ἡ¹

1719 1320 1900 1391 ἡμέρα
1952 1320 2089 1391 αῦτη
2141 1323 2207 1391 τῇ
2259 1321 2365 1391 ἰδίᾳ
2404 1321 2671 1389 διαλέκτῳ
2723 1319 2902 1371 αὐτῶν
2949 1318 3147 1389 Φουρά.
3198 1322 3296 1371 Διά

1717 1406 1872 1460 τοῦτο
1905 1408 2045 1461 κατὰ
2074 1409 2176 1478 τὴν
2200 1409 2412 1480 ἡμέραν
2452 1408 2655 1477 ταύτην
2695 1408 2939 1461 καίουσιν
2968 1409 3016 1460 οἱ
3055 1408 3295 1459 Ἰουδαῖοι

1717 1497 1807 1549 τὸν
1851 1496 2044 1566 Ἀμάν.
2073 1498 2169 1551 καὶ
2218 1496 2570 1568 ἑορτάζουσι,
2610 1496 2953 1567 μνημόσυνον
2993 1492 3157 1549 οὖσαν
3195 1495 3294 1565 τῆς

1720 1583 1993 1654 σωτηρίας
2017 1584 2214 1638 αὐτῶν.
2237 1584 2347 1637 Καὶ
2368 1586 2427 1637 ὲν
2440 1583 2649 1646 τούτοις
2674 1584 2825 1646 τέλος
2853 1583 2965 1653 ἔχει
2993 1583 3051 1636 τὸ
3069 1582 3295 1653 βιϐλίον.

2282 1708 2463 1763 Τωϐἰτ
2482 1708 2750 1773 βιϐλίον.

1786 1813 1963 1868 Τωϐὶτ
1992 1815 2236 1870 καλεῖται
2263 1814 2324 1868 τὸ
2356 1814 2581 1885 βιϐλίον,
2616 1813 2803 1885 ἐπειδὴ
2830 1812 2928 1885 τὴν
2971 1815 3100 1884 περὶ
3126 1814 3289 1867 αὑτοῦ

1714 1899 1808 1953 τοῦ
1834 1900 2012 1954 Τωϐὶτ
2053 1902 2291 1972 ἱστορίαν
2321 1901 2584 1973 περιέχει.
2632 1901 2789 1955 Ἔστι
2834 1900 2890 1954 δὲ
2919 1902 2946 1953 ὁ
2976 1899 3154 1954 Τωϐἰτ
3183 1902 3294 1956 ἀπὸ

1718 1986 1817 2057 μὲν
1846 1987 2020 2057 φυλῆς
2044 1987 2380 2058 Νεφθαλεὶμ,
2407 1988 2600 2057 γέγονε
2626 1988 2683 2041 δὲ
2720 1990 2776 2041 έν
2811 1991 2877 2059 τῇ
2920 1986 3291 2059 αἰχμαλωσίᾳ,

1715 2074 1808 2126 καὶ
1835 2068 1902 2144 ἦν
1936 2075 1993 2127 ὲν
2019 2078 2083 2144 τῇ
2121 2073 2309 2127 Νινευῖ
2340 2074 2588 2147 ἐλεήμων
2618 2074 2712 2128 καὶ
2744 2074 3019 2148 θεοσεϐης.
3052 2076 3159 2130 Καὶ
3185 2076 3293 2148 γὰρ

1714 2162 1774 2214 ἐν
1801 2163 1867 2231 τῇ
1898 2161 2244 2233 αἰχμαλωσίᾳ
2277 2156 2585 2232 γενόμενος,
2609 2162 2710 2215 οὐκ
2739 2160 2892 2233 ήσθιε
2923 2162 3099 2216 κοινὸν
3129 2162 3320 2235 ἄρτον.

1713 2246 1821 2300 ἀπὸ
1847 2247 1953 2299 τῶν
1976 2248 2164 2308 ἐθνῶν.
2197 2247 2311 2302 ἀλλ’
2342 2248 2531 2301 ἑαυτὸν
2580 2250 2932 2319 συνετήρησε.
2965 2245 3074 2302 ’Ἦν
3111 2250 3164 2302 δὲ
3201 2253 3301 2303 καῖ

1713 2336 2020 2406 ἀγοραστὴς
2045 2335 2139 2387 τοῦ
2174 2335 2435 2405 βασιλέως
2477 2336 2871 2406 Ἐνεμασάρου,
2903 2337 2996 2389 καί
3030 2337 3311 2407 παρέθετο,

1713 2426 1769 2477 ὲν
1804 2426 1868 2494 τῇ
1900 2423 2111 2495 Μηδείᾳ
2141 2423 2357 2494 Γαϐαὴλ
2382 2424 2615 2477 τάλαντα
2640 2430 2691 2479 ι’.
2737 2418 2907 2487 Οὗτος
2939 2421 3032 2478 οῦν
3059 2426 3087 2478 6
3113 2426 3293 2478 Τωϐὶτ

1715 2511 1948 2577 σπουδὴν
1972 2506 2082 2581 εἶχε
2110 2510 2334 2565 θάπτειν
2368 2509 2493 2575 τοῦς
2526 2510 2972 2580 ἀποθνήσκοντας
3018 2512 3125 2566 τῶν
3166 2512 3294 2565 Ἰου-

1711 2598 1893 2651 δαίων.
1927 2598 2243 2667 Διαϐληθεὶς
2266 2599 2321 2651 δὲ
2339 2598 2415 2669 τῷ
2433 2598 2642 2670 βασιλεῖ
2677 2598 2947 2670 ’Ᾱχειρὴλ,
2976 2598 3164 2668 ἔφυγε.
3184 2600 3293 2652 Καὶ

1712 2686 2042 2751 ἐπανελθὼν,
2078 2689 2171 2740 καὶ
2200 2687 2375 2758 θάψας
2424 2687 2545 2741 τινὰ
2579 2688 2683 2740 τῶν
2718 2686 3116 2751 ἀποθανόντων,
3152 2688 3293 2739 ὲκοι-

1716 2773 1860 2844 μήθη
1890 2773 1991 2838 ἔξω
2024 2773 2115 2827 τοῦ
2160 2776 2391 2845 τείχους,
2444 2775 2538 2828 καὶ
2586 2776 2661 2838 ὡς
2717 2773 2875 2828 εῖωθε
2928 2777 3289 2845 κοιμώμενος,

1712 2862 2086 2932 ἀνεῳγμένους
2110 2856 2220 2933 εἶχε
2244 2866 2367 2929 τοὺς
2392 2863 2724 2934 ὀφθαλμοὺς,
2760 2862 3054 2935 στρουθίων
3079 2863 3133 2916 δὲ
3156 2864 3290 2932 ἀφο-

1711 2951 2015 3004 δευσάντων
2050 2952 2254 3007 ἄνωθεν
2276 2954 2354 3015 είς
2380 2953 2507 3015 τοὺς
2531 2952 2842 3022 ὀφθαλμοὺς
2871 2951 3057 3017 αὑτοῦ,
3085 2952 3291 3005 λευκώ⁹

1715 3056 1858 3108 ματα
1890 3038 2035 3110 ἔσχε,
2068 3039 2162 3093 καὶ
2199 3038 2380 3093 οὐκέτι
2412 3039 2657 3093 ἔϐλεπεν.
2702 3036 2810 3092 Ἦν
2857 3039 2912 3092 δὲ
2941 3040 3035 3093 καὶ
3066 3042 3122 3091 ἐν
3165 3041 3289 3092 Ἐκ-

1712 3126 1963 3189 ϐατάνοις
2017 3126 2261 3197 θυγάτηρ
2316 3126 2408 3180 τοῦ
2469 3126 2736 3197 Ῥαγουὴλ
2785 3126 3079 3195 συγγενοῦς
3124 3128 3289 3181 αὑτοῦ

1712 3212 1895 3283 Σάρρα
1934 3213 2176 3284 ὀνόματι.
2198 3212 2414 3283 Ταύτην
2440 3213 2749 3284 γαμηθῆναι
2791 3214 2890 3266 οὐκ
2936 3214 3235 3284 ἐπέτρεπεν
3261 3218 3295 3267 6

1710 3298 1917 3368 δαίμων
1962 3299 2279 3369 Ἀσμοδαῖος
2298 3316 2313 3332 ο
2344 3299 2483 3352 ἑπτὰ
2512 3299 2641 3367 γοῦν
2673 3298 2799 3369 έξῆς
2826 3300 3086 3364 λαϐόντας
3120 3301 3293 3373 αὐτὴν

1710 3386 1993 3441 ἀπέκτεινε
2027 3392 2044 3410 ‘
2078 3385 2195 3459 [καὶ
2214 3388 2355 3442 πάνυ
2376 3387 2701 3459 λυπηθεῖσα·
2724 3388 2863 3441 έπτά
2893 3388 3001 3461 γὰρ
3029 3389 3295 3454 λαϐόντας

1712 3475 1839 3546 έξῆς
1869 3477 2038 3548 αὐτὴν
2066 3476 2398 3549 ἀπέκτεινε].
2434 3477 2541 3530 Καὶ
2584 3477 2723 3531 πάνυ
2759 3477 3061 3549 λυπηθεῖσα
3090 3480 3123 3549 ἡ
3160 3464 3291 3543 παῖς

1710 3564 1932 3635 ηὖξατο’
1965 3567 2059 3620 καὶ
2089 3566 2408 3621 ἀπέστειλεν
2439 3567 2573 3639 αὐτῇ
2606 3566 2796 3638 βοηθὸν
2826 3569 2853 3620 ὁ
2874 3568 3005 3632 Θεὸς
3037 3569 3128 3622 τδν
3151 3570 3256 3641 ἀρκ
3275 3600 3286 3608 ‘

1711 3653 1938 3721 άγγελον
1992 3654 2257 3725 Ῥαφαήλ.
2336 3656 2395 3707 '0
2447 3654 2626 3707 τοίνυν
2677 3654 2857 3708 Tum-.-
2916 3657 3289 3727 παραγγείλας

1711 3740 1790 3810 τῷ
1824 3740 1926 3811 υἱῷ
1951 3742 2113 3794 αὐτοῦ
2137 3742 2323 3813 Τωϐία
2365 3741 2440 3813 μὴ
2475 3742 2659 3796 λαϐεῖν
2694 3742 2990 3814 ἀλλαχόθεν
3034 3748 3285 3813 γυναῖκα.

1712 3829 1762 3880 εἰ
1796 3828 1870 3900 μὴ
1902 3830 1967 3882 ὲκ
1990 3829 2084 3899 τῆς
2116 3828 2290 3900 φυλῆς
2334 3830 2500 3883 αὐτοῦ
2545 3830 2639 3883 καὶ
2684 3830 2779 3883 τοῦ
2817 3831 3041 3899 γένους,
3076 3832 3289 3886 δίδωσιν

1712 3916 1859 3986 αύτῴ
1890 3915 1951 3968 τὺ
1975 3916 2338 3987 χειρόγραφον
2374 3916 2481 3969 τῶν
2504 3917 2635 3970 δέκα
2661 3917 2958 3980 ταλάντων,
2987 3918 3082 3971 καὶ
3104 3920 3296 3972 ὲντέλ-.

1710 4002 1860 4055 λεται
1910 4002 2057 4072 αὐτῷ
2106 4002 2359 4056 ἀπελθεῖν
2396 4004 2490 4056 καὶ
2534 4004 2857 4073 ἀπαιτῆσαι.
2899 4005 3131 4075 Ἀγνορὑν
3171 4007 3227 4059 δὲ
3260 4010 3289 4059 6

1713 4092 1842 4151 παῖς
1874 4089 1974 4159 τὴν
2032 4089 2146 4143 ὁδὸν
2180 4088 2330 4161 [565]
2373 4091 2466 4143 καὶ
2520 4090 2611 4143 τὸν
2656 4090 2958 4161 ἄνθρωπον,
3007 4092 3285 4163 ἐξέρχεται

1714 4175 1948 4252 ζητῆσαι
1986 4168 2381 4248 συνοδοιπόρον.
2410 4178 2565 4230 Κατὰ
2590 4178 2724 4231 Θεοῦ
2767 4180 3022 4250 πρόνοιαν
3045 4179 3305 4252 εὑρίσκει

1709 4246 1803 4317 τὸν
1842 4246 2113 4335 Ἰίαφαὴλ,
2140 4263 2215 4327 ὡς
2244 4246 2529 4336 ἄνθρωπον
2557 4266 2765 4319 έστῶτα
2787 4246 2910 4332 ἔξω.
2941 4268 3036 4322 καὶ
3066 4246 3287 4340 μισθοῦέ

1710 4368 1800 4404 ται
1832 4350 1994 4419 αὐτὸν
2031 4349 2258 4418 λέγοντα
2287 4351 2483 4407 εἰδέναι
2523 4354 2622 4424 τὴν
2656 4350 2793 4408 ὀδόν.
2818 4359 2834 4376 ⁹
2867 4355 3000 4428 [Καὶ
3019 4359 3285 4412 συνοδεύει

1710 4437 1854 4511 αύτῷ
1870 4441 1897 4493 6
1918 4438 2144 4508 ἄγγελος
2164 4440 2239 4505 ὡς
2255 4440 2538 4513 ἄνθρωπον
2552 4442 2777 4511 λέγοντα
2798 4444 2992 4498 εἰδέναι
3009 4446 3105 4515 τὴν
3124 4446 3284 4517 όδόν.]

1712 4528 1821 4581 Καὶ
1856 4525 2125 4581 συνοδεύει
2179 4527 2327 4599 αὐτῷ
2351 4530 2379 4581 6
2408 4530 2745 4600 ἀρχάγγελος
2789 4531 3028 4603 Ῥαφαὴλ
3077 4532 3151 4595 ὡς
3193 4534 3287 4587 ἄν-

1713 4615 1926 4686 θρωπος
1959 4616 2248 4687 λεγόμενος
2294 4617 2566 4689 Ἀζαρίας.
2606 4617 2898 4671 Ἐλθόντων
2922 4619 2977 4671 δὲ
3013 4620 3286 4683 αὐτῶνείς

1710 4705 1800 4759 τὸν
1852 4706 2057 4777 Τίγρην
2110 4706 2374 4776 ποταμὸν,
2438 4706 2702 4776 ἠθέλησεν
2755 4710 2783 4761 ό
2813 4710 2939 4772 παῖς
2992 4709 3072 4770 είς
3125 4710 3286 4761 αὑτὸν

1712 4793 2016 4863 καταϐῆναι
2046 4793 2138 4845 καὶ
2166 4792 2490 4856 λούσασθαι,
2541 4796 2635 4847 καὶ
2679 4794 2842 4858 εὐθὺς
2889 4794 3041 4869 ἰχθὺς
3074 4797 3283 4866 ἐπεπή-

1711 4881 1841 4951 δησε
1866 4879 1945 4950 τῷ
1971 4878 2240 4949 παιδαρίῳ
2273 4879 2462 4949 μέγας.
2508 4881 2566 4933 '0
2597 4880 2652 4934 δὲ
2685 4881 2912 4951 ἄγγελος
2952 4877 3103 4937 εἶπεν
3136 4884 3291 4953 αύτῷ

1712 4966 2064 5021 ἐπιλαϐέσθαι
2093 4966 2183 5019 τοῦ
2224 4966 2404 5037 ἰχθύος
2437 4967 2530 5021 καὶ
2566 4970 2751 5039 τεμεῖν
2790 4969 2951 5023 αὐτὸν
2980 4972 3073 5024 καὶ
3101 4971 3285 5033 λαϐεῖν
3390 5009 3397 5016 η

1712 5056 1771 5109 τό
1794 5072 1851 5107 τε
1877 5050 2029 5126 ἧπαρ
2053 5055 2147 5107 καὶ
2170 5056 2269 5125 τὴν
2299 5054 2524 5125 καρδίαν
2550 5056 2715 5109 αὐτοῦ
2741 5057 2835 5110 καὶ
2860 5058 2957 5129 τὴν
2985 5058 3167 5131 χολὴν,
3193 5063 3287 5113 καὶ

1711 5141 1883 5194 ταῦτα
1921 5143 2127 5213 τηρεῖν.
2166 5137 2301 5195 Εἶτα
2330 5141 2732 5213 πυνθανομένου
2777 5143 2872 5197 τοῦ
2928 5147 3152 5211 παιδὸς,
3207 5151 3287 5211 εἰς

1711 5231 1763 5282 τί
1792 5232 2035 5301 χρήσιμα
2065 5228 2258 5295 ταῦτα,
2283 5228 2489 5294 ἐκεῖνος
2524 5229 2648 5301 ἔφη·
2680 5230 2759 5283 Τὸ
2786 5227 2940 5303 ἧπαρ
2966 5234 3060 5287 καὶ
3084 5236 3116 5304 ἡ
3148 5252 3284 5303 καρ-

1711 5317 1799 5371 δία
1827 5317 2149 5388 θυμιώμενα
2171 5316 2352 5383 διώξει
2396 5320 2489 5371 τὸν
2517 5317 2764 5389 δαίμονα’
2794 5321 2828 5389 ἡ
2858 5319 2915 5373 δὲ
2953 5320 3082 5391 χολὴ
3112 5321 3282 5373 καθα-

1716 5408 1854 5477 ρίσει
1879 5407 1947 5461 τά
1973 5406 2323 5478 λευκώματσ..
2369 5407 2426 5461 '0
2470 5408 2567 5478 μὲν
2592 5403 2683 5461 οὖν
2708 5411 2837 5472 παῖς
2875 5410 3171 5481 συμϐουλίᾳ
3195 5411 3284 5462 καὶ

1714 5495 1971 5566 συνεργίᾳ
2007 5493 2102 5547 τοῦ
2148 5493 2380 5563 ἀγγέλου
2429 5493 2696 5565 λαμϐάνει
2732 5495 2830 5566 τὴν
2880 5495 2970 5549 τοῦ
3016 5496 3283 5566 Ῥαγουὴλ

1713 5582 1986 5652 θυγατέρα
2014 5581 2113 5651 τὴν
2136 5583 2350 5653 Σάρραν
2399 5586 2664 5650 γυναῖκα,
2697 5582 3012 5653 διωχθέντος
3052 5584 3143 5637 τοῦ
3171 5584 3285 5637 δαι-

1776 5725 1802 5764 h
1833 5724 1913 5773 Sic
1933 5726 2037 5774 fere
2062 5727 2212 5774 altera
2236 5725 2487 5787 Synopsis.

1780 5792 1801 5809 ⁸
1816 5789 1933 5845 Quae
1956 5788 2141 5837 uncinis
2162 5788 2447 5837 inclusimus
2464 5787 2915 5851 omninoejicienda
2936 5789 3175 5842 videnlur.
3201 5792 3283 5842 lin.
