3722 6274
420 313 517 370 Ξθί
1127 314 1184 372 S.
1219 315 1503 376 JOANNIS
1541 322 2016 380 CHRYSOSTUMI
2062 321 2379 379 ARCHIEP.
2421 324 2966 381 CUNSTANTINOP.

422 428 606 500 μονίου
641 429 697 479 ἐν
721 427 796 498 τῷ
830 428 1135 502 θυμιάματι
1174 435 1367 507 τούτῳ,
1410 440 1499 492 καὶ
1543 440 1786 504 δεθέντος
1814 443 1892 505 είς
1924 441 1989 494 τὰ

419 516 667 584 ἀνώτερα
705 509 844 588 μέρη
872 519 1147 587 Αίγύπτου
1203 524 1308 576 ὑπὸ
1358 526 1450 578 τοῦ
1484 527 1735 595 ἀγγέλου.
1783 529 1989 592 Μείνας

418 604 476 656 66
519 604 655 674 μετά
705 604 805 674 τῆς
859 608 1114 674 γυναικὸς
1167 611 1195 662 6
1248 611 1483 676 Τωϐίας,
1533 614 1848 666 ἀποστέλλει
1898 616 1990 668 τὸν

433 692 708 762 Ἀζαρίαν,
743 693 820 756 ὡς
866 694 1148 766 ἄνθρωπον
1183 697 1310 751 ὄντα
1331 739 1345 758 .
1380 701 1460 762 είς
1492 700 1589 770 τὴν
1633 701 1864 771 Μηδίαν,
1897 704 1990 756 x01

420 783 727 853 ἀπαιτήσας
754 782 960 846 ἐκεῖνος
983 785 1051 838 τὰ
1079 785 1209 839 δέκα
1243 788 1479 842 τάλαντα
1515 789 1818 864 ὑπέστρεψε
1851 791 1988 862 μετὰ

418 870 519 939 τῆς
549 870 802 937 γυναικὸς
819 872 914 924 καὶ
941 873 1106 925 αὑτοῦ
1120 874 1211 926 τοῦ
1236 875 1466 943 ἀγγέλου
1488 877 1620 948 πρὸς
1639 877 1732 930 τὸν
1755 879 1984 950 πατέρα.

431 958 805 1028 Ὑποστρέψας
836 959 891 1012 66
917 961 945 1011 6
979 963 1125 1022 παῖς,
1171 963 1378 1033 ἐγχρίει
1415 967 1480 1034 τῇ
1511 965 1637 1035 χολῇ
1675 966 1769 1018 τοῦ
1808 965 1990 1036 ἰχθύος

418 1045 544 1107 106;
599 1044 910 1115 ὀφθαλμοὺς
965 1046 1057 1099 τοῦ
1111 1049 1333 1119 πατρὸς,
1373 1053 1467 1104 καὶ
1507 1051 1905 1105 ἀποπίπτουσιν
1931 1054 1986 1105 αἱ

417 1133 649 1196 λεπίδες.
681 1134 774 1186 καὶ
821 1134 982 1198 εὐθὺς
1019 1136 1296 1204 ἀνέϐλεψε.
1342 1139 1470 1192 Ὅτε
1519 1141 1614 1209 μὲν
1646 1139 1926 1211 ἐτυφλώθη
1961 1144 1988 1195 6

417 1220 616 1284 Τωϐὶτ,
657 1215 723 1290 ἦν
749 1219 885 1272 ἐτῶν
924 1227 1005 1290 νη¹
1027 1261 1040 1284 ,
1073 1222 1159 1274 ὅτε
1197 1223 1254 1275 δὲ
1284 1224 1564 1294 ἀνέϐλεψε,
1610 1222 1678 1296 ἦν
1718 1228 1854 1280 ἐτῶν
1879 1227 1985 1292 Ec'.

415 1308 526 1359 Καὶ
569 1307 750 1359 λοιπὸν
786 1307 1080 1377 βλέψαντος
1113 1310 1277 1363 αὑτοῦ
1299 1352 1312 1376 ,
1348 1313 1690 1384 ἐφανέρωσεν
1737 1315 1988 1381 6061666

415 1393 664 1463 ἄγγελος,
691 1395 771 1447 ὅτι
802 1395 900 1450 οὐκ
938 1396 1220 1466 ἄνθρωπος
1247 1394 1336 1470 ἦν,
1361 1399 1496 1454 ἀλλὰ
1529 1401 1681 1472 παρὰ
1719 1401 1814 1454 τοῦ
1851 1402 1985 1455 Θεοῦ

414 1481 691 1550 ἀπεστάλη
723 1484 802 1545 είς
855 1481 1106 1554 βοήθειαν
1152 1486 1330 1539 αὐτῶν
1380 1505 1437 1541 τε
1491 1490 1586 1542 καὶ
1633 1490 1728 1559 τῆς
1777 1490 1982 1560 Σάρρα.

413 1568 665 1639 Γηράσας
698 1567 754 1622 δὲ
787 1571 815 1622 6
845 1569 1045 1636 Tw611,
1078 1573 1411 1644 παρήγγειλε
1432 1573 1510 1645 τῷ
1546 1575 1646 1646 υἱῷ
1676 1575 1841 1628 αὑτοῦ
1866 1577 1985 1629 Τω-

413 1657 526 1726 ϐίᾳ,
558 1655 806 1710 ἀπελθεῖν
839 1658 918 1720 είς
941 1657 1039 1727 τὴν
1064 1659 1275 1730 Μηδίαν
1300 1660 1387 1714 διὰ
1406 1663 1505 1732 τὴν
1529 1663 1792 1733 ἐσομένην
1819 1681 1986 1716 κατα·

413 1743 648 1814 στροφὴν
676 1743 775 1814 τῆς
797 1744 982 1797 Νινευῖ
1024 1747 1161 1799 κατά
1189 1747 1248 1800 τὸ
1284 1746 1437 1818 ῥῆμα
1465 1750 1618 1802 Ἰωνᾶ
1648 1749 1742 1802 τοῦ
1774 1754 1985 1822 προφή-

409 1849 524 1896 του,
574 1832 666 1885 καί
711 1831 947 1886 ἐκλιπὼν
977 1833 1212 1888 ἀπέθανε
1259 1835 1396 1888 ἐτῶν
1428 1835 1504 1889 ὢν
1536 1843 1661 1908 ρνε’.
1705 1837 1764 1890 Ὀ
1791 1837 1848 1890 δὲ
1871 1837 1983 1900 υίὸς

408 1919 573 1972 αὑτοῦ
612 1918 806 1985 Τοϐίας
839 1919 1088 1976 ἀπελθὼν
1133 1924 1214 1986 είς
1256 1922 1354 1994 τὴν
1386 1924 1619 1995 Μηδίαν,
1664 1925 1757 1978 καλ⁵
1808 1923 1982 1994 θάψας

407 2008 532 2071 τοὺς
557 2007 850 2079 πενθερούς
887 2009 1072 2074 αὑτοῦ,
1114 2011 1206 2063 καὶ
1239 2011 1475 2075 ἀκούσας
1520 2013 1772 2084 περὶτῆς
1814 2029 1983 2066 κατα-

409 2095 647 2166 στροφῆς
679 2094 885 2159 Νινευῒ,
943 2097 1180 2150 ἀπέθανε
1219 2099 1314 2152 καὶ
1359 2101 1515 2162 0616;
1549 2099 1628 2171 ρξ’
1702 2099 1838 2154 ἐτῶν
1883 2099 1977 2152 ὧν.

411 2183 521 2235 K01
543 2183 601 2236 ἐν
629 2183 837 2247 τούτοις
864 2184 1013 2248 τέλος
1041 2185 1151 2254 ἔχει
1177 2187 1269 2238 καὶ
1292 2187 1450 2239 τοῦτο
1469 2187 1530 2239 16
1563 2186 1786 2256 βιϐλίον.

935 2329 1177 2380 Βιϐλίων
1215 2329 1450 2382 Vana/70.

487 2463 672 2518 106610
704 2464 948 2519 καλεῖται
976 2465 1037 2517 16
1067 2464 1289 2534 βιϐλίον,
1319 2467 1503 2539 ἐπειδὴ
1541 2469 1978 2541 πολεμουμένους

406 2553 502 2607 καὶ
533 2553 1022 2624 πολιορκουμένους
1052 2553 1157 2606 ὑπὸ
1200 2554 1292 2607 τοῦ
1332 2555 1650 2627 Ὀλοφέρνου
1677 2558 1804 2622 τοῦς
1830 2560 1978 2623 υίοῦς

418 2641 632 2712 Ἰσραὴλ
655 2641 683 2692 6
708 2641 837 2704 Θεὸς
863 2640 950 2694 διὰ
977 2643 1075 2710 τῆς
1105 2640 1288 2694 Ἰουδὶθ
1317 2644 1439 2705 τοὺς
1467 2643 1567 2712 μέν
1597 2645 1757 2709 λαοὺς
1783 2645 1973 2709 ἔσωσε,

403 2730 494 2782 166
536 2730 592 2782 66
633 2729 952 2800 ὐλοφέρνην
985 2729 1273 2794 ἐπάταξεν.
1317 2729 1381 2783 'H
1429 2731 1487 2784 66
1541 2734 1749 2806 ἱστορία
1793 2735 1932 2807 αῦτη
1959 2749 1972 2763 ⁸

404 2816 866 2887 Ναϐουχοδονόσορ
889 2819 918 2870 6
949 2816 1196 2886 βασιλεὺς
1252 2817 1362 2871 τῶν
1407 2820 1977 2894 ’Δσσυρίων,πόλεμον

403 2906 540 2975 ἔχων
571 2905 706 2975 πρὸς
741 2903 1010 2975 Ἀρφάξαδ
1037 2904 1261 2974 βασιλέα
1292 2905 1510 2976 Μήδων,
1545 2907 1714 2977 ᾔτησε
1754 2927 1975 2981 συμμα-

407 2994 528 3062 χίαν
566 2991 718 3064 παρὰ
764 2991 872 3045 τῶν
920 2991 1088 3045 ἐθνῶν
1128 2993 1342 3045 πάντων
1394 2993 1498 3055 ἕως
1539 2993 1837 3063 Αἰγύπτου.
1885 3000 1975 3070 Μὴ

399 3080 705 3133 δεδωκότων
756 3079 811 3133 δὲ
859 3078 1071 3146 αύτῶν,
1120 3079 1232 3132 ἀλλ’
1287 3080 1681 3152 ἀντειρηκότων
1719 3083 1935 3136 πάντων
1958 3123 1973 3148 ,

404 3166 542 3237 μετὰ
595 3167 653 3220 τὸ
706 3167 924 3236 νικῆσαι
969 3168 1062 3220 καὶ
1111 3168 1492 3238 περιγενέσθαι
1543 3168 1638 3221 τοῦ
1682 3169 1972 3241 Ἀρφάξαδ,

399 3255 551 3308 ἔθετο
592 3254 732 3307 κατὰ
778 3254 882 3306 τῶν
919 3254 993 3324 μὴ
1021 3254 1327 3308 δεδωκότ’ων
1378 3255 1630 3324 πόλεμον.
1683 3259 1792 3312 K01
1839 3260 1976 3313 ἀπέ-

401 3342 575 3396 στειλε
617 3342 707 3395 166
747 3343 1071 3413 Ὀλοφέρνην
1104 3343 1241 3414 μετά
1288 3345 1567 3414 δυνάμεως
1613 3346 1812 3418 πολλῆς
1857 3350 1973 3402 κατ’

398 3432 596 3485 αὐτῶν.
637 3429 718 3484 Τὰ
755 3431 850 3500 μὲν
875 3425 968 3483 οὖν
997 3429 1130 3484 ἄλλα
1163 3430 1343 3483 πάντα
1381 3432 1505 3502 ἔθνη
1547 3433 1736 3497 ἔλαϐε,
1785 3436 1879 3488 καὶ
1907 3437 1976 3490 τὰ

399 3520 592 3572 εἴδωλα
628 3518 804 3572 αὐτῶν
842 3518 1183 3588 συνέτριψεν.
1221 3520 1284 3570 Οί
1312 3519 1366 3574 δέ
1400 3521 1504 3574 υἱοὶ
1539 3524 1753 3595 Ἰσραὴλ
1798 3526 1976 3595 ἠσφα-

397 3608 614 3662 λίσαντο
647 3609 891 3671 ἑαυτοὺς,
928 3608 1019 3660 καὶ
1058 3609 1156 3677 οὐχ
1185 3609 1501 3679 ὑπήκουσαν
1538 3613 1617 3683 τῷ
1658 3614 1970 3689 Ὀλοφέρνῃ,

398 3695 522 3748 ούτε
551 3695 893 3767 ἐφοϐήθησαν
914 3693 1078 3749 αὑτοῦ
1097 3695 1196 3766 τὴν
1221 3697 1468 3768 ἀπειλήν.
1506 3700 1563 3752 'U
1587 3701 1765 3755 τοίνυν
1797 3705 1975 3774 ἱερεὺς

413 3784 662 3853 Ἰωακεὶμ
691 3781 893 3852 ἔγραψε
926 3785 1038 3846 τοῖς
1077 3783 1135 3835 ἐν
1166 3784 1436 3858 Βετυλούᾳ
1459 3789 1659 3858 φράξαι
1693 3790 1787 3860 τήν
1820 3790 1973 3866 [566]

398 3870 517 3924 6666
552 3871 886 3949 ’010969606,
918 3869 1104 3941 ἐπειδὴ
1131 3870 1340 3924 ἐκεῖθεν
1371 3868 1438 3943 ῆν
1469 3875 1640 3928 αὑτοῦ
1667 3877 1857 3949 ήόδδς,
1882 3882 1974 3934 καὶ

399 3959 658 4030 ἔφραξαν.
713 3960 823 4012 K01
867 3960 896 4012 6
942 3958 1040 4030 μὲν
1095 3958 1421 4032 Ὀλοφέρνης
1471 3964 1842 4034 παρετάσσετο
1894 3969 1973 4032 είς

399 4048 652 4120 πόλεμον.
703 4047 900 4122 ’Δχιὼρ
930 4050 987 4103 δὲ
1028 4050 1058 4102 6
1102 4050 1402 4121 ἡγούμενος
1435 4053 1543 4105 τῶν
1584 4055 1713 4106 υίῶν
1750 4056 1972 4128 ’Δμμὼν

400 4138 776 4191 συνεϐούλευσε
797 4137 874 4209 τῷ
914 4138 1209 4209 Ὀλοφέρνῃ
1239 4141 1312 4210 μὴ
1335 4139 1589 4210 πολεμεῖν
1604 4142 1666 4194 τὸ
1689 4143 1838 4208 ἐθνος
1864 4146 1972 4198 τῶν

411 4226 676 4298 Ἐϐραίων
705 4226 791 4280 διὰ
825 4227 887 4279 τὸ
916 4227 1309 4298 ὑπερασπίζειν
1338 4228 1516 4281 αὐτῶν
1548 4229 1638 4283 τὸν
1679 4230 1830 4285 Θεόν.
1863 4234 1973 4286 Καὶ

398 4314 671 4384 ὀργισθεὶς
733 4314 1056 4385 Ὀλοιρέρνης
1117 4315 1460 4386 ἀπέστρεψεν
1512 4317 1673 4370 06166
1732 4321 1810 4383 είς
1877 4320 1972 4372 Βε-

397 4401 581 4463 τουλᾶ,
611 4401 909 4471 ἀπειλήσας
943 4403 1187 4472 ἀναιρεῖν
1218 4403 1380 4455 06166
1408 4405 1455 4454 εί
1488 4405 1826 4474 περιγένοιτο
1865 4408 1972 4463 τῶν

411 4487 694 4558 Ἑϐραίων.
747 4490 804 4540 '0
847 4488 943 4557 μὲν
969 4484 1064 4541 οῦν
1109 4488 1304 4559 ’Λχιὼρ
1333 4484 1400 4558 ῆν
1437 4490 1972 4548 13.51061566011066-

401 4592 580 4647 μενος.
621 4577 678 4628 '0
715 4575 772 4630 66
817 4577 1138 4648 ὐλοφέρνης
1167 4577 1470 4646 ἐπολιόρκει
1497 4578 1596 4650 τὴν
1629 4579 1799 4641 πόλιν,
1834 4599 1969 4656 προ-

397 4663 718 4718 καταλαϐὼν
749 4665 817 4719 τὰ
856 4664 1042 4720 ὕδατα.
1086 4664 1224 4735 Ἤδη
1260 4665 1317 4718 δέ
1355 4664 1448 4718 τοῦ
1480 4665 1609 4718 λαοῦ
1657 4667 1970 4734 ἐκλυθέντος

393 4751 483 4806 διὰ
514 4753 573 4806 τὸ
597 4752 767 4824 δίψος,
797 4753 888 4806 καὶ
931 4752 1230 4823 μελλόντων
1259 4753 1505 4807 ἐκδοῦναι
1539 4753 1635 4826 τὴν
1679 4756 1831 4811 πόλιν
1862 4759 1971 4813 τῶν

393 4843 688 4916 ἀρχόντων,
739 4843 921 4897 106610
949 4843 1294 4898 ἀποϐαλοῦσα
1313 4844 1378 4896 τὰ
1406 4847 1502 4916 τῆς
1534 4846 1757 4916 χηρείας
1781 4848 1968 4917 ίμάτια

395 4931 634 4999 (ἐπένθει
661 4930 768 5002 γὰρ
791 4931 880 4984 τὸν
913 4931 1099 5002 ἄνδρα,
1135 4932 1230 4984 καὶ
1251 4933 1318 4985 δι’
1345 4933 1466 4985 ὅλου
1492 4933 1826 5003 νηστεύουσα
1853 4931 1967 5006 ἧν),

393 5017 696 5088 ἐκόσμησεν
745 5017 940 5087 ἑαυτὴν
967 5019 1042 5080 ὡς
1073 5019 1310 5089 νύμφην,
1359 5021 1454 5073 καὶ
1497 5021 1666 5074 πολλὰ
1719 5040 1970 5092 παρακα-

393 5101 626 5162 λέσασα,
667 5102 805 5155 ὥστε
837 5104 910 5173 μὴ
956 5102 1204 5158 ἐκδοῦναι
1235 5103 1334 5174 τὴν
1368 5106 1523 5159 πόλιν
1559 5108 1716 5178 ἄχρις
1748 5110 1968 5180 ἡμερῶν

395 5191 461 5255 ε’,
490 5190 709 5260 ἐξῆλθεν
742 5191 878 5261 αὑτὴ
914 5192 1049 5262 πρὸς
1083 5193 1174 5245 τὸν
1208 5192 1555 5264 Ὀλοφέρνην,
1592 5197 1686 5248 καὶ
1712 5199 1776 5266 τῇ
1807 5198 1968 5269 σοφίᾳ

393 5277 562 5347 αὐτῆς
592 5277 920 5346 ἀπατήσασα
953 5278 1134 5339 αὑτὸν,
1166 5281 1231 5349 τῇ
1262 5280 1419 5351 τρίτῃ
1463 5280 1648 5352 ἡμέρᾳ
1688 5281 1968 5352 ἀπεκεφά-

393 5365 540 5419 λισεν
593 5365 753 5417 αὐτὸν
804 5364 892 5436 [τῇ
935 5365 1096 5439 τρίτῃ
1134 5366 1368 5438 ἡμέρᾳ),
1416 5367 1750 5436 ἀγνοούντων
1806 5387 1968 5444 στρα-

391 5451 600 5506 τιωτῶν
645 5451 839 5516 αὑτοῦ,
883 5455 974 5506 καὶ
1011 5453 1152 5507 οὕτω
1198 5454 1382 5509 λοιπὸν
1414 5456 1520 5509 ἀπὸ
1556 5456 1649 5510 τοῦ
1675 5458 1885 5529 τείχους
1916 5462 1965 5513 οί

393 5540 605 5596 πολῖται
653 5540 967 5611 ἁφάψαντες
1009 5541 1110 5613 τὴν
1160 5543 1402 5615 κεφαλὴν
1456 5545 1805 5618 Ὀλοφέρνου,
1853 5551 1966 5612 τοῖς

389 5630 554 5684 αὖτοῦ
613 5634 938 5702 στρατηγοῖς
996 5631 1298 5697 ὑπέδειξαν.
1364 5634 1644 5689 Ἐντεῦθεν
1689 5637 1738 5688 οί
1793 5637 1901 5709 γὰρ
1936 5652 1962 5679 ει

454 5790 480 5821 ⁸
506 5792 601 5840 Pro
620 5795 703 5856 γάρ
726 5796 821 5859 leg.
850 5800 946 5858 μέν.

3568 327 3676 381 36?.

2113 443 2385 513 Ἀσσύριοι
2435 442 2665 510 ἔφυγον.
2714 445 2762 494 οἱ
2814 441 2870 494 δὲ
2914 442 3020 495 υἱοὶ
3071 440 3284 510 Ἰσραὴλ
3335 441 3674 508 πανταχόθεν

2101 517 2495 599 συνδραμόντες
2530 529 2837 594 κατέκοψαν
2866 531 2993 592 τοὺς
3039 528 3369 598 Ἀσσυρίους.
3399 527 3676 590 Σωθέντες

2097 617 2151 669 δὲ
2187 617 2282 669 καὶ
2326 615 2719 677 σκυλεύσαντες
2766 617 2895 678 τοίκ
2944 615 3252 685 πολεμίους,
3293 614 3564 667 δεδώκασι
3607 618 3672 684 τῇ

2099 703 2288 756 Ἰουδὶθ
2325 703 2500 756 πάντα
2534 703 2602 756 τά
2640 701 2732 756 τοῦ
2794 701 3135 773 Ὀλοφέρνου.
3181 700 3328 771 Αὐτὴ
3377 699 3437 752 66
3485 699 3671 752 106616

2097 791 2404 844 ἀπελθοῦσα
2435 793 2513 854 είς
2540 791 2893 863 Ἰερουσαλὴμ
2921 790 3148 860 ἀνέθηκε
3170 789 3340 842 πάντα
3357 787 3437 857 τῷ
3457 788 3671 858 Κυρίῳ,

2099 880 2192 931 καὶ
2217 879 2590 948 ἐπιστρέψασα
2619 880 2696 942 είς
2716 879 2805 932 τὸν
2834 873 2979 932 οἷκον
3012 878 3202 946 αὐτῆς,
3231 875 3330 946 τὴν
3361 875 3538 945 αὐτὴν
3561 872 3674 944 εἶχε

2096 967 2350 1036 ἄσκησιν,
2402 965 2496 1018 καὶ
2537 966 2803 1036 διέμεινεν
2828 966 2931 1028 ἕως
2961 965 3190 1018 θανάτου
3225 964 3388 1033 χήρα,
3445 963 3676 1032 μηδενὸς

2096 1052 2264 1123 αὐτὴν
2292 1052 2562 1122 ἰσχύοντος
2592 1055 2776 1105 πεῖσαι
2805 1053 2942 1123 πρὸς
2970 1053 3148 1121 γάμον
3181 1050 3371 1102 ἐλθεῖν.
3404 1048 3674 1102 Ἀπέθανε

2095 1139 2150 1191 δέ
2172 1140 2381 1209 ζήσασα
2407 1139 2584 1202 καλῶς
2611 1142 2669 1192 ἐν
2688 1143 2752 1210 τῇ
2781 1139 2977 1211 χηρείᾳ
3005 1135 3175 1206 αὐτῆς
3199 1135 3336 1190 ἐτῶν
3353 1143 3453 1208 ρε’.
3481 1136 3596 1189 K01
3619 1137 3674 1188 ἐν

2095 1225 2303 1290 τούτοις
2335 1226 2484 1290 τέλος
2514 1225 2624 1296 ἔχει
2648 1225 2710 1278 16
2738 1225 2959 1295 βιϐλίον.

2683 1346 2813 1402 Ἰὼϐ
2833 1346 3095 1410 βιϐλίον.

2178 1472 2298 1526 Ἰὼϐ
2332 1473 2572 1526 καλεῖται
2607 1472 2666 1525 16
2704 1470 2904 1541 βιϐλίον
2927 1512 2943 1536 ,
2983 1469 3170 1542 ἐπειδὴ
3203 1471 3302 1541 τὴν
3346 1469 3471 1522 κατ’
3504 1468 3674 1522 06166

2098 1559 2336 1630 ίστορίαν
2363 1558 2632 1630 περιέχει,
2678 1557 2793 1622 πῶς
2824 1573 2882 1610 τε
2915 1553 3148 1609 πέπονθε
3199 1553 3518 1624 πειρασθεὶς
3567 1553 3673 1606 61:6

2093 1645 2186 1699 τοῦ
2235 1645 2480 1700 διαϐόλου
2508 1686 2522 1708 ,
2566 1647 2660 1699 καὶ
2707 1645 2934 1715 νικήσας
2971 1641 3131 1696 06166
3164 1645 3222 1695 66
3261 1641 3338 1712 τῷ
3372 1642 3672 1713 ὑπομεῖναι

2093 1733 2331 1797 εύσεϐὦς
2371 1734 2470 1796 τὰς
2500 1731 2879 1802 ἐπενεχθείσας
2907 1729 3054 1801 αῦτῷ
3095 1729 3335 1802 πληγάς·
3370 1731 3467 1783 καὶ
3504 1729 3671 1782 διπλᾶ

2093 1823 2270 1876 πάντα
2299 1821 2556 1887 ἀπέλαϐε,
2590 1823 2684 1876 καὶ
2720 1820 2941 1890 γέγονεν
2967 1819 3298 1890 ἐνδοξότερος
3325 1819 3467 1889 ὑπὲρ
3512 1818 3544 1870 6
3582 1814 3667 1887 ἦν.

2094 1910 2332 1964 Πέπονθε
2360 1910 2418 1963 66
2438 1909 2574 1963 ἐτῶν
2596 1909 2671 1962 ὢν
2696 1916 2757 1974 0',
2792 1908 3026 1980 ἐπέζησε
3057 1909 3114 1962 δὲ
3152 1907 3287 1978 μετά
3313 1907 3412 1971 τὰς
3448 1906 3670 1977 πληγὰς

2092 1996 2185 2066 ἐτη
2221 2004 2312 2068 90',
2340 1997 2414 2060 ὠς
2445 1994 2580 2049 εἶναι
2605 1996 2675 2050 τὰ
2700 1997 2880 2050 πάντα
2911 1997 3010 2066 τῆς
3038 1996 3182 2065 ζωῆς
3216 1995 3376 2049 αὑτοῦ
3409 1994 3509 2063 ἐτη
3554 2003 3667 2064 σμ’.

2091 2086 2284 2154 Γέγονε
2328 2085 2385 2138 66
2428 2085 2548 2139 Ἰὼϐ
2592 2085 2695 2156 πρὸ
2740 2085 3055 2148 Μωῦσέως·
3104 2084 3212 2137 ἀπὸ
3259 2084 3367 2155 γὰρ
3411 2085 3669 2154 Ἀϐραὰμ

2091 2175 2339 2245 πέμπτος
2370 2169 2458 2244 ἦν,
2489 2173 2710 2242 ἔγγονος
2769 2172 2958 2227 Ἡσαῦ.
3000 2171 3101 2226 Διά
3128 2173 3184 2226 δὲ
3223 2172 3321 2243 τὴν
3360 2174 3667 2243 γενομένην

2089 2265 2211 2315 κατ’
2239 2262 2404 2316 αὐτοῦ
2435 2261 2649 2331 πληγὴν
2686 2256 2849 2330 ἦλθον
2883 2259 3019 2331 πρὸς
3046 2259 3206 2314 06166
3233 2259 3373 2329 φίλοι
3404 2276 3666 2331 παρακα-

2089 2352 2200 2404 λεῖν
2214 2351 2396 2414 06166,
2426 2350 2520 2405 καὶ
2540 2349 2792 2404 τοσοῦτον
2815 2348 3132 2419 φιλονείκως
3151 2350 3244 2403 καὶ
3265 2349 3513 2419 ἀνηλεῶς
3535 2349 3666 2419 πρὸς

2089 2439 2252 2492 06166
2279 2437 2592 2508 διετέθησαν
2638 2440 2753 2501 τοῖς
2799 2436 2997 2506 λόγοις,
3053 2435 3194 2490 ὥστε
3243 2437 3335 2490 καὶ
3385 2437 3664 2506 ἁμαρτίαν

2088 2527 2269 2589 αὐτοῖς
2293 2526 2355 2578 16
2384 2528 2614 2597 πρᾶγμα
2632 2525 2966 2596 λογισθῆναι.
3001 2525 3056 2578 Ὀ
3078 2523 3135 2578 δέ
3174 2523 3292 2578 Ἰὼϐ
3315 2525 3662 2595 παρεκάλεσε

2084 2612 2177 2666 τὸν
2206 2613 2338 2666 Θεὸν
2359 2613 2498 2684 ὑπὲρ
2523 2613 2724 2678 αὺτιῖιν,
2755 2615 2848 2666 καὶ
2876 2612 3226 2685 συνεχωρήθη
3269 2614 3474 2674 αὐτοῖς.
3513 2614 3660 2665 Εἰσὶν

2085 2696 2178 2754 οὖν
2202 2700 2278 2770 τῷ
2319 2699 2436 2753 Ἰὼϐ
2464 2699 2700 2769 διάλογοι
2720 2700 2854 2771 πρὸς
2870 2701 2993 2764 τοὺς
3017 2700 3201 2769 φίλους
3217 2697 3267 2771 η’
3282 2719 3293 2730 ·
3317 2699 3409 2753 τοῦ
3436 2700 3660 2769 Ἑλιφάζ

2085 2787 2224 2859 πρὸς
2267 2787 2428 2842 αὐτὸν
2453 2791 2629 2857 τρεῖς·
2683 2787 2778 2841 τοῦ
2829 2787 3028 2858 Σωφάρ
3061 2785 3193 2858 πρὸς
3217 2786 3377 2840 αὑτὸν
3407 2787 3507 2839 δύο
3529 2803 3541 2814 ·
3574 2789 3662 2841 καὶ

2085 2875 2176 2928 τοῦ
2208 2874 2408 2929 Βαλδάδ
2434 2877 2604 2947 τρεῖς.
2632 2876 2753 2928 Ἔτι
2782 2875 2837 2928 δέ
2871 2875 2965 2928 καὶ
2992 2873 3084 2927 τοῦ
3135 2873 3341 2937 Ἐλιοῦζ
3361 2873 3456 2925 τοῦ
3488 2874 3664 2942 Βαρα-

2086 2964 2210 3035 χιὴλ
2235 2964 2329 3017 τοῦ
2362 2963 2633 3028 Βουζίτου.
2666 2963 2775 3015 Καὶ
2806 2961 2989 3015 λοιπὸν
3028 2963 3054 3014 6
3102 2960 3301 3031 Κύριος
3334 2960 3660 3029 χρηματίζει

2085 3051 2162 3123 τῷ
2203 3052 2322 3105 Ἰὼϐ
2353 3052 2442 3106 διὰ
2481 3052 2742 3115 λαίλαπος
2773 3052 2867 3105 καὶ
2893 3051 3141 3121 νεφέλης.
3185 3050 3573 3120 Ἀποκρίνετιι
3611 3052 3658 3103 δὲ

2086 3140 2181 3194 καὶ
2221 3140 2339 3194 Ἰὼϐ
2369 3139 2444 3210 τῷ
2476 3139 2665 3212 Κυρίῳ
2697 3138 2787 3193 διὰ
2825 3139 2997 3209 λόγων
3033 3139 3147 3192 δύο.
3181 3139 3291 3192 K01
3317 3137 3479 3192 τοῦτο
3512 3140 3659 3200 τέλος

2085 3228 2196 3299 ἔχει
2231 3229 2294 3281 τὸ
2319 3226 2541 3298 βιϐλίον.

2160 3332 2315 3384 Ἔστι
2366 3331 2423 3384 δέ
2469 3333 2498 3384 6
2556 3331 2758 3396 σκοπὸς
2792 3330 2960 3386 αὑτοῦ
2991 3333 3135 3396 ἀπας
3186 3330 3322 3402 πρὸς
3380 3331 3660 3400 ὑπομονὴν

2085 3417 2482 3489 ἐκκαλούμενος
2514 3417 2664 3491 [567]
2702 3419 2829 3482 τοὺς
2854 3421 2913 3472 ἐν
2945 3422 3265 3492 πειρασμοῖς
3297 3420 3657 3486 περιπίπτον-

2082 3524 2200 3571 τας,
2241 3507 2344 3560 κᾶν
2374 3506 2514 3559 πάνυ
2550 3508 2639 3559 ἐπ’
2675 3506 2926 3578 εὐσεϐείᾳ
2950 3507 3416 3578 μεμαρτύρηνται,
3454 3507 3558 3560 καὶ
3591 3507 3659 3578 μὴ

2086 3593 2532 3658 σκανδαλίζεσθαι
2555 3634 2570 3657 ,
2602 3593 2718 3646 ἀλλ’
2747 3593 3067 3662 ἐπιφωνεῖν·
3116 3595 3168 3646 '0
3208 3594 3415 3662 Κύριος
3447 3593 3656 3650 ἔδωκε.

2084 3685 2118 3736 ὀ
2136 3683 2345 3750 Κύριος
2363 3682 2642 3750 ἀφείλετο
2659 3699 2672 3710 ·
2703 3682 2784 3748 ώς
2809 3680 2888 3746 τῷ
2908 3683 3102 3749 Κυρίῳ
3130 3681 3358 3746 ἔδοξεν,
3377 3681 3541 3734 οὕτω
3568 3682 3656 3734 καὶ

2082 3769 2350 3840 ἐγένετο·
2382 3770 2474 3838 εἴη
2514 3769 2581 3822 τὸ
2622 3769 2810 3839 ὄνομα
2846 3771 3065 3837 Κυρίου
3099 3768 3513 3837 εὐλοτημένον
3544 3770 3657 3822 ἀπὸ

2082 3858 2190 3912 τοῦ
2225 3858 2344 3913 νῦν
2377 3859 2477 3913 καί
2503 3858 2614 3925 ἕως
2644 3857 2753 3912 τοῦ
2793 3856 3033 3923 αίῶνος·
3062 3856 3142 3910 ἐτι
3174 3857 3267 3932 καὶ
3302 3857 3381 3920 τὸ,
3415 3856 3658 3924 Γυμνές

2081 3944 2342 4013 ἐξῆλθον
2365 3947 2433 4000 ἐκ
2462 3947 2694 4012 κοιλίας
2711 3946 2936 4014 μητρός
2965 3962 3104 4014 μου,
3138 3945 3362 4014 γυμνὸς
3393 3944 3490 3995 καὶ
3518 3946 3654 3997 dxe-

2079 4036 2370 4102 λεύσομαι
2394 4033 2549 4087 ἐκεῖ·
2585 4034 2680 4086 καὶ
2714 4033 2963 4086 ἐντεῦθεν
2987 4032 3173 4086 λοιπὸν
3196 4031 3488 4101 μανθάνειν
3520 4033 3650 4098 πόση

2081 4121 2181 4192 τῆς
2220 4121 2496 4192 ὑπομονῆς
2539 4122 2571 4192 ἡ
2617 4121 2884 4190 ὠφέλεια·
2932 4121 3025 4173 καὶ
3061 4120 3168 4192 γὰρ
3212 4119 3456 4172 ἐντεῦθεν
3502 4122 3655 4172 κάκεῖ

2079 4207 2180 4277 τὴν
2211 4206 2633 4278 μισθαποδοσίαν
2685 4207 2945 4277 λήψονται
2995 4206 3071 4270 ὡς
3109 4206 3246 4260 Ἰώϐ.
3295 4205 3416 4259 Ἔτι
3451 4206 3516 4260 66
3571 4207 3654 4257 καὶ

2081 4293 2336 4366 ἀναδείξῃ
2381 4297 2410 4348 6
2460 4295 2590 4360 Θεὸς
2643 4294 2971 4364 ἀπείραστος
3009 4294 3236 4356 κακῶν,
3293 4293 3552 4363 πειράζει

2080 4382 2305 4435 οὐδένα·
2333 4383 2788 4453 παραχωροῦντος
2829 4382 2887 4434 δὲ
2921 4380 3014 4436 τοῦ
3052 4380 3186 4434 Θεοῦ
3222 4382 3523 4448 πειρασμοὶ
3553 4383 3653 4441 τοῖς

2081 4469 2386 4541 ἀνθρώποις
2407 4469 2514 4523 6116
2534 4469 2800 4538 δαιμόνων
2823 4469 3162 4540 ἐπέρχονται,
3187 4468 3272 4522 διὰ
3305 4468 3403 4537 τὴν
3421 4468 3652 4521 ἐκάστω

2080 4559 2308 4629 δοκιμὴν
2362 4558 2458 4611 καὶ
2503 4559 2798 4613 τελείωσιν.
2850 4558 2987 4611 Φασὶ
3031 4557 3089 4610 δὲ
3158 4557 3479 4626 Σολομῶντα
3537 4574 3652 4609 συν-

2079 4646 2359 4717 τεταχέναι
2385 4647 2480 4700 καὶ
2506 4646 2664 4699 τοῦτο
2699 4647 2760 4699 16
2787 4645 3010 4716 βιϐλίον,
3042 4647 3090 4698 εί
3121 4645 3194 4715 μὴ
3227 4647 3337 4714 ἄρα
3374 4645 3651 4704 Μωῡσέως

2079 4735 2196 4788 ἐστὶ
2227 4735 2585 4805 σύγγραμμα.
2635 4734 2699 4787 Ἢ
2727 4734 2825 4804 μὲν
2848 4734 3074 4804 περιοχὴ
3105 4731 3199 4785 τοῦ
3235 4730 3441 4801 βιϐλίου
3468 4732 3650 4783 τοῦτον

2079 4825 2190 4895 ἔχει
2235 4825 2327 4878 τὸν
2374 4825 2592 4894 τρόπον.
2657 4825 2724 4877 Ἦ
2773 4823 2828 4877 δὲ
2876 4821 3343 4891 ἀνακεφαλαίωσίς
3392 4823 3543 4875 ἐστιν
3597 4823 3650 4872 ἐν

2077 4914 2307 4976 τούτοις.
2354 4912 2442 4965 Ἐν
2483 4910 2790 4982 προοιμίοις
2821 4910 2938 4980 μὲν,
2986 4910 3060 4974 ὼς
3101 4905 3169 4981 ἦν
3211 4908 3328 4962 Ἰὼϐ
3377 4909 3544 4962 οἰκῶν
3599 4911 3648 4959 ἐν

2077 4999 2232 5072 χώρᾳ
2286 5002 2353 5071 τῇ
2418 4997 2662 5052 Δύσίτιδι
2700 5014 2716 5029 ·
2776 4993 2896 5050 εἶτα
2953 4997 3227 5069 μαρτυρία
3281 4997 3380 5066 τῆς
3430 4996 3645 5068 Γραφῆς

2079 5089 2207 5156 περὶ
2243 5087 2340 5157 τῆς
2381 5084 2592 5156 ἀγαθῆς
2628 5083 2788 5138 αὑτοῦ
2820 5084 3124 5149 πολιτείας·
3172 5082 3265 5138 καὶ
3295 5084 3380 5136 ὅτι
3417 5079 3558 5154 ἦσαν
3602 5086 3642 5134 oi

2078 5175 2184 5228 υἱοὶ
2219 5173 2367 5244 αύτῷ
2399 5174 2472 5238 ζ’,
2515 5172 2608 5228 καὶ
2642 5173 2937 5244 θυγατέρες
2973 5179 3025 5238 ς’
3053 5189 3069 5204 ·
3115 5173 3208 5226 καὶ
3241 5173 3368 5244 περὶ
3416 5170 3642 5243 ἀριθμοῦ

2075 5264 2184 5317 τῶν
2208 5262 2418 5335 κτηνῶν
2447 5261 2631 5316 αὑτοῦ.
2654 5261 2766 5316 Καὶ
2790 5262 2870 5315 ὅτι
2904 5261 3257 5333 πορευόμενοι
3277 5262 3325 5313 οί
3353 5261 3462 5314 υἱοὶ
3484 5258 3638 5314 αὑτοῦ

2077 5354 2212 5426 πρὸς
2243 5353 2524 5426 ἀλλήλους,
2570 5353 2786 5408 ἐποίουν
2815 5355 2976 5407 πότον
3004 5352 3125 5406 καθ’
3152 5352 3390 5420 ἑκάστην
3438 5352 3639 5423 ἡμέραν

2079 5443 2174 5495 σὺν
2193 5444 2310 5505 ταῖς
2336 5442 2510 5511 τρισὶν
2543 5440 2796 5509 ἀδελφαῖς
2831 5440 3027 5494 αὐτῶν.
3057 5439 3160 5494 Καὶ
3189 5437 3478 5492 ἐπέστελλε
3529 5436 3640 5492 Ἰὼϐ

2076 5530 2171 5583 καὶ
2208 5527 2499 5598 ἐκαθάριζε
2541 5529 2667 5591 τοὺς
2715 5530 2865 5592 6106;
2912 5528 3099 5592 αὐτοῦ,
3148 5527 3474 5599 προσφέρων
3519 5523 3636 5595 περὶ

2075 5616 2254 5670 αὐτῶν
2271 5616 2458 5669 θυσίαν
2474 5614 2549 5685 τῷ
2565 5615 2774 5685 Κυρίῳ.
2803 5613 2998 5687 Πρώτη
3024 5613 3297 5686 μαρτυρία
3316 5612 3410 5666 τοῦ
3438 5610 3633 5682 Κυρίου

2078 5705 2203 5772 περὶ
2231 5703 2324 5754 τοῦ
2363 5701 2484 5756 Ἰὼϐ
2514 5702 2647 5773 πρὸς
2683 5701 2776 5755 τὸν
2809 5701 3073 5766 διάϐολον,
3106 5701 3293 5772 πρώτη
3324 5697 3634 5769 φθονολογίσ

2075 5790 2167 5842 τοῦ
2181 5788 2424 5843 διαϐόλου
2450 5791 2577 5860 περὶ
2599 5789 2718 5843 Ἰὼϐ
2740 5789 2872 5861 πρὸς
2892 5789 2983 5844 166
2994 5789 3212 5862 Κύριον.
3236 5789 3474 5843 Ἔδωκεν
3496 5784 3635 5853 ἐξου-
