  <div class='ocr_page' id='page_1' title='image "/cluster/home/n/w/nwhite01/storage/ocr_20150623/56/hvd.32044019304435/352.png"; bbox 0 0 3720 6274; ppageno 0'>
   <div class='ocr_carea' id='block_1_1' title="bbox 108 330 2248 404">
    <p class='ocr_par' dir='ltr' id='par_1_1' title="bbox 108 330 2248 404">
     <span class='ocr_line' id='line_1_1' title="bbox 108 330 2248 404; baseline -0.007 -1"><span class='ocrx_word' id='word_1_1' title='bbox 108 349 168 404; x_wconf 67' lang='lat' dir='ltr'><strong>Si</strong></span> <span class='ocrx_word' id='word_1_2' title='bbox 1172 330 1496 397; x_wconf 80' lang='lat' dir='ltr'><strong>SYNOPSIS</strong></span> <span class='ocrx_word' id='word_1_3' title='bbox 1531 332 1942 393; x_wconf 63' lang='lat' dir='ltr'><strong>SCRIPTURE</strong></span> <span class='ocrx_word' id='word_1_4' title='bbox 1980 334 2248 393; x_wconf 67' lang='lat' dir='ltr'><strong>SACRE.</strong></span> 
     </span>
    </p>
   </div>
   <div class='ocr_carea' id='block_1_2' title="bbox 67 471 1657 547">
    <p class='ocr_par' dir='ltr' id='par_1_2' title="bbox 67 471 1657 547">
     <span class='ocr_line' id='line_1_2' title="bbox 67 471 1657 547; baseline -0.006 -12"><span class='ocrx_word' id='word_1_5' title='bbox 67 494 263 537; x_wconf 83' lang='lat' dir='ltr'><strong>versus</strong></span> <span class='ocrx_word' id='word_1_6' title='bbox 288 493 418 535; x_wconf 82' lang='lat' dir='ltr'><strong>vero</strong></span> <span class='ocrx_word' id='word_1_7' title='bbox 453 476 635 535; x_wconf 89' lang='lat' dir='ltr'><strong>oculos</strong></span> <span class='ocrx_word' id='word_1_8' title='bbox 662 474 824 547; x_wconf 99' lang='lat' dir='ltr'><strong>patris</strong></span> <span class='ocrx_word' id='word_1_9' title='bbox 852 474 973 530; x_wconf 82' lang='lat' dir='ltr'><strong>felle</strong></span> <span class='ocrx_word' id='word_1_10' title='bbox 1012 474 1172 545; x_wconf 81' lang='lat' dir='ltr'><strong>piscis</strong></span> <span class='ocrx_word' id='word_1_11' title='bbox 1195 474 1403 538; x_wconf 92' lang='lat' dir='ltr'><strong>oblinit,</strong></span> <span class='ocrx_word' id='word_1_12' title='bbox 1434 484 1488 529; x_wconf 88' lang='lat' dir='ltr'><strong>et</strong></span> <span class='ocrx_word' id='word_1_13' title='bbox 1515 471 1657 526; x_wconf 82' lang='lat' dir='ltr'><strong>deci-</strong></span> 
     </span>
    </p>
   </div>
   <div class='ocr_carea' id='block_1_3' title="bbox 65 563 1661 643">
    <p class='ocr_par' dir='ltr' id='par_1_3' title="bbox 65 563 1661 643">
     <span class='ocr_line' id='line_1_3' title="bbox 65 563 1661 643; baseline -0.008 -15"><span class='ocrx_word' id='word_1_14' title='bbox 65 573 205 629; x_wconf 90' lang='lat' dir='ltr'><strong>dunt</strong></span> <span class='ocrx_word' id='word_1_15' title='bbox 244 585 520 643; x_wconf 67' lang='lat' dir='ltr'><strong>squamae,</strong></span> <span class='ocrx_word' id='word_1_16' title='bbox 556 578 613 624; x_wconf 92' lang='lat' dir='ltr'><strong>et</strong></span> <span class='ocrx_word' id='word_1_17' title='bbox 661 582 783 625; x_wconf 80' lang='lat' dir='ltr'><strong>mox</strong></span> <span class='ocrx_word' id='word_1_18' title='bbox 824 568 996 621; x_wconf 90' lang='lat' dir='ltr'><strong>visum</strong></span> <span class='ocrx_word' id='word_1_19' title='bbox 1046 567 1245 636; x_wconf 82' lang='lat' dir='ltr'><strong>recepit</strong></span> <span class='ocrx_word' id='word_1_20' title='bbox 1283 579 1466 621; x_wconf 87' lang='lat' dir='ltr'><strong>senex.</strong></span> <span class='ocrx_word' id='word_1_21' title='bbox 1502 563 1661 618; x_wconf 86' lang='lat' dir='ltr'><strong>Tobit</strong></span> 
     </span>
    </p>
   </div>
   <div class='ocr_carea' id='block_1_4' title="bbox 68 656 1653 734">
    <p class='ocr_par' dir='ltr' id='par_1_4' title="bbox 68 656 1653 734">
     <span class='ocr_line' id='line_1_4' title="bbox 68 656 1653 734; baseline -0.006 -15"><span class='ocrx_word' id='word_1_22' title='bbox 68 679 235 734; x_wconf 86' lang='lat' dir='ltr'><strong>porro</strong></span> <span class='ocrx_word' id='word_1_23' title='bbox 255 678 379 719; x_wconf 91' lang='lat' dir='ltr'><strong>cum</strong></span> <span class='ocrx_word' id='word_1_24' title='bbox 398 671 695 717; x_wconf 73' lang='lat' dir='ltr'><strong>excmcatus</strong></span> <span class='ocrx_word' id='word_1_25' title='bbox 712 669 791 716; x_wconf 89' lang='lat' dir='ltr'><strong>est</strong></span> <span class='ocrx_word' id='word_1_26' title='bbox 804 673 1063 714; x_wconf 92' lang='lat' dir='ltr'><strong>annorum</strong></span> <span class='ocrx_word' id='word_1_27' title='bbox 1080 666 1194 714; x_wconf 90' lang='lat' dir='ltr'><strong>erat</strong></span> <span class='ocrx_word' id='word_1_28' title='bbox 1213 656 1308 727; x_wconf 89' lang='lat'><strong>58,</strong></span> <span class='ocrx_word' id='word_1_29' title='bbox 1324 672 1444 712; x_wconf 92' lang='lat' dir='ltr'><strong>cum</strong></span> <span class='ocrx_word' id='word_1_30' title='bbox 1473 665 1653 709; x_wconf 89' lang='lat' dir='ltr'><strong>autem</strong></span> 
     </span>
    </p>
   </div>
   <div class='ocr_carea' id='block_1_5' title="bbox 66 747 1663 823">
    <p class='ocr_par' dir='ltr' id='par_1_5' title="bbox 66 747 1663 823">
     <span class='ocr_line' id='line_1_5' title="bbox 66 747 1663 823; baseline -0.006 -14"><span class='ocrx_word' id='word_1_31' title='bbox 66 757 244 809; x_wconf 79' lang='lat' dir='ltr'><strong>visum</strong></span> <span class='ocrx_word' id='word_1_32' title='bbox 262 757 467 823; x_wconf 87' lang='lat' dir='ltr'><strong>recepit</strong></span> <span class='ocrx_word' id='word_1_33' title='bbox 493 768 752 808; x_wconf 90' lang='lat' dir='ltr'><strong>annorum</strong></span> <span class='ocrx_word' id='word_1_34' title='bbox 771 751 859 807; x_wconf 89' lang='lat'><strong>66.</strong></span> <span class='ocrx_word' id='word_1_35' title='bbox 883 750 1017 805; x_wconf 89' lang='lat' dir='ltr'><strong>Tum</strong></span> <span class='ocrx_word' id='word_1_36' title='bbox 1032 748 1244 804; x_wconf 91' lang='lat' dir='ltr'><strong>demum</strong></span> <span class='ocrx_word' id='word_1_37' title='bbox 1272 763 1393 803; x_wconf 91' lang='lat' dir='ltr'><strong>cum</strong></span> <span class='ocrx_word' id='word_1_38' title='bbox 1410 747 1663 802; x_wconf 76' lang='grc' dir='ltr'><strong>’1⁸01111νὶ-</strong></span> 
     </span>
    </p>
   </div>
   <div class='ocr_carea' id='block_1_6' title="bbox 67 840 1657 916">
    <p class='ocr_par' dir='ltr' id='par_1_6' title="bbox 67 840 1657 916">
     <span class='ocr_line' id='line_1_6' title="bbox 67 840 1657 916; baseline -0.007 -15"><span class='ocrx_word' id='word_1_39' title='bbox 67 847 246 910; x_wconf 89' lang='lat' dir='ltr'><strong>deret,</strong></span> <span class='ocrx_word' id='word_1_40' title='bbox 268 847 493 916; x_wconf 76' lang='lat' dir='ltr'><strong>angelus</strong></span> <span class='ocrx_word' id='word_1_41' title='bbox 512 860 630 900; x_wconf 88' lang='lat' dir='ltr'><strong>sese</strong></span> <span class='ocrx_word' id='word_1_42' title='bbox 647 843 1019 908; x_wconf 82' lang='lat' dir='ltr'><strong>manifeSIavit,</strong></span> <span class='ocrx_word' id='word_1_43' title='bbox 1039 841 1177 910; x_wconf 84' lang='lat' dir='ltr'><strong>quod</strong></span> <span class='ocrx_word' id='word_1_44' title='bbox 1198 840 1359 897; x_wconf 86' lang='lat' dir='ltr'><strong>homo</strong></span> <span class='ocrx_word' id='word_1_45' title='bbox 1376 856 1479 894; x_wconf 91' lang='lat' dir='ltr'><strong>non</strong></span> <span class='ocrx_word' id='word_1_46' title='bbox 1496 847 1657 905; x_wconf 89' lang='lat' dir='ltr'><strong>esset,</strong></span> 
     </span>
    </p>
   </div>
   <div class='ocr_carea' id='block_1_7' title="bbox 70 930 1659 1003">
    <p class='ocr_par' dir='ltr' id='par_1_7' title="bbox 70 930 1659 1003">
     <span class='ocr_line' id='line_1_7' title="bbox 70 930 1659 1003; baseline -0.005 -11"><span class='ocrx_word' id='word_1_47' title='bbox 70 938 165 992; x_wconf 87' lang='lat' dir='ltr'><strong>sed</strong></span> <span class='ocrx_word' id='word_1_48' title='bbox 198 953 230 991; x_wconf 85' lang='lat' dir='ltr'><strong>a</strong></span> <span class='ocrx_word' id='word_1_49' title='bbox 268 937 380 992; x_wconf 92' lang='lat' dir='ltr'><strong>Deo</strong></span> <span class='ocrx_word' id='word_1_50' title='bbox 408 938 623 999; x_wconf 92' lang='lat' dir='ltr'><strong>missus,</strong></span> <span class='ocrx_word' id='word_1_51' title='bbox 655 945 711 989; x_wconf 93' lang='lat' dir='ltr'><strong>ut</strong></span> <span class='ocrx_word' id='word_1_52' title='bbox 741 934 866 1003; x_wconf 86' lang='lat' dir='ltr'><strong>ipsis</strong></span> <span class='ocrx_word' id='word_1_53' title='bbox 892 942 945 987; x_wconf 94' lang='lat' dir='ltr'><strong>et</strong></span> <span class='ocrx_word' id='word_1_54' title='bbox 980 934 1155 989; x_wconf 80' lang='lat' dir='ltr'><strong>Same</strong></span> <span class='ocrx_word' id='word_1_55' title='bbox 1176 948 1329 1003; x_wconf 91' lang='lat' dir='ltr'><strong>opem</strong></span> <span class='ocrx_word' id='word_1_56' title='bbox 1355 932 1536 987; x_wconf 91' lang='lat' dir='ltr'><strong>ferret.</strong></span> <span class='ocrx_word' id='word_1_57' title='bbox 1559 930 1659 985; x_wconf 89' lang='lat' dir='ltr'><strong>Ubi</strong></span> 
     </span>
    </p>
   </div>
   <div class='ocr_carea' id='block_1_8' title="bbox 69 1019 1663 1092">
    <p class='ocr_par' dir='ltr' id='par_1_8' title="bbox 69 1019 1663 1092">
     <span class='ocr_line' id='line_1_8' title="bbox 69 1019 1663 1092; baseline -0.005 -10"><span class='ocrx_word' id='word_1_58' title='bbox 69 1042 201 1082; x_wconf 74' lang='lat' dir='ltr'><strong>vero</strong></span> <span class='ocrx_word' id='word_1_59' title='bbox 242 1041 410 1082; x_wconf 82' lang='lat' dir='ltr'><strong>senex</strong></span> <span class='ocrx_word' id='word_1_60' title='bbox 453 1025 619 1080; x_wconf 83' lang='lat' dir='ltr'><strong>factus</strong></span> <span class='ocrx_word' id='word_1_61' title='bbox 657 1034 799 1079; x_wconf 89' lang='lat' dir='ltr'><strong>esset</strong></span> <span class='ocrx_word' id='word_1_62' title='bbox 826 1022 1000 1088; x_wconf 87' lang='lat' dir='ltr'><strong>Tobit,</strong></span> <span class='ocrx_word' id='word_1_63' title='bbox 1034 1020 1405 1092; x_wconf 63' lang='lat' dir='ltr'><strong>praecepitﬁlio</strong></span> <span class='ocrx_word' id='word_1_64' title='bbox 1435 1034 1532 1075; x_wconf 92' lang='lat' dir='ltr'><strong>suo</strong></span> <span class='ocrx_word' id='word_1_65' title='bbox 1557 1019 1663 1074; x_wconf 85' lang='lat' dir='ltr'><strong>To-</strong></span> 
     </span>
    </p>
   </div>
   <div class='ocr_carea' id='block_1_9' title="bbox 68 1112 1665 1185">
    <p class='ocr_par' dir='ltr' id='par_1_9' title="bbox 68 1112 1665 1185">
     <span class='ocr_line' id='line_1_9' title="bbox 68 1112 1665 1185; baseline -0.004 -12"><span class='ocrx_word' id='word_1_66' title='bbox 68 1119 195 1185; x_wconf 78' lang='lat' dir='ltr'><strong>biae,</strong></span> <span class='ocrx_word' id='word_1_67' title='bbox 239 1129 299 1173; x_wconf 91' lang='lat' dir='ltr'><strong>ut</strong></span> <span class='ocrx_word' id='word_1_68' title='bbox 336 1121 389 1174; x_wconf 91' lang='lat' dir='ltr'><strong>in</strong></span> <span class='ocrx_word' id='word_1_69' title='bbox 420 1118 644 1173; x_wconf 77' lang='lat' dir='ltr'><strong>Mediam</strong></span> <span class='ocrx_word' id='word_1_70' title='bbox 684 1117 875 1182; x_wconf 89' lang='lat' dir='ltr'><strong>abiret,</strong></span> <span class='ocrx_word' id='word_1_71' title='bbox 914 1114 1054 1184; x_wconf 88' lang='lat' dir='ltr'><strong>quod</strong></span> <span class='ocrx_word' id='word_1_72' title='bbox 1085 1115 1313 1169; x_wconf 75' lang='lat' dir='ltr'><strong>futurum</strong></span> <span class='ocrx_word' id='word_1_73' title='bbox 1331 1122 1472 1169; x_wconf 89' lang='lat' dir='ltr'><strong>esset</strong></span> <span class='ocrx_word' id='word_1_74' title='bbox 1488 1121 1547 1168; x_wconf 90' lang='lat' dir='ltr'><strong>ut</strong></span> <span class='ocrx_word' id='word_1_75' title='bbox 1575 1112 1665 1166; x_wconf 85' lang='lat' dir='ltr'><strong>Ni-</strong></span> 
     </span>
    </p>
   </div>
   <div class='ocr_carea' id='block_1_10' title="bbox 69 1206 1660 1277">
    <p class='ocr_par' dir='ltr' id='par_1_10' title="bbox 69 1206 1660 1277">
     <span class='ocr_line' id='line_1_10' title="bbox 69 1206 1660 1277; baseline -0.003 -13"><span class='ocrx_word' id='word_1_76' title='bbox 69 1212 195 1264; x_wconf 88' lang='lat' dir='ltr'><strong>nive</strong></span> <span class='ocrx_word' id='word_1_77' title='bbox 214 1210 511 1266; x_wconf 87' lang='lat' dir='ltr'><strong>secundum</strong></span> <span class='ocrx_word' id='word_1_78' title='bbox 536 1209 753 1263; x_wconf 81' lang='lat' dir='ltr'><strong>verbum</strong></span> <span class='ocrx_word' id='word_1_79' title='bbox 781 1206 931 1263; x_wconf 79' lang='lat' dir='ltr'><strong>J0me</strong></span> <span class='ocrx_word' id='word_1_80' title='bbox 956 1206 1229 1277; x_wconf 72' lang='lat' dir='ltr'><strong>pr0phette</strong></span> <span class='ocrx_word' id='word_1_81' title='bbox 1245 1207 1660 1272; x_wconf 75' lang='lat' dir='ltr'><strong>subverteretur,</strong></span> 
     </span>
    </p>
   </div>
   <div class='ocr_carea' id='block_1_11' title="bbox 70 1296 1665 1356">
    <p class='ocr_par' dir='ltr' id='par_1_11' title="bbox 70 1296 1665 1356">
     <span class='ocr_line' id='line_1_11' title="bbox 70 1296 1665 1356; baseline -0.004 -1"><span class='ocrx_word' id='word_1_82' title='bbox 70 1310 125 1355; x_wconf 89' lang='lat' dir='ltr'><strong>et</strong></span> <span class='ocrx_word' id='word_1_83' title='bbox 166 1301 427 1356; x_wconf 89' lang='lat' dir='ltr'><strong>deﬁciens</strong></span> <span class='ocrx_word' id='word_1_84' title='bbox 472 1308 710 1353; x_wconf 86' lang='lat' dir='ltr'><strong>mortuus</strong></span> <span class='ocrx_word' id='word_1_85' title='bbox 757 1307 841 1353; x_wconf 90' lang='lat' dir='ltr'><strong>est</strong></span> <span class='ocrx_word' id='word_1_86' title='bbox 879 1312 1138 1352; x_wconf 90' lang='lat' dir='ltr'><strong>annorttm</strong></span> <span class='ocrx_word' id='word_1_87' title='bbox 1191 1298 1314 1354; x_wconf 85' lang='grc'><strong>155.</strong></span> <span class='ocrx_word' id='word_1_88' title='bbox 1347 1296 1514 1352; x_wconf 85' lang='lat' dir='ltr'><strong>Filius</strong></span> <span class='ocrx_word' id='word_1_89' title='bbox 1537 1310 1665 1351; x_wconf 89' lang='lat' dir='ltr'><strong>vero</strong></span> 
     </span>
    </p>
   </div>
   <div class='ocr_carea' id='block_1_12' title="bbox 71 1387 1667 1463">
    <p class='ocr_par' dir='ltr' id='par_1_12' title="bbox 71 1387 1667 1463">
     <span class='ocr_line' id='line_1_12' title="bbox 71 1387 1667 1463; baseline -0.004 -15"><span class='ocrx_word' id='word_1_90' title='bbox 71 1394 187 1463; x_wconf 88' lang='lat' dir='ltr'><strong>ejus</strong></span> <span class='ocrx_word' id='word_1_91' title='bbox 210 1393 416 1448; x_wconf 80' lang='lat' dir='ltr'><strong>Tobias</strong></span> <span class='ocrx_word' id='word_1_92' title='bbox 447 1393 496 1446; x_wconf 95' lang='lat' dir='ltr'><strong>in</strong></span> <span class='ocrx_word' id='word_1_93' title='bbox 526 1391 748 1446; x_wconf 81' lang='lat' dir='ltr'><strong>Mediam</strong></span> <span class='ocrx_word' id='word_1_94' title='bbox 778 1390 1039 1459; x_wconf 80' lang='lat' dir='ltr'><strong>migravit,</strong></span> <span class='ocrx_word' id='word_1_95' title='bbox 1074 1390 1163 1443; x_wconf 92' lang='lat' dir='ltr'><strong>ubi</strong></span> <span class='ocrx_word' id='word_1_96' title='bbox 1196 1388 1408 1444; x_wconf 88' lang='lat' dir='ltr'><strong>tandem</strong></span> <span class='ocrx_word' id='word_1_97' title='bbox 1444 1387 1667 1457; x_wconf 86' lang='lat' dir='ltr'><strong>sepultis</strong></span> 
     </span>
    </p>
   </div>
   <div class='ocr_carea' id='block_1_13' title="bbox 74 1477 1667 1549">
    <p class='ocr_par' dir='ltr' id='par_1_13' title="bbox 74 1477 1667 1549">
     <span class='ocr_line' id='line_1_13' title="bbox 74 1477 1667 1549; baseline -0.004 -11"><span class='ocrx_word' id='word_1_98' title='bbox 74 1497 266 1538; x_wconf 86' lang='lat' dir='ltr'><strong>socero</strong></span> <span class='ocrx_word' id='word_1_99' title='bbox 291 1490 353 1537; x_wconf 91' lang='lat' dir='ltr'><strong>et</strong></span> <span class='ocrx_word' id='word_1_100' title='bbox 380 1497 560 1549; x_wconf 90' lang='lat' dir='ltr'><strong>socru,</strong></span> <span class='ocrx_word' id='word_1_101' title='bbox 589 1489 641 1535; x_wconf 90' lang='lat' dir='ltr'><strong>et</strong></span> <span class='ocrx_word' id='word_1_102' title='bbox 665 1480 732 1535; x_wconf 91' lang='lat' dir='ltr'><strong>de</strong></span> <span class='ocrx_word' id='word_1_103' title='bbox 766 1478 974 1533; x_wconf 72' lang='lat' dir='ltr'><strong>Ninivte</strong></span> <span class='ocrx_word' id='word_1_104' title='bbox 1013 1478 1218 1534; x_wconf 85' lang='lat' dir='ltr'><strong>excidio</strong></span> <span class='ocrx_word' id='word_1_105' title='bbox 1242 1486 1490 1549; x_wconf 90' lang='lat' dir='ltr'><strong>percepta</strong></span> <span class='ocrx_word' id='word_1_106' title='bbox 1526 1477 1667 1532; x_wconf 88' lang='lat' dir='ltr'><strong>fama</strong></span> 
     </span>
    </p>
   </div>
   <div class='ocr_carea' id='block_1_14' title="bbox 76 1568 1611 1629">
    <p class='ocr_par' dir='ltr' id='par_1_14' title="bbox 76 1568 1611 1629">
     <span class='ocr_line' id='line_1_14' title="bbox 76 1568 1611 1629; baseline -0.003 -1"><span class='ocrx_word' id='word_1_107' title='bbox 76 1576 324 1629; x_wconf 82' lang='lat' dir='ltr'><strong>mortuus</strong></span> <span class='ocrx_word' id='word_1_108' title='bbox 353 1578 436 1629; x_wconf 84' lang='lat' dir='ltr'><strong>est</strong></span> <span class='ocrx_word' id='word_1_109' title='bbox 458 1582 718 1627; x_wconf 87' lang='lat' dir='ltr'><strong>annorum</strong></span> <span class='ocrx_word' id='word_1_110' title='bbox 752 1571 873 1627; x_wconf 86' lang='grc'><strong>107.</strong></span> <span class='ocrx_word' id='word_1_111' title='bbox 910 1570 979 1626; x_wconf 83' lang='lat' dir='ltr'><strong>Et</strong></span> <span class='ocrx_word' id='word_1_112' title='bbox 1016 1570 1067 1626; x_wconf 90' lang='lat' dir='ltr'><strong>in</strong></span> <span class='ocrx_word' id='word_1_113' title='bbox 1097 1571 1210 1625; x_wconf 63' lang='lat' dir='ltr'><strong>haec</strong></span> <span class='ocrx_word' id='word_1_114' title='bbox 1237 1570 1432 1625; x_wconf 89' lang='lat' dir='ltr'><strong>desinit</strong></span> <span class='ocrx_word' id='word_1_115' title='bbox 1460 1568 1611 1624; x_wconf 85' lang='lat' dir='ltr'><strong>liber.</strong></span> 
     </span>
    </p>
   </div>
   <div class='ocr_carea' id='block_1_15' title="bbox 620 1682 1137 1756">
    <p class='ocr_par' dir='ltr' id='par_1_15' title="bbox 620 1682 1137 1756">
     <span class='ocr_line' id='line_1_15' title="bbox 620 1682 1137 1756; baseline -0.006 -17"><span class='ocrx_word' id='word_1_116' title='bbox 620 1700 771 1740; x_wconf 75' lang='lat' dir='ltr'><strong>uasa</strong></span> <span class='ocrx_word' id='word_1_117' title='bbox 807 1700 996 1740; x_wconf 78' lang='lat' dir='ltr'><strong>wnt&#39;ru</strong></span> <span class='ocrx_word' id='word_1_118' title='bbox 1041 1682 1137 1756; x_wconf 89' lang='lat' dir='ltr'><strong>(a).</strong></span> 
     </span>
    </p>
   </div>
   <div class='ocr_carea' id='block_1_16' title="bbox 147 1795 1673 1868">
    <p class='ocr_par' dir='ltr' id='par_1_16' title="bbox 147 1795 1673 1868">
     <span class='ocr_line' id='line_1_16' title="bbox 147 1795 1673 1868; baseline -0.001 -15"><span class='ocrx_word' id='word_1_119' title='bbox 147 1798 251 1853; x_wconf 89' lang='lat' dir='ltr'><strong>ilic</strong></span> <span class='ocrx_word' id='word_1_120' title='bbox 289 1799 428 1855; x_wconf 89' lang='lat' dir='ltr'><strong>liber</strong></span> <span class='ocrx_word' id='word_1_121' title='bbox 454 1797 637 1854; x_wconf 87' lang='lat' dir='ltr'><strong>Judith</strong></span> <span class='ocrx_word' id='word_1_122' title='bbox 665 1807 906 1863; x_wconf 83' lang='lat' dir='ltr'><strong>vocatur,</strong></span> <span class='ocrx_word' id='word_1_123' title='bbox 944 1798 1068 1868; x_wconf 83' lang='lat' dir='ltr'><strong>quia</strong></span> <span class='ocrx_word' id='word_1_124' title='bbox 1106 1797 1246 1852; x_wconf 91' lang='lat' dir='ltr'><strong>ﬁlios</strong></span> <span class='ocrx_word' id='word_1_125' title='bbox 1273 1796 1434 1852; x_wconf 91' lang='lat' dir='ltr'><strong>israel</strong></span> <span class='ocrx_word' id='word_1_126' title='bbox 1469 1796 1538 1851; x_wconf 87' lang='lat' dir='ltr'><strong>ab</strong></span> <span class='ocrx_word' id='word_1_127' title='bbox 1564 1795 1673 1852; x_wconf 86' lang='grc'><strong>110-</strong></span> 
     </span>
    </p>
   </div>
   <div class='ocr_carea' id='block_1_17' title="bbox 78 1887 1669 1960">
    <p class='ocr_par' dir='ltr' id='par_1_17' title="bbox 78 1887 1669 1960">
     <span class='ocr_line' id='line_1_17' title="bbox 78 1887 1669 1960; baseline -0.001 -16"><span class='ocrx_word' id='word_1_128' title='bbox 78 1890 343 1960; x_wconf 87' lang='lat' dir='ltr'><strong>lopherne</strong></span> <span class='ocrx_word' id='word_1_129' title='bbox 385 1891 717 1960; x_wconf 83' lang='lat' dir='ltr'><strong>impugnatos</strong></span> <span class='ocrx_word' id='word_1_130' title='bbox 741 1900 796 1945; x_wconf 92' lang='lat' dir='ltr'><strong>et</strong></span> <span class='ocrx_word' id='word_1_131' title='bbox 841 1889 1126 1955; x_wconf 88' lang='lat' dir='ltr'><strong>obsessos,</strong></span> <span class='ocrx_word' id='word_1_132' title='bbox 1186 1888 1325 1942; x_wconf 85' lang='lat' dir='ltr'><strong>Deus</strong></span> <span class='ocrx_word' id='word_1_133' title='bbox 1363 1887 1479 1958; x_wconf 87' lang='lat' dir='ltr'><strong>ejus</strong></span> <span class='ocrx_word' id='word_1_134' title='bbox 1506 1902 1669 1957; x_wconf 87' lang='lat' dir='ltr'><strong>opera</strong></span> 
     </span>
    </p>
   </div>
   <div class='ocr_carea' id='block_1_18' title="bbox 78 1981 1670 2052">
    <p class='ocr_par' dir='ltr' id='par_1_18' title="bbox 78 1981 1670 2052">
     <span class='ocr_line' id='line_1_18' title="bbox 78 1981 1670 2052; baseline -0.001 -15"><span class='ocrx_word' id='word_1_135' title='bbox 78 1983 364 2049; x_wconf 78' lang='lat' dir='ltr'><strong>liberavit;</strong></span> <span class='ocrx_word' id='word_1_136' title='bbox 393 1982 892 2052; x_wconf 85' lang='lat' dir='ltr'><strong>Holophernemque</strong></span> <span class='ocrx_word' id='word_1_137' title='bbox 922 1981 1202 2051; x_wconf 83' lang='lat' dir='ltr'><strong>percussit.</strong></span> <span class='ocrx_word' id='word_1_138' title='bbox 1234 1982 1463 2037; x_wconf 89' lang='lat' dir='ltr'><strong>iiistoria</strong></span> <span class='ocrx_word' id='word_1_139' title='bbox 1493 1990 1670 2036; x_wconf 91' lang='lat' dir='ltr'><strong>autem</strong></span> 
     </span>
    </p>
   </div>
   <div class='ocr_carea' id='block_1_19' title="bbox 77 2073 1669 2145">
    <p class='ocr_par' dir='ltr' id='par_1_19' title="bbox 77 2073 1669 2145">
     <span class='ocr_line' id='line_1_19' title="bbox 77 2073 1669 2145; baseline -0.001 -16"><span class='ocrx_word' id='word_1_140' title='bbox 77 2074 183 2129; x_wconf 69' lang='lat' dir='ltr'><strong>hoc</strong></span> <span class='ocrx_word' id='word_1_141' title='bbox 201 2090 264 2129; x_wconf 84' lang='lat' dir='ltr'><strong>se</strong></span> <span class='ocrx_word' id='word_1_142' title='bbox 296 2074 460 2129; x_wconf 88' lang='lat' dir='ltr'><strong>habet</strong></span> <span class='ocrx_word' id='word_1_143' title='bbox 485 2074 663 2130; x_wconf 86' lang='lat' dir='ltr'><strong>modo.</strong></span> <span class='ocrx_word' id='word_1_144' title='bbox 686 2073 1172 2129; x_wconf 83' lang='lat' dir='ltr'><strong>Nabuchodonosor</strong></span> <span class='ocrx_word' id='word_1_145' title='bbox 1192 2089 1287 2128; x_wconf 90' lang='lat' dir='ltr'><strong>rex</strong></span> <span class='ocrx_word' id='word_1_146' title='bbox 1309 2073 1669 2145; x_wconf 82' lang='lat' dir='ltr'><strong>Assyriorum,</strong></span> 
     </span>
    </p>
   </div>
   <div class='ocr_carea' id='block_1_20' title="bbox 76 2164 1676 2237">
    <p class='ocr_par' dir='ltr' id='par_1_20' title="bbox 76 2164 1676 2237">
     <span class='ocr_line' id='line_1_20' title="bbox 76 2164 1676 2237; baseline 0.001 -17"><span class='ocrx_word' id='word_1_147' title='bbox 76 2182 203 2220; x_wconf 88' lang='lat' dir='ltr'><strong>cum</strong></span> <span class='ocrx_word' id='word_1_148' title='bbox 228 2166 429 2221; x_wconf 86' lang='lat' dir='ltr'><strong>bellum</strong></span> <span class='ocrx_word' id='word_1_149' title='bbox 454 2174 666 2237; x_wconf 77' lang='lat' dir='ltr'><strong>gereret</strong></span> <span class='ocrx_word' id='word_1_150' title='bbox 691 2166 951 2221; x_wconf 86' lang='lat' dir='ltr'><strong>adversus</strong></span> <span class='ocrx_word' id='word_1_151' title='bbox 975 2164 1260 2236; x_wconf 81' lang='lat' dir='ltr'><strong>Arphaxad</strong></span> <span class='ocrx_word' id='word_1_152' title='bbox 1286 2180 1464 2236; x_wconf 83' lang='lat' dir='ltr'><strong>regem</strong></span> <span class='ocrx_word' id='word_1_153' title='bbox 1494 2165 1676 2221; x_wconf 84' lang='lat' dir='ltr'><strong>Medo-</strong></span> 
     </span>
    </p>
   </div>
   <div class='ocr_carea' id='block_1_21' title="bbox 76 2255 1673 2327">
    <p class='ocr_par' dir='ltr' id='par_1_21' title="bbox 76 2255 1673 2327">
     <span class='ocr_line' id='line_1_21' title="bbox 76 2255 1673 2327; baseline -0.001 -15"><span class='ocrx_word' id='word_1_154' title='bbox 76 2272 225 2321; x_wconf 85' lang='lat' dir='ltr'><strong>rum,</strong></span> <span class='ocrx_word' id='word_1_155' title='bbox 251 2256 325 2311; x_wconf 90' lang='lat' dir='ltr'><strong>ab</strong></span> <span class='ocrx_word' id='word_1_156' title='bbox 344 2258 592 2313; x_wconf 89' lang='lat' dir='ltr'><strong>omnibus</strong></span> <span class='ocrx_word' id='word_1_157' title='bbox 619 2256 862 2327; x_wconf 79' lang='lat' dir='ltr'><strong>gentibus</strong></span> <span class='ocrx_word' id='word_1_158' title='bbox 884 2271 1051 2327; x_wconf 85' lang='lat' dir='ltr'><strong>usque</strong></span> <span class='ocrx_word' id='word_1_159' title='bbox 1076 2255 1142 2310; x_wconf 81' lang='lat' dir='ltr'><strong>ad</strong></span> <span class='ocrx_word' id='word_1_160' title='bbox 1168 2255 1457 2327; x_wconf 68' lang='lat' dir='ltr'><strong>Egyptum</strong></span> <span class='ocrx_word' id='word_1_161' title='bbox 1478 2256 1673 2312; x_wconf 87' lang='lat' dir='ltr'><strong>auxilia</strong></span> 
     </span>
    </p>
   </div>
   <div class='ocr_carea' id='block_1_22' title="bbox 78 2346 1673 2417">
    <p class='ocr_par' dir='ltr' id='par_1_22' title="bbox 78 2346 1673 2417">
     <span class='ocr_line' id='line_1_22' title="bbox 78 2346 1673 2417; baseline 0.001 -15"><span class='ocrx_word' id='word_1_162' title='bbox 78 2350 336 2417; x_wconf 82' lang='lat' dir='ltr'><strong>petierat.</strong></span> <span class='ocrx_word' id='word_1_163' title='bbox 363 2347 495 2403; x_wconf 88' lang='lat' dir='ltr'><strong>Cum</strong></span> <span class='ocrx_word' id='word_1_164' title='bbox 521 2356 697 2403; x_wconf 90' lang='lat' dir='ltr'><strong>autem</strong></span> <span class='ocrx_word' id='word_1_165' title='bbox 724 2362 883 2403; x_wconf 92' lang='lat' dir='ltr'><strong>nemo</strong></span> <span class='ocrx_word' id='word_1_166' title='bbox 906 2346 1159 2402; x_wconf 76' lang='lat' dir='ltr'><strong>auxilium</strong></span> <span class='ocrx_word' id='word_1_167' title='bbox 1191 2348 1441 2413; x_wconf 82' lang='lat' dir='ltr'><strong>misisset,</strong></span> <span class='ocrx_word' id='word_1_168' title='bbox 1468 2347 1563 2403; x_wconf 89' lang='lat' dir='ltr'><strong>sed</strong></span> <span class='ocrx_word' id='word_1_169' title='bbox 1585 2362 1673 2403; x_wconf 83' lang='lat' dir='ltr'><strong>re-</strong></span> 
     </span>
    </p>
   </div>
   <div class='ocr_carea' id='block_1_23' title="bbox 82 2437 1675 2509">
    <p class='ocr_par' dir='ltr' id='par_1_23' title="bbox 82 2437 1675 2509">
     <span class='ocr_line' id='line_1_23' title="bbox 82 2437 1675 2509; baseline 0.001 -18"><span class='ocrx_word' id='word_1_170' title='bbox 82 2439 337 2493; x_wconf 85' lang='lat' dir='ltr'><strong>nuissent</strong></span> <span class='ocrx_word' id='word_1_171' title='bbox 361 2453 568 2500; x_wconf 90' lang='lat' dir='ltr'><strong>omnes.</strong></span> <span class='ocrx_word' id='word_1_172' title='bbox 602 2447 942 2509; x_wconf 81' lang='lat' dir='ltr'><strong>posteaquam</strong></span> <span class='ocrx_word' id='word_1_173' title='bbox 970 2438 1182 2494; x_wconf 84' lang='lat' dir='ltr'><strong>vicisset</strong></span> <span class='ocrx_word' id='word_1_174' title='bbox 1208 2447 1264 2493; x_wconf 90' lang='lat' dir='ltr'><strong>et</strong></span> <span class='ocrx_word' id='word_1_175' title='bbox 1292 2437 1675 2508; x_wconf 86' lang='lat' dir='ltr'><strong>Arpltaxadum</strong></span> 
     </span>
    </p>
   </div>
   <div class='ocr_carea' id='block_1_24' title="bbox 83 2528 1677 2599">
    <p class='ocr_par' dir='ltr' id='par_1_24' title="bbox 83 2528 1677 2599">
     <span class='ocr_line' id='line_1_24' title="bbox 83 2528 1677 2599; baseline 0 -15"><span class='ocrx_word' id='word_1_176' title='bbox 83 2528 229 2584; x_wconf 87' lang='lat' dir='ltr'><strong>bello</strong></span> <span class='ocrx_word' id='word_1_177' title='bbox 270 2537 612 2599; x_wconf 80' lang='lat' dir='ltr'><strong>superasset,</strong></span> <span class='ocrx_word' id='word_1_178' title='bbox 654 2530 849 2584; x_wconf 89' lang='lat' dir='ltr'><strong>bellum</strong></span> <span class='ocrx_word' id='word_1_179' title='bbox 892 2528 1071 2584; x_wconf 87' lang='lat' dir='ltr'><strong>intulit</strong></span> <span class='ocrx_word' id='word_1_180' title='bbox 1107 2529 1172 2583; x_wconf 93' lang='lat' dir='ltr'><strong>iis</strong></span> <span class='ocrx_word' id='word_1_181' title='bbox 1199 2528 1293 2599; x_wconf 90' lang='lat' dir='ltr'><strong>qui</strong></span> <span class='ocrx_word' id='word_1_182' title='bbox 1339 2529 1469 2584; x_wconf 87' lang='lat' dir='ltr'><strong>nihil</strong></span> <span class='ocrx_word' id='word_1_183' title='bbox 1493 2528 1677 2584; x_wconf 80' lang='lat' dir='ltr'><strong>auxilii</strong></span> 
     </span>
    </p>
   </div>
   <div class='ocr_carea' id='block_1_25' title="bbox 81 2618 1675 2689">
    <p class='ocr_par' dir='ltr' id='par_1_25' title="bbox 81 2618 1675 2689">
     <span class='ocr_line' id='line_1_25' title="bbox 81 2618 1675 2689; baseline 0.001 -16"><span class='ocrx_word' id='word_1_184' title='bbox 81 2621 347 2674; x_wconf 86' lang='lat' dir='ltr'><strong>miserant</strong></span> <span class='ocrx_word' id='word_1_185' title='bbox 379 2637 393 2673; x_wconf 89' lang='lat'>:</span> <span class='ocrx_word' id='word_1_186' title='bbox 421 2620 671 2689; x_wconf 86' lang='lat' dir='ltr'><strong>misitque</strong></span> <span class='ocrx_word' id='word_1_187' title='bbox 710 2619 1106 2689; x_wconf 84' lang='lat' dir='ltr'><strong>Hoiopbernem</strong></span> <span class='ocrx_word' id='word_1_188' title='bbox 1133 2618 1391 2674; x_wconf 84' lang='lat' dir='ltr'><strong>adversus</strong></span> <span class='ocrx_word' id='word_1_189' title='bbox 1431 2634 1525 2675; x_wconf 89' lang='lat' dir='ltr'><strong>eos</strong></span> <span class='ocrx_word' id='word_1_190' title='bbox 1552 2635 1675 2675; x_wconf 92' lang='lat' dir='ltr'><strong>cum</strong></span> 
     </span>
    </p>
   </div>
   <div class='ocr_carea' id='block_1_26' title="bbox 82 2709 1679 2782">
    <p class='ocr_par' dir='ltr' id='par_1_26' title="bbox 82 2709 1679 2782">
     <span class='ocr_line' id='line_1_26' title="bbox 82 2709 1679 2782; baseline 0.003 -19"><span class='ocrx_word' id='word_1_191' title='bbox 82 2726 281 2780; x_wconf 86' lang='lat' dir='ltr'><strong>magno</strong></span> <span class='ocrx_word' id='word_1_192' title='bbox 311 2711 569 2765; x_wconf 89' lang='lat' dir='ltr'><strong>exercitu.</strong></span> <span class='ocrx_word' id='word_1_193' title='bbox 598 2710 694 2765; x_wconf 86' lang='lat' dir='ltr'><strong>iiic</strong></span> <span class='ocrx_word' id='word_1_194' title='bbox 722 2710 852 2765; x_wconf 86' lang='lat' dir='ltr'><strong>alias</strong></span> <span class='ocrx_word' id='word_1_195' title='bbox 880 2709 1096 2781; x_wconf 88' lang='lat' dir='ltr'><strong>quidem</strong></span> <span class='ocrx_word' id='word_1_196' title='bbox 1114 2725 1302 2765; x_wconf 88' lang='lat' dir='ltr'><strong>omnes</strong></span> <span class='ocrx_word' id='word_1_197' title='bbox 1323 2722 1511 2782; x_wconf 89' lang='lat' dir='ltr'><strong>gentes</strong></span> <span class='ocrx_word' id='word_1_198' title='bbox 1535 2710 1679 2768; x_wconf 88' lang='lat' dir='ltr'><strong>bello</strong></span> 
     </span>
    </p>
   </div>
   <div class='ocr_carea' id='block_1_27' title="bbox 82 2800 1680 2872">
    <p class='ocr_par' dir='ltr' id='par_1_27' title="bbox 82 2800 1680 2872">
     <span class='ocr_line' id='line_1_27' title="bbox 82 2800 1680 2872; baseline 0.002 -17"><span class='ocrx_word' id='word_1_199' title='bbox 82 2802 247 2872; x_wconf 86' lang='lat' dir='ltr'><strong>cepit,</strong></span> <span class='ocrx_word' id='word_1_200' title='bbox 280 2811 336 2855; x_wconf 90' lang='lat' dir='ltr'><strong>et</strong></span> <span class='ocrx_word' id='word_1_201' title='bbox 365 2801 506 2856; x_wconf 88' lang='lat' dir='ltr'><strong>idola</strong></span> <span class='ocrx_word' id='word_1_202' title='bbox 533 2802 765 2871; x_wconf 90' lang='lat' dir='ltr'><strong>ipsarum</strong></span> <span class='ocrx_word' id='word_1_203' title='bbox 785 2801 1065 2872; x_wconf 77' lang='lat' dir='ltr'><strong>confregit.</strong></span> <span class='ocrx_word' id='word_1_204' title='bbox 1088 2800 1338 2858; x_wconf 75' lang='lat' dir='ltr'><strong>israelitae</strong></span> <span class='ocrx_word' id='word_1_205' title='bbox 1357 2810 1535 2858; x_wconf 85' lang='lat' dir='ltr'><strong>autem</strong></span> <span class='ocrx_word' id='word_1_206' title='bbox 1558 2816 1680 2858; x_wconf 88' lang='lat' dir='ltr'><strong>sese</strong></span> 
     </span>
    </p>
   </div>
   <div class='ocr_carea' id='block_1_28' title="bbox 83 2892 1681 2964">
    <p class='ocr_par' dir='ltr' id='par_1_28' title="bbox 83 2892 1681 2964">
     <span class='ocr_line' id='line_1_28' title="bbox 83 2892 1681 2964; baseline 0.001 -18"><span class='ocrx_word' id='word_1_207' title='bbox 83 2893 548 2959; x_wconf 90' lang='lat' dir='ltr'><strong>communierunt,</strong></span> <span class='ocrx_word' id='word_1_208' title='bbox 604 2909 705 2948; x_wconf 91' lang='lat' dir='ltr'><strong>nec</strong></span> <span class='ocrx_word' id='word_1_209' title='bbox 751 2892 1079 2963; x_wconf 83' lang='lat' dir='ltr'><strong>iiolopiterni</strong></span> <span class='ocrx_word' id='word_1_210' title='bbox 1132 2893 1443 2964; x_wconf 89' lang='lat' dir='ltr'><strong>obsequuti,</strong></span> <span class='ocrx_word' id='word_1_211' title='bbox 1506 2907 1681 2962; x_wconf 86' lang='lat' dir='ltr'><strong>neque</strong></span> 
     </span>
    </p>
   </div>
   <div class='ocr_carea' id='block_1_29' title="bbox 86 2982 1680 3057">
    <p class='ocr_par' dir='ltr' id='par_1_29' title="bbox 86 2982 1680 3057">
     <span class='ocr_line' id='line_1_29' title="bbox 86 2982 1680 3057; baseline 0.001 -18"><span class='ocrx_word' id='word_1_212' title='bbox 86 2985 252 3039; x_wconf 89' lang='lat' dir='ltr'><strong>minis</strong></span> <span class='ocrx_word' id='word_1_213' title='bbox 288 2984 431 3039; x_wconf 90' lang='lat' dir='ltr'><strong>illius</strong></span> <span class='ocrx_word' id='word_1_214' title='bbox 468 2984 735 3055; x_wconf 87' lang='lat' dir='ltr'><strong>perterriti</strong></span> <span class='ocrx_word' id='word_1_215' title='bbox 781 2994 927 3040; x_wconf 91' lang='lat' dir='ltr'><strong>sunt.</strong></span> <span class='ocrx_word' id='word_1_216' title='bbox 970 2982 1199 3056; x_wconf 82' lang='lat' dir='ltr'><strong>Scripsit</strong></span> <span class='ocrx_word' id='word_1_217' title='bbox 1228 2985 1404 3057; x_wconf 84' lang='lat' dir='ltr'><strong>itaque</strong></span> <span class='ocrx_word' id='word_1_218' title='bbox 1430 2983 1680 3041; x_wconf 70' lang='lat' dir='ltr'><strong>sacerdos</strong></span> 
     </span>
    </p>
   </div>
   <div class='ocr_carea' id='block_1_30' title="bbox 84 3074 1683 3147">
    <p class='ocr_par' dir='ltr' id='par_1_30' title="bbox 84 3074 1683 3147">
     <span class='ocr_line' id='line_1_30' title="bbox 84 3074 1683 3147; baseline 0 -16"><span class='ocrx_word' id='word_1_219' title='bbox 84 3074 300 3131; x_wconf 81' lang='lat' dir='ltr'><strong>Joakim</strong></span> <span class='ocrx_word' id='word_1_220' title='bbox 326 3075 529 3130; x_wconf 87' lang='lat' dir='ltr'><strong>civibus</strong></span> <span class='ocrx_word' id='word_1_221' title='bbox 555 3075 806 3146; x_wconf 60' lang='lat' dir='ltr'><strong>Betylum,</strong></span> <span class='ocrx_word' id='word_1_222' title='bbox 837 3084 895 3131; x_wconf 92' lang='lat' dir='ltr'><strong>ut</strong></span> <span class='ocrx_word' id='word_1_223' title='bbox 919 3077 1056 3130; x_wconf 91' lang='lat' dir='ltr'><strong>viam</strong></span> <span class='ocrx_word' id='word_1_224' title='bbox 1078 3075 1411 3147; x_wconf 81' lang='lat' dir='ltr'><strong>iioloplierui</strong></span> <span class='ocrx_word' id='word_1_225' title='bbox 1437 3076 1683 3132; x_wconf 88' lang='lat' dir='ltr'><strong>obstrue-</strong></span> 
     </span>
    </p>
   </div>
   <div class='ocr_carea' id='block_1_31' title="bbox 87 3170 1677 3235">
    <p class='ocr_par' dir='ltr' id='par_1_31' title="bbox 87 3170 1677 3235">
     <span class='ocr_line' id='line_1_31' title="bbox 87 3170 1677 3235; baseline -0.001 -11"><span class='ocrx_word' id='word_1_226' title='bbox 87 3178 241 3235; x_wconf 85' lang='lat' dir='ltr'><strong>rent;</strong></span> <span class='ocrx_word' id='word_1_227' title='bbox 270 3170 443 3225; x_wconf 90' lang='lat' dir='ltr'><strong>isthac</strong></span> <span class='ocrx_word' id='word_1_228' title='bbox 462 3170 606 3225; x_wconf 90' lang='lat' dir='ltr'><strong>enim</strong></span> <span class='ocrx_word' id='word_1_229' title='bbox 635 3170 737 3224; x_wconf 92' lang='lat' dir='ltr'><strong>iter</strong></span> <span class='ocrx_word' id='word_1_230' title='bbox 762 3170 997 3225; x_wconf 91' lang='lat' dir='ltr'><strong>facturus</strong></span> <span class='ocrx_word' id='word_1_231' title='bbox 1023 3178 1171 3235; x_wconf 88' lang='lat' dir='ltr'><strong>erat;</strong></span> <span class='ocrx_word' id='word_1_232' title='bbox 1202 3180 1256 3225; x_wconf 90' lang='lat' dir='ltr'><strong>et</strong></span> <span class='ocrx_word' id='word_1_233' title='bbox 1280 3170 1677 3225; x_wconf 85' lang='lat' dir='ltr'><strong>obstruxerunt.</strong></span> 
     </span>
    </p>
   </div>
   <div class='ocr_carea' id='block_1_32' title="bbox 88 3261 1682 3333">
    <p class='ocr_par' dir='ltr' id='par_1_32' title="bbox 88 3261 1682 3333">
     <span class='ocr_line' id='line_1_32' title="bbox 88 3261 1682 3333; baseline -0.001 -15"><span class='ocrx_word' id='word_1_234' title='bbox 88 3263 463 3333; x_wconf 86' lang='lat' dir='ltr'><strong>ilolophernes</strong></span> <span class='ocrx_word' id='word_1_235' title='bbox 493 3262 653 3333; x_wconf 88' lang='lat' dir='ltr'><strong>igitur</strong></span> <span class='ocrx_word' id='word_1_236' title='bbox 668 3263 836 3317; x_wconf 90' lang='lat' dir='ltr'><strong>aciem</strong></span> <span class='ocrx_word' id='word_1_237' title='bbox 856 3262 1103 3318; x_wconf 78' lang='lat' dir='ltr'><strong>instruxit</strong></span> <span class='ocrx_word' id='word_1_238' title='bbox 1119 3262 1186 3317; x_wconf 90' lang='lat' dir='ltr'><strong>ad</strong></span> <span class='ocrx_word' id='word_1_239' title='bbox 1213 3277 1463 3333; x_wconf 90' lang='lat' dir='ltr'><strong>pugnam.</strong></span> <span class='ocrx_word' id='word_1_240' title='bbox 1483 3261 1682 3317; x_wconf 78' lang='lat' dir='ltr'><strong>Achior</strong></span> 
     </span>
    </p>
   </div>
   <div class='ocr_carea' id='block_1_33' title="bbox 89 3353 1682 3424">
    <p class='ocr_par' dir='ltr' id='par_1_33' title="bbox 89 3353 1682 3424">
     <span class='ocr_line' id='line_1_33' title="bbox 89 3353 1682 3424; baseline -0.001 -15"><span class='ocrx_word' id='word_1_241' title='bbox 89 3364 268 3410; x_wconf 87' lang='lat' dir='ltr'><strong>autem</strong></span> <span class='ocrx_word' id='word_1_242' title='bbox 305 3354 551 3424; x_wconf 82' lang='lat' dir='ltr'><strong>princeps</strong></span> <span class='ocrx_word' id='word_1_243' title='bbox 577 3355 1002 3410; x_wconf 71' lang='lat' dir='ltr'><strong>Am‘monitarum</strong></span> <span class='ocrx_word' id='word_1_244' title='bbox 1029 3363 1215 3409; x_wconf 84' lang='lat' dir='ltr'><strong>auctor</strong></span> <span class='ocrx_word' id='word_1_245' title='bbox 1242 3363 1357 3410; x_wconf 86' lang='lat' dir='ltr'><strong>erat</strong></span> <span class='ocrx_word' id='word_1_246' title='bbox 1385 3353 1682 3424; x_wconf 82' lang='lat' dir='ltr'><strong>HOIOpher-</strong></span> 
     </span>
    </p>
   </div>
   <div class='ocr_carea' id='block_1_34' title="bbox 90 3444 1682 3517">
    <p class='ocr_par' dir='ltr' id='par_1_34' title="bbox 90 3444 1682 3517">
     <span class='ocr_line' id='line_1_34' title="bbox 90 3444 1682 3517; baseline 0.001 -18"><span class='ocrx_word' id='word_1_247' title='bbox 90 3446 169 3511; x_wconf 69' lang='grc' dir='ltr'><strong>111ἰ</strong></span> <span class='ocrx_word' id='word_1_248' title='bbox 200 3460 268 3500; x_wconf 91' lang='lat' dir='ltr'><strong>ne</strong></span> <span class='ocrx_word' id='word_1_249' title='bbox 291 3446 434 3515; x_wconf 89' lang='lat' dir='ltr'><strong>genti</strong></span> <span class='ocrx_word' id='word_1_250' title='bbox 462 3444 807 3501; x_wconf 74' lang='lat' dir='ltr'><strong>Hebrteorum</strong></span> <span class='ocrx_word' id='word_1_251' title='bbox 848 3446 1044 3501; x_wconf 88' lang='lat' dir='ltr'><strong>bellum</strong></span> <span class='ocrx_word' id='word_1_252' title='bbox 1075 3445 1311 3511; x_wconf 81' lang='lat' dir='ltr'><strong>inferret,</strong></span> <span class='ocrx_word' id='word_1_253' title='bbox 1340 3460 1407 3501; x_wconf 88' lang='lat' dir='ltr'><strong>eo</strong></span> <span class='ocrx_word' id='word_1_254' title='bbox 1431 3446 1574 3517; x_wconf 91' lang='lat' dir='ltr'><strong>quod</strong></span> <span class='ocrx_word' id='word_1_255' title='bbox 1606 3446 1682 3501; x_wconf 90' lang='lat' dir='ltr'><strong>illi</strong></span> 
     </span>
    </p>
   </div>
   <div class='ocr_carea' id='block_1_35' title="bbox 92 3534 1685 3607">
    <p class='ocr_par' dir='ltr' id='par_1_35' title="bbox 92 3534 1685 3607">
     <span class='ocr_line' id='line_1_35' title="bbox 92 3534 1685 3607; baseline 0.002 -19"><span class='ocrx_word' id='word_1_256' title='bbox 92 3549 119 3588; x_wconf 89' lang='lat' dir='ltr'><strong>a</strong></span> <span class='ocrx_word' id='word_1_257' title='bbox 163 3536 275 3590; x_wconf 88' lang='lat' dir='ltr'><strong>Deo</strong></span> <span class='ocrx_word' id='word_1_258' title='bbox 321 3544 745 3607; x_wconf 82' lang='lat' dir='ltr'><strong>protegerentur.</strong></span> <span class='ocrx_word' id='word_1_259' title='bbox 789 3534 1095 3606; x_wconf 80' lang='lat' dir='ltr'><strong>indignatus</strong></span> <span class='ocrx_word' id='word_1_260' title='bbox 1137 3536 1504 3606; x_wconf 80' lang='lat' dir='ltr'><strong>Holophernes</strong></span> <span class='ocrx_word' id='word_1_261' title='bbox 1540 3536 1685 3591; x_wconf 90' lang='lat' dir='ltr'><strong>misit</strong></span> 
     </span>
    </p>
   </div>
   <div class='ocr_carea' id='block_1_36' title="bbox 93 3626 1684 3699">
    <p class='ocr_par' dir='ltr' id='par_1_36' title="bbox 93 3626 1684 3699">
     <span class='ocr_line' id='line_1_36' title="bbox 93 3626 1684 3699; baseline 0.001 -17"><span class='ocrx_word' id='word_1_262' title='bbox 93 3641 217 3682; x_wconf 90' lang='lat' dir='ltr'><strong>eum</strong></span> <span class='ocrx_word' id='word_1_263' title='bbox 257 3626 499 3681; x_wconf 84' lang='lat' dir='ltr'><strong>Betulam</strong></span> <span class='ocrx_word' id='word_1_264' title='bbox 523 3668 539 3694; x_wconf 93' lang='lat'><strong>,</strong></span> <span class='ocrx_word' id='word_1_265' title='bbox 588 3626 857 3683; x_wconf 90' lang='lat' dir='ltr'><strong>interitum</strong></span> <span class='ocrx_word' id='word_1_266' title='bbox 899 3626 973 3683; x_wconf 91' lang='lat' dir='ltr'><strong>illi</strong></span> <span class='ocrx_word' id='word_1_267' title='bbox 1012 3628 1363 3684; x_wconf 89' lang='lat' dir='ltr'><strong>comminatus</strong></span> <span class='ocrx_word' id='word_1_268' title='bbox 1395 3628 1440 3684; x_wconf 88' lang='lat' dir='ltr'><strong>si</strong></span> <span class='ocrx_word' id='word_1_269' title='bbox 1475 3628 1684 3699; x_wconf 88' lang='lat' dir='ltr'><strong>quando</strong></span> 
     </span>
    </p>
   </div>
   <div class='ocr_carea' id='block_1_37' title="bbox 93 3715 1680 3789">
    <p class='ocr_par' dir='ltr' id='par_1_37' title="bbox 93 3715 1680 3789">
     <span class='ocr_line' id='line_1_37' title="bbox 93 3715 1680 3789; baseline 0.003 -18"><span class='ocrx_word' id='word_1_270' title='bbox 93 3715 355 3771; x_wconf 69' lang='lat' dir='ltr'><strong>Hebraeos</strong></span> <span class='ocrx_word' id='word_1_271' title='bbox 380 3717 638 3772; x_wconf 83' lang='lat' dir='ltr'><strong>vinceret.</strong></span> <span class='ocrx_word' id='word_1_272' title='bbox 663 3717 863 3773; x_wconf 86' lang='lat' dir='ltr'><strong>Achior</strong></span> <span class='ocrx_word' id='word_1_273' title='bbox 880 3718 1055 3788; x_wconf 91' lang='lat' dir='ltr'><strong>itaque</strong></span> <span class='ocrx_word' id='word_1_274' title='bbox 1075 3718 1129 3773; x_wconf 90' lang='lat' dir='ltr'><strong>in</strong></span> <span class='ocrx_word' id='word_1_275' title='bbox 1150 3717 1334 3773; x_wconf 89' lang='lat' dir='ltr'><strong>Betula</strong></span> <span class='ocrx_word' id='word_1_276' title='bbox 1356 3718 1680 3789; x_wconf 87' lang='lat' dir='ltr'><strong>quiescebat.</strong></span> 
     </span>
    </p>
   </div>
   <div class='ocr_carea' id='block_1_38' title="bbox 93 3808 1684 3880">
    <p class='ocr_par' dir='ltr' id='par_1_38' title="bbox 93 3808 1684 3880">
     <span class='ocr_line' id='line_1_38' title="bbox 93 3808 1684 3880; baseline 0.002 -18"><span class='ocrx_word' id='word_1_277' title='bbox 93 3808 469 3878; x_wconf 87' lang='lat' dir='ltr'><strong>iloiopberncs</strong></span> <span class='ocrx_word' id='word_1_278' title='bbox 494 3823 622 3864; x_wconf 88' lang='lat' dir='ltr'><strong>vero</strong></span> <span class='ocrx_word' id='word_1_279' title='bbox 651 3810 919 3864; x_wconf 90' lang='lat' dir='ltr'><strong>civitatem</strong></span> <span class='ocrx_word' id='word_1_280' title='bbox 959 3808 1256 3876; x_wconf 86' lang='lat' dir='ltr'><strong>obsidebat,</strong></span> <span class='ocrx_word' id='word_1_281' title='bbox 1293 3818 1347 3864; x_wconf 91' lang='lat' dir='ltr'><strong>et</strong></span> <span class='ocrx_word' id='word_1_282' title='bbox 1381 3808 1493 3879; x_wconf 89' lang='lat' dir='ltr'><strong>jam</strong></span> <span class='ocrx_word' id='word_1_283' title='bbox 1521 3824 1684 3880; x_wconf 88' lang='lat' dir='ltr'><strong>aquas</strong></span> 
     </span>
    </p>
   </div>
   <div class='ocr_carea' id='block_1_39' title="bbox 93 3900 1681 3974">
    <p class='ocr_par' dir='ltr' id='par_1_39' title="bbox 93 3900 1681 3974">
     <span class='ocr_line' id='line_1_39' title="bbox 93 3900 1681 3974; baseline 0 -17"><span class='ocrx_word' id='word_1_284' title='bbox 93 3902 237 3957; x_wconf 92' lang='lat' dir='ltr'><strong>illius</strong></span> <span class='ocrx_word' id='word_1_285' title='bbox 257 3911 632 3971; x_wconf 86' lang='lat' dir='ltr'><strong>occupaverat.</strong></span> <span class='ocrx_word' id='word_1_286' title='bbox 663 3901 797 3957; x_wconf 86' lang='lat' dir='ltr'><strong>Cum</strong></span> <span class='ocrx_word' id='word_1_287' title='bbox 824 3901 910 3956; x_wconf 86' lang='lat' dir='ltr'><strong>siti</strong></span> <span class='ocrx_word' id='word_1_288' title='bbox 938 3901 1049 3971; x_wconf 89' lang='lat' dir='ltr'><strong>jam</strong></span> <span class='ocrx_word' id='word_1_289' title='bbox 1082 3901 1407 3974; x_wconf 80' lang='lat' dir='ltr'><strong>afﬁtgeretur</strong></span> <span class='ocrx_word' id='word_1_290' title='bbox 1434 3900 1681 3973; x_wconf 88' lang='lat' dir='ltr'><strong>populus,</strong></span> 
     </span>
    </p>
   </div>
   <div class='ocr_carea' id='block_1_40' title="bbox 91 3990 1685 4063">
    <p class='ocr_par' dir='ltr' id='par_1_40' title="bbox 91 3990 1685 4063">
     <span class='ocr_line' id='line_1_40' title="bbox 91 3990 1685 4063; baseline 0 -16"><span class='ocrx_word' id='word_1_291' title='bbox 91 4003 147 4047; x_wconf 84' lang='lat' dir='ltr'><strong>et</strong></span> <span class='ocrx_word' id='word_1_292' title='bbox 172 3990 442 4061; x_wconf 88' lang='lat' dir='ltr'><strong>principes</strong></span> <span class='ocrx_word' id='word_1_293' title='bbox 462 3991 730 4046; x_wconf 86' lang='lat' dir='ltr'><strong>civitatem</strong></span> <span class='ocrx_word' id='word_1_294' title='bbox 755 3991 997 4046; x_wconf 87' lang='lat' dir='ltr'><strong>tradituri</strong></span> <span class='ocrx_word' id='word_1_295' title='bbox 1025 4002 1206 4048; x_wconf 89' lang='lat' dir='ltr'><strong>essent</strong></span> <span class='ocrx_word' id='word_1_296' title='bbox 1225 4033 1242 4060; x_wconf 92' lang='lat'><strong>,</strong></span> <span class='ocrx_word' id='word_1_297' title='bbox 1270 3992 1453 4048; x_wconf 88' lang='lat' dir='ltr'><strong>Judith</strong></span> <span class='ocrx_word' id='word_1_298' title='bbox 1473 3992 1685 4063; x_wconf 84' lang='lat' dir='ltr'><strong>deposi-</strong></span> 
     </span>
    </p>
   </div>
   <div class='ocr_carea' id='block_1_41' title="bbox 91 4080 1685 4155">
    <p class='ocr_par' dir='ltr' id='par_1_41' title="bbox 91 4080 1685 4155">
     <span class='ocr_line' id='line_1_41' title="bbox 91 4080 1685 4155; baseline 0.003 -19"><span class='ocrx_word' id='word_1_299' title='bbox 91 4084 164 4137; x_wconf 88' lang='lat' dir='ltr'><strong>tis</strong></span> <span class='ocrx_word' id='word_1_300' title='bbox 194 4080 466 4136; x_wconf 83' lang='lat' dir='ltr'><strong>viduitatis</strong></span> <span class='ocrx_word' id='word_1_301' title='bbox 496 4081 730 4137; x_wconf 87' lang='lat' dir='ltr'><strong>vestibus</strong></span> <span class='ocrx_word' id='word_1_302' title='bbox 750 4082 1029 4149; x_wconf 89' lang='lat' dir='ltr'><strong>(maritum</strong></span> <span class='ocrx_word' id='word_1_303' title='bbox 1056 4083 1197 4138; x_wconf 88' lang='lat' dir='ltr'><strong>enim</strong></span> <span class='ocrx_word' id='word_1_304' title='bbox 1230 4092 1495 4139; x_wconf 89' lang='lat' dir='ltr'><strong>mortuum</strong></span> <span class='ocrx_word' id='word_1_305' title='bbox 1537 4084 1685 4155; x_wconf 85' lang='lat' dir='ltr'><strong>luge-</strong></span> 
     </span>
    </p>
   </div>
   <div class='ocr_carea' id='block_1_42' title="bbox 90 4172 1683 4246">
    <p class='ocr_par' dir='ltr' id='par_1_42' title="bbox 90 4172 1683 4246">
     <span class='ocr_line' id='line_1_42' title="bbox 90 4172 1683 4246; baseline 0.004 -19"><span class='ocrx_word' id='word_1_306' title='bbox 90 4172 205 4237; x_wconf 88' lang='lat' dir='ltr'><strong>bat,</strong></span> <span class='ocrx_word' id='word_1_307' title='bbox 231 4181 292 4228; x_wconf 93' lang='lat' dir='ltr'><strong>et</strong></span> <span class='ocrx_word' id='word_1_308' title='bbox 306 4173 540 4244; x_wconf 88' lang='lat' dir='ltr'><strong>quotidie</strong></span> <span class='ocrx_word' id='word_1_309' title='bbox 565 4174 879 4244; x_wconf 81' lang='lat' dir='ltr'><strong>jejunabat),</strong></span> <span class='ocrx_word' id='word_1_310' title='bbox 905 4176 1134 4246; x_wconf 88' lang='lat' dir='ltr'><strong>seipsam</strong></span> <span class='ocrx_word' id='word_1_311' title='bbox 1164 4176 1332 4232; x_wconf 89' lang='lat' dir='ltr'><strong>instar</strong></span> <span class='ocrx_word' id='word_1_312' title='bbox 1356 4191 1567 4246; x_wconf 69' lang='lat' dir='ltr'><strong>sponsae</strong></span> <span class='ocrx_word' id='word_1_313' title='bbox 1590 4191 1683 4233; x_wconf 90' lang='lat' dir='ltr'><strong>or-</strong></span> 
     </span>
    </p>
   </div>
   <div class='ocr_carea' id='block_1_43' title="bbox 93 4267 1686 4339">
    <p class='ocr_par' dir='ltr' id='par_1_43' title="bbox 93 4267 1686 4339">
     <span class='ocr_line' id='line_1_43' title="bbox 93 4267 1686 4339; baseline 0.002 -17"><span class='ocrx_word' id='word_1_314' title='bbox 93 4267 282 4334; x_wconf 88' lang='lat' dir='ltr'><strong>navit,</strong></span> <span class='ocrx_word' id='word_1_315' title='bbox 328 4275 385 4322; x_wconf 91' lang='lat' dir='ltr'><strong>et</strong></span> <span class='ocrx_word' id='word_1_316' title='bbox 435 4267 618 4321; x_wconf 92' lang='lat' dir='ltr'><strong>multis</strong></span> <span class='ocrx_word' id='word_1_317' title='bbox 656 4267 934 4323; x_wconf 83' lang='lat' dir='ltr'><strong>adltortata</strong></span> <span class='ocrx_word' id='word_1_318' title='bbox 985 4272 1247 4339; x_wconf 88' lang='lat' dir='ltr'><strong>primores</strong></span> <span class='ocrx_word' id='word_1_319' title='bbox 1298 4269 1569 4337; x_wconf 84' lang='lat' dir='ltr'><strong>civitatis,</strong></span> <span class='ocrx_word' id='word_1_320' title='bbox 1617 4284 1686 4325; x_wconf 91' lang='lat' dir='ltr'><strong>ne</strong></span> 
     </span>
    </p>
   </div>
   <div class='ocr_carea' id='block_1_44' title="bbox 92 4358 1685 4431">
    <p class='ocr_par' dir='ltr' id='par_1_44' title="bbox 92 4358 1685 4431">
     <span class='ocr_line' id='line_1_44' title="bbox 92 4358 1685 4431; baseline 0.001 -17"><span class='ocrx_word' id='word_1_321' title='bbox 92 4358 368 4414; x_wconf 85' lang='lat' dir='ltr'><strong>civitatem</strong></span> <span class='ocrx_word' id='word_1_322' title='bbox 413 4359 480 4414; x_wconf 91' lang='lat' dir='ltr'><strong>ad</strong></span> <span class='ocrx_word' id='word_1_323' title='bbox 508 4374 677 4428; x_wconf 82' lang='lat' dir='ltr'><strong>usque</strong></span> <span class='ocrx_word' id='word_1_324' title='bbox 705 4361 939 4431; x_wconf 88' lang='lat' dir='ltr'><strong>quinque</strong></span> <span class='ocrx_word' id='word_1_325' title='bbox 972 4360 1088 4416; x_wconf 90' lang='lat' dir='ltr'><strong>dies</strong></span> <span class='ocrx_word' id='word_1_326' title='bbox 1124 4361 1262 4416; x_wconf 90' lang='lat' dir='ltr'><strong>hosti</strong></span> <span class='ocrx_word' id='word_1_327' title='bbox 1293 4360 1583 4428; x_wconf 89' lang='lat' dir='ltr'><strong>traderent,</strong></span> <span class='ocrx_word' id='word_1_328' title='bbox 1617 4361 1685 4417; x_wconf 90' lang='lat' dir='ltr'><strong>ad</strong></span> 
     </span>
    </p>
   </div>
   <div class='ocr_carea' id='block_1_45' title="bbox 94 4448 1685 4522">
    <p class='ocr_par' dir='ltr' id='par_1_45' title="bbox 94 4448 1685 4522">
     <span class='ocr_line' id='line_1_45' title="bbox 94 4448 1685 4522; baseline 0.001 -17"><span class='ocrx_word' id='word_1_329' title='bbox 94 4448 499 4520; x_wconf 80' lang='lat' dir='ltr'><strong>iioloplternem</strong></span> <span class='ocrx_word' id='word_1_330' title='bbox 531 4465 742 4521; x_wconf 88' lang='lat' dir='ltr'><strong>egressa</strong></span> <span class='ocrx_word' id='word_1_331' title='bbox 777 4461 882 4518; x_wconf 91' lang='lat' dir='ltr'><strong>est,</strong></span> <span class='ocrx_word' id='word_1_332' title='bbox 910 4460 963 4506; x_wconf 90' lang='lat' dir='ltr'><strong>et</strong></span> <span class='ocrx_word' id='word_1_333' title='bbox 988 4466 1108 4506; x_wconf 92' lang='lat' dir='ltr'><strong>cum</strong></span> <span class='ocrx_word' id='word_1_334' title='bbox 1138 4466 1230 4505; x_wconf 89' lang='lat' dir='ltr'><strong>sua</strong></span> <span class='ocrx_word' id='word_1_335' title='bbox 1258 4451 1403 4507; x_wconf 90' lang='lat' dir='ltr'><strong>illum</strong></span> <span class='ocrx_word' id='word_1_336' title='bbox 1430 4452 1685 4522; x_wconf 82' lang='lat' dir='ltr'><strong>sapientia</strong></span> 
     </span>
    </p>
   </div>
   <div class='ocr_carea' id='block_1_46' title="bbox 94 4542 1683 4616">
    <p class='ocr_par' dir='ltr' id='par_1_46' title="bbox 94 4542 1683 4616">
     <span class='ocr_line' id='line_1_46' title="bbox 94 4542 1683 4616; baseline 0.003 -19"><span class='ocrx_word' id='word_1_337' title='bbox 94 4542 441 4614; x_wconf 86' lang='lat' dir='ltr'><strong>decepisset,</strong></span> <span class='ocrx_word' id='word_1_338' title='bbox 480 4545 633 4600; x_wconf 92' lang='lat' dir='ltr'><strong>tertia</strong></span> <span class='ocrx_word' id='word_1_339' title='bbox 671 4544 793 4611; x_wconf 91' lang='lat' dir='ltr'><strong>die,</strong></span> <span class='ocrx_word' id='word_1_340' title='bbox 834 4545 1197 4616; x_wconf 88' lang='lat' dir='ltr'><strong>ignorantibus</strong></span> <span class='ocrx_word' id='word_1_341' title='bbox 1240 4545 1357 4615; x_wconf 90' lang='lat' dir='ltr'><strong>ejus</strong></span> <span class='ocrx_word' id='word_1_342' title='bbox 1393 4546 1683 4613; x_wconf 86' lang='lat' dir='ltr'><strong>militibus,</strong></span> 
     </span>
    </p>
   </div>
   <div class='ocr_carea' id='block_1_47' title="bbox 96 4635 1687 4708">
    <p class='ocr_par' dir='ltr' id='par_1_47' title="bbox 96 4635 1687 4708">
     <span class='ocr_line' id='line_1_47' title="bbox 96 4635 1687 4708; baseline 0.003 -19"><span class='ocrx_word' id='word_1_343' title='bbox 96 4635 271 4703; x_wconf 90' lang='lat' dir='ltr'><strong>ipsum</strong></span> <span class='ocrx_word' id='word_1_344' title='bbox 302 4637 481 4705; x_wconf 88' lang='lat' dir='ltr'><strong>capite</strong></span> <span class='ocrx_word' id='word_1_345' title='bbox 503 4637 785 4693; x_wconf 89' lang='lat' dir='ltr'><strong>truncavit.</strong></span> <span class='ocrx_word' id='word_1_346' title='bbox 812 4637 879 4691; x_wconf 85' lang='lat' dir='ltr'><strong>Et</strong></span> <span class='ocrx_word' id='word_1_347' title='bbox 901 4638 979 4693; x_wconf 91' lang='lat' dir='ltr'><strong>sic</strong></span> <span class='ocrx_word' id='word_1_348' title='bbox 1000 4637 1215 4693; x_wconf 88' lang='lat' dir='ltr'><strong>demum</strong></span> <span class='ocrx_word' id='word_1_349' title='bbox 1240 4637 1404 4703; x_wconf 86' lang='lat' dir='ltr'><strong>cives,</strong></span> <span class='ocrx_word' id='word_1_350' title='bbox 1428 4653 1687 4708; x_wconf 88' lang='lat' dir='ltr'><strong>suspenso</strong></span> 
     </span>
    </p>
   </div>
   <div class='ocr_carea' id='block_1_48' title="bbox 96 4725 1683 4799">
    <p class='ocr_par' dir='ltr' id='par_1_48' title="bbox 96 4725 1683 4799">
     <span class='ocr_line' id='line_1_48' title="bbox 96 4725 1683 4799; baseline 0.001 -19"><span class='ocrx_word' id='word_1_351' title='bbox 96 4725 455 4796; x_wconf 90' lang='lat' dir='ltr'><strong>llol0pbernis</strong></span> <span class='ocrx_word' id='word_1_352' title='bbox 474 4729 672 4799; x_wconf 89' lang='lat' dir='ltr'><strong>capite,</strong></span> <span class='ocrx_word' id='word_1_353' title='bbox 699 4728 870 4796; x_wconf 88' lang='lat' dir='ltr'><strong>ipsum</strong></span> <span class='ocrx_word' id='word_1_354' title='bbox 910 4728 1026 4798; x_wconf 86' lang='lat' dir='ltr'><strong>ejus</strong></span> <span class='ocrx_word' id='word_1_355' title='bbox 1064 4728 1288 4783; x_wconf 86' lang='lat' dir='ltr'><strong>tribunis</strong></span> <span class='ocrx_word' id='word_1_356' title='bbox 1316 4729 1683 4784; x_wconf 89' lang='lat' dir='ltr'><strong>ostenderunt.</strong></span> 
     </span>
    </p>
   </div>
   <div class='ocr_carea' id='block_1_49' title="bbox 95 4819 1687 4891">
    <p class='ocr_par' dir='ltr' id='par_1_49' title="bbox 95 4819 1687 4891">
     <span class='ocr_line' id='line_1_49' title="bbox 95 4819 1687 4891; baseline 0.003 -18"><span class='ocrx_word' id='word_1_357' title='bbox 95 4819 231 4873; x_wconf 89' lang='lat' dir='ltr'><strong>llinc</strong></span> <span class='ocrx_word' id='word_1_358' title='bbox 286 4820 492 4890; x_wconf 79' lang='lat' dir='ltr'><strong>Assyrii</strong></span> <span class='ocrx_word' id='word_1_359' title='bbox 541 4820 813 4891; x_wconf 89' lang='lat' dir='ltr'><strong>fugerunt;</strong></span> <span class='ocrx_word' id='word_1_360' title='bbox 861 4820 1116 4875; x_wconf 60' lang='lat' dir='ltr'><strong>israeiitae</strong></span> <span class='ocrx_word' id='word_1_361' title='bbox 1156 4836 1284 4874; x_wconf 89' lang='lat' dir='ltr'><strong>vero</strong></span> <span class='ocrx_word' id='word_1_362' title='bbox 1335 4821 1687 4890; x_wconf 83' lang='lat' dir='ltr'><strong>undequaque</strong></span> 
     </span>
    </p>
   </div>
   <div class='ocr_carea' id='block_1_50' title="bbox 93 4909 1685 4983">
    <p class='ocr_par' dir='ltr' id='par_1_50' title="bbox 93 4909 1685 4983">
     <span class='ocr_line' id='line_1_50' title="bbox 93 4909 1685 4983; baseline 0 -18"><span class='ocrx_word' id='word_1_363' title='bbox 93 4919 481 4966; x_wconf 85' lang='lat' dir='ltr'><strong>concurrentes</strong></span> <span class='ocrx_word' id='word_1_364' title='bbox 516 4912 764 4983; x_wconf 86' lang='lat' dir='ltr'><strong>Assyrios</strong></span> <span class='ocrx_word' id='word_1_365' title='bbox 803 4910 1149 4967; x_wconf 86' lang='lat' dir='ltr'><strong>trucidarunt.</strong></span> <span class='ocrx_word' id='word_1_366' title='bbox 1198 4909 1426 4966; x_wconf 89' lang='lat' dir='ltr'><strong>Liberati</strong></span> <span class='ocrx_word' id='word_1_367' title='bbox 1468 4911 1644 4981; x_wconf 86' lang='lat' dir='ltr'><strong>itaque</strong></span> <span class='ocrx_word' id='word_1_368' title='bbox 1667 4951 1685 4979; x_wconf 91' lang='lat'><strong>,</strong></span> 
     </span>
    </p>
   </div>
   <div class='ocr_carea' id='block_1_51' title="bbox 93 5000 1687 5072">
    <p class='ocr_par' dir='ltr' id='par_1_51' title="bbox 93 5000 1687 5072">
     <span class='ocr_line' id='line_1_51' title="bbox 93 5000 1687 5072; baseline 0.001 -17"><span class='ocrx_word' id='word_1_369' title='bbox 93 5000 433 5071; x_wconf 88' lang='lat' dir='ltr'><strong>direptisque</strong></span> <span class='ocrx_word' id='word_1_370' title='bbox 474 5000 707 5056; x_wconf 85' lang='lat' dir='ltr'><strong>hostium</strong></span> <span class='ocrx_word' id='word_1_371' title='bbox 755 5003 981 5065; x_wconf 88' lang='lat' dir='ltr'><strong>castris,</strong></span> <span class='ocrx_word' id='word_1_372' title='bbox 1030 5017 1150 5071; x_wconf 74' lang='lat' dir='ltr'><strong>qua:</strong></span> <span class='ocrx_word' id='word_1_373' title='bbox 1183 5000 1251 5056; x_wconf 92' lang='lat' dir='ltr'><strong>ad</strong></span> <span class='ocrx_word' id='word_1_374' title='bbox 1294 5001 1687 5072; x_wconf 85' lang='lat' dir='ltr'><strong>iiolophernem</strong></span> 
     </span>
    </p>
   </div>
   <div class='ocr_carea' id='block_1_52' title="bbox 95 5090 1689 5162">
    <p class='ocr_par' dir='ltr' id='par_1_52' title="bbox 95 5090 1689 5162">
     <span class='ocr_line' id='line_1_52' title="bbox 95 5090 1689 5162; baseline 0.002 -17"><span class='ocrx_word' id='word_1_375' title='bbox 95 5091 467 5161; x_wconf 87' lang='lat' dir='ltr'><strong>pertinuerant</strong></span> <span class='ocrx_word' id='word_1_376' title='bbox 493 5092 670 5147; x_wconf 91' lang='lat' dir='ltr'><strong>omnia</strong></span> <span class='ocrx_word' id='word_1_377' title='bbox 715 5092 945 5148; x_wconf 74' lang='lat' dir='ltr'><strong>Judithte</strong></span> <span class='ocrx_word' id='word_1_378' title='bbox 982 5091 1262 5148; x_wconf 91' lang='lat' dir='ltr'><strong>dederunt.</strong></span> <span class='ocrx_word' id='word_1_379' title='bbox 1293 5090 1409 5162; x_wconf 89' lang='lat' dir='ltr'><strong>ipsa</strong></span> <span class='ocrx_word' id='word_1_380' title='bbox 1436 5108 1563 5147; x_wconf 89' lang='lat' dir='ltr'><strong>vero</strong></span> <span class='ocrx_word' id='word_1_381' title='bbox 1593 5093 1689 5148; x_wconf 85' lang='lat' dir='ltr'><strong>Ju-</strong></span> 
     </span>
    </p>
   </div>
   <div class='ocr_carea' id='block_1_53' title="bbox 93 5182 1685 5255">
    <p class='ocr_par' dir='ltr' id='par_1_53' title="bbox 93 5182 1685 5255">
     <span class='ocr_line' id='line_1_53' title="bbox 93 5182 1685 5255; baseline 0.002 -18"><span class='ocrx_word' id='word_1_382' title='bbox 93 5183 206 5237; x_wconf 90' lang='lat' dir='ltr'><strong>ditb</strong></span> <span class='ocrx_word' id='word_1_383' title='bbox 239 5182 633 5254; x_wconf 86' lang='lat' dir='ltr'><strong>Jerosoiymam</strong></span> <span class='ocrx_word' id='word_1_384' title='bbox 681 5184 936 5255; x_wconf 87' lang='lat' dir='ltr'><strong>profecta,</strong></span> <span class='ocrx_word' id='word_1_385' title='bbox 982 5185 1159 5239; x_wconf 91' lang='lat' dir='ltr'><strong>omnia</strong></span> <span class='ocrx_word' id='word_1_386' title='bbox 1206 5185 1431 5240; x_wconf 93' lang='lat' dir='ltr'><strong>Domino</strong></span> <span class='ocrx_word' id='word_1_387' title='bbox 1472 5185 1685 5252; x_wconf 92' lang='lat' dir='ltr'><strong>obtulit,</strong></span> 
     </span>
    </p>
   </div>
   <div class='ocr_carea' id='block_1_54' title="bbox 91 5274 1686 5351">
    <p class='ocr_par' dir='ltr' id='par_1_54' title="bbox 91 5274 1686 5351">
     <span class='ocr_line' id='line_1_54' title="bbox 91 5274 1686 5351; baseline 0.003 -21"><span class='ocrx_word' id='word_1_388' title='bbox 91 5274 424 5347; x_wconf 90' lang='lat' dir='ltr'><strong>domumque</strong></span> <span class='ocrx_word' id='word_1_389' title='bbox 451 5292 683 5343; x_wconf 87' lang='lat' dir='ltr'><strong>reversa,</strong></span> <span class='ocrx_word' id='word_1_390' title='bbox 716 5278 767 5332; x_wconf 93' lang='lat' dir='ltr'><strong>in</strong></span> <span class='ocrx_word' id='word_1_391' title='bbox 807 5278 997 5335; x_wconf 91' lang='lat' dir='ltr'><strong>eodem</strong></span> <span class='ocrx_word' id='word_1_392' title='bbox 1037 5279 1249 5348; x_wconf 87' lang='lat' dir='ltr'><strong>pietatis</strong></span> <span class='ocrx_word' id='word_1_393' title='bbox 1273 5279 1534 5335; x_wconf 91' lang='lat' dir='ltr'><strong>exercitio</strong></span> <span class='ocrx_word' id='word_1_394' title='bbox 1562 5295 1686 5351; x_wconf 88' lang='lat' dir='ltr'><strong>per-</strong></span> 
     </span>
    </p>
   </div>
   <div class='ocr_carea' id='block_1_55' title="bbox 91 5369 1687 5442">
    <p class='ocr_par' dir='ltr' id='par_1_55' title="bbox 91 5369 1687 5442">
     <span class='ocr_line' id='line_1_55' title="bbox 91 5369 1687 5442; baseline 0.004 -21"><span class='ocrx_word' id='word_1_395' title='bbox 91 5369 365 5423; x_wconf 84' lang='lat' dir='ltr'><strong>severavit</strong></span> <span class='ocrx_word' id='word_1_396' title='bbox 387 5408 403 5434; x_wconf 93' lang='lat'><strong>,</strong></span> <span class='ocrx_word' id='word_1_397' title='bbox 449 5384 514 5425; x_wconf 88' lang='lat' dir='ltr'><strong>ac</strong></span> <span class='ocrx_word' id='word_1_398' title='bbox 551 5369 707 5425; x_wconf 87' lang='lat' dir='ltr'><strong>vidua</strong></span> <span class='ocrx_word' id='word_1_399' title='bbox 743 5370 812 5426; x_wconf 92' lang='lat' dir='ltr'><strong>ad</strong></span> <span class='ocrx_word' id='word_1_400' title='bbox 861 5380 1085 5426; x_wconf 89' lang='lat' dir='ltr'><strong>mortem</strong></span> <span class='ocrx_word' id='word_1_401' title='bbox 1116 5386 1283 5442; x_wconf 87' lang='lat' dir='ltr'><strong>usque</strong></span> <span class='ocrx_word' id='word_1_402' title='bbox 1306 5373 1543 5438; x_wconf 90' lang='lat' dir='ltr'><strong>mansit,</strong></span> <span class='ocrx_word' id='word_1_403' title='bbox 1586 5389 1687 5429; x_wconf 90' lang='lat' dir='ltr'><strong>ne-</strong></span> 
     </span>
    </p>
   </div>
   <div class='ocr_carea' id='block_1_56' title="bbox 92 5461 1689 5534">
    <p class='ocr_par' dir='ltr' id='par_1_56' title="bbox 92 5461 1689 5534">
     <span class='ocr_line' id='line_1_56' title="bbox 92 5461 1689 5534; baseline 0.003 -19"><span class='ocrx_word' id='word_1_404' title='bbox 92 5476 295 5533; x_wconf 90' lang='lat' dir='ltr'><strong>moque</strong></span> <span class='ocrx_word' id='word_1_405' title='bbox 346 5461 421 5516; x_wconf 91' lang='lat' dir='ltr'><strong>illi</strong></span> <span class='ocrx_word' id='word_1_406' title='bbox 481 5464 696 5533; x_wconf 89' lang='lat' dir='ltr'><strong>nuptias</strong></span> <span class='ocrx_word' id='word_1_407' title='bbox 742 5463 1065 5534; x_wconf 79' lang='lat' dir='ltr'><strong>persuadere</strong></span> <span class='ocrx_word' id='word_1_408' title='bbox 1117 5465 1306 5533; x_wconf 88' lang='lat' dir='ltr'><strong>potuit.</strong></span> <span class='ocrx_word' id='word_1_409' title='bbox 1354 5463 1555 5519; x_wconf 86' lang='lat' dir='ltr'><strong>Mortua</strong></span> <span class='ocrx_word' id='word_1_410' title='bbox 1605 5474 1689 5520; x_wconf 91' lang='lat' dir='ltr'><strong>est</strong></span> 
     </span>
    </p>
   </div>
   <div class='ocr_carea' id='block_1_57' title="bbox 92 5556 1686 5625">
    <p class='ocr_par' dir='ltr' id='par_1_57' title="bbox 92 5556 1686 5625">
     <span class='ocr_line' id='line_1_57' title="bbox 92 5556 1686 5625; baseline 0.004 -17"><span class='ocrx_word' id='word_1_411' title='bbox 92 5563 274 5609; x_wconf 83' lang='lat' dir='ltr'><strong>autem</strong></span> <span class='ocrx_word' id='word_1_412' title='bbox 296 5596 311 5619; x_wconf 95' lang='lat'><strong>,</strong></span> <span class='ocrx_word' id='word_1_413' title='bbox 343 5564 623 5625; x_wconf 88' lang='lat' dir='ltr'><strong>postquam</strong></span> <span class='ocrx_word' id='word_1_414' title='bbox 665 5556 719 5611; x_wconf 91' lang='lat' dir='ltr'><strong>in</strong></span> <span class='ocrx_word' id='word_1_415' title='bbox 754 5556 1007 5613; x_wconf 91' lang='lat' dir='ltr'><strong>viduitate</strong></span> <span class='ocrx_word' id='word_1_416' title='bbox 1045 5557 1267 5613; x_wconf 88' lang='lat' dir='ltr'><strong>honeste</strong></span> <span class='ocrx_word' id='word_1_417' title='bbox 1298 5558 1545 5624; x_wconf 78' lang='lat' dir='ltr'><strong>vixisset,</strong></span> <span class='ocrx_word' id='word_1_418' title='bbox 1588 5574 1686 5614; x_wconf 90' lang='lat' dir='ltr'><strong>an-</strong></span> 
     </span>
    </p>
   </div>
   <div class='ocr_carea' id='block_1_58' title="bbox 94 5648 1684 5721">
    <p class='ocr_par' dir='ltr' id='par_1_58' title="bbox 94 5648 1684 5721">
     <span class='ocr_line' id='line_1_58' title="bbox 94 5648 1684 5721; baseline 0.001 -18"><span class='ocrx_word' id='word_1_419' title='bbox 94 5663 193 5705; x_wconf 89' lang='lat' dir='ltr'><strong>nos</strong></span> <span class='ocrx_word' id='word_1_420' title='bbox 210 5661 432 5705; x_wconf 85' lang='lat' dir='ltr'><strong>emensa</strong></span> <span class='ocrx_word' id='word_1_421' title='bbox 451 5657 665 5703; x_wconf 85' lang='lat' dir='ltr'><strong>centum</strong></span> <span class='ocrx_word' id='word_1_422' title='bbox 682 5656 737 5704; x_wconf 91' lang='lat' dir='ltr'><strong>et</strong></span> <span class='ocrx_word' id='word_1_423' title='bbox 752 5649 1007 5721; x_wconf 89' lang='lat' dir='ltr'><strong>quinque.</strong></span> <span class='ocrx_word' id='word_1_424' title='bbox 1025 5648 1093 5704; x_wconf 85' lang='lat' dir='ltr'><strong>Et</strong></span> <span class='ocrx_word' id='word_1_425' title='bbox 1109 5648 1161 5704; x_wconf 92' lang='lat' dir='ltr'><strong>in</strong></span> <span class='ocrx_word' id='word_1_426' title='bbox 1180 5649 1294 5704; x_wconf 65' lang='lat' dir='ltr'><strong>haec</strong></span> <span class='ocrx_word' id='word_1_427' title='bbox 1319 5649 1512 5707; x_wconf 88' lang='lat' dir='ltr'><strong>desinit</strong></span> <span class='ocrx_word' id='word_1_428' title='bbox 1533 5650 1684 5706; x_wconf 87' lang='lat' dir='ltr'><strong>liber.</strong></span> 
     </span>
    </p>
   </div>
   <div class='ocr_carea' id='block_1_59' title="bbox 159 5812 1410 5880">
    <p class='ocr_par' dir='ltr' id='par_1_59' title="bbox 159 5812 1410 5880">
     <span class='ocr_line' id='line_1_59' title="bbox 159 5812 1410 5880; baseline 0.002 -17"><span class='ocrx_word' id='word_1_429' title='bbox 159 5813 235 5877; x_wconf 70' lang='grc' dir='ltr'><strong>(τι)</strong></span> <span class='ocrx_word' id='word_1_430' title='bbox 262 5812 448 5865; x_wconf 88' lang='lat' dir='ltr'><strong>iisdem</strong></span> <span class='ocrx_word' id='word_1_431' title='bbox 470 5813 578 5866; x_wconf 87' lang='lat' dir='ltr'><strong>fere</strong></span> <span class='ocrx_word' id='word_1_432' title='bbox 601 5815 767 5865; x_wconf 84' lang='lat' dir='ltr'><strong>verbis</strong></span> <span class='ocrx_word' id='word_1_433' title='bbox 789 5819 976 5865; x_wconf 86' lang='lat' dir='ltr'><strong>constat</strong></span> <span class='ocrx_word' id='word_1_434' title='bbox 999 5813 1152 5866; x_wconf 79' lang='lat' dir='ltr'><strong>altera</strong></span> <span class='ocrx_word' id='word_1_435' title='bbox 1174 5817 1410 5880; x_wconf 74' lang='lat' dir='ltr'><strong>Synopsis.</strong></span> 
     </span>
    </p>
   </div>
   <div class='ocr_carea' id='block_1_60' title="bbox 2383 464 2659 504">
    <p class='ocr_par' dir='ltr' id='par_1_60' title="bbox 2383 464 2659 504">
     <span class='ocr_line' id='line_1_60' title="bbox 2383 464 2659 504; baseline -0.014 -1"><span class='ocrx_word' id='word_1_436' title='bbox 2383 464 2532 503; x_wconf 70' lang='grc' dir='ltr'><strong>ιιιιικ</strong></span> <span class='ocrx_word' id='word_1_437' title='bbox 2552 464 2659 504; x_wconf 78' lang='lat' dir='ltr'><strong>JOI.</strong></span> 
     </span>
    </p>
   </div>
   <div class='ocr_carea' id='block_1_61' title="bbox 1839 579 3357 654">
    <p class='ocr_par' dir='ltr' id='par_1_61' title="bbox 1839 579 3357 654">
     <span class='ocr_line' id='line_1_61' title="bbox 1839 579 3357 654; baseline 0.007 -24"><span class='ocrx_word' id='word_1_438' title='bbox 1839 579 2038 652; x_wconf 79' lang='lat' dir='ltr'><strong>(a).iob</strong></span> <span class='ocrx_word' id='word_1_439' title='bbox 2067 581 2347 649; x_wconf 90' lang='lat' dir='ltr'><strong>inscriptus</strong></span> <span class='ocrx_word' id='word_1_440' title='bbox 2376 590 2459 638; x_wconf 88' lang='lat' dir='ltr'><strong>est</strong></span> <span class='ocrx_word' id='word_1_441' title='bbox 2487 581 2575 637; x_wconf 86' lang='lat' dir='ltr'><strong>hic</strong></span> <span class='ocrx_word' id='word_1_442' title='bbox 2600 583 2754 648; x_wconf 89' lang='lat' dir='ltr'><strong>liber,</strong></span> <span class='ocrx_word' id='word_1_443' title='bbox 2783 585 2902 652; x_wconf 86' lang='lat' dir='ltr'><strong>quia</strong></span> <span class='ocrx_word' id='word_1_444' title='bbox 2931 582 3046 654; x_wconf 84' lang='lat' dir='ltr'><strong>ejus</strong></span> <span class='ocrx_word' id='word_1_445' title='bbox 3072 583 3357 641; x_wconf 76' lang='lat' dir='ltr'><strong>historiam</strong></span> 
     </span>
    </p>
   </div>
   <div class='ocr_carea' id='block_1_62' title="bbox 1767 678 3352 747">
    <p class='ocr_par' dir='ltr' id='par_1_62' title="bbox 1767 678 3352 747">
     <span class='ocr_line' id='line_1_62' title="bbox 1767 678 3352 747; baseline 0.001 -17"><span class='ocrx_word' id='word_1_446' title='bbox 1767 678 2158 745; x_wconf 75' lang='lat' dir='ltr'><strong>complectitur,</strong></span> <span class='ocrx_word' id='word_1_447' title='bbox 2208 691 2398 745; x_wconf 89' lang='lat' dir='ltr'><strong>nempe</strong></span> <span class='ocrx_word' id='word_1_448' title='bbox 2437 692 2557 747; x_wconf 65' lang='lat' dir='ltr'><strong>quia</strong></span> <span class='ocrx_word' id='word_1_449' title='bbox 2604 691 2887 747; x_wconf 86' lang='lat' dir='ltr'><strong>perpessus</strong></span> <span class='ocrx_word' id='word_1_450' title='bbox 2928 679 2998 731; x_wconf 85' lang='lat' dir='ltr'><strong>sit</strong></span> <span class='ocrx_word' id='word_1_451' title='bbox 3045 686 3287 734; x_wconf 81' lang='lat' dir='ltr'><strong>tentatus</strong></span> <span class='ocrx_word' id='word_1_452' title='bbox 3322 694 3352 732; x_wconf 93' lang='lat' dir='ltr'><strong>a</strong></span> 
     </span>
    </p>
   </div>
   <div class='ocr_carea' id='block_1_63' title="bbox 1767 767 3355 840">
    <p class='ocr_par' dir='ltr' id='par_1_63' title="bbox 1767 767 3355 840">
     <span class='ocr_line' id='line_1_63' title="bbox 1767 767 3355 840; baseline 0.003 -19"><span class='ocrx_word' id='word_1_453' title='bbox 1767 767 1979 821; x_wconf 86' lang='lat' dir='ltr'><strong>diabolo</strong></span> <span class='ocrx_word' id='word_1_454' title='bbox 2005 810 2020 833; x_wconf 91' lang='lat'><strong>,</strong></span> <span class='ocrx_word' id='word_1_455' title='bbox 2065 778 2119 821; x_wconf 90' lang='lat' dir='ltr'><strong>et</strong></span> <span class='ocrx_word' id='word_1_456' title='bbox 2162 768 2429 837; x_wconf 89' lang='lat' dir='ltr'><strong>quomodo</strong></span> <span class='ocrx_word' id='word_1_457' title='bbox 2470 768 2687 834; x_wconf 84' lang='lat' dir='ltr'><strong>vicerit,</strong></span> <span class='ocrx_word' id='word_1_458' title='bbox 2720 768 2998 839; x_wconf 89' lang='lat' dir='ltr'><strong>illatasque</strong></span> <span class='ocrx_word' id='word_1_459' title='bbox 3038 769 3218 839; x_wconf 81' lang='lat' dir='ltr'><strong>plagas</strong></span> <span class='ocrx_word' id='word_1_460' title='bbox 3268 769 3355 840; x_wconf 87' lang='lat' dir='ltr'><strong>pie</strong></span> 
     </span>
    </p>
   </div>
   <div class='ocr_carea' id='block_1_64' title="bbox 1769 858 3355 930">
    <p class='ocr_par' dir='ltr' id='par_1_64' title="bbox 1769 858 3355 930">
     <span class='ocr_line' id='line_1_64' title="bbox 1769 858 3355 930; baseline 0.001 -18"><span class='ocrx_word' id='word_1_461' title='bbox 1769 860 2071 913; x_wconf 85' lang='lat' dir='ltr'><strong>toleraverit</strong></span> <span class='ocrx_word' id='word_1_462' title='bbox 2097 900 2111 924; x_wconf 89' lang='lat'><strong>,</strong></span> <span class='ocrx_word' id='word_1_463' title='bbox 2144 860 2465 929; x_wconf 44' lang='lat' dir='ltr'><strong>den‘iumque</strong></span> <span class='ocrx_word' id='word_1_464' title='bbox 2494 860 2672 913; x_wconf 90' lang='lat' dir='ltr'><strong>omnia</strong></span> <span class='ocrx_word' id='word_1_465' title='bbox 2699 858 2927 928; x_wconf 92' lang='lat' dir='ltr'><strong>duplicia</strong></span> <span class='ocrx_word' id='word_1_466' title='bbox 2957 858 3212 930; x_wconf 86' lang='lat' dir='ltr'><strong>receperit</strong></span> <span class='ocrx_word' id='word_1_467' title='bbox 3239 901 3253 924; x_wconf 90' lang='lat'><strong>,</strong></span> <span class='ocrx_word' id='word_1_468' title='bbox 3287 858 3355 914; x_wconf 81' lang='lat' dir='ltr'><strong>ii-</strong></span> 
     </span>
    </p>
   </div>
   <div class='ocr_carea' id='block_1_65' title="bbox 1770 948 3353 1019">
    <p class='ocr_par' dir='ltr' id='par_1_65' title="bbox 1770 948 3353 1019">
     <span class='ocr_line' id='line_1_65' title="bbox 1770 948 3353 1019; baseline 0.001 -17"><span class='ocrx_word' id='word_1_469' title='bbox 1770 949 2113 1019; x_wconf 82' lang='lat' dir='ltr'><strong>lustriorque,</strong></span> <span class='ocrx_word' id='word_1_470' title='bbox 2138 965 2295 1018; x_wconf 89' lang='lat' dir='ltr'><strong>quam</strong></span> <span class='ocrx_word' id='word_1_471' title='bbox 2324 960 2502 1013; x_wconf 87' lang='lat' dir='ltr'><strong>antea,</strong></span> <span class='ocrx_word' id='word_1_472' title='bbox 2532 948 2702 1004; x_wconf 89' lang='lat' dir='ltr'><strong>factus</strong></span> <span class='ocrx_word' id='word_1_473' title='bbox 2726 950 2812 1003; x_wconf 85' lang='lat' dir='ltr'><strong>sit.</strong></span> <span class='ocrx_word' id='word_1_474' title='bbox 2839 950 3032 1004; x_wconf 80' lang='lat' dir='ltr'><strong>Passus</strong></span> <span class='ocrx_word' id='word_1_475' title='bbox 3052 960 3226 1006; x_wconf 85' lang='lat' dir='ltr'><strong>autem</strong></span> <span class='ocrx_word' id='word_1_476' title='bbox 3249 962 3353 1014; x_wconf 84' lang='lat' dir='ltr'><strong>est,</strong></span> 
     </span>
    </p>
   </div>
   <div class='ocr_carea' id='block_1_66' title="bbox 1768 1024 3356 1112">
    <p class='ocr_par' dir='ltr' id='par_1_66' title="bbox 1768 1024 3356 1112">
     <span class='ocr_line' id='line_1_66' title="bbox 1768 1024 3356 1112; baseline 0.003 -20"><span class='ocrx_word' id='word_1_477' title='bbox 1768 1024 1889 1092; x_wconf 77' lang='lat' dir='ltr'><strong>cum</strong></span> <span class='ocrx_word' id='word_1_478' title='bbox 1914 1046 2057 1092; x_wconf 83' lang='lat' dir='ltr'><strong>esset</strong></span> <span class='ocrx_word' id='word_1_479' title='bbox 2075 1054 2332 1093; x_wconf 88' lang='lat' dir='ltr'><strong>annorum</strong></span> <span class='ocrx_word' id='word_1_480' title='bbox 2357 1039 2709 1109; x_wconf 83' lang='lat' dir='ltr'><strong>septuaginta,</strong></span> <span class='ocrx_word' id='word_1_481' title='bbox 2734 1039 2864 1095; x_wconf 84' lang='lat' dir='ltr'><strong>vixit</strong></span> <span class='ocrx_word' id='word_1_482' title='bbox 2884 1054 3010 1095; x_wconf 88' lang='lat' dir='ltr'><strong>vero</strong></span> <span class='ocrx_word' id='word_1_483' title='bbox 3035 1052 3152 1110; x_wconf 85' lang='lat' dir='ltr'><strong>post</strong></span> <span class='ocrx_word' id='word_1_484' title='bbox 3176 1039 3356 1112; x_wconf 77' lang='lat' dir='ltr'><strong>plagas</strong></span> 
     </span>
    </p>
   </div>
   <div class='ocr_carea' id='block_1_67' title="bbox 1769 1129 3357 1202">
    <p class='ocr_par' dir='ltr' id='par_1_67' title="bbox 1769 1129 3357 1202">
     <span class='ocr_line' id='line_1_67' title="bbox 1769 1129 3357 1202; baseline 0.003 -21"><span class='ocrx_word' id='word_1_485' title='bbox 1769 1129 1922 1182; x_wconf 88' lang='lat' dir='ltr'><strong>annis</strong></span> <span class='ocrx_word' id='word_1_486' title='bbox 1956 1137 2168 1183; x_wconf 89' lang='lat' dir='ltr'><strong>centum</strong></span> <span class='ocrx_word' id='word_1_487' title='bbox 2199 1137 2251 1182; x_wconf 85' lang='lat' dir='ltr'><strong>et</strong></span> <span class='ocrx_word' id='word_1_488' title='bbox 2281 1130 2610 1200; x_wconf 88' lang='lat' dir='ltr'><strong>septuaginta</strong></span> <span class='ocrx_word' id='word_1_489' title='bbox 2637 1171 2651 1195; x_wconf 98' lang='lat'><strong>,</strong></span> <span class='ocrx_word' id='word_1_490' title='bbox 2686 1130 2755 1184; x_wconf 90' lang='lat' dir='ltr'><strong>ita</strong></span> <span class='ocrx_word' id='word_1_491' title='bbox 2786 1138 2842 1185; x_wconf 93' lang='lat' dir='ltr'><strong>ut</strong></span> <span class='ocrx_word' id='word_1_492' title='bbox 2878 1144 3065 1186; x_wconf 90' lang='lat' dir='ltr'><strong>omnes</strong></span> <span class='ocrx_word' id='word_1_493' title='bbox 3088 1134 3211 1187; x_wconf 70' lang='lat' dir='ltr'><strong>vita:</strong></span> <span class='ocrx_word' id='word_1_494' title='bbox 3240 1134 3357 1202; x_wconf 83' lang='lat' dir='ltr'><strong>ejus</strong></span> 
     </span>
    </p>
   </div>
   <div class='ocr_carea' id='block_1_68' title="bbox 1771 1220 3359 1291">
    <p class='ocr_par' dir='ltr' id='par_1_68' title="bbox 1771 1220 3359 1291">
     <span class='ocr_line' id='line_1_68' title="bbox 1771 1220 3359 1291; baseline 0.004 -18"><span class='ocrx_word' id='word_1_495' title='bbox 1771 1220 1894 1273; x_wconf 89' lang='lat' dir='ltr'><strong>anni</strong></span> <span class='ocrx_word' id='word_1_496' title='bbox 1926 1220 2029 1274; x_wconf 88' lang='lat' dir='ltr'><strong>sint</strong></span> <span class='ocrx_word' id='word_1_497' title='bbox 2060 1220 2272 1275; x_wconf 88' lang='lat' dir='ltr'><strong>ducenti</strong></span> <span class='ocrx_word' id='word_1_498' title='bbox 2315 1220 2683 1291; x_wconf 83' lang='lat' dir='ltr'><strong>quadraginta.</strong></span> <span class='ocrx_word' id='word_1_499' title='bbox 2736 1221 2854 1276; x_wconf 81' lang='lat' dir='ltr'><strong>Fuit</strong></span> <span class='ocrx_word' id='word_1_500' title='bbox 2882 1231 3058 1277; x_wconf 87' lang='lat' dir='ltr'><strong>autem</strong></span> <span class='ocrx_word' id='word_1_501' title='bbox 3097 1222 3199 1278; x_wconf 87' lang='lat' dir='ltr'><strong>Job</strong></span> <span class='ocrx_word' id='word_1_502' title='bbox 3234 1233 3359 1280; x_wconf 83' lang='lat' dir='ltr'><strong>ante</strong></span> 
     </span>
    </p>
   </div>
   <div class='ocr_carea' id='block_1_69' title="bbox 1772 1311 3360 1382">
    <p class='ocr_par' dir='ltr' id='par_1_69' title="bbox 1772 1311 3360 1382">
     <span class='ocr_line' id='line_1_69' title="bbox 1772 1311 3360 1382; baseline 0.003 -18"><span class='ocrx_word' id='word_1_503' title='bbox 1772 1311 2007 1382; x_wconf 78' lang='lat' dir='ltr'><strong>Moysem</strong></span> <span class='ocrx_word' id='word_1_504' title='bbox 2028 1327 2042 1375; x_wconf 90' lang='lat'><strong>;</strong></span> <span class='ocrx_word' id='word_1_505' title='bbox 2065 1319 2181 1365; x_wconf 90' lang='lat' dir='ltr'><strong>erat</strong></span> <span class='ocrx_word' id='word_1_506' title='bbox 2206 1312 2345 1365; x_wconf 87' lang='lat' dir='ltr'><strong>enim</strong></span> <span class='ocrx_word' id='word_1_507' title='bbox 2374 1311 2592 1381; x_wconf 91' lang='lat' dir='ltr'><strong>quintus</strong></span> <span class='ocrx_word' id='word_1_508' title='bbox 2617 1312 2685 1366; x_wconf 88' lang='lat' dir='ltr'><strong>ab</strong></span> <span class='ocrx_word' id='word_1_509' title='bbox 2708 1311 3015 1367; x_wconf 84' lang='lat' dir='ltr'><strong>Abrahamo</strong></span> <span class='ocrx_word' id='word_1_510' title='bbox 3039 1329 3105 1368; x_wconf 90' lang='lat' dir='ltr'><strong>ex</strong></span> <span class='ocrx_word' id='word_1_511' title='bbox 3134 1315 3360 1382; x_wconf 89' lang='lat' dir='ltr'><strong>posteris</strong></span> 
     </span>
    </p>
   </div>
   <div class='ocr_carea' id='block_1_70' title="bbox 1772 1399 3359 1472">
    <p class='ocr_par' dir='ltr' id='par_1_70' title="bbox 1772 1399 3359 1472">
     <span class='ocr_line' id='line_1_70' title="bbox 1772 1399 3359 1472; baseline 0.002 -16"><span class='ocrx_word' id='word_1_512' title='bbox 1772 1402 1931 1456; x_wconf 75' lang='lat' dir='ltr'><strong>Esau.</strong></span> <span class='ocrx_word' id='word_1_513' title='bbox 1980 1399 2061 1457; x_wconf 90' lang='lat' dir='ltr'><strong>Ob</strong></span> <span class='ocrx_word' id='word_1_514' title='bbox 2107 1403 2380 1472; x_wconf 88' lang='lat' dir='ltr'><strong>plagarum</strong></span> <span class='ocrx_word' id='word_1_515' title='bbox 2422 1402 2773 1457; x_wconf 87' lang='lat' dir='ltr'><strong>calamitatem</strong></span> <span class='ocrx_word' id='word_1_516' title='bbox 2802 1413 3065 1459; x_wconf 89' lang='lat' dir='ltr'><strong>venerunt</strong></span> <span class='ocrx_word' id='word_1_517' title='bbox 3102 1404 3169 1459; x_wconf 87' lang='lat' dir='ltr'><strong>ad</strong></span> <span class='ocrx_word' id='word_1_518' title='bbox 3211 1405 3359 1459; x_wconf 91' lang='lat' dir='ltr'><strong>illum</strong></span> 
     </span>
    </p>
   </div>
   <div class='ocr_carea' id='block_1_71' title="bbox 1772 1492 3361 1563">
    <p class='ocr_par' dir='ltr' id='par_1_71' title="bbox 1772 1492 3361 1563">
     <span class='ocr_line' id='line_1_71' title="bbox 1772 1492 3361 1563; baseline 0.002 -16"><span class='ocrx_word' id='word_1_519' title='bbox 1772 1492 2081 1547; x_wconf 89' lang='lat' dir='ltr'><strong>consolandi</strong></span> <span class='ocrx_word' id='word_1_520' title='bbox 2109 1493 2274 1562; x_wconf 87' lang='lat' dir='ltr'><strong>gratia</strong></span> <span class='ocrx_word' id='word_1_521' title='bbox 2303 1492 2481 1546; x_wconf 84' lang='lat' dir='ltr'><strong>amici.</strong></span> <span class='ocrx_word' id='word_1_522' title='bbox 2518 1494 2693 1563; x_wconf 87' lang='lat' dir='ltr'><strong>Atque</strong></span> <span class='ocrx_word' id='word_1_523' title='bbox 2719 1493 2789 1548; x_wconf 91' lang='lat' dir='ltr'><strong>ita</strong></span> <span class='ocrx_word' id='word_1_524' title='bbox 2815 1496 3145 1549; x_wconf 87' lang='lat' dir='ltr'><strong>contentiose</strong></span> <span class='ocrx_word' id='word_1_525' title='bbox 3169 1504 3222 1551; x_wconf 88' lang='lat' dir='ltr'><strong>et</strong></span> <span class='ocrx_word' id='word_1_526' title='bbox 3244 1496 3361 1550; x_wconf 89' lang='lat' dir='ltr'><strong>sine</strong></span> 
     </span>
    </p>
   </div>
   <div class='ocr_carea' id='block_1_72' title="bbox 1773 1584 3358 1655">
    <p class='ocr_par' dir='ltr' id='par_1_72' title="bbox 1773 1584 3358 1655">
     <span class='ocr_line' id='line_1_72' title="bbox 1773 1584 3358 1655; baseline 0.001 -17"><span class='ocrx_word' id='word_1_527' title='bbox 1773 1585 2239 1638; x_wconf 82' lang='lat' dir='ltr'><strong>commiseratiOne</strong></span> <span class='ocrx_word' id='word_1_528' title='bbox 2268 1598 2387 1638; x_wconf 92' lang='lat' dir='ltr'><strong>cum</strong></span> <span class='ocrx_word' id='word_1_529' title='bbox 2420 1584 2511 1638; x_wconf 92' lang='lat' dir='ltr'><strong>illo</strong></span> <span class='ocrx_word' id='word_1_530' title='bbox 2545 1584 2721 1639; x_wconf 87' lang='lat' dir='ltr'><strong>verbis</strong></span> <span class='ocrx_word' id='word_1_531' title='bbox 2759 1594 3022 1655; x_wconf 89' lang='lat' dir='ltr'><strong>egerunt,</strong></span> <span class='ocrx_word' id='word_1_532' title='bbox 3066 1595 3123 1640; x_wconf 93' lang='lat' dir='ltr'><strong>ut</strong></span> <span class='ocrx_word' id='word_1_533' title='bbox 3150 1585 3275 1641; x_wconf 91' lang='lat' dir='ltr'><strong>illud</strong></span> <span class='ocrx_word' id='word_1_534' title='bbox 3308 1587 3358 1640; x_wconf 93' lang='lat' dir='ltr'><strong>in</strong></span> 
     </span>
    </p>
   </div>
   <div class='ocr_carea' id='block_1_73' title="bbox 1777 1673 3361 1746">
    <p class='ocr_par' dir='ltr' id='par_1_73' title="bbox 1777 1673 3361 1746">
     <span class='ocr_line' id='line_1_73' title="bbox 1777 1673 3361 1746; baseline 0.001 -17"><span class='ocrx_word' id='word_1_535' title='bbox 1777 1686 2052 1743; x_wconf 90' lang='lat' dir='ltr'><strong>peccatum</strong></span> <span class='ocrx_word' id='word_1_536' title='bbox 2085 1673 2213 1743; x_wconf 84' lang='lat' dir='ltr'><strong>ipsis</strong></span> <span class='ocrx_word' id='word_1_537' title='bbox 2240 1682 2537 1743; x_wconf 84' lang='lat' dir='ltr'><strong>reputatum</strong></span> <span class='ocrx_word' id='word_1_538' title='bbox 2569 1674 2748 1729; x_wconf 89' lang='lat' dir='ltr'><strong>fuerit.</strong></span> <span class='ocrx_word' id='word_1_539' title='bbox 2785 1673 2888 1731; x_wconf 90' lang='lat' dir='ltr'><strong>Job</strong></span> <span class='ocrx_word' id='word_1_540' title='bbox 2915 1686 3043 1731; x_wconf 88' lang='lat' dir='ltr'><strong>vero</strong></span> <span class='ocrx_word' id='word_1_541' title='bbox 3071 1676 3235 1732; x_wconf 85' lang='lat' dir='ltr'><strong>Deum</strong></span> <span class='ocrx_word' id='word_1_542' title='bbox 3266 1692 3361 1746; x_wconf 89' lang='lat' dir='ltr'><strong>pro</strong></span> 
     </span>
    </p>
   </div>
   <div class='ocr_carea' id='block_1_74' title="bbox 1776 1764 3359 1837">
    <p class='ocr_par' dir='ltr' id='par_1_74' title="bbox 1776 1764 3359 1837">
     <span class='ocr_line' id='line_1_74' title="bbox 1776 1764 3359 1837; baseline 0.001 -19"><span class='ocrx_word' id='word_1_543' title='bbox 1776 1764 1882 1819; x_wconf 92' lang='lat' dir='ltr'><strong>illis</strong></span> <span class='ocrx_word' id='word_1_544' title='bbox 1920 1770 2170 1836; x_wconf 88' lang='lat' dir='ltr'><strong>precatus</strong></span> <span class='ocrx_word' id='word_1_545' title='bbox 2207 1768 2325 1831; x_wconf 86' lang='lat' dir='ltr'><strong>est,</strong></span> <span class='ocrx_word' id='word_1_546' title='bbox 2358 1770 2411 1817; x_wconf 89' lang='lat' dir='ltr'><strong>et</strong></span> <span class='ocrx_word' id='word_1_547' title='bbox 2450 1765 2729 1820; x_wconf 89' lang='lat' dir='ltr'><strong>remissum</strong></span> <span class='ocrx_word' id='word_1_548' title='bbox 2773 1766 2901 1836; x_wconf 88' lang='lat' dir='ltr'><strong>ipsis</strong></span> <span class='ocrx_word' id='word_1_549' title='bbox 2942 1774 3025 1821; x_wconf 91' lang='lat' dir='ltr'><strong>est</strong></span> <span class='ocrx_word' id='word_1_550' title='bbox 3061 1774 3359 1837; x_wconf 84' lang='lat' dir='ltr'><strong>peccatum.</strong></span> 
     </span>
    </p>
   </div>
   <div class='ocr_carea' id='block_1_75' title="bbox 1776 1854 3361 1927">
    <p class='ocr_par' dir='ltr' id='par_1_75' title="bbox 1776 1854 3361 1927">
     <span class='ocr_line' id='line_1_75' title="bbox 1776 1854 3361 1927; baseline 0.001 -14"><span class='ocrx_word' id='word_1_551' title='bbox 1776 1856 1911 1913; x_wconf 91' lang='lat' dir='ltr'><strong>Sunt</strong></span> <span class='ocrx_word' id='word_1_552' title='bbox 1935 1856 2129 1926; x_wconf 80' lang='lat' dir='ltr'><strong>dialogi</strong></span> <span class='ocrx_word' id='word_1_553' title='bbox 2157 1854 2288 1923; x_wconf 81' lang='lat' dir='ltr'><strong>Job,</strong></span> <span class='ocrx_word' id='word_1_554' title='bbox 2310 1871 2446 1927; x_wconf 90' lang='lat' dir='ltr'><strong>quos</strong></span> <span class='ocrx_word' id='word_1_555' title='bbox 2470 1872 2587 1911; x_wconf 92' lang='lat' dir='ltr'><strong>cum</strong></span> <span class='ocrx_word' id='word_1_556' title='bbox 2618 1858 2803 1913; x_wconf 88' lang='lat' dir='ltr'><strong>amicis</strong></span> <span class='ocrx_word' id='word_1_557' title='bbox 2826 1856 3028 1925; x_wconf 89' lang='lat' dir='ltr'><strong>habuit,</strong></span> <span class='ocrx_word' id='word_1_558' title='bbox 3058 1867 3178 1914; x_wconf 91' lang='lat' dir='ltr'><strong>octo</strong></span> <span class='ocrx_word' id='word_1_559' title='bbox 3206 1875 3219 1912; x_wconf 88' lang='lat'><strong>:</strong></span> <span class='ocrx_word' id='word_1_560' title='bbox 3250 1859 3361 1914; x_wconf 79' lang='lat' dir='ltr'><strong>Eli-</strong></span> 
     </span>
    </p>
   </div>
   <div class='ocr_carea' id='block_1_76' title="bbox 1777 1946 3361 2018">
    <p class='ocr_par' dir='ltr' id='par_1_76' title="bbox 1777 1946 3361 2018">
     <span class='ocr_line' id='line_1_76' title="bbox 1777 1946 3361 2018; baseline 0.004 -17"><span class='ocrx_word' id='word_1_561' title='bbox 1777 1949 1913 2018; x_wconf 86' lang='lat' dir='ltr'><strong>phaz</strong></span> <span class='ocrx_word' id='word_1_562' title='bbox 1938 1962 2066 2002; x_wconf 89' lang='lat' dir='ltr'><strong>vero</strong></span> <span class='ocrx_word' id='word_1_563' title='bbox 2095 1948 2160 2002; x_wconf 90' lang='lat' dir='ltr'><strong>ad</strong></span> <span class='ocrx_word' id='word_1_564' title='bbox 2186 1946 2288 2003; x_wconf 88' lang='lat' dir='ltr'><strong>Job</strong></span> <span class='ocrx_word' id='word_1_565' title='bbox 2319 1957 2427 2003; x_wconf 91' lang='lat' dir='ltr'><strong>tres</strong></span> <span class='ocrx_word' id='word_1_566' title='bbox 2451 1991 2466 2014; x_wconf 89' lang='lat'><strong>,</strong></span> <span class='ocrx_word' id='word_1_567' title='bbox 2498 1948 2708 2018; x_wconf 88' lang='lat' dir='ltr'><strong>Sophar</strong></span> <span class='ocrx_word' id='word_1_568' title='bbox 2733 1949 2839 2005; x_wconf 91' lang='lat' dir='ltr'><strong>duo</strong></span> <span class='ocrx_word' id='word_1_569' title='bbox 2860 1991 2876 2017; x_wconf 95' lang='lat'><strong>,</strong></span> <span class='ocrx_word' id='word_1_570' title='bbox 2906 1948 3105 2006; x_wconf 84' lang='lat' dir='ltr'><strong>Baldad</strong></span> <span class='ocrx_word' id='word_1_571' title='bbox 3134 1960 3260 2007; x_wconf 91' lang='lat' dir='ltr'><strong>tres.</strong></span> <span class='ocrx_word' id='word_1_572' title='bbox 3293 1951 3361 2007; x_wconf 88' lang='lat' dir='ltr'><strong>Et</strong></span> 
     </span>
    </p>
   </div>
   <div class='ocr_carea' id='block_1_77' title="bbox 1780 2040 3360 2116">
    <p class='ocr_par' dir='ltr' id='par_1_77' title="bbox 1780 2040 3360 2116">
     <span class='ocr_line' id='line_1_77' title="bbox 1780 2040 3360 2116; baseline 0.003 -21"><span class='ocrx_word' id='word_1_573' title='bbox 1780 2042 1929 2096; x_wconf 87' lang='lat' dir='ltr'><strong>Eliuz</strong></span> <span class='ocrx_word' id='word_1_574' title='bbox 1953 2056 2163 2113; x_wconf 91' lang='lat' dir='ltr'><strong>quoque</strong></span> <span class='ocrx_word' id='word_1_575' title='bbox 2186 2041 2281 2096; x_wconf 80' lang='lat' dir='ltr'><strong>lilii</strong></span> <span class='ocrx_word' id='word_1_576' title='bbox 2314 2041 2590 2097; x_wconf 87' lang='lat' dir='ltr'><strong>Barachiei</strong></span> <span class='ocrx_word' id='word_1_577' title='bbox 2626 2040 2823 2097; x_wconf 70' lang='lat' dir='ltr'><strong>Buzita:</strong></span> <span class='ocrx_word' id='word_1_578' title='bbox 2843 2058 2978 2099; x_wconf 89' lang='lat' dir='ltr'><strong>unus</strong></span> <span class='ocrx_word' id='word_1_579' title='bbox 2998 2053 3079 2100; x_wconf 91' lang='lat' dir='ltr'><strong>est</strong></span> <span class='ocrx_word' id='word_1_580' title='bbox 3097 2045 3360 2116; x_wconf 84' lang='lat' dir='ltr'><strong>dialogus.</strong></span> 
     </span>
    </p>
   </div>
   <div class='ocr_carea' id='block_1_78' title="bbox 1780 2130 3363 2206">
    <p class='ocr_par' dir='ltr' id='par_1_78' title="bbox 1780 2130 3363 2206">
     <span class='ocr_line' id='line_1_78' title="bbox 1780 2130 3363 2206; baseline 0.004 -19"><span class='ocrx_word' id='word_1_581' title='bbox 1780 2132 2002 2187; x_wconf 88' lang='lat' dir='ltr'><strong>Demum</strong></span> <span class='ocrx_word' id='word_1_582' title='bbox 2048 2130 2304 2187; x_wconf 88' lang='lat' dir='ltr'><strong>Dominus</strong></span> <span class='ocrx_word' id='word_1_583' title='bbox 2344 2132 2537 2189; x_wconf 88' lang='lat' dir='ltr'><strong>Jobum</strong></span> <span class='ocrx_word' id='word_1_584' title='bbox 2565 2133 2852 2204; x_wconf 88' lang='lat' dir='ltr'><strong>alloquitur</strong></span> <span class='ocrx_word' id='word_1_585' title='bbox 2881 2150 2977 2206; x_wconf 90' lang='lat' dir='ltr'><strong>per</strong></span> <span class='ocrx_word' id='word_1_586' title='bbox 3002 2136 3269 2192; x_wconf 87' lang='lat' dir='ltr'><strong>turbinem</strong></span> <span class='ocrx_word' id='word_1_587' title='bbox 3309 2145 3363 2193; x_wconf 83' lang='lat' dir='ltr'><strong>et</strong></span> 
     </span>
    </p>
   </div>
   <div class='ocr_carea' id='block_1_79' title="bbox 1780 2223 3365 2299">
    <p class='ocr_par' dir='ltr' id='par_1_79' title="bbox 1780 2223 3365 2299">
     <span class='ocr_line' id='line_1_79' title="bbox 1780 2223 3365 2299; baseline 0.006 -22"><span class='ocrx_word' id='word_1_588' title='bbox 1780 2223 1999 2278; x_wconf 90' lang='lat' dir='ltr'><strong>nubem.</strong></span> <span class='ocrx_word' id='word_1_589' title='bbox 2033 2223 2339 2295; x_wconf 81' lang='lat' dir='ltr'><strong>Respondet</strong></span> <span class='ocrx_word' id='word_1_590' title='bbox 2369 2238 2497 2279; x_wconf 88' lang='lat' dir='ltr'><strong>vero</strong></span> <span class='ocrx_word' id='word_1_591' title='bbox 2527 2225 2788 2294; x_wconf 90' lang='lat' dir='ltr'><strong>Domino,</strong></span> <span class='ocrx_word' id='word_1_592' title='bbox 2820 2237 2872 2283; x_wconf 88' lang='lat' dir='ltr'><strong>et</strong></span> <span class='ocrx_word' id='word_1_593' title='bbox 2910 2226 2994 2284; x_wconf 87' lang='lat' dir='ltr'><strong>bis</strong></span> <span class='ocrx_word' id='word_1_594' title='bbox 3026 2229 3197 2299; x_wconf 90' lang='lat' dir='ltr'><strong>ipsum</strong></span> <span class='ocrx_word' id='word_1_595' title='bbox 3224 2230 3365 2286; x_wconf 72' lang='lat' dir='ltr'><strong>ailo~</strong></span> 
     </span>
    </p>
   </div>
   <div class='ocr_carea' id='block_1_80' title="bbox 1780 2310 2727 2386">
    <p class='ocr_par' dir='ltr' id='par_1_80' title="bbox 1780 2310 2727 2386">
     <span class='ocr_line' id='line_1_80' title="bbox 1780 2310 2727 2386; baseline 0.003 -17"><span class='ocrx_word' id='word_1_596' title='bbox 1780 2318 1977 2385; x_wconf 86' lang='lat' dir='ltr'><strong>quitur.</strong></span> <span class='ocrx_word' id='word_1_597' title='bbox 2009 2312 2201 2386; x_wconf 87' lang='lat' dir='ltr'><strong>Sicque</strong></span> <span class='ocrx_word' id='word_1_598' title='bbox 2230 2317 2544 2371; x_wconf 87' lang='lat' dir='ltr'><strong>terminatur</strong></span> <span class='ocrx_word' id='word_1_599' title='bbox 2568 2310 2727 2373; x_wconf 86' lang='lat' dir='ltr'><strong>liber.</strong></span> 
     </span>
    </p>
   </div>
   <div class='ocr_carea' id='block_1_81' title="bbox 1854 2406 3366 2480">
    <p class='ocr_par' dir='ltr' id='par_1_81' title="bbox 1854 2406 3366 2480">
     <span class='ocr_line' id='line_1_81' title="bbox 1854 2406 3366 2480; baseline 0.006 -19"><span class='ocrx_word' id='word_1_600' title='bbox 1854 2406 2056 2477; x_wconf 83' lang='lat' dir='ltr'><strong>ScOpus</strong></span> <span class='ocrx_word' id='word_1_601' title='bbox 2082 2416 2259 2462; x_wconf 89' lang='lat' dir='ltr'><strong>autem</strong></span> <span class='ocrx_word' id='word_1_602' title='bbox 2286 2408 2402 2477; x_wconf 88' lang='lat' dir='ltr'><strong>ejus</strong></span> <span class='ocrx_word' id='word_1_603' title='bbox 2434 2416 2574 2463; x_wconf 88' lang='lat' dir='ltr'><strong>totus</strong></span> <span class='ocrx_word' id='word_1_604' title='bbox 2602 2418 2683 2464; x_wconf 90' lang='lat' dir='ltr'><strong>est</strong></span> <span class='ocrx_word' id='word_1_605' title='bbox 2720 2406 2788 2464; x_wconf 90' lang='lat' dir='ltr'><strong>ad</strong></span> <span class='ocrx_word' id='word_1_606' title='bbox 2825 2410 3132 2480; x_wconf 85' lang='lat' dir='ltr'><strong>patientiam</strong></span> <span class='ocrx_word' id='word_1_607' title='bbox 3164 2411 3366 2471; x_wconf 88' lang='lat' dir='ltr'><strong>hortari</strong></span> 
     </span>
    </p>
   </div>
   <div class='ocr_carea' id='block_1_82' title="bbox 1781 2499 3369 2575">
    <p class='ocr_par' dir='ltr' id='par_1_82' title="bbox 1781 2499 3369 2575">
     <span class='ocr_line' id='line_1_82' title="bbox 1781 2499 3369 2575; baseline 0.004 -20"><span class='ocrx_word' id='word_1_608' title='bbox 1781 2514 1877 2555; x_wconf 91' lang='lat' dir='ltr'><strong>eos</strong></span> <span class='ocrx_word' id='word_1_609' title='bbox 1900 2500 1989 2569; x_wconf 92' lang='lat' dir='ltr'><strong>qui</strong></span> <span class='ocrx_word' id='word_1_610' title='bbox 2012 2499 2065 2553; x_wconf 91' lang='lat' dir='ltr'><strong>in</strong></span> <span class='ocrx_word' id='word_1_611' title='bbox 2096 2499 2428 2555; x_wconf 86' lang='lat' dir='ltr'><strong>calamitates</strong></span> <span class='ocrx_word' id='word_1_612' title='bbox 2454 2500 2716 2569; x_wconf 89' lang='lat' dir='ltr'><strong>incidunt,</strong></span> <span class='ocrx_word' id='word_1_613' title='bbox 2749 2502 2958 2557; x_wconf 87' lang='lat' dir='ltr'><strong>etiamsi</strong></span> <span class='ocrx_word' id='word_1_614' title='bbox 2982 2514 3231 2575; x_wconf 87' lang='lat' dir='ltr'><strong>magnum</strong></span> <span class='ocrx_word' id='word_1_615' title='bbox 3258 2505 3369 2575; x_wconf 83' lang='lat' dir='ltr'><strong>pie-</strong></span> 
     </span>
    </p>
   </div>
   <div class='ocr_carea' id='block_1_83' title="bbox 1782 2590 3363 2667">
    <p class='ocr_par' dir='ltr' id='par_1_83' title="bbox 1782 2590 3363 2667">
     <span class='ocr_line' id='line_1_83' title="bbox 1782 2590 3363 2667; baseline 0.006 -22"><span class='ocrx_word' id='word_1_616' title='bbox 1782 2593 1907 2646; x_wconf 85' lang='lat' dir='ltr'><strong>tatis</strong></span> <span class='ocrx_word' id='word_1_617' title='bbox 1946 2591 2303 2647; x_wconf 90' lang='lat' dir='ltr'><strong>testimonium</strong></span> <span class='ocrx_word' id='word_1_618' title='bbox 2347 2607 2457 2664; x_wconf 74' lang='lat' dir='ltr'><strong>prze</strong></span> <span class='ocrx_word' id='word_1_619' title='bbox 2498 2608 2557 2649; x_wconf 89' lang='lat' dir='ltr'><strong>se</strong></span> <span class='ocrx_word' id='word_1_620' title='bbox 2588 2590 2793 2660; x_wconf 86' lang='lat' dir='ltr'><strong>ferant;</strong></span> <span class='ocrx_word' id='word_1_621' title='bbox 2840 2604 2899 2650; x_wconf 89' lang='lat' dir='ltr'><strong>ut</strong></span> <span class='ocrx_word' id='word_1_622' title='bbox 2924 2594 3026 2652; x_wconf 86' lang='lat' dir='ltr'><strong>hoc</strong></span> <span class='ocrx_word' id='word_1_623' title='bbox 3055 2596 3228 2667; x_wconf 88' lang='lat' dir='ltr'><strong>ipsum</strong></span> <span class='ocrx_word' id='word_1_624' title='bbox 3257 2598 3363 2655; x_wconf 90' lang='lat' dir='ltr'><strong>illis</strong></span> 
     </span>
    </p>
   </div>
   <div class='ocr_carea' id='block_1_84' title="bbox 1782 2681 3369 2754">
    <p class='ocr_par' dir='ltr' id='par_1_84' title="bbox 1782 2681 3369 2754">
     <span class='ocr_line' id='line_1_84' title="bbox 1782 2681 3369 2754; baseline 0.006 -18"><span class='ocrx_word' id='word_1_625' title='bbox 1782 2681 2105 2737; x_wconf 85' lang='lat' dir='ltr'><strong>oiiendiculo</strong></span> <span class='ocrx_word' id='word_1_626' title='bbox 2135 2696 2239 2737; x_wconf 92' lang='lat' dir='ltr'><strong>non</strong></span> <span class='ocrx_word' id='word_1_627' title='bbox 2270 2682 2372 2747; x_wconf 91' lang='lat' dir='ltr'><strong>sit;</strong></span> <span class='ocrx_word' id='word_1_628' title='bbox 2402 2681 2497 2739; x_wconf 86' lang='lat' dir='ltr'><strong>sed</strong></span> <span class='ocrx_word' id='word_1_629' title='bbox 2527 2684 2642 2739; x_wconf 72' lang='lat' dir='ltr'><strong>haec</strong></span> <span class='ocrx_word' id='word_1_630' title='bbox 2668 2684 2937 2754; x_wconf 83' lang='lat' dir='ltr'><strong>proferant</strong></span> <span class='ocrx_word' id='word_1_631' title='bbox 2963 2704 2978 2742; x_wconf 91' lang='lat'><strong>:</strong></span> <span class='ocrx_word' id='word_1_632' title='bbox 3008 2685 3255 2744; x_wconf 77' lang='lat' dir='ltr'><strong>Dominus</strong></span> <span class='ocrx_word' id='word_1_633' title='bbox 3279 2688 3369 2745; x_wconf 66' lang='grc' dir='ltr'><strong>Δις</strong></span> 
     </span>
    </p>
   </div>
   <div class='ocr_carea' id='block_1_85' title="bbox 1784 2772 3370 2851">
    <p class='ocr_par' dir='ltr' id='par_1_85' title="bbox 1784 2772 3370 2851">
     <span class='ocr_line' id='line_1_85' title="bbox 1784 2772 3370 2851; baseline 0.006 -24"><span class='ocrx_word' id='word_1_634' title='bbox 1784 2774 1878 2841; x_wconf 85' lang='lat' dir='ltr'><strong>dit,</strong></span> <span class='ocrx_word' id='word_1_635' title='bbox 1902 2772 2153 2829; x_wconf 77' lang='lat' dir='ltr'><strong>Dominus</strong></span> <span class='ocrx_word' id='word_1_636' title='bbox 2177 2774 2425 2830; x_wconf 75' lang='lat' dir='ltr'><strong>abstulit:</strong></span> <span class='ocrx_word' id='word_1_637' title='bbox 2447 2775 2575 2829; x_wconf 76' lang='lat' dir='ltr'><strong>sicut</strong></span> <span class='ocrx_word' id='word_1_638' title='bbox 2600 2774 2818 2830; x_wconf 86' lang='lat' dir='ltr'><strong>Domino</strong></span> <span class='ocrx_word' id='word_1_639' title='bbox 2840 2777 3059 2848; x_wconf 80' lang='lat' dir='ltr'><strong>placuit,</strong></span> <span class='ocrx_word' id='word_1_640' title='bbox 3083 2779 3155 2833; x_wconf 83' lang='lat' dir='ltr'><strong>ita</strong></span> <span class='ocrx_word' id='word_1_641' title='bbox 3180 2781 3370 2851; x_wconf 74' lang='lat' dir='ltr'><strong>factum</strong></span> 
     </span>
    </p>
   </div>
   <div class='ocr_carea' id='block_1_86' title="bbox 1783 2865 3373 2942">
    <p class='ocr_par' dir='ltr' id='par_1_86' title="bbox 1783 2865 3373 2942">
     <span class='ocr_line' id='line_1_86' title="bbox 1783 2865 3373 2942; baseline 0.006 -23"><span class='ocrx_word' id='word_1_642' title='bbox 1783 2876 1892 2931; x_wconf 79' lang='lat' dir='ltr'><strong>est;</strong></span> <span class='ocrx_word' id='word_1_643' title='bbox 1919 2867 1985 2920; x_wconf 81' lang='lat' dir='ltr'><strong>sit</strong></span> <span class='ocrx_word' id='word_1_644' title='bbox 2009 2882 2195 2920; x_wconf 74' lang='lat' dir='ltr'><strong>nomen</strong></span> <span class='ocrx_word' id='word_1_645' title='bbox 2222 2865 2427 2921; x_wconf 81' lang='lat' dir='ltr'><strong>Domini</strong></span> <span class='ocrx_word' id='word_1_646' title='bbox 2448 2866 2762 2921; x_wconf 78' lang='lat' dir='ltr'><strong>benedictum</strong></span> <span class='ocrx_word' id='word_1_647' title='bbox 2787 2884 2849 2922; x_wconf 79' lang='lat' dir='ltr'><strong>ea:</strong></span> <span class='ocrx_word' id='word_1_648' title='bbox 2870 2869 2963 2923; x_wconf 82' lang='lat' dir='ltr'><strong>hoc</strong></span> <span class='ocrx_word' id='word_1_649' title='bbox 2988 2882 3123 2924; x_wconf 78' lang='lat' dir='ltr'><strong>nunc</strong></span> <span class='ocrx_word' id='word_1_650' title='bbox 3146 2880 3191 2925; x_wconf 87' lang='lat' dir='ltr'><strong>et</strong></span> <span class='ocrx_word' id='word_1_651' title='bbox 3214 2887 3373 2942; x_wconf 78' lang='lat' dir='ltr'><strong>usque</strong></span> 
     </span>
    </p>
   </div>
   <div class='ocr_carea' id='block_1_87' title="bbox 1785 2957 3372 3032">
    <p class='ocr_par' dir='ltr' id='par_1_87' title="bbox 1785 2957 3372 3032">
     <span class='ocr_line' id='line_1_87' title="bbox 1785 2957 3372 3032; baseline 0.006 -21"><span class='ocrx_word' id='word_1_652' title='bbox 1785 2958 1836 3011; x_wconf 86' lang='lat' dir='ltr'><strong>in</strong></span> <span class='ocrx_word' id='word_1_653' title='bbox 1865 2958 2106 3012; x_wconf 70' lang='lat' dir='ltr'><strong>arculum</strong></span> <span class='ocrx_word' id='word_1_654' title='bbox 2157 2957 2296 3030; x_wconf 84' lang='lat' dir='ltr'><strong>(Job</strong></span> <span class='ocrx_word' id='word_1_655' title='bbox 2334 2959 2386 3014; x_wconf 85' lang='grc'><strong>1.</strong></span> <span class='ocrx_word' id='word_1_656' title='bbox 2422 2958 2485 3014; x_wconf 74' lang='grc'><strong>21</strong></span> <span class='ocrx_word' id='word_1_657' title='bbox 2519 2959 2574 3031; x_wconf 86' lang='grc'><strong>);</strong></span> <span class='ocrx_word' id='word_1_658' title='bbox 2616 2961 2935 3032; x_wconf 89' lang='lat' dir='ltr'><strong>insuperque</strong></span> <span class='ocrx_word' id='word_1_659' title='bbox 2964 2961 3091 3018; x_wconf 89' lang='lat' dir='ltr'><strong>illud</strong></span> <span class='ocrx_word' id='word_1_660' title='bbox 3124 2981 3139 3018; x_wconf 91' lang='lat'><strong>:</strong></span> <span class='ocrx_word' id='word_1_661' title='bbox 3185 2963 3372 3021; x_wconf 77' lang='lat' dir='ltr'><strong>Nudus</strong></span> 
     </span>
    </p>
   </div>
   <div class='ocr_carea' id='block_1_88' title="bbox 1785 3049 3375 3119">
    <p class='ocr_par' dir='ltr' id='par_1_88' title="bbox 1785 3049 3375 3119">
     <span class='ocr_line' id='line_1_88' title="bbox 1785 3049 3375 3119; baseline 0.005 -16"><span class='ocrx_word' id='word_1_662' title='bbox 1785 3064 2012 3119; x_wconf 73' lang='lat' dir='ltr'><strong>egressus</strong></span> <span class='ocrx_word' id='word_1_663' title='bbox 2051 3066 2162 3103; x_wconf 83' lang='lat' dir='ltr'><strong>sum</strong></span> <span class='ocrx_word' id='word_1_664' title='bbox 2206 3049 2267 3103; x_wconf 86' lang='lat' dir='ltr'><strong>de</strong></span> <span class='ocrx_word' id='word_1_665' title='bbox 2306 3058 2444 3105; x_wconf 88' lang='lat' dir='ltr'><strong>utero</strong></span> <span class='ocrx_word' id='word_1_666' title='bbox 2472 3052 2646 3105; x_wconf 79' lang='lat' dir='ltr'><strong>matris</strong></span> <span class='ocrx_word' id='word_1_667' title='bbox 2688 3064 2841 3119; x_wconf 72' lang='lat' dir='ltr'><strong>mete,</strong></span> <span class='ocrx_word' id='word_1_668' title='bbox 2872 3062 2920 3107; x_wconf 86' lang='lat' dir='ltr'><strong>et</strong></span> <span class='ocrx_word' id='word_1_669' title='bbox 2962 3054 3129 3109; x_wconf 77' lang='lat' dir='ltr'><strong>nudus</strong></span> <span class='ocrx_word' id='word_1_670' title='bbox 3156 3067 3375 3111; x_wconf 80' lang='lat' dir='ltr'><strong>revertar</strong></span> 
     </span>
    </p>
   </div>
   <div class='ocr_carea' id='block_1_89' title="bbox 1786 3141 3373 3220">
    <p class='ocr_par' dir='ltr' id='par_1_89' title="bbox 1786 3141 3373 3220">
     <span class='ocr_line' id='line_1_89' title="bbox 1786 3141 3373 3220; baseline 0.007 -24"><span class='ocrx_word' id='word_1_671' title='bbox 1786 3141 1909 3197; x_wconf 82' lang='lat' dir='ltr'><strong>illuc</strong></span> <span class='ocrx_word' id='word_1_672' title='bbox 1935 3142 2176 3214; x_wconf 82' lang='lat' dir='ltr'><strong>(Ibidem)</strong></span> <span class='ocrx_word' id='word_1_673' title='bbox 2200 3160 2215 3209; x_wconf 90' lang='lat'><strong>;</strong></span> <span class='ocrx_word' id='word_1_674' title='bbox 2242 3154 2401 3215; x_wconf 91' lang='lat' dir='ltr'><strong>atque</strong></span> <span class='ocrx_word' id='word_1_675' title='bbox 2429 3144 2550 3201; x_wconf 92' lang='lat' dir='ltr'><strong>hinc</strong></span> <span class='ocrx_word' id='word_1_676' title='bbox 2576 3147 2789 3202; x_wconf 89' lang='lat' dir='ltr'><strong>demum</strong></span> <span class='ocrx_word' id='word_1_677' title='bbox 2816 3147 3050 3204; x_wconf 90' lang='lat' dir='ltr'><strong>ediscant</strong></span> <span class='ocrx_word' id='word_1_678' title='bbox 3081 3161 3276 3220; x_wconf 89' lang='lat' dir='ltr'><strong>quanta</strong></span> <span class='ocrx_word' id='word_1_679' title='bbox 3303 3153 3373 3208; x_wconf 91' lang='lat' dir='ltr'><strong>sit</strong></span> 
     </span>
    </p>
   </div>
   <div class='ocr_carea' id='block_1_90' title="bbox 1788 3234 3372 3311">
    <p class='ocr_par' dir='ltr' id='par_1_90' title="bbox 1788 3234 3372 3311">
     <span class='ocr_line' id='line_1_90' title="bbox 1788 3234 3372 3311; baseline 0.006 -24"><span class='ocrx_word' id='word_1_680' title='bbox 1788 3234 2054 3304; x_wconf 73' lang='lat' dir='ltr'><strong>patientia:</strong></span> <span class='ocrx_word' id='word_1_681' title='bbox 2099 3235 2298 3291; x_wconf 80' lang='lat' dir='ltr'><strong>utilitas</strong></span> <span class='ocrx_word' id='word_1_682' title='bbox 2330 3253 2344 3291; x_wconf 89' lang='lat'><strong>:</strong></span> <span class='ocrx_word' id='word_1_683' title='bbox 2373 3236 2570 3291; x_wconf 90' lang='lat' dir='ltr'><strong>etenim</strong></span> <span class='ocrx_word' id='word_1_684' title='bbox 2612 3236 2734 3292; x_wconf 91' lang='lat' dir='ltr'><strong>inde</strong></span> <span class='ocrx_word' id='word_1_685' title='bbox 2775 3239 3073 3294; x_wconf 90' lang='lat' dir='ltr'><strong>mercedem</strong></span> <span class='ocrx_word' id='word_1_686' title='bbox 3103 3244 3372 3311; x_wconf 90' lang='lat' dir='ltr'><strong>accepturi</strong></span> 
     </span>
    </p>
   </div>
   <div class='ocr_carea' id='block_1_91' title="bbox 1786 3324 3375 3389">
    <p class='ocr_par' dir='ltr' id='par_1_91' title="bbox 1786 3324 3375 3389">
     <span class='ocr_line' id='line_1_91' title="bbox 1786 3324 3375 3389; baseline 0.006 -10"><span class='ocrx_word' id='word_1_687' title='bbox 1786 3333 1911 3380; x_wconf 89' lang='lat' dir='ltr'><strong>sunt</strong></span> <span class='ocrx_word' id='word_1_688' title='bbox 1939 3326 2075 3380; x_wconf 92' lang='lat' dir='ltr'><strong>sicut</strong></span> <span class='ocrx_word' id='word_1_689' title='bbox 2100 3324 2220 3380; x_wconf 89' lang='lat' dir='ltr'><strong>Job.</strong></span> <span class='ocrx_word' id='word_1_690' title='bbox 2249 3325 2317 3383; x_wconf 84' lang='lat' dir='ltr'><strong>Ut</strong></span> <span class='ocrx_word' id='word_1_691' title='bbox 2343 3326 2501 3381; x_wconf 88' lang='lat' dir='ltr'><strong>etiam</strong></span> <span class='ocrx_word' id='word_1_692' title='bbox 2530 3329 2780 3384; x_wconf 89' lang='lat' dir='ltr'><strong>ostendat</strong></span> <span class='ocrx_word' id='word_1_693' title='bbox 2809 3330 2972 3385; x_wconf 89' lang='lat' dir='ltr'><strong>Deum</strong></span> <span class='ocrx_word' id='word_1_694' title='bbox 3000 3332 3375 3389; x_wconf 87' lang='lat' dir='ltr'><strong>intentatorem</strong></span> 
     </span>
    </p>
   </div>
   <div class='ocr_carea' id='block_1_92' title="bbox 1786 3418 3375 3495">
    <p class='ocr_par' dir='ltr' id='par_1_92' title="bbox 1786 3418 3375 3495">
     <span class='ocr_line' id='line_1_92' title="bbox 1786 3418 3375 3495; baseline 0.006 -23"><span class='ocrx_word' id='word_1_695' title='bbox 1786 3418 2046 3473; x_wconf 90' lang='lat' dir='ltr'><strong>malorum</strong></span> <span class='ocrx_word' id='word_1_696' title='bbox 2070 3434 2211 3485; x_wconf 87' lang='lat' dir='ltr'><strong>esse,</strong></span> <span class='ocrx_word' id='word_1_697' title='bbox 2236 3419 2611 3490; x_wconf 91' lang='lat' dir='ltr'><strong>neminemque</strong></span> <span class='ocrx_word' id='word_1_698' title='bbox 2637 3429 2875 3481; x_wconf 81' lang='lat' dir='ltr'><strong>tentare:</strong></span> <span class='ocrx_word' id='word_1_699' title='bbox 2904 3422 2997 3478; x_wconf 86' lang='lat' dir='ltr'><strong>sed</strong></span> <span class='ocrx_word' id='word_1_700' title='bbox 3020 3423 3129 3479; x_wconf 92' lang='lat' dir='ltr'><strong>Deo</strong></span> <span class='ocrx_word' id='word_1_701' title='bbox 3152 3427 3375 3495; x_wconf 89' lang='lat' dir='ltr'><strong>permit-</strong></span> 
     </span>
    </p>
   </div>
   <div class='ocr_carea' id='block_1_93' title="bbox 1789 3508 3374 3584">
    <p class='ocr_par' dir='ltr' id='par_1_93' title="bbox 1789 3508 3374 3584">
     <span class='ocr_line' id='line_1_93' title="bbox 1789 3508 3374 3584; baseline 0.006 -22"><span class='ocrx_word' id='word_1_702' title='bbox 1789 3514 1934 3563; x_wconf 90' lang='lat' dir='ltr'><strong>tente</strong></span> <span class='ocrx_word' id='word_1_703' title='bbox 1970 3510 2288 3565; x_wconf 90' lang='lat' dir='ltr'><strong>tentationes</strong></span> <span class='ocrx_word' id='word_1_704' title='bbox 2334 3508 2638 3566; x_wconf 88' lang='lat' dir='ltr'><strong>hominibus</strong></span> <span class='ocrx_word' id='word_1_705' title='bbox 2678 3526 2776 3584; x_wconf 86' lang='lat' dir='ltr'><strong>per</strong></span> <span class='ocrx_word' id='word_1_706' title='bbox 2812 3511 3084 3568; x_wconf 67' lang='lat' dir='ltr'><strong>daemonas</strong></span> <span class='ocrx_word' id='word_1_707' title='bbox 3112 3515 3374 3583; x_wconf 83' lang='lat' dir='ltr'><strong>excitari,</strong></span> 
     </span>
    </p>
   </div>
   <div class='ocr_carea' id='block_1_94' title="bbox 1788 3600 3375 3675">
    <p class='ocr_par' dir='ltr' id='par_1_94' title="bbox 1788 3600 3375 3675">
     <span class='ocr_line' id='line_1_94' title="bbox 1788 3600 3375 3675; baseline 0.004 -20"><span class='ocrx_word' id='word_1_708' title='bbox 1788 3601 1853 3655; x_wconf 88' lang='lat' dir='ltr'><strong>ad</strong></span> <span class='ocrx_word' id='word_1_709' title='bbox 1881 3600 2212 3671; x_wconf 87' lang='lat' dir='ltr'><strong>singulorum</strong></span> <span class='ocrx_word' id='word_1_710' title='bbox 2250 3601 2614 3671; x_wconf 90' lang='lat' dir='ltr'><strong>probationem</strong></span> <span class='ocrx_word' id='word_1_711' title='bbox 2642 3603 3145 3675; x_wconf 78' lang='lat' dir='ltr'><strong>perfeCtiouemque.</strong></span> <span class='ocrx_word' id='word_1_712' title='bbox 3176 3605 3375 3661; x_wconf 86' lang='lat' dir='ltr'><strong>Narra-</strong></span> 
     </span>
    </p>
   </div>
   <div class='ocr_carea' id='block_1_95' title="bbox 1791 3690 3378 3763">
    <p class='ocr_par' dir='ltr' id='par_1_95' title="bbox 1791 3690 3378 3763">
     <span class='ocr_line' id='line_1_95' title="bbox 1791 3690 3378 3763; baseline 0.005 -18"><span class='ocrx_word' id='word_1_713' title='bbox 1791 3699 1876 3745; x_wconf 92' lang='lat' dir='ltr'><strong>tur</strong></span> <span class='ocrx_word' id='word_1_714' title='bbox 1904 3690 2243 3747; x_wconf 85' lang='lat' dir='ltr'><strong>Salomonem</strong></span> <span class='ocrx_word' id='word_1_715' title='bbox 2274 3690 2416 3747; x_wconf 86' lang='lat' dir='ltr'><strong>hunc</strong></span> <span class='ocrx_word' id='word_1_716' title='bbox 2441 3691 2785 3749; x_wconf 87' lang='lat' dir='ltr'><strong>adornavisse</strong></span> <span class='ocrx_word' id='word_1_717' title='bbox 2828 3694 3021 3750; x_wconf 90' lang='lat' dir='ltr'><strong>librum</strong></span> <span class='ocrx_word' id='word_1_718' title='bbox 3046 3737 3063 3763; x_wconf 88' lang='lat'><strong>,</strong></span> <span class='ocrx_word' id='word_1_719' title='bbox 3104 3694 3202 3751; x_wconf 88' lang='lat' dir='ltr'><strong>nisi</strong></span> <span class='ocrx_word' id='word_1_720' title='bbox 3240 3695 3378 3754; x_wconf 77' lang='lat' dir='ltr'><strong>forte</strong></span> 
     </span>
    </p>
   </div>
   <div class='ocr_carea' id='block_1_96' title="bbox 1790 3774 3373 3860">
    <p class='ocr_par' dir='ltr' id='par_1_96' title="bbox 1790 3774 3373 3860">
     <span class='ocr_line' id='line_1_96' title="bbox 1790 3774 3373 3860; baseline 0.004 -23"><span class='ocrx_word' id='word_1_721' title='bbox 1790 3782 1956 3853; x_wconf 92' lang='lat' dir='ltr'><strong>ipsius</strong></span> <span class='ocrx_word' id='word_1_722' title='bbox 1983 3774 2182 3856; x_wconf 80' lang='lat' dir='ltr'><strong>Moysis</strong></span> <span class='ocrx_word' id='word_1_723' title='bbox 2206 3784 2280 3839; x_wconf 89' lang='lat' dir='ltr'><strong>sit</strong></span> <span class='ocrx_word' id='word_1_724' title='bbox 2308 3799 2461 3857; x_wconf 92' lang='lat' dir='ltr'><strong>opus.</strong></span> <span class='ocrx_word' id='word_1_725' title='bbox 2492 3782 2617 3841; x_wconf 80' lang='lat' dir='ltr'><strong>llaec</strong></span> <span class='ocrx_word' id='word_1_726' title='bbox 2644 3789 2982 3844; x_wconf 87' lang='lat' dir='ltr'><strong>continentur</strong></span> <span class='ocrx_word' id='word_1_727' title='bbox 3006 3790 3058 3844; x_wconf 89' lang='lat' dir='ltr'><strong>in</strong></span> <span class='ocrx_word' id='word_1_728' title='bbox 3091 3790 3190 3846; x_wconf 87' lang='lat' dir='ltr'><strong>hoc</strong></span> <span class='ocrx_word' id='word_1_729' title='bbox 3217 3791 3373 3860; x_wconf 87' lang='lat' dir='ltr'><strong>libro,</strong></span> 
     </span>
    </p>
   </div>
   <div class='ocr_carea' id='block_1_97' title="bbox 1788 3875 3375 3950">
    <p class='ocr_par' dir='ltr' id='par_1_97' title="bbox 1788 3875 3375 3950">
     <span class='ocr_line' id='line_1_97' title="bbox 1788 3875 3375 3950; baseline 0.005 -20"><span class='ocrx_word' id='word_1_730' title='bbox 1788 3875 1942 3946; x_wconf 92' lang='lat' dir='ltr'><strong>cujus</strong></span> <span class='ocrx_word' id='word_1_731' title='bbox 1969 3877 2140 3945; x_wconf 87' lang='lat' dir='ltr'><strong>capita</strong></span> <span class='ocrx_word' id='word_1_732' title='bbox 2172 3876 2250 3931; x_wconf 89' lang='lat' dir='ltr'><strong>sic</strong></span> <span class='ocrx_word' id='word_1_733' title='bbox 2276 3878 2472 3931; x_wconf 89' lang='lat' dir='ltr'><strong>resumi</strong></span> <span class='ocrx_word' id='word_1_734' title='bbox 2504 3889 2745 3948; x_wconf 87' lang='lat' dir='ltr'><strong>possunt.</strong></span> <span class='ocrx_word' id='word_1_735' title='bbox 2778 3879 2832 3933; x_wconf 93' lang='lat' dir='ltr'><strong>in</strong></span> <span class='ocrx_word' id='word_1_736' title='bbox 2860 3882 3080 3936; x_wconf 85' lang='lat' dir='ltr'><strong>exordio</strong></span> <span class='ocrx_word' id='word_1_737' title='bbox 3109 3892 3375 3950; x_wconf 89' lang='lat' dir='ltr'><strong>narratur,</strong></span> 
     </span>
    </p>
   </div>
   <div class='ocr_carea' id='block_1_98' title="bbox 1790 3964 3376 4045">
    <p class='ocr_par' dir='ltr' id='par_1_98' title="bbox 1790 3964 3376 4045">
     <span class='ocr_line' id='line_1_98' title="bbox 1790 3964 3376 4045; baseline 0.006 -24"><span class='ocrx_word' id='word_1_738' title='bbox 1790 3967 1929 4039; x_wconf 88' lang='lat' dir='ltr'><strong>quod</strong></span> <span class='ocrx_word' id='word_1_739' title='bbox 1954 3967 2055 4024; x_wconf 90' lang='lat' dir='ltr'><strong>Job</strong></span> <span class='ocrx_word' id='word_1_740' title='bbox 2084 3968 2345 4025; x_wconf 87' lang='lat' dir='ltr'><strong>habitaret</strong></span> <span class='ocrx_word' id='word_1_741' title='bbox 2366 3971 2418 4024; x_wconf 92' lang='lat' dir='ltr'><strong>iu</strong></span> <span class='ocrx_word' id='word_1_742' title='bbox 2443 3980 2583 4025; x_wconf 87' lang='lat' dir='ltr'><strong>terra</strong></span> <span class='ocrx_word' id='word_1_743' title='bbox 2611 3964 2851 4026; x_wconf 84' lang='lat' dir='ltr'><strong>Ausitidc</strong></span> <span class='ocrx_word' id='word_1_744' title='bbox 2878 3990 2892 4027; x_wconf 91' lang='lat'><strong>:</strong></span> <span class='ocrx_word' id='word_1_745' title='bbox 2920 3973 3112 4030; x_wconf 89' lang='lat' dir='ltr'><strong>deinde</strong></span> <span class='ocrx_word' id='word_1_746' title='bbox 3136 3977 3376 4045; x_wconf 84' lang='lat' dir='ltr'><strong>sequitur</strong></span> 
     </span>
    </p>
   </div>
   <div class='ocr_carea' id='block_1_99' title="bbox 1792 4061 3373 4139">
    <p class='ocr_par' dir='ltr' id='par_1_99' title="bbox 1792 4061 3373 4139">
     <span class='ocr_line' id='line_1_99' title="bbox 1792 4061 3373 4139; baseline 0.008 -25"><span class='ocrx_word' id='word_1_747' title='bbox 1792 4061 2149 4116; x_wconf 91' lang='lat' dir='ltr'><strong>testimonium</strong></span> <span class='ocrx_word' id='word_1_748' title='bbox 2179 4061 2469 4132; x_wconf 75' lang='lat' dir='ltr'><strong>Scriptura:</strong></span> <span class='ocrx_word' id='word_1_749' title='bbox 2505 4062 2574 4118; x_wconf 91' lang='lat' dir='ltr'><strong>de</strong></span> <span class='ocrx_word' id='word_1_750' title='bbox 2603 4064 2771 4133; x_wconf 86' lang='lat' dir='ltr'><strong>probo</strong></span> <span class='ocrx_word' id='word_1_751' title='bbox 2795 4065 2912 4135; x_wconf 87' lang='lat' dir='ltr'><strong>ejus</strong></span> <span class='ocrx_word' id='word_1_752' title='bbox 2940 4067 3063 4122; x_wconf 71' lang='lat' dir='ltr'><strong>vita:</strong></span> <span class='ocrx_word' id='word_1_753' title='bbox 3095 4068 3333 4126; x_wconf 90' lang='lat' dir='ltr'><strong>instituto</strong></span> <span class='ocrx_word' id='word_1_754' title='bbox 3357 4089 3373 4139; x_wconf 89' lang='lat'><strong>;</strong></span> 
     </span>
    </p>
   </div>
   <div class='ocr_carea' id='block_1_100' title="bbox 1789 4152 3376 4227">
    <p class='ocr_par' dir='ltr' id='par_1_100' title="bbox 1789 4152 3376 4227">
     <span class='ocr_line' id='line_1_100' title="bbox 1789 4152 3376 4227; baseline 0.006 -21"><span class='ocrx_word' id='word_1_755' title='bbox 1789 4152 1930 4224; x_wconf 91' lang='lat' dir='ltr'><strong>quod</strong></span> <span class='ocrx_word' id='word_1_756' title='bbox 1959 4152 2093 4208; x_wconf 90' lang='lat' dir='ltr'><strong>ﬁlios</strong></span> <span class='ocrx_word' id='word_1_757' title='bbox 2126 4152 2345 4209; x_wconf 91' lang='lat' dir='ltr'><strong>haberet</strong></span> <span class='ocrx_word' id='word_1_758' title='bbox 2373 4163 2601 4224; x_wconf 89' lang='lat' dir='ltr'><strong>septem,</strong></span> <span class='ocrx_word' id='word_1_759' title='bbox 2630 4155 2872 4227; x_wconf 84' lang='lat' dir='ltr'><strong>ﬁliasque</strong></span> <span class='ocrx_word' id='word_1_760' title='bbox 2900 4174 3029 4223; x_wconf 82' lang='lat' dir='ltr'><strong>sex;</strong></span> <span class='ocrx_word' id='word_1_761' title='bbox 3058 4160 3125 4216; x_wconf 92' lang='lat' dir='ltr'><strong>de</strong></span> <span class='ocrx_word' id='word_1_762' title='bbox 3153 4174 3376 4218; x_wconf 88' lang='lat' dir='ltr'><strong>numero</strong></span> 
     </span>
    </p>
   </div>
   <div class='ocr_carea' id='block_1_101' title="bbox 1791 4244 3376 4320">
    <p class='ocr_par' dir='ltr' id='par_1_101' title="bbox 1791 4244 3376 4320">
     <span class='ocr_line' id='line_1_101' title="bbox 1791 4244 3376 4320; baseline 0.008 -22"><span class='ocrx_word' id='word_1_763' title='bbox 1791 4258 2041 4315; x_wconf 83' lang='lat' dir='ltr'><strong>pecorum</strong></span> <span class='ocrx_word' id='word_1_764' title='bbox 2070 4245 2205 4316; x_wconf 93' lang='lat' dir='ltr'><strong>ejus.</strong></span> <span class='ocrx_word' id='word_1_765' title='bbox 2237 4244 2388 4314; x_wconf 85' lang='lat' dir='ltr'><strong>Quod</strong></span> <span class='ocrx_word' id='word_1_766' title='bbox 2420 4245 2513 4301; x_wconf 87' lang='lat' dir='ltr'><strong>ﬁlii</strong></span> <span class='ocrx_word' id='word_1_767' title='bbox 2542 4248 2659 4316; x_wconf 88' lang='lat' dir='ltr'><strong>ejus</strong></span> <span class='ocrx_word' id='word_1_768' title='bbox 2684 4263 2783 4303; x_wconf 88' lang='lat' dir='ltr'><strong>una</strong></span> <span class='ocrx_word' id='word_1_769' title='bbox 2811 4253 3215 4320; x_wconf 85' lang='lat' dir='ltr'><strong>convenientes,</strong></span> <span class='ocrx_word' id='word_1_770' title='bbox 3242 4270 3376 4311; x_wconf 91' lang='lat' dir='ltr'><strong>con-</strong></span> 
     </span>
    </p>
   </div>
   <div class='ocr_carea' id='block_1_102' title="bbox 1791 4335 3374 4408">
    <p class='ocr_par' dir='ltr' id='par_1_102' title="bbox 1791 4335 3374 4408">
     <span class='ocr_line' id='line_1_102' title="bbox 1791 4335 3374 4408; baseline 0.009 -19"><span class='ocrx_word' id='word_1_771' title='bbox 1791 4337 1986 4391; x_wconf 90' lang='lat' dir='ltr'><strong>vivium</strong></span> <span class='ocrx_word' id='word_1_772' title='bbox 2009 4335 2243 4408; x_wconf 91' lang='lat' dir='ltr'><strong>quotidie</strong></span> <span class='ocrx_word' id='word_1_773' title='bbox 2258 4338 2592 4393; x_wconf 83' lang='lat' dir='ltr'><strong>celebrarent</strong></span> <span class='ocrx_word' id='word_1_774' title='bbox 2610 4355 2729 4395; x_wconf 90' lang='lat' dir='ltr'><strong>cum</strong></span> <span class='ocrx_word' id='word_1_775' title='bbox 2753 4341 2920 4397; x_wconf 89' lang='lat' dir='ltr'><strong>tribus</strong></span> <span class='ocrx_word' id='word_1_776' title='bbox 2940 4345 3213 4401; x_wconf 88' lang='lat' dir='ltr'><strong>sororibus</strong></span> <span class='ocrx_word' id='word_1_777' title='bbox 3231 4348 3374 4404; x_wconf 88' lang='lat' dir='ltr'><strong>suis:</strong></span> 
     </span>
    </p>
   </div>
   <div class='ocr_carea' id='block_1_103' title="bbox 1792 4427 3379 4505">
    <p class='ocr_par' dir='ltr' id='par_1_103' title="bbox 1792 4427 3379 4505">
     <span class='ocr_line' id='line_1_103' title="bbox 1792 4427 3379 4505; baseline 0.008 -21"><span class='ocrx_word' id='word_1_778' title='bbox 1792 4436 1845 4484; x_wconf 88' lang='lat' dir='ltr'><strong>et</strong></span> <span class='ocrx_word' id='word_1_779' title='bbox 1873 4427 2012 4500; x_wconf 92' lang='lat' dir='ltr'><strong>quod</strong></span> <span class='ocrx_word' id='word_1_780' title='bbox 2041 4429 2273 4484; x_wconf 90' lang='lat' dir='ltr'><strong>mitteret</strong></span> <span class='ocrx_word' id='word_1_781' title='bbox 2298 4427 2398 4485; x_wconf 87' lang='lat' dir='ltr'><strong>Job</strong></span> <span class='ocrx_word' id='word_1_782' title='bbox 2424 4438 2477 4485; x_wconf 91' lang='lat' dir='ltr'><strong>et</strong></span> <span class='ocrx_word' id='word_1_783' title='bbox 2507 4431 2789 4488; x_wconf 91' lang='lat' dir='ltr'><strong>mundaret</strong></span> <span class='ocrx_word' id='word_1_784' title='bbox 2814 4433 2952 4490; x_wconf 91' lang='lat' dir='ltr'><strong>ﬁlios</strong></span> <span class='ocrx_word' id='word_1_785' title='bbox 2978 4449 3125 4505; x_wconf 85' lang='lat' dir='ltr'><strong>suos,</strong></span> <span class='ocrx_word' id='word_1_786' title='bbox 3148 4434 3379 4497; x_wconf 83' lang='lat' dir='ltr'><strong>oii‘erens</strong></span> 
     </span>
    </p>
   </div>
   <div class='ocr_carea' id='block_1_104' title="bbox 1791 4518 3377 4589">
    <p class='ocr_par' dir='ltr' id='par_1_104' title="bbox 1791 4518 3377 4589">
     <span class='ocr_line' id='line_1_104' title="bbox 1791 4518 3377 4589; baseline 0.009 -16"><span class='ocrx_word' id='word_1_787' title='bbox 1791 4526 1890 4589; x_wconf 88' lang='lat' dir='ltr'><strong>pro</strong></span> <span class='ocrx_word' id='word_1_788' title='bbox 1932 4518 2039 4574; x_wconf 91' lang='lat' dir='ltr'><strong>illis</strong></span> <span class='ocrx_word' id='word_1_789' title='bbox 2080 4521 2401 4575; x_wconf 90' lang='lat' dir='ltr'><strong>sacriﬁcium</strong></span> <span class='ocrx_word' id='word_1_790' title='bbox 2447 4521 2689 4577; x_wconf 92' lang='lat' dir='ltr'><strong>Domino.</strong></span> <span class='ocrx_word' id='word_1_791' title='bbox 2740 4523 2974 4581; x_wconf 87' lang='lat' dir='ltr'><strong>Primum</strong></span> <span class='ocrx_word' id='word_1_792' title='bbox 3020 4526 3377 4588; x_wconf 87' lang='lat' dir='ltr'><strong>testimonium</strong></span> 
     </span>
    </p>
   </div>
   <div class='ocr_carea' id='block_1_105' title="bbox 1794 4609 3377 4690">
    <p class='ocr_par' dir='ltr' id='par_1_105' title="bbox 1794 4609 3377 4690">
     <span class='ocr_line' id='line_1_105' title="bbox 1794 4609 3377 4690; baseline 0.009 -26"><span class='ocrx_word' id='word_1_793' title='bbox 1794 4609 2003 4665; x_wconf 89' lang='lat' dir='ltr'><strong>Domini</strong></span> <span class='ocrx_word' id='word_1_794' title='bbox 2041 4610 2313 4666; x_wconf 92' lang='lat' dir='ltr'><strong>diabolum</strong></span> <span class='ocrx_word' id='word_1_795' title='bbox 2350 4611 2669 4683; x_wconf 89' lang='lat' dir='ltr'><strong>alloquentis</strong></span> <span class='ocrx_word' id='word_1_796' title='bbox 2706 4614 2847 4671; x_wconf 87' lang='lat' dir='ltr'><strong>circa</strong></span> <span class='ocrx_word' id='word_1_797' title='bbox 2874 4616 3065 4673; x_wconf 90' lang='lat' dir='ltr'><strong>Jobum</strong></span> <span class='ocrx_word' id='word_1_798' title='bbox 3105 4637 3117 4673; x_wconf 92' lang='lat'>:</span> <span class='ocrx_word' id='word_1_799' title='bbox 3146 4621 3377 4690; x_wconf 88' lang='lat' dir='ltr'><strong>primum</strong></span> 
     </span>
    </p>
   </div>
   <div class='ocr_carea' id='block_1_106' title="bbox 1794 4698 3379 4774">
    <p class='ocr_par' dir='ltr' id='par_1_106' title="bbox 1794 4698 3379 4774">
     <span class='ocr_line' id='line_1_106' title="bbox 1794 4698 3379 4774; baseline 0.009 -20"><span class='ocrx_word' id='word_1_800' title='bbox 1794 4698 1987 4755; x_wconf 88' lang='lat' dir='ltr'><strong>invidia</strong></span> <span class='ocrx_word' id='word_1_801' title='bbox 2017 4700 2229 4771; x_wconf 90' lang='lat' dir='ltr'><strong>plenum</strong></span> <span class='ocrx_word' id='word_1_802' title='bbox 2262 4701 2456 4757; x_wconf 89' lang='lat' dir='ltr'><strong>diaboli</strong></span> <span class='ocrx_word' id='word_1_803' title='bbox 2485 4702 2807 4774; x_wconf 90' lang='lat' dir='ltr'><strong>colloquium</strong></span> <span class='ocrx_word' id='word_1_804' title='bbox 2836 4720 2956 4761; x_wconf 90' lang='lat' dir='ltr'><strong>cum</strong></span> <span class='ocrx_word' id='word_1_805' title='bbox 2987 4707 3213 4765; x_wconf 92' lang='lat' dir='ltr'><strong>Domino</strong></span> <span class='ocrx_word' id='word_1_806' title='bbox 3238 4710 3379 4767; x_wconf 87' lang='lat' dir='ltr'><strong>circa</strong></span> 
     </span>
    </p>
   </div>
   <div class='ocr_carea' id='block_1_107' title="bbox 1792 4790 3378 4865">
    <p class='ocr_par' dir='ltr' id='par_1_107' title="bbox 1792 4790 3378 4865">
     <span class='ocr_line' id='line_1_107' title="bbox 1792 4790 3378 4865; baseline 0.009 -19"><span class='ocrx_word' id='word_1_807' title='bbox 1792 4790 2006 4847; x_wconf 91' lang='lat' dir='ltr'><strong>Jobum.</strong></span> <span class='ocrx_word' id='word_1_808' title='bbox 2052 4792 2209 4849; x_wconf 88' lang='lat' dir='ltr'><strong>Dedit</strong></span> <span class='ocrx_word' id='word_1_809' title='bbox 2244 4793 2499 4848; x_wconf 90' lang='lat' dir='ltr'><strong>Dominus</strong></span> <span class='ocrx_word' id='word_1_810' title='bbox 2529 4804 2844 4865; x_wconf 89' lang='lat' dir='ltr'><strong>potestatem</strong></span> <span class='ocrx_word' id='word_1_811' title='bbox 2872 4797 3086 4855; x_wconf 87' lang='lat' dir='ltr'><strong>diabolo</strong></span> <span class='ocrx_word' id='word_1_812' title='bbox 3114 4802 3167 4857; x_wconf 92' lang='lat' dir='ltr'><strong>in</strong></span> <span class='ocrx_word' id='word_1_813' title='bbox 3199 4806 3378 4860; x_wconf 90' lang='lat' dir='ltr'><strong>omnia</strong></span> 
     </span>
    </p>
   </div>
   <div class='ocr_carea' id='block_1_108' title="bbox 1793 4881 3373 4965">
    <p class='ocr_par' dir='ltr' id='par_1_108' title="bbox 1793 4881 3373 4965">
     <span class='ocr_line' id='line_1_108' title="bbox 1793 4881 3373 4965; baseline 0.011 -29"><span class='ocrx_word' id='word_1_814' title='bbox 1793 4897 1912 4952; x_wconf 71' lang='lat' dir='ltr'><strong>qua:</strong></span> <span class='ocrx_word' id='word_1_815' title='bbox 1934 4881 2000 4937; x_wconf 88' lang='lat' dir='ltr'><strong>ad</strong></span> <span class='ocrx_word' id='word_1_816' title='bbox 2022 4882 2214 4938; x_wconf 89' lang='lat' dir='ltr'><strong>Jobum</strong></span> <span class='ocrx_word' id='word_1_817' title='bbox 2243 4885 2589 4954; x_wconf 88' lang='lat' dir='ltr'><strong>pertinerent,</strong></span> <span class='ocrx_word' id='word_1_818' title='bbox 2614 4886 2729 4955; x_wconf 91' lang='lat' dir='ltr'><strong>ipso</strong></span> <span class='ocrx_word' id='word_1_819' title='bbox 2749 4884 2883 4944; x_wconf 72' lang='grc'><strong>⁴111110</strong></span> <span class='ocrx_word' id='word_1_820' title='bbox 2907 4899 3106 4947; x_wconf 86' lang='lat' dir='ltr'><strong>tantum</strong></span> <span class='ocrx_word' id='word_1_821' title='bbox 3131 4908 3373 4965; x_wconf 81' lang='lat' dir='ltr'><strong>excepto.</strong></span> 
     </span>
    </p>
   </div>
   <div class='ocr_carea' id='block_1_109' title="bbox 1796 4971 3381 5054">
    <p class='ocr_par' dir='ltr' id='par_1_109' title="bbox 1796 4971 3381 5054">
     <span class='ocr_line' id='line_1_109' title="bbox 1796 4971 3381 5054; baseline 0.009 -27"><span class='ocrx_word' id='word_1_822' title='bbox 1796 4971 1974 5029; x_wconf 83' lang='lat' dir='ltr'><strong>Primo</strong></span> <span class='ocrx_word' id='word_1_823' title='bbox 2012 4974 2244 5030; x_wconf 89' lang='lat' dir='ltr'><strong>nuntiari</strong></span> <span class='ocrx_word' id='word_1_824' title='bbox 2275 4985 2424 5031; x_wconf 89' lang='lat' dir='ltr'><strong>curat</strong></span> <span class='ocrx_word' id='word_1_825' title='bbox 2452 4974 2694 5033; x_wconf 85' lang='lat' dir='ltr'><strong>diabolus</strong></span> <span class='ocrx_word' id='word_1_826' title='bbox 2721 4974 2858 5035; x_wconf 86' lang='lat' dir='ltr'><strong>Jobo</strong></span> <span class='ocrx_word' id='word_1_827' title='bbox 2880 5022 2896 5049; x_wconf 94' lang='lat'><strong>,</strong></span> <span class='ocrx_word' id='word_1_828' title='bbox 2923 4997 3089 5054; x_wconf 84' lang='lat' dir='ltr'><strong>equos</strong></span> <span class='ocrx_word' id='word_1_829' title='bbox 3118 4994 3171 5041; x_wconf 92' lang='lat' dir='ltr'><strong>et</strong></span> <span class='ocrx_word' id='word_1_830' title='bbox 3200 4987 3381 5042; x_wconf 89' lang='lat' dir='ltr'><strong>asinos</strong></span> 
     </span>
    </p>
   </div>
   <div class='ocr_carea' id='block_1_110' title="bbox 1793 5063 3381 5138">
    <p class='ocr_par' dir='ltr' id='par_1_110' title="bbox 1793 5063 3381 5138">
     <span class='ocr_line' id='line_1_110' title="bbox 1793 5063 3381 5138; baseline 0.011 -20"><span class='ocrx_word' id='word_1_831' title='bbox 1793 5063 1909 5134; x_wconf 90' lang='lat' dir='ltr'><strong>ejus</strong></span> <span class='ocrx_word' id='word_1_832' title='bbox 1936 5073 2121 5137; x_wconf 89' lang='lat' dir='ltr'><strong>captos</strong></span> <span class='ocrx_word' id='word_1_833' title='bbox 2145 5109 2160 5129; x_wconf 85' lang='lat'><strong>.</strong></span> <span class='ocrx_word' id='word_1_834' title='bbox 2188 5081 2478 5138; x_wconf 82' lang='lat' dir='ltr'><strong>servosque</strong></span> <span class='ocrx_word' id='word_1_835' title='bbox 2507 5083 2789 5138; x_wconf 88' lang='lat' dir='ltr'><strong>percussos</strong></span> <span class='ocrx_word' id='word_1_836' title='bbox 2815 5071 2998 5129; x_wconf 87' lang='lat' dir='ltr'><strong>fuisse.</strong></span> <span class='ocrx_word' id='word_1_837' title='bbox 3044 5075 3117 5133; x_wconf 87' lang='lat' dir='ltr'><strong>De</strong></span> <span class='ocrx_word' id='word_1_838' title='bbox 3143 5081 3381 5136; x_wconf 85' lang='lat' dir='ltr'><strong>secundo</strong></span> 
     </span>
    </p>
   </div>
   <div class='ocr_carea' id='block_1_111' title="bbox 1795 5148 3383 5235">
    <p class='ocr_par' dir='ltr' id='par_1_111' title="bbox 1795 5148 3383 5235">
     <span class='ocr_line' id='line_1_111' title="bbox 1795 5148 3383 5235; baseline 0.011 -25"><span class='ocrx_word' id='word_1_839' title='bbox 1795 5158 2002 5223; x_wconf 91' lang='lat' dir='ltr'><strong>nuntio,</strong></span> <span class='ocrx_word' id='word_1_840' title='bbox 2026 5158 2114 5229; x_wconf 92' lang='lat' dir='ltr'><strong>qui</strong></span> <span class='ocrx_word' id='word_1_841' title='bbox 2136 5157 2271 5213; x_wconf 91' lang='lat' dir='ltr'><strong>Jobo</strong></span> <span class='ocrx_word' id='word_1_842' title='bbox 2293 5158 2427 5214; x_wconf 85' lang='lat' dir='ltr'><strong>dixit</strong></span> <span class='ocrx_word' id='word_1_843' title='bbox 2451 5178 2464 5212; x_wconf 92' lang='lat'><strong>:</strong></span> <span class='ocrx_word' id='word_1_844' title='bbox 2492 5160 2614 5230; x_wconf 88' lang='lat' dir='ltr'><strong>Igne</strong></span> <span class='ocrx_word' id='word_1_845' title='bbox 2633 5173 2960 5235; x_wconf 58' lang='lat' dir='ltr'><strong>consumptas</strong></span> <span class='ocrx_word' id='word_1_846' title='bbox 2978 5148 3105 5222; x_wconf 82' lang='lat' dir='ltr'><strong>sunt</strong></span> <span class='ocrx_word' id='word_1_847' title='bbox 3123 5183 3255 5226; x_wconf 87' lang='lat' dir='ltr'><strong>oves</strong></span> <span class='ocrx_word' id='word_1_848' title='bbox 3276 5180 3383 5227; x_wconf 69' lang='lat' dir='ltr'><strong>tum</strong></span> 
     </span>
    </p>
   </div>
   <div class='ocr_carea' id='block_1_112' title="bbox 1793 5250 3383 5328">
    <p class='ocr_par' dir='ltr' id='par_1_112' title="bbox 1793 5250 3383 5328">
     <span class='ocr_line' id='line_1_112' title="bbox 1793 5250 3383 5328; baseline 0.011 -25"><span class='ocrx_word' id='word_1_849' title='bbox 1793 5264 1915 5303; x_wconf 92' lang='lat' dir='ltr'><strong>cum</strong></span> <span class='ocrx_word' id='word_1_850' title='bbox 1956 5250 2277 5321; x_wconf 85' lang='lat' dir='ltr'><strong>pastoribus.</strong></span> <span class='ocrx_word' id='word_1_851' title='bbox 2311 5253 2386 5308; x_wconf 90' lang='lat' dir='ltr'><strong>De</strong></span> <span class='ocrx_word' id='word_1_852' title='bbox 2417 5252 2575 5309; x_wconf 89' lang='lat' dir='ltr'><strong>tertio</strong></span> <span class='ocrx_word' id='word_1_853' title='bbox 2604 5256 2791 5312; x_wconf 92' lang='lat' dir='ltr'><strong>nuntio</strong></span> <span class='ocrx_word' id='word_1_854' title='bbox 2813 5298 2828 5324; x_wconf 95' lang='lat'><strong>,</strong></span> <span class='ocrx_word' id='word_1_855' title='bbox 2857 5258 2944 5328; x_wconf 90' lang='lat' dir='ltr'><strong>qui</strong></span> <span class='ocrx_word' id='word_1_856' title='bbox 2984 5263 3217 5317; x_wconf 85' lang='lat' dir='ltr'><strong>narravit</strong></span> <span class='ocrx_word' id='word_1_857' title='bbox 3243 5264 3383 5320; x_wconf 87' lang='lat' dir='ltr'><strong>Jobo</strong></span> 
     </span>
    </p>
   </div>
   <div class='ocr_carea' id='block_1_113' title="bbox 1793 5343 3381 5419">
    <p class='ocr_par' dir='ltr' id='par_1_113' title="bbox 1793 5343 3381 5419">
     <span class='ocr_line' id='line_1_113' title="bbox 1793 5343 3381 5419; baseline 0.009 -24"><span class='ocrx_word' id='word_1_858' title='bbox 1793 5346 1976 5411; x_wconf 82' lang='lat' dir='ltr'><strong>captos</strong></span> <span class='ocrx_word' id='word_1_859' title='bbox 2013 5343 2245 5399; x_wconf 88' lang='lat' dir='ltr'><strong>camelos</strong></span> <span class='ocrx_word' id='word_1_860' title='bbox 2268 5384 2285 5412; x_wconf 92' lang='lat'><strong>,</strong></span> <span class='ocrx_word' id='word_1_861' title='bbox 2326 5352 2380 5399; x_wconf 90' lang='lat' dir='ltr'><strong>et</strong></span> <span class='ocrx_word' id='word_1_862' title='bbox 2419 5358 2588 5400; x_wconf 71' lang='lat' dir='ltr'><strong>caesos</strong></span> <span class='ocrx_word' id='word_1_863' title='bbox 2627 5344 2878 5405; x_wconf 90' lang='lat' dir='ltr'><strong>custodes</strong></span> <span class='ocrx_word' id='word_1_864' title='bbox 2921 5347 3104 5406; x_wconf 87' lang='lat' dir='ltr'><strong>fuisse.</strong></span> <span class='ocrx_word' id='word_1_865' title='bbox 3149 5356 3381 5419; x_wconf 76' lang='lat' dir='ltr'><strong>Quartus</strong></span> 
     </span>
    </p>
   </div>
   <div class='ocr_carea' id='block_1_114' title="bbox 1796 5432 3380 5511">
    <p class='ocr_par' dir='ltr' id='par_1_114' title="bbox 1796 5432 3380 5511">
     <span class='ocr_line' id='line_1_114' title="bbox 1796 5432 3380 5511; baseline 0.008 -24"><span class='ocrx_word' id='word_1_866' title='bbox 1796 5434 2010 5488; x_wconf 91' lang='lat' dir='ltr'><strong>nuntius</strong></span> <span class='ocrx_word' id='word_1_867' title='bbox 2038 5432 2232 5489; x_wconf 88' lang='lat' dir='ltr'><strong>Jobum</strong></span> <span class='ocrx_word' id='word_1_868' title='bbox 2260 5434 2404 5500; x_wconf 89' lang='lat' dir='ltr'><strong>adit,</strong></span> <span class='ocrx_word' id='word_1_869' title='bbox 2441 5446 2724 5508; x_wconf 82' lang='lat' dir='ltr'><strong>narratque</strong></span> <span class='ocrx_word' id='word_1_870' title='bbox 2754 5440 3021 5497; x_wconf 84' lang='lat' dir='ltr'><strong>corruisse</strong></span> <span class='ocrx_word' id='word_1_871' title='bbox 3046 5441 3261 5499; x_wconf 91' lang='lat' dir='ltr'><strong>domum</strong></span> <span class='ocrx_word' id='word_1_872' title='bbox 3281 5486 3298 5511; x_wconf 87' lang='lat'><strong>,</strong></span> <span class='ocrx_word' id='word_1_873' title='bbox 3325 5456 3380 5500; x_wconf 89' lang='lat' dir='ltr'><strong>et</strong></span> 
     </span>
    </p>
   </div>
   <div class='ocr_carea' id='block_1_115' title="bbox 1795 5516 3376 5607">
    <p class='ocr_par' dir='ltr' id='par_1_115' title="bbox 1795 5516 3376 5607">
     <span class='ocr_line' id='line_1_115' title="bbox 1795 5516 3376 5607; baseline 0.009 -27"><span class='ocrx_word' id='word_1_874' title='bbox 1795 5539 2079 5596; x_wconf 87' lang='lat' dir='ltr'><strong>oppressos</strong></span> <span class='ocrx_word' id='word_1_875' title='bbox 2107 5516 2294 5583; x_wconf 86' lang='lat' dir='ltr'><strong>omnes</strong></span> <span class='ocrx_word' id='word_1_876' title='bbox 2323 5526 2460 5583; x_wconf 87' lang='lat' dir='ltr'><strong>ﬁlios</strong></span> <span class='ocrx_word' id='word_1_877' title='bbox 2489 5526 2604 5598; x_wconf 84' lang='lat' dir='ltr'><strong>ejus</strong></span> <span class='ocrx_word' id='word_1_878' title='bbox 2642 5529 2825 5607; x_wconf 68' lang='lat' dir='ltr'><strong>fuisse.</strong></span> <span class='ocrx_word' id='word_1_879' title='bbox 2868 5526 2925 5586; x_wconf 90' lang='lat' dir='ltr'><strong>in</strong></span> <span class='ocrx_word' id='word_1_880' title='bbox 2954 5534 3199 5591; x_wconf 88' lang='lat' dir='ltr'><strong>omnibus</strong></span> <span class='ocrx_word' id='word_1_881' title='bbox 3228 5535 3376 5593; x_wconf 86' lang='lat' dir='ltr'><strong>hisce</strong></span> 
     </span>
    </p>
   </div>
   <div class='ocr_carea' id='block_1_116' title="bbox 1859 5686 3379 5754">
    <p class='ocr_par' dir='ltr' id='par_1_116' title="bbox 1859 5686 3379 5754">
     <span class='ocr_line' id='line_1_116' title="bbox 1859 5686 3379 5754; baseline -0.01 -4"><span class='ocrx_word' id='word_1_882' title='bbox 1859 5688 1942 5754; x_wconf 67' lang='grc' dir='ltr'><strong>(α),</strong></span> <span class='ocrx_word' id='word_1_883' title='bbox 1956 5695 2068 5754; x_wconf 54' lang='lat' dir='ltr'><strong>Qua!</strong></span> <span class='ocrx_word' id='word_1_884' title='bbox 2085 5695 2356 5754; x_wconf 76' lang='lat' dir='ltr'><strong>seQuuntur</strong></span> <span class='ocrx_word' id='word_1_885' title='bbox 2370 5701 2523 5751; x_wconf 88' lang='lat' dir='ltr'><strong>usque</strong></span> <span class='ocrx_word' id='word_1_886' title='bbox 2542 5686 2599 5737; x_wconf 89' lang='lat' dir='ltr'><strong>ad</strong></span> <span class='ocrx_word' id='word_1_887' title='bbox 2618 5688 2785 5754; x_wconf 83' lang='lat' dir='ltr'><strong>verba,</strong></span> <span class='ocrx_word' id='word_1_888' title='bbox 2801 5687 3084 5740; x_wconf 75' lang='lat' dir='ltr'><strong>(ermintuur</strong></span> <span class='ocrx_word' id='word_1_889' title='bbox 3100 5690 3237 5754; x_wconf 79' lang='lat' dir='ltr'><strong>liber,</strong></span> <span class='ocrx_word' id='word_1_890' title='bbox 3249 5695 3379 5745; x_wconf 64' lang='lat' dir='ltr'><strong>simi.</strong></span> 
     </span>
    </p>
   </div>
   <div class='ocr_carea' id='block_1_117' title="bbox 1797 5750 3379 5875">
    <p class='ocr_par' dir='ltr' id='par_1_117' title="bbox 1797 5750 3379 5875">
     <span class='ocr_line' id='line_1_117' title="bbox 1797 5750 3379 5814; baseline 0.006 -15"><span class='ocrx_word' id='word_1_891' title='bbox 1797 5750 1919 5801; x_wconf 85' lang='lat' dir='ltr'><strong>liter</strong></span> <span class='ocrx_word' id='word_1_892' title='bbox 1933 5750 2172 5799; x_wconf 87' lang='lat' dir='ltr'><strong>habentur</strong></span> <span class='ocrx_word' id='word_1_893' title='bbox 2212 5752 2259 5799; x_wconf 91' lang='lat' dir='ltr'><strong>in</strong></span> <span class='ocrx_word' id='word_1_894' title='bbox 2284 5750 2434 5801; x_wconf 88' lang='lat' dir='ltr'><strong>altera</strong></span> <span class='ocrx_word' id='word_1_895' title='bbox 2446 5750 2649 5814; x_wconf 42' lang='lat' dir='ltr'><strong>’s&#39;ynopsi</strong></span> <span class='ocrx_word' id='word_1_896' title='bbox 2665 5763 2678 5810; x_wconf 90' lang='lat'><strong>;</strong></span> <span class='ocrx_word' id='word_1_897' title='bbox 2697 5758 2876 5800; x_wconf 71' lang='lat' dir='ltr'><strong>caetera</strong></span> <span class='ocrx_word' id='word_1_898' title='bbox 2896 5764 3013 5803; x_wconf 80' lang='lat' dir='ltr'><strong>vero</strong></span> <span class='ocrx_word' id='word_1_899' title='bbox 3032 5757 3189 5805; x_wconf 88' lang='lat' dir='ltr'><strong>omnia</strong></span> <span class='ocrx_word' id='word_1_900' title='bbox 3212 5750 3275 5807; x_wconf 74' lang='lat' dir='ltr'><strong>ab</strong></span> <span class='ocrx_word' id='word_1_901' title='bbox 3297 5756 3379 5808; x_wconf 79' lang='lat' dir='ltr'><strong>illa</strong></span> 
     </span>
     <span class='ocr_line' id='line_1_118' title="bbox 1797 5813 2205 5875; baseline 0 -14"><span class='ocrx_word' id='word_1_902' title='bbox 1797 5814 1989 5875; x_wconf 71' lang='lat' dir='ltr'><strong>Syuolsi</strong></span> <span class='ocrx_word' id='word_1_903' title='bbox 2015 5813 2205 5861; x_wconf 83' lang='lat' dir='ltr'><strong>absunt.</strong></span> 
     </span>
    </p>
   </div>
  </div>
