3720 6274
363 320 469 377 505

361 434 879 492 calamitatibus’non
900 431 1138 503 peccavit
1156 429 1255 485 Job
1274 444 1399 499 erga
1420 427 1724 483 Dominum.
1746 425 1941 480 Secun-

364 532 491 584 dum
518 526 878 583 testimonium
920 523 1128 578 Domini
1166 521 1432 576 diabolum
1461 518 1777 586 alloquentis
1799 556 1814 580 ,
1841 530 1946 584 quo

363 620 483 676 Jobi
511 620 678 673 virtus
706 616 1035 679 celebratur;
1075 621 1128 668 et
1165 610 1455 666 secundum
1495 607 1691 662 invidia
1730 607 1942 675 plenum

362 711 557 767 diaboli
579 708 896 778 colloquium
918 720 1037 760 cum
1063 704 1283 757 Domino
1304 702 1442 756 circa
1464 699 1676 755 Jobum.
1717 690 1784 747 Et
1806 708 1946 762 quo-

360 804 525 861 modo
539 804 819 862 tradiderit
846 798 1097 853 Dominus
1124 796 1337 857 Jobmn,
1369 808 1472 847 una
1505 798 1707 845 tantum
1737 797 1941 841 servata

363 896 539 950 anima
573 908 669 948 seu
697 890 824 945 vita.
871 888 1131 957 Egressus
1160 884 1401 939 diabolus
1427 882 1616 937 Jobum
1651 879 1875 949 percutit
1913 893 1942 930 a

365 987 588 1058 pedibus
617 998 780 1053 usque
816 980 882 1036 ad
910 987 1103 1050 caput;
1147 977 1444 1045 sedensque
1475 973 1576 1029 Job
1616 973 1666 1025 in
1707 980 1973 1025 stercore.

368 1077 581 1133 radebat
608 1075 829 1131 saniem.
859 1072 1057 1127 Suadet
1090 1069 1389 1125 Jobouxor
1421 1066 1537 1137 ejus
1561 1108 1575 1132 ,
1606 1076 1662 1119 ut
1700 1064 1944 1134 loquatur

361 1180 547 1226 contra
584 1167 866 1223 Dominum
893 1207 908 1233 ,
936 1176 986 1220 et
1018 1162 1277 1216 moriatur
1305 1179 1317 1215 :
1348 1160 1597 1227 illamque
1629 1156 1729 1212 Job
1756 1172 1940 1225 repre-

363 1261 563 1318 hendit.
598 1260 892 1315 Audierant
919 1268 1027 1311 tres
1053 1256 1206 1309 amici
1235 1252 1376 1314 Jobi,
1401 1250 1619 1321 Eliphaz
1642 1249 1944 1303 Thaemani-

363 1362 536 1407 tarum
563 1367 655 1406 rex
678 1393 691 1415 ,
721 1348 918 1405 Baldad
957 1346 1280 1403 Sacheorum
1312 1352 1566 1413 tyrannus
1588 1381 1605 1407 ,
1646 1348 1700 1393 et
1738 1339 1943 1407 Sophar

365 1444 685 1506 Menandrum
719 1447 1023 1495 rextcuncta
1048 1452 1165 1506 quae
1196 1435 1293 1504 ipsi
1319 1432 1637 1487 acciderant.
1670 1430 1734 1484 Et
1760 1444 1939 1484 acces-

360 1542 549 1590 serunt
588 1534 654 1586 ad
696 1531 841 1585 illum
884 1528 1074 1598 singuli
1113 1542 1176 1581 ex
1226 1526 1440 1595 regione
1468 1537 1596 1585 sua,
1624 1531 1682 1575 ut
1709 1521 1943 1575 viserent

360 1627 507 1683 illum
528 1643 543 1680 :
563 1627 758 1695 illoque
775 1629 1061 1691 conspecto
1080 1618 1349 1673 sciderunt
1364 1616 1553 1687 singuli
1570 1624 1769 1669 vestem
1791 1627 1939 1666 suam

357 1721 428 1775 ob
456 1728 653 1774 tantam
682 1716 1059 1771 calamitatem.
1105 1711 1231 1765 Post
1258 1710 1464 1779 plagam
1497 1716 1672 1761 autem
1698 1704 1799 1761 Job
1832 1704 1939 1773 pri-

359 1824 477 1865 mus
503 1809 712 1878 aperuit
732 1820 793 1861 os
819 1820 995 1871 suum,
1024 1812 1074 1857 et
1100 1800 1373 1856 maledixit
1392 1799 1495 1853 diei
1519 1814 1580 1853 ac
1602 1798 1740 1851 nocti
1764 1797 1813 1850 in
1839 1812 1938 1865 qua

358 1912 514 1967 natus
532 1910 666 1957 erat.
690 1899 824 1954 Hinc
845 1896 975 1952 illud
1002 1913 1014 1949 :
1039 1894 1183 1951 Sicut
1202 1909 1373 1949 servus
1392 1894 1481 1962 qui_
1502 1892 1637 1944 timet
1659 1891 1936 1952 dominum,

355 1995 430 2048 sic
454 1994 575 2047 data
598 2001 669 2046 est
690 1990 778 2044 lux
801 1990 863 2044 iis
886 1989 971 2058 qui
996 1990 1049 2041 in
1075 1984 1413 2039 amaritudine
1438 1990 1719 2047 versantur,
1742 1981 1827 2050 qui
1853 1980 1943 2034 de-

355 2088 578 2141 siderant
606 2094 816 2138 mortem
836 2124 851 2150 ,
876 2098 965 2135 nec
994 2080 1234 2134 obtinent.
1279 2076 1421 2131 Mors
1450 2076 1584 2130 enim
1617 2074 1722 2127 viro
1748 2073 1940 2142 requies

358 2179 478 2249 (Job
496 2177 757 2234 5.19.20.
774 2176 865 2230 21.
881 2174 994 2247 25).
1014 2172 1300 2242 Excipiens
1322 2170 1467 2224 illum
1496 2168 1698 2238 primus
1719 2166 1940 2236 Elipbaz

355 2270 711 2326 Thmmanites
732 2268 859 2322 dicit
881 2265 1017 2321 Jobo
1047 2282 1060 2317 :
1096 2283 1115 2315 ‹
1148 2264 1207 2317 ln
1238 2260 1547 2316 memoriam
1578 2272 1789 2322 revoca,
1822 2258 1939 2324 quis

356 2361 587 2416 mundus
635 2358 886 2428 perierit,
931 2366 1021 2411 aut
1065 2353 1400 2425 quandonam
1442 2364 1661 2406 veraces
1704 2347 1939 2403 funditus

356 2450 547 2521 perditi
569 2449 695 2505 sint.
736 2446 952 2502 Ferocia
977 2445 1263 2501 draconum
1286 2442 1543 2497 exstincta
1571 2449 1652 2495 est
1671 2457 1683 2492 :
1705 2453 1940 2510 myrme-

351 2541 543 2596 coleon
560 2549 735 2595 autem
756 2536 931 2608 periit,
952 2552 1016 2591 eo
1033 2535 1175 2608 quod
1198 2551 1300 2588 non
1321 2533 1540 2587 haberet
1555 2547 1729 2587 escam
1752 2531 1936 2585 :catuli

352 2633 566 2687 leonum
590 2646 710 2687 sese
732 2628 955 2684 invicem
982 2634 1317 2697 separarent.
1351 2624 1441 2681 Sic
1467 2639 1570 2677 non
1598 2632 1680 2678 est
1700 2621 1939 2676 mortalis

355 2721 587 2777 mundus
613 2722 665 2776 in
692 2729 978 2790 conSpectu
1004 2716 1248 2782 Domini,
1277 2730 1449 2785 neque
1474 2730 1538 2770 ex
1561 2713 1809 2782 operibus
1831 2712 1938 2766 suis

354 2812 654 2882 inculpalus
675 2811 756 2866 vir
781 2829 799 2863 ι
822 2808 938 2881 (Job
962 2810 1012 2864 4.
1032 2806 1478 2874 7.10.11.17).‹
1502 2804 1681 2868 Slulti,
1708 2823 1725 2855 ι
1749 2802 1937 2873 inquit,

361 2925 380 2958 ι
393 2905 517 2961 licet
531 2902 763 2960 radicem
780 2901 1181 2972 ponanl,statim
1196 2898 1536 2955 devorabitur
1549 2898 1716 2950 victus
1730 2910 1936 2959 eorum;

350 2997 600 3069 quoniam
618 2998 757 3067 quod
781 2996 852 3051 illi
872 3001 1276 3066 congregarunt,
1294 2991 1421 3061 justi
1440 2990 1719 3044 comedent
1744 3007 1762 3039 ›
1786 2986 1935 3061 (Cap.

350 3091 405 3146 5.
436 3107 484 3144 υ.
516 3090 569 3145 5.
600 3089 677 3159 5).
714 3106 732 3140 t
765 3086 990 3154 Homo,»
1025 3086 1212 3155 inquit,
1245 3104 1263 3136 ί
1305 3083 1537 3136 nascitur
1564 3080 1627 3134 ad
1659 3080 1893 3133 laborem
1918 3120 1933 3143 ,

349 3182 477 3251 pulli
535 3190 710 3237 autem
767 3181 1034 3235 vulturum
1086 3178 1194 3234 alte
1251 3176 1452 3231 volant.
1521 3173 1938 3242 Comprehendit

347 3284 523 3330 autem
564 3274 816 3329 Dominus
850 3272 1117 3342 sapientes
1155 3270 1209 3324 in
1246 3267 1521 3339 prudentia
1565 3281 1749 3321 eorum
1771 3307 1785 3331 ,
1816 3281 1937 3320 con-

347 3368 526 3423 silium
576 3375 751 3419 autem
791 3362 1146 3433 versipellium
1188 3360 1430 3430 dissipat.
1483 3359 1822 3413 lnnocentem
1868 3374 1932 3411 ex

348 3456 757 3513 necessitatibus
800 3455 989 3524 eripiet
1028 3453 1283 3507 Dominus
1310 3494 1323 3516 ,
1366 3460 1419 3507 et
1462 3452 1512 3505 in
1558 3450 1787 3519 septimo
1827 3466 1931 3504 non

349 3556 529 3618 tanget
570 3563 690 3602 eum
732 3546 951 3601 malum.
991 3544 1071 3599 Tu
1103 3559 1232 3600 vero
1263 3553 1433 3599 tecum
1464 3554 1682 3614 reputa,
1713 3558 1781 3597 an
1808 3544 1932 3614 qttid

350 3637 747 3710 perpetraveris
781 3656 799 3689 ι
834 3635 992 3707 (Ibid.
1025 3654 1071 3689 υ.
1100 3636 1152 3689 7.
1191 3635 1274 3691 13.
1310 3634 1396 3690 19.
1424 3635 1538 3705 27).

420 3729 597 3785 Prima
640 3728 761 3784 Jobi
800 3728 867 3783 ad
912 3728 1128 3798 Elipbaz
1169 3728 1444 3797 responsio
1474 3746 1486 3781 :
1521 3747 1539 3779 α
1574 3728 1628 3784 Si
1660 3744 1786 3784 vero
1817 3730 1934 3800 quis

344 3820 653 3892 appendens
677 3820 1003 3889 appenderet
1043 3821 1175 3874 iram
1215 3835 1423 3884 meam,
1450 3830 1502 3875 et
1539 3819 1750 3876 dolores
1786 3812 1933 3878 meos

345 3898 557 3970 tolleret
585 3913 637 3967 in
666 3922 863 3969 statera
893 3914 1107 3983 pariter,
1138 3912 1319 3982 utique
1344 3928 1504 3968 arena
1530 3913 1695 3968 maris
1719 3914 1932 3985 gravior

341 4006 445 4063 erit
470 4026 490 4060 ι
511 4005 661 4078 (Cap.
683 4006 733 4061 6.
752 4005 868 4061 v.2.
889 4006 966 4076 '5).
990 4004 1118 4060 Item
1139 4004 1297 4060 illud:
1323 4024 1339 4055 ε
1363 4005 1494 4060 Num
1515 4005 1710 4062 frustra
1730 4008 1931 4062 clama-

343 4098 419 4154 bit
444 4114 642 4169 onager
657 4140 671 4164 ,
698 4098 797 4153 nisi
820 4113 972 4154 escas
993 4098 1307 4169 requirens?
1327 4098 1589 4169 Numquid
1612 4107 1666 4154 et
1689 4110 1931 4169 erumpet

339 4192 391 4245 in
416 4205 600 4245 vocem
623 4190 740 4256 bos,
763 4205 882 4245 cum
908 4189 1099 4244 habeat
1120 4189 1170 4244 in
1194 4204 1435 4260 praesepe
1459 4190 1643 4245 cibos?
1666 4190 1927 4262 Numquid

339 4282 593 4337 iortitudo
620 4282 852 4357 lapidum
878 4281 1133 4338 fortitudo
1157 4297 1297 4347 mea,
1324 4291 1416 4337 aut
1437 4298 1625 4338 carnes
1649 4299 1782 4338 meae
1803 4294 1928 4338 sunt

336 4392 501 4433 aenea:
529 4395 549 4429 ι
578 4374 741 4446 (Ibid.
761 4375 1043 4445 v.5.12)?c
1069 4375 1228 4443 Quasi
1250 4376 1677 4431 tcntatioestvita
1697 4376 1927 4430 hominis

335 4484 500 4538 super
521 4476 741 4532 terram,
762 4476 852 4521 aut
872 4466 1008 4519 sicut
1023 4466 1313 4535 quotidiani
1334 4468 1645 4521 mercenarii
1664 4467 1767 4521 vita
1786 4468 1920 4536 ejus.

332 4565 389 4618 Si
421 4577 521 4632 ego
559 4562 774 4633 peccavi
797 4601 811 4624 ,
838 4560 961 4631 quid
990 4569 1173 4629 potero
1199 4559 1413 4615 facere?
1436 4561 1535 4627 Qui
1558 4561 1663 4615 scis
1692 4570 1921 4615 tuentem

334 4656 607 4711 hominum
630 4696 646 4720 ,
678 4669 841 4721 quare
882 4653 1101 4724 posuisti
1135 4668 1221 4708 me
1265 4661 1320 4706 ut
1357 4652 1607 4724 loquerer
1635 4652 1920 4708 adversum

334 4755 385 4802 te
422 4766 441 4800 ι
476 4746 629 4820 (Cap.
660 4745 710 4799 7.
742 4761 791 4799 υ.
826 4745 877 4799 1.
907 4744 1042 4809 20)?

403 4838 531 4894 Post
555 4836 770 4908 Elipltaz
791 4836 1055 4892 secundus
1078 4835 1347 4907 excipiens
1371 4835 1565 4890 Baltlad
1589 4835 1918 4891 Saucheotes

329 4928 523 4985 Jobum
547 4929 626 4983 sic
650 4928 935 4998 alloquitur
963 4946 975 4981 :
1012 4946 1030 4979 ‹
1065 4927 1350 4999 Usquequo
1381 4928 1657 4999 loqueris?
1685 4928 1916 4999 Spiritus

331 5020 676 5089 multiloquus
698 5021 749 5073 in
773 5034 866 5075 ore
885 5029 991 5075 tuo.
1017 5020 1282 5089 Numquid
1307 5022 1559 5076 Dominus
1581 5022 1774 5092 injuste
1795 5033 1916 5094 aget

325 5109 614 5181 judicans?
641 5119 731 5165 aut
755 5111 844 5180 qui
872 5111 1048 5165 omnia
1075 5111 1228 5176 facit,
1256 5128 1361 5166 non
1391 5112 1664 5168 exhibebit
1694 5114 1744 5168 id
1772 5116 1914 5185 quod

324 5202 525 5273 justum
546 5208 629 5255 est
661 5218 681 5252 ι
713 5200 863 5270 (Cap.
883 5200 937 5255 8.
970 5202 1093 5255 v.2.
1113 5201 1208 5271 5)?
1238 5201 1365 5256 Item
1398 5203 1560 5257 illud:
1586 5224 1604 5255 ε
1632 5204 1777 5258 Sicut
1806 5220 1911 5258 non

323 5295 464 5350 viret
492 5308 721 5365 papyrus
751 5292 866 5348 sine
895 5307 1029 5362 aqua
1050 5334 1065 5359 ,
1097 5310 1197 5349 nec
1219 5295 1411 5350 crescit
1442 5298 1574 5365 prati
1603 5296 1768 5352 herba
1795 5298 1913 5354 sine

324 5396 488 5455 potu;
523 5400 642 5440 nam
674 5384 848 5440 adhuc
874 5385 928 5440 in
958 5400 1052 5439 sua
1082 5385 1261 5441 radice
1289 5388 1570 5453 consistit,
1601 5405 1700 5444 nec
1721 5389 1908 5445 deme.

325 5487 497 5540 tetur,
525 5485 579 5532 et
604 5487 887 5546 antequam
917 5477 1072 5533 cadat
1101 5476 1265 5534 herba
1292 5477 1576 5534 siccabitur
1607 5499 1619 5534 :
1648 5482 1726 5535 sic
1751 5492 1911 5537 erunt

326 5571 608 5625 novissima
631 5572 808 5626 omnia
830 5584 1038 5638 eorum,
1060 5571 1149 5643 qui
1172 5570 1556 5628 obliviscuntur
1584 5574 1676 5630 Dei
1704 5594 1722 5626 ι
1742 5573 1903 5647 (Ibid.

327 5673 371 5715 ν.
404 5661 456 5715 ll
493 5662 632 5731 -13).

396 5751 572 5807 Prima
615 5753 893 5824 responsio
921 5752 1039 5810 Jobi
1085 5754 1149 5809 ad
1194 5754 1482 5812 Baldadum
1515 5775 1528 5811 :
1568 5775 1585 5809 ι
1626 5758 1762 5815 Vere
1793 5762 1904 5816 scio

1097 315 1157 372 S.
1186 312 1464 371 JOANNIS
1501 308 1973 368 CHRYSOSTOMI
2010 308 2326 366 ARCHIEP.
2368 307 2897 366 (ZONSTANTINOP.

3537 313 3639 366 3M

2056 424 2197 493 quod
2240 425 2309 478 ita
2348 424 2416 478 sit
2450 441 2462 477 :
2493 424 2759 495 quomodo
2786 425 2926 479 enim
2962 425 3066 481 erit
3104 427 3281 495 justus
3310 425 3475 480 homo
3502 426 3640 492 apud

2054 512 2333 566 Dominum
2358 529 2376 562 ›
2400 512 2547 584 (Cap.
2568 516 2620 569 9.
2643 530 2689 568 υ.
2709 512 2766 584 2)
2783 514 2805 567 ?
2825 515 3100 585 Etiamque
3121 516 3270 580 illud,
3296 534 3316 567 ι
3342 515 3451 583 Qui
3466 525 3641 569 exten-

2052 604 2127 656 dit
2146 606 2333 659 crelum
2357 606 2526 671 solus,
2556 616 2609 661 et
2639 607 2871 661 ambulat
2896 622 3056 677 super
3084 624 3231 663 mare
3261 620 3528 678 tamquam
3558 624 3642 661 su-

2053 711 2145 764 per
2167 698 2651 767 pavimentum,qui
2671 696 2795 753 fecit
2815 699 3026 753 Pleiada
3051 700 3447 769 etllesperumi
3477 698 3639 763 (Ibid.

2051 789 2298 858 9.υ.8.9).
2326 807 2344 840 ι
2368 790 2708 860 Quisjudieio
2725 791 2816 845 Dei
2831 791 3074 846 resistet?
3088 792 3236 860 Quod
3257 792 3476 847 sietiam
3492 792 3653 845 fuero

2046 880 2238 949 justus,
2259 897 2319 935 os
2336 898 2511 938 meum
2532 884 2689 953 impia
2710 885 2954 952 loquetur
2977 905 2989 937 :
3013 885 3216 938 etiamsi
3242 884 3387 938 fuero
3404 885 3523 937 sine
3542 884 3647 936 cri-

2050 972 2210 1037 mine,
2229 987 2421 1041 pravus
2436 974 2652 1029 cvadam
2668 973 2855 1047 i(!bid.
2871 975 3011 1029 v.19.
3028 975 3138 1045 20).
3159 976 3309 1030 Circa
3326 975 3474 1039 illud,
3490 974 3642 1027 «Vita

2050 1078 2166 1117 mea
2187 1064 2353 1119 levior
2372 1075 2452 1119 est
2477 1081 2716 1120 cursore.
2735 1065 2999 1137 Numquid
3018 1068 3237 1121 navibus
3254 1076 3337 1121 est
3355 1067 3641 1137 vestigium

2050 1154 2168 1219 vize,
2192 1164 2286 1209 aut
2308 1157 2497 1225 aquila:
2523 1159 2766 1224 volantis,
2791 1159 3076 1229 qumrentis
3093 1175 3267 1214 escam
3291 1158 3453 1231 (Ibid.
3471 1178 3523 1214 υ.
3547 1160 3639 1216 25.

2047 1246 2177 1316 26)?
2206 1247 2475 1304 Memento.
2491 1250 2629 1319 quod
2652 1250 2816 1305 lutum
2838 1251 3031 1307 tinxisti
3055 1268 3159 1316 me,
3182 1262 3235 1307 et
3258 1254 3306 1307 in
3328 1262 3532 1308 terram
3554 1269 3643 1308 me

2049 1343 2236 1396 iterum
2264 1352 2565 1399 convertes.
2612 1343 2800 1400 Nonne
2831 1345 2965 1400 sicut
3000 1346 3081 1399 lac
3115 1346 3343 1401 mulsisti
3368 1353 3490 1404 me?
3528 1357 3641 1401 etc.

2048 1432 2234 1487 Essem
2264 1442 2530 1503 tamquam
2560 1449 2664 1489 non
2696 1435 2933 1491 fuissem.
2961 1433 3068 1490 Cur
3093 1439 3158 1490 de
3183 1446 3335 1490 utero
3362 1437 3415 1490 in
3444 1451 3647 1489 monu-

2047 1537 2281 1580 mentum
2310 1543 2413 1581 non
2446 1542 2561 1581 sum
2594 1527 2878 1583 translatus
2894 1547 2920 1579 »ι
2944 1526 3090 1597 (Cap.
3114 1528 3205 1582 10.
3228 1529 3348 1583 v.9.
3382 1527 3471 1582 10.
3500 1528 3601 1595 19)
3622 1530 3647 1579 ?

2118 1618 2242 1672 Post
2291 1618 2507 1688 Eliphaz
2542 1619 2739 1674 Baldad
2766 1661 2780 1684 ,
2821 1627 2875 1673 et
2903 1628 3023 1690 post
3052 1619 3247 1673 Baldad
3279 1619 3492 1688 Sophar
3522 1619 3643 1673 Mc-

2048 1724 2214 1775 naeus,
2238 1709 2530 1765 secundum
2556 1710 2655 1764 sibi
2683 1710 2955 1781 proprium
2980 1710 3254 1776 ordinem;
3286 1712 3357 1765 ita
3386 1722 3446 1765 ut
3466 1728 3646 1766 unus-

2045 1800 2268 1869 quisque
2311 1816 2495 1856 eorum
2537 1813 2777 1871 spera-ret
2820 1816 2879 1857 se
2923 1802 3143 1856 meliora
3184 1802 3449 1857 dicturum
3474 1803 3643 1859 Juba.

2052 1909 2071 1940 σ
2093 1891 2373 1958 Quimulta
2394 1892 2540 1958 dicit,
2570 1892 2800 1947 vicissim
2825 1892 3021 1948 audiet.
3054 1911 3074 1944 ι
3100 1893 3228 1948 Item
3255 1894 3379 1949 illud
3404 1911 3421 1948 :
3457 1915 3477 1947 ι
3512 1896 3646 1950 [ται-

2045 1983 2186 2051 gebit
2228 1983 2387 2038 iacies
2432 1993 2518 2037 tua
2565 1993 2830 2054 tamquam
2870 1999 3006 2054 aqua
3047 1999 3195 2055 pura.
3247 1986 3423 2042 Exues
3453 1998 3645 2041 autem

2046 2072 2256 2126 sordem
2275 2114 2288 2137 ,
2320 2081 2374 2128 et
2403 2089 2507 2128 non
2540 2074 2765 2141 timebis,
2799 2084 2852 2130 et
2877 2075 3109 2131 laborem
3136 2078 3469 2134 Oblivisceris
3499 2088 3651 2132 taut-

2046 2180 2201 2232 qnam
2234 2168 2448 2221 tluctum
2477 2168 2564 2236 qui
2594 2168 2849 2237 praeterit.
2878 2167 3060 2224 Oratio
3083 2170 3223 2225 enim
3247 2180 3336 2226 tua
3359 2182 3643 2243 tamquam

2045 2256 2256 2311 Lucifer
2280 2259 2380 2313 erit
2408 2277 2426 2310 ι
2451 2259 2597 2328 (Cap.
2631 2262 2716 2317 Η.
2743 2276 2791 2315 υ.
2813 2261 2867 2315 2.
2900 2260 3105 2334 15-17).

2115 2350 2289 2403 Prima
2329 2350 2445 2405 Jobi
2495 2352 2559 2406 ad
2602 2351 2895 2423 SOpbarem
2950 2357 3270 2425 responsio:
3306 2376 3326 2408 ‹
3362 2357 3476 2413 Vos
3506 2374 3649 2425 ergo

2045 2440 2143 2493 soli
2174 2443 2302 2495 estis
2335 2441 2604 2507 homines;
2638 2452 2730 2499 aut
2750 2445 3020 2500 vobiscum
3052 2449 3308 2502 morietur
3332 2449 3601 2516 sapientia
3622 2452 3647 2499 τ

2043 2530 2110 2585 Ει
2139 2532 2264 2585 mihi
2292 2534 2505 2602 quidem
2534 2550 2629 2589 cor
2650 2535 2798 2604 juxta
2828 2551 2922 2590 vos
2951 2538 3051 2592 erit
3078 2558 3095 2590 ›
3122 2538 3288 2611 (Cap.
3319 2540 3407 2594 12.
3442 2540 3495 2592 2.
3540 2542 3577 2593 '5
3602 2541 3639 2599 ).

2044 2623 2195 2679 Circa
2227 2627 2353 2681 illud
2383 2646 2395 2681 :
2422 2646 2440 2679 ι
2468 2628 2597 2696 Quis
2622 2643 2725 2683 non
2747 2632 2993 2700 cognovit
3014 2632 3064 2684 in
3091 2632 3339 2687 omnibus
3360 2632 3465 2698 bis,
3491 2636 3643 2702 quod

2044 2732 2233 2771 manus
2259 2718 2467 2773 Domini
2496 2719 2620 2773 fecit
2650 2720 2803 2775 hinc?
2831 2721 2963 2789 Quia
2991 2723 3041 2775 in
3071 2738 3228 2776 manu
3257 2724 3371 2792 ejus
3402 2735 3487 2779 est
3514 2728 3644 2779 ani-

2043 2822 2129 2861 ma
2159 2809 2393 2864 omnium
2419 2811 2727 2878 viventium,
2763 2822 2817 2868 et
2843 2815 3062 2882 spiritus
3089 2816 3261 2871 omnis
3288 2816 3549 2872 hominis.
3587 2820 3643 2875 Si

2043 2900 2370 2970 prohibuerit
2397 2918 2586 2974 aquam
2605 2946 2619 2967 ,
2648 2906 2868 2960 siccabit
2895 2916 3089 2961 terram
3120 2950 3133 2972 ,
3166 2920 3221 2964 et
3248 2910 3292 2964 si
3323 2910 3605 2966 dimiserit
3627 2956 3643 2980 ,

2044 2993 2273 3063 perdidit
2300 3006 2545 3051 evertens
2572 3012 2686 3071 eam
2714 2997 2900 3069 i(Ibid.
2922 3016 2969 3053 v.
2988 3001 3041 3055 9.
3064 3001 3149 3056 10.
3172 3002 3279 3071 l5).
3298 3002 3450 3058 Circa
3472 3004 3643 3060 illud:

2048 3102 2066 3135 ι
2095 3083 2225 3152 Quis
2250 3087 2351 3140 erit
2377 3088 2605 3142 mundus
2633 3103 2663 3141 a
2694 3088 2895 3144 sorde?
2923 3092 2992 3144 At
3017 3107 3194 3153 nemo.
3223 3094 3323 3148 etsi
3350 3111 3490 3150 unus
3522 3097 3644 3150 dies

2042 3175 2107 3230 sit
2139 3176 2245 3231 vita
2274 3177 2390 3247 ejus
2419 3192 2580 3248 super
2610 3187 2825 3234 terram.
2862 3180 2953 3234 Est
2980 3182 3157 3236 arbori
3216 3197 3358 3253 spes.
3394 3187 3452 3238 Si
3485 3187 3641 3239 enim

2041 3269 2216 3324 excisa
2265 3269 2453 3338 fuerit,
2485 3270 2659 3326 adhuc
2696 3272 3004 3344 pullulabit,
3036 3282 3090 3330 et
3129 3291 3342 3347 germen
3372 3278 3493 3347 ejus
3530 3296 3649 3333 non

2040 3362 2267 3417 deficiet.
2300 3362 2394 3418 Vir
2418 3378 2542 3419 vero
2560 3380 2678 3419 cum
2701 3374 2939 3421 mortuus
2963 3366 3138 3434 fuerit,
3162 3368 3322 3424 abiit:
3344 3380 3399 3424 et
3426 3382 3613 3425 morta
3631 3406 3645 3415 -

2038 3452 2103 3507 lis
2122 3469 2240 3507 cum
2260 3455 2532 3523 ceciderit,
2557 3471 2660 3511 non
2683 3457 2820 3511 ultra
2845 3466 2924 3512 est
2953 3478 2971 3510 ι
2993 3458 3232 3529 (Cap.H.
3251 3477 3297 3516 υ.
3318 3462 3441 3516 4.5.
3457 3463 3642 3532 7.10).

2052 3570 2059 3575 -
2112 3545 2320 3600 Initium
2377 3547 2689 3602 secundum.
2753 3548 2971 3619 Elipltaz
3027 3550 3217 3606 Jobum
3275 3553 3639 3623 alloquitur:

2044 3653 2063 3686 α
2100 3635 2361 3706 Numquid
2390 3639 2604 3707 sapiens
2643 3640 3048 3709 responsionem
3074 3641 3220 3696 dabit
3246 3643 3486 3697 scientiae
3520 3647 3641 3713 spi-

2041 3728 2213 3782 ritus?
2242 3734 2443 3799 Arguat
2472 3740 2523 3785 te
2550 3745 2610 3785 os
2639 3742 2785 3786 tuum
2812 3774 2827 3799 ,
2860 3742 2913 3787 et
2940 3749 3044 3787 non
3076 3748 3192 3803 ego.
3239 3754 3257 3785 ›
3291 3733 3425 3789 illud
3455 3737 3595 3791 item
3619 3778 3638 3802 ,

2045 3841 2062 3873 ι
2099 3822 2227 3890 Quis
2262 3823 2405 3877 enim
2441 3838 2561 3878 cum
2592 3827 2661 3879 sit
2697 3824 2886 3890 homo,
2918 3826 3021 3880 erit
3059 3825 3399 3896 inculpatus?
3425 3843 3497 3883 an
3532 3831 3643 3884 erit

2031 3914 2206 3983 justus
2236 3922 2387 3968 natus
2411 3915 2479 3969 de
2503 3914 2727 3970 muliere
2764 3934 2783 3967 ι
2811 3915 2963 3986 (Cap.
2990 3916 3076 3972 15.
3100 3933 3149 3972 υ.
3178 3916 3235 3970 2.
3266 3916 3320 3971 6.
3350 3918 3481 3987 l4)?

2107 4005 2352 4060 Secunda
2384 4006 2659 4075 responsio
2686 4006 2805 4061 Jobi
2836 4007 2901 4061 ad
2937 4006 3190 4078 Elipbaz:
3222 4026 3241 4060 ι
3273 4009 3469 4064 Audivi
3503 4014 3635 4066 talia

2036 4099 2199 4154 multa
2230 4116 2245 4156 :
2280 4100 2649 4155 consolatores
2678 4101 2939 4155 malorum
2974 4117 3180 4156 omnes.
3224 4103 3362 4158 Ecce
3393 4104 3447 4158 in
3478 4108 3640 4159 caulis

2032 4200 2113 4245 est
2141 4191 2294 4246 testis
2323 4205 2494 4256 meus,
2528 4200 2582 4246 et
2604 4193 2852 4247 conscius
2879 4208 3029 4248 meus
3060 4195 3111 4248 in
3142 4194 3387 4249 excelsis.
3421 4195 3513 4251 Sit
3542 4213 3639 4251 au-

2034 4294 2137 4339 tem
2169 4284 2471 4355 redargutio
2508 4285 2624 4340 viro
2656 4301 2836 4341 coram
2882 4287 3103 4342 Domino
3142 4311 3159 4340 ι
3184 4287 3331 4361 (Cap.
3366 4290 3456 4345 16.
3489 4307 3543 4344 υ.
3575 4293 3631 4345 2.

2029 4375 2117 4429 20.
2154 4375 2270 4448 2‘2).
2296 4376 2430 4431 lllud
2460 4377 2605 4441 item,
2641 4396 2659 4428 ι
2690 4378 2907 4433 Noctem
2937 4380 3110 4448 posuit
3141 4380 3192 4434 in
3222 4379 3383 4436 diem.
3416 4382 3557 4437 Nam
3589 4385 3637 4439 si

2037 4469 2373 4535 sustinuero,
2405 4467 2641 4524 infernus
2672 4470 2771 4523 erit
2796 4469 2925 4524 mihi
2953 4470 3159 4525 domus.
3191 4471 3415 4527 Mortem
3449 4477 3637 4543 appel-

2028 4559 2128 4613 lavi
2154 4567 2377 4628 patrem,
2398 4569 2622 4613 matrem
2646 4571 2824 4615 autem
2848 4577 3019 4616 meam
3043 4571 3096 4617 et
3118 4578 3357 4619 sororem
3386 4567 3573 4621 tabem
3611 4589 3631 4619 ι

2028 4651 2178 4721 (Cap.
2212 4652 2297 4705 17.
2327 4668 2374 4706 υ.
2407 4650 2616 4723 12-14).

2101 4746 2346 4801 Secundo
2373 4762 2555 4801 rursus
2596 4747 2867 4817 excipiens
2907 4748 3105 4803 Baldad
3145 4749 3217 4803 ait
3258 4750 3325 4804 ad
3367 4751 3573 4805 Jobuni
3616 4773 3632 4809 :

2034 4856 2052 4889 ι
2085 4837 2372 4908 Quousque
2399 4853 2504 4892 non
2531 4838 2804 4893 cessabis?
2828 4839 2961 4907 Quid
2989 4841 3127 4894 enim
3156 4881 3170 4906 ,
3200 4842 3242 4895 si
3279 4850 3330 4895 tu
3373 4856 3633 4897 mortuus

2022 4928 2183 4983 fueris
2208 4971 2223 4995 ,
2272 4929 2698 4985 inbabitabilisne
2740 4931 2843 4985 erit
2881 4949 2943 4987 ea
2983 4948 3101 5002 qua:
3146 4934 3246 4989 sub
3291 4936 3425 4989 cmlo
3474 4948 3563 4991 cst
3604 4960 3628 4991 ι

2024 5022 2188 5091 (Cap.
2213 5022 2297 5077 18.
2323 5039 2369 5078 v.
2397 5023 2450 5076 2.
2484 5022 2583 5096 5)?
2612 5024 2914 5093 RCSpt‘llthl
2945 5025 3176 5080 secundo
3207 5026 3307 5081 Joh
3338 5028 3583 5082 Bnldadn
3613 5048 3627 5085 :

2035 5136 2054 5169 ε
2085 5115 2369 5185 Usquequo
2397 5119 2692 5172 molestiam
2725 5118 2925 5173 facietis
2954 5120 3145 5173 animm
3175 5138 3328 5188 nium,
3357 5125 3629 5180 occidetis

2023 5224 2107 5263 me
2150 5209 2479 5263 ratiociniis?
2522 5210 2794 5279 loquimini
2840 5220 3020 5265 contra
3066 5228 3150 5266 me
3192 5214 3308 5266 sine
3353 5214 3567 5282 pudore
3603 5237 3623 5268 ι

2020 5300 2166 5373 (Cap.
2204 5300 2286 5355 19.
2315 5318 2363 5356 υ.
2393 5300 2447 5355 2.
2478 5303 2510 5356 5
2544 5302 2607 5370 )?
2634 5301 2729 5356 llic
2759 5302 2909 5368 illttd,
2943 5322 2960 5354 ‹
2998 5303 3232 5359 Gloriam
3262 5322 3438 5359 meam
3470 5323 3500 5360 τι
3532 5326 3629 5364 inc

2016 5392 2229 5447 abstulit
2256 5434 2271 5459 ,
2298 5407 2548 5447 coronam
2578 5392 2791 5447 sustulit
2819 5393 2885 5448 de
2913 5395 3085 5463 capite
3117 5412 3236 5449 meo
3267 5438 3282 5461 ,
3317 5406 3373 5451 et
3410 5400 3626 5454 excidit

2017 5491 2286 5554 tamquam
2314 5483 2559 5537 arborem
2592 5497 2742 5553 Spem
2770 5500 2960 5539 meam.
2997 5504 3014 5536 ι
3040 5485 3170 5539 Item
3198 5486 3327 5540 illud
3354 5505 3368 5541 ε
3403 5507 3421 5539 ι
3452 5491 3494 5543 Α
3526 5508 3627 5547 me

2016 5574 2207 5630 fratres
2251 5576 2354 5630 mei
2398 5583 2768 5642 recesserunt,
2813 5575 3020 5631 alienos
3061 5590 3397 5646 agnoverunt
3442 5585 3627 5651 magis

2014 5684 2171 5738 quam
2200 5684 2285 5723 me
2314 5684 2327 5720 :
2358 5667 2509 5723 amici
2539 5682 2667 5722 vero
2695 5668 2798 5721 mei
2828 5668 3278 5725 immisericordes
3307 5670 3429 5727 facti
3460 5688 3620 5727 sunt.

2016 5764 2240 5818 Servum
2270 5778 2445 5817 mcum
2470 5760 2686 5827 vocavi,
2716 5768 2768 5815 et
2797 5776 2899 5815 non
2928 5761 3201 5832 respondit
3230 5779 3243 5817 :
3270 5774 3325 5820 et
3355 5764 3621 5836 rogabam
