3722 6274
84 305 195 364 36$

80 416 210 475 σίαν
255 417 289 472 6
318 415 522 488 Κύριος
553 417 638 489 τᾷ
669 418 923 487 διαϐόλῳ,
970 419 1287 474 πάνταοδσα
1318 416 1388 491 ἦν
1419 419 1496 490 τῷ
1528 421 1669 488 Ἰὼϐ,

78 505 247 568 ἐκτὸς
272 505 446 558 αὑτοῦ
484 506 666 575 μόνου.
705 506 930 579 Πρῶτον
949 506 1359 575 εὐαγγελίζεται
1376 510 1405 561 6
1427 508 1673 571 διάϐολος

78 593 157 663 τῷ
196 592 321 646 Ἰὼϐ
357 594 487 663 περὶ
520 595 623 663 τῆς
663 595 1042 665 αἰχμαλωσίας
1077 594 1187 648 τῶν
1232 595 1412 648 ἵππων
1436 597 1529 648 καὶ
1562 596 1673 648 τῶν

80 681 238 744 ϐνων,
267 682 367 734 καὶ
409 681 505 735 τοῦ
533 681 825 753 παταγμοῦ
868 682 979 735 τῶν
1010 682 1233 737 παίδων.
1269 682 1403 752 Περὶ
1424 682 1518 736 τοῦ
1547 682 1669 736 δευ-

80 768 241 838 16900
265 768 525 836 ἀγγέλου,
552 769 611 831 ὃς
633 765 755 822 εἷπε
781 770 918 839 πρὸς
952 770 1093 822 Ἰώϐ·
1124 769 1554 839 Ἐμπεπύρισταί
1574 787 1671 825 σου

80 855 150 907 τὰ
170 856 448 925 πρόϐατα,
462 859 556 911 καὶ
576 858 623 910 οί
641 857 1021 927 ποιμαίνοντες
1042 858 1201 911 αὐτά.
1223 859 1356 928 Περὶ
1376 857 1467 910 τοῦ
1484 857 1668 927 τρίτου

83 940 346 1009 ἀγγέλου,
388 943 448 1006 δς
484 939 605 996 εἶπε
656 944 794 1014 πρὸς
833 943 953 996 Ἰὼϐ
984 944 1113 1016 περὶ
1145 944 1246 1015 τῆς
1294 944 1668 1013 αἰχμαλωσίας

81 1027 190 1079 τῶν
222 1030 491 1100 καμήλων
514 1031 607 1083 καὶ
630 1029 723 1083 τοῦ
748 1029 1041 1101 παταγμοῦ
1069 1030 1177 1083 τῶν
1214 1030 1438 1084 παίδων.
1467 1030 1670 1101 Τέταρ-

80 1131 173 1178 τος
210 1116 445 1184 ἄγγελος
489 1116 707 1187 ἔρχεται
745 1116 883 1187 πρὸς
916 1118 1109 1182 αὐτὸν,
1149 1118 1229 1171 ὅτι
1274 1117 1597 1188 Συνεπτώθη
1631 1120 1665 1188 ἠ

80 1202 249 1266 οξκία,
286 1205 381 1257 καὶ
410 1205 826 1276 ἐθανατώθησαν
849 1205 1050 1269 πάντες
1072 1207 1120 1259 οί
1153 1206 1260 1258 υίοί
1280 1222 1394 1259 σου.
1424 1205 1514 1259 Ἐν
1534 1205 1667 1258 πᾶσι

81 1290 298 1354 τούτοις
330 1295 448 1353 τοῖς
475 1292 880 1363 συμϐεϐηκόσιν
918 1291 1067 1363 αὐτῷ
1087 1333 1099 1354 ,
1139 1292 1260 1345 οὐδὲ
1292 1293 1506 1363 ἥμαρτε
1547 1289 1668 1345 Ἰὼϐ

84 1378 334 1431 ἐναντίον
358 1380 587 1449 Κυρίου.
629 1380 739 1433 Καὶ
769 1379 998 1450 δευτέρα
1039 1378 1314 1450 μαρτυρία
1336 1378 1430 1431 τοῦ
1460 1379 1665 1449 Κυρίου

84 1464 219 1534 πρὸς
246 1465 343 1517 τὸν
371 1466 634 1532 διάϐολον,
676 1467 1093 1535 ὲγκωμιάζουσα
1121 1466 1213 1518 τὸν
1252 1465 1391 1529 Ἰὼϐ,
1421 1467 1515 1519 καὶ
1548 1465 1668 1517 δευ-

84 1551 215 1620 τέρα
252 1551 576 1622 φθονολογία
604 1552 698 1606 τοῦ
755 1552 1002 1606 διαϐόλου
1034 1554 1160 1624 περὶ
1225 1552 1347 1606 Ἰὼϐ
1387 1552 1523 1625 πρὸς
1573 1553 1667 1607 τὸν

84 1637 314 1708 Κύριον.
343 1638 455 1692 Καὶ
483 1638 558 1703 ὡς
582 1638 810 1693 ἀπέδοτο
854 1638 1056 1712 Κύριος
1091 1640 1182 1693 τὸν
1216 1638 1359 1704 Ἰὼϐ,
1401 1639 1663 1709 φυλαττο-

86 1726 256 1795 μένης
276 1726 379 1796 τῆς
405 1725 604 1795 ψυχῆς.
642 1724 903 1789 Ἐξελθὼν
936 1726 991 1779 δὲ
1020 1729 1048 1779 ό
1088 1725 1330 1789 διάϐολος
1356 1725 1547 1777 ἔπαισε
1576 1723 1667 1776 τὸν

96 1812 216 1864 Ἰὼϐ
238 1813 351 1865 ἀπὸ
377 1813 554 1867 ποδῶν
590 1812 694 1875 ἕως
718 1813 979 1883 κεφαλῆς.
1011 1814 1119 1866 Καὶ
1149 1811 1378 1875 καθίσας
1419 1810 1539 1864 Ἰὼϐ
1575 1812 1668 1863 ἐπὶ

84 1903 180 1970 τῆς
232 1901 473 1969 κοπρίας
502 1898 618 1964 έξεε
642 1901 734 1954 τὸν
770 1900 961 1973 ἰχῶρα.
998 1898 1329 1953 Ἐντέλλεται
1358 1898 1435 1969 τῷ
1467 1897 1589 1952 Ἰὼϐ
1632 1899 1666 1969 ἡ

84 1990 221 2060 γυνὴ
268 1986 439 2042 αὐτοῦ
484 1988 657 2042 εἰπεῖν
695 1989 776 2050 είς
813 1988 1039 2061 Κύριον,
1068 1990 1161 2042 καὶ
1190 1988 1544 2058 τελευτῆσαν
1574 1987 1669 2041 καὶ

83 2079 317 2148 ἐπιτιμᾷ
357 2078 519 2149 αὐτῇ.
573 2079 846 2132 Ἤκουσαν
883 2078 931 2131 οί
980 2079 1128 2147 τρεῖς
1191 2076 1331 2145 φίλοι
1378 2075 1471 2129 τοῦ
1524 2074 1664 2141 Ἰὼϐ,

97 2165 328 2236 Ἐλιφάζ
356 2168 384 2220 6
424 2164 774 2235 Θαιμανιτῶν
804 2163 1055 2235 βασιλεὺς
1075 2204 1091 2228 ,
1122 2163 1330 2218 Βαλδὰδ
1357 2164 1385 2216 ό
1417 2162 1669 2232 Σαυχέων

85 2257 373 2327 τύραννος,
423 2255 623 2325 Σωφὰρ
670 2257 698 2308 6
752 2253 1015 2326 Μηναίων
1072 2252 1325 2323 βασιλεὺς
1372 2253 1550 2306 πάντα
1600 2250 1670 2306 τὰ

85 2343 385 2399 ἐπελθόντα
404 2340 572 2412 αὐτῷ.
588 2343 696 2396 Καὶ
715 2341 1076 2412 παρεγένοντο
1101 2341 1239 2413 πρὸς
1262 2341 1421 2394 αὑτὸν
1443 2340 1671 2402 ἕκαστος

87 2433 149 2484 ὲκ
174 2430 281 2500 τῆς
312 2430 451 2492 ίδὶας
479 2428 683 2500 χώρας,
713 2428 808 2482 τοῦ
864 2428 1267 2498 ἐπισκέψασθαι
1323 2428 1515 2490 αὐτὸν,
1575 2425 1668 2479 καὶ

87 2519 405 2587 ἐπιγνόντες
436 2518 619 2579 αὑτὸν,
645 2516 928 2589 διέρρηξεν
947 2516 1177 2581 ἕκαστος
1212 2514 1310 2587 τὴν
1350 2513 1541 2586 στολὴν
1569 2515 1670 2567 αὐ-

89 2608 181 2661 τοῦ
211 2608 309 2660 ἐπὶ
333 2606 413 2677 τῷ
451 2606 630 2661 πάθει.
659 2606 816 2661 Μετά
843 2607 900 2660 δὲ
920 2607 1018 2677 τὴν
1041 2604 1253 2676 πληγὴν
1284 2604 1498 2677 πρῶτον
1526 2602 1671 2674 ἡνοι-

90 2697 178 2761 ξεν
225 2694 350 2748 Ἰὼϐ
366 2694 426 2749 τὸ
451 2693 623 2765 στόμα
639 2694 824 2760 αὑτοῦ,
854 2694 947 2747 καὶ
980 2692 1325 2764 κατηράσατο
1340 2691 1437 2763 τὴν
1458 2690 1671 2762 ἡμέραν

89 2784 182 2834 καὶ
224 2783 326 2851 τὴν
369 2780 539 2833 νύκτα
577 2773 703 2854 ένῇ
754 2779 1042 2850 ἐγεννήθη.
1092 2781 1228 2850 Περὶ
1276 2778 1388 2841 τοῦ,
1441 2779 1671 2846 ’Ὠσπερ

90 2868 365 2938 θεράπων
378 2867 659 2935 δεδοικὼς
681 2868 786 2921 τὸν
803 2868 1027 2936 κύριον,
1041 2867 1193 2921 οὕτω
1212 2866 1445 2921 δέδοται
1460 2865 1581 2932 τοῖς
1604 2866 1675 2917 ἐν

92 2957 300 3024 πικρίᾳ
334 2953 480 3025 φῶς,
516 2955 574 3009 οἳ
614 2955 935 3025 Ιμείρονται
967 2955 1074 3009 τοῦ
1119 2953 1411 3020 θανάτου,
1456 2954 1556 3006 καὶ
1600 2954 1673 3007 οὐ

90 3043 486 3113 τυγχάνουσι.
527 3041 676 3115 [568]
702 3043 965 3110 Θάνατος
985 3042 1095 3114 γὰρ
1112 3041 1284 3111 ἀνδρὶ
1306 3040 1671 3107 ἀνάπαυσις.

101 3131 425 3186 Ὑπολαϐὼν
455 3131 666 3203 πρῶτος
706 3131 931 3200 Ἔλιφὰζ
946 3133 974 3184 6
1002 3129 1339 3201 Θαιμανίτης
1363 3129 1509 3199 λέγει
1540 3128 1676 3199 πρὸς

101 3221 226 3274 Ὶώϐ
246 3237 261 3250 ο
294 3220 609 3290 Μνήσθητι
632 3221 725 3287 τίς
743 3218 1003 3288 καθαρὸς
1024 3219 1111 3272 ὢν
1146 3219 1437 3282 ἀπώλετο,
1460 3217 1499 3287 ἢ
1532 3218 1678 3270 πότε

93 3309 372 3379 ἀληθινοί
390 3309 678 3379 όλόρῥιζοι
700 3308 1032 3364 ἀπώλοντο.
1061 3309 1191 3362 Ὀτι
1215 3309 1510 3378 γαυρίαμα
1541 3306 1680 3376 δρα-

96 3401 331 3453 κόντων
373 3398 667 3466 ἐσϐέσθηο
702 3396 1138 3468 μυρμηκολέων
1183 3395 1253 3449 δὲ
1288 3395 1474 3450 ὤλετο
1520 3394 1680 3465 παρά

95 3489 161 3543 τό
194 3488 284 3559 μὴ
340 3488 507 3559 ἔχειν
548 3486 779 3556 βοράνο
832 3488 1093 3557 σκύμνοι
1142 3487 1407 3541 λεόντων
1466 3487 1680 3540 ἔλιπον

97 3575 436 3643 ἀλλήλους.
464 3576 560 3643 Ὠς
586 3578 698 3630 οὐκ
723 3575 854 3629 ἐστι
876 3574 1098 3644 βροτὸς
1126 3574 1383 3642 καθαρὸς
1403 3574 1681 3628 ἐναντίον

98 3666 348 3734 Κιφίου,
368 3663 465 3717 καί
484 3663 604 3719 ἀπὸ
624 3662 744 3717 τῶν
760 3663 952 3733 ἔργων
972 3661 1159 3717 αὐτοῦ
1177 3662 1480 3731 ἄμεμπτος
1503 3660 1677 3728 ἀνήρ.

94 3758 158 3809 Ol
179 3754 462 3823 ἄφρονες,
497 3752 649 3825 φησί,
662 3751 777 3806 κᾶν
791 3749 959 3821 ῥίζας
975 3750 1274 3816 βάλωσιν,
1294 3749 1513 3817 εὐθέως
1522 3749 1681 3819 ,βρω-

100 3843 353 3910 θήσεται
377 3842 415 3909 ή
434 3839 631 3894 δίαιτα
670 3838 889 3902 αὐτῶν,
907 3838 1055 3892 διότι
1083 3836 1123 3891 d
1147 3836 1363 3891 ἐκεῖνοι
1410 3836 1680 3906 συνήγαο

102 3947 232 4001 τον,
267 3929 487 3983 δίκαιοι
519 3927 777 3981 ἔδονται.
821 3927 1177 3994 Ἀνθρωπος,
1221 3925 1378 3994 φησὶ,
1401 3924 1680 3994 γεννᾶται

100 4022 292 4083 κόπῳ,
315 4015 416 4071 καί
435 4014 682 4070 νεοσσοί
701 4012 908 4085 γυπῶν
927 4014 1138 4096 ὐυψςηλά
1164 4012 1462 4067 πέτονται.
1484 4009 1683 4065 Κατα-

99 4104 397 4177 λαμϐάνει
436 4103 504 4158 66
532 4105 748 4172 Κύριος
771 4102 911 4170 τοὺς
925 4101 1158 4171 σοφοὺς
1176 4101 1245 4154 ἐν
1264 4099 1555 4172 φρονήσει
1580 4103 1686 4157 αὐ-

103 4191 715 4259 τῶν,καιτάς,βουλίις
743 4189 862 4245 τῶν
883 4190 1288 4244 πολυπλόκων
1314 4186 1544 4256 έξιστᾷ.
1578 4189 1687 4243 Τὸν

102 4281 306 4348 ἀθῷον
333 4280 403 4346 ἐξ
440 4277 721 4350 ἀναγκῶν
746 4278 1039 4344 έξελεῐται
1075 4277 1312 4346 Κύριος,
1355 4276 1456 4329 καί
1491 4277 1561 4330 ἐν
1604 4276 1686 4343 τῷ

104 4369 337 4439 ἑϐδόμῳ
360 4369 432 4422 οὐ
454 4367 545 4438 μὴ
574 4366 793 4435 ἅψεται
819 4365 1008 4421 αὐτοῦ
1032 4365 1239 4419 κακόν.
1271 4364 1355 4418 Σὺ
1399 4362 1468 4417 δὲ
1507 4364 1687 4436 γνῶθι

107 4455 395 4518 σεαυτὸν,
422 4454 479 4508 ει
504 4470 560 4507 τι
586 4453 871 4522 ἔπραξας.

179 4551 381 4625 Πρώτη
403 4550 541 4623 πρὸς
574 4548 798 4620 Ἐλιφάζ
820 4548 916 4603 τοῦ
955 4549 1076 4603 Ἰὼϐ
1108 4548 1371 4615 ἀντίλεξις
1390 4549 1550 4618 ’περὶ
1569 4547 1685 4613 τοῦ,

105 4639 173 4690 ει
206 4634 323 4705 γάρ
351 4651 439 4701 τις
478 4631 664 4687 ἱστῶν
696 4634 921 4699 στήσαι
952 4650 1069 4702 μου
1098 4634 1211 4700 τὴν
1247 4631 1455 4702 ὀργὴν,
1489 4631 1595 4697 τὰς
1621 4630 1690 4684 δὲ

113 4720 338 4784 ὀδύνας
365 4734 485 4787 μου
510 4716 646 4785 ἆραι
663 4717 734 4770 ὲν
753 4714 903 4787 ζυγῷ
931 4715 1329 4786 ὁμοθυμαδὸν,
1361 4715 1459 4768 καὶ
1478 4714 1554 4783 δὴ
1581 4713 1691 4784 άμ-

109 4821 226 4872 μου
267 4801 567 4867 παραλίας
594 4800 897 4869 ,βαρύτερα
918 4798 1111 4855 ἕσται.
1142 4799 1275 4868 Περὶ
1301 4796 1420 4862 τοῦ,
1449 4797 1546 4865 Μὴ
1581 4798 1691 4868 γὰρ

111 4882 400 4951 διακενῆς
429 4882 777 4951 κεκράξεται
803 4883 943 4948 ὄνος
964 4883 1187 4951 ἄγριος,
1213 4882 1353 4936 ἀλλ’
1372 4881 1409 4949 ἣ
1434 4882 1507 4935 τὰ
1527 4881 1692 4934 σιτία

112 4965 337 5036 ζητῶν;
365 4967 435 5020 El
462 4965 532 5019 66
564 4966 660 5020 καὶ
678 4967 854 5037 ῥήξει
871 4966 1082 5035 φωνὴν
1107 4965 1304 5036 (βοῦς)
1333 4965 1430 5019 ἐπὶ
1459 4963 1691 5033 φάτνης

112 5054 274 5121 ἔχων
290 5050 367 5103 τὰ
381 5049 667 5120 βρώματα
685 5067 699 5115 ;
719 5050 813 5118 Μὴ
838 5049 1016 5119 ἰσχὺς
1033 5051 1216 5103 λίθων
1238 5050 1335 5103 καί
1363 5049 1540 5118 ἰσχύς
1549 5064 1693 5116 μου;

113 5140 174 5191 αι
205 5134 433 5202 σάρκες
455 5138 575 5203 μού
597 5136 717 5188 εισι
743 5133 994 5203 χάλκεαι
1004 5152 1024 5199 ;
1050 5135 1191 5199 Ὅτι,
1228 5135 1458 5203 Ὥσπερ
1489 5149 1695 5201 πειρα-

114 5220 327 5289 τήριον
351 5219 527 5273 ἐστιν
564 5222 599 5274 6
637 5219 780 5286 ,βίος
815 5218 1132 5286 ἀνθρώπου
1159 5219 1258 5272 ἐπὶ
1290 5217 1401 5286 τῆς
1428 5217 1562 5286 γῆς,
1593 5216 1692 5270 καὶ

113 5306 321 5372 ὥσπερ
355 5303 604 5373 μισθίου
626 5301 1027 5372 αὑθημερινοῦ
1054 5304 1095 5370 ή
1122 5301 1235 5371 ζωὴ
1264 5302 1469 5357 αὐτοῦ’
1497 5302 1600 5360 ὃτι.
1625 5302 1696 5356 El

115 5388 233 5458 ἐγὼ
248 5387 535 5457 ἥμαρτον,
558 5387 616 5440 τί
629 5387 969 5455 δυνήσομαι
990 5385 1212 5454 πρᾶξαι
1229 5402 1248 5449 ;
1267 5387 1407 5449 Ὅτι,
1426 5382 1697 5440 Ἐπιστά-

113 5488 301 5543 μενος
340 5471 448 5525 τὸν
483 5470 636 5525 νοῦν
679 5469 798 5524 τῶν
837 5467 1182 5537 ἀνθρώπων,
1233 5469 1390 5523 διατί
1431 5467 1574 5523 έθου
1624 5482 1696 5536 με

120 5553 567 5620 κατεντευκτήν
582 5569 603 5618 ;

194 5650 423 5706 Μετὰδὲ
467 5651 693 5719 Ἐλιφάζ
712 5640 964 5722 δεύτερος
981 5649 1264 5704 ὑπολαϐὼν
1287 5648 1492 5702 Βαλδάδ
1514 5649 1541 5700 6
1563 5647 1698 5700 Σαυ-

122 5736 332 5808 ιεώτης
379 5734 527 5803 λέγει
565 5734 701 5805 πρὸς
758 5734 912 5788 Ἰώϐο
946 5733 1130 5803 Μέχρι
1171 5734 1335 5800 τίνος
1371 5730 1697 5799 λαλήσαςῖ

1155 303 1484 361 8ΥΝοΡ815
1520 303 1938 362 SCRIPTURAS
1980 304 2247 362 SACfUE.

3237 303 3345 363 564

1772 420 2014 488 Πνεῦμα
2036 420 2424 489 πολυρῥῆμον
2437 420 2506 474 ἐν
2524 419 2604 487 τῷ
2629 419 2879 490 στόματί
2898 434 3035 475 σου.
3057 416 3156 487 ιη,
3185 420 3344 475 6K6-

1761 518 1895 569 ριος
1922 501 2199 570 ἀδικήσει
2231 496 2484 570 κρίνων;
2515 503 2553 570 ἢ
2593 506 2626 557 ό
2650 504 2724 558 τὰ
2755 504 2952 556 πάντα
2979 502 3238 571 ποιήσας
3267 507 3342 558 οὐ

1768 584 2013 650 παρέξει
2050 584 2116 636 τὸ
2147 584 2416 650 δίκαιον;
2450 585 2585 654 Περὶ
2611 585 2727 647 τοῦ,
2759 586 2987 653 Ὠσπερ
3020 587 3092 638 οὐ
3132 585 3342 640 θάλλει

1768 666 2045 735 πάπυρος
2072 668 2217 719 ἄνευ
2244 666 2480 731 ὕδατος,
2512 667 2550 735 ἢ
2576 668 2837 736 ὑψοῦται
2864 667 3166 732 ,βούτομος
3192 666 3341 722 ἀνευ

1768 751 1984 803 πότου·
2014 751 2100 804 ἔτι
2128 750 2237 816 γὰρ
2262 747 2347 801 ὢν
2369 749 2467 801 ἐπὶ
2492 747 2683 816 ῥίζαν,
2716 752 2789 803 οὐ
2811 749 2898 817 μὴ
2920 746 3189 815 θερισθῇ.
3220 749 3341 817 Πρὸ

1769 831 1877 883 τοῦ
1908 831 2020 901 γὰρ
2053 831 2266 885 πεσεῖν
2307 828 2514 885 πᾶσαν
2554 831 2831 899 βοτάνην
2863 829 3300 898 ξηρανθήσεται
3322 846 3336 860 ·

1769 913 1959 980 οὕτως
1994 914 2165 967 ἔσται
2194 914 2268 967 τὰ
2296 912 2527 982 ἔσχατα
2565 914 2763 967 πάντα
2798 914 2918 966 τῶν
2948 914 3341 967 ἐπιλανθανο-

1762 996 1963 1065 μένων
1997 998 2104 1051 τοῦ
2133 997 2301 1053 Θεοῦ.

1838 1091 2036 1161 Πρώτη
2062 1092 2154 1145 τοῦ
2200 1091 2318 1145 Ἰὼϐ
2347 1091 2482 1164 πρὸς
2504 1092 2716 1146 Βαλδὰδ
2748 1091 3043 1157 ἀντίλεξις’
3069 1093 3174 1156 ὅτι,
3215 1094 3341 1146 Ἐπ’

1766 1173 2051 1240 ἀληθείας
2077 1175 2228 1241 οῖδα,
2253 1175 2342 1229 ὅτι
2368 1177 2556 1243 οὕτως
2580 1176 2740 1229 ἐστί’
2774 1175 2900 1242 πῶς
2920 1176 3029 1245 τὰρ
3053 1176 3223 1229 ἔσται
3249 1176 3341 1228 δί-

1767 1270 1933 1320 καιος
1963 1254 2201 1327 [βροτὸς]
2232 1259 2393 1325 παρὰ
2420 1260 2617 1327 Κυρίῳ
2634 1275 2653 1322 ;
2685 1260 2822 1328 Περὶ
2841 1258 2957 1323 τοῦ,
2993 1259 3046 1310 Ὀ
3073 1260 3343 1324 τανύσας

1765 1338 1874 1391 τὸν
1898 1338 2158 1406 οὐρανὸν
2175 1342 2380 1407 μόνος,
2410 1341 2510 1395 καί
2537 1340 2876 1409 περιπατῶν
2894 1339 2995 1392 ἐπὶ
3023 1340 3344 1407 θαλάσσης

1765 1420 1845 1485 ὡς
1864 1421 1955 1473 ἐπ’
1970 1420 2251 1489 ἐδάφους,
2280 1422 2470 1476 ποιῶν
2492 1422 2749 1476 Πλειάδα
2781 1422 2880 1475 καί
2896 1422 3210 1489 Ἕσπερον.
3247 1424 3343 1487 Τίς

1765 1504 2047 1572 κρίματος
2077 1504 2224 1559 Θεοῦ
2258 1505 2685 1572 ἀντιστήσεται
2703 1521 2723 1569 ;
2759 1503 2897 1559 Ἐάν
2933 1521 2997 1558 τε
3031 1505 3139 1572 γὰρ
3170 1499 3217 1557 ὦ
3255 1503 3343 1556 δί-

1766 1604 1952 1654 καιος,
1980 1588 2048 1641 τὸ
2067 1590 2259 1657 στόμα
2274 1606 2393 1658 μου
2411 1589 2722 1655 ἀσεϐήσειν
2746 1588 2860 1643 κάν
2874 1605 2938 1641 τε
2954 1582 3001 1641 ὦ
3020 1588 3342 1656 ἄμεμπτος,

1766 1673 2014 1737 σκολιὸς
2043 1672 2440 1741 ἀποϐήσομαι.
2473 1673 2610 1743 Περὶ
2634 1670 2728 1724 τοῦ
2746 1689 2760 1702 ο
2795 1671 2859 1723 '0
2875 1672 3019 1736 ,ϐίος
3038 1670 3157 1739 μού
3176 1671 3345 1723 ἐστιν

1764 1754 2162 1821 ἐλαφρότερος
2195 1753 2474 1824 δρομέως.
2508 1756 2576 1807 El
2618 1753 2717 1807 καί
2744 1754 2873 1807 ἐστὶ
2919 1753 3143 1806 ναυσὶν
3172 1753 3343 1819 ῑχνος

1766 1835 1934 1898 ὀδοῦ,
1969 1837 2006 1903 ἢ
2034 1836 2213 1890 ἀετοῦ
2237 1836 2568 1906 πετομένου
2586 1835 2904 1905 ζητοῦντος
2917 1834 3113 1902 ,βοράν
3134 1852 3153 1899 ;
3179 1835 3344 1899 Μνή-

1766 1921 1963 1985 σθητι,
1981 1918 2068 1972 ὅτι
2099 1921 2300 1986 πηλόν
2314 1936 2392 1988 με
2409 1919 2708 1985 ἔπλασας,
2728 1921 2815 1985 είς
2837 1918 2907 1972 δὲ
2928 1918 3046 1987 γῆν
3059 1934 3136 1987 με
3159 1916 3344 1971 πάλιν

1766 2001 2185 2072 ἀποστρέφεις.
2221 2002 2290 2056 Ἦ
2308 2004 2421 2070 οὐχ
2442 2001 2644 2071 ὥσπερ
2673 2003 2827 2072 γάλα
2842 2019 2919 2071 με
2938 2001 3223 2071 ἦμελξας,
3248 2001 3344 2056 καὶ

1765 2086 1834 2139 τὰ
1880 2085 2026 2156 ἑξῆς.
2069 2087 2294 2154 Ὥσπερ
2325 2086 2613 2156 ἐγινόμην
2644 2088 2755 2141 οὐκ
2794 2086 2897 2140 ὢν.
2927 2087 3087 2140 Διατί
3134 2086 3204 2139 ἐκ
3241 2100 3347 2155 γα-

1766 2168 1950 2235 στρὸς
1979 2171 2067 2235 είς
2088 2169 2297 2238 μνῆμα
2321 2170 2432 2223 οὐκ
2462 2168 2864 2236 ἀπηλλάγην;
2895 2170 2977 2222 ὅτι
3004 2166 3148 2239 [sic].

1838 2269 1996 2323 Μετά
2041 2269 2268 2338 Ἐλιφὰζ
2294 2270 2520 2334 Βαλδάδ,
2552 2270 2688 2341 μετὰ
2718 2270 2925 2323 Βαλδὰδ
2944 2268 3144 2339 Σωφὰρ
3169 2270 3197 2322 ό
3225 2269 3347 2337 Μη-

1767 2355 1915 2417 ναῖος
1952 2354 2093 2407 κατὰ
2121 2353 2221 2425 τὴν
2255 2354 2460 2408 οἰκείαν
2506 2354 2677 2421 τάξιν,
2727 2353 2858 2409 ὥσθ’
2889 2355 3119 2407 ἕκαστον
3163 2353 3345 2406 αὐτῶν

1770 2436 2083 2506 περιμένειν
2107 2436 2177 2491 τὰ
2203 2438 2488 2508 κρείττονα
2511 2437 2691 2507 λέγειν
2716 2438 2853 2509 πρὸς
2878 2439 2969 2491 τὸν
3000 2436 3141 2490 Ἰὼϐ.
3186 2438 3247 2488 '0
3273 2434 3346 2489 τὰ

1769 2519 1970 2572 πολλὰ
2007 2519 2221 2589 λέγων,
2259 2519 2357 2573 καὶ
2404 2521 2861 2575 ἀντακούσεται.
2912 2521 3044 2591 Περὶ
3078 2517 3173 2571 τοῦ
3198 2535 3211 2548 ·
3263 2520 3345 2571 ὅτι

1781 2602 2149 2672 Ἀναλάμιίιει
2168 2620 2285 2658 σου
2317 2603 2385 2657 τὸ
2408 2604 2735 2670 πρόσωπον
2756 2604 2955 2673 ὥσπερ
2984 2602 3136 2670 ὕδωρ
3168 2604 3348 2654 καθαρ

1762 2690 1899 2754 ρόν.
1957 2686 2220 2755 Ἐκδύσῃ
2266 2686 2334 2740 66
2365 2688 2585 2754 ῥύπον,
2629 2688 2726 2741 καί
2760 2690 2831 2742 οὐ
2860 2687 3175 2757 φοϐηθήσῃ
3197 2725 3211 2747 ,
3246 2683 3344 2737 καί

1772 2768 1878 2822 τόν
1907 2771 2097 2823 κόπον
2111 2769 2376 2837 ἐπιλήσῃ
2391 2768 2593 2839 ὥσπερ
2614 2771 2773 2840 κῦμα
2798 2770 3116 2838 παρελθόν.
3148 2768 3221 2823 ’Π
3238 2766 3349 2837 γὰρ

1771 2856 1921 2924 εὐχή
1956 2870 2073 2909 σου
2101 2855 2182 2921 ὡς
2211 2854 2362 2928 [569]
2389 2856 2713 2926 ἑωσφόρος.

1844 2950 2042 3023 Πρώτη
2065 2951 2158 3004 τοῦ
2194 2951 2314 3003 Ἰὼϐ
2347 2952 2481 3023 πρὸς
2499 2952 2695 3023 Σωφὰρ
2716 2951 3000 3016 ἀντίλεξιςο
3029 2953 3132 3018 ὅτι,
3167 2950 3352 3020 Ὑμεῖς

1767 3037 1943 3105 μόνοι
1969 3034 2112 3087 ἐστὲ
2133 3035 2449 3102 ἅνθρωποι,
2479 3035 2516 3101 ἢ
2535 3037 2666 3102 μεθ’
2694 3034 2861 3104 ὑμῶν
2875 3035 3225 3102 τελευτήσει
3246 3050 3353 3087 σο-

1774 3118 1918 3187 φίας
1946 3116 2129 3186 Κάμοὶ
2152 3116 2269 3185 μὲν
2293 3116 2506 3185 καρδία
2532 3116 2662 3172 καθ’
2686 3116 2841 3187 ὑμᾶς
2872 3118 3059 3171 ἔσται.
3086 3114 3351 3185 Περὶτοῦ,

1780 3202 1878 3269 Τίς
1921 3203 2032 3255 οὐκ
2058 3200 2212 3269 ἔγνω
2251 3201 2321 3253 ἐν
2352 3199 2503 3255 πᾶσι
2546 3201 2802 3265 τούτοις,
2839 3199 2927 3252 ὅτι
2963 3200 3091 3268 χείρ
3132 3200 3352 3269 Κυρίου

1775 3286 2029 3354 ἐποίησε
2049 3283 2273 3349 ταῦτα;
2294 3284 2422 3337 Ὀτι
2448 3285 2518 3338 ἐν
2542 3282 2618 3351 τῇ
2637 3283 2787 3353 χειρί
2813 3282 2995 3338 αὐτοῦ
3011 3282 3181 3351 ψυχὴ
3202 3280 3352 3335 πάν-

1778 3384 1897 3422 των
1926 3365 2045 3421 τῶν
2072 3365 2321 3430 ζώντων,
2365 3368 2463 3421 καί
2504 3366 2739 3436 πνεῦμα
2770 3366 2994 3432 παντὸς
3015 3364 3349 3433 ἀνθρώπου.

1792 3454 1946 3517 Ἐὰν,
1991 3453 2146 3523 φησὶ,
2177 3452 2245 3505 τὸ
2274 3452 2430 3521 ὕδωρ
2460 3453 2729 3520 κωλύσῃ,
2781 3450 3033 3520 ξηρανεῖ
3054 3450 3170 3505 τὴν
3198 3449 3350 3517 γῆν*

1777 3539 1886 3592 ἐὰν
1910 3536 1979 3591 66
2019 3535 2221 3605 ἐπαφῇ
2244 3578 2259 3603 ,
2308 3536 2626 3590 ἀπώλεσεν
2668 3534 2862 3602 αὐτὴν
2913 3532 3350 3601 καταστρέψας.

1780 3621 1919 3692 Περὶ
1946 3619 2065 3684 τοῦ,
2107 3620 2200 3686 Τίς
2247 3618 2507 3686 καθαρὸς
2548 3618 2718 3672 έσται
2765 3616 2885 3672 ἀπὸ
2924 3617 3149 3685 ῥύπου;
3202 3616 3356 3669 Ἀλλ’

1780 3705 1998 3769 οὐθεὶς,
2032 3702 2142 3756 ἐὰν
2169 3700 2285 3756 κᾶν
2315 3703 2420 3771 μία
2456 3700 2648 3770 ἡμέρα
2671 3704 2706 3754 ό
2743 3702 2884 3766 ,βίος
2907 3698 3094 3753 αὑτοῦ
3118 3698 3215 3752 ἐπὶ
3246 3695 3358 3764 τῆς

1782 3788 1915 3858 γῆς.
1946 3788 2077 3851 Καὶ,
2110 3785 2339 3853 Δένδρῳ
2367 3784 2541 3838 ἐστὶν
2566 3785 2744 3849 ἐλπίς
2766 3799 2782 3815 ⁸
2811 3783 2919 3837 ἐὰν
2946 3782 3064 3850 μὲν
3102 3779 3354 3848 έκκοπῇ.

1782 3873 1881 3925 καί
1912 3870 2099 3924 πάλιν
2121 3868 2395 3935 ἀνθήσει,
2425 3867 2520 3921 καὶ
2544 3871 2576 3922 ό
2607 3866 2916 3936 ῥάδαμνος
2942 3864 3129 3920 αὐτοῦ
3167 3866 3239 3919 οὐ
3269 3863 3356 3933 μὴ

1782 3955 2026 4022 ἐκλίπῃ.
2070 3953 2249 4020 Ἀνὴρ
2294 3952 2363 4005 66
2406 3951 2778 4017 τελευτήσας
2802 3948 3019 4019 ᾤχετο·
3049 3948 3257 4001 πεσὼν
3289 3946 3360 3999 66

1777 4035 2021 4105 βροτὸς,
2053 4036 2253 4090 οὐκέτι
2281 4034 2393 4088 ένι.

1856 4131 2094 4203 Δευτέρα
2119 4129 2260 4203 ἀρχὴ
2290 4128 2472 4184 πάλιν.
2512 4126 2737 4195 Ἐλιφὰζ
2761 4125 2897 4197 πρὸς
2932 4123 3079 4179 Ἰώϐ·
3111 4124 3214 4203 ὅτι,
3243 4126 3357 4179 Πό-

1786 4232 1959 4283 τερον
1983 4214 2179 4283 σοφὸς
2205 4212 2531 4281 ἀπόκρισιν
2553 4209 2732 4264 δώσει
2757 4207 3065 4274 συνέσεως
3090 4208 3358 4277 πνεῦμιις

1799 4298 2067 4365 Ἐλέγξαι
2094 4315 2167 4352 σε
2198 4298 2309 4366 γὰρ
2338 4296 2406 4351 τὸ
2439 4297 2634 4365 στόμα
2665 4308 2803 4355 σου.
2827 4294 2926 4347 καί
2947 4292 3035 4362 μὴ
3059 4292 3191 4362 ἐγώ.
3222 4293 3359 4363 Περὶ

1786 4383 1902 4443 τοῦ,
1939 4383 2027 4447 Τίς
2053 4382 2162 4450 γὰρ
2190 4378 2276 4433 ὢν
2297 4379 2538 4448 βροτός,
2569 4378 2738 4432 ἔσται
2769 4375 3104 4447 ἄμεμπτος
3124 4376 3162 4444 ἢ
3189 4376 3359 4430 ἔσται

1791 4464 2020 4531 δίκαιος
2046 4462 2340 4534 γεννητὸς
2356 4462 2680 4533 γυναικόςὶ

1860 4561 2097 4632 Δευτέρα
2147 4558 2413 4625 ἀντίλεξις
2472 4556 2592 4611 Ἰὼϐ
2638 4556 2774 4631 πρὸς
2827 4554 3070 4625 Ἐλιφὰζ.
3116 4556 3364 4622 Ἇκήκοα

1792 4645 1902 4717 γὰρ
1946 4642 2190 4697 τοιαῦτα
2238 4640 2455 4696 πολλά.
2507 4639 2965 4708 Παρακλήτορες
3001 4638 3109 4707 γὰρ
3162 4636 3366 4691 κακῶν

1792 4728 2031 4793 πάντες.
2073 4725 2219 4781 Ἰδοὺ
2247 4725 2316 4779 ἐν
2336 4723 2612 4792 οὐρανοῖς
2638 4728 2670 4777 ὁ
2684 4723 2914 4792 μάρτυς
2930 4739 3075 4790 μου’
3107 4724 3138 4776 6
3154 4721 3224 4775 66
3250 4738 3361 4776 av-

1790 4813 2012 4878 νίστωρ
2048 4827 2168 4879 μου
2211 4809 2281 4862 ὲν
2325 4808 2627 4876 ὑψίστοις.
2666 4806 2774 4873 Ετη
2802 4804 2870 4857 δὲ
2915 4805 3165 4872 ἐλεγχος
3192 4804 3362 4872 ἀνδρί

1792 4895 2074 4949 ἐναντίον
2098 4893 2338 4960 Κυρίου.
2365 4890 2501 4962 Περὶ
2522 4888 2637 4951 τοῦ,
2664 4888 2782 4957 Τὴν
2810 4889 2997 4941 νύκτα
3020 4889 3108 4951 είς
3136 4886 3363 4955 ἡμέραν

1793 4980 2035 5033 τέθεικε.
2074 4976 2215 5031 Ἐὰν
2258 4975 2367 5045 γὰρ
2408 4974 2728 5043 ὐπομείνω,
2764 4971 2913 5039 ᾅδης
2950 4988 3067 5041 μου
3107 4973 3139 5025 ό
3176 4966 3361 5036 οἶκος.

1798 5062 2066 5116 Θάνατον
2081 5063 2192 5129 γὰρ
2213 5057 2551 5111 ἐπεκάλεσα
2572 5055 2795 5123 πατέρα
2810 5074 2930 5125 μου
2955 5051 3125 5116 εἶναι.
3143 5054 3369 5125 μητέρα

1795 5145 1863 5199 66
1884 5141 2275 5210 καὶάδελφήν
2298 5158 2415 5210 μου
2449 5141 2732 5207 σαπρίαν.

1868 5242 2127 5313 Δεύτερος
2160 5239 2216 5292 δὲ
2258 5237 2418 5293 πάλιν
2457 5235 2742 5289 ὑπολαϐὼν
2779 5236 3001 5301 Βαλδὲιδ,
3051 5236 3198 5303 λέγει
3232 5236 3367 5304 πρὸς

1809 5324 1930 5380 Ἰώϐ
1946 5340 1959 5354 ·
1993 5324 2180 5392 Μέχρι
2209 5322 2373 5387 τίνος
2391 5322 2462 5374 οὐ
2483 5320 2692 5387 παύσῃ
2713 5335 2731 5383 ;
2755 5319 2822 5372 τί
2847 5320 2973 5387 γὰρ,
2996 5319 3103 5370 ἐὰν
3121 5317 3202 5369 σὺ
3223 5317 3366 5369 ἀποο

1799 5410 2010 5476 θάνῃς.
2035 5408 2318 5473 ἀοίκητος
2337 5405 2374 5471 ὴ
2405 5403 2508 5458 ὑπ’
2539 5405 2822 5471 οὐρανόν;
2837 5401 3073 5469 Δευτέρα
3096 5398 3214 5451 Ἰὼϐ
3235 5397 3367 5466 πρὸς

1800 5492 2005 5547 Βαλδάδ
2021 5505 2035 5518 ·
2071 5491 2218 5553 Ἕως
2242 5488 2405 5552 τίνος
2433 5478 2693 5555 ἔγκοπον
2717 5483 2998 5551 ποιήσετε
3020 5481 3133 5547 τὴν
3158 5478 3370 5548 ψυχήν

1793 5594 1936 5644 μου,
1976 5571 2073 5625 καὶ
2106 5568 2437 5639 καθαιρεῖτέ
2469 5585 2545 5638 με
2584 5565 2930 5636 λογισμοῖςξ
2977 5560 3371 5617 καταλαλεῖτε

1797 5676 1914 5727 μου
1941 5658 2050 5710 οὐκ
2082 5656 2544 5723 αἱσχυνὸμενοι;
2572 5652 2706 5721 Περὶ
2734 5647 2851 5710 τοῦ,
2886 5646 3005 5713 Τὴν
3042 5645 3231 5709 δόξαν
3250 5662 3369 5712 μου

1804 5742 1871 5806 ἐξ
1890 5739 2035 5811 ἐμοῦ
2064 5737 2277 5805 ἐξεῖλε,
2314 5736 2521 5807 ἀφεῖλε
2550 5734 2616 5788 δὲ
2636 5731 2938 5802 στέφανον
2953 5729 3071 5784 ἀπὸ
3101 5727 3369 5799 κεφαλῆς
