3722 6274
379 283 488 342 865

375 420 517 473 μου,
549 398 806 468 ἐξέκοψε
835 398 905 453 δέ
934 398 1138 470 ὥσπερ
1162 401 1415 470 δένδρον
1437 403 1553 473 τὴν
1568 404 1789 459 ἐλπίδα
1810 423 1951 475 μου.

380 485 518 557 Περὶ
544 484 658 549 τοῦ,
689 484 771 537 ὅτι
834 484 950 537 Ἀπ’
970 484 1118 553 ἐμοῦ
1151 485 1405 556 ἀδελφοί
1425 505 1546 556 μου
1575 488 1955 556 ἀπέστησαν,

378 569 655 637 ἐγνωσαν
689 566 1050 635 ἀλλοτρίους
1074 567 1114 635 ἢ
1140 567 1245 637 ἐμέ
1264 584 1278 600 ο
1304 570 1469 638 φίλοι
1496 568 1564 623 δέ
1593 586 1714 639 μου
1748 571 1957 625 ἀνελε-

377 649 602 720 ήμονες
642 649 947 718 γεγόνασι.
984 648 1326 719 Θεράποντά
1361 668 1482 721 μου
1517 652 1802 715 ἐκάλεσα,
1856 651 1959 707 καὶ

377 735 493 801 οὐχ
516 731 835 798 ὑπήκουσε
855 749 868 762 ·
894 733 992 786 καὶ
1020 734 1290 788 ἱκέτευον
1303 737 1425 802 τὴν
1438 735 1689 804 γυναῖκά
1698 754 1838 804 μου,
1854 737 1955 791 καὶ

379 818 457 869 οὑν
482 815 790 885 προσέσχε
805 832 819 846 ο
852 817 1355 885 προσεκαλούμην
1375 817 1443 871 δέ
1463 818 1632 883 υίοὺς
1657 820 1955 873 παλλακί-

377 897 502 951 δων
546 916 687 967 μου,
735 900 825 963 εις
875 897 983 951 τὸν
1014 896 1197 951 αιῶνα
1246 898 1315 952 δέ
1365 900 1817 969 ἀπεποιήσαντό
1855 920 1951 972 με.

392 980 719 1046 Ἐλεήσατέ
735 996 832 1049 με,
845 979 1160 1048 ἐλεήσατε,
1177 977 1223 1035 ὦ
1235 983 1418 1051 φίλοι.
1433 985 1594 1036 Διατί
1602 1001 1678 1052 με
1690 983 1955 1046 διώκετε,-

378 1063 582 1134 ὣσπερ
607 1067 640 1118 ό
663 1066 910 1134 Κύριος;
943 1065 1035 1131 Τίς
1058 1065 1168 1134 γὰρ
1188 1065 1265 1119 ἂν
1283 1064 1417 1135 δοίη
1439 1067 1735 1135 γραφῆναι
1753 1068 1951 1136 tam-

373 1147 534 1218 ματά
559 1165 674 1215 μου
697 1164 717 1210 ;
747 1147 914 1216 Παρά
930 1149 1150 1216 Κυρίου
1180 1148 1369 1203 ταῦτά
1389 1166 1491 1219 μοι
1519 1151 1948 1219 συνετελέσθη.

389 1232 452 1286 '0
472 1233 582 1302 γὰρ
613 1232 923 1301 ὀφθαλμός
944 1248 1064 1300 μου
1082 1229 1302 1300 ἑώρακε
1323 1234 1421 1287 καὶ
1448 1236 1561 1287 οὐκ
1591 1233 1801 1300 ἄλλος.
1843 1235 1954 1288 Ῥί-

378 1315 486 1377 (ar
516 1316 701 1385 λόγου
731 1315 1069 1384 εὑρήσομεν
1086 1316 1155 1369 ἐν
1185 1314 1367 1382 αὐτῷ.
1415 1318 1804 1386 Εὑλαϐήθητε
1852 1318 1957 1373 και

375 1399 546 1469 ὑμεῖς
580 1398 700 1454 ἀπὸ
727 1400 1231 1468 ἐπικαλύμματος.
1456 1428 1459 1431 ν

447 1494 708 1566 Δεύτερον
737 1495 901 1549 πάλιν
920 1493 1204 1548 ὑπολαϐὼν
1234 1494 1433 1567 Σωφὰρ
1449 1495 1596 1565 λέγει
1627 1498 1765 1569 πρὸς
1795 1496 1947 1552 Ἰώϐ·

382 1581 504 1648 οὑχ
533 1578 722 1644 οὕτως
752 1576 1457 1646 ὑπελάμϐανονάντερεῖν
1477 1595 1553 1633 σε
1580 1580 1785 1634 ταῦτα.
1815 1581 1950 1653 Περὶ

382 1661 498 1724 τοῦ,
520 1660 888 1729 Εὑφροσύνη
905 1660 1140 1714 ἀσεϐῶν
1150 1658 1356 1729 πτῶμα
1368 1661 1658 1725 ἐξαίσιον·
1679 1662 1946 1731 χαρμονὴ

377 1745 446 1798 δέ
472 1745 831 1813 παρανόμων
853 1742 1139 1797 ἀπώλεια.
1177 1744 1313 1797 Ὅτε
1335 1742 1403 1797 δέ
1429 1744 1597 1798 δοκεῖ
1613 1744 1730 1813 ἤδη
1772 1746 1950 1812 ἐστη-

370 1829 592 1895 ρίχθαι,
621 1827 754 1879 τότε
780 1828 868 1891 εὶς
899 1817 1073 1893 τέλος
1099 1825 1429 1882 ἀπολεῖται.
1454 1828 1589 1900 Περὶ
1620 1828 1734 1887 τοῦ,
1776 1828 1949 1883 Ὀστᾶ

373 1910 559 1964 αὐτοῦ
576 1908 1056 1978 ἀνεπλήσθησαν
1074 1910 1348 1977 νεότητος
1373 1912 1580 1966 αὑτοῦ.
1603 1913 1713 1966 Καὶ
1730 1913 1951 1975 ὃτι,“Αν

376 1992 690 2064 γλυκανθῇ
737 1990 809 2045 ἐν
849 1989 929 2057 τῷ
965 1993 1215 2060 στόματι
1255 1994 1443 2049 αὑτοῦ
1490 1996 1691 2060 κακία,
1731 1997 1949 2065 κρύψει

373 2077 570 2145 αὐτὴν
611 2074 732 2131 ὑπὸ
764 2075 880 2142 τὴν
924 2074 1216 2144 γλῶσσαν
1251 2077 1457 2131 αὑτοῦ.
1510 2079 1737 2145 ’Ὠσπερ
1790 2077 1946 2148 χολὴ
2000 2104 2014 2114 ~

372 2159 637 2223 ἀσπίδος
657 2158 726 2211 ἐν
745 2157 956 2226 γαστρὶ
984 2156 1194 2225 αὐτῆς,
1234 2158 1388 2212 οὕτω
1420 2160 1683 2226 πλοῦτος
1718 2159 1787 2225 ἐξ
1815 2159 1947 2215 ἀδίο

373 2257 498 2296 κων
529 2240 943 2309 συναγόμενος
978 2239 1424 2307 ἐξεμεθήσεται.
1476 2242 1618 2303 Ὀτι,
1655 2244 1761 2308 Είς
1802 2241 1948 2296 κενὰ

376 2323 478 2377 καὶ
500 2321 722 2390 μάταια
750 2321 1060 2387 ἐκοπίασε,
1080 2322 1366 2391 συνάγων
1388 2323 1658 2378 πλοῦτον
1674 2325 1743 2389 ἐξ
1767 2320 1839 2380 οὗ
1870 2327 1943 2380 οὑ

373 2410 669 2480 γεύσεται.
695 2406 838 2473 Ὅτι,
862 2405 1116 2460 Πολλῶν
1138 2405 1450 2461 ἀδυνάτων
1469 2407 1673 2475 οίκους
1699 2409 1942 2464 ἔθλασε.

378 2494 605 2563 Τρῶσαι
636 2489 843 2554 αὐτὸν,
870 2490 1025 2561 φησὶ,
1053 2489 1236 2554 τόξον
1259 2489 1566 2559 χάλκειον,
1596 2492 1692 2545 καὶ
1718 2491 1947 2556 διεξέλο

371 2580 463 2632 θοι
484 2576 583 2629 διὰ
609 2566 906 2641 στόματος
926 2572 1112 2627 αὑτοῦ
1127 2571 1337 2639 βέλος.
1367 2575 1586 2642 Ἄστρα
1609 2572 1760 2647 [570]
1784 2573 1851 2628 δέ
1877 2574 1947 2628 ἐν

371 2660 622 2725 διαίταις
668 2656 856 2712 αὑτοῦ
915 2655 1453 2726 περιπατήσουσιν.
1526 2657 1689 2725 Αὕτη
1736 2656 1847 2728 γὰρ
1902 2657 1944 2728 ἠ

368 2742 539 2812 μερὶς
569 2737 883 2808 ἀνθρώπου
911 2739 1171 2803 ἀσεϐοῦς
1196 2738 1355 2807 παρά
1374 2739 1615 2807 Κυρίου.

442 2839 679 2910 Δευτέρα
702 2837 797 2891 τοῦ
848 2836 968 2891 Ἰὼϐ
1000 2837 1136 2909 πρὸς
1158 2836 1361 2911 Σωφὰρ
1399 2837 1703 2903 ἀντίλεξιςτ
1753 2839 1947 2894 Ἀκού-

371 2938 541 2986 σατε,
578 2919 881 2977 ἀκούσατέ
905 2937 1025 2989 μου
1071 2920 1190 2974 τῶν
1216 2921 1433 2990 λόγων,
1462 2922 1564 2974 ἵνα
1602 2917 1643 2993 ᾖ
1680 2920 1766 2991 μὴ
1809 2922 1945 2988 παρ’

371 2996 553 3078 ὑμῶν’
578 3004 981 3073 παράκλησις.
1030 3005 1093 3058 Τί
1122 3003 1266 3073 γάρ;
1306 3004 1393 3072 μὴ
1439 3005 1728 3073 ἀνθρώπῳ
1762 3024 1879 3074 μου
1905 3006 1944 3075 ἡ

371 3089 645 3161 ἕλεγξις;
678 3086 865 3142 Διαστί
905 3087 1015 3157 γὰρ
1042 3086 1280 3152 ἀσεϐεῖς
1312 3084 1474 3151 ζῶσι,
1503 3089 1945 3142 πεπαλαίωνται

370 3175 443 3231 δέ
468 3175 567 3230 και
590 3174 659 3228 ἐν
673 3170 1350 3245 πλούτφκαιςεὺθηνίω
1377 3170 1635 3239 Διεσώθη
1655 3171 1721 3226 δὲ
1747 3171 1947 3226 αὑτῶν

320 3276 339 3283 “
368 3260 443 3314 ἐν
469 3256 684 3329 γαστρὶ
715 3254 968 3324 ἔχουσα.
1005 3254 1182 3307 Ὅπου
1209 3253 1381 3323 Λέγει
1408 3255 1441 3309 ὸ
1467 3255 1697 3324 ἀσεϐὴς
1729 3254 1810 3320 τῷ
1831 3259 1947 3310 Ku-

365 3344 508 3414 ρίῳο
550 3339 875 3408 Ἀπόστηθι
906 3338 1007 3393 ἀπ’
1047 3337 1215 3406 ἐμοῦ,
1250 3337 1427 3404 ὁδούς
1459 3355 1575 3394 σου
1621 3338 1843 3393 ειδέναι
1872 3340 1944 3394 οὐ

365 3426 692 3493 βούλομαι.
726 3422 789 3476 Τί
831 3419 1036 3485 ἱκανὸς
1062 3419 1151 3472 ὅτι
1183 3419 1589 3490 ϐουλεύσομαι
1618 3420 1814 3486 αὑτῷ;
1841 3423 1947 3475 [Id-

371 3520 546 3576 τερον
561 3504 698 3574 οὑχὶ
723 3507 756 3559 ό
772 3502 990 3570 Κύριός
1011 3501 1180 3555 ἐστιν
1202 3503 1234 3554 ό
1252 3500 1556 3557 διδάσκων
1570 3503 1828 3558 σύνεσιν
1844 3504 1943 3558 καὶ

370 3589 746 3657 ἐπιστήμην;
778 3586 968 3651 Αὐτὸς
1003 3584 1071 3639 δέ
1121 3586 1350 3653 πόνους
1396 3586 1707 3656 διακρίνει.
1765 3588 1945 3643 Ὥστε

372 3669 507 3728 οἶδα
534 3668 712 3740 ὑμᾶς.
743 3668 835 3722 ὅτι
867 3669 1055 3738 τόλμῃ
1087 3668 1357 3737 έγκεισθέ
1388 3687 1509 3739 μοι.
1543 3671 1654 3723 Καὶ
1679 3671 1942 3742 περὶτοῦ,

373 3754 499 3812 Ποῦ
520 3754 689 3807 ἐστιν
710 3747 872 3817 οἶκος
898 3750 1241 3819 ἀρχόντων;
1263 3753 1366 3818 Εἰς
1390 3752 1620 3822 ἡμέραν
1646 3754 1945 3823 ἀπωλείας

371 3835 703 3907 κουφίζεται
760 3838 794 3890 ό
843 3835 1136 3903 πονηρός·
1185 3835 1284 3889 καὶ
1335 3837 1528 3891 ὀπίσω
1579 3838 1767 3894 αὑτοῦ
1824 3839 1944 3910 πᾶς

370 3924 681 3991 ἄνθρωπος
703 3919 1125 3975 ἀπελεύσεται.

441 4005 637 4078 Τρίτος
682 4003 843 4057 πάλιν
875 3999 1161 4056 ὑπολαϐὼν
1211 4000 1436 4072 Ἐλιφὰζ
1470 4001 1650 4071 λέγει’
1683 4004 1944 4076 Πότερον

369 4103 507 4175 οὐχὶ
529 4107 562 4159 ό
585 4102 801 4171 Κύριός
824 4100 999 4155 ἐστιν
1030 4102 1066 4154 ό
1092 4097 1395 4153 διδάσκων
1414 4100 1671 4155 σύνεσιν
1695 4101 1795 4156 καὶ
1821 4103 1946 4157 ἐπιο

369 4188 647 4257 στήμην;
695 4185 756 4240 Τί
800 4185 910 4256 γὰρ
932 4184 1102 4254 μέλει
1150 4181 1231 4249 τῷ
1272 4184 1488 4253 Κυρίῳ,
1521 4183 1631 4238 ἐὰν
1656 4184 1738 4239 σὺ
1784 4181 1945 4256 ἦσθα

369 4272 495 4338 τοῖς
511 4270 705 4340 ἔργοις
730 4269 1034 4338 ἄμεμπτος
1055 4284 1074 4331 ;
1101 4266 1366 4321 Ἐνταῦθα
1390 4267 1540 4336 λέγει
1566 4267 1792 4338 Ἐλιφὰζ
1804 4271 1944 4341 πρὸς

382 4353 524 4419 Ἰὼϐ,
548 4355 628 4407 ὅτι
671 4350 871 4421 Χήρας
889 4350 1326 4417 ἐξαπέστειλας
1342 4350 1544 4417 κενὰς,
1563 4351 1944 4421 ὀρφανοὺςδέ

370 4436 703 4501 ἐκάκωσας.
731 4436 843 4488 Καὶ
876 4434 1067 4500 εἶπας,
1108 4435 1170 4487 Τί
1199 4433 1351 4502 ἐγνω
1373 4437 1405 4488 ό
1429 4436 1719 4504 ὶσχυρός;
1756 4441 1820 4491 οι
1841 4437 1942 4493 λέ-

371 4537 606 4591 νοντες,
639 4518 707 4572 Τί
732 4516 976 4585 ποιήσει
1007 4516 1152 4585 ἡμῖν
1181 4517 1429 4584 Κύριος;
1458 4518 1554 4571 καὶ
1584 4519 1641 4572 τί
1661 4520 1943 4586 ἐπάξεται

369 4601 518 4673 ἡμῖν
556 4605 588 4657 ό
616 4599 860 4656 πάντων
894 4597 1159 4670 κρατῶν;
1194 4598 1330 4670 Περὶ
1351 4597 1465 4667 τοῦ,
1497 4603 1768 4671 Καθαρὸν
1793 4605 1942 4661 ἀπο-

374 4686 554 4744 δώσει
584 4701 658 4740 σε
696 4686 913 4754 Κύριος
950 4682 1153 4754 ὥσπερ
1186 4682 1449 4754 ἄργυρον
1492 4686 1939 4757 πεπυρωμένον.

381 4772 747 4842 Ἀνάϐλεψον
772 4772 861 4837 είς
890 4768 996 4824 τὸν
1028 4768 1290 4838 οὐρανὸν
1319 4766 1558 4838 ἱλαρῶς.
1593 4771 1942 4844 Εὑξαμένου

366 4856 436 4911 δέ
466 4873 582 4912 σου
626 4856 778 4924 πρὸς
802 4854 1008 4916 αὑτὸν,
1043 4854 1466 4909 εὶσακούσεταί
1502 4871 1641 4922 σου,
1676 4858 1775 4913 καὶ
1817 4858 1943 4915 δια.

366 4941 616 5008 σωθήσῃ
642 4940 711 4992 ἐν
731 4936 1015 5006 καθαραῖς
1040 4937 1215 5007 χερσί
1241 4953 1378 4992 σου.

437 5034 611 5105 Τρίτη
648 5032 741 5087 τοῦ
798 5032 920 5086 Ἰὼϐ
967 5032 1233 5099 amnes»;
1270 5033 1407 5103 πρὸς
1449 5035 1688 5106 Ἐλιφᾶζ.
1719 5038 1828 5093 Καὶ
1860 5039 1939 5110 δὴ

368 5111 523 5178 οῖδα,
558 5116 647 5169 ὄτι
671 5119 868 5185 χειρός
900 5133 1012 5183 μου
1035 5116 1073 5183 η
1102 5115 1482 5185 ἐλεημοσύνη
1506 5120 1624 5188 μού
1656 5121 1807 5186 ἐστι,
1840 5124 1943 5177 καὶ

369 5200 410 5267 ή
436 5202 566 5267 χεὶρ
587 5198 774 5251 αὑτοῦ
798 5197 1013 5265 βαρεῖα
1036 5198 1244 5269 γέγονε
1268 5198 1360 5251 ἐπ’
1372 5198 1492 5269 ἐμῷ
1518 5203 1847 5273 στεναγμῷ.
1871 5208 1942 5261 Et

366 5284 440 5339 ἐν
458 5279 661 5350 πολλῇ
682 5282 855 5348 ίσχύτ
869 5281 1262 5335 ἐπελεύσεταί
1280 5299 1383 5350 μοι
1401 5281 1642 5350 σκότος.
1681 5288 1942 5358 Ἀσεϐεῖς

368 5367 513 5437 ὅρον
525 5364 925 5433 ὑπερέϐησαν,
942 5365 1037 5420 καὶ
1060 5364 1324 5435 γυμνοὺς
1340 5368 1612 5436 πολλοὺς
1627 5369 1943 5442 έκοιζαισαν

367 5447 518 5501 ἄνευ
550 5444 815 5515 ἱματίων.
864 5445 1210 5515 Ἀναφανείη
1260 5446 1334 5501 τὰ
1364 5447 1523 5517 φυτὰ
1575 5450 1773 5508 αὑτῶν
1821 5456 1941 5511 ἀπὸ

369 5523 482 5596 γῆς
504 5524 684 5594 ξηρά’
717 5525 1014 5595 ἀγκαλίδα
1034 5523 1144 5595 γὰρ
1176 5525 1451 5595 ὀρφανῶν
1478 5527 1782 5599 ἥρπασαν.

440 5622 635 5693 Τρίτος
674 5621 960 5677 ὑπολαϐὼν
1018 5622 1226 5679 Βαλδὰδ
1266 5624 1411 5694 λέγει
1433 5645 1445 5657 ·
1494 5628 1555 5681 '0
1611 5630 1797 5684 ποιῶν
1826 5631 1940 5701 τὴν

369 5706 702 5791 σύμπασαν
737 5708 807 5765 ἐν
836 5710 1095 5778 ὑψίστῳ.
1128 5710 1224 5780 Μὴ
1253 5711 1360 5782 γάρ
1391 5732 1479 5781 τις
1506 5717 1817 5783 ὑπολάϐοι,
1848 5718 1936 5773 ὅτι

1101 288 1159 341 S.
1198 284 1479 341 JOANMS
1515 284 1999 344 CHRYSOSTOMI
2037 285 2355 345 ARCHIEP.
2389 286 2933 346 CONSTANTINOP.

3524 286 3631 343 366

2058 408 2190 462 ἐστι
2221 407 2597 476 παρέλκυσις
2613 407 2928 475 σπείραντι
2949 404 3012 469 (ί.
3042 402 3371 475 πειραταῖς).
3400 402 3535 471 Πῶς
3561 404 3633 460 δέ

2056 491 2287 558 δίκαιος
2309 490 2532 560 βροτὸς
2554 490 2759 544 ἔναντι
2783 489 3040 556 Kuplou;
3071 487 3206 540 Ἐὰν
3224 486 3294 541 δὲ
3318 486 3635 556 ἄνθρωπος

2056 575 2304 643 σαπρία,
2332 574 2432 628 καὶ
2460 576 2512 628 ει
2548 573 2678 639 υίὸς
2701 570 3016 640 ἀνθρώπου
3034 568 3280 636 σκώληξ
3299 586 3316 637 ;

2126 678 2297 755 mam
2326 683 2418 738 τοῦ
2455 682 2578 737 Ἰὼϐ
2602 682 2751 755 πρὸς·
2778 680 2984 735 Bamb
3003 678 3297 744 ἀντιλεξις·
3336 680 3458 734 Τίνι
3476 679 3636 755 ,μάλα

2054 771 2186 833 λεις
2204 766 2492 833 ,βοηθεῖν;
2519 766 2557 833 ἢ
2588 754 2706 818 τίνι
2724 763 3267 827 ἐπακολουθήσεις;
3297 762 3422 830 oo;
3453 754 3507 827 ᾧ
3528 779 3635 831 με⁸

2054 851 2239 919 γίστη
2262 849 2552 918 δύναμις;
2582 845 2825 915 Γυμνὸς
2849 844 2960 915 γὰρ
2993 847 3027 898 ό
3056 844 3206 911 ᾅδης
3234 842 3495 897 ἐνώπιον
3522 846 3633 897 αὺ-

2052 932 2181 986 τοῦ.
2244 933 2297 984 Ὀ
2351 928 2649 1000 κρεμάζων
2702 926 2818 998 γῆν
2848 925 2941 981 ἐπ’
2988 928 3257 993 οὐδενὸς,
3317 925 3634 995 δεσμεύων

2053 1014 2211 1083 ὕδωρ
2241 1015 2311 1068 ἐν
2331 1013 2612 1083 νεφέλαις
2642 1010 2849 1065 αὑτοῦ.
2881 1009 3293 1079 Προστάγματι
3322 1009 3393 1063 δέ
3419 1008 3632 1064 ἐθανά-

2052 1113 2209 1152 τωσε
2239 1096 2535 1167 δράκοντα
2564 1093 2937 1161 ἀποστάτην.

2128 1196 2338 1265 Μηκέτι
2368 1195 2692 1265 προσθέντος
2732 1194 2827 1247 καὶ
2866 1192 2960 1246 τοῦ
2994 1192 3196 1264 Σωφὰρ
3237 1192 3459 1262 τρίτως,
3517 1190 3629 1243 ἀλλ’

2053 1278 2556 1348 ὕποσιωπησάντων
2590 1278 2685 1330 καὶ
2727 1276 2838 1329 τῶν
2886 1275 3147 1345 μειζόνων
3184 1274 3297 1338 δύο,
3332 1274 3411 1338 ὼς
3443 1274 3629 1327 οὐκέτι

2051 1360 2206 1429 λόγον
2247 1359 2480 1431 ἑχόντων
2508 1362 2567 1413 ὲν
2600 1359 2851 1430 στόματι,
2880 1358 2967 1411 διὰ
2993 1358 3054 1411 τὸ
3084 1356 3271 1410 θέσθαι
3303 1356 3518 1409 δίκαιον
3541 1356 3631 1408 τὸν

2063 1442 2202 1507 Ἰὼϐ,
2238 1443 2595 1496 ὲπισυνάπτει
2614 1442 2677 1495 τὸ
2702 1442 2830 1513 περὶ
2868 1438 3034 1495 αὐτοῦ
3064 1438 3349 1509 προοίμιον
3374 1438 3631 1510 δεύτερον

2062 1524 2183 1579 Ἰώϐ
2202 1540 2215 1554 ’
2250 1527 2489 1580 κάκεῖνοι
2511 1526 2889 1595 σιωπήσαντες
2922 1521 3207 1576 ἀκούουσιν
3234 1522 3629 1593 ὠφελούμενοι.

2049 1606 2157 1677 Ζῇ,
2185 1611 2336 1680 φησι,
2361 1611 2599 1677 Κύριος,
2630 1608 2697 1675 ὃς
2723 1608 2877 1661 οὕτω
2890 1624 2969 1675 με
2995 1605 3251 1675 κέκρικε,
3279 1607 3380 1661 καὶ
3408 1609 3445 1660 ό
3469 1622 3631 1660 παν·-

2010 1710 2013 1715 λ
2048 1692 2345 1761 τοκράτωρ
2359 1709 2500 1762 μου,
2522 1694 2555 1746 ό
2578 1689 2869 1759 πικράνας
2893 1707 3014 1759 μου
3032 1687 3147 1756 τὴν
3170 1687 3385 1757 ψυχήν
3406 1704 3422 1718 ο
3446 1681 3488 1758 ᾖ
3500 1687 3631 1756 μὴν

2047 1773 2136 1828 ἔτι
2164 1773 2275 1843 τῆς
2293 1772 2488 1841 πνοῆς
2508 1773 2790 1838 ἐνούσης,
2812 1771 3048 1841 πνεῦμα
3068 1767 3137 1824 δέ
3158 1769 3319 1825 θεῖον
3335 1769 3402 1823 τὸ
3418 1769 3631 1838 περιόν

2042 1874 2146 1928 μοι
2172 1857 2241 1910 ἐν
2255 1858 2408 1923 ῥισὶ,
2437 1856 2523 1926 μὴ
2550 1853 2852 1923 λαλήσειν
2874 1870 2995 1924 μου
3035 1854 3109 1908 τὰ
3136 1853 3309 1923 χείλη
3340 1852 3625 1922 ἀνομίαν.

2060 1938 2392 2008 Ἀναγγελῶ
2418 1939 2578 2007 ὑμῖν,
2604 1938 2661 1990 τί
2699 1937 2868 1990 ἐστιν
2889 1937 2959 1990 ἐν
3005 1935 3155 2005 χειρὶ
3186 1936 3427 2005 Κυρίου.
3474 1935 3627 1989 Ἰδοὺ

2045 2022 2122 2088 δὴ
2151 2023 2373 2089 πάντες
2401 2022 2618 2084 οἴδατε,
2653 2021 2742 2074 ὅτι
2776 2019 2919 2075 κενὰ
2949 2018 3149 2085 κενοῖς
3179 2020 3622 2074 ἐπιϐουλεύετε.

2046 2105 2207 2173 Αὕτη
2241 2107 2279 2173 η
2309 2104 2478 2175 μερὶς
2504 2105 2641 2170 dra;
2654 2103 2819 2158 ώπου
2848 2101 3000 2173 [371]
3026 2100 3284 2168 ἀσεϐοῦς
3306 2102 3470 2169 παρὰ
3506 2104 3624 2156 Κυ-

2038 2189 2198 2258 ρίου.
2232 2190 2351 2242 Ὅτι
2380 2188 2488 2242 ἐὰν
2513 2188 2727 2241 πολλοὶ
2761 2187 3047 2256 γένωνται
3073 2189 3127 2240 οι
3149 2185 3265 2240 υίοι
3287 2183 3500 2246 αὐτοῦ,
3535 2187 3623 2251 εὶς

2045 2271 2292 2342 σφαγὴν
2312 2271 2555 2325 ἔσονται
2571 2288 2587 2302 ο
2616 2271 2804 2339 χήρας
2827 2268 2896 2323 δέ
2907 2267 3107 2323 αὐτῶν
3133 2262 3334 2334 οὐδεὶς
3351 2267 3619 2334 ἐλεήσει.

2058 2357 2192 2412 Ἐὰν
2224 2355 2462 2426 συνάγῃ
2491 2358 2525 2411 ό
2555 2354 2784 2421 ἀσεϐὴς
2818 2353 2924 2408 tau
2954 2351 3035 2422 γῇ
3073 2351 3384 2420 ἀργύριον·
3436 2353 3625 2417 τόπος

2045 2438 2185 2494 ὅθεν
2214 2441 2478 2510 γίνεται;
2520 2439 2703 2503 τόπος
2729 2436 2798 2490 δέ
2836 2436 3093 2504 χρυσίου
3118 2434 3258 2489 ὅθεν
3293 2434 3622 2501 διηθεῖται;

2043 2522 2298 2591 Σίδηρος
2330 2522 2447 2592 μὲν
2466 2521 2532 2574 ἐκ
2559 2519 2674 2591 ﬁt;
2702 2520 2948 2589 γίνεται,
2979 2517 3204 2586 χαλκὸς
3232 2518 3299 2570 δέ
3329 2519 3437 2569 Ισα
3472 2520 3626 2582 λίθῳ

2043 2606 2403 2676 λατομεῖται.
2432 2603 2562 2661 Πᾶν
2597 2605 2792 2673 τίμιον
2809 2643 2824 2665 ,
2857 2603 3021 2673 φησὶν
3040 2642 3057 2664 ,
3087 2598 3209 2655 εἷδέ
3226 2618 3344 2671 μου
3366 2600 3401 2652 ό
3417 2598 3631 2670 ὀφθαλ-

2038 2689 2178 2758 μός.
2250 2689 2314 2744 Ἠ
2334 2688 2403 2742 δέ
2425 2688 2610 2757 σοφία
2631 2685 2818 2740 αὑτοῦ
2836 2686 3020 2739 πόθεν
3044 2682 3253 2750 εὑρέθη
3273 2698 3290 2746 ;
3322 2684 3623 2747 Ἀϐυσσυς

2042 2769 2195 2838 εἷπε,
2213 2774 2334 2828 Οὐκ
2362 2772 2534 2827 ἐστιν
2564 2772 2633 2825 ἐν
2668 2771 2834 2840 ἐμοί’
2876 2770 2970 2823 καὶ
3008 2767 3288 2823 θάλασσα
3324 2761 3478 2829 εἷπε,
3499 2767 3623 2819 οὑκ

2043 2855 2176 2910 ἐστι
2213 2856 2339 2925 μετ’
2379 2854 2546 2925 ἐμοῦ.
2576 2855 2880 2908 Ἕλκυσον
2914 2851 3139 2921 σοφίαν
3177 2848 3329 2917 ὑπὲρ
3356 2847 3431 2902 τὰ
3473 2847 3622 2901 ἐσώ-

2044 2952 2209 2993 τατα,
2233 2940 2357 2993 Οὑκ
2404 2937 2760 3003 ίσωθήσεται
2787 2935 2941 3003 αὐτῇ
2984 2931 3259 2993 τοπάζιον
3288 2932 3619 2995 Αιθιοπίας,

2045 3022 2141 3075 καὶ
2184 3022 2419 3090 χρυσίῳ
2458 3020 2694 3088 καθαρῷ
2745 3022 2818 3074 οὑ
2860 3015 3493 3087 συμϐασταχθήσεται.
3558 3014 3621 3067 '0

2044 3104 2257 3171 Κύριος
2281 3104 2352 3157 εὖ
2372 3102 2721 3170 συνέστησε
2741 3100 2931 3169 αὐτῆς
2951 3101 3065 3167 τὴν
3092 3100 3233 3153 ὀδόν
3250 3115 3266 3129 ο
3296 3097 3483 3162 αὐτὸς
3506 3098 3621 3166 γὰρ

2044 3185 2159 3254 τὴν
2184 3183 2286 3241 ὑπ’
2306 3186 2565 3255 οὐρανὸν
2600 3185 2808 3240 πᾶσαν
2830 3181 3034 3254 ἐφορᾷ,
3059 3182 3227 3246 εἰδὼς
3248 3177 3321 3235 τὰ
3347 3179 3418 3232 ἐν
3445 3177 3518 3247 τῇ
3541 3179 3620 3249 τῇ

2043 3268 2261 3333 πάντα,
2307 3270 2541 3339 ἀνέμων
2585 3266 2875 3337 σταθμὸν,
2924 3264 3158 3320 ὑδάτων
3183 3264 3385 3333 μέτρα.
3430 3257 3622 3317 Εἶπεν

2043 3350 2357 3420 ἀνθρώπῳ·
2375 3349 2523 3407 ἰδοὺ
2550 3353 2587 3421 ἡ
2615 3348 2917 3407 θεοσέϐειά
2949 3349 3079 3403 ἐστι
3099 3346 3304 3416 σοφία.

2134 3463 2664 3534 ’Δποσιωπησάντων
2686 3462 2745 3515 δὲ
2769 3460 2875 3515 τῶν
2900 3458 3092 3531 τριῶν,
3114 3457 3372 3529 προσθεὶς
3410 3455 3534 3510 Ἰὼϐ
3558 3458 3619 3511 ἐν

2042 3546 2123 3619 τῷ
2150 3545 2421 3619 προοιμίῳ
2452 3546 2631 3613 λέγει·
2662 3546 2759 3611 Τίς
2786 3543 2863 3597 ἄν
2873 3560 2952 3613 με
2979 3544 3106 3610 θείη
3138 3543 3287 3595 κατὰ
3309 3539 3477 3609 μῆνα
3507 3538 3623 3607 ἐμ-

2044 3632 2311 3699 προσθεν
2349 3627 2607 3699 ἡμερῶν,
2639 3619 2728 3681 ὧν
2752 3644 2829 3695 με
2857 3630 2889 3681 ό
2920 3625 3065 3692 Θεὸς
3107 3622 3444 3693 ἐφύλαξεν;
3478 3622 3623 3675 Ὀτε

2044 3714 2217 3783 ηὑγει
2250 3716 2283 3766 ό
2312 3713 2541 3781 λύχνος
2559 3707 2745 3764 αὑτοῦ
2771 3707 2922 3776 ὑπὲρ
2954 3704 3222 3776 κεφαλῆς
3239 3723 3377 3774 μου,
3405 3704 3621 3773 ἐξεπο-

2037 3797 2303 3868 ρευόμην
2326 3794 2555 3864 ὄρθριος
2573 3793 2642 3846 έν
2662 3792 2855 3856 πόλει,
2878 3791 2948 3844 ἐν
2968 3789 3034 3843 δὲ
3058 3788 3367 3853 πλατείαις
3391 3787 3622 3840 έτίθετό

2038 3896 2160 3950 μου
2183 3882 2216 3933 ό
2245 3878 2474 3947 δίφρος.
2503 3873 2772 3929 Διέσωσα
2797 3875 2904 3943 γὰρ
2928 3870 3164 3940 πτωχὸν
3194 3870 3262 3922 ἐκ
3295 3869 3492 3938 χειρὸς
3515 3870 3620 3921 δυ-

2044 3962 2259 4017 νατῶν.
2302 3959 2564 4029 Εὑλογία
2596 3955 3033 4026 ἀπολλυμένων
3080 3955 3171 4007 ἐπ’
3204 3952 3307 4021 ἐμέ
3348 3951 3616 4005 ἐπέλθοι.

2058 4042 2404 4114 Ὀφθαλμύς,
2441 4045 2630 4119 φησὶν,
2650 4040 2813 4109 ἤμην
2837 4036 3098 4108 τυφλῶν,
3115 4035 3267 4103 ποῦς
3286 4034 3355 4088 δέ
3380 4032 3615 4119 χωλῶν,

2045 4126 2241 4195 πατὴρ
2257 4124 2325 4179 δὲ
2351 4117 2681 4180 ἀδυνάτων.
2706 4122 3043 4191 Συνέτριψα
3070 4121 3137 4174 δέ
3144 4121 3343 4190 μύλας
3363 4117 3613 4178 ἀδίκων,

2043 4212 2113 4267 ἐκ
2152 4212 2220 4265 δὲ
2245 4209 2441 4280 μέσου
2474 4207 2593 4263 τῶν
2620 4208 2882 4262 ὀδόντων
2920 4203 3119 4261 αὑτῶν
3168 4204 3446 4271 ἅρπαγμα
3488 4201 3617 4265 ἐξέ-

2044 4308 2275 4349 σπασα.
2316 4293 2544 4360 Ὠσπερ
2598 4290 2675 4361 γῆ
2722 4289 2965 4359 διψῶσα
3012 4284 3465 4357 προσδεχομένη
3507 4286 3619 4337 τὸν

2029 4378 2241 4444 ὑετὸν,
2269 4378 2455 4443 οὕτως
2486 4371 2653 4432 οὗτοι
2700 4374 2814 4443 τὴν
2842 4373 2999 4444 ἐμὴν
3033 4370 3274 4427 λαλιάν.
3305 4368 3617 4435 Κατεσκή-

2041 4479 2195 4517 νουν
2220 4462 2301 4527 ώς
2322 4459 2620 4525 ,βασιλεὺς
2648 4459 2719 4513 ἐν
2738 4454 3115 4527 μονοζώνοις.
3154 4454 3440 4522 Ἅφρόνων
3474 4450 3616 4512 υἱοὶ,

2043 4545 2144 4599 καὶ
2159 4544 2354 4614 ἄτιμοι
2382 4542 2598 4612 ὄνομα·
2623 4541 2762 4596 νυνι
2775 4540 2851 4619 δέ
2883 4540 3093 4607 κιθάρα
3116 4537 3228 4608 ἐγώ
3257 4539 3374 4605 ειμι
3391 4534 3614 4599 αὑτῶν,

2043 4631 2144 4685 καὶ
2180 4630 2287 4701 ἐμέ
2319 4629 2633 4699 θρύλλημα
2675 4625 2949 4695 έχουσιν.
2994 4622 3137 4679 ’Λπύ
3179 4621 3250 4675 δέ
3286 4619 3616 4687 προσώπου

2036 4733 2161 4787 μου
2190 4716 2304 4769 οὐκ
2346 4712 2668 4782 ἐφείσαντο
2697 4710 2977 4763 πτύελον.
3008 4708 3258 4776 Ἦγησαι
3296 4704 3363 4759 δέ
3398 4720 3477 4773 με
3509 4704 3619 4756 lca

2043 4798 2236 4869 πηλῷ,
2279 4797 2349 4851 ἐν
2377 4794 2456 4866 γῇ
2494 4793 2592 4849 καὶ
2628 4791 2836 4858 σποδῷ
2882 4810 2998 4859 μου
3028 4792 3066 4858 ή
3107 4790 3293 4859 μερίς.
3342 4787 3503 4855 Χειρι
3548 4787 3619 4840 δὲ

2043 4880 2293 4953 κραταιᾷ
2314 4897 2391 4951 με
2408 4878 2842 4948 ἐμαστίγωσας.
2878 4876 3181 4944 ’Δδελφὸς,
3209 4874 3342 4943 φησι
3361 4914 3377 4935 ,
3401 4870 3616 4942 γέγονα

2041 4964 2360 5034 Σειρήνων,
2388 4960 2621 5030 ἐταῖρος
2642 4959 2712 5013 δέ
2728 4960 3056 5028 στρουθῶν.
3074 4961 3145 5012 El
3164 4955 3616 5023 ἐξηκολούθησε

2042 5049 2082 5119 ἡ
2103 5046 2318 5116 καρδία
2349 5062 2469 5116 μου
2497 5042 2733 5114 γυναικὶ
2764 5041 2983 5109 ἀνδρὸς
3011 5041 3237 5107 ἐτέρου,
3260 5037 3473 5108 ἀρέσαι
3500 5037 3613 5104 ἄρα

2041 5130 2140 5185 καὶ
2171 5131 2211 5199 ﬁ
2256 5128 2410 5199 γυνή
2444 5145 2564 5197 μου
2592 5126 2787 5195 ἑτέρῳ.
2825 5124 3022 5194 Θυμὸς
3065 5126 3174 5194 γὰρ
3207 5121 3430 5189 ἀνδρὸς
3472 5121 3614 5175 ἀκα-

2041 5215 2334 5285 τάσχετος
2348 5211 2456 5267 τοῦ
2476 5208 2685 5282 μιᾶναι
2699 5208 2904 5276 αὑτοῖς
2916 5208 3187 5279 γυναῖκα.
3206 5209 3275 5260 El
3296 5203 3614 5275 ὑπερεῖδον

2040 5300 2275 5370 γυμνὸν
2313 5295 2760 5364 ἀπολλύμενον,
2795 5294 2894 5347 καὶ
2925 5294 3036 5348 οὐκ
3066 5287 3520 5370 ἠμφίασαζάπὸ
3546 5287 3611 5340 δὲ

2041 5367 2265 5451 κουρᾶς
2296 5380 2503 5451 ἀμνῶν
2522 5394 2643 5447 μου
2671 5377 2783 5430 οὐκ
2800 5374 3251 5445 ἑθερμάνθησαν
3265 5376 3321 5427 οι
3345 5367 3492 5442 ὦμοι
3516 5372 3611 5424 σὺ·

2042 5467 2179 5532 τῶν,
2210 5463 2509 5530 ἀποσταίη
2538 5460 2653 5531 ἄρα
2679 5464 2713 5516 ό
2738 5456 2911 5531 ὦμός,
2924 5478 3043 5528 μου
3071 5458 3189 5513 ἀπὸ
3226 5457 3339 5526 τῆς
3378 5455 3611 5520 κλειδιές

2034 5570 2176 5623 μου.
2203 5555 2274 5607 Εί
2306 5552 2413 5619 γὰρ
2436 5548 2729 5621 ἐπιχαρὴς
2767 5548 3061 5617 ἐγενόμην
3092 5541 3351 5611 πτώματι
3391 5540 3611 5623 ἐχθρῶν

2034 5621 2176 5707 μου,
2205 5636 2301 5690 καὶ
2328 5631 2458 5690 εἶπε
2489 5636 2526 5703 ή
2554 5632 2764 5700 καρδία
2777 5648 2912 5707 μου,
2934 5624 3107 5697 Εὖγε,
3137 5625 3398 5680 ἀκοῦσαι
3418 5624 3531 5693 ἄρα
3549 5621 3608 5707 τὸ

2042 5715 2149 5786 οὖς
2176 5736 2297 5791 μου
2329 5719 2440 5789 τὴν
2481 5715 2748 5786 κατάραν
2789 5730 2908 5783 μου
2976 5713 3040 5765 Εἰ
3079 5709 3165 5781 μὴ
3198 5706 3395 5778 ῥήξας
3427 5706 3611 5771 αὐτὴν
