3720 6274
45 289 161 347 555

44 419 294 460 uxorem
334 417 512 461 meam
534 442 551 470 ,
595 411 653 458 ct
691 416 797 458 non
835 401 1063 458 attendit
1094 418 1109 456 :
1139 402 1454 459 invocabam
1482 412 1660 459 autem

42 496 195 551 ﬁlios
215 496 653 553 concubinarum
677 510 940 561 mearum,
966 494 1041 549 illi
1060 509 1190 550 vero
1212 510 1300 551 ate
1330 496 1384 550 in
1405 497 1661 550 saeuiunt

40 589 301 644 aversati
320 598 475 645 sunt.
504 588 827 644 Miseremini
858 588 994 651 mei,
1022 588 1379 654 miseremini,
1407 603 1443 642 ο
1481 589 1659 644 amici.

37 683 236 748 Quare
285 699 378 740 me
413 684 793 755 persequimini
817 725 834 751 ,
870 684 1009 739 sicut
1038 682 1331 738 Dominus?
1358 682 1488 749 Quis
1515 681 1658 737 enim

38 776 134 830 det
178 786 250 831 ut
296 778 605 833 scribantur
642 776 805 833 verba
846 776 1009 833 mea?
1052 777 1097 831 A
1129 776 1357 831 Domino
1382 774 1513 830 mihi
1546 774 1661 830 lucc

40 880 437 925 consummata
480 878 623 926 sunt.
659 870 861 926 Oculus
898 872 1041 926 enim
1081 882 1235 924 meus
1257 867 1428 933 vidit,
1466 874 1521 922 et
1552 881 1658 922 non

39 960 207 1013 alios.
267 959 543 1015 Radicctu-
567 960 831 1015 sermonis
872 959 1204 1016 inveniemus
1240 959 1291 1012 in
1328 973 1395 1013 eo
1424 974 1439 1014 :
1472 965 1658 1013 cavete

36 1052 213 1104 etiam
254 1067 356 1107 vos
385 1069 413 1107 a
443 1053 674 1122 tegmine
705 1072 724 1105 ι
752 1051 903 1126 (Cap.
932 1052 1022 1110 19.
1052 1068 1100 1108 v.
1123 1051 1177 1108 9.
1214 1052 1300 1107 l0.
1327 1052 1414 1106 l3.
1447 1052 1533 1107 14.
1558 1050 1658 1106 16-

38 1142 129 1197 18.
159 1142 367 1199 εει-εδ.
400 1143 617 1215 26-29).

108 1232 385 1288 Secundo
446 1247 632 1290 rursus
689 1232 963 1303 excipiens
1024 1232 1233 1304 Sopbar
1290 1233 1428 1289 Jobo
1485 1233 1655 1288 dicit:

44 1340 64 1373 ι
95 1323 224 1378 Non
275 1325 358 1381 sic
407 1325 654 1395 putabam
701 1335 754 1381 te
799 1333 987 1380 contra
1031 1340 1432 1397 responsurum.
1467 1345 1486 1377 ι
1522 1324 1658 1381 Hinc

40 1416 173 1472 illud
225 1430 246 1473 :
296 1436 317 1470 ι
380 1417 583 1473 Laetitia
640 1418 924 1488 impiorum
985 1418 1135 1473 ruina
1195 1416 1418 1488 insignis
1462 1433 1477 1471 :
1522 1432 1656 1487 gau-

43 1507 193 1561 dium
229 1523 374 1563 vero
409 1508 711 1579 iniqttorttm
742 1517 827 1563 est
855 1507 1103 1579 perditio.
1146 1508 1279 1563 Cum
1306 1518 1484 1563 autem
1514 1509 1656 1563 visus

40 1599 210 1655 fuerit
238 1602 358 1670 jam
386 1600 629 1656 ﬁrmatus
654 1615 793 1666 esse,
815 1610 941 1656 tunc
966 1601 1018 1655 in
1040 1600 1201 1655 ﬁnem
1228 1600 1441 1669 peribit.
1474 1620 1493 1651 ι
1520 1598 1655 1654 lllud

39 1690 207 1746 etiam
244 1708 263 1747 :
296 1709 319 1743 ι
355 1691 487 1746 Ossa
517 1690 634 1760 ejus
675 1690 888 1761 impleta
930 1699 1057 1746 sunt
1095 1690 1374 1760 juventute
1411 1690 1549 1759 ejus.
1594 1690 1651 1745 Si

38 1781 321 1837 dulciterit
377 1782 431 1837 in
481 1797 576 1837 ore
615 1782 731 1851 ejus
784 1780 1128 1850 malignitas,
1180 1779 1478 1835 abscondet
1530 1794 1649 1835 eam

38 1872 141 1927 sub
173 1866 373 1944 lingua
396 1888 515 1927 sua.
562 1871 714 1926 Sicut
742 1872 810 1927 fel
838 1871 1039 1944 aspidis
1078 1873 1130 1926 in
1158 1880 1347 1927 ventre
1388 1871 1503 1941 ejus
1527 1913 1542 1937 ,
1574 1871 1653 1927 sic

42 1966 259 2021 divitia
309 1966 493 2037 inique
538 1973 873 2036 congregatae
908 1974 1249 2020 evomeutur.
1291 1963 1349 2019 in
1377 1980 1573 2019 vanum
1600 1972 1655 2021 et

38 2057 251 2113 frustra
282 2039 565 2124 iaboravit,
589 2056 848 2128 colligens
871 2056 1087 2112 divitias
1107 2073 1173 2112 ex
1202 2057 1397 2127 quibus
1420 2073 1527 2112 non
1556 2072 1654 2128 gu-

36 2152 229 2205 stabit.
267 2151 558 2207 stultorum
582 2150 727 2206 enim
759 2150 1131 2221 impotentium
1158 2149 1349 2206 domos
1374 2152 1647 2206 contrivit.

41 2241 316 2297 Volneret
344 2257 469 2297 eum
495 2256 654 2298 arcus
678 2256 871 2307 aereus,
900 2250 956 2298 et
982 2251 1314 2313 pertranseat
1340 2258 1436 2312 per
1456 2258 1651 2313 corpus

37 2333 156 2403 ejus
177 2334 452 2403 jaculum.
481 2335 637 2389 Astra
659 2342 838 2388 autem
861 2333 915 2388 in
942 2334 1296 2388 tabernaculis
1314 2333 1432 2402 ejus
1451 2335 1642 2389 ambu-

38 2426 257 2480 labunt.
294 2426 423 2481 Ilmc
450 2445 470 2477 ο
489 2425 633 2481 enim
658 2442 679 2477 ι
706 2436 787 2479 est
810 2425 991 2497 portio
1016 2424 1115 2480 viri
1144 2425 1288 2495 impii
1312 2441 1339 2479 a
1365 2426 1595 2480 Domino
1621 2444 1641 2478 ι

34 2516 196 2587 (Cap.
216 2517 322 2572 20.
344 2534 391 2572 υ.
411 2517 468 2574 2.
486 2518 540 2575 5.
564 2517 832 2573 ’1.11.12.
858 2519 948 2573 id.
970 2518 1057 2573 15.
1079 2517 1167 2573 18.
1191 2518 1279 2573 19.
1299 2518 1389 2574 24.
1411 2518 1502 2573 25.
1529 2518 1645 2591 29).

108 2610 373 2667 Secunda
429 2612 711 2683 responsio
748 2610 872 2666 Jobi
928 2611 996 2667 ad
1041 2611 1252 2682 Sophar
1298 2630 1311 2666 :
1364 2631 1385 2666 α
1423 2612 1643 2679 Audite,

38 2706 230 2760 audite
256 2705 423 2760 verba
452 2720 590 2767 mea,
620 2713 678 2759 ut
702 2704 775 2759 sit
803 2704 934 2759 mihi
960 2705 1259 2759 consolatio
1284 2720 1390 2760 non
1410 2721 1439 2760 a
1470 2706 1643 2760 vobis.

41 2796 188 2863 Quid
248 2795 728 2866 eoim?Numqnid
766 2811 888 2851 cum
948 2796 1167 2852 homine
1216 2806 1302 2853 est
1342 2798 1648 2869 redargntio

39 2904 161 2945 mea
180 2892 209 2941 ν
233 2889 418 2958 Quare
449 2889 595 2960 impii
618 2889 821 2955 vivunt,
851 2900 1249 2961 scnueruntque
1288 2891 1341 2947 in
1369 2892 1570 2945 divitiis
1592 2902 1648 2947 et

40 2983 455 3055 prosperitate?
491 2982 649 3038 Salva
692 2983 864 3039 evasit
914 2998 1197 3054 praegnans
1250 2983 1389 3054 apud
1442 2984 1579 3039 illos.
1620 3003 1639 3037 ι

39 3074 141 3130 Ubi
165 3092 188 3125 ε
220 3075 367 3131 Dicit
395 3093 413 3127 ι
432 3074 626 3144 impius
647 3092 668 3127 ι
700 3076 956 3130 Domino:
978 3075 1192 3131 Recede
1212 3091 1241 3131 a
1260 3091 1366 3134 me.
1395 3076 1505 3133 vias
1530 3085 1646 3131 tuas

36 3168 187 3223 seire
217 3168 370 3222 nolo.
419 3167 553 3234 Quis
601 3177 685 3223 est
724 3168 814 3223 ille
858 3178 1067 3239 potens.
1095 3169 1216 3239 quia
1238 3169 1533 3225 serviamus
1553 3170 1648 3225 ei?

41 3261 242 3315 Annon
274 3260 535 3315 Dominus
563 3268 670 3325 est,
698 3260 791 3330 qni
833 3260 994 3315 docet
1022 3260 1350 3315 intellectum
1374 3270 1439 3316 et
1466 3262 1643 3317 scieno

47 3355 178 3408 tiam
205 3353 232 3407 ?
264 3353 385 3424 Ipse
409 3368 537 3409 vero
595 3352 811 3408 labores
844 3352 1123 3421 dijudicat.
1169 3352 1353 3424 itaque
1393 3355 1508 3409 scio
1549 3370 1646 3411 vos

42 3446 307 3501 audacter
336 3447 465 3501 mibi
494 3446 761 3501 insistere.
804 3464 824 3499 ι
857 3445 986 3501 Item
1007 3445 1173 3512 illud,
1222 3464 1242 3498 ι
1283 3446 1384 3502 Ubi
1433 3456 1517 3501 est
1543 3446 1643 3501 do-

44 3555 167 3595 mus
195 3539 535 3610 principum?
561 3537 617 3593 In
645 3538 788 3594 diem
816 3538 1132 3609 perditionis
1153 3541 1461 3595 sublevatur
1482 3541 1643 3595 mali-

44 3649 184 3704 gnus
214 3650 229 3686 :
255 3641 315 3688 et
344 3640 464 3702 post
492 3633 638 3687 illum
668 3632 841 3688 omnis
862 3631 1025 3688 homo
1051 3632 1221 3687 abibit
1250 3650 1270 3685 θ
1299 3632 1449 3704 (Cap.
1470 3632 1562 3688 21.
1593 3650 1641 3687 tt.

28 3726 95 3779 θ.
133 3726 188 3781 t.
222 3725 279 3779 7.
319 3723 405 3779 l0.
440 3724 525 3778 tt.
551 3724 638 3779 ιδ.
659 3723 751 3777 ea.
779 3723 870 3777 27.
896 3723 987 3779 es.
1011 3723 1100 3780 so.
1133 3722 1245 3796 se).

113 3817 309 3872 Tertio
330 3818 519 3872 iterum
537 3816 815 3886 excipiens
832 3816 1053 3886 Eliphaz
1076 3816 1150 3870 ait
1178 3834 1190 3870 :
1220 3835 1239 3868 ι
1262 3816 1452 3873 Nonne
1477 3816 1648 3871 Domi-

46 3927 146 3965 nus
166 3920 275 3972 est,
297 3912 388 3981 qui
410 3910 567 3964 docet
591 3910 986 3965 intellectumet
1006 3910 1320 3965 scientiam?
1338 3910 1478 3979 Quid
1500 3913 1644 3966 enim

41 4012 201 4055 curat
221 4000 481 4055 Dominus
501 4001 546 4055 si
573 4009 629 4053 tu
654 3998 795 4055 fuisti
816 3999 867 4054 in
885 3999 1136 4071 operibus
1156 4000 1471 4071 inculpatis?
1501 4020 1520 4054 ι
1546 4002 1646 4056 Hic

42 4094 186 4150 ano
203 4094 339 4149 dicit
364 4092 588 4161 Eliphaa
620 4110 632 4145 :
662 4109 682 4144 ε
720 4092 917 4147 Viduas
937 4092 1182 4147 dimisisti
1214 4108 1441 4155 vacuas,
1471 4094 1647 4163 pupil-

43 4188 124 4243 los
166 4197 351 4243 autem
400 4187 658 4242 afﬂixisti.
714 4187 778 4241 Et
824 4186 1005 4242 dixisti
1037 4186 1211 4252 :Quid
1262 4188 1410 4240 novit
1453 4186 1646 4241 fortis?

44 4280 145 4345 Qui
175 4279 383 4345 dicunt,
404 4278 544 4347 Quid
574 4278 730 4334 faciet
759 4278 913 4333 nobis
942 4278 1231 4333 Dominus?
1254 4288 1310 4333 et
1337 4278 1463 4347 quid
1486 4278 1646 4333 indu-

45 4383 132 4429 cet
180 4371 345 4427 nobis
383 4370 781 4442 Omnipotens?
814 4389 838 4423 ι
905 4369 1037 4427 item
1074 4370 1205 4425 illud
1236 4387 1251 4427 :
1291 4389 1311 4424 ι
1348 4370 1547 4426 Purum
1592 4380 1646 4426 te

48 4466 241 4521 reddet
277 4466 536 4520 Dominus
575 4465 714 4520 sicut
747 4474 1025 4536 argentum
1053 4465 1177 4537 igne
1201 4465 1501 4535 probatum.
1532 4465 1643 4521 Re-

48 4561 201 4630 spice
230 4560 284 4612 in
306 4558 497 4612 czelnm
536 4557 800 4613 hilariter.
844 4557 978 4615 Cum
1009 4565 1257 4627 precatus
1282 4566 1458 4612 autem
1482 4556 1645 4613 lueris

48 4666 197 4713 cum,
232 4649 485 4705 exaudiet
517 4658 590 4719 te,
605 4660 660 4708 et
676 4655 975 4714 servaberis
990 4656 1044 4713 in
1071 4648 1330 4703 munditia
1379 4662 1634 4703 manuum

52 4754 263 4797 tuarum
299 4759 323 4795 ι
363 4741 517 4813 (Cap.
542 4740 632 4796 22.
659 4757 709 4795 υ.
735 4741 789 4795 2.
823 4741 878 4796 5.
907 4742 963 4796 υ.
988 4740 1077 4796 15.
1101 4740 1191 4795 17.
1218 4738 1413 4798 25-27.
1438 4739 1553 4810 30).

117 4835 306 4891 Tertia
358 4833 478 4889 Jobi
528 4833 593 4889 ad
649 4832 871 4903 Elipbaz
914 4832 1235 4904 responsio:
1266 4849 1286 4885 ι
1318 4831 1387 4886 Et
1426 4830 1643 4901 quidem

50 4928 190 4991 scio,
212 4924 337 4996 quia
363 4926 706 4997 eleemosyna
728 4924 797 4979 de
826 4938 986 4978 manu
1034 4937 1154 4978 mea
1196 4930 1279 4977 est
1306 4939 1321 4976 :
1355 4929 1411 4977 et
1454 4937 1645 4977 manus

50 5018 174 5087 ejus
195 5017 375 5088 gravis
401 5016 536 5071 facta
562 5025 645 5071 est
667 5030 831 5085 super
847 5014 1102 5086 gemitum
1125 5028 1327 5071 meum.
1344 5012 1401 5070 Si
1425 5014 1477 5068 in
1510 5013 1648 5070 tnui-

53 5120 102 5164 ta
134 5110 337 5164 virtute
369 5108 747 5178 superveniant
771 5107 903 5161 mihi
925 5107 1159 5162 tenebrat
1185 5125 1206 5159 ι
1228 5105 1380 5177 (Cap.
1406 5106 1562 5161 23.11.
1585 5106 1642 5160 2.

51 5204 103 5259 6.
132 5202 255 5272 t‘l)!
293 5220 313 5254 ι
339 5201 488 5270 lmpii
538 5200 828 5257 terminum
869 5200 1183 5272 transgressi
1229 5208 1446 5267 sunt,et
1473 5203 1646 5255 nudos

51 5296 256 5352 multos
282 5295 518 5352 dormire
539 5294 779 5351 iecerunt
814 5294 933 5350 sine
955 5293 1312 5350 vestimentis.
1338 5294 1645 5363 Appareant

50 5392 255 5462 planta:
297 5405 484 5445 eorum
524 5389 592 5445 de
626 5398 767 5445 terra
794 5388 958 5444 aridae
985 5408 997 5444 :
1023 5389 1331 5445 fasciculum
1368 5389 1511 5444 enim
1543 5404 1645 5460 pu-

52 5483 307 5554 pillorum
334 5490 627 5553 rapuerunt
663 5500 684 5535 t
714 5480 864 5554 (Cap.
895 5480 984 5536 24.
1014 5498 1062 5536 υ.
1086 5479 1140 5535 2.
1169 5480 1308 5550 7-9).

120 5573 310 5629 Tertio
330 5572 604 5643 excipiens
626 5571 826 5628 Baldad
853 5572 1020 5628 dicit:
1051 5590 1070 5625 ε
1102 5572 1202 5641 Qui
1228 5571 1355 5627 facit
1384 5572 1645 5628 universi-

52 5676 218 5723 tatem
250 5668 305 5723 in
335 5666 626 5724 altissimo.
677 5665 756 5724 Ne
789 5666 908 5739 quis
946 5666 1248 5739 suSpieetur
1289 5666 1410 5722 esse
1436 5679 1645 5721 moram

52 5760 261 5831 piratis.
291 5759 576 5830 Quomodo
609 5760 754 5818 enim
788 5759 891 5818 erit
913 5759 1090 5831 justus
1137 5760 1301 5818 homo
1326 5772 1507 5817 coram
1539 5757 1642 5814 Do-

1180 289 1505 348 SYNOPSIS
1540 291 1949 349 δοκιρτυη
1985 294 2256 354 ΒΑΟΒΑΞ.

1778 406 1956 462 mino?
1971 407 2026 462 Si
2050 424 2177 465 vero
2192 410 2356 467 homo
2370 408 2617 483 putredo,
2637 424 2692 473 et
2710 415 2850 476 filius
2866 416 3100 481 hominis
3117 424 3311 483 vermis
3335 445 3357 480 ι

1769 494 1923 568 (Cap.
1952 498 2041 553 23.
2060 515 2107 553 v.
2131 500 2256 557 2-4.
2274 502 2367 572 6)?

1840 588 2017 645 Tertia
2047 590 2167 647 Jobi
2188 593 2256 647 ad
2284 594 2488 651 Baldad
2522 601 2803 668 responsio
2836 618 2851 657 :
2889 621 2909 655 ι
2937 604 3107 671 Quem
3138 608 3355 679 adjutu-

1768 694 1861 734 rus
1884 680 1979 735 es?
2000 691 2057 736 et
2088 699 2249 753 quem
2274 688 2561 756 sequeris?
2599 689 2786 747 Nonne
2821 708 2943 749 eum
2983 697 3068 752 cui
3125 702 3354 758 maxima

1766 776 2047 843 potestas?
2075 774 2258 833 Nudus
2290 796 2309 830 ο
2336 779 2479 834 enim
2508 799 2527 833 ι
2564 792 2646 837 est
2676 783 2914 841 infernus
2942 802 3121 844 coram
3146 806 3232 846 eo.
3256 795 3357 860 Qui

1767 866 2045 935 suSpendit
2074 876 2269 923 terram
2294 866 2347 925 in
2375 871 2623 938 nihilum,
2649 875 2820 945 ligans
2844 894 3036 947 aquam
3054 881 3105 934 in
3122 882 3351 941 nubibus

1765 958 1897 1012 suis.
1920 957 2195 1029 Praecepto
2216 970 2394 1016 autem
2421 966 2649 1033 peremit
2667 966 2956 1024 draconem
2973 969 3304 1029 desertorem
3334 993 3355 1027 ι

1767 1049 1917 1119 (Cap.
1949 1050 2037 1105 26.
2058 1068 2105 1105 υ.
2130 1053 2183 1107 2.
2203 1055 2255 1109 3.
2282 1054 2395 1110 6-8.
2426 1055 2536 1128 15).

1836 1139 1970 1197 Cum
2000 1143 2210 1214 Sopbar
2239 1147 2397 1201 tertio
2419 1148 2561 1217 loqui
2590 1164 2700 1205 non
2725 1153 3125 1222 aggrederetur,
3158 1156 3266 1212 imo
3299 1168 3355 1213 et

1765 1234 1856 1288 alii
1884 1236 1993 1289 duo
2037 1238 2246 1306 priores
2289 1247 2553 1309 tacerent,
2582 1254 2764 1314 utpote
2792 1228 2882 1313 qui
2918 1251 3031 1302 “non
3083 1248 3349 1306 baberent

1765 1326 1891 1395 quid
1929 1329 2159 1398 amplius
2195 1330 2454 1395 dicereut,
2487 1347 2556 1386 eo
2598 1334 2740 1403 quod
2784 1335 2888 1391 Job
2924 1352 2985 1393 se
3009 1338 3209 1407 justum
3233 1356 3357 1398 esse

1764 1426 2023 1485 poneret,
2051 1420 2319 1476 subnectit
2363 1423 2600 1478 secundo
2644 1425 2748 1480 Job
2788 1428 2974 1483 eadem
3013 1431 3080 1486 de
3117 1446 3177 1487 re
3222 1448 3351 1503 pro-

1762 1509 1984 1565 oemium
2002 1526 2014 1561 :
2032 1510 2104 1565 illi
2125 1527 2252 1566 vero
2272 1527 2392 1567 cum
2409 1515 2623 1570 silentio
2649 1521 2819 1587 ipsum
2836 1522 3083 1586 audiunt,
3111 1537 3211 1577 nec
3232 1525 3351 1579 sine

1763 1600 2008 1655 utilitate.
2046 1602 2272 1670 «Vivit,»
2306 1604 2496 1675 inquit,
2526 1607 2815 1663 «Dominus
2830 1611 2916 1678 qui
2945 1614 3024 1666 sic
3050 1614 3356 1684 mejudica—

1760 1692 1858 1757 vit,
1890 1702 1944 1748 et
1970 1693 2356 1764 Omnipotens,
2388 1697 2480 1767 qui
2511 1697 2688 1753 aﬂ‘ecit
2714 1702 3070 1758 amaritudine
3120 1706 3357 1759 animant

1760 1800 1934 1839 meam
1966 1804 1980 1837 :
2008 1800 2128 1840 cum
2147 1786 2323 1842 adhuc
2349 1788 2546 1845 halitus
2563 1807 2711 1845 meus
2728 1792 3004 1859 immanet,
3028 1794 3354 1867 spiritusque

1759 1875 1972 1931 divinus
2006 1888 2254 1947 superest
2300 1879 2352 1933 in
2376 1881 2599 1936 naribus
2620 1884 2751 1937 meis
2775 1925 2788 1948 ,
2820 1885 2958 1940 labia
2981 1902 3098 1941 mea
3129 1903 3235 1941 non
3274 1890 3355 1943 lo-

1757 1977 1988 2039 quentur
2014 1968 2214 2040 iniqua.
2244 1970 2591 2031 Annuntiabo
2632 1975 2784 2030 vobis
2828 1976 2956 2047 quid
3003 1978 3076 2033 sit
3107 1979 3353 2035 in-manu

1761 2066 1992 2121 Domini.
2024 2067 2163 2123 Ecce
2187 2084 2375 2126 omnes
2403 2071 2595 2137 nostis,
2620 2072 2743 2142 quia
2776 2088 2908 2128 vana
2928 2074 3080 2128 vanis
3098 2075 3355 2131 insidiose

1757 2157 2009 2227 adjicitis.
2044 2159 2169 2215 llaec
2198 2163 2374 2231 portio
2416 2172 2499 2217 est
2549 2163 2782 2219 hominis
2824 2165 2972 2235 impii
3021 2181 3053 2219 a
3101 2167 3349 2223 Domino.

1755 2248 1907 2316 Quod
1935 2250 1979 2305 si
2003 2251 2156 2305 multi
2183 2251 2381 2307 fuerint
2411 2254 2507 2311 lilii
2538 2254 2678 2323 ejus,
2715 2256 2767 2310 in
2800 2256 3127 2311 occisionem
3156 2268 3348 2314 erunt:

1758 2340 1927 2394 viduis
1956 2351 2132 2396 autem
2163 2358 2349 2398 eorum
2395 2360 2554 2399 nemo
2576 2348 2914 2402 miserebitur
2947 2367 2966 2399 ι
3010 2347 3159 2421 (Cap.
3181 2349 3271 2405 27.
3300 2367 3351 2407 υ.

1754 2432 1871 2489 24.
1894 2435 2339 2506 11-15.14.15.).
2360 2456 2379 2490 ι
2402 2437 2460 2494 Si
2476 2439 2752 2511 collegerit
2770 2442 2959 2512 impius
2981 2453 3037 2496 ut
3054 2452 3248 2498 terram
3267 2460 3354 2499 ar-

1753 2537 1970 2600 gentum
1996 2545 2011 2583 :
2041 2529 2190 2585 locus
2208 2530 2349 2586 unde
2367 2530 2446 2600 fit,
2469 2533 2587 2603 quis
2604 2534 2722 2589 est?
2743 2536 2861 2604 quis
2878 2534 3025 2590 locus
3047 2536 3184 2604 auri,
3202 2536 3346 2593 unde
3429 2544 3438 2550 ’

1756 2620 2103 2690 percolatur?
2132 2621 2353 2677 Ferrum
2379 2624 2593 2695 quidem
2623 2624 2689 2680 de
2716 2634 2854 2680 terra
2880 2627 2956 2689 lit,
2987 2642 3061 2681 a-s
3086 2637 3260 2682 autem
3290 2637 3350 2683 ut

1755 2710 1890 2781 lapis
1916 2711 2157 2767 caeditur.
2181 2712 2352 2769 Omne
2380 2716 2693 2785 pretiosum,
2724 2736 2740 2768 ι
2765 2718 2952 2787 inquit,
2975 2737 2993 2771 ι
3014 2720 3352 2774 viditoculus

1756 2817 1928 2858 meus.
1951 2804 2223 2875 Sapientia
2252 2816 2428 2863 autem
2456 2808 2574 2879 ejus
2605 2810 2744 2865 unde
2779 2811 2991 2865 inventa
3021 2812 3141 2866 est?
3172 2812 3346 2883 Abys-

1753 2912 1844 2952 sus
1868 2897 2022 2963 dixit,
2042 2898 2155 2953 Non
2177 2907 2254 2953 est
2280 2900 2333 2954 in
2352 2915 2438 2955 me
2465 2906 2545 2965 ;et
2559 2896 2868 2961 maredixit,
2885 2896 2998 2952 Non
3016 2908 3098 2954 est
3112 2917 3344 2957 mecum.

1757 2989 1980 3043 Attrahe
2030 2991 2349 3061 sapientiam
2405 3007 2570 3061 super
2621 3009 2683 3047 ea
2720 3010 2840 3064 qua:
2888 2994 3118 3050 maxime
3165 2996 3349 3051 intima

1752 3091 1896 3135 sunt.
1928 3081 2045 3137 Non
2063 3084 2365 3153 aequabitur
2388 3085 2437 3138 ei
2468 3086 2733 3154 topazium
2758 3086 3051 3155 Ethiopian
3076 3128 3091 3153 ,
3125 3096 3182 3142 et
3209 3102 3344 3142 auro

1754 3189 1889 3244 puro
1925 3191 2030 3230 non
2058 3175 2384 3231 conferetur.
2420 3177 2679 3232 Dominus
2728 3178 2863 3233 bene
2891 3180 3167 3234 constituit
3206 3181 3346 3234 viam

1753 3266 1887 3337 ejus.
1926 3267 2041 3338 Ipse
2069 3269 2211 3322 enim
2247 3283 2405 3323 omne
2450 3269 2595 3339 quod
2624 3268 2724 3323 sub
2753 3269 2887 3324 czclo
2932 3279 3014 3325 est
3063 3270 3340 3339 perspicit,

1755 3366 1878 3413 nota
1904 3358 2105 3413 habens
2132 3360 2307 3412 omnia
2339 3374 2456 3429 qua:
2478 3359 2530 3413 iu
2556 3368 2717 3424 terra,
2745 3368 3026 3415 ventorum
3056 3360 3317 3415 libramen
3336 3391 3348 3401 -

1752 3458 1887 3516 tum,
1914 3466 2168 3521 aquarum
2202 3466 2501 3506 mensuras.
2536 3451 2680 3506 Dixit
2709 3452 2910 3506 homini
2940 3470 2954 3503 :
2988 3452 3125 3507 Ecce
3169 3452 3346 3507 cultus

1750 3542 1845 3598 Dei
1877 3552 1958 3597 est
1987 3543 2244 3610 sapientia
2280 3562 2299 3594 ι
2324 3541 2471 3613 (Cap.
2498 3542 2587 3597 27.
2613 3560 2664 3599 υ.
2690 3544 2775 3598 1-6.
2805 3553 2851 3597 et
2882 3542 3007 3609 Cap.
3034 3541 3127 3598 28.
3149 3542 3344 3598 0.1.2.

1754 3636 1843 3689 10.
1876 3634 1960 3688 12.
1999 3633 2316 3689 14.18.19.
2344 3633 2529 3690 25-25.
2558 3635 2677 3707 28).

1823 3727 1933 3781 lllis
1960 3738 2137 3781 autem
2163 3726 2332 3781 tribus
2363 3726 2662 3781 tacentibus
2698 3726 2958 3796 adjicicns
2991 3726 3091 3782 Job
3128 3726 3181 3780 in
3216 3739 3343 3795 pro-

1753 3820 1917 3879 oemio
1941 3818 2075 3873 dicit
2101 3836 2115 3871 :
2150 3836 2169 3870 ι
2206 3817 2340 3885 Quis
2368 3834 2453 3873 me
2482 3828 2643 3888 ponat
2669 3819 2720 3872 in
2752 3834 2939 3874 mense
2970 3820 3200 3888 priorem
3224 3818 3344 3872 dic-

1752 3928 1895 3975 rum,
1926 3911 2119 3982 quibus
2163 3926 2249 3966 me
2281 3911 2420 3966 Deus
2449 3900 2824 3966 custodiebat?
2851 3910 2986 3965 Cum
3029 3908 3347 3979 splendebat

1755 4006 1971 4061 lucerna
1998 4004 2117 4074 ejus
2160 4017 2325 4073 super
2372 4012 2532 4073 caput
2561 4017 2762 4067 meum,
2804 4001 3019 4056 exibant
3046 4001 3345 4056 matutinus

1754 4096 2060 4162 incivitate,
2093 4097 2147 4150 in
2193 4095 2383 4165 plateis
2430 4104 2608 4148 autem
2662 4093 2959 4163 ponebatur
3006 4091 3138 4146 milli
3188 4091 3341 4146 sella.

1752 4191 1971 4248 Servavi
2001 4190 2142 4245 enim
2173 4202 2463 4258 pauperem
2499 4186 2567 4241 de
2608 4202 2768 4241 manu
2814 4186 3131 4256 potentium.
3173 4184 3345 4240 Bene-

1752 4283 1915 4337 dictio
1946 4282 2284 4351 pereuntinm
2315 4294 2479 4348 super
2502 4294 2587 4333 me
2617 4279 2815 4333 veniat.
2843 4278 3044 4333 Oculus
3071 4276 3142 4332 fui
3162 4291 3339 4332 catec-

1752 4389 1893 4436 rum,
1918 4382 1973 4427 et
2001 4385 2095 4441 pes
2124 4370 2434 4425 clandorum
2457 4410 2472 4435 ,
2519 4381 2671 4439 pater
2711 4381 2889 4425 autem
2943 4366 3337 4439 impotentium.

1751 4464 2001 4537 Confregi
2024 4465 2194 4519 motas
2224 4464 2523 4533 iniquorum
2555 4462 2660 4517 :de
2678 4461 2858 4517 medio
2880 4461 3118 4517 dentium
3148 4476 3337 4517 eorum

1751 4559 1990 4629 rapinam
2020 4556 2212 4627 eripui.
2250 4554 2402 4612 Sicut
2448 4564 2589 4610 terra
2634 4554 2822 4609 sitiens
2870 4553 3168 4623 suscipiens
3225 4552 3345 4623 plu-

1749 4651 1911 4715 viam,
1942 4651 2018 4704 sic
2046 4649 2098 4703 hi
2118 4664 2303 4704 meum
2330 4662 2652 4703 sermonem.
2693 4645 3007 4700 Habitabant
3051 4645 3202 4715 quasi
3246 4659 3337 4699 rex

1752 4743 1805 4799 in
1834 4743 2087 4798 accinctis
2116 4762 2135 4795 ι
2170 4741 2323 4811 (Cap.
2352 4740 2444 4796 29.
2474 4755 2521 4795 υ.
2548 4738 2605 4793 2.
2635 4739 2688 4793 5.
2720 4739 2772 4791 7.
2804 4736 2890 4792 12.
2920 4737 3007 4791 15.
3034 4736 3224 4793 15-17.
3246 4735 3310 4791 2ἒ
3334 4780 3340 4790 .

1749 4833 1821 4890 25
1843 4835 1885 4906 ).
1935 4853 1955 4886 t
1990 4833 2285 4889 Stultorum
2331 4832 2423 4886 lilii
2447 4872 2461 4897 ,
2492 4832 2812 4901 nomineque
2856 4828 3117 4901 ignobiles
3154 4844 3342 4884 :nuuc

1749 4937 1928 4982 autem
1955 4926 2154 4981 cithara
2201 4924 2410 4979 illorum
2444 4939 2544 4994 ego
2573 4939 2721 4986 sum,
2753 4931 2807 4978 et
2852 4938 2938 4978 me
2967 4922 3197 4977 fabulam
3238 4920 3338 4976 ha-

1751 5020 1898 5075 bent.
1927 5018 2038 5075 Nec
2069 5019 2120 5073 in
2148 5016 2341 5074 faciem
2375 5032 2549 5073 meam
2589 5027 2946 5087 pepercerunt
2980 5031 3193 5087 spuere.
3224 5015 3334 5071 Re-

1752 5112 1949 5186 putaSIi
1992 5123 2170 5168 autem
2219 5128 2305 5168 me
2346 5112 2487 5168 sicut
2531 5112 2700 5166 lutum
2736 5129 2750 5166 :
2781 5111 2835 5166 in
2880 5120 3023 5167 terra
3063 5119 3119 5167 et
3154 5110 3339 5165 cinere

1752 5206 1929 5278 portio
1958 5221 2098 5261 mea.
2132 5204 2287 5259 Manu
2313 5213 2490 5259 autem
2521 5203 2725 5275 potenti
2754 5218 2839 5258 me
2876 5202 3175 5274 ﬂagellasti.
3210 5201 3339 5256 Fra-

1752 5308 1856 5366 ter,
1910 5297 2123 5368 inquit,
2165 5295 2238 5351 fui
2288 5297 2569 5362 Sirenum,
2612 5296 2896 5366 sociusque
2923 5295 3282 5349 struthionum
3315 5314 3334 5344 ο

1756 5392 1933 5465 (Cap.
1991 5391 2079 5446 30.
2133 5389 2344 5447 8-10.
2389 5389 2477 5445 19.
2530 5389 2623 5445 21.
2671 5387 2812 5458 29).
2874 5406 2896 5440 ο
2948 5387 3004 5443 Si
3056 5395 3338 5455 sequutum

1751 5492 1835 5538 est
1882 5498 1976 5538 cor
2025 5497 2207 5537 meum
2257 5496 2478 5536 uxorem
2524 5480 2623 5535 viri
2672 5479 2911 5543 alterius,
2950 5479 3157 5548 placeat
3192 5490 3338 5546 quo-

1751 5589 1854 5644 que
1897 5589 2032 5628 uxor
2079 5588 2194 5629 mea
2242 5573 2419 5631 alteri.
2458 5572 2632 5629 Furor
2673 5572 2815 5628 enim
2872 5570 2971 5625 viri
3008 5567 3337 5635 indomitus,

1752 5664 2147 5721 commaculare
2198 5664 2303 5720 illis
2345 5678 2588 5721 uxorem.
2620 5663 2678 5720 Si
2707 5662 2925 5733 despexi
2965 5660 3167 5717 nudum
3208 5675 3334 5732 per-

1753 5766 1993 5827 euntem,
2024 5767 2209 5813 etnon
2252 5757 2437 5828 operui
2479 5770 2624 5825 eum,
2652 5764 2707 5812 et
2733 5755 2799 5813 de
2829 5763 3047 5811 tonsura
3075 5768 3332 5826 agnorum
