3720 6274
430 293 535 349 567

429 415 673 459 meorum
695 415 799 455 non
825 398 1066 455 calefacti
1096 406 1219 453 sunt
1247 398 1456 453 humeri
1507 412 1722 459 eorum,
1765 395 2004 451 discedat

430 496 681 549 humerus
707 508 856 547 meus
880 507 910 546 a
934 489 1200 558 junctura.
1233 489 1384 557 Quod
1427 489 1471 542 si
1513 490 1726 559 gavisus
1782 504 1899 542 sum
1942 488 2009 541 de

426 586 577 640 ruina
606 585 939 638 inimicorum
968 597 1232 647 meorum,
1264 590 1319 636 et
1345 581 1477 635 dixit
1502 596 1597 635 cor
1618 596 1817 643 meum,
1838 581 2004 650 Euge,

425 675 605 729 audiat
632 676 775 729 auris
804 688 925 728 mea
972 672 1398 727 maledictiouem
1431 688 1624 727 meam.
1682 672 1765 735 Et,
1811 673 1855 725 si
1900 688 2005 725 non

425 766 673 823 scindens
702 780 819 818 eam
851 763 1076 821 reddidi.
1115 763 1246 815 nihil
1291 762 1559 831 accipiens
1595 777 1624 814 a
1671 762 1930 824 debitore.
1960 762 2006 817 si

424 873 587 926 super
614 872 698 910 me
724 871 970 925 tuuquam
1006 864 1144 909 terra
1186 855 1425 923 gemuit,
1466 869 1561 922 pro
1599 853 1861 906 t’ruinento
1889 870 2006 922 ger-

426 951 589 1003 minet
642 950 768 1002 mihi
824 949 987 1002 urtica
1026 968 1044 1001 ι
1095 946 1239 1020 (Cap.
1277 950 1363 1003 51.
1399 964 1446 1003 υ,
1486 947 1640 1002 9-11.
1674 949 1761 1004 19.
1789 948 1876 1003 20.
1908 950 1996 1002 22.

425 1040 515 1095 29.
536 1041 621 1095 57.
656 1041 745 1096 ss.
777 1040 890 1109 ιο).

502 1134 574 1187 De
604 1133 787 1187 Eliuzo
825 1135 933 1187 lilio
972 1132 1245 1186 Barachiel
1279 1130 1492 1188 Buzita:
1531 1131 1798 1201 quomodo
1839 1133 2005 1186 iratus

425 1224 585 1279 fuerit
614 1224 666 1277 in
697 1223 889 1277 Jobum
910 1266 925 1290 ,
955 1223 1095 1293 quod
1139 1238 1197 1277 se
1226 1222 1426 1276 diceret
1453 1221 1652 1289 justum
1685 1237 1863 1276 coram
1899 1222 2004 1275 Do-

423 1317 587 1371 mino.
632 1334 651 1366 ι
686 1316 969 1385 Excipiens
999 1316 1146 1369 Eiiuz
1175 1315 1315 1369 [ilius
1343 1314 1612 1369 Barachiel
1642 1315 1852 1369 Buzites
1872 1357 1886 1378 ,
1917 1315 2002 1368 di-

421 1409 499 1461 xit
532 1425 545 1460 :
575 1407 763 1461 Juuior
793 1406 1003 1476 quidem
1036 1422 1154 1460 sum
1183 1416 1340 1459 relate
1373 1424 1384 1458 :
1415 1421 1579 1475 quare
1607 1406 1778 1475 quievi
1812 1407 2003 1461 timens

421 1497 738 1552 aununtiare
758 1497 908 1551 vobis
928 1498 1202 1551 scientiam
1227 1512 1419 1550 meam.
1445 1514 1463 1543 ι
1487 1497 1639 1566 (Cap.
1671 1496 1895 1552 52.v.2.
1922 1497 1998 1568 6).

422 1588 727 1659 Exsurgens
748 1588 896 1642 Eliuz
927 1587 1260 1656 impudenter
1285 1597 1469 1641 contra
1509 1586 1701 1641 Jobum
1733 1587 1997 1656 loquitur,

421 1680 590 1733 tribus
620 1679 724 1733 illis
753 1678 1045 1733 tacentibus
1079 1695 1091 1731 :
1130 1678 1365 1732 «Rursus
1392 1679 1612 1747 loquar;
1645 1677 1831 1748 plenus
1859 1679 2001 1733 enim

421 1786 536 1825 sum
560 1770 735 1824 verbis
760 1787 780 1821 ι
805 1767 907 1841 (Ib.
928 1785 976 1824 υ.
996 1769 1203 1833 17.18).
1233 1768 1370 1823 Dixit
1398 1768 1547 1823 Eliuz
1572 1769 1637 1823 ad
1665 1769 1765 1825 Job
1794 1788 1806 1823 :
1840 1789 1858 1821 ι
1883 1768 2003 1840 Spi-

419 1861 553 1915 ritus
574 1860 784 1915 divinus
804 1858 987 1930 estqui
1012 1876 1097 1915 me
1120 1860 1242 1915 fecit
1268 1877 1281 1913 :
1314 1861 1533 1930 Spiratio
1551 1871 1727 1917 autem
1749 1862 2002 1933 Omnipo-

419 1954 578 2008 teutis
609 1968 727 2023 quze
764 1969 850 2008 me
891 1953 1066 2008 docet.
1105 1954 1158 2009 Si
1189 1955 1404 2023 poteris,
1448 1954 1515 2009 da
1544 1955 1669 2010 mihi
1698 1960 2001 2026 responsio-

418 2060 561 2099 nem.
592 2047 813 2099 Avertat
845 2043 1114 2099 hominem
1146 2045 1214 2098 ab
1243 2044 1537 2114 iniquitate.
1558 2046 1798 2116 Pepercit
1822 2058 1998 2103 autem

415 2135 607 2189 anima:
634 2137 749 2203 ejus
778 2151 806 2188 a
838 2148 1029 2199 morte,
1047 2146 1098 2190 et
1127 2152 1193 2191 ne
1218 2136 1372 2190 cadat
1390 2137 1478 2191 ille
1508 2138 1559 2191 in
1579 2139 2001 2211 bello.Coarguit

416 2236 593 2280 autem
624 2225 771 2279 illum
802 2227 854 2280 in
887 2228 1141 2297 languore
1165 2241 1327 2297 super
1354 2228 1534 2283 cubili.
1578 2229 1873 2285 ltenovabit
1900 2248 1998 2286 au-

418 2318 522 2362 tem
555 2309 671 2379 ejus
699 2325 927 2380 corpus,
959 2312 1097 2365 sicut
1125 2312 1403 2367 tectorium
1434 2314 1485 2367 in
1519 2317 1719 2383 pariete
1739 2357 1753 2379 ,
1786 2326 1840 2370 et
1877 2332 1999 2372 ossa

415 2399 532 2468 ejus
554 2401 793 2470 implebit
810 2402 1056 2456 medulla.
1076 2402 1245 2469 Tunc,
1260 2423 1278 2456 ι
1299 2403 1485 2473 inquit,
1504 2423 1523 2456 ι
1548 2406 1815 2461 accusabit
1838 2406 2000 2463 homo

417 2492 653 2563 seipsqu
682 2493 869 2548 dicens
899 2512 912 2549 :
936 2495 1121 2560 Qualia
1149 2494 1484 2551 efﬁciebam?
1508 2512 1612 2551 non
1634 2497 1846 2568 dignam
1876 2515 1999 2568 pec-

416 2585 551 2639 catis
601 2585 732 2640 meis
774 2587 1178 2656 castigationem
1228 2587 1421 2642 intulit.
1459 2607 1478 2639 ι
1516 2588 1703 2643 Adhuc
1748 2590 1998 2657 loquutus

415 2683 497 2729 est
526 2676 675 2731 Eliuz
704 2677 768 2731 ad
800 2677 992 2731 Jobum
1025 2698 1037 2733 :
1073 2697 1091 2730 ι
1126 2679 1355 2735 Auribus
1385 2682 1617 2750 percipe,
1645 2681 1765 2746 Job,
1796 2694 1851 2738 et
1875 2685 1995 2739 audi

415 2783 503 2821 me
530 2786 543 2820 :
575 2769 902 2834 obtutui-see,
931 2782 984 2825 et
1012 2772 1216 2841 loquar.
1240 2772 1295 2827 Si
1318 2783 1398 2827 est
1427 2774 1520 2826 tibi
1551 2788 1750 2841 sermo,
1773 2791 1998 2845 respon-

413 2860 483 2914 de
512 2861 639 2915 mihi
674 2880 686 2917 :
716 2863 837 2917 volo
887 2864 1028 2917 enim
1075 2864 1365 2918 examinari
1415 2879 1444 2918 a
1490 2874 1542 2918 te
1580 2867 1834 2935 jusntiam
1879 2884 1996 2923 ser-

414 2952 589 3007 monis
616 2953 715 3008 mci
753 2973 770 3006 ι
798 2955 946 3026 (Cap.
978 2957 1064 3011 55.
1088 2973 1133 3011 υ.
1154 2957 1206 3010 4.
1227 2957 1278 3011 5.
1312 2956 1497 3011 17ο19.
1529 2957 1725 3012 24.27.
1760 2960 1845 3014 51.
1879 2958 1989 3032 52).

416 3045 604 3099 Adhuc
628 3046 887 3115 adjicieus
914 3049 1061 3102 Eliuz
1094 3049 1248 3103 lerlio
1278 3049 1406 3103 dicit
1433 3068 1445 3103 :
1484 3068 1502 3101 ς
1540 3052 1732 3107 Audite
1758 3069 1842 3107 me
1864 3096 1877 3117 ,
1904 3070 1995 3109 sa-

416 3137 652 3205 pientes,
685 3138 883 3192 bouum
916 3150 997 3193 est
1026 3148 1081 3193 ut
1111 3139 1199 3208 qui
1229 3141 1505 3194 scientiam
1536 3143 1750 3208 habent,
1780 3146 1994 3200 auribus

411 3230 709 3299 percipiant
754 3249 768 3283 :
815 3231 937 3299 quia
985 3230 1130 3282 auris
1174 3245 1454 3286 sermones
1500 3233 1707 3302 probat.
1756 3255 1774 3288 ι
1806 3237 1995 3292 Adhuc

411 3320 545 3375 dixit
589 3322 735 3374 Eliuz
768 3338 781 3373 :
817 3339 835 3373 ι
869 3321 999 3389 Quis
1035 3322 1116 3375 vir
1146 3330 1202 3375 ut
1229 3321 1349 3388 Job,
1395 3322 1582 3379 bibens
1618 3326 1991 3382 subsannatio-

412 3427 535 3467 nem
569 3413 707 3467 sicut
731 3413 964 3482 aquam?
1008 3413 1096 3482 qui
1130 3429 1301 3483 neque
1330 3416 1599 3483 peccavit,
1628 3432 1802 3486 neque
1834 3419 1993 3488 impie

412 3507 560 3574 egit?
589 3504 765 3576 [Absit
790 3522 818 3557 a
851 3505 957 3578 me]
988 3521 1169 3560 coram
1200 3506 1576 3577 Omnipoteute
1604 3511 1816 3565 turbare
1837 3512 1992 3580 justi~

415 3598 560 3651 tiam.
585 3598 687 3651 Sed
711 3593 884 3651 reddit
921 3598 1121 3651 homini
1143 3599 1335 3668 cuique
1355 3599 1645 3654 secundum
1670 3616 1831 3671 opera
1850 3604 1988 3673 ejus.

409 3689 609 3759 Impius
635 3698 714 3744 est
741 3690 831 3760 qui
861 3691 985 3745 dicit
1011 3691 1120 3759 regi
1151 3708 1165 3745 :
1200 3691 1377 3763 Inique
1402 3694 1535 3763 agis.
1564 3714 1583 3746 ι
1608 3695 1694 3761 Et,
1715 3715 1733 3746 ί
1758 3697 1857 3765 Qui
1887 3714 1990 3753 non

410 3790 494 3835 est
523 3781 720 3837 veritus
749 3782 937 3837 faciem
965 3784 1015 3838 in
1045 3794 1333 3854 conspectu
1365 3801 1503 3841 meo.
1536 3787 1789 3843 Dominus
1816 3793 1989 3844 oruuia

408 3874 645 3944 inspicit.
674 3876 763 3944 qui
795 3876 1202 3946 comprehendit
1228 3894 1334 3933 non
1360 3881 1709 3950 vestigabilia,
1738 3882 1987 3952 gloriosa,

408 3975 463 4022 et
486 3968 765 4039 magnifica
788 4009 803 4033 ,
834 3984 1062 4039 quorum
1100 3987 1205 4025 non
1236 3981 1319 4027 est
1346 3989 1620 4030 numerus.
1650 3976 1744 4030 Vir
1780 3979 1990 4047 sapiens

366 4105 370 4109 .
407 4060 613 4115 audivit
655 4062 873 4117 verbum
923 4079 1102 4119 meum
1134 4083 1147 4119 :
1180 4065 1283 4122 Job
1325 4077 1502 4121 autem
1548 4084 1653 4125 non
1702 4072 1990 4141 prudenter

410 4152 660 4222 loquutus
684 4164 768 4209 est
804 4174 823 4207 ι
852 4155 1001 4227 (Cap.
1033 4158 1120 4213 54.
1154 4174 1202 4215 υ.
1225 4158 1279 4212 2.
1314 4161 1365 4214 5.
1391 4161 1441 4214 7.
1472 4162 1526 4217 8.
1555 4163 1638 4217 10.
1675 4165 1758 4217 11.
1794 4164 1985 4221 18.19.

404 4247 495 4301 2t.
524 4249 612 4304 34.
641 4249 969 4318 '55).Quarto
995 4250 1252 4321 adjiciens
1297 4238 1442 4308 eum
1480 4255 1607 4311 dicit
1648 4257 1713 4310 ad
1758 4257 1984 4313 Jobum:

412 4357 434 4389 σ
467 4340 643 4404 Quare
674 4340 772 4396 hoc
801 4343 1114 4398 existimasti
1145 4345 1195 4399 in
1222 4345 1467 4413 judicio?
1494 4347 1572 4401 Tu
1601 4349 1718 4417 quis
1742 4364 1801 4403 es
1820 4390 1834 4413 ,
1866 4351 1987 4420 quia

405 4428 605 4495 dixisti,
620 4430 801 4485 Justus
815 4448 930 4486 sum
949 4434 998 4486 in
1011 4444 1300 4502 conspectu
1318 4435 1555 4490 Domini?
1574 4455 1592 4488 ι
1604 4436 1753 4508 (Cap.
1774 4440 1915 4495 35m.
1930 4440 1986 4511 2)

401 4519 656 4586 Quintum
678 4522 856 4590 adjicit
876 4523 1022 4578 Eliuz
1044 4525 1267 4578 orationi
1291 4541 1422 4592 sum,
1440 4535 1494 4581 et
1516 4543 1684 4597 neque
1699 4528 1800 4584 Job
1818 4546 1988 4601 neque

404 4626 512 4667 tres
540 4614 696 4669 amici
726 4625 976 4672 accusant
999 4631 1121 4672 eum
1152 4627 1209 4671 ut
1232 4617 1473 4673 atheum.
1501 4619 1833 4675 Manifestum
1860 4637 1988 4692 ergo

405 4709 529 4762 hinc
556 4717 659 4775 est,
688 4718 795 4764 tres
823 4709 941 4765 illos
965 4710 1275 4780 resipuisse.
1300 4712 1537 4783 Dicitque
1560 4711 1627 4767 ad
1649 4712 1785 4769 Joh:
1818 4733 1837 4766 ‹
1860 4713 1988 4769 Sus-

403 4802 511 4854 line
556 4816 644 4856 me
672 4802 938 4871 paululum
965 4802 1159 4867 adhuc,
1189 4812 1246 4858 ut
1272 4812 1321 4858 te
1343 4804 1563 4859 doceam
1587 4821 1603 4870 ;
1632 4805 1806 4861 adhuc
1842 4806 1983 4861 enim

396 4904 485 4949 est
529 4895 580 4949 in
620 4910 706 4949 me
734 4898 812 4950 vis
844 4896 1090 4966 loquendi
1125 4916 1143 4947 ι
1172 4895 1323 4966 (Cap.
1355 4898 1443 4952 56.
1472 4914 1519 4952 υ.
1550 4898 1649 4968 2).
1678 4899 1767 4953 Ait
1795 4899 1982 4955 Eliuz:

413 5002 432 5033 ι
471 4984 702 5039 Auribus
728 4984 843 5040 hcce
870 4988 1102 5057 percipe,
1140 4986 1258 5041 Joh.
1293 4987 1407 5053 Sta,
1435 4987 1581 5043 disce
1610 4989 1856 5044 virtutem
1884 4991 1985 5044 Do-

406 5075 555 5128 mini.
586 5076 846 5146 Nnmquid
880 5078 1014 5131 liber
1043 5088 1133 5131 aut
1174 5079 1348 5134 scriba
1390 5080 1595 5134 adstitit
1635 5081 1767 5146 tibi;
1799 5092 1891 5135 aut
1917 5082 1986 5136 ab

408 5165 653 5229 aquilone
682 5166 849 5220 nubes
864 5166 1059 5221 coloris
1082 5169 1227 5223 aurei
1260 5188 1279 5219 ι
1300 5167 1449 5239 (Cap.
1470 5170 1560 5224 57.
1579 5185 1626 5224 v.
1654 5171 1847 5225 14.20.
1865 5172 1985 5241 22)?
2024 5220 2027 5227 .

477 5249 619 5308 Deus
640 5269 758 5308 sese
782 5254 1038 5310 exhibens
1056 5256 1245 5311 Jobum
1270 5259 1469 5328 justum
1492 5260 1743 5322 declarat,
1767 5262 1988 5319 docens-

407 5362 510 5415 qne
539 5348 850 5417 mysterium
877 5348 1096 5413 Christi,
1120 5350 1193 5403 ait
1214 5352 1278 5405 ad
1305 5351 1492 5408 Jobum
1527 5372 1539 5408 :
1570 5373 1587 5407 t
1617 5355 1744 5420 Quis
1770 5366 1850 5410 est
1875 5357 1981 5423 hic,

406 5440 494 5509 qui
541 5440 681 5494 celat
725 5456 812 5495 me
863 5441 1177 5505 consilium,
1226 5445 1566 5515 coutinetquc
1611 5462 1886 5502 sermones
1930 5449 1982 5503 iu

404 5533 613 5588 corde?
660 5551 680 5585 ι
728 5534 974 5603 Dialogus
1006 5535 1212 5590 Domini
1255 5554 1267 5589 :
1316 5555 1335 5588 ι
1373 5538 1553 5607 Sepivi
1604 5554 1749 5594 mare
1795 5542 1979 5609 portis.

410 5622 527 5678 Dixi
552 5634 731 5680 autem
761 5625 860 5692 illi,
893 5626 1178 5697 [lucusque
1206 5628 1407 5694 venies,
1441 5638 1495 5684 et
1521 5647 1626 5685 non
1654 5633 1979 5702 praeteribis:

406 5712 503 5772 sed
531 5714 584 5771 iu
617 5717 785 5786 teipse
810 5719 1239 5776 comminueutur
1267 5719 1455 5776 ﬂuctus
1486 5722 1578 5777 tui.
1615 5741 1633 5774 ι
1667 5722 1851 5779 Sermo
1878 5724 1981 5779 Do.

1171 286 1229 344 S.
1268 286 1544 343 JOANNIS
1581 283 2047 341 CIIRYSOSTOMI
2085 284 2402 344 ARCIIIEP.
2442 290 2976 350 CONSTANTINOP.

3599 304 3699 361 πε

2120 397 2248 451 mini
2279 417 2292 453 :
2327 418 2346 451 ι
2379 401 2460 455 Αη
2489 411 2544 457 tu
2574 418 2793 460 sumens
2827 407 2996 461 lutum
3023 406 3262 465 formasti
3288 410 3529 467 anima}?
3558 417 3699 485 Ape-

2116 490 2327 546 riuntur
2357 493 2448 548 tibi
2496 506 2641 551 metu
2672 507 2839 567 portae
2869 501 3099 555 mortis?
3140 511 3233 557 aut
3263 505 3467 561 ostiarii
3510 507 3697 563 inferni

2115 580 2358 637 videntes
2402 592 2452 639 te
2484 587 2834 642 timuerunt?
2882 589 3016 644 Num
3069 593 3261 648 venisti
3308 596 3377 649 ad
3423 599 3699 653 thesaums

2117 674 2254 728 nivis
2279 716 2293 740 ,
2326 684 2417 729 aut
2464 677 2744 734 thesauros
2772 682 3046 750 grandinis
3084 684 3305 741 vidisti?
3336 687 3487 744 Unde
3522 700 3698 744 autem

2114 768 2356 835 procedit
2410 772 2644 838 pruina?
2692 775 2821 840 Quis
2881 780 3202 844 praeparavit
3258 781 3459 836 tluxum
3509 785 3701 851 pluvia»

2113 860 2461 918 vehementi?
2499 884 2518 915 ι
2552 865 2899 937 lusuperque,
2934 888 2953 920 ‹
2987 870 3115 937 Quis
3158 882 3242 927 est
3283 873 3472 942 pluvia:
3504 876 3703 944 pater?

2113 952 2192 1006 Ex
2222 953 2375 1021 cujus
2404 964 2558 1010 utero
2589 959 2828 1025 procedit
2859 961 3100 1029 glacies?
3127 963 3374 1017 l’ruinam
3403 966 3452 1019 in
3483 968 3623 1021 caelo
3655 977 3702 1020 ct

2112 1044 2296 1112 glebas
2347 1046 2484 1100 roris
2533 1049 2652 1117 quis
2698 1051 2953 1118 peperit?
2999 1052 3226 1108 Vocabis
3271 1063 3447 1109 autem
3504 1058 3698 1110 nubem

2111 1152 2275 1203 voce,
2322 1148 2377 1193 et
2410 1150 2641 1195 tremore
2681 1158 2832 1211 aqua:
2863 1144 3050 1198 valida:
3092 1145 3305 1199 obediet
3344 1148 3477 1203 tibi?
3522 1149 3697 1203 Mittes

2114 1227 2331 1284 fulmina
2363 1239 2417 1284 et
2453 1231 2647 1285 ibunt?
2674 1232 2805 1299 Quis
2834 1235 2982 1289 dedit
3009 1236 3321 1292 mulieribus
3347 1249 3577 1294 textura:
3621 1257 3701 1293 sa-

2110 1321 2411 1389 pientiam?
2441 1322 2570 1388 Quis
2596 1326 2913 1394 pmparavit
2934 1342 3100 1380 corvo
3126 1327 3344 1383 eseam?
3387 1328 3526 1383 Pulli
3554 1331 3700 1383 enim

2109 1412 2225 1480 ejus
2252 1414 2618 1466 clamaverunt
2639 1414 2704 1468 ad
2733 1415 3014 1470 Dominum
3038 1427 3301 1481 errantes,
3327 1419 3526 1473 cibaria
3553 1435 3702 1487 qua--

2109 1512 2325 1557 rentes:
2359 1502 2509 1574 (Cap.
2535 1506 2626 1559 58.
2652 1521 2701 1561 υ.
2729 1505 2781 1560 2.
2811 1506 2863 1561 8.
2893 1508 3091 1562 11.14.
3125 1509 3210 1562 17.
3237 1508 3327 1563 22.
3354 1510 3446 1565 21.
3480 1510 3574 1566 25.
3610 1510 3699 1566 28.

2108 1593 2198 1649 29.
2223 1595 2309 1649 54.
2339 1595 2453 1664 41).
2492 1614 2511 1646 ι
2546 1596 2723 1651 Penua
2767 1598 2953 1653 volans
2992 1598 3266 1667 procedet,
3303 1601 3347 1654 si
3389 1604 3702 1672 conceperit

2107 1686 2253 1740 asida
2270 1696 2325 1741 et
2353 1702 2532 1742 nessa.
2552 1688 2837 1758 Relinquet
2858 1689 2910 1744 in
2933 1698 3078 1745 terra
3101 1706 3197 1746 ova
3218 1708 3334 1747 sua.
3358 1692 3494 1749 Cum
3517 1704 3701 1750 tacere

2107 1777 2235 1832 iecit
2255 1780 2303 1833 ei
2328 1779 2469 1834 Deus
2492 1780 2827 1848 sapientiam,
2856 1781 3092 1837 irridebit
3112 1798 3335 1852 equum.
3363 1784 3443 1840 Ex
3467 1786 3702 1841 scientia

2108 1878 2195 1923 tua
2225 1871 2370 1924 stetit
2393 1872 2650 1941 accipiter
2669 1913 2685 1939 ,
2715 1872 2896 1928 vultur
2920 1885 3099 1928 autem
3136 1891 3301 1945 super
3329 1878 3515 1932 nidum
3540 1893 3701 1932 suum

2106 1962 2298 2017 sedens
2328 1975 2563 2019 moratur
2598 1984 2617 2018 ι
2647 1964 2796 2035 (Cap.
2814 1966 2908 2021 59.
2928 1968 3394 2025 υ.15.14.17.18.
3431 1971 3529 2027 26.
3552 1972 3674 2042 27).

2178 2053 2369 2109 Adhuc
2394 2055 2643 2125 loquutus
2662 2066 2747 2111 est
2768 2058 3024 2114 Dominus
3044 2058 3213 2114 Jobo:
3235 2079 3254 2113 ι
3277 2060 3411 2117 Num
3430 2064 3700 2132 judicium

2106 2159 2224 2199 cum
2256 2146 2634 2216 Omnipotente
2659 2148 2965 2218 judicabis?
2989 2161 3042 2205 et
3062 2151 3150 2221 qui
3181 2154 3354 2223 arguit
3382 2154 3699 2219 Dominum.

2107 2238 2452 2307 respondebit
2477 2240 2618 2310 ipsi?
2655 2258 2674 2292 ι
2706 2241 2980 2311 Loquutus
3003 2252 3087 2298 est
3110 2243 3211 2299 Job
3245 2246 3505 2302 Domino:
3532 2268 3555 2299 ι
3590 2248 3701 2319 Ego

2104 2329 2315 2399 judicor
2339 2332 2724 2397 commonitus,
2757 2342 2810 2388 et
2841 2347 3072 2402 arguens
3104 2334 3412 2401 Dominum,
3444 2352 3578 2395 cum
3609 2354 3703 2393 au-

2103 2425 2195 2479 dio
2216 2425 2338 2479 talia
2364 2446 2381 2479 ι
2396 2424 2500 2498 (Ib.
2521 2442 2570 2481 υ.
2591 2427 2680 2482 52.
2696 2426 2808 2499 54).
2827 2427 3101 2498 Loquutus
3116 2438 3199 2485 est
3218 2431 3474 2487 Dominus
3500 2433 3573 2487 ad
3598 2433 3703 2489 Job

2103 2518 2172 2573 de
2197 2520 2338 2575 nube
2358 2520 2592 2575 secundo
2612 2536 2875 2592 apparens
2895 2524 2977 2579 ei:
3009 2542 3030 2576 ‹
3053 2526 3287 2595 Accinge
3301 2527 3443 2581 sicut
3459 2529 3544 2583 vir
3564 2530 3703 2583 lum-

2104 2610 2229 2665 bum
2247 2618 2419 2667 tuum.
2439 2612 2783 2684 lnterrogabo
2803 2625 2979 2671 autem
3000 2629 3070 2680 te,
3093 2626 3147 2672 tu
3170 2634 3299 2673 vero
3316 2619 3448 2674 mihi
3470 2636 3703 2691 respou-

2068 2760 2071 2763 λ
2102 2703 2189 2757 de.
2227 2723 2246 2756 ι
2282 2704 2471 2760 Sermo
2508 2706 2757 2761 Domini:
2791 2726 2810 2759 ι
2832 2707 3140 2765 Confitebor
3178 2712 3318 2780 quod
3369 2714 3543 2781 possit
3570 2716 3701 2770 dex-

2103 2804 2217 2850 tera
2238 2807 2327 2850 tua
2350 2797 2577 2853 salvare.
2604 2798 2799 2853 Verum
2827 2800 3009 2870 utique
3030 2801 3213 2856 bestia:
3239 2804 3376 2871 apud
3406 2814 3460 2859 te
3488 2806 3697 2862 frenum

2102 2886 2239 2940 sicut
2267 2887 2435 2942 boves
2465 2888 2770 2943 comedunt.
2806 2890 2987 2945 Virtus
3012 2901 3190 2947 autem
3221 2894 3339 2962 ejus
3379 2911 3551 2966 super
3585 2914 3702 2951 um-

2102 2977 2262 3033 bilico
2286 2981 2722 3057 ventris._Erexit
2744 2983 2967 3038 caudam
2989 2985 3127 3038 sicut
3146 3000 3487 3055 cupressum.
3515 2989 3699 3043 Costa:

2100 3073 2252 3139 ejus,
2278 3082 2441 3127 costa:
2475 3089 2638 3129 :euea:
2672 3094 2685 3129 :
2713 3076 2865 3143 spina
2893 3086 3072 3131 autem
3101 3077 3216 3146 ejus
3256 3078 3461 3133 ferrum
3512 3079 3695 3136 fusile.

2101 3164 2212 3217 Sub
2255 3165 2401 3218 omni
2444 3179 2641 3233 genere
2683 3166 2933 3221 arborum
2980 3166 3194 3221 dormit.
3232 3168 3402 3223 Duces
3425 3181 3642 3237 autem,
3676 3191 3694 3223 ι

2101 3257 2306 3326 inquit,
2335 3277 2355 3310 ι
2388 3258 2601 3313 leonem
2644 3259 2836 3325 hamo,
2878 3270 2934 3317 et
2974 3260 3347 3331 circumpones
3394 3264 3698 3333 capismuu

2099 3352 2241 3404 circa
2268 3366 2455 3405 nasum
2482 3351 2620 3421 ejus.
2666 3351 2837 3407 Omne
2873 3362 3051 3408 autem
3082 3356 3335 3422 navigans
3359 3357 3701 3410 conveniens

2103 3457 2209 3495 non
2237 3441 2408 3496 ferent
2432 3442 2625 3511 pellem
2658 3457 2815 3497 unam
2844 3442 3027 3498 cauda:
3046 3442 3161 3513 ejus
3182 3443 3335 3514 (Cap.
3364 3445 3458 3499 40.
3484 3462 3537 3500 υ.
3564 3446 3624 3501 2.
3647 3447 3702 3502 9-

2100 3534 2188 3589 15.
2218 3535 2297 3590 16.
2329 3534 2421 3590 20.
2453 3535 2544 3591 21.
2576 3535 2691 3607 26).
2717 3536 2867 3590 Putat
2896 3536 3107 3606 quidem
3137 3536 3337 3592 ferrum
3369 3541 3561 3607 paleas
3582 3580 3599 3603 ,
3628 3556 3701 3594 ωε

2096 3639 2272 3682 autem
2318 3631 2455 3683 sicut
2502 3630 2701 3700 lignum
2746 3630 3032 3699 putridum.
3083 3630 3195 3685 Non
3224 3631 3533 3688 vulnerabit
3572 3650 3697 3690 eum

2096 3736 2254 3775 arcus
2280 3737 2458 3776 aeneus
2485 3741 2503 3774 ι
2532 3720 2680 3794 (Cap.
2710 3724 2798 3777 41.
2826 3738 2874 3777 υ.
2909 3722 2997 3778 18.
3029 3722 3142 3791 19).

2169 3814 2261 3868 His
2282 3815 2508 3870 cessavit
2535 3816 2677 3885 loqui
2702 3815 2838 3870 Job:
2864 3834 2883 3866 ε
2909 3814 3045 3871 Novi
3066 3816 3205 3886 quod
3231 3818 3409 3873 omnia
3434 3829 3621 3889 potes,
3648 3832 3698 3875 et

2098 3907 2225 3961 nihil
2247 3908 2340 3961 tihi
2358 3908 2689 3977 impossibile
2706 3918 2805 3963 est.
2832 3908 2961 3975 Quis
2976 3909 3117 3965 enim
3137 3920 3219 3964 est
3232 3910 3321 3980 qui
3340 3918 3392 3966 te
3407 3913 3553 3969 celat
3576 3929 3699 3968 com

2096 3999 2310 4054 silium?
2332 3999 2512 4053 l‘utavi
2531 4010 2707 4054 autem
2728 4016 2813 4054 me
2833 4008 3028 4055 terram
3044 4001 3346 4056 etcinerem
3373 4022 3393 4054 ι
3417 4001 3579 4074 (Cap.
3606 4006 3694 4059 42.

2097 4107 2146 4146 υ.
2177 4091 2232 4144 2.
2268 4091 2322 4145 5.
2347 4091 2427 4159 6).
2468 4090 2719 4162 Coarguit
2744 4092 2997 4146 Dominus
3024 4092 3245 4162 Eliphaz
3266 4091 3693 4161 Thmmauitem,

2097 4184 2225 4252 quia
2257 4187 2499 4251 peccavit
2530 4184 2642 4253 ipse
2663 4193 2719 4238 et
2737 4182 2843 4237 duo
2868 4184 3025 4238 amici
3048 4182 3185 4253 ejus,
3210 4185 3331 4253 quia
3359 4201 3469 4239 non
3496 4185 3699 4257 loquu-

2098 4287 2183 4332 tus
2208 4287 2292 4332 est
2313 4291 2493 4332 coram
2521 4277 2633 4332 Deo
2660 4292 2864 4331 verum.
2883 4276 2978 4331 llic
2999 4278 3241 4347 expiatio
3270 4278 3327 4332 lit
3357 4279 3523 4334 trium
3555 4283 3699 4335 ami-

2094 4384 2282 4425 corum
2311 4385 2408 4440 per
2436 4369 2539 4424 Job
2576 4368 2907 4425 sacerdmem
2934 4370 3045 4425 Dei.
3076 4370 3227 4436 Quod
3254 4372 3468 4427 auxerit
3505 4373 3701 4428 Domi-

2096 4478 2197 4517 nus
2223 4462 2416 4517 Jobum
2439 4501 2453 4525 ,
2480 4470 2535 4517 et
2564 4470 2817 4531 precante
2850 4462 2942 4517 illo
2968 4476 3062 4531 pro
3087 4462 3276 4516 amicis
3301 4463 3413 4517 suis
3432 4504 3448 4528 ,
3495 4461 3700 4520 Domi-

2095 4571 2198 4611 nus
2219 4555 2606 4609 eondouaverit
2632 4553 2711 4608 eis
2742 4561 3038 4624 peccatum.
3068 4553 3138 4609 Ut
3164 4554 3448 4610 audierunt
3468 4570 3701 4620 omnes,

2094 4647 2186 4717 qui
2226 4662 2293 4702 ex
2329 4660 2525 4715 genere
2567 4644 2683 4701 Jobi
2716 4655 2904 4711 erant,
2944 4655 3288 4701 accesserunt
3326 4645 3390 4701 ad
3432 4662 3571 4702 eum
3598 4689 3616 4714 ,
3650 4661 3705 4704 et

2094 4741 2445 4795 comederunt
2473 4753 2537 4793 ae
2563 4739 2818 4795 biberunt
2844 4739 2985 4809 apud
3024 4754 3144 4794 eum
3165 4781 3181 4805 ,
3213 4740 3474 4810 illumque
3507 4742 3703 4797 admi-

2094 4832 2194 4886 rati
2226 4831 2489 4887 dederuut
2517 4831 2565 4886 ei
2592 4830 2785 4901 singuli
2815 4845 3010 4899 agnum
3030 4846 3214 4895 unum,
3256 4843 3311 4886 et
3346 4832 3703 4888 tetradraeh-

2094 4938 2238 4977 mum
2291 4937 2532 4977 aureum.
2593 4921 2858 4991 Scriptum
2927 4930 3011 4977 est
3069 4937 3190 4977 eum
3250 4936 3699 4981 resurrecturum

2094 5028 2214 5069 esse
2251 5028 2373 5069 eum
2403 5015 2467 5068 iis
2508 5028 2642 5084 quos
2668 5013 3010 5068 resuscitabit
3042 5013 3321 5070 Dominus.
3355 5016 3411 5070 In
3440 5016 3535 5073 his
3561 5034 3699 5073 cou-

2095 5107 2292 5159 tinetur
2315 5105 2393 5159 vis
2419 5105 2593 5159 omnis
2622 5103 2741 5159 libri
2764 5103 2886 5159 Job.

2574 5254 2845 5295 SAPIENTJA
2883 5253 3190 5295 SALOHONIS.

2166 5356 2433 5426 Sapientia
2461 5354 2763 5411 Salomonis
2794 5365 3011 5410 vocatur
3036 5353 3120 5409 hic
3146 5353 3282 5409 liber
3312 5371 3328 5410 :
3361 5372 3484 5410 nam
3521 5360 3698 5413 etiam

2095 5448 2236 5503 hunc
2262 5462 2290 5500 a
2316 5445 2603 5502 Salomone
2633 5446 2888 5516 scriptum
2919 5460 3037 5499 esse
3062 5444 3267 5500 dicunt.
3301 5445 3570 5503 Continet
3603 5466 3692 5502 au-

2093 5550 2200 5596 tem
2246 5538 2545 5595 doctrinam
2580 5537 2800 5607 justitiae
2819 5576 2834 5602 ,
2865 5545 2920 5590 et
2947 5551 3047 5606 qua
3078 5536 3284 5591 ratione
3314 5542 3695 5609 cognoscendi

2094 5633 2203 5689 sint
2246 5641 2370 5686 tunc
2400 5629 2661 5700 improbi,
2696 5638 2822 5683 tunc
2848 5627 2998 5697 probi
3026 5626 3122 5681 viri
3151 5645 3165 5681 :
3192 5627 3258 5682 ad
3291 5627 3409 5683 haec
3437 5632 3697 5702 prophe-

2095 5734 2220 5779 nam
2248 5723 2313 5779 de
2339 5719 2571 5778 Christo.
2609 5720 2772 5777 Docet
2798 5718 2961 5776 etiam
2990 5716 3156 5775 multo
3180 5731 3302 5775 esse
3326 5733 3464 5791 opus
3490 5720 3696 5778 labore
