  <div class='ocr_page' id='page_1' title='image "/cluster/home/n/w/nwhite01/storage/ocr_20150623/56/hvd.32044019304435/359.png"; bbox 0 0 3722 6274; ppageno 0'>
   <div class='ocr_carea' id='block_1_1' title="bbox 449 264 555 323">
    <p class='ocr_par' dir='ltr' id='par_1_1' title="bbox 449 264 555 323">
     <span class='ocr_line' id='line_1_1' title="bbox 449 264 555 323; baseline 0.009 -1"><span class='ocrx_word' id='word_1_1' title='bbox 449 264 555 323; x_wconf 73' lang='lat'>369</span> 
     </span>
    </p>
   </div>
   <div class='ocr_carea' id='block_1_2' title="bbox 448 381 2023 456">
    <p class='ocr_par' dir='ltr' id='par_1_2' title="bbox 448 381 2023 456">
     <span class='ocr_line' id='line_1_2' title="bbox 448 381 2023 456; baseline -0.002 -17"><span class='ocrx_word' id='word_1_2' title='bbox 448 384 566 439; x_wconf 59' lang='grc' dir='ltr'>που</span> <span class='ocrx_word' id='word_1_3' title='bbox 589 381 720 455; x_wconf 81' lang='grc' dir='ltr'>γάρ,</span> <span class='ocrx_word' id='word_1_4' title='bbox 753 383 888 456; x_wconf 81' lang='grc' dir='ltr'>φησί</span> <span class='ocrx_word' id='word_1_5' title='bbox 908 422 926 451; x_wconf 89' lang='grc'>,</span> <span class='ocrx_word' id='word_1_6' title='bbox 973 383 1115 453; x_wconf 76' lang='grc' dir='ltr'>τοὺς</span> <span class='ocrx_word' id='word_1_7' title='bbox 1152 385 1576 456; x_wconf 72' lang='grc' dir='ltr'>ἀηιχρίστους</span> <span class='ocrx_word' id='word_1_8' title='bbox 1596 425 1611 449; x_wconf 85' lang='grc'>,</span> <span class='ocrx_word' id='word_1_9' title='bbox 1655 384 1872 451; x_wconf 75' lang='grc' dir='ltr'>οἵτινές</span> <span class='ocrx_word' id='word_1_10' title='bbox 1902 383 2023 437; x_wconf 81' lang='grc' dir='ltr'>εἰσι</span> 
     </span>
    </p>
   </div>
   <div class='ocr_carea' id='block_1_3' title="bbox 448 467 2025 543">
    <p class='ocr_par' dir='ltr' id='par_1_3' title="bbox 448 467 2025 543">
     <span class='ocr_line' id='line_1_3' title="bbox 448 467 2025 543; baseline -0.001 -19"><span class='ocrx_word' id='word_1_11' title='bbox 448 467 725 537; x_wconf 69' lang='grc' dir='ltr'>θάνατος.</span> <span class='ocrx_word' id='word_1_12' title='bbox 760 469 934 525; x_wconf 89' lang='grc' dir='ltr'>Πόθεν</span> <span class='ocrx_word' id='word_1_13' title='bbox 979 472 1031 525; x_wconf 82' lang='grc' dir='ltr'>οἰ</span> <span class='ocrx_word' id='word_1_14' title='bbox 1059 470 1278 536; x_wconf 83' lang='grc' dir='ltr'>ἀσεϐεῖς</span> <span class='ocrx_word' id='word_1_15' title='bbox 1322 471 1416 525; x_wconf 74' lang='grc' dir='ltr'>ἐπὶ</span> <span class='ocrx_word' id='word_1_16' title='bbox 1451 470 1530 543; x_wconf 84' lang='grc' dir='ltr'>τῷ</span> <span class='ocrx_word' id='word_1_17' title='bbox 1577 470 1889 542; x_wconf 88' lang='grc' dir='ltr'>σταυρῶσαι</span> <span class='ocrx_word' id='word_1_18' title='bbox 1931 469 2025 522; x_wconf 82' lang='grc' dir='ltr'>τὸν</span> 
     </span>
    </p>
   </div>
   <div class='ocr_carea' id='block_1_4' title="bbox 450 552 2027 631">
    <p class='ocr_par' dir='ltr' id='par_1_4' title="bbox 450 552 2027 631">
     <span class='ocr_line' id='line_1_4' title="bbox 450 552 2027 631; baseline -0.003 -19"><span class='ocrx_word' id='word_1_19' title='bbox 450 555 659 631; x_wconf 72' lang='grc' dir='ltr'>Κύριον</span> <span class='ocrx_word' id='word_1_20' title='bbox 685 557 783 627; x_wconf 87' lang='grc' dir='ltr'>τῆς</span> <span class='ocrx_word' id='word_1_21' title='bbox 803 556 962 628; x_wconf 80' lang='grc' dir='ltr'>δόξης</span> <span class='ocrx_word' id='word_1_22' title='bbox 995 552 1193 629; x_wconf 74' lang='grc' dir='ltr'>ἦλθον,</span> <span class='ocrx_word' id='word_1_23' title='bbox 1224 558 1315 612; x_wconf 76' lang='grc' dir='ltr'>τὸν</span> <span class='ocrx_word' id='word_1_24' title='bbox 1343 557 1514 612; x_wconf 91' lang='grc' dir='ltr'>αἰῶνα</span> <span class='ocrx_word' id='word_1_25' title='bbox 1554 557 1746 611; x_wconf 89' lang='grc' dir='ltr'>τοῦτον</span> <span class='ocrx_word' id='word_1_26' title='bbox 1796 555 2027 627; x_wconf 89' lang='grc' dir='ltr'>προκρί-</span> 
     </span>
    </p>
   </div>
   <div class='ocr_carea' id='block_1_5' title="bbox 448 642 2025 709">
    <p class='ocr_par' dir='ltr' id='par_1_5' title="bbox 448 642 2025 709">
     <span class='ocr_line' id='line_1_5' title="bbox 448 642 2025 709; baseline -0.002 -12"><span class='ocrx_word' id='word_1_27' title='bbox 448 660 659 708; x_wconf 91' lang='grc' dir='ltr'>ναντες.</span> <span class='ocrx_word' id='word_1_28' title='bbox 688 643 807 698; x_wconf 86' lang='grc' dir='ltr'>Ὀτι</span> <span class='ocrx_word' id='word_1_29' title='bbox 831 646 926 699; x_wconf 77' lang='grc' dir='ltr'>καὶ</span> <span class='ocrx_word' id='word_1_30' title='bbox 951 645 1079 709; x_wconf 75' lang='grc' dir='ltr'>τοὺς</span> <span class='ocrx_word' id='word_1_31' title='bbox 1122 645 1452 707; x_wconf 78' lang='grc' dir='ltr'>ἀποστόλους</span> <span class='ocrx_word' id='word_1_32' title='bbox 1479 644 1709 709; x_wconf 79' lang='grc' dir='ltr'>ἐδίωξαν</span> <span class='ocrx_word' id='word_1_33' title='bbox 1750 643 1846 697; x_wconf 67' lang='grc' dir='ltr'>καὶ⁵</span> <span class='ocrx_word' id='word_1_34' title='bbox 1882 642 2025 695; x_wconf 80' lang='grc' dir='ltr'>ἀπέ-</span> 
     </span>
    </p>
   </div>
   <div class='ocr_carea' id='block_1_6' title="bbox 448 727 2027 800">
    <p class='ocr_par' dir='ltr' id='par_1_6' title="bbox 448 727 2027 800">
     <span class='ocr_line' id='line_1_6' title="bbox 448 727 2027 800; baseline -0.002 -15"><span class='ocrx_word' id='word_1_35' title='bbox 448 747 687 786; x_wconf 87' lang='grc' dir='ltr'>κτειναν.</span> <span class='ocrx_word' id='word_1_36' title='bbox 708 731 831 785; x_wconf 86' lang='grc' dir='ltr'>Ὅτι</span> <span class='ocrx_word' id='word_1_37' title='bbox 857 730 998 794; x_wconf 75' lang='grc' dir='ltr'>τινες</span> <span class='ocrx_word' id='word_1_38' title='bbox 1016 730 1228 784; x_wconf 80' lang='grc' dir='ltr'>Ισονται</span> <span class='ocrx_word' id='word_1_39' title='bbox 1253 731 1302 783; x_wconf 91' lang='grc' dir='ltr'>οἰ</span> <span class='ocrx_word' id='word_1_40' title='bbox 1325 729 1729 797; x_wconf 77' lang='grc' dir='ltr'>ἐξουθενοῦντες</span> <span class='ocrx_word' id='word_1_41' title='bbox 1750 728 1840 783; x_wconf 79' lang='grc' dir='ltr'>τὸν</span> <span class='ocrx_word' id='word_1_42' title='bbox 1863 727 2027 800; x_wconf 89' lang='grc' dir='ltr'>νόμον</span> 
     </span>
    </p>
   </div>
   <div class='ocr_carea' id='block_1_7' title="bbox 448 812 1735 889">
    <p class='ocr_par' dir='ltr' id='par_1_7' title="bbox 448 812 1735 889">
     <span class='ocr_line' id='line_1_7' title="bbox 448 812 1735 889; baseline -0.002 -20"><span class='ocrx_word' id='word_1_43' title='bbox 448 815 544 869; x_wconf 91' lang='grc' dir='ltr'>τοῦ</span> <span class='ocrx_word' id='word_1_44' title='bbox 566 815 792 889; x_wconf 79' lang='grc' dir='ltr'>Κυρίου,</span> <span class='ocrx_word' id='word_1_45' title='bbox 820 816 914 871; x_wconf 78' lang='grc' dir='ltr'>καὶ</span> <span class='ocrx_word' id='word_1_46' title='bbox 936 815 1081 880; x_wconf 76' lang='grc' dir='ltr'>τινὲς</span> <span class='ocrx_word' id='word_1_47' title='bbox 1106 818 1155 870; x_wconf 92' lang='grc' dir='ltr'>οἰ</span> <span class='ocrx_word' id='word_1_48' title='bbox 1184 815 1547 884; x_wconf 76' lang='grc' dir='ltr'>ὑποταγέντες</span> <span class='ocrx_word' id='word_1_49' title='bbox 1569 812 1735 885; x_wconf 85' lang='grc' dir='ltr'>αύτῷ.</span> 
     </span>
    </p>
   </div>
   <div class='ocr_carea' id='block_1_8' title="bbox 522 901 2022 974">
    <p class='ocr_par' dir='ltr' id='par_1_8' title="bbox 522 901 2022 974">
     <span class='ocr_line' id='line_1_8' title="bbox 522 901 2022 974; baseline -0.003 -15"><span class='ocrx_word' id='word_1_50' title='bbox 522 906 644 959; x_wconf 86' lang='grc' dir='ltr'>Ὅτι</span> <span class='ocrx_word' id='word_1_51' title='bbox 670 905 790 959; x_wconf 83' lang='grc' dir='ltr'>ούδέ</span> <span class='ocrx_word' id='word_1_52' title='bbox 821 905 1058 974; x_wconf 83' lang='grc' dir='ltr'>πλήθους</span> <span class='ocrx_word' id='word_1_53' title='bbox 1097 903 1434 960; x_wconf 85' lang='grc' dir='ltr'>ἀσεϐούντων</span> <span class='ocrx_word' id='word_1_54' title='bbox 1466 904 1547 965; x_wconf 89' lang='grc' dir='ltr'>εἰς</span> <span class='ocrx_word' id='word_1_55' title='bbox 1574 903 1809 974; x_wconf 82' lang='grc' dir='ltr'>Χριστὸν</span> <span class='ocrx_word' id='word_1_56' title='bbox 1840 901 2022 971; x_wconf 81' lang='grc' dir='ltr'>φείσε-</span> 
     </span>
    </p>
   </div>
   <div class='ocr_carea' id='block_1_9' title="bbox 448 988 2026 1063">
    <p class='ocr_par' dir='ltr' id='par_1_9' title="bbox 448 988 2026 1063">
     <span class='ocr_line' id='line_1_9' title="bbox 448 988 2026 1063; baseline -0.003 -17"><span class='ocrx_word' id='word_1_57' title='bbox 448 1010 540 1046; x_wconf 88' lang='grc' dir='ltr'>ται</span> <span class='ocrx_word' id='word_1_58' title='bbox 590 996 618 1047; x_wconf 98' lang='lat'>6</span> <span class='ocrx_word' id='word_1_59' title='bbox 653 992 807 1057; x_wconf 88' lang='grc' dir='ltr'>Θεός.</span> <span class='ocrx_word' id='word_1_60' title='bbox 852 990 1001 1055; x_wconf 83' lang='grc' dir='ltr'>Ἐνὺς</span> <span class='ocrx_word' id='word_1_61' title='bbox 1047 991 1155 1063; x_wconf 85' lang='grc' dir='ltr'>γάρ</span> <span class='ocrx_word' id='word_1_62' title='bbox 1183 990 1390 1045; x_wconf 82' lang='grc' dir='ltr'>δικαίου</span> <span class='ocrx_word' id='word_1_63' title='bbox 1434 989 1781 1052; x_wconf 89' lang='grc' dir='ltr'>πιστεύοντος</span> <span class='ocrx_word' id='word_1_64' title='bbox 1804 988 2026 1061; x_wconf 89' lang='grc' dir='ltr'>Χριστῷ</span> 
     </span>
    </p>
   </div>
   <div class='ocr_carea' id='block_1_10' title="bbox 452 1075 2027 1151">
    <p class='ocr_par' dir='ltr' id='par_1_10' title="bbox 452 1075 2027 1151">
     <span class='ocr_line' id='line_1_10' title="bbox 452 1075 2027 1151; baseline -0.003 -18"><span class='ocrx_word' id='word_1_65' title='bbox 452 1079 604 1150; x_wconf 95' lang='grc' dir='ltr'>μέλει</span> <span class='ocrx_word' id='word_1_66' title='bbox 629 1078 708 1150; x_wconf 87' lang='grc' dir='ltr'>τῷ</span> <span class='ocrx_word' id='word_1_67' title='bbox 731 1077 847 1149; x_wconf 87' lang='grc' dir='ltr'>Θεῷ</span> <span class='ocrx_word' id='word_1_68' title='bbox 865 1117 881 1141; x_wconf 89' lang='grc'>,</span> <span class='ocrx_word' id='word_1_69' title='bbox 909 1076 1009 1131; x_wconf 76' lang='grc' dir='ltr'>κᾶν</span> <span class='ocrx_word' id='word_1_70' title='bbox 1037 1080 1155 1141; x_wconf 89' lang='grc' dir='ltr'>νέος</span> <span class='ocrx_word' id='word_1_71' title='bbox 1176 1076 1442 1151; x_wconf 76' lang='grc' dir='ltr'>ἀποθάνῃ.</span> <span class='ocrx_word' id='word_1_72' title='bbox 1473 1075 1673 1146; x_wconf 82' lang='grc' dir='ltr'>Γῆρας</span> <span class='ocrx_word' id='word_1_73' title='bbox 1700 1078 1810 1146; x_wconf 76' lang='grc' dir='ltr'>γὰρ</span> <span class='ocrx_word' id='word_1_74' title='bbox 1831 1079 2027 1147; x_wconf 78' lang='grc' dir='ltr'>τίμιον</span> 
     </span>
    </p>
   </div>
   <div class='ocr_carea' id='block_1_11' title="bbox 448 1162 2024 1236">
    <p class='ocr_par' dir='ltr' id='par_1_11' title="bbox 448 1162 2024 1236">
     <span class='ocr_line' id='line_1_11' title="bbox 448 1162 2024 1236; baseline -0.004 -14"><span class='ocrx_word' id='word_1_75' title='bbox 448 1170 521 1222; x_wconf 86' lang='grc' dir='ltr'>οὐ</span> <span class='ocrx_word' id='word_1_76' title='bbox 559 1168 627 1221; x_wconf 85' lang='grc' dir='ltr'>τὸ</span> <span class='ocrx_word' id='word_1_77' title='bbox 660 1166 1089 1234; x_wconf 71' lang='grc' dir='ltr'>πολυχρόνιον.</span> <span class='ocrx_word' id='word_1_78' title='bbox 1125 1166 1189 1219; x_wconf 82' lang='grc' dir='ltr'>Εἰ</span> <span class='ocrx_word' id='word_1_79' title='bbox 1242 1166 1337 1219; x_wconf 82' lang='grc' dir='ltr'>καὶ</span> <span class='ocrx_word' id='word_1_80' title='bbox 1387 1164 1588 1236; x_wconf 83' lang='grc' dir='ltr'>ἀσεϐὴς</span> <span class='ocrx_word' id='word_1_81' title='bbox 1636 1163 1889 1233; x_wconf 80' lang='grc' dir='ltr'>τελευτὴν</span> <span class='ocrx_word' id='word_1_82' title='bbox 1930 1162 2024 1216; x_wconf 91' lang='grc' dir='ltr'>τοῦ</span> 
     </span>
    </p>
   </div>
   <div class='ocr_carea' id='block_1_12' title="bbox 449 1250 2026 1327">
    <p class='ocr_par' dir='ltr' id='par_1_12' title="bbox 449 1250 2026 1327">
     <span class='ocr_line' id='line_1_12' title="bbox 449 1250 2026 1327; baseline -0.004 -18"><span class='ocrx_word' id='word_1_83' title='bbox 449 1252 594 1327; x_wconf 75' lang='grc'>[574]</span> <span class='ocrx_word' id='word_1_84' title='bbox 614 1252 954 1315; x_wconf 83' lang='grc' dir='ltr'>πιστεύοντος</span> <span class='ocrx_word' id='word_1_85' title='bbox 966 1253 1009 1304; x_wconf 89' lang='grc' dir='ltr'>Χ</span> <span class='ocrx_word' id='word_1_86' title='bbox 1018 1251 1185 1324; x_wconf 82' lang='grc' dir='ltr'>ριστῷ</span> <span class='ocrx_word' id='word_1_87' title='bbox 1199 1250 1568 1317; x_wconf 82' lang='grc' dir='ltr'>ἐξουθένωσεν,</span> <span class='ocrx_word' id='word_1_88' title='bbox 1584 1252 1697 1306; x_wconf 77' lang='grc' dir='ltr'>ἀλλ’</span> <span class='ocrx_word' id='word_1_89' title='bbox 1714 1250 2026 1318; x_wconf 76' lang='grc' dir='ltr'>ἐκλέγονται</span> 
     </span>
    </p>
   </div>
   <div class='ocr_carea' id='block_1_13' title="bbox 450 1336 2025 1412">
    <p class='ocr_par' dir='ltr' id='par_1_13' title="bbox 450 1336 2025 1412">
     <span class='ocr_line' id='line_1_13' title="bbox 450 1336 2025 1412; baseline -0.004 -17"><span class='ocrx_word' id='word_1_90' title='bbox 450 1340 559 1395; x_wconf 84' lang='grc' dir='ltr'>ἀπὸ</span> <span class='ocrx_word' id='word_1_91' title='bbox 598 1337 853 1412; x_wconf 89' lang='grc' dir='ltr'>Χριστοῦ.</span> <span class='ocrx_word' id='word_1_92' title='bbox 887 1338 949 1391; x_wconf 79' lang='lat' dir='ltr'><strong><em>Ol</em></strong></span> <span class='ocrx_word' id='word_1_93' title='bbox 981 1337 1197 1402; x_wconf 85' lang='grc' dir='ltr'>ἀσεϐεῖς</span> <span class='ocrx_word' id='word_1_94' title='bbox 1228 1337 1409 1409; x_wconf 89' lang='grc' dir='ltr'>ἀτίμῳ</span> <span class='ocrx_word' id='word_1_95' title='bbox 1437 1337 1690 1409; x_wconf 83' lang='grc' dir='ltr'>πτώματι</span> <span class='ocrx_word' id='word_1_96' title='bbox 1722 1336 2025 1408; x_wconf 86' lang='grc' dir='ltr'>παραδοθή-</span> 
     </span>
    </p>
   </div>
   <div class='ocr_carea' id='block_1_14' title="bbox 453 1424 2025 1498">
    <p class='ocr_par' dir='ltr' id='par_1_14' title="bbox 453 1424 2025 1498">
     <span class='ocr_line' id='line_1_14' title="bbox 453 1424 2025 1498; baseline -0.004 -15"><span class='ocrx_word' id='word_1_97' title='bbox 453 1444 657 1489; x_wconf 85' lang='grc' dir='ltr'>σονται,</span> <span class='ocrx_word' id='word_1_98' title='bbox 677 1428 767 1481; x_wconf 79' lang='grc' dir='ltr'>καὶ</span> <span class='ocrx_word' id='word_1_99' title='bbox 790 1426 998 1498; x_wconf 83' lang='grc' dir='ltr'>μεγάλῃ</span> <span class='ocrx_word' id='word_1_100' title='bbox 1020 1425 1197 1498; x_wconf 89' lang='grc' dir='ltr'>κρίσει</span> <span class='ocrx_word' id='word_1_101' title='bbox 1216 1426 1719 1498; x_wconf 82' lang='grc' dir='ltr'>καταϐληθήσονται</span> <span class='ocrx_word' id='word_1_102' title='bbox 1735 1427 1782 1479; x_wconf 92' lang='grc' dir='ltr'>οἰ</span> <span class='ocrx_word' id='word_1_103' title='bbox 1799 1424 2025 1478; x_wconf 89' lang='grc' dir='ltr'>διῶκται</span> 
     </span>
    </p>
   </div>
   <div class='ocr_carea' id='block_1_15' title="bbox 449 1511 2025 1587">
    <p class='ocr_par' dir='ltr' id='par_1_15' title="bbox 449 1511 2025 1587">
     <span class='ocr_line' id='line_1_15' title="bbox 449 1511 2025 1587; baseline -0.003 -17"><span class='ocrx_word' id='word_1_104' title='bbox 449 1516 559 1570; x_wconf 90' lang='grc' dir='ltr'>τῶν</span> <span class='ocrx_word' id='word_1_105' title='bbox 599 1514 693 1569; x_wconf 90' lang='grc' dir='ltr'>τοῦ</span> <span class='ocrx_word' id='word_1_106' title='bbox 728 1512 962 1587; x_wconf 80' lang='grc' dir='ltr'>Χριστοῦ</span> <span class='ocrx_word' id='word_1_107' title='bbox 987 1513 1186 1569; x_wconf 90' lang='grc' dir='ltr'>δούλων</span> <span class='ocrx_word' id='word_1_108' title='bbox 1207 1555 1223 1580; x_wconf 96' lang='grc'>,</span> <span class='ocrx_word' id='word_1_109' title='bbox 1254 1514 1313 1566; x_wconf 89' lang='grc' dir='ltr'>ἐν</span> <span class='ocrx_word' id='word_1_110' title='bbox 1339 1517 1405 1586; x_wconf 79' lang='grc' dir='ltr'>τῇ</span> <span class='ocrx_word' id='word_1_111' title='bbox 1441 1514 1619 1587; x_wconf 82' lang='grc' dir='ltr'>κρίσει</span> <span class='ocrx_word' id='word_1_112' title='bbox 1639 1554 1654 1579; x_wconf 90' lang='grc'>,</span> <span class='ocrx_word' id='word_1_113' title='bbox 1692 1513 1889 1575; x_wconf 91' lang='grc' dir='ltr'>ἰδόντες</span> <span class='ocrx_word' id='word_1_114' title='bbox 1926 1511 2025 1583; x_wconf 81' lang='grc' dir='ltr'>τὴν</span> 
     </span>
    </p>
   </div>
   <div class='ocr_carea' id='block_1_16' title="bbox 449 1595 2021 1665">
    <p class='ocr_par' dir='ltr' id='par_1_16' title="bbox 449 1595 2021 1665">
     <span class='ocr_line' id='line_1_16' title="bbox 449 1595 2021 1665; baseline -0.002 -12"><span class='ocrx_word' id='word_1_115' title='bbox 449 1599 606 1665; x_wconf 79' lang='grc' dir='ltr'>δόξαν</span> <span class='ocrx_word' id='word_1_116' title='bbox 638 1597 803 1652; x_wconf 79' lang='grc' dir='ltr'>αὑτοῦ</span> <span class='ocrx_word' id='word_1_117' title='bbox 833 1596 927 1651; x_wconf 79' lang='grc' dir='ltr'>καὶ</span> <span class='ocrx_word' id='word_1_118' title='bbox 959 1596 1138 1651; x_wconf 79' lang='grc' dir='ltr'>αὐτῶν</span> <span class='ocrx_word' id='word_1_119' title='bbox 1161 1638 1178 1663; x_wconf 88' lang='grc'>,</span> <span class='ocrx_word' id='word_1_120' title='bbox 1228 1598 1323 1651; x_wconf 77' lang='grc' dir='ltr'>καί</span> <span class='ocrx_word' id='word_1_121' title='bbox 1375 1598 1602 1660; x_wconf 78' lang='grc' dir='ltr'>ἑαυτοὺς</span> <span class='ocrx_word' id='word_1_122' title='bbox 1647 1597 1727 1659; x_wconf 89' lang='grc' dir='ltr'>εἰς</span> <span class='ocrx_word' id='word_1_123' title='bbox 1780 1595 2021 1650; x_wconf 82' lang='grc' dir='ltr'>κόλασιν.</span> 
     </span>
    </p>
   </div>
   <div class='ocr_carea' id='block_1_17' title="bbox 451 1678 2021 1751">
    <p class='ocr_par' dir='ltr' id='par_1_17' title="bbox 451 1678 2021 1751">
     <span class='ocr_line' id='line_1_17' title="bbox 451 1678 2021 1751; baseline -0.001 -16"><span class='ocrx_word' id='word_1_124' title='bbox 451 1682 575 1735; x_wconf 77' lang='grc' dir='ltr'>Ὀτι</span> <span class='ocrx_word' id='word_1_125' title='bbox 601 1683 630 1735; x_wconf 88' lang='grc' dir='ltr'>ὁ</span> <span class='ocrx_word' id='word_1_126' title='bbox 678 1680 907 1745; x_wconf 89' lang='grc' dir='ltr'>πλοῦτος</span> <span class='ocrx_word' id='word_1_127' title='bbox 934 1679 1073 1751; x_wconf 86' lang='grc' dir='ltr'>μετά</span> <span class='ocrx_word' id='word_1_128' title='bbox 1102 1679 1417 1744; x_wconf 77' lang='grc' dir='ltr'>ἀλαζονείας</span> <span class='ocrx_word' id='word_1_129' title='bbox 1460 1678 1830 1751; x_wconf 86' lang='grc' dir='ltr'>συμϐέϐληται</span> <span class='ocrx_word' id='word_1_130' title='bbox 1870 1680 2021 1750; x_wconf 89' lang='grc' dir='ltr'>ήμῖν.</span> 
     </span>
    </p>
   </div>
   <div class='ocr_carea' id='block_1_18' title="bbox 449 1762 2026 1837">
    <p class='ocr_par' dir='ltr' id='par_1_18' title="bbox 449 1762 2026 1837">
     <span class='ocr_line' id='line_1_18' title="bbox 449 1762 2026 1837; baseline -0.003 -17"><span class='ocrx_word' id='word_1_131' title='bbox 449 1764 547 1829; x_wconf 84' lang='grc' dir='ltr'>Τίς</span> <span class='ocrx_word' id='word_1_132' title='bbox 596 1764 733 1837; x_wconf 75' lang='grc' dir='ltr'>ὁργὴ</span> <span class='ocrx_word' id='word_1_133' title='bbox 779 1763 889 1818; x_wconf 90' lang='grc' dir='ltr'>τῶν</span> <span class='ocrx_word' id='word_1_134' title='bbox 920 1763 1260 1819; x_wconf 90' lang='grc' dir='ltr'>ἀσεϐούντων</span> <span class='ocrx_word' id='word_1_135' title='bbox 1308 1764 1387 1827; x_wconf 93' lang='grc' dir='ltr'>εἰς</span> <span class='ocrx_word' id='word_1_136' title='bbox 1422 1762 1679 1831; x_wconf 85' lang='grc' dir='ltr'>Χριστόν.</span> <span class='ocrx_word' id='word_1_137' title='bbox 1710 1762 2026 1835; x_wconf 77' lang='grc' dir='ltr'>Προτροπαί</span> 
     </span>
    </p>
   </div>
   <div class='ocr_carea' id='block_1_19' title="bbox 447 1848 2019 1924">
    <p class='ocr_par' dir='ltr' id='par_1_19' title="bbox 447 1848 2019 1924">
     <span class='ocr_line' id='line_1_19' title="bbox 447 1848 2019 1924; baseline -0.001 -19"><span class='ocrx_word' id='word_1_138' title='bbox 447 1855 560 1916; x_wconf 88' lang='grc' dir='ltr'>τοῖς</span> <span class='ocrx_word' id='word_1_139' title='bbox 589 1853 813 1924; x_wconf 77' lang='grc' dir='ltr'>ἄρχουσι</span> <span class='ocrx_word' id='word_1_140' title='bbox 846 1850 941 1906; x_wconf 91' lang='grc' dir='ltr'>τοῦ</span> <span class='ocrx_word' id='word_1_141' title='bbox 982 1851 1199 1924; x_wconf 82' lang='grc' dir='ltr'>Ἰσραήλ</span> <span class='ocrx_word' id='word_1_142' title='bbox 1224 1892 1239 1917; x_wconf 94' lang='grc'>,</span> <span class='ocrx_word' id='word_1_143' title='bbox 1275 1850 1417 1906; x_wconf 84' lang='grc' dir='ltr'>ὥστε</span> <span class='ocrx_word' id='word_1_144' title='bbox 1457 1848 1732 1904; x_wconf 82' lang='grc' dir='ltr'>πιστεύειν</span> <span class='ocrx_word' id='word_1_145' title='bbox 1762 1848 1982 1921; x_wconf 79' lang='grc' dir='ltr'>Χριστῷ</span> <span class='ocrx_word' id='word_1_146' title='bbox 2005 1866 2019 1881; x_wconf 77' lang='grc' dir='ltr'>ο</span> 
     </span>
    </p>
   </div>
   <div class='ocr_carea' id='block_1_20' title="bbox 449 1937 2027 2012">
    <p class='ocr_par' dir='ltr' id='par_1_20' title="bbox 449 1937 2027 2012">
     <span class='ocr_line' id='line_1_20' title="bbox 449 1937 2027 2012; baseline -0.003 -19"><span class='ocrx_word' id='word_1_147' title='bbox 449 1939 649 2012; x_wconf 76' lang='grc' dir='ltr'>μᾶλλον</span> <span class='ocrx_word' id='word_1_148' title='bbox 671 1940 729 1994; x_wconf 84' lang='grc' dir='ltr'>δέ</span> <span class='ocrx_word' id='word_1_149' title='bbox 756 1939 1057 2011; x_wconf 81' lang='grc' dir='ltr'>παράθεσις</span> <span class='ocrx_word' id='word_1_150' title='bbox 1076 1942 1189 2004; x_wconf 89' lang='grc' dir='ltr'>τοῖς</span> <span class='ocrx_word' id='word_1_151' title='bbox 1208 1939 1437 2011; x_wconf 87' lang='grc' dir='ltr'>άρχουσι</span> <span class='ocrx_word' id='word_1_152' title='bbox 1462 1939 1561 2009; x_wconf 80' lang='grc' dir='ltr'>τῆς</span> <span class='ocrx_word' id='word_1_153' title='bbox 1589 1937 1881 2008; x_wconf 84' lang='grc' dir='ltr'>καθολικῆς</span> <span class='ocrx_word' id='word_1_154' title='bbox 1909 1937 2027 1989; x_wconf 78' lang='grc' dir='ltr'>Ἐκ-</span> 
     </span>
    </p>
   </div>
   <div class='ocr_carea' id='block_1_21' title="bbox 445 2023 2019 2100">
    <p class='ocr_par' dir='ltr' id='par_1_21' title="bbox 445 2023 2019 2100">
     <span class='ocr_line' id='line_1_21' title="bbox 445 2023 2019 2100; baseline -0.003 -17"><span class='ocrx_word' id='word_1_155' title='bbox 445 2027 713 2100; x_wconf 89' lang='grc' dir='ltr'>κλησίας,</span> <span class='ocrx_word' id='word_1_156' title='bbox 753 2026 869 2091; x_wconf 84' lang='grc' dir='ltr'>πῶς</span> <span class='ocrx_word' id='word_1_157' title='bbox 908 2027 1097 2099; x_wconf 78' lang='grc' dir='ltr'>ἄρχειν</span> <span class='ocrx_word' id='word_1_158' title='bbox 1148 2025 1260 2092; x_wconf 91' lang='grc' dir='ltr'>δεῖ,</span> <span class='ocrx_word' id='word_1_159' title='bbox 1300 2025 1742 2099; x_wconf 75' lang='grc' dir='ltr'>ἀποστραφέντος</span> <span class='ocrx_word' id='word_1_160' title='bbox 1788 2023 2019 2079; x_wconf 82' lang='grc' dir='ltr'>ἐκείνου.</span> 
     </span>
    </p>
   </div>
   <div class='ocr_carea' id='block_1_22' title="bbox 446 2114 2022 2189">
    <p class='ocr_par' dir='ltr' id='par_1_22' title="bbox 446 2114 2022 2189">
     <span class='ocr_line' id='line_1_22' title="bbox 446 2114 2022 2189; baseline -0.003 -18"><span class='ocrx_word' id='word_1_161' title='bbox 446 2117 543 2182; x_wconf 88' lang='grc' dir='ltr'>Τίς</span> <span class='ocrx_word' id='word_1_162' title='bbox 565 2119 598 2189; x_wconf 88' lang='grc' dir='ltr'>ή</span> <span class='ocrx_word' id='word_1_163' title='bbox 634 2117 816 2186; x_wconf 89' lang='grc' dir='ltr'>σοφία,</span> <span class='ocrx_word' id='word_1_164' title='bbox 848 2117 877 2170; x_wconf 88' lang='grc' dir='ltr'>ὁ</span> <span class='ocrx_word' id='word_1_165' title='bbox 899 2116 1025 2180; x_wconf 83' lang='grc' dir='ltr'>Υἱὸς</span> <span class='ocrx_word' id='word_1_166' title='bbox 1045 2115 1139 2170; x_wconf 88' lang='grc' dir='ltr'>τοῦ</span> <span class='ocrx_word' id='word_1_167' title='bbox 1161 2116 1318 2171; x_wconf 88' lang='grc' dir='ltr'>Θεοῦ.</span> <span class='ocrx_word' id='word_1_168' title='bbox 1341 2118 1451 2170; x_wconf 91' lang='lat' dir='ltr'>Kal</span> <span class='ocrx_word' id='word_1_169' title='bbox 1480 2116 1596 2181; x_wconf 86' lang='grc' dir='ltr'>πῶς</span> <span class='ocrx_word' id='word_1_170' title='bbox 1626 2118 1655 2170; x_wconf 94' lang='grc' dir='ltr'>ὁ</span> <span class='ocrx_word' id='word_1_171' title='bbox 1681 2116 1854 2184; x_wconf 85' lang='grc' dir='ltr'>Λόγος</span> <span class='ocrx_word' id='word_1_172' title='bbox 1886 2114 2022 2186; x_wconf 79' lang='grc' dir='ltr'>σάρξ</span> 
     </span>
    </p>
   </div>
   <div class='ocr_carea' id='block_1_23' title="bbox 446 2201 2024 2274">
    <p class='ocr_par' dir='ltr' id='par_1_23' title="bbox 446 2201 2024 2274">
     <span class='ocr_line' id='line_1_23' title="bbox 446 2201 2024 2274; baseline -0.001 -17"><span class='ocrx_word' id='word_1_173' title='bbox 446 2202 638 2273; x_wconf 79' lang='grc' dir='ltr'>γέγονε</span> <span class='ocrx_word' id='word_1_174' title='bbox 659 2243 676 2269; x_wconf 94' lang='grc'>,</span> <span class='ocrx_word' id='word_1_175' title='bbox 701 2202 796 2263; x_wconf 79' lang='grc' dir='ltr'>καὶ</span> <span class='ocrx_word' id='word_1_176' title='bbox 819 2202 1128 2273; x_wconf 75' lang='grc' dir='ltr'>ἐσκήνωσεν</span> <span class='ocrx_word' id='word_1_177' title='bbox 1148 2204 1208 2257; x_wconf 87' lang='grc' dir='ltr'>ἐν</span> <span class='ocrx_word' id='word_1_178' title='bbox 1233 2205 1385 2274; x_wconf 83' lang='grc' dir='ltr'>ἡμῖν.</span> <span class='ocrx_word' id='word_1_179' title='bbox 1411 2204 1532 2257; x_wconf 85' lang='grc' dir='ltr'>Ὅτι</span> <span class='ocrx_word' id='word_1_180' title='bbox 1574 2201 1730 2271; x_wconf 88' lang='grc' dir='ltr'>κάγὼ</span> <span class='ocrx_word' id='word_1_181' title='bbox 1762 2204 2024 2273; x_wconf 88' lang='grc' dir='ltr'>ὁμοιοπα-</span> 
     </span>
    </p>
   </div>
   <div class='ocr_carea' id='block_1_24' title="bbox 446 2287 2021 2361">
    <p class='ocr_par' dir='ltr' id='par_1_24' title="bbox 446 2287 2021 2361">
     <span class='ocr_line' id='line_1_24' title="bbox 446 2287 2021 2361; baseline 0.001 -19"><span class='ocrx_word' id='word_1_182' title='bbox 446 2289 544 2360; x_wconf 77' lang='grc' dir='ltr'>θὴς</span> <span class='ocrx_word' id='word_1_183' title='bbox 572 2291 700 2359; x_wconf 85' lang='grc' dir='ltr'>ὑμῖν</span> <span class='ocrx_word' id='word_1_184' title='bbox 724 2287 800 2343; x_wconf 86' lang='grc' dir='ltr'>ὼν</span> <span class='ocrx_word' id='word_1_185' title='bbox 827 2288 1114 2361; x_wconf 77' lang='grc' dir='ltr'>ἄνθρωπος</span> <span class='ocrx_word' id='word_1_186' title='bbox 1146 2291 1211 2343; x_wconf 72' lang='grc' dir='ltr'>ὲκ</span> <span class='ocrx_word' id='word_1_187' title='bbox 1236 2288 1536 2353; x_wconf 79' lang='grc' dir='ltr'>κελεύσεως</span> <span class='ocrx_word' id='word_1_188' title='bbox 1559 2287 1695 2343; x_wconf 86' lang='grc' dir='ltr'>Θεοῦ</span> <span class='ocrx_word' id='word_1_189' title='bbox 1728 2288 2021 2343; x_wconf 86' lang='grc' dir='ltr'>πεπαίδευ-</span> 
     </span>
    </p>
   </div>
   <div class='ocr_carea' id='block_1_25' title="bbox 447 2377 2021 2450">
    <p class='ocr_par' dir='ltr' id='par_1_25' title="bbox 447 2377 2021 2450">
     <span class='ocr_line' id='line_1_25' title="bbox 447 2377 2021 2450; baseline 0 -17"><span class='ocrx_word' id='word_1_190' title='bbox 447 2396 569 2450; x_wconf 84' lang='grc' dir='ltr'>μαι.</span> <span class='ocrx_word' id='word_1_191' title='bbox 598 2379 734 2450; x_wconf 83' lang='grc' dir='ltr'>Περί</span> <span class='ocrx_word' id='word_1_192' title='bbox 759 2377 994 2450; x_wconf 80' lang='grc' dir='ltr'>Χριστοῦ</span> <span class='ocrx_word' id='word_1_193' title='bbox 1014 2395 1028 2411; x_wconf 78' lang='grc' dir='ltr'><strong>ο</strong></span> <span class='ocrx_word' id='word_1_194' title='bbox 1064 2381 1137 2449; x_wconf 80' lang='grc' dir='ltr'>τῇ</span> <span class='ocrx_word' id='word_1_195' title='bbox 1172 2378 1335 2450; x_wconf 74' lang='grc' dir='ltr'>σοφίᾳ</span> <span class='ocrx_word' id='word_1_196' title='bbox 1360 2378 1452 2432; x_wconf 86' lang='grc' dir='ltr'>τοῦ</span> <span class='ocrx_word' id='word_1_197' title='bbox 1480 2377 1617 2433; x_wconf 83' lang='grc' dir='ltr'>Θεοῦ</span> <span class='ocrx_word' id='word_1_198' title='bbox 1644 2418 1660 2443; x_wconf 95' lang='grc'>,</span> <span class='ocrx_word' id='word_1_199' title='bbox 1691 2380 1773 2433; x_wconf 85' lang='grc' dir='ltr'>ὅτι</span> <span class='ocrx_word' id='word_1_200' title='bbox 1800 2379 2021 2433; x_wconf 87' lang='grc' dir='ltr'>πάντων</span> 
     </span>
    </p>
   </div>
   <div class='ocr_carea' id='block_1_26' title="bbox 443 2465 2021 2538">
    <p class='ocr_par' dir='ltr' id='par_1_26' title="bbox 443 2465 2021 2538">
     <span class='ocr_line' id='line_1_26' title="bbox 443 2465 2021 2538; baseline 0.001 -18"><span class='ocrx_word' id='word_1_201' title='bbox 443 2466 544 2538; x_wconf 81' lang='grc' dir='ltr'>τὴν</span> <span class='ocrx_word' id='word_1_202' title='bbox 585 2466 784 2535; x_wconf 90' lang='grc' dir='ltr'>γνῶσιν</span> <span class='ocrx_word' id='word_1_203' title='bbox 809 2466 868 2532; x_wconf 80' lang='grc' dir='ltr'>ἐξ</span> <span class='ocrx_word' id='word_1_204' title='bbox 898 2466 1068 2537; x_wconf 78' lang='grc' dir='ltr'>αὐτῆς</span> <span class='ocrx_word' id='word_1_205' title='bbox 1093 2465 1281 2537; x_wconf 72' lang='grc' dir='ltr'>ἔσχον·</span> <span class='ocrx_word' id='word_1_206' title='bbox 1328 2467 1423 2523; x_wconf 82' lang='grc' dir='ltr'>Ἐν</span> <span class='ocrx_word' id='word_1_207' title='bbox 1470 2467 1582 2536; x_wconf 78' lang='grc' dir='ltr'>γὰρ</span> <span class='ocrx_word' id='word_1_208' title='bbox 1629 2466 1781 2536; x_wconf 79' lang='grc' dir='ltr'>χειρί</span> <span class='ocrx_word' id='word_1_209' title='bbox 1834 2466 2021 2521; x_wconf 84' lang='grc' dir='ltr'>αὑτοῦ</span> 
     </span>
    </p>
   </div>
   <div class='ocr_carea' id='block_1_27' title="bbox 444 2553 2021 2626">
    <p class='ocr_par' dir='ltr' id='par_1_27' title="bbox 444 2553 2021 2626">
     <span class='ocr_line' id='line_1_27' title="bbox 444 2553 2021 2626; baseline -0.001 -17"><span class='ocrx_word' id='word_1_210' title='bbox 444 2555 547 2625; x_wconf 63' lang='grc' dir='ltr'>καί</span> <span class='ocrx_word' id='word_1_211' title='bbox 573 2554 744 2624; x_wconf 68' lang='grc' dir='ltr'>ἡμεῖς</span> <span class='ocrx_word' id='word_1_212' title='bbox 766 2553 865 2610; x_wconf 77' lang='grc' dir='ltr'>καὶ</span> <span class='ocrx_word' id='word_1_213' title='bbox 893 2557 948 2609; x_wconf 89' lang='grc' dir='ltr'>οί</span> <span class='ocrx_word' id='word_1_214' title='bbox 973 2555 1140 2624; x_wconf 66' lang='grc' dir='ltr'>,λόγοι</span> <span class='ocrx_word' id='word_1_215' title='bbox 1179 2554 1367 2624; x_wconf 74' lang='grc' dir='ltr'>ἡμῶν.</span> <span class='ocrx_word' id='word_1_216' title='bbox 1391 2554 1486 2620; x_wconf 88' lang='grc' dir='ltr'>Τίς</span> <span class='ocrx_word' id='word_1_217' title='bbox 1509 2556 1542 2626; x_wconf 85' lang='grc' dir='ltr'>ή</span> <span class='ocrx_word' id='word_1_218' title='bbox 1575 2554 1755 2626; x_wconf 80' lang='grc' dir='ltr'>σοφία,</span> <span class='ocrx_word' id='word_1_219' title='bbox 1780 2556 1875 2610; x_wconf 79' lang='grc' dir='ltr'>καὶ</span> <span class='ocrx_word' id='word_1_220' title='bbox 1903 2555 2021 2620; x_wconf 90' lang='grc' dir='ltr'>πῶς</span> 
     </span>
    </p>
   </div>
   <div class='ocr_carea' id='block_1_28' title="bbox 444 2636 2023 2715">
    <p class='ocr_par' dir='ltr' id='par_1_28' title="bbox 444 2636 2023 2715">
     <span class='ocr_line' id='line_1_28' title="bbox 444 2636 2023 2715; baseline -0.001 -17"><span class='ocrx_word' id='word_1_221' title='bbox 444 2644 528 2705; x_wconf 87' lang='grc' dir='ltr'>εἰς</span> <span class='ocrx_word' id='word_1_222' title='bbox 560 2641 878 2715; x_wconf 82' lang='grc' dir='ltr'>ἀνθρώπους</span> <span class='ocrx_word' id='word_1_223' title='bbox 909 2637 1059 2713; x_wconf 80' lang='grc' dir='ltr'>ἦλθε.</span> <span class='ocrx_word' id='word_1_224' title='bbox 1092 2642 1212 2699; x_wconf 83' lang='grc' dir='ltr'>Μία</span> <span class='ocrx_word' id='word_1_225' title='bbox 1241 2642 1352 2712; x_wconf 74' lang='grc' dir='ltr'>γὰρ</span> <span class='ocrx_word' id='word_1_226' title='bbox 1396 2638 1557 2698; x_wconf 85' lang='grc' dir='ltr'>οὖσα</span> <span class='ocrx_word' id='word_1_227' title='bbox 1603 2636 2023 2698; x_wconf 66' lang='grc' dir='ltr'>πάντίδύνα-</span> 
     </span>
    </p>
   </div>
   <div class='ocr_carea' id='block_1_29' title="bbox 444 2728 2021 2802">
    <p class='ocr_par' dir='ltr' id='par_1_29' title="bbox 444 2728 2021 2802">
     <span class='ocr_line' id='line_1_29' title="bbox 444 2728 2021 2802; baseline 0.001 -19"><span class='ocrx_word' id='word_1_228' title='bbox 444 2748 561 2794; x_wconf 82' lang='grc' dir='ltr'>ται,</span> <span class='ocrx_word' id='word_1_229' title='bbox 594 2731 687 2784; x_wconf 79' lang='grc' dir='ltr'>καί</span> <span class='ocrx_word' id='word_1_230' title='bbox 713 2728 984 2800; x_wconf 79' lang='grc' dir='ltr'>μένουσα</span> <span class='ocrx_word' id='word_1_231' title='bbox 1010 2728 1081 2782; x_wconf 74' lang='grc' dir='ltr'>ἐν</span> <span class='ocrx_word' id='word_1_232' title='bbox 1106 2728 1262 2799; x_wconf 76' lang='grc' dir='ltr'>αὐτῇ</span> <span class='ocrx_word' id='word_1_233' title='bbox 1287 2730 1358 2786; x_wconf 82' lang='grc' dir='ltr'>τὰ</span> <span class='ocrx_word' id='word_1_234' title='bbox 1390 2729 1586 2785; x_wconf 78' lang='grc' dir='ltr'>πάντα</span> <span class='ocrx_word' id='word_1_235' title='bbox 1615 2730 1873 2792; x_wconf 77' lang='grc' dir='ltr'>καινίζει.</span> <span class='ocrx_word' id='word_1_236' title='bbox 1910 2730 2021 2802; x_wconf 82' lang='grc' dir='ltr'>Τὴν</span> 
     </span>
    </p>
   </div>
   <div class='ocr_carea' id='block_1_30' title="bbox 447 2816 2023 2889">
    <p class='ocr_par' dir='ltr' id='par_1_30' title="bbox 447 2816 2023 2889">
     <span class='ocr_line' id='line_1_30' title="bbox 447 2816 2023 2889; baseline 0.001 -19"><span class='ocrx_word' id='word_1_237' title='bbox 447 2816 660 2887; x_wconf 79' lang='grc' dir='ltr'>σοφίαν,</span> <span class='ocrx_word' id='word_1_238' title='bbox 683 2817 866 2888; x_wconf 66' lang='grc' dir='ltr'>φησιν,</span> <span class='ocrx_word' id='word_1_239' title='bbox 890 2817 952 2869; x_wconf 87' lang='grc' dir='ltr'>ἐκ</span> <span class='ocrx_word' id='word_1_240' title='bbox 982 2816 1229 2889; x_wconf 88' lang='grc' dir='ltr'>νεότητος</span> <span class='ocrx_word' id='word_1_241' title='bbox 1252 2817 1483 2889; x_wconf 79' lang='grc' dir='ltr'>φιλήσας</span> <span class='ocrx_word' id='word_1_242' title='bbox 1506 2857 1521 2883; x_wconf 94' lang='grc'>,</span> <span class='ocrx_word' id='word_1_243' title='bbox 1544 2817 1724 2872; x_wconf 91' lang='grc' dir='ltr'>πάντα</span> <span class='ocrx_word' id='word_1_244' title='bbox 1743 2818 1812 2872; x_wconf 89' lang='grc' dir='ltr'>τά</span> <span class='ocrx_word' id='word_1_245' title='bbox 1840 2818 2023 2888; x_wconf 84' lang='grc' dir='ltr'>ἀγαθά</span> 
     </span>
    </p>
   </div>
   <div class='ocr_carea' id='block_1_31' title="bbox 446 2903 2023 2977">
    <p class='ocr_par' dir='ltr' id='par_1_31' title="bbox 446 2903 2023 2977">
     <span class='ocr_line' id='line_1_31' title="bbox 446 2903 2023 2977; baseline 0.002 -20"><span class='ocrx_word' id='word_1_246' title='bbox 446 2903 507 2969; x_wconf 80' lang='grc' dir='ltr'>ἐξ</span> <span class='ocrx_word' id='word_1_247' title='bbox 550 2905 719 2976; x_wconf 69' lang='grc' dir='ltr'>αὐτῆς</span> <span class='ocrx_word' id='word_1_248' title='bbox 762 2904 919 2975; x_wconf 76' lang='grc' dir='ltr'>ἔσχον</span> <span class='ocrx_word' id='word_1_249' title='bbox 966 2904 1204 2975; x_wconf 86' lang='grc' dir='ltr'>σαρκικά</span> <span class='ocrx_word' id='word_1_250' title='bbox 1246 2905 1341 2959; x_wconf 80' lang='grc' dir='ltr'>καί</span> <span class='ocrx_word' id='word_1_251' title='bbox 1391 2906 1756 2977; x_wconf 87' lang='grc' dir='ltr'>πνευματικά.</span> <span class='ocrx_word' id='word_1_252' title='bbox 1793 2905 1920 2962; x_wconf 73' lang='grc' dir='ltr'>Ὀτι</span> <span class='ocrx_word' id='word_1_253' title='bbox 1960 2906 2023 2960; x_wconf 82' lang='grc' dir='ltr'>τὸ</span> 
     </span>
    </p>
   </div>
   <div class='ocr_carea' id='block_1_32' title="bbox 448 2992 2019 3069">
    <p class='ocr_par' dir='ltr' id='par_1_32' title="bbox 448 2992 2019 3069">
     <span class='ocr_line' id='line_1_32' title="bbox 448 2992 2019 3069; baseline 0.002 -23"><span class='ocrx_word' id='word_1_254' title='bbox 448 2993 673 3065; x_wconf 75' lang='grc' dir='ltr'>μέγεθος</span> <span class='ocrx_word' id='word_1_255' title='bbox 705 2993 802 3063; x_wconf 85' lang='grc' dir='ltr'>τῆς</span> <span class='ocrx_word' id='word_1_256' title='bbox 849 2992 1040 3063; x_wconf 89' lang='grc' dir='ltr'>σοφίας</span> <span class='ocrx_word' id='word_1_257' title='bbox 1092 2993 1345 3064; x_wconf 88' lang='grc' dir='ltr'>ἐγνωκὼς</span> <span class='ocrx_word' id='word_1_258' title='bbox 1400 2996 1647 3067; x_wconf 85' lang='grc' dir='ltr'>ἐνέτυχον</span> <span class='ocrx_word' id='word_1_259' title='bbox 1693 2996 1772 3067; x_wconf 86' lang='grc' dir='ltr'>τῷ</span> <span class='ocrx_word' id='word_1_260' title='bbox 1807 2995 2019 3069; x_wconf 83' lang='grc' dir='ltr'>Κυρίῳ,</span> 
     </span>
    </p>
   </div>
   <div class='ocr_carea' id='block_1_33' title="bbox 444 3079 2021 3155">
    <p class='ocr_par' dir='ltr' id='par_1_33' title="bbox 444 3079 2021 3155">
     <span class='ocr_line' id='line_1_33' title="bbox 444 3079 2021 3155; baseline 0.001 -20"><span class='ocrx_word' id='word_1_261' title='bbox 444 3079 586 3136; x_wconf 78' lang='grc' dir='ltr'>ὥστε</span> <span class='ocrx_word' id='word_1_262' title='bbox 613 3098 704 3151; x_wconf 91' lang='grc' dir='ltr'>μοι</span> <span class='ocrx_word' id='word_1_263' title='bbox 733 3079 953 3152; x_wconf 79' lang='grc' dir='ltr'>δοθήναι</span> <span class='ocrx_word' id='word_1_264' title='bbox 998 3081 1060 3137; x_wconf 75' lang='grc' dir='ltr'>τὸ</span> <span class='ocrx_word' id='word_1_265' title='bbox 1113 3082 1268 3150; x_wconf 77' lang='grc' dir='ltr'>ἅγιον</span> <span class='ocrx_word' id='word_1_266' title='bbox 1311 3082 1535 3154; x_wconf 88' lang='grc' dir='ltr'>Πνεῦμα</span> <span class='ocrx_word' id='word_1_267' title='bbox 1566 3084 1629 3137; x_wconf 78' lang='grc' dir='ltr'>τὸ</span> <span class='ocrx_word' id='word_1_268' title='bbox 1677 3082 1912 3155; x_wconf 73' lang='grc' dir='ltr'>φωτίζον</span> <span class='ocrx_word' id='word_1_269' title='bbox 1952 3100 2021 3155; x_wconf 87' lang='grc' dir='ltr'>με</span> 
     </span>
    </p>
   </div>
   <div class='ocr_carea' id='block_1_34' title="bbox 442 3168 2019 3247">
    <p class='ocr_par' dir='ltr' id='par_1_34' title="bbox 442 3168 2019 3247">
     <span class='ocr_line' id='line_1_34' title="bbox 442 3168 2019 3247; baseline 0.002 -24"><span class='ocrx_word' id='word_1_270' title='bbox 442 3169 574 3240; x_wconf 87' lang='grc' dir='ltr'>περί</span> <span class='ocrx_word' id='word_1_271' title='bbox 625 3168 814 3240; x_wconf 78' lang='grc' dir='ltr'>αὐτῆς.</span> <span class='ocrx_word' id='word_1_272' title='bbox 851 3170 959 3224; x_wconf 84' lang='grc' dir='ltr'>Καὶ</span> <span class='ocrx_word' id='word_1_273' title='bbox 1014 3169 1313 3241; x_wconf 74' lang='grc' dir='ltr'>ἐπέμφθη,</span> <span class='ocrx_word' id='word_1_274' title='bbox 1372 3171 1458 3225; x_wconf 82' lang='grc' dir='ltr'>ἵνα</span> <span class='ocrx_word' id='word_1_275' title='bbox 1510 3172 1850 3247; x_wconf 72' lang='grc' dir='ltr'>συγκοπιάζη</span> <span class='ocrx_word' id='word_1_276' title='bbox 1907 3189 2019 3243; x_wconf 90' lang='grc' dir='ltr'>μοι.</span> 
     </span>
    </p>
   </div>
   <div class='ocr_carea' id='block_1_35' title="bbox 444 3257 2023 3333">
    <p class='ocr_par' dir='ltr' id='par_1_35' title="bbox 444 3257 2023 3333">
     <span class='ocr_line' id='line_1_35' title="bbox 444 3257 2023 3333; baseline 0.003 -22"><span class='ocrx_word' id='word_1_277' title='bbox 444 3258 729 3328; x_wconf 76' lang='grc' dir='ltr'>Λογισμοί</span> <span class='ocrx_word' id='word_1_278' title='bbox 775 3258 882 3331; x_wconf 75' lang='grc' dir='ltr'>γάρ</span> <span class='ocrx_word' id='word_1_279' title='bbox 913 3257 1145 3327; x_wconf 80' lang='grc' dir='ltr'>θνητῶν</span> <span class='ocrx_word' id='word_1_280' title='bbox 1165 3259 1375 3316; x_wconf 74' lang='grc' dir='ltr'>δειλοί.</span> <span class='ocrx_word' id='word_1_281' title='bbox 1400 3261 1535 3333; x_wconf 74' lang='grc' dir='ltr'>Περὶ</span> <span class='ocrx_word' id='word_1_282' title='bbox 1561 3261 1671 3316; x_wconf 90' lang='grc' dir='ltr'>τῶν</span> <span class='ocrx_word' id='word_1_283' title='bbox 1715 3261 1892 3333; x_wconf 72' lang='grc' dir='ltr'>ἔργων</span> <span class='ocrx_word' id='word_1_284' title='bbox 1923 3261 2023 3333; x_wconf 86' lang='grc' dir='ltr'>τῆς</span> 
     </span>
    </p>
   </div>
   <div class='ocr_carea' id='block_1_36' title="bbox 445 3346 2022 3420">
    <p class='ocr_par' dir='ltr' id='par_1_36' title="bbox 445 3346 2022 3420">
     <span class='ocr_line' id='line_1_36' title="bbox 445 3346 2022 3420; baseline 0.002 -20"><span class='ocrx_word' id='word_1_285' title='bbox 445 3346 657 3418; x_wconf 82' lang='grc' dir='ltr'>σοφίας.</span> <span class='ocrx_word' id='word_1_286' title='bbox 693 3346 814 3411; x_wconf 83' lang='grc' dir='ltr'>Πῶς</span> <span class='ocrx_word' id='word_1_287' title='bbox 836 3347 927 3401; x_wconf 77' lang='grc' dir='ltr'>τὸν</span> <span class='ocrx_word' id='word_1_288' title='bbox 962 3348 1384 3420; x_wconf 87' lang='grc' dir='ltr'>πρωτόπλαστον</span> <span class='ocrx_word' id='word_1_289' title='bbox 1414 3349 1753 3419; x_wconf 81' lang='grc' dir='ltr'>διεφύλαξεν,</span> <span class='ocrx_word' id='word_1_290' title='bbox 1792 3349 1853 3415; x_wconf 83' lang='grc' dir='ltr'>ἐξ</span> <span class='ocrx_word' id='word_1_291' title='bbox 1881 3350 2022 3405; x_wconf 86' lang='grc' dir='ltr'>ὁσων</span> 
     </span>
    </p>
   </div>
   <div class='ocr_carea' id='block_1_37' title="bbox 444 3434 2020 3508">
    <p class='ocr_par' dir='ltr' id='par_1_37' title="bbox 444 3434 2020 3508">
     <span class='ocr_line' id='line_1_37' title="bbox 444 3434 2020 3508; baseline 0 -18"><span class='ocrx_word' id='word_1_292' title='bbox 444 3435 629 3490; x_wconf 82' lang='grc' dir='ltr'>κακῶν</span> <span class='ocrx_word' id='word_1_293' title='bbox 670 3434 831 3500; x_wconf 81' lang='grc' dir='ltr'>σώζει</span> <span class='ocrx_word' id='word_1_294' title='bbox 853 3435 977 3498; x_wconf 77' lang='grc' dir='ltr'>τοὺς</span> <span class='ocrx_word' id='word_1_295' title='bbox 996 3435 1350 3501; x_wconf 87' lang='grc' dir='ltr'>πιστεύοντας</span> <span class='ocrx_word' id='word_1_296' title='bbox 1383 3437 1530 3508; x_wconf 85' lang='grc' dir='ltr'>αύτῷ</span> <span class='ocrx_word' id='word_1_297' title='bbox 1549 3437 1578 3490; x_wconf 91' lang='grc' dir='ltr'>ὁ</span> <span class='ocrx_word' id='word_1_298' title='bbox 1608 3437 1741 3502; x_wconf 76' lang='grc' dir='ltr'>Θεὸς</span> <span class='ocrx_word' id='word_1_299' title='bbox 1759 3477 1774 3500; x_wconf 92' lang='grc'>,</span> <span class='ocrx_word' id='word_1_300' title='bbox 1800 3437 1895 3492; x_wconf 81' lang='grc' dir='ltr'>καί</span> <span class='ocrx_word' id='word_1_301' title='bbox 1920 3438 2020 3491; x_wconf 87' lang='grc' dir='ltr'>ὅσα</span> 
     </span>
    </p>
   </div>
   <div class='ocr_carea' id='block_1_38' title="bbox 443 3514 2019 3595">
    <p class='ocr_par' dir='ltr' id='par_1_38' title="bbox 443 3514 2019 3595">
     <span class='ocr_line' id='line_1_38' title="bbox 443 3514 2019 3595; baseline 0.003 -21"><span class='ocrx_word' id='word_1_302' title='bbox 443 3519 626 3588; x_wconf 84' lang='grc' dir='ltr'>ἀγαθά</span> <span class='ocrx_word' id='word_1_303' title='bbox 651 3519 897 3591; x_wconf 78' lang='grc' dir='ltr'>παρέχει.</span> <span class='ocrx_word' id='word_1_304' title='bbox 921 3514 1044 3574; x_wconf 77' lang='grc' dir='ltr'>Οίον</span> <span class='ocrx_word' id='word_1_305' title='bbox 1064 3520 1158 3574; x_wconf 76' lang='grc' dir='ltr'>τὸν</span> <span class='ocrx_word' id='word_1_306' title='bbox 1177 3522 1323 3587; x_wconf 86' lang='grc' dir='ltr'>Νῶε,</span> <span class='ocrx_word' id='word_1_307' title='bbox 1345 3522 1438 3576; x_wconf 77' lang='grc' dir='ltr'>τὸν</span> <span class='ocrx_word' id='word_1_308' title='bbox 1464 3523 1736 3595; x_wconf 78' lang='grc' dir='ltr'>Ἀϐραὰμ,</span> <span class='ocrx_word' id='word_1_309' title='bbox 1759 3523 1854 3579; x_wconf 80' lang='grc' dir='ltr'>τὸν</span> <span class='ocrx_word' id='word_1_310' title='bbox 1873 3524 2019 3587; x_wconf 83' lang='grc' dir='ltr'>Λὼτ.</span> 
     </span>
    </p>
   </div>
   <div class='ocr_carea' id='block_1_39' title="bbox 442 3605 2021 3681">
    <p class='ocr_par' dir='ltr' id='par_1_39' title="bbox 442 3605 2021 3681">
     <span class='ocr_line' id='line_1_39' title="bbox 442 3605 2021 3681; baseline 0.004 -21"><span class='ocrx_word' id='word_1_311' title='bbox 442 3607 535 3660; x_wconf 77' lang='grc' dir='ltr'>τὸν</span> <span class='ocrx_word' id='word_1_312' title='bbox 575 3605 800 3671; x_wconf 79' lang='grc' dir='ltr'>Ἰακὼϐ,</span> <span class='ocrx_word' id='word_1_313' title='bbox 844 3607 936 3659; x_wconf 83' lang='grc' dir='ltr'>τὸν</span> <span class='ocrx_word' id='word_1_314' title='bbox 979 3606 1209 3677; x_wconf 83' lang='grc' dir='ltr'>Ἰωσὴφ,</span> <span class='ocrx_word' id='word_1_315' title='bbox 1238 3606 1366 3673; x_wconf 77' lang='grc' dir='ltr'>τοὺς</span> <span class='ocrx_word' id='word_1_316' title='bbox 1413 3610 1785 3681; x_wconf 79' lang='grc' dir='ltr'>Ἰσραηλίτας,</span> <span class='ocrx_word' id='word_1_317' title='bbox 1819 3610 1914 3675; x_wconf 83' lang='grc' dir='ltr'>οὓς</span> <span class='ocrx_word' id='word_1_318' title='bbox 1955 3614 2021 3666; x_wconf 82' lang='grc' dir='ltr'>ἐκ</span> 
     </span>
    </p>
   </div>
   <div class='ocr_carea' id='block_1_40' title="bbox 442 3691 2020 3768">
    <p class='ocr_par' dir='ltr' id='par_1_40' title="bbox 442 3691 2020 3768">
     <span class='ocr_line' id='line_1_40' title="bbox 442 3691 2020 3768; baseline 0.005 -22"><span class='ocrx_word' id='word_1_319' title='bbox 442 3691 625 3765; x_wconf 81' lang='grc' dir='ltr'>χειρός</span> <span class='ocrx_word' id='word_1_320' title='bbox 655 3692 765 3745; x_wconf 90' lang='grc' dir='ltr'>τῶν</span> <span class='ocrx_word' id='word_1_321' title='bbox 789 3694 1099 3762; x_wconf 90' lang='grc' dir='ltr'>Αἰγυπτίων</span> <span class='ocrx_word' id='word_1_322' title='bbox 1128 3695 1458 3768; x_wconf 81' lang='grc' dir='ltr'>ἐξεῤῥύσατο</span> <span class='ocrx_word' id='word_1_323' title='bbox 1494 3697 1581 3753; x_wconf 83' lang='grc' dir='ltr'>διά</span> <span class='ocrx_word' id='word_1_324' title='bbox 1609 3699 1853 3764; x_wconf 83' lang='grc' dir='ltr'>Μωσέως</span> <span class='ocrx_word' id='word_1_325' title='bbox 1876 3739 1892 3762; x_wconf 89' lang='grc'>,</span> <span class='ocrx_word' id='word_1_326' title='bbox 1924 3700 2020 3754; x_wconf 80' lang='grc' dir='ltr'>καὶ</span> 
     </span>
    </p>
   </div>
   <div class='ocr_carea' id='block_1_41' title="bbox 442 3782 2018 3860">
    <p class='ocr_par' dir='ltr' id='par_1_41' title="bbox 442 3782 2018 3860">
     <span class='ocr_line' id='line_1_41' title="bbox 442 3782 2018 3860; baseline 0.005 -25"><span class='ocrx_word' id='word_1_327' title='bbox 442 3783 511 3837; x_wconf 87' lang='grc' dir='ltr'>ἐκ</span> <span class='ocrx_word' id='word_1_328' title='bbox 548 3782 751 3854; x_wconf 78' lang='grc' dir='ltr'>πέτρας</span> <span class='ocrx_word' id='word_1_329' title='bbox 790 3782 1094 3855; x_wconf 88' lang='grc' dir='ltr'>ἀκροτόμου</span> <span class='ocrx_word' id='word_1_330' title='bbox 1130 3784 1287 3855; x_wconf 85' lang='grc' dir='ltr'>ἐδόθη</span> <span class='ocrx_word' id='word_1_331' title='bbox 1312 3786 1493 3851; x_wconf 79' lang='grc' dir='ltr'>αὐτοῖς</span> <span class='ocrx_word' id='word_1_332' title='bbox 1519 3786 1683 3860; x_wconf 49' lang='grc' dir='ltr'>ὕδωρ</span> <span class='ocrx_word' id='word_1_333' title='bbox 1723 3789 1809 3853; x_wconf 84' lang='grc' dir='ltr'>Ὠς</span> <span class='ocrx_word' id='word_1_334' title='bbox 1832 3791 1945 3854; x_wconf 84' lang='grc' dir='ltr'>τοῖς</span> <span class='ocrx_word' id='word_1_335' title='bbox 1972 3788 2018 3854; x_wconf 75' lang='grc' dir='ltr'>ζ’</span> 
     </span>
    </p>
   </div>
   <div class='ocr_carea' id='block_1_42' title="bbox 443 3870 2021 3948">
    <p class='ocr_par' dir='ltr' id='par_1_42' title="bbox 443 3870 2021 3948">
     <span class='ocr_line' id='line_1_42' title="bbox 443 3870 2021 3948; baseline 0.006 -25"><span class='ocrx_word' id='word_1_336' title='bbox 443 3870 654 3924; x_wconf 72' lang='grc' dir='ltr'>ἔθνεσιν</span> <span class='ocrx_word' id='word_1_337' title='bbox 705 3870 989 3925; x_wconf 87' lang='grc' dir='ltr'>ἀπέστειλε</span> <span class='ocrx_word' id='word_1_338' title='bbox 1037 3874 1279 3943; x_wconf 81' lang='grc' dir='ltr'>σφῆκας,</span> <span class='ocrx_word' id='word_1_339' title='bbox 1323 3873 1672 3948; x_wconf 77' lang='grc' dir='ltr'>μακροθυμίᾳ</span> <span class='ocrx_word' id='word_1_340' title='bbox 1707 3876 1765 3930; x_wconf 85' lang='grc' dir='ltr'>δὲ</span> <span class='ocrx_word' id='word_1_341' title='bbox 1801 3876 2021 3948; x_wconf 88' lang='grc' dir='ltr'>χρώμε-</span> 
     </span>
    </p>
   </div>
   <div class='ocr_carea' id='block_1_43' title="bbox 441 3958 2019 4033">
    <p class='ocr_par' dir='ltr' id='par_1_43' title="bbox 441 3958 2019 4033">
     <span class='ocr_line' id='line_1_43' title="bbox 441 3958 2019 4033; baseline 0.006 -22"><span class='ocrx_word' id='word_1_342' title='bbox 441 3975 533 4023; x_wconf 90' lang='grc' dir='ltr'>νος</span> <span class='ocrx_word' id='word_1_343' title='bbox 557 3997 573 4025; x_wconf 92' lang='grc'>,</span> <span class='ocrx_word' id='word_1_344' title='bbox 608 3959 701 4012; x_wconf 79' lang='grc' dir='ltr'>καί</span> <span class='ocrx_word' id='word_1_345' title='bbox 733 3958 944 4024; x_wconf 81' lang='grc' dir='ltr'>τούτοις</span> <span class='ocrx_word' id='word_1_346' title='bbox 988 3960 1156 4015; x_wconf 79' lang='grc' dir='ltr'>ἐδίδου</span> <span class='ocrx_word' id='word_1_347' title='bbox 1184 3962 1348 4016; x_wconf 84' lang='grc' dir='ltr'>τόπον</span> <span class='ocrx_word' id='word_1_348' title='bbox 1384 3964 1671 4033; x_wconf 85' lang='grc' dir='ltr'>μετανοίας</span> <span class='ocrx_word' id='word_1_349' title='bbox 1692 4003 1710 4028; x_wconf 95' lang='grc'>,</span> <span class='ocrx_word' id='word_1_350' title='bbox 1748 3966 2019 4022; x_wconf 85' lang='grc' dir='ltr'>παιδεύων</span> 
     </span>
    </p>
   </div>
   <div class='ocr_carea' id='block_1_44' title="bbox 439 4046 2017 4124">
    <p class='ocr_par' dir='ltr' id='par_1_44' title="bbox 439 4046 2017 4124">
     <span class='ocr_line' id='line_1_44' title="bbox 439 4046 2017 4124; baseline 0.004 -21"><span class='ocrx_word' id='word_1_351' title='bbox 439 4046 530 4103; x_wconf 80' lang='grc' dir='ltr'>διὰ</span> <span class='ocrx_word' id='word_1_352' title='bbox 558 4048 762 4103; x_wconf 90' lang='grc' dir='ltr'>τούτων</span> <span class='ocrx_word' id='word_1_353' title='bbox 788 4047 878 4101; x_wconf 75' lang='grc' dir='ltr'>τὸν</span> <span class='ocrx_word' id='word_1_354' title='bbox 916 4049 1044 4104; x_wconf 81' lang='grc' dir='ltr'>λαὸν</span> <span class='ocrx_word' id='word_1_355' title='bbox 1076 4046 1216 4105; x_wconf 80' lang='grc' dir='ltr'>εἶναι</span> <span class='ocrx_word' id='word_1_356' title='bbox 1250 4050 1646 4124; x_wconf 82' lang='grc' dir='ltr'>φιλάνθρωπον.</span> <span class='ocrx_word' id='word_1_357' title='bbox 1677 4054 1834 4108; x_wconf 84' lang='grc' dir='ltr'>Κατὰ</span> <span class='ocrx_word' id='word_1_358' title='bbox 1871 4072 2017 4110; x_wconf 87' lang='grc' dir='ltr'>στοι-</span> 
     </span>
    </p>
   </div>
   <div class='ocr_carea' id='block_1_45' title="bbox 441 4134 2014 4216">
    <p class='ocr_par' dir='ltr' id='par_1_45' title="bbox 441 4134 2014 4216">
     <span class='ocr_line' id='line_1_45' title="bbox 441 4134 2014 4216; baseline 0.005 -26"><span class='ocrx_word' id='word_1_359' title='bbox 441 4134 774 4209; x_wconf 86' lang='grc' dir='ltr'>χειολατρῶν</span> <span class='ocrx_word' id='word_1_360' title='bbox 799 4175 814 4199; x_wconf 87' lang='grc'>,</span> <span class='ocrx_word' id='word_1_361' title='bbox 850 4136 1168 4210; x_wconf 78' lang='grc' dir='ltr'>βατράχων,</span> <span class='ocrx_word' id='word_1_362' title='bbox 1209 4140 1436 4212; x_wconf 83' lang='grc' dir='ltr'>σφηκῶν</span> <span class='ocrx_word' id='word_1_363' title='bbox 1460 4179 1475 4204; x_wconf 88' lang='grc'>,</span> <span class='ocrx_word' id='word_1_364' title='bbox 1521 4141 1674 4212; x_wconf 89' lang='grc' dir='ltr'>μυῶν</span> <span class='ocrx_word' id='word_1_365' title='bbox 1697 4183 1712 4207; x_wconf 95' lang='grc'>,</span> <span class='ocrx_word' id='word_1_366' title='bbox 1756 4144 2014 4216; x_wconf 87' lang='grc' dir='ltr'>ἀκρίδων,</span> 
     </span>
    </p>
   </div>
   <div class='ocr_carea' id='block_1_46' title="bbox 443 4224 2018 4302">
    <p class='ocr_par' dir='ltr' id='par_1_46' title="bbox 443 4224 2018 4302">
     <span class='ocr_line' id='line_1_46' title="bbox 443 4224 2018 4302; baseline 0.003 -23"><span class='ocrx_word' id='word_1_367' title='bbox 443 4224 703 4295; x_wconf 88' lang='grc' dir='ltr'>σκνιφῶν,</span> <span class='ocrx_word' id='word_1_368' title='bbox 735 4224 931 4295; x_wconf 86' lang='grc' dir='ltr'>ὁφεων.</span> <span class='ocrx_word' id='word_1_369' title='bbox 958 4226 1114 4280; x_wconf 87' lang='grc' dir='ltr'>Κατά</span> <span class='ocrx_word' id='word_1_370' title='bbox 1147 4228 1565 4299; x_wconf 87' lang='grc' dir='ltr'>εἰδωλολατρῶν,</span> <span class='ocrx_word' id='word_1_371' title='bbox 1591 4232 1655 4284; x_wconf 90' lang='grc' dir='ltr'>ἐκ</span> <span class='ocrx_word' id='word_1_372' title='bbox 1689 4233 1888 4302; x_wconf 85' lang='grc' dir='ltr'>χρυσοῦ</span> <span class='ocrx_word' id='word_1_373' title='bbox 1923 4233 2018 4286; x_wconf 80' lang='grc' dir='ltr'>καί</span> 
     </span>
    </p>
   </div>
   <div class='ocr_carea' id='block_1_47' title="bbox 439 4312 2017 4392">
    <p class='ocr_par' dir='ltr' id='par_1_47' title="bbox 439 4312 2017 4392">
     <span class='ocr_line' id='line_1_47' title="bbox 439 4312 2017 4392; baseline 0.005 -25"><span class='ocrx_word' id='word_1_374' title='bbox 439 4312 708 4385; x_wconf 88' lang='grc' dir='ltr'>ἀργύρου,</span> <span class='ocrx_word' id='word_1_375' title='bbox 747 4312 780 4383; x_wconf 81' lang='grc' dir='ltr'>ἢ</span> <span class='ocrx_word' id='word_1_376' title='bbox 810 4312 990 4379; x_wconf 89' lang='grc' dir='ltr'>λίθων,</span> <span class='ocrx_word' id='word_1_377' title='bbox 1033 4315 1068 4387; x_wconf 76' lang='grc' dir='ltr'><strong>ἢ</strong></span> <span class='ocrx_word' id='word_1_378' title='bbox 1098 4315 1268 4381; x_wconf 82' lang='grc' dir='ltr'>ξύλων</span> <span class='ocrx_word' id='word_1_379' title='bbox 1306 4318 1538 4374; x_wconf 79' lang='grc' dir='ltr'>εἰδώλων</span> <span class='ocrx_word' id='word_1_380' title='bbox 1568 4322 2017 4392; x_wconf 80' lang='grc' dir='ltr'>κατεσκευασμέ-</span> 
     </span>
    </p>
   </div>
   <div class='ocr_carea' id='block_1_48' title="bbox 440 4400 2011 4471">
    <p class='ocr_par' dir='ltr' id='par_1_48' title="bbox 440 4400 2011 4471">
     <span class='ocr_line' id='line_1_48' title="bbox 440 4400 2011 4471; baseline 0.006 -19"><span class='ocrx_word' id='word_1_381' title='bbox 440 4417 567 4453; x_wconf 89' lang='grc' dir='ltr'>νων.</span> <span class='ocrx_word' id='word_1_382' title='bbox 600 4401 723 4452; x_wconf 88' lang='grc' dir='ltr'>Ὅτι</span> <span class='ocrx_word' id='word_1_383' title='bbox 757 4400 875 4453; x_wconf 80' lang='grc' dir='ltr'>ἐστί</span> <span class='ocrx_word' id='word_1_384' title='bbox 905 4402 1149 4471; x_wconf 88' lang='grc' dir='ltr'>σωτηρία</span> <span class='ocrx_word' id='word_1_385' title='bbox 1192 4404 1282 4456; x_wconf 83' lang='grc' dir='ltr'>διά</span> <span class='ocrx_word' id='word_1_386' title='bbox 1311 4403 1469 4468; x_wconf 81' lang='grc' dir='ltr'>ξύλου</span> <span class='ocrx_word' id='word_1_387' title='bbox 1516 4408 1629 4470; x_wconf 91' lang='grc' dir='ltr'>τοῖς</span> <span class='ocrx_word' id='word_1_388' title='bbox 1676 4408 2011 4462; x_wconf 82' lang='grc' dir='ltr'>πιστεύουσι.</span> 
     </span>
    </p>
   </div>
   <div class='ocr_carea' id='block_1_49' title="bbox 441 4485 2012 4562">
    <p class='ocr_par' dir='ltr' id='par_1_49' title="bbox 441 4485 2012 4562">
     <span class='ocr_line' id='line_1_49' title="bbox 441 4485 2012 4562; baseline 0.008 -24"><span class='ocrx_word' id='word_1_389' title='bbox 441 4486 525 4539; x_wconf 83' lang='grc' dir='ltr'>Τά</span> <span class='ocrx_word' id='word_1_390' title='bbox 555 4486 684 4556; x_wconf 85' lang='grc' dir='ltr'>περί</span> <span class='ocrx_word' id='word_1_391' title='bbox 715 4485 825 4539; x_wconf 89' lang='grc' dir='ltr'>τῶν</span> <span class='ocrx_word' id='word_1_392' title='bbox 857 4487 1290 4561; x_wconf 78' lang='grc' dir='ltr'>εἰδωλοποιῶν,ἢ</span> <span class='ocrx_word' id='word_1_393' title='bbox 1325 4490 1755 4562; x_wconf 79' lang='grc' dir='ltr'>ζωγραφούντων</span> <span class='ocrx_word' id='word_1_394' title='bbox 1800 4496 2012 4555; x_wconf 75' lang='grc' dir='ltr'>εἴδωλα.</span> 
     </span>
    </p>
   </div>
   <div class='ocr_carea' id='block_1_50' title="bbox 446 4573 2018 4655">
    <p class='ocr_par' dir='ltr' id='par_1_50' title="bbox 446 4573 2018 4655">
     <span class='ocr_line' id='line_1_50' title="bbox 446 4573 2018 4655; baseline 0.006 -28"><span class='ocrx_word' id='word_1_395' title='bbox 446 4573 579 4645; x_wconf 85' lang='grc' dir='ltr'>Περί</span> <span class='ocrx_word' id='word_1_396' title='bbox 609 4574 824 4628; x_wconf 86' lang='grc' dir='ltr'>πάντων</span> <span class='ocrx_word' id='word_1_397' title='bbox 850 4573 960 4628; x_wconf 86' lang='grc' dir='ltr'>τῶν</span> <span class='ocrx_word' id='word_1_398' title='bbox 992 4574 1179 4630; x_wconf 86' lang='grc' dir='ltr'>κακῶν</span> <span class='ocrx_word' id='word_1_399' title='bbox 1209 4577 1316 4631; x_wconf 91' lang='grc' dir='ltr'>τῶν</span> <span class='ocrx_word' id='word_1_400' title='bbox 1336 4577 1393 4630; x_wconf 83' lang='grc' dir='ltr'>ἐν</span> <span class='ocrx_word' id='word_1_401' title='bbox 1415 4579 1845 4653; x_wconf 65' lang='grc' dir='ltr'>εἰδωλολατρεία.</span> <span class='ocrx_word' id='word_1_402' title='bbox 1882 4583 2018 4655; x_wconf 78' lang='grc' dir='ltr'>Περὶ</span> 
     </span>
    </p>
   </div>
   <div class='ocr_carea' id='block_1_51' title="bbox 443 4661 2013 4743">
    <p class='ocr_par' dir='ltr' id='par_1_51' title="bbox 443 4661 2013 4743">
     <span class='ocr_line' id='line_1_51' title="bbox 443 4661 2013 4743; baseline 0.004 -25"><span class='ocrx_word' id='word_1_403' title='bbox 443 4661 672 4727; x_wconf 87' lang='grc' dir='ltr'>ἀσεϐοῦς</span> <span class='ocrx_word' id='word_1_404' title='bbox 698 4662 995 4736; x_wconf 80' lang='grc' dir='ltr'>θρησκείας</span> <span class='ocrx_word' id='word_1_405' title='bbox 1012 4705 1027 4729; x_wconf 90' lang='grc'>,</span> <span class='ocrx_word' id='word_1_406' title='bbox 1052 4666 1145 4719; x_wconf 79' lang='grc' dir='ltr'>καί</span> <span class='ocrx_word' id='word_1_407' title='bbox 1170 4666 1271 4721; x_wconf 80' lang='grc' dir='ltr'>ὅσα</span> <span class='ocrx_word' id='word_1_408' title='bbox 1298 4667 1356 4719; x_wconf 93' lang='grc' dir='ltr'>ἐν</span> <span class='ocrx_word' id='word_1_409' title='bbox 1383 4667 1518 4740; x_wconf 80' lang='grc' dir='ltr'>αὐτῇ</span> <span class='ocrx_word' id='word_1_410' title='bbox 1556 4669 1719 4723; x_wconf 82' lang='grc' dir='ltr'>κακά.</span> <span class='ocrx_word' id='word_1_411' title='bbox 1752 4671 1885 4743; x_wconf 78' lang='grc' dir='ltr'>Περὶ</span> <span class='ocrx_word' id='word_1_412' title='bbox 1920 4672 2013 4726; x_wconf 90' lang='grc' dir='ltr'>τοῦ</span> 
     </span>
    </p>
   </div>
   <div class='ocr_carea' id='block_1_52' title="bbox 444 4752 2016 4831">
    <p class='ocr_par' dir='ltr' id='par_1_52' title="bbox 444 4752 2016 4831">
     <span class='ocr_line' id='line_1_52' title="bbox 444 4752 2016 4831; baseline 0.005 -26"><span class='ocrx_word' id='word_1_413' title='bbox 444 4752 754 4824; x_wconf 82' lang='grc' dir='ltr'>κεραμέως,</span> <span class='ocrx_word' id='word_1_414' title='bbox 779 4752 874 4806; x_wconf 80' lang='grc' dir='ltr'>καὶ</span> <span class='ocrx_word' id='word_1_415' title='bbox 890 4752 1000 4806; x_wconf 90' lang='grc' dir='ltr'>τῶν</span> <span class='ocrx_word' id='word_1_416' title='bbox 1020 4753 1338 4827; x_wconf 90' lang='grc' dir='ltr'>κεραμικῶν</span> <span class='ocrx_word' id='word_1_417' title='bbox 1358 4754 1609 4811; x_wconf 87' lang='grc' dir='ltr'>εἰδώλων.</span> <span class='ocrx_word' id='word_1_418' title='bbox 1637 4758 1774 4831; x_wconf 82' lang='grc' dir='ltr'>Περὶ</span> <span class='ocrx_word' id='word_1_419' title='bbox 1798 4759 2016 4815; x_wconf 90' lang='grc' dir='ltr'>πάντων</span> 
     </span>
    </p>
   </div>
   <div class='ocr_carea' id='block_1_53' title="bbox 441 4838 2016 4920">
    <p class='ocr_par' dir='ltr' id='par_1_53' title="bbox 441 4838 2016 4920">
     <span class='ocr_line' id='line_1_53' title="bbox 441 4838 2016 4920; baseline 0.006 -27"><span class='ocrx_word' id='word_1_420' title='bbox 441 4838 551 4893; x_wconf 87' lang='grc' dir='ltr'>τῶν</span> <span class='ocrx_word' id='word_1_421' title='bbox 596 4838 829 4894; x_wconf 87' lang='grc' dir='ltr'>εἰδώλων</span> <span class='ocrx_word' id='word_1_422' title='bbox 874 4840 975 4910; x_wconf 85' lang='grc' dir='ltr'>τῆς</span> <span class='ocrx_word' id='word_1_423' title='bbox 1027 4840 1135 4896; x_wconf 87' lang='grc' dir='ltr'>τῶν</span> <span class='ocrx_word' id='word_1_424' title='bbox 1181 4843 1349 4898; x_wconf 89' lang='grc' dir='ltr'>ἐθνῶν</span> <span class='ocrx_word' id='word_1_425' title='bbox 1401 4843 1673 4918; x_wconf 87' lang='grc' dir='ltr'>λατρείας.</span> <span class='ocrx_word' id='word_1_426' title='bbox 1725 4847 1858 4920; x_wconf 79' lang='grc' dir='ltr'>Περὶ</span> <span class='ocrx_word' id='word_1_427' title='bbox 1908 4848 2016 4902; x_wconf 92' lang='grc' dir='ltr'>τῶν</span> 
     </span>
    </p>
   </div>
   <div class='ocr_carea' id='block_1_54' title="bbox 442 4925 2015 5006">
    <p class='ocr_par' dir='ltr' id='par_1_54' title="bbox 442 4925 2015 5006">
     <span class='ocr_line' id='line_1_54' title="bbox 442 4925 2015 5006; baseline 0.008 -28"><span class='ocrx_word' id='word_1_428' title='bbox 442 4925 708 4996; x_wconf 88' lang='grc' dir='ltr'>ἐχθίστων</span> <span class='ocrx_word' id='word_1_429' title='bbox 738 4926 892 4991; x_wconf 82' lang='grc' dir='ltr'>ζώων</span> <span class='ocrx_word' id='word_1_430' title='bbox 914 4968 929 4992; x_wconf 89' lang='grc'>,</span> <span class='ocrx_word' id='word_1_431' title='bbox 953 4927 1129 4998; x_wconf 84' lang='grc' dir='ltr'>ϐφεων</span> <span class='ocrx_word' id='word_1_432' title='bbox 1152 4971 1166 4997; x_wconf 94' lang='grc'>,</span> <span class='ocrx_word' id='word_1_433' title='bbox 1196 4930 1490 5002; x_wconf 87' lang='grc' dir='ltr'>αἰλούρων,</span> <span class='ocrx_word' id='word_1_434' title='bbox 1526 4933 1620 4986; x_wconf 78' lang='grc' dir='ltr'>καὶ</span> <span class='ocrx_word' id='word_1_435' title='bbox 1656 4934 1763 4987; x_wconf 89' lang='grc' dir='ltr'>τῶν</span> <span class='ocrx_word' id='word_1_436' title='bbox 1791 4936 2015 5006; x_wconf 91' lang='grc' dir='ltr'>ὁμοίων.</span> 
     </span>
    </p>
   </div>
   <div class='ocr_carea' id='block_1_55' title="bbox 440 5012 2016 5094">
    <p class='ocr_par' dir='ltr' id='par_1_55' title="bbox 440 5012 2016 5094">
     <span class='ocr_line' id='line_1_55' title="bbox 440 5012 2016 5094; baseline 0.008 -29"><span class='ocrx_word' id='word_1_437' title='bbox 440 5013 572 5066; x_wconf 81' lang='grc' dir='ltr'>ὐτι</span> <span class='ocrx_word' id='word_1_438' title='bbox 600 5012 965 5084; x_wconf 83' lang='grc' dir='ltr'>εὐηργέτησεν</span> <span class='ocrx_word' id='word_1_439' title='bbox 989 5018 1017 5069; x_wconf 92' lang='grc' dir='ltr'>ὁ</span> <span class='ocrx_word' id='word_1_440' title='bbox 1034 5016 1165 5079; x_wconf 78' lang='grc' dir='ltr'>Θεὸς</span> <span class='ocrx_word' id='word_1_441' title='bbox 1188 5017 1277 5070; x_wconf 77' lang='grc' dir='ltr'>τὸν</span> <span class='ocrx_word' id='word_1_442' title='bbox 1312 5019 1527 5090; x_wconf 81' lang='grc' dir='ltr'>Ἰσραὴλ</span> <span class='ocrx_word' id='word_1_443' title='bbox 1576 5022 1697 5075; x_wconf 79' lang='grc' dir='ltr'>ἀντί</span> <span class='ocrx_word' id='word_1_444' title='bbox 1730 5022 2016 5094; x_wconf 84' lang='grc' dir='ltr'>βατράχων</span> 
     </span>
    </p>
   </div>
   <div class='ocr_carea' id='block_1_56' title="bbox 442 5100 2016 5181">
    <p class='ocr_par' dir='ltr' id='par_1_56' title="bbox 442 5100 2016 5181">
     <span class='ocr_line' id='line_1_56' title="bbox 442 5100 2016 5181; baseline 0.009 -31"><span class='ocrx_word' id='word_1_445' title='bbox 442 5100 875 5170; x_wconf 86' lang='grc' dir='ltr'>ὁρτυγομήτραν.</span> <span class='ocrx_word' id='word_1_446' title='bbox 907 5101 1030 5156; x_wconf 83' lang='grc' dir='ltr'>Ὀτι</span> <span class='ocrx_word' id='word_1_447' title='bbox 1075 5104 1168 5157; x_wconf 73' lang='grc' dir='ltr'>καὶ</span> <span class='ocrx_word' id='word_1_448' title='bbox 1201 5103 1293 5157; x_wconf 69' lang='grc' dir='ltr'>ἐπὶ</span> <span class='ocrx_word' id='word_1_449' title='bbox 1321 5105 1597 5177; x_wconf 87' lang='grc' dir='ltr'>δήγματος</span> <span class='ocrx_word' id='word_1_450' title='bbox 1628 5108 1805 5179; x_wconf 83' lang='grc' dir='ltr'>ὁφεων</span> <span class='ocrx_word' id='word_1_451' title='bbox 1839 5127 2016 5181; x_wconf 89' lang='grc' dir='ltr'>σωτη-</span> 
     </span>
    </p>
   </div>
   <div class='ocr_carea' id='block_1_57' title="bbox 446 5184 2013 5267">
    <p class='ocr_par' dir='ltr' id='par_1_57' title="bbox 446 5184 2013 5267">
     <span class='ocr_line' id='line_1_57' title="bbox 446 5184 2013 5267; baseline 0.009 -30"><span class='ocrx_word' id='word_1_452' title='bbox 446 5185 537 5259; x_wconf 89' lang='grc' dir='ltr'>ρία</span> <span class='ocrx_word' id='word_1_453' title='bbox 564 5184 657 5239; x_wconf 91' lang='grc' dir='ltr'>τοῦ</span> <span class='ocrx_word' id='word_1_454' title='bbox 685 5185 816 5239; x_wconf 87' lang='grc' dir='ltr'>λαοῦ</span> <span class='ocrx_word' id='word_1_455' title='bbox 849 5204 944 5241; x_wconf 92' lang='grc' dir='ltr'>σου</span> <span class='ocrx_word' id='word_1_456' title='bbox 990 5187 1056 5242; x_wconf 84' lang='grc' dir='ltr'>δι’</span> <span class='ocrx_word' id='word_1_457' title='bbox 1082 5189 1257 5259; x_wconf 85' lang='grc' dir='ltr'>δφεως</span> <span class='ocrx_word' id='word_1_458' title='bbox 1313 5192 1513 5262; x_wconf 89' lang='grc' dir='ltr'>χαλκοῦ</span> <span class='ocrx_word' id='word_1_459' title='bbox 1546 5197 1962 5267; x_wconf 82' lang='grc' dir='ltr'>ἐσταυρωμένου</span> <span class='ocrx_word' id='word_1_460' title='bbox 1996 5215 2013 5231; x_wconf 73' lang='grc' dir='ltr'>σ</span> 
     </span>
    </p>
   </div>
   <div class='ocr_carea' id='block_1_58' title="bbox 442 5272 2016 5353">
    <p class='ocr_par' dir='ltr' id='par_1_58' title="bbox 442 5272 2016 5353">
     <span class='ocr_line' id='line_1_58' title="bbox 442 5272 2016 5353; baseline 0.008 -26"><span class='ocrx_word' id='word_1_461' title='bbox 442 5274 567 5338; x_wconf 76' lang='grc' dir='ltr'>τοὺς</span> <span class='ocrx_word' id='word_1_462' title='bbox 590 5272 648 5327; x_wconf 79' lang='grc' dir='ltr'>δέ</span> <span class='ocrx_word' id='word_1_463' title='bbox 684 5273 910 5345; x_wconf 80' lang='grc' dir='ltr'>ἐχθροὺς</span> <span class='ocrx_word' id='word_1_464' title='bbox 939 5275 1117 5331; x_wconf 77' lang='grc' dir='ltr'>αὐτῶν</span> <span class='ocrx_word' id='word_1_465' title='bbox 1152 5277 1219 5331; x_wconf 89' lang='grc' dir='ltr'>δι’</span> <span class='ocrx_word' id='word_1_466' title='bbox 1240 5277 1417 5349; x_wconf 85' lang='grc' dir='ltr'>ὁφεων</span> <span class='ocrx_word' id='word_1_467' title='bbox 1458 5282 1551 5336; x_wconf 77' lang='grc' dir='ltr'>καὶ</span> <span class='ocrx_word' id='word_1_468' title='bbox 1583 5283 1733 5353; x_wconf 88' lang='grc' dir='ltr'>μυῶν</span> <span class='ocrx_word' id='word_1_469' title='bbox 1762 5286 2016 5341; x_wconf 86' lang='grc' dir='ltr'>ἀπέκτει-</span> 
     </span>
    </p>
   </div>
   <div class='ocr_carea' id='block_1_59' title="bbox 441 5360 2016 5445">
    <p class='ocr_par' dir='ltr' id='par_1_59' title="bbox 441 5360 2016 5445">
     <span class='ocr_line' id='line_1_59' title="bbox 441 5360 2016 5445; baseline 0.008 -30"><span class='ocrx_word' id='word_1_470' title='bbox 441 5376 554 5416; x_wconf 87' lang='grc' dir='ltr'>νεν.</span> <span class='ocrx_word' id='word_1_471' title='bbox 583 5360 707 5415; x_wconf 81' lang='grc' dir='ltr'>Ὀτι</span> <span class='ocrx_word' id='word_1_472' title='bbox 751 5361 999 5431; x_wconf 84' lang='grc' dir='ltr'>άγγέλων</span> <span class='ocrx_word' id='word_1_473' title='bbox 1024 5363 1229 5438; x_wconf 80' lang='grc' dir='ltr'>τροφήν</span> <span class='ocrx_word' id='word_1_474' title='bbox 1276 5365 1520 5439; x_wconf 78' lang='grc' dir='ltr'>ἐψώμισε</span> <span class='ocrx_word' id='word_1_475' title='bbox 1566 5369 1661 5424; x_wconf 81' lang='grc' dir='ltr'>τὸν</span> <span class='ocrx_word' id='word_1_476' title='bbox 1698 5370 1827 5426; x_wconf 78' lang='grc' dir='ltr'>λαὸν</span> <span class='ocrx_word' id='word_1_477' title='bbox 1875 5375 2016 5445; x_wconf 77' lang='grc' dir='ltr'>πρὸς</span> 
     </span>
    </p>
   </div>
   <div class='ocr_carea' id='block_1_60' title="bbox 441 5448 2014 5532">
    <p class='ocr_par' dir='ltr' id='par_1_60' title="bbox 441 5448 2014 5532">
     <span class='ocr_line' id='line_1_60' title="bbox 441 5448 2014 5532; baseline 0.008 -30"><span class='ocrx_word' id='word_1_478' title='bbox 441 5449 623 5504; x_wconf 78' lang='grc' dir='ltr'>πᾶσαν</span> <span class='ocrx_word' id='word_1_479' title='bbox 658 5448 849 5523; x_wconf 72' lang='grc' dir='ltr'>ἡδονὴν</span> <span class='ocrx_word' id='word_1_480' title='bbox 879 5449 1185 5521; x_wconf 88' lang='grc' dir='ltr'>ἰσχύουσαν,</span> <span class='ocrx_word' id='word_1_481' title='bbox 1220 5455 1313 5508; x_wconf 78' lang='grc' dir='ltr'>καὶ</span> <span class='ocrx_word' id='word_1_482' title='bbox 1350 5456 1487 5526; x_wconf 77' lang='grc' dir='ltr'>πρὸς</span> <span class='ocrx_word' id='word_1_483' title='bbox 1531 5459 1710 5513; x_wconf 78' lang='grc' dir='ltr'>πᾶσαν</span> <span class='ocrx_word' id='word_1_484' title='bbox 1749 5460 2014 5532; x_wconf 85' lang='grc' dir='ltr'>ἁρμονίας</span> 
     </span>
    </p>
   </div>
   <div class='ocr_carea' id='block_1_61' title="bbox 440 5535 2012 5621">
    <p class='ocr_par' dir='ltr' id='par_1_61' title="bbox 440 5535 2012 5621">
     <span class='ocr_line' id='line_1_61' title="bbox 440 5535 2012 5621; baseline 0.009 -30"><span class='ocrx_word' id='word_1_485' title='bbox 440 5535 649 5606; x_wconf 88' lang='grc' dir='ltr'>γεῦσιν.</span> <span class='ocrx_word' id='word_1_486' title='bbox 682 5539 803 5593; x_wconf 86' lang='grc' dir='ltr'>Ὀτι</span> <span class='ocrx_word' id='word_1_487' title='bbox 827 5538 1068 5610; x_wconf 76' lang='grc' dir='ltr'>χάλαζαν</span> <span class='ocrx_word' id='word_1_488' title='bbox 1090 5542 1407 5611; x_wconf 87' lang='grc' dir='ltr'>Αἰγυπτίοις</span> <span class='ocrx_word' id='word_1_489' title='bbox 1438 5547 1572 5617; x_wconf 75' lang='grc' dir='ltr'>μετὰ</span> <span class='ocrx_word' id='word_1_490' title='bbox 1598 5548 1769 5620; x_wconf 80' lang='grc' dir='ltr'>πυρὸς</span> <span class='ocrx_word' id='word_1_491' title='bbox 1799 5549 2012 5621; x_wconf 79' lang='grc' dir='ltr'>έπεμψε</span> 
     </span>
    </p>
   </div>
   <div class='ocr_carea' id='block_1_62' title="bbox 442 5624 2012 5706">
    <p class='ocr_par' dir='ltr' id='par_1_62' title="bbox 442 5624 2012 5706">
     <span class='ocr_line' id='line_1_62' title="bbox 442 5624 2012 5706; baseline 0.01 -29"><span class='ocrx_word' id='word_1_492' title='bbox 442 5624 581 5694; x_wconf 75' lang='grc' dir='ltr'>πρὸς</span> <span class='ocrx_word' id='word_1_493' title='bbox 622 5624 917 5699; x_wconf 82' lang='grc' dir='ltr'>διαφθορὰν</span> <span class='ocrx_word' id='word_1_494' title='bbox 958 5632 1336 5702; x_wconf 82' lang='grc' dir='ltr'>γεννημάτων.</span> <span class='ocrx_word' id='word_1_495' title='bbox 1371 5634 1490 5688; x_wconf 89' lang='grc' dir='ltr'>Ὅτι</span> <span class='ocrx_word' id='word_1_496' title='bbox 1536 5639 1651 5701; x_wconf 83' lang='grc' dir='ltr'>τοῖς</span> <span class='ocrx_word' id='word_1_497' title='bbox 1695 5638 2012 5706; x_wconf 74' lang='grc' dir='ltr'>Αἰγυπτίοις</span> 
     </span>
    </p>
   </div>
   <div class='ocr_carea' id='block_1_63' title="bbox 440 5708 1986 5797">
    <p class='ocr_par' dir='ltr' id='par_1_63' title="bbox 440 5708 1986 5797">
     <span class='ocr_line' id='line_1_63' title="bbox 440 5708 1986 5797; baseline 0.013 -35"><span class='ocrx_word' id='word_1_498' title='bbox 440 5708 653 5783; x_wconf 66' lang='grc' dir='ltr'>ἔπεμψε</span> <span class='ocrx_word' id='word_1_499' title='bbox 684 5713 1003 5787; x_wconf 60' lang='grc' dir='ltr'>ψηλαφητω</span> <span class='ocrx_word' id='word_1_500' title='bbox 1033 5721 1257 5788; x_wconf 82' lang='grc' dir='ltr'>σκότος,</span> <span class='ocrx_word' id='word_1_501' title='bbox 1292 5721 1387 5776; x_wconf 80' lang='grc' dir='ltr'>καὶ</span> <span class='ocrx_word' id='word_1_502' title='bbox 1426 5722 1494 5778; x_wconf 81' lang='grc' dir='ltr'>τά</span> <span class='ocrx_word' id='word_1_503' title='bbox 1538 5724 1599 5779; x_wconf 90' lang='grc' dir='ltr'>ἐν</span> <span class='ocrx_word' id='word_1_504' title='bbox 1626 5724 1775 5797; x_wconf 80' lang='grc' dir='ltr'>αὐτῷ</span> <span class='ocrx_word' id='word_1_505' title='bbox 1813 5728 1986 5782; x_wconf 70' lang='grc' dir='ltr'>κακά’</span> 
     </span>
    </p>
   </div>
   <div class='ocr_carea' id='block_1_64' title="bbox 1180 261 3038 325">
    <p class='ocr_par' dir='ltr' id='par_1_64' title="bbox 1180 261 3038 325">
     <span class='ocr_line' id='line_1_64' title="bbox 1180 261 3038 325; baseline 0 -2"><span class='ocrx_word' id='word_1_506' title='bbox 1180 263 1248 323; x_wconf 78' lang='lat'>8.</span> <span class='ocrx_word' id='word_1_507' title='bbox 1285 264 1571 325; x_wconf 75' lang='grc' dir='ltr'>ιοΑΝΝιε</span> <span class='ocrx_word' id='word_1_508' title='bbox 1604 261 2093 323; x_wconf 68' lang='grc' dir='ltr'>ΟΠΒΥΞΟΒΤΟΜΙ</span> <span class='ocrx_word' id='word_1_509' title='bbox 2124 263 2447 325; x_wconf 76' lang='lat' dir='ltr'>ARCHIEP.</span> <span class='ocrx_word' id='word_1_510' title='bbox 2485 263 3038 325; x_wconf 77' lang='lat' dir='ltr'>CONSTANTINOP.</span> 
     </span>
    </p>
   </div>
   <div class='ocr_carea' id='block_1_65' title="bbox 3594 258 3692 316">
    <p class='ocr_par' dir='ltr' id='par_1_65' title="bbox 3594 258 3692 316">
     <span class='ocr_line' id='line_1_65' title="bbox 3594 258 3692 316; baseline -0.01 0"><span class='ocrx_word' id='word_1_511' title='bbox 3594 258 3692 316; x_wconf 71' lang='lat'>370</span> 
     </span>
    </p>
   </div>
   <div class='ocr_carea' id='block_1_66' title="bbox 2129 380 3692 456">
    <p class='ocr_par' dir='ltr' id='par_1_66' title="bbox 2129 380 3692 456">
     <span class='ocr_line' id='line_1_66' title="bbox 2129 380 3692 456; baseline -0.001 -18"><span class='ocrx_word' id='word_1_512' title='bbox 2129 386 2237 450; x_wconf 86' lang='grc' dir='ltr'>τοῖς</span> <span class='ocrx_word' id='word_1_513' title='bbox 2266 385 2323 439; x_wconf 86' lang='grc' dir='ltr'>δέ</span> <span class='ocrx_word' id='word_1_514' title='bbox 2368 385 2537 451; x_wconf 79' lang='grc' dir='ltr'>ὁσίοις</span> <span class='ocrx_word' id='word_1_515' title='bbox 2581 385 2747 440; x_wconf 77' lang='grc' dir='ltr'>αὑτοῦ</span> <span class='ocrx_word' id='word_1_516' title='bbox 2784 384 2901 456; x_wconf 88' lang='grc' dir='ltr'>φῶς</span> <span class='ocrx_word' id='word_1_517' title='bbox 2933 386 2992 438; x_wconf 91' lang='grc' dir='ltr'>ἐν</span> <span class='ocrx_word' id='word_1_518' title='bbox 3044 382 3304 454; x_wconf 83' lang='grc' dir='ltr'>Αἰγύπτῳ</span> <span class='ocrx_word' id='word_1_519' title='bbox 3328 422 3343 447; x_wconf 92' lang='grc'>,</span> <span class='ocrx_word' id='word_1_520' title='bbox 3375 381 3473 437; x_wconf 77' lang='grc' dir='ltr'>καὶ</span> <span class='ocrx_word' id='word_1_521' title='bbox 3526 380 3587 436; x_wconf 72' lang='grc' dir='ltr'>ἐν</span> <span class='ocrx_word' id='word_1_522' title='bbox 3632 388 3692 454; x_wconf 65' lang='grc' dir='ltr'>τῇ</span> 
     </span>
    </p>
   </div>
   <div class='ocr_carea' id='block_1_67' title="bbox 2124 469 3696 544">
    <p class='ocr_par' dir='ltr' id='par_1_67' title="bbox 2124 469 3696 544">
     <span class='ocr_line' id='line_1_67' title="bbox 2124 469 3696 544; baseline -0.001 -19"><span class='ocrx_word' id='word_1_523' title='bbox 2124 470 2317 543; x_wconf 80' lang='grc' dir='ltr'>ἐρήμῳ</span> <span class='ocrx_word' id='word_1_524' title='bbox 2345 472 2535 528; x_wconf 86' lang='grc' dir='ltr'>στῦλον</span> <span class='ocrx_word' id='word_1_525' title='bbox 2565 472 2733 544; x_wconf 86' lang='grc' dir='ltr'>πυρός</span> <span class='ocrx_word' id='word_1_526' title='bbox 2755 487 2769 502; x_wconf 86' lang='grc'><strong>·</strong></span> <span class='ocrx_word' id='word_1_527' title='bbox 2797 472 2891 526; x_wconf 78' lang='grc' dir='ltr'>καὶ</span> <span class='ocrx_word' id='word_1_528' title='bbox 2923 471 3043 525; x_wconf 77' lang='grc' dir='ltr'>ἀντὶ</span> <span class='ocrx_word' id='word_1_529' title='bbox 3087 470 3184 542; x_wconf 85' lang='grc' dir='ltr'>μὲν</span> <span class='ocrx_word' id='word_1_530' title='bbox 3224 469 3457 525; x_wconf 88' lang='grc' dir='ltr'>θανάτου</span> <span class='ocrx_word' id='word_1_531' title='bbox 3492 470 3696 541; x_wconf 84' lang='grc' dir='ltr'>νηπίων</span> 
     </span>
    </p>
   </div>
   <div class='ocr_carea' id='block_1_68' title="bbox 2138 556 3694 631">
    <p class='ocr_par' dir='ltr' id='par_1_68' title="bbox 2138 556 3694 631">
     <span class='ocr_line' id='line_1_68' title="bbox 2138 556 3694 631; baseline -0.001 -20"><span class='ocrx_word' id='word_1_532' title='bbox 2138 558 2354 631; x_wconf 81' lang='grc' dir='ltr'>Ἰσραὴλ</span> <span class='ocrx_word' id='word_1_533' title='bbox 2378 598 2393 622; x_wconf 93' lang='grc'>,</span> <span class='ocrx_word' id='word_1_534' title='bbox 2427 558 2537 612; x_wconf 88' lang='grc' dir='ltr'>τῶν</span> <span class='ocrx_word' id='word_1_535' title='bbox 2562 558 2874 626; x_wconf 90' lang='grc' dir='ltr'>Αἰγυπτίων</span> <span class='ocrx_word' id='word_1_536' title='bbox 2924 558 3283 629; x_wconf 82' lang='grc' dir='ltr'>πρωτοτόκων</span> <span class='ocrx_word' id='word_1_537' title='bbox 3332 556 3567 618; x_wconf 88' lang='grc' dir='ltr'>θάνατος</span> <span class='ocrx_word' id='word_1_538' title='bbox 3610 558 3694 611; x_wconf 75' lang='grc' dir='ltr'>καί</span> 
     </span>
    </p>
   </div>
   <div class='ocr_carea' id='block_1_69' title="bbox 2126 643 3692 717">
    <p class='ocr_par' dir='ltr' id='par_1_69' title="bbox 2126 643 3692 717">
     <span class='ocr_line' id='line_1_69' title="bbox 2126 643 3692 717; baseline -0.001 -18"><span class='ocrx_word' id='word_1_539' title='bbox 2126 644 2563 715; x_wconf 81' lang='grc' dir='ltr'>καταποντισμός</span> <span class='ocrx_word' id='word_1_540' title='bbox 2585 662 2598 676; x_wconf 90' lang='grc'><strong>·</strong></span> <span class='ocrx_word' id='word_1_541' title='bbox 2638 643 2791 717; x_wconf 79' lang='grc'>[575]</span> <span class='ocrx_word' id='word_1_542' title='bbox 2819 645 2938 699; x_wconf 85' lang='grc' dir='ltr'>άντί</span> <span class='ocrx_word' id='word_1_543' title='bbox 2958 645 3017 699; x_wconf 90' lang='grc' dir='ltr'>δέ</span> <span class='ocrx_word' id='word_1_544' title='bbox 3054 644 3283 699; x_wconf 86' lang='grc' dir='ltr'>θανάτου</span> <span class='ocrx_word' id='word_1_545' title='bbox 3318 644 3692 715; x_wconf 81' lang='grc' dir='ltr'>πρωτοτόκων,</span> 
     </span>
    </p>
   </div>
   <div class='ocr_carea' id='block_1_70' title="bbox 2128 730 3694 803">
    <p class='ocr_par' dir='ltr' id='par_1_70' title="bbox 2128 730 3694 803">
     <span class='ocr_line' id='line_1_70' title="bbox 2128 730 3694 803; baseline -0.003 -18"><span class='ocrx_word' id='word_1_546' title='bbox 2128 732 2373 803; x_wconf 84' lang='grc' dir='ltr'>σωτηρία</span> <span class='ocrx_word' id='word_1_547' title='bbox 2410 731 2626 803; x_wconf 83' lang='grc' dir='ltr'>Ἰσραὴλ</span> <span class='ocrx_word' id='word_1_548' title='bbox 2655 730 2721 784; x_wconf 78' lang='grc' dir='ltr'>δι’</span> <span class='ocrx_word' id='word_1_549' title='bbox 2750 732 2982 802; x_wconf 72' lang='grc' dir='ltr'>αἵματος</span> <span class='ocrx_word' id='word_1_550' title='bbox 3013 730 3306 803; x_wconf 83' lang='grc' dir='ltr'>προϐάτου.</span> <span class='ocrx_word' id='word_1_551' title='bbox 3336 731 3448 785; x_wconf 80' lang='grc' dir='ltr'>Καὶ</span> <span class='ocrx_word' id='word_1_552' title='bbox 3478 731 3578 783; x_wconf 78' lang='grc' dir='ltr'>ἰπὶ</span> <span class='ocrx_word' id='word_1_553' title='bbox 3607 732 3694 800; x_wconf 79' lang='grc' dir='ltr'>μὲν</span> 
     </span>
    </p>
   </div>
   <div class='ocr_carea' id='block_1_71' title="bbox 2127 817 3696 891">
    <p class='ocr_par' dir='ltr' id='par_1_71' title="bbox 2127 817 3696 891">
     <span class='ocr_line' id='line_1_71' title="bbox 2127 817 3696 891; baseline -0.001 -21"><span class='ocrx_word' id='word_1_554' title='bbox 2127 817 2342 887; x_wconf 84' lang='grc' dir='ltr'>θανάτῳ</span> <span class='ocrx_word' id='word_1_555' title='bbox 2368 818 2591 872; x_wconf 87' lang='grc' dir='ltr'>δικαίων</span> <span class='ocrx_word' id='word_1_556' title='bbox 2624 819 2682 872; x_wconf 84' lang='grc' dir='ltr'>ἐν</span> <span class='ocrx_word' id='word_1_557' title='bbox 2710 819 2903 891; x_wconf 86' lang='grc' dir='ltr'>ἐρήμῳ</span> <span class='ocrx_word' id='word_1_558' title='bbox 2923 859 2938 883; x_wconf 94' lang='grc'>,</span> <span class='ocrx_word' id='word_1_559' title='bbox 2980 817 3191 889; x_wconf 88' lang='grc' dir='ltr'>Ἀαρὼν</span> <span class='ocrx_word' id='word_1_560' title='bbox 3237 818 3562 882; x_wconf 82' lang='grc' dir='ltr'>ἐξιλάσατο,</span> <span class='ocrx_word' id='word_1_561' title='bbox 3593 817 3696 870; x_wconf 80' lang='grc' dir='ltr'>Κυ-</span> 
     </span>
    </p>
   </div>
   <div class='ocr_carea' id='block_1_72' title="bbox 2126 903 3695 977">
    <p class='ocr_par' dir='ltr' id='par_1_72' title="bbox 2126 903 3695 977">
     <span class='ocr_line' id='line_1_72' title="bbox 2126 903 3695 977; baseline -0.001 -19"><span class='ocrx_word' id='word_1_562' title='bbox 2126 907 2230 977; x_wconf 86' lang='grc' dir='ltr'>ρίῳ</span> <span class='ocrx_word' id='word_1_563' title='bbox 2277 905 2714 977; x_wconf 81' lang='grc' dir='ltr'>προσευξάμενος</span> <span class='ocrx_word' id='word_1_564' title='bbox 2750 907 2845 959; x_wconf 65' lang='grc' dir='ltr'>καί⁸</span> <span class='ocrx_word' id='word_1_565' title='bbox 2897 905 3200 976; x_wconf 88' lang='grc' dir='ltr'>θυμιάσας·</span> <span class='ocrx_word' id='word_1_566' title='bbox 3244 904 3339 957; x_wconf 82' lang='grc' dir='ltr'>ἐπί</span> <span class='ocrx_word' id='word_1_567' title='bbox 3386 904 3444 957; x_wconf 71' lang='grc' dir='ltr'>δέ</span> <span class='ocrx_word' id='word_1_568' title='bbox 3487 903 3695 973; x_wconf 81' lang='grc' dir='ltr'>θανάτῳ</span> 
     </span>
    </p>
   </div>
   <div class='ocr_carea' id='block_1_73' title="bbox 2126 988 3694 1065">
    <p class='ocr_par' dir='ltr' id='par_1_73' title="bbox 2126 988 3694 1065">
     <span class='ocr_line' id='line_1_73' title="bbox 2126 988 3694 1065; baseline -0.001 -18"><span class='ocrx_word' id='word_1_569' title='bbox 2126 993 2438 1062; x_wconf 84' lang='grc' dir='ltr'>Αἰγυπτίων</span> <span class='ocrx_word' id='word_1_570' title='bbox 2470 995 2528 1047; x_wconf 88' lang='grc' dir='ltr'>ἐν</span> <span class='ocrx_word' id='word_1_571' title='bbox 2550 988 2784 1065; x_wconf 79' lang='grc' dir='ltr'>Ἐρυθρᾷ</span> <span class='ocrx_word' id='word_1_572' title='bbox 2834 992 3105 1065; x_wconf 82' lang='grc' dir='ltr'>θαλάσσῃ,</span> <span class='ocrx_word' id='word_1_573' title='bbox 3136 992 3454 1062; x_wconf 89' lang='grc' dir='ltr'>ἀνελεήμων</span> <span class='ocrx_word' id='word_1_574' title='bbox 3491 990 3694 1061; x_wconf 67' lang='grc' dir='ltr'>θυμὸς.</span> 
     </span>
    </p>
   </div>
   <div class='ocr_carea' id='block_1_74' title="bbox 2125 1076 3695 1151">
    <p class='ocr_par' dir='ltr' id='par_1_74' title="bbox 2125 1076 3695 1151">
     <span class='ocr_line' id='line_1_74' title="bbox 2125 1076 3695 1151; baseline -0.003 -17"><span class='ocrx_word' id='word_1_575' title='bbox 2125 1082 2219 1134; x_wconf 89' lang='grc' dir='ltr'>τοῦ</span> <span class='ocrx_word' id='word_1_576' title='bbox 2241 1081 2296 1135; x_wconf 78' lang='grc' dir='ltr'>δὲ</span> <span class='ocrx_word' id='word_1_577' title='bbox 2318 1080 2446 1133; x_wconf 81' lang='grc' dir='ltr'>λαοῦ</span> <span class='ocrx_word' id='word_1_578' title='bbox 2473 1079 2768 1151; x_wconf 81' lang='grc' dir='ltr'>παράδοξος</span> <span class='ocrx_word' id='word_1_579' title='bbox 2797 1078 3092 1151; x_wconf 88' lang='grc' dir='ltr'>ὁδοιπορία.</span> <span class='ocrx_word' id='word_1_580' title='bbox 3129 1078 3251 1131; x_wconf 84' lang='grc' dir='ltr'>Ὅτι</span> <span class='ocrx_word' id='word_1_581' title='bbox 3278 1078 3364 1131; x_wconf 80' lang='grc' dir='ltr'>διὰ</span> <span class='ocrx_word' id='word_1_582' title='bbox 3396 1076 3695 1148; x_wconf 81' lang='grc' dir='ltr'>μισοξενίαν</span> 
     </span>
    </p>
   </div>
   <div class='ocr_carea' id='block_1_75' title="bbox 2127 1165 3691 1235">
    <p class='ocr_par' dir='ltr' id='par_1_75' title="bbox 2127 1165 3691 1235">
     <span class='ocr_line' id='line_1_75' title="bbox 2127 1165 3691 1235; baseline -0.002 -14"><span class='ocrx_word' id='word_1_583' title='bbox 2127 1168 2326 1223; x_wconf 77' lang='grc' dir='ltr'>ἔπαθον</span> <span class='ocrx_word' id='word_1_584' title='bbox 2347 1166 2517 1221; x_wconf 86' lang='grc' dir='ltr'>ταῦτα</span> <span class='ocrx_word' id='word_1_585' title='bbox 2549 1168 2597 1220; x_wconf 91' lang='grc' dir='ltr'>οἰ</span> <span class='ocrx_word' id='word_1_586' title='bbox 2626 1165 2929 1233; x_wconf 86' lang='grc' dir='ltr'>Αἰγύπτιοι,</span> <span class='ocrx_word' id='word_1_587' title='bbox 2951 1166 3027 1229; x_wconf 84' lang='grc' dir='ltr'>ὼς</span> <span class='ocrx_word' id='word_1_588' title='bbox 3052 1166 3144 1219; x_wconf 78' lang='grc' dir='ltr'>καὶ</span> <span class='ocrx_word' id='word_1_589' title='bbox 3170 1166 3220 1218; x_wconf 90' lang='grc' dir='ltr'>οἰ</span> <span class='ocrx_word' id='word_1_590' title='bbox 3248 1165 3558 1235; x_wconf 85' lang='grc' dir='ltr'>Σοδομῖται.</span> <span class='ocrx_word' id='word_1_591' title='bbox 3585 1167 3691 1218; x_wconf 84' lang='grc' dir='ltr'>Ὀτι</span> 
     </span>
    </p>
   </div>
   <div class='ocr_carea' id='block_1_76' title="bbox 2124 1254 3693 1328">
    <p class='ocr_par' dir='ltr' id='par_1_76' title="bbox 2124 1254 3693 1328">
     <span class='ocr_line' id='line_1_76' title="bbox 2124 1254 3693 1328; baseline -0.003 -17"><span class='ocrx_word' id='word_1_592' title='bbox 2124 1257 2195 1311; x_wconf 79' lang='grc' dir='ltr'>τὰ</span> <span class='ocrx_word' id='word_1_593' title='bbox 2224 1259 2462 1328; x_wconf 88' lang='grc' dir='ltr'>στοιχεῖα</span> <span class='ocrx_word' id='word_1_594' title='bbox 2490 1255 2773 1313; x_wconf 85' lang='grc' dir='ltr'>ὑπόκειται</span> <span class='ocrx_word' id='word_1_595' title='bbox 2801 1258 2866 1327; x_wconf 80' lang='grc' dir='ltr'>τῇ</span> <span class='ocrx_word' id='word_1_596' title='bbox 2893 1254 3012 1328; x_wconf 69' lang='grc' dir='ltr'>θείᾳ</span> <span class='ocrx_word' id='word_1_597' title='bbox 3041 1255 3221 1327; x_wconf 85' lang='grc' dir='ltr'>κρίσει</span> <span class='ocrx_word' id='word_1_598' title='bbox 3259 1254 3498 1326; x_wconf 87' lang='grc' dir='ltr'>Χριστοῦ</span> <span class='ocrx_word' id='word_1_599' title='bbox 3523 1293 3540 1317; x_wconf 93' lang='grc'>,</span> <span class='ocrx_word' id='word_1_600' title='bbox 3570 1254 3693 1325; x_wconf 60' lang='grc' dir='ltr'>προς</span> 
     </span>
    </p>
   </div>
   <div class='ocr_carea' id='block_1_77' title="bbox 2125 1342 3696 1417">
    <p class='ocr_par' dir='ltr' id='par_1_77' title="bbox 2125 1342 3696 1417">
     <span class='ocr_line' id='line_1_77' title="bbox 2125 1342 3696 1417; baseline -0.003 -18"><span class='ocrx_word' id='word_1_601' title='bbox 2125 1346 2155 1399; x_wconf 86' lang='grc' dir='ltr'>δ</span> <span class='ocrx_word' id='word_1_602' title='bbox 2188 1345 2437 1417; x_wconf 86' lang='grc' dir='ltr'>βούλεται</span> <span class='ocrx_word' id='word_1_603' title='bbox 2462 1342 2834 1417; x_wconf 78' lang='grc' dir='ltr'>ρυθμιζόμενα</span> <span class='ocrx_word' id='word_1_604' title='bbox 2855 1384 2870 1407; x_wconf 90' lang='grc'>,</span> <span class='ocrx_word' id='word_1_605' title='bbox 2898 1344 2975 1408; x_wconf 90' lang='grc' dir='ltr'>ὼς</span> <span class='ocrx_word' id='word_1_606' title='bbox 3004 1343 3192 1415; x_wconf 77' lang='grc' dir='ltr'>χορδαὶ</span> <span class='ocrx_word' id='word_1_607' title='bbox 3220 1342 3454 1412; x_wconf 82' lang='grc' dir='ltr'>κιθάρας</span> <span class='ocrx_word' id='word_1_608' title='bbox 3500 1344 3580 1413; x_wconf 77' lang='grc' dir='ltr'>τῷ</span> <span class='ocrx_word' id='word_1_609' title='bbox 3622 1362 3696 1395; x_wconf 82' lang='grc' dir='ltr'>κιο</span> 
     </span>
    </p>
   </div>
   <div class='ocr_carea' id='block_1_78' title="bbox 2126 1425 3696 1505">
    <p class='ocr_par' dir='ltr' id='par_1_78' title="bbox 2126 1425 3696 1505">
     <span class='ocr_line' id='line_1_78' title="bbox 2126 1425 3696 1505; baseline -0.001 -18"><span class='ocrx_word' id='word_1_610' title='bbox 2126 1431 2418 1505; x_wconf 74' lang='grc' dir='ltr'>θαρίζοντι.</span> <span class='ocrx_word' id='word_1_611' title='bbox 2462 1432 2550 1486; x_wconf 86' lang='grc' dir='ltr'>Ἐν</span> <span class='ocrx_word' id='word_1_612' title='bbox 2596 1425 2678 1495; x_wconf 74' lang='grc' dir='ltr'>οἷς</span> <span class='ocrx_word' id='word_1_613' title='bbox 2715 1433 2863 1486; x_wconf 78' lang='grc' dir='ltr'>πᾶσα</span> <span class='ocrx_word' id='word_1_614' title='bbox 2890 1431 3117 1502; x_wconf 87' lang='grc' dir='ltr'>δύναμις</span> <span class='ocrx_word' id='word_1_615' title='bbox 3148 1431 3248 1503; x_wconf 81' lang='grc' dir='ltr'>τῆς</span> <span class='ocrx_word' id='word_1_616' title='bbox 3294 1431 3498 1500; x_wconf 77' lang='grc' dir='ltr'>Σοφίας</span> <span class='ocrx_word' id='word_1_617' title='bbox 3546 1431 3696 1485; x_wconf 76' lang='grc' dir='ltr'>Σολο-</span> 
     </span>
    </p>
   </div>
   <div class='ocr_carea' id='block_1_79' title="bbox 2128 1518 3173 1594">
    <p class='ocr_par' dir='ltr' id='par_1_79' title="bbox 2128 1518 3173 1594">
     <span class='ocr_line' id='line_1_79' title="bbox 2128 1518 3173 1594; baseline 0 -18"><span class='ocrx_word' id='word_1_618' title='bbox 2128 1521 2339 1594; x_wconf 85' lang='grc' dir='ltr'>μῶντος</span> <span class='ocrx_word' id='word_1_619' title='bbox 2370 1519 2469 1592; x_wconf 77' lang='grc' dir='ltr'>τῆς</span> <span class='ocrx_word' id='word_1_620' title='bbox 2497 1520 2802 1593; x_wconf 82' lang='grc' dir='ltr'>λεγομένης</span> <span class='ocrx_word' id='word_1_621' title='bbox 2833 1518 3173 1593; x_wconf 85' lang='grc' dir='ltr'>Παναρέτου.</span> 
     </span>
    </p>
   </div>
   <div class='ocr_carea' id='block_1_80' title="bbox 2537 1700 3295 1771">
    <p class='ocr_par' dir='ltr' id='par_1_80' title="bbox 2537 1700 3295 1771">
     <span class='ocr_line' id='line_1_80' title="bbox 2537 1700 3295 1771; baseline -0.001 -16"><span class='ocrx_word' id='word_1_622' title='bbox 2537 1700 2845 1771; x_wconf 79' lang='grc' dir='ltr'>Παροιμίαι</span> <span class='ocrx_word' id='word_1_623' title='bbox 2889 1700 3295 1771; x_wconf 72' lang='grc' dir='ltr'>Σολομῶντος.</span> 
     </span>
    </p>
   </div>
   <div class='ocr_carea' id='block_1_81' title="bbox 2193 1821 3694 1896">
    <p class='ocr_par' dir='ltr' id='par_1_81' title="bbox 2193 1821 3694 1896">
     <span class='ocr_line' id='line_1_81' title="bbox 2193 1821 3694 1896; baseline 0 -19"><span class='ocrx_word' id='word_1_624' title='bbox 2193 1822 2490 1896; x_wconf 83' lang='grc' dir='ltr'>Παροιμίαι</span> <span class='ocrx_word' id='word_1_625' title='bbox 2522 1821 2863 1894; x_wconf 87' lang='grc' dir='ltr'>Σολομῶντος</span> <span class='ocrx_word' id='word_1_626' title='bbox 2889 1823 2950 1877; x_wconf 83' lang='grc' dir='ltr'>τὸ</span> <span class='ocrx_word' id='word_1_627' title='bbox 2981 1822 3182 1894; x_wconf 89' lang='grc' dir='ltr'>βιϐλίον</span> <span class='ocrx_word' id='word_1_628' title='bbox 3214 1821 3483 1887; x_wconf 86' lang='grc' dir='ltr'>καλεῖται,</span> <span class='ocrx_word' id='word_1_629' title='bbox 3506 1821 3694 1895; x_wconf 72' lang='grc' dir='ltr'>ἐπειδὴ</span> 
     </span>
    </p>
   </div>
   <div class='ocr_carea' id='block_1_82' title="bbox 2123 1909 3691 1983">
    <p class='ocr_par' dir='ltr' id='par_1_82' title="bbox 2123 1909 3691 1983">
     <span class='ocr_line' id='line_1_82' title="bbox 2123 1909 3691 1983; baseline -0.001 -16"><span class='ocrx_word' id='word_1_630' title='bbox 2123 1911 2219 1967; x_wconf 76' lang='grc' dir='ltr'>καὶ</span> <span class='ocrx_word' id='word_1_631' title='bbox 2258 1911 2462 1976; x_wconf 87' lang='grc' dir='ltr'>ταύτας</span> <span class='ocrx_word' id='word_1_632' title='bbox 2489 1909 2739 1982; x_wconf 86' lang='grc' dir='ltr'>Σολομών</span> <span class='ocrx_word' id='word_1_633' title='bbox 2785 1912 2932 1965; x_wconf 89' lang='grc' dir='ltr'>ἐστιν</span> <span class='ocrx_word' id='word_1_634' title='bbox 2967 1913 2997 1964; x_wconf 93' lang='lat'>6</span> <span class='ocrx_word' id='word_1_635' title='bbox 3045 1910 3283 1983; x_wconf 90' lang='grc' dir='ltr'>λαλήσας</span> <span class='ocrx_word' id='word_1_636' title='bbox 3310 1910 3403 1965; x_wconf 77' lang='grc' dir='ltr'>καί</span> <span class='ocrx_word' id='word_1_637' title='bbox 3458 1912 3691 1983; x_wconf 67' lang='grc' dir='ltr'>γράψας.</span> 
     </span>
    </p>
   </div>
   <div class='ocr_carea' id='block_1_83' title="bbox 2122 1994 3693 2070">
    <p class='ocr_par' dir='ltr' id='par_1_83' title="bbox 2122 1994 3693 2070">
     <span class='ocr_line' id='line_1_83' title="bbox 2122 1994 3693 2070; baseline -0.001 -16"><span class='ocrx_word' id='word_1_638' title='bbox 2122 1994 2290 2064; x_wconf 79' lang='grc' dir='ltr'>Οὗτος</span> <span class='ocrx_word' id='word_1_639' title='bbox 2326 1998 2383 2053; x_wconf 81' lang='grc' dir='ltr'>δέ</span> <span class='ocrx_word' id='word_1_640' title='bbox 2420 1998 2797 2069; x_wconf 79' lang='grc' dir='ltr'>διαδεξάμενος</span> <span class='ocrx_word' id='word_1_641' title='bbox 2819 1998 2917 2070; x_wconf 86' lang='grc' dir='ltr'>τὴν</span> <span class='ocrx_word' id='word_1_642' title='bbox 2948 1998 3224 2069; x_wconf 85' lang='grc' dir='ltr'>βασιλείαν</span> <span class='ocrx_word' id='word_1_643' title='bbox 3250 1998 3413 2053; x_wconf 79' lang='grc' dir='ltr'>Δαυῖδ</span> <span class='ocrx_word' id='word_1_644' title='bbox 3461 1999 3563 2053; x_wconf 88' lang='grc' dir='ltr'>τοῦ</span> <span class='ocrx_word' id='word_1_645' title='bbox 3597 2017 3693 2053; x_wconf 79' lang='grc' dir='ltr'>πα-</span> 
     </span>
    </p>
   </div>
   <div class='ocr_carea' id='block_1_84' title="bbox 2122 2085 3693 2159">
    <p class='ocr_par' dir='ltr' id='par_1_84' title="bbox 2122 2085 3693 2159">
     <span class='ocr_line' id='line_1_84' title="bbox 2122 2085 3693 2159; baseline 0.001 -18"><span class='ocrx_word' id='word_1_646' title='bbox 2122 2089 2250 2159; x_wconf 78' lang='grc' dir='ltr'>τρὸς</span> <span class='ocrx_word' id='word_1_647' title='bbox 2295 2085 2495 2151; x_wconf 79' lang='grc' dir='ltr'>αὑτοῦ,</span> <span class='ocrx_word' id='word_1_648' title='bbox 2535 2085 2737 2157; x_wconf 70' lang='grc' dir='ltr'>ηὔξατο</span> <span class='ocrx_word' id='word_1_649' title='bbox 2784 2087 2861 2159; x_wconf 76' lang='grc' dir='ltr'>τῷ</span> <span class='ocrx_word' id='word_1_650' title='bbox 2907 2086 3027 2158; x_wconf 84' lang='grc' dir='ltr'>Θεῷ</span> <span class='ocrx_word' id='word_1_651' title='bbox 3066 2086 3250 2140; x_wconf 86' lang='grc' dir='ltr'>λαϐεῖν</span> <span class='ocrx_word' id='word_1_652' title='bbox 3302 2086 3497 2155; x_wconf 84' lang='grc' dir='ltr'>σοφίαν</span> <span class='ocrx_word' id='word_1_653' title='bbox 3563 2089 3693 2158; x_wconf 76' lang='grc' dir='ltr'>ὑπὲρ</span> 
     </span>
    </p>
   </div>
   <div class='ocr_carea' id='block_1_85' title="bbox 2123 2173 3693 2246">
    <p class='ocr_par' dir='ltr' id='par_1_85' title="bbox 2123 2173 3693 2246">
     <span class='ocr_line' id='line_1_85' title="bbox 2123 2173 3693 2246; baseline -0.002 -16"><span class='ocrx_word' id='word_1_654' title='bbox 2123 2174 2352 2230; x_wconf 89' lang='grc' dir='ltr'>πλοῦτον</span> <span class='ocrx_word' id='word_1_655' title='bbox 2378 2216 2392 2240; x_wconf 88' lang='grc'>,</span> <span class='ocrx_word' id='word_1_656' title='bbox 2427 2176 2521 2229; x_wconf 67' lang='grc' dir='ltr'>καί⁵</span> <span class='ocrx_word' id='word_1_657' title='bbox 2553 2174 2691 2246; x_wconf 83' lang='grc' dir='ltr'>ὑπὲρ</span> <span class='ocrx_word' id='word_1_658' title='bbox 2732 2173 2941 2245; x_wconf 63' lang='grc' dir='ltr'>ἄμυναν</span> <span class='ocrx_word' id='word_1_659' title='bbox 2989 2174 3214 2246; x_wconf 82' lang='grc' dir='ltr'>ἐχθρῶν.</span> <span class='ocrx_word' id='word_1_660' title='bbox 3264 2174 3457 2229; x_wconf 88' lang='grc' dir='ltr'>Λαϐὼν</span> <span class='ocrx_word' id='word_1_661' title='bbox 3495 2176 3693 2236; x_wconf 82' lang='grc' dir='ltr'>τοίνυν,</span> 
     </span>
    </p>
   </div>
   <div class='ocr_carea' id='block_1_86' title="bbox 2124 2262 3691 2334">
    <p class='ocr_par' dir='ltr' id='par_1_86' title="bbox 2124 2262 3691 2334">
     <span class='ocr_line' id='line_1_86' title="bbox 2124 2262 3691 2334; baseline -0.001 -17"><span class='ocrx_word' id='word_1_662' title='bbox 2124 2265 2217 2317; x_wconf 81' lang='grc' dir='ltr'>καί</span> <span class='ocrx_word' id='word_1_663' title='bbox 2245 2264 2534 2334; x_wconf 84' lang='grc' dir='ltr'>γενόμενος</span> <span class='ocrx_word' id='word_1_664' title='bbox 2564 2263 2726 2332; x_wconf 75' lang='grc' dir='ltr'>σοφὸς</span> <span class='ocrx_word' id='word_1_665' title='bbox 2766 2262 2905 2334; x_wconf 78' lang='grc' dir='ltr'>ὑπὲρ</span> <span class='ocrx_word' id='word_1_666' title='bbox 2941 2265 3149 2326; x_wconf 82' lang='grc' dir='ltr'>πάντας</span> <span class='ocrx_word' id='word_1_667' title='bbox 3195 2263 3321 2327; x_wconf 77' lang='grc' dir='ltr'>τοὺς</span> <span class='ocrx_word' id='word_1_668' title='bbox 3372 2263 3485 2334; x_wconf 79' lang='grc' dir='ltr'>πρὸ</span> <span class='ocrx_word' id='word_1_669' title='bbox 3533 2264 3691 2317; x_wconf 75' lang='grc' dir='ltr'>αὐτοῦ</span> 
     </span>
    </p>
   </div>
   <div class='ocr_carea' id='block_1_87' title="bbox 2122 2349 3693 2423">
    <p class='ocr_par' dir='ltr' id='par_1_87' title="bbox 2122 2349 3693 2423">
     <span class='ocr_line' id='line_1_87' title="bbox 2122 2349 3693 2423; baseline -0.001 -18"><span class='ocrx_word' id='word_1_670' title='bbox 2122 2351 2217 2406; x_wconf 80' lang='grc' dir='ltr'>καί</span> <span class='ocrx_word' id='word_1_671' title='bbox 2250 2350 2565 2423; x_wconf 79' lang='grc' dir='ltr'>μετὀαύτδν</span> <span class='ocrx_word' id='word_1_672' title='bbox 2593 2349 2913 2422; x_wconf 86' lang='grc' dir='ltr'>ἀνθρώπους</span> <span class='ocrx_word' id='word_1_673' title='bbox 2937 2390 2952 2414; x_wconf 87' lang='grc'>,</span> <span class='ocrx_word' id='word_1_674' title='bbox 2979 2350 3310 2420; x_wconf 89' lang='grc' dir='ltr'>θαυμασθείς</span> <span class='ocrx_word' id='word_1_675' title='bbox 3325 2368 3384 2404; x_wconf 90' lang='grc' dir='ltr'>τε</span> <span class='ocrx_word' id='word_1_676' title='bbox 3409 2353 3508 2404; x_wconf 80' lang='grc' dir='ltr'>ἐπὶ</span> <span class='ocrx_word' id='word_1_677' title='bbox 3535 2354 3693 2405; x_wconf 79' lang='grc' dir='ltr'>πᾶσιν</span> 
     </span>
    </p>
   </div>
   <div class='ocr_carea' id='block_1_88' title="bbox 2120 2434 3693 2511">
    <p class='ocr_par' dir='ltr' id='par_1_88' title="bbox 2120 2434 3693 2511">
     <span class='ocr_line' id='line_1_88' title="bbox 2120 2434 3693 2511; baseline -0.001 -17"><span class='ocrx_word' id='word_1_678' title='bbox 2120 2434 2203 2503; x_wconf 71' lang='grc' dir='ltr'>οἷς</span> <span class='ocrx_word' id='word_1_679' title='bbox 2236 2439 2457 2510; x_wconf 86' lang='grc' dir='ltr'>ἐποίησε</span> <span class='ocrx_word' id='word_1_680' title='bbox 2489 2438 2585 2492; x_wconf 77' lang='grc' dir='ltr'>καί</span> <span class='ocrx_word' id='word_1_681' title='bbox 2618 2439 2870 2510; x_wconf 88' lang='grc' dir='ltr'>ἐλάλησε,</span> <span class='ocrx_word' id='word_1_682' title='bbox 2903 2438 3203 2510; x_wconf 90' lang='grc' dir='ltr'>τρισχιλίας</span> <span class='ocrx_word' id='word_1_683' title='bbox 3250 2439 3345 2509; x_wconf 81' lang='grc' dir='ltr'>μὲν</span> <span class='ocrx_word' id='word_1_684' title='bbox 3381 2439 3693 2511; x_wconf 72' lang='grc' dir='ltr'>παραϐολάς</span> 
     </span>
    </p>
   </div>
   <div class='ocr_carea' id='block_1_89' title="bbox 2121 2521 3691 2593">
    <p class='ocr_par' dir='ltr' id='par_1_89' title="bbox 2121 2521 3691 2593">
     <span class='ocr_line' id='line_1_89' title="bbox 2121 2521 3691 2593; baseline -0.001 -17"><span class='ocrx_word' id='word_1_685' title='bbox 2121 2522 2218 2576; x_wconf 75' lang='grc' dir='ltr'>καὶ</span> <span class='ocrx_word' id='word_1_686' title='bbox 2250 2521 2692 2593; x_wconf 86' lang='grc' dir='ltr'>πεντακισχιλίας</span> <span class='ocrx_word' id='word_1_687' title='bbox 2718 2521 2861 2593; x_wconf 80' lang='grc' dir='ltr'>ᾠδὰς</span> <span class='ocrx_word' id='word_1_688' title='bbox 2891 2521 3146 2593; x_wconf 77' lang='grc' dir='ltr'>ἐλάλησε³</span> <span class='ocrx_word' id='word_1_689' title='bbox 3178 2522 3272 2575; x_wconf 82' lang='grc' dir='ltr'>καί</span> <span class='ocrx_word' id='word_1_690' title='bbox 3306 2524 3691 2593; x_wconf 83' lang='grc' dir='ltr'>ἐφυσιολὸγησε</span> 
     </span>
    </p>
   </div>
   <div class='ocr_carea' id='block_1_90' title="bbox 2122 2610 3691 2683">
    <p class='ocr_par' dir='ltr' id='par_1_90' title="bbox 2122 2610 3691 2683">
     <span class='ocr_line' id='line_1_90' title="bbox 2122 2610 3691 2683; baseline -0.001 -20"><span class='ocrx_word' id='word_1_691' title='bbox 2122 2611 2251 2683; x_wconf 75' lang='grc' dir='ltr'>περὶ</span> <span class='ocrx_word' id='word_1_692' title='bbox 2296 2611 2511 2668; x_wconf 86' lang='grc' dir='ltr'>πάντων</span> <span class='ocrx_word' id='word_1_693' title='bbox 2564 2611 2674 2664; x_wconf 91' lang='grc' dir='ltr'>τῶν</span> <span class='ocrx_word' id='word_1_694' title='bbox 2719 2628 2780 2665; x_wconf 88' lang='grc' dir='ltr'>τε</span> <span class='ocrx_word' id='word_1_695' title='bbox 2823 2612 2887 2664; x_wconf 86' lang='grc' dir='ltr'>ἐκ</span> <span class='ocrx_word' id='word_1_696' title='bbox 2936 2611 3038 2681; x_wconf 83' lang='grc' dir='ltr'>γῆς</span> <span class='ocrx_word' id='word_1_697' title='bbox 3076 2610 3396 2681; x_wconf 82' lang='grc' dir='ltr'>φυομένων,</span> <span class='ocrx_word' id='word_1_698' title='bbox 3432 2613 3537 2665; x_wconf 79' lang='grc' dir='ltr'>καὶ</span> <span class='ocrx_word' id='word_1_699' title='bbox 3577 2612 3691 2682; x_wconf 69' lang='grc' dir='ltr'>περὶ</span> 
     </span>
    </p>
   </div>
   <div class='ocr_carea' id='block_1_91' title="bbox 2122 2698 3688 2770">
    <p class='ocr_par' dir='ltr' id='par_1_91' title="bbox 2122 2698 3688 2770">
     <span class='ocr_line' id='line_1_91' title="bbox 2122 2698 3688 2770; baseline -0.003 -14"><span class='ocrx_word' id='word_1_700' title='bbox 2122 2701 2340 2756; x_wconf 88' lang='grc' dir='ltr'>πάντων</span> <span class='ocrx_word' id='word_1_701' title='bbox 2367 2701 2472 2754; x_wconf 90' lang='grc' dir='ltr'>τῶν</span> <span class='ocrx_word' id='word_1_702' title='bbox 2501 2698 2671 2765; x_wconf 80' lang='grc' dir='ltr'>ζώων.</span> <span class='ocrx_word' id='word_1_703' title='bbox 2690 2698 3003 2770; x_wconf 75' lang='grc' dir='ltr'>Συνέγραψε</span> <span class='ocrx_word' id='word_1_704' title='bbox 3028 2699 3104 2765; x_wconf 75' lang='grc' dir='ltr'>δὲ,</span> <span class='ocrx_word' id='word_1_705' title='bbox 3135 2699 3210 2762; x_wconf 89' lang='grc' dir='ltr'>ὼς</span> <span class='ocrx_word' id='word_1_706' title='bbox 3244 2698 3343 2768; x_wconf 91' lang='grc' dir='ltr'>μέν</span> <span class='ocrx_word' id='word_1_707' title='bbox 3372 2699 3521 2764; x_wconf 84' lang='grc' dir='ltr'>τινές</span> <span class='ocrx_word' id='word_1_708' title='bbox 3550 2717 3688 2770; x_wconf 80' lang='grc' dir='ltr'>φασι,</span> 
     </span>
    </p>
   </div>
   <div class='ocr_carea' id='block_1_92' title="bbox 2121 2785 3687 2860">
    <p class='ocr_par' dir='ltr' id='par_1_92' title="bbox 2121 2785 3687 2860">
     <span class='ocr_line' id='line_1_92' title="bbox 2121 2785 3687 2860; baseline 0 -19"><span class='ocrx_word' id='word_1_709' title='bbox 2121 2788 2248 2860; x_wconf 84' lang='grc' dir='ltr'>τρία</span> <span class='ocrx_word' id='word_1_710' title='bbox 2279 2788 2415 2859; x_wconf 88' lang='grc' dir='ltr'>μόνα</span> <span class='ocrx_word' id='word_1_711' title='bbox 2445 2787 2647 2857; x_wconf 87' lang='grc' dir='ltr'>βιϐλία.</span> <span class='ocrx_word' id='word_1_712' title='bbox 2686 2785 2857 2841; x_wconf 87' lang='grc' dir='ltr'>Τοῦτὸ</span> <span class='ocrx_word' id='word_1_713' title='bbox 2884 2804 2964 2853; x_wconf 88' lang='grc' dir='ltr'>τε,</span> <span class='ocrx_word' id='word_1_714' title='bbox 2994 2788 3089 2841; x_wconf 80' lang='grc' dir='ltr'>καί</span> <span class='ocrx_word' id='word_1_715' title='bbox 3115 2787 3206 2841; x_wconf 78' lang='grc' dir='ltr'>τὸν</span> <span class='ocrx_word' id='word_1_716' title='bbox 3243 2787 3687 2859; x_wconf 73' lang='grc' dir='ltr'>Ἐκκλησιαστήν.</span> 
     </span>
    </p>
   </div>
   <div class='ocr_carea' id='block_1_93' title="bbox 2123 2870 3689 2949">
    <p class='ocr_par' dir='ltr' id='par_1_93' title="bbox 2123 2870 3689 2949">
     <span class='ocr_line' id='line_1_93' title="bbox 2123 2870 3689 2949; baseline -0.001 -20"><span class='ocrx_word' id='word_1_717' title='bbox 2123 2876 2219 2930; x_wconf 78' lang='grc' dir='ltr'>καί</span> <span class='ocrx_word' id='word_1_718' title='bbox 2241 2876 2303 2929; x_wconf 83' lang='grc' dir='ltr'>τὸ</span> <span class='ocrx_word' id='word_1_719' title='bbox 2334 2870 2525 2949; x_wconf 63' lang='grc' dir='ltr'>1’ᾼσμα</span> <span class='ocrx_word' id='word_1_720' title='bbox 2567 2875 2675 2931; x_wconf 89' lang='grc' dir='ltr'>τῶν</span> <span class='ocrx_word' id='word_1_721' title='bbox 2709 2876 2999 2947; x_wconf 59' lang='grc' dir='ltr'>ᾀσμάτων</span> <span class='ocrx_word' id='word_1_722' title='bbox 3026 2875 3100 2939; x_wconf 88' lang='grc' dir='ltr'>ὼς</span> <span class='ocrx_word' id='word_1_723' title='bbox 3155 2874 3213 2927; x_wconf 86' lang='grc' dir='ltr'>δέ</span> <span class='ocrx_word' id='word_1_724' title='bbox 3255 2891 3426 2938; x_wconf 89' lang='grc' dir='ltr'>τινες,</span> <span class='ocrx_word' id='word_1_725' title='bbox 3470 2876 3573 2929; x_wconf 71' lang='grc' dir='ltr'>καὶ</span> <span class='ocrx_word' id='word_1_726' title='bbox 3606 2875 3689 2944; x_wconf 70' lang='grc' dir='ltr'>τὴν</span> 
     </span>
    </p>
   </div>
   <div class='ocr_carea' id='block_1_94' title="bbox 2123 2961 3688 3036">
    <p class='ocr_par' dir='ltr' id='par_1_94' title="bbox 2123 2961 3688 3036">
     <span class='ocr_line' id='line_1_94' title="bbox 2123 2961 3688 3036; baseline -0.003 -19"><span class='ocrx_word' id='word_1_727' title='bbox 2123 2962 2323 3033; x_wconf 87' lang='grc' dir='ltr'>Σοφίαν</span> <span class='ocrx_word' id='word_1_728' title='bbox 2349 2964 2450 3036; x_wconf 77' lang='grc' dir='ltr'>τὴν</span> <span class='ocrx_word' id='word_1_729' title='bbox 2482 2962 2983 3035; x_wconf 83' lang='grc' dir='ltr'>ἀπογεγραμμένην</span> <span class='ocrx_word' id='word_1_730' title='bbox 3012 2962 3108 3016; x_wconf 74' lang='grc' dir='ltr'>καί</span> <span class='ocrx_word' id='word_1_731' title='bbox 3127 2961 3423 3032; x_wconf 82' lang='grc' dir='ltr'>λεγομένην</span> <span class='ocrx_word' id='word_1_732' title='bbox 3452 2963 3688 3031; x_wconf 69' lang='grc' dir='ltr'>Πανάρε.</span> 
     </span>
    </p>
   </div>
   <div class='ocr_carea' id='block_1_95' title="bbox 2121 3047 3686 3125">
    <p class='ocr_par' dir='ltr' id='par_1_95' title="bbox 2121 3047 3686 3125">
     <span class='ocr_line' id='line_1_95' title="bbox 2121 3047 3686 3125; baseline -0.002 -20"><span class='ocrx_word' id='word_1_733' title='bbox 2121 3068 2247 3106; x_wconf 80' lang='grc' dir='ltr'>τονο</span> <span class='ocrx_word' id='word_1_734' title='bbox 2279 3052 2509 3123; x_wconf 89' lang='grc' dir='ltr'>γνησίαν</span> <span class='ocrx_word' id='word_1_735' title='bbox 2544 3052 2654 3125; x_wconf 85' lang='grc' dir='ltr'>γὰρ</span> <span class='ocrx_word' id='word_1_736' title='bbox 2686 3051 2855 3106; x_wconf 82' lang='grc' dir='ltr'>αὐτοῦ</span> <span class='ocrx_word' id='word_1_737' title='bbox 2891 3052 2985 3106; x_wconf 75' lang='grc' dir='ltr'>καὶ</span> <span class='ocrx_word' id='word_1_738' title='bbox 3013 3050 3214 3121; x_wconf 90' lang='grc' dir='ltr'>ταύτην</span> <span class='ocrx_word' id='word_1_739' title='bbox 3252 3050 3507 3119; x_wconf 85' lang='grc' dir='ltr'>λέγουσιν</span> <span class='ocrx_word' id='word_1_740' title='bbox 3542 3047 3686 3103; x_wconf 72' lang='grc' dir='ltr'>εἶναι.</span> 
     </span>
    </p>
   </div>
   <div class='ocr_carea' id='block_1_96' title="bbox 2123 3132 3689 3207">
    <p class='ocr_par' dir='ltr' id='par_1_96' title="bbox 2123 3132 3689 3207">
     <span class='ocr_line' id='line_1_96' title="bbox 2123 3132 3689 3207; baseline -0.003 -18"><span class='ocrx_word' id='word_1_741' title='bbox 2123 3135 2236 3189; x_wconf 87' lang='lat' dir='ltr'>Kal</span> <span class='ocrx_word' id='word_1_742' title='bbox 2269 3134 2457 3189; x_wconf 89' lang='grc' dir='ltr'>τοῦτον</span> <span class='ocrx_word' id='word_1_743' title='bbox 2496 3135 2594 3206; x_wconf 81' lang='grc' dir='ltr'>μέν</span> <span class='ocrx_word' id='word_1_744' title='bbox 2624 3134 2920 3207; x_wconf 82' lang='grc' dir='ltr'>Παροιμίαι</span> <span class='ocrx_word' id='word_1_745' title='bbox 2958 3133 3284 3205; x_wconf 76' lang='grc' dir='ltr'>ἐπέγραψεν.</span> <span class='ocrx_word' id='word_1_746' title='bbox 3337 3132 3461 3186; x_wconf 72' lang='grc' dir='ltr'>Εἰσὶ</span> <span class='ocrx_word' id='word_1_747' title='bbox 3495 3133 3557 3187; x_wconf 86' lang='grc' dir='ltr'>δέ</span> <span class='ocrx_word' id='word_1_748' title='bbox 3601 3150 3689 3185; x_wconf 77' lang='grc' dir='ltr'>πε·</span> 
     </span>
    </p>
   </div>
   <div class='ocr_carea' id='block_1_97' title="bbox 2126 3216 3689 3290">
    <p class='ocr_par' dir='ltr' id='par_1_97' title="bbox 2126 3216 3689 3290">
     <span class='ocr_line' id='line_1_97' title="bbox 2126 3216 3689 3290; baseline -0.003 -19"><span class='ocrx_word' id='word_1_749' title='bbox 2126 3218 2333 3290; x_wconf 89' lang='grc' dir='ltr'>ροιμίαι</span> <span class='ocrx_word' id='word_1_750' title='bbox 2362 3218 2508 3288; x_wconf 86' lang='grc' dir='ltr'>λόγοι</span> <span class='ocrx_word' id='word_1_751' title='bbox 2544 3219 2716 3289; x_wconf 75' lang='grc' dir='ltr'>σοφοὶ,</span> <span class='ocrx_word' id='word_1_752' title='bbox 2744 3219 2820 3282; x_wconf 89' lang='grc' dir='ltr'>ὼς</span> <span class='ocrx_word' id='word_1_753' title='bbox 2853 3218 3175 3288; x_wconf 82' lang='grc' dir='ltr'>αἰνίγματα,</span> <span class='ocrx_word' id='word_1_754' title='bbox 3206 3216 3362 3271; x_wconf 72' lang='grc' dir='ltr'>ἅτινα</span> <span class='ocrx_word' id='word_1_755' title='bbox 3385 3216 3581 3288; x_wconf 67' lang='grc' dir='ltr'>ἕτερον</span> <span class='ocrx_word' id='word_1_756' title='bbox 3605 3218 3689 3286; x_wconf 76' lang='grc' dir='ltr'>μέν</span> 
     </span>
    </p>
   </div>
   <div class='ocr_carea' id='block_1_98' title="bbox 2121 3300 3687 3374">
    <p class='ocr_par' dir='ltr' id='par_1_98' title="bbox 2121 3300 3687 3374">
     <span class='ocr_line' id='line_1_98' title="bbox 2121 3300 3687 3374; baseline -0.001 -19"><span class='ocrx_word' id='word_1_757' title='bbox 2121 3319 2177 3355; x_wconf 87' lang='grc' dir='ltr'>τι</span> <span class='ocrx_word' id='word_1_758' title='bbox 2215 3302 2437 3356; x_wconf 79' lang='grc' dir='ltr'>αὐτόθεν</span> <span class='ocrx_word' id='word_1_759' title='bbox 2488 3302 2750 3374; x_wconf 87' lang='grc' dir='ltr'>δηλοῦντά</span> <span class='ocrx_word' id='word_1_760' title='bbox 2790 3304 2937 3356; x_wconf 91' lang='grc' dir='ltr'>ἐστιν</span> <span class='ocrx_word' id='word_1_761' title='bbox 2960 3342 2975 3365; x_wconf 84' lang='grc'>,</span> <span class='ocrx_word' id='word_1_762' title='bbox 3027 3303 3211 3371; x_wconf 72' lang='grc' dir='ltr'>ἕτερον</span> <span class='ocrx_word' id='word_1_763' title='bbox 3261 3300 3316 3355; x_wconf 80' lang='grc' dir='ltr'>δέ</span> <span class='ocrx_word' id='word_1_764' title='bbox 3370 3302 3428 3354; x_wconf 79' lang='grc' dir='ltr'>ἐν</span> <span class='ocrx_word' id='word_1_765' title='bbox 3474 3303 3687 3371; x_wconf 64' lang='grc' dir='ltr'>ὑπονοίᾳ</span> 
     </span>
    </p>
   </div>
   <div class='ocr_carea' id='block_1_99' title="bbox 2123 3384 3689 3455">
    <p class='ocr_par' dir='ltr' id='par_1_99' title="bbox 2123 3384 3689 3455">
     <span class='ocr_line' id='line_1_99' title="bbox 2123 3384 3689 3455; baseline -0.002 -15"><span class='ocrx_word' id='word_1_766' title='bbox 2123 3385 2564 3455; x_wconf 82' lang='grc' dir='ltr'>ἐπαγγέλλονται.</span> <span class='ocrx_word' id='word_1_767' title='bbox 2599 3384 2721 3438; x_wconf 85' lang='grc' dir='ltr'>Τῶν</span> <span class='ocrx_word' id='word_1_768' title='bbox 2753 3386 2810 3439; x_wconf 89' lang='grc' dir='ltr'>δέ</span> <span class='ocrx_word' id='word_1_769' title='bbox 2836 3385 3092 3440; x_wconf 86' lang='grc' dir='ltr'>τοιούτων</span> <span class='ocrx_word' id='word_1_770' title='bbox 3136 3384 3275 3448; x_wconf 85' lang='grc' dir='ltr'>εἰδός</span> <span class='ocrx_word' id='word_1_771' title='bbox 3318 3385 3458 3437; x_wconf 85' lang='grc' dir='ltr'>εἰσιν</span> <span class='ocrx_word' id='word_1_772' title='bbox 3505 3388 3567 3439; x_wconf 88' lang='grc' dir='ltr'>αἰ</span> <span class='ocrx_word' id='word_1_773' title='bbox 3604 3404 3689 3437; x_wconf 80' lang='grc' dir='ltr'>πα·</span> 
     </span>
    </p>
   </div>
   <div class='ocr_carea' id='block_1_100' title="bbox 2124 3467 3687 3541">
    <p class='ocr_par' dir='ltr' id='par_1_100' title="bbox 2124 3467 3687 3541">
     <span class='ocr_line' id='line_1_100' title="bbox 2124 3467 3687 3541; baseline -0.001 -19"><span class='ocrx_word' id='word_1_774' title='bbox 2124 3470 2356 3541; x_wconf 85' lang='grc' dir='ltr'>ροιμίαι.</span> <span class='ocrx_word' id='word_1_775' title='bbox 2383 3467 2541 3522; x_wconf 75' lang='grc' dir='ltr'>οὕτω</span> <span class='ocrx_word' id='word_1_776' title='bbox 2565 3469 2674 3539; x_wconf 83' lang='grc' dir='ltr'>γὰρ</span> <span class='ocrx_word' id='word_1_777' title='bbox 2699 3468 2794 3522; x_wconf 80' lang='grc' dir='ltr'>καὶ</span> <span class='ocrx_word' id='word_1_778' title='bbox 2814 3469 2864 3521; x_wconf 90' lang='grc' dir='ltr'>οἰ</span> <span class='ocrx_word' id='word_1_779' title='bbox 2894 3468 3132 3539; x_wconf 78' lang='grc' dir='ltr'>μαθηταὶ</span> <span class='ocrx_word' id='word_1_780' title='bbox 3156 3467 3251 3522; x_wconf 87' lang='grc' dir='ltr'>τοῦ</span> <span class='ocrx_word' id='word_1_781' title='bbox 3276 3468 3487 3540; x_wconf 82' lang='grc' dir='ltr'>Κυρίου</span> <span class='ocrx_word' id='word_1_782' title='bbox 3522 3469 3687 3537; x_wconf 54' lang='grc' dir='ltr'>λέγοιμ</span> 
     </span>
    </p>
   </div>
   <div class='ocr_carea' id='block_1_101' title="bbox 2123 3550 3687 3623">
    <p class='ocr_par' dir='ltr' id='par_1_101' title="bbox 2123 3550 3687 3623">
     <span class='ocr_line' id='line_1_101' title="bbox 2123 3550 3687 3623; baseline -0.002 -18"><span class='ocrx_word' id='word_1_783' title='bbox 2123 3569 2209 3606; x_wconf 89' lang='grc' dir='ltr'>σιν</span> <span class='ocrx_word' id='word_1_784' title='bbox 2232 3554 2290 3607; x_wconf 77' lang='grc' dir='ltr'>ἐν</span> <span class='ocrx_word' id='word_1_785' title='bbox 2317 3551 2395 3623; x_wconf 82' lang='grc' dir='ltr'>τῷ</span> <span class='ocrx_word' id='word_1_786' title='bbox 2420 3552 2562 3606; x_wconf 85' lang='grc' dir='ltr'>κατὰ</span> <span class='ocrx_word' id='word_1_787' title='bbox 2601 3551 2853 3622; x_wconf 88' lang='grc' dir='ltr'>Ἰωάννην</span> <span class='ocrx_word' id='word_1_788' title='bbox 2873 3551 3210 3622; x_wconf 85' lang='grc' dir='ltr'>Εύαγγελίῳ,</span> <span class='ocrx_word' id='word_1_789' title='bbox 3244 3552 3331 3605; x_wconf 74' lang='grc' dir='ltr'>ὃτε</span> <span class='ocrx_word' id='word_1_790' title='bbox 3358 3550 3454 3605; x_wconf 86' lang='grc' dir='ltr'>τοῦ</span> <span class='ocrx_word' id='word_1_791' title='bbox 3496 3553 3687 3621; x_wconf 75' lang='grc' dir='ltr'>Κυρίου</span> 
     </span>
    </p>
   </div>
   <div class='ocr_carea' id='block_1_102' title="bbox 2122 3636 3685 3709">
    <p class='ocr_par' dir='ltr' id='par_1_102' title="bbox 2122 3636 3685 3709">
     <span class='ocr_line' id='line_1_102' title="bbox 2122 3636 3685 3709; baseline -0.001 -18"><span class='ocrx_word' id='word_1_792' title='bbox 2122 3637 2293 3691; x_wconf 84' lang='grc' dir='ltr'>πολλά</span> <span class='ocrx_word' id='word_1_793' title='bbox 2319 3637 2602 3709; x_wconf 84' lang='grc' dir='ltr'>εἰρηκότος</span> <span class='ocrx_word' id='word_1_794' title='bbox 2624 3676 2642 3698; x_wconf 86' lang='grc'><strong>.</strong></span> <span class='ocrx_word' id='word_1_795' title='bbox 2677 3636 2942 3707; x_wconf 86' lang='grc' dir='ltr'>πρότερον</span> <span class='ocrx_word' id='word_1_796' title='bbox 2990 3636 3415 3707; x_wconf 76' lang='grc' dir='ltr'>ἐγκεκρυμμένῃ</span> <span class='ocrx_word' id='word_1_797' title='bbox 3466 3636 3685 3705; x_wconf 63' lang='grc' dir='ltr'>διανοίᾳ,</span> 
     </span>
    </p>
   </div>
   <div class='ocr_carea' id='block_1_103' title="bbox 2122 3717 3684 3792">
    <p class='ocr_par' dir='ltr' id='par_1_103' title="bbox 2122 3717 3684 3792">
     <span class='ocr_line' id='line_1_103' title="bbox 2122 3717 3684 3792; baseline -0.002 -19"><span class='ocrx_word' id='word_1_798' title='bbox 2122 3720 2346 3792; x_wconf 79' lang='grc' dir='ltr'>ὖστερόν</span> <span class='ocrx_word' id='word_1_799' title='bbox 2397 3738 2562 3791; x_wconf 89' lang='grc' dir='ltr'>φασιν</span> <span class='ocrx_word' id='word_1_800' title='bbox 2609 3718 2787 3789; x_wconf 78' lang='grc' dir='ltr'>αὐτῷ·</span> <span class='ocrx_word' id='word_1_801' title='bbox 2828 3719 2941 3774; x_wconf 83' lang='grc' dir='ltr'>Ἴδε</span> <span class='ocrx_word' id='word_1_802' title='bbox 2979 3717 3097 3773; x_wconf 74' lang='grc' dir='ltr'>νῦν</span> <span class='ocrx_word' id='word_1_803' title='bbox 3137 3720 3444 3787; x_wconf 55' lang='grc' dir='ltr'>παρρησίᾳ</span> <span class='ocrx_word' id='word_1_804' title='bbox 3466 3720 3684 3783; x_wconf 66' lang='grc' dir='ltr'>λαλεῖς,</span> 
     </span>
    </p>
   </div>
   <div class='ocr_carea' id='block_1_104' title="bbox 2120 3800 3685 3875">
    <p class='ocr_par' dir='ltr' id='par_1_104' title="bbox 2120 3800 3685 3875">
     <span class='ocr_line' id='line_1_104' title="bbox 2120 3800 3685 3875; baseline -0.004 -17"><span class='ocrx_word' id='word_1_805' title='bbox 2120 3804 2220 3858; x_wconf 79' lang='grc' dir='ltr'>καί</span> <span class='ocrx_word' id='word_1_806' title='bbox 2238 3805 2558 3875; x_wconf 74' lang='grc' dir='ltr'>παροιμίαν</span> <span class='ocrx_word' id='word_1_807' title='bbox 2581 3803 2866 3872; x_wconf 81' lang='grc' dir='ltr'>οὐδεμίαν</span> <span class='ocrx_word' id='word_1_808' title='bbox 2899 3800 3095 3871; x_wconf 70' lang='grc' dir='ltr'>,λέγεις</span> <span class='ocrx_word' id='word_1_809' title='bbox 3115 3818 3129 3832; x_wconf 90' lang='grc'><strong>·</strong></span> <span class='ocrx_word' id='word_1_810' title='bbox 3153 3801 3228 3865; x_wconf 85' lang='grc' dir='ltr'>ὼς</span> <span class='ocrx_word' id='word_1_811' title='bbox 3252 3801 3359 3854; x_wconf 88' lang='grc' dir='ltr'>τῶν</span> <span class='ocrx_word' id='word_1_812' title='bbox 3390 3802 3685 3873; x_wconf 76' lang='grc' dir='ltr'>παροιμιῶν</span> 
     </span>
    </p>
   </div>
   <div class='ocr_carea' id='block_1_105' title="bbox 2123 3884 3685 3961">
    <p class='ocr_par' dir='ltr' id='par_1_105' title="bbox 2123 3884 3685 3961">
     <span class='ocr_line' id='line_1_105' title="bbox 2123 3884 3685 3961; baseline -0.006 -17"><span class='ocrx_word' id='word_1_813' title='bbox 2123 3890 2199 3961; x_wconf 80' lang='grc' dir='ltr'>μὴ</span> <span class='ocrx_word' id='word_1_814' title='bbox 2222 3891 2285 3943; x_wconf 83' lang='grc' dir='ltr'>ἐκ</span> <span class='ocrx_word' id='word_1_815' title='bbox 2311 3888 2566 3960; x_wconf 88' lang='grc' dir='ltr'>φανεροῦ,</span> <span class='ocrx_word' id='word_1_816' title='bbox 2598 3887 2734 3941; x_wconf 88' lang='grc' dir='ltr'>ἀλλά</span> <span class='ocrx_word' id='word_1_817' title='bbox 2767 3886 3163 3958; x_wconf 84' lang='grc' dir='ltr'>κεκρυμμένως</span> <span class='ocrx_word' id='word_1_818' title='bbox 3184 3884 3512 3955; x_wconf 84' lang='grc' dir='ltr'>λεγομένων.</span> <span class='ocrx_word' id='word_1_819' title='bbox 3552 3886 3685 3938; x_wconf 74' lang='grc' dir='ltr'>Ἐπεί</span> 
     </span>
    </p>
   </div>
   <div class='ocr_carea' id='block_1_106' title="bbox 2118 3967 3685 4043">
    <p class='ocr_par' dir='ltr' id='par_1_106' title="bbox 2118 3967 3685 4043">
     <span class='ocr_line' id='line_1_106' title="bbox 2118 3967 3685 4043; baseline -0.006 -17"><span class='ocrx_word' id='word_1_820' title='bbox 2118 3968 2214 4027; x_wconf 85' lang='grc' dir='ltr'>οὖν</span> <span class='ocrx_word' id='word_1_821' title='bbox 2244 3974 2303 4026; x_wconf 85' lang='grc' dir='ltr'>ἐν</span> <span class='ocrx_word' id='word_1_822' title='bbox 2331 3971 2411 4043; x_wconf 84' lang='grc' dir='ltr'>τῷ</span> <span class='ocrx_word' id='word_1_823' title='bbox 2439 3970 2626 4042; x_wconf 81' lang='grc' dir='ltr'>βιϐλίῳ</span> <span class='ocrx_word' id='word_1_824' title='bbox 2652 3969 2826 4041; x_wconf 83' lang='grc' dir='ltr'>τούτῳ</span> <span class='ocrx_word' id='word_1_825' title='bbox 2850 3970 3086 4023; x_wconf 78' lang='grc' dir='ltr'>πλεῖστοι</span> <span class='ocrx_word' id='word_1_826' title='bbox 3118 3967 3263 4037; x_wconf 89' lang='grc' dir='ltr'>λόγοι</span> <span class='ocrx_word' id='word_1_827' title='bbox 3290 3967 3525 4021; x_wconf 83' lang='grc' dir='ltr'>τοιοῦτοί</span> <span class='ocrx_word' id='word_1_828' title='bbox 3542 3971 3685 4029; x_wconf 83' lang='grc' dir='ltr'>εἰσιν,</span> 
     </span>
    </p>
   </div>
   <div class='ocr_carea' id='block_1_107' title="bbox 2116 4049 3683 4127">
    <p class='ocr_par' dir='ltr' id='par_1_107' title="bbox 2116 4049 3683 4127">
     <span class='ocr_line' id='line_1_107' title="bbox 2116 4049 3683 4127; baseline -0.006 -17"><span class='ocrx_word' id='word_1_829' title='bbox 2116 4056 2208 4111; x_wconf 84' lang='grc' dir='ltr'>διά</span> <span class='ocrx_word' id='word_1_830' title='bbox 2225 4055 2383 4109; x_wconf 90' lang='grc' dir='ltr'>τοῦτο</span> <span class='ocrx_word' id='word_1_831' title='bbox 2412 4053 2715 4127; x_wconf 87' lang='grc' dir='ltr'>Παροιμίας</span> <span class='ocrx_word' id='word_1_832' title='bbox 2743 4052 2947 4123; x_wconf 76' lang='grc' dir='ltr'>ἔγραψε</span> <span class='ocrx_word' id='word_1_833' title='bbox 2982 4052 3042 4121; x_wconf 91' lang='grc' dir='ltr'>(ί.</span> <span class='ocrx_word' id='word_1_834' title='bbox 3065 4050 3361 4121; x_wconf 72' lang='grc' dir='ltr'>ἐπέγραψε)</span> <span class='ocrx_word' id='word_1_835' title='bbox 3385 4050 3447 4109; x_wconf 60' lang='grc' dir='ltr'>τὸ</span> <span class='ocrx_word' id='word_1_836' title='bbox 3472 4049 3683 4119; x_wconf 77' lang='grc' dir='ltr'>βιϐλίον.</span> 
     </span>
    </p>
   </div>
   <div class='ocr_carea' id='block_1_108' title="bbox 2131 4131 3683 4209">
    <p class='ocr_par' dir='ltr' id='par_1_108' title="bbox 2131 4131 3683 4209">
     <span class='ocr_line' id='line_1_108' title="bbox 2131 4131 3683 4209; baseline -0.005 -17"><span class='ocrx_word' id='word_1_837' title='bbox 2131 4137 2431 4209; x_wconf 84' lang='grc' dir='ltr'>Ὠνομάσθη</span> <span class='ocrx_word' id='word_1_838' title='bbox 2475 4137 2531 4189; x_wconf 82' lang='grc' dir='ltr'>δὲ</span> <span class='ocrx_word' id='word_1_839' title='bbox 2580 4138 2885 4208; x_wconf 78' lang='grc' dir='ltr'>παροιμία,</span> <span class='ocrx_word' id='word_1_840' title='bbox 2933 4135 3119 4207; x_wconf 85' lang='grc' dir='ltr'>ἐπειδὴ</span> <span class='ocrx_word' id='word_1_841' title='bbox 3154 4136 3303 4205; x_wconf 87' lang='grc' dir='ltr'>παρά</span> <span class='ocrx_word' id='word_1_842' title='bbox 3341 4135 3530 4203; x_wconf 81' lang='grc' dir='ltr'>πάσης</span> <span class='ocrx_word' id='word_1_843' title='bbox 3582 4131 3683 4187; x_wconf 74' lang='grc' dir='ltr'>ὁδοῦ</span> 
     </span>
    </p>
   </div>
   <div class='ocr_carea' id='block_1_109' title="bbox 2118 4216 3683 4293">
    <p class='ocr_par' dir='ltr' id='par_1_109' title="bbox 2118 4216 3683 4293">
     <span class='ocr_line' id='line_1_109' title="bbox 2118 4216 3683 4293; baseline -0.005 -17"><span class='ocrx_word' id='word_1_844' title='bbox 2118 4221 2437 4293; x_wconf 81' lang='grc' dir='ltr'>ἐγράφησαν</span> <span class='ocrx_word' id='word_1_845' title='bbox 2462 4222 2510 4274; x_wconf 87' lang='grc' dir='ltr'>οἰ</span> <span class='ocrx_word' id='word_1_846' title='bbox 2544 4220 2773 4273; x_wconf 79' lang='grc' dir='ltr'>τοιοῦτοι</span> <span class='ocrx_word' id='word_1_847' title='bbox 2811 4220 2979 4289; x_wconf 87' lang='grc' dir='ltr'>λόγοι,</span> <span class='ocrx_word' id='word_1_848' title='bbox 3021 4219 3155 4289; x_wconf 85' lang='grc' dir='ltr'>πρὸς</span> <span class='ocrx_word' id='word_1_849' title='bbox 3183 4216 3470 4288; x_wconf 85' lang='grc' dir='ltr'>διόρθωσιν</span> <span class='ocrx_word' id='word_1_850' title='bbox 3503 4220 3596 4271; x_wconf 81' lang='grc' dir='ltr'>καὶ</span> <span class='ocrx_word' id='word_1_851' title='bbox 3622 4219 3683 4270; x_wconf 82' lang='grc' dir='ltr'>δι-</span> 
     </span>
    </p>
   </div>
   <div class='ocr_carea' id='block_1_110' title="bbox 2118 4301 3687 4374">
    <p class='ocr_par' dir='ltr' id='par_1_110' title="bbox 2118 4301 3687 4374">
     <span class='ocr_line' id='line_1_110' title="bbox 2118 4301 3687 4374; baseline -0.006 -14"><span class='ocrx_word' id='word_1_852' title='bbox 2118 4306 2415 4361; x_wconf 85' lang='grc' dir='ltr'>δασκαλίαν</span> <span class='ocrx_word' id='word_1_853' title='bbox 2444 4303 2551 4359; x_wconf 90' lang='grc' dir='ltr'>τῶν</span> <span class='ocrx_word' id='word_1_854' title='bbox 2581 4306 2638 4357; x_wconf 88' lang='grc' dir='ltr'>ἐν</span> <span class='ocrx_word' id='word_1_855' title='bbox 2666 4306 2785 4366; x_wconf 88' lang='grc' dir='ltr'>ταῖς</span> <span class='ocrx_word' id='word_1_856' title='bbox 2815 4304 2951 4367; x_wconf 83' lang='grc' dir='ltr'>ὁδοῖς</span> <span class='ocrx_word' id='word_1_857' title='bbox 2983 4301 3378 4374; x_wconf 86' lang='grc' dir='ltr'>πορευομένων.</span> <span class='ocrx_word' id='word_1_858' title='bbox 3406 4301 3572 4373; x_wconf 76' lang='grc' dir='ltr'>Παρὰ</span> <span class='ocrx_word' id='word_1_859' title='bbox 3602 4301 3687 4360; x_wconf 72' lang='grc' dir='ltr'>τὰς</span> 
     </span>
    </p>
   </div>
   <div class='ocr_carea' id='block_1_111' title="bbox 2116 4383 3687 4461">
    <p class='ocr_par' dir='ltr' id='par_1_111' title="bbox 2116 4383 3687 4461">
     <span class='ocr_line' id='line_1_111' title="bbox 2116 4383 3687 4461; baseline -0.004 -18"><span class='ocrx_word' id='word_1_860' title='bbox 2116 4390 2269 4453; x_wconf 69' lang='grc' dir='ltr'>ὁδοὺς</span> <span class='ocrx_word' id='word_1_861' title='bbox 2294 4389 2349 4442; x_wconf 88' lang='grc' dir='ltr'>δὲ</span> <span class='ocrx_word' id='word_1_862' title='bbox 2400 4389 2699 4461; x_wconf 86' lang='grc' dir='ltr'>ἐγράφοντο</span> <span class='ocrx_word' id='word_1_863' title='bbox 2724 4430 2739 4454; x_wconf 90' lang='grc'>,</span> <span class='ocrx_word' id='word_1_864' title='bbox 2781 4387 2903 4440; x_wconf 79' lang='grc' dir='ltr'>ἐπεὶ</span> <span class='ocrx_word' id='word_1_865' title='bbox 2937 4385 3012 4457; x_wconf 78' lang='grc' dir='ltr'>μή</span> <span class='ocrx_word' id='word_1_866' title='bbox 3050 4386 3247 4447; x_wconf 86' lang='grc' dir='ltr'>πάντες</span> <span class='ocrx_word' id='word_1_867' title='bbox 3291 4383 3538 4455; x_wconf 85' lang='grc' dir='ltr'>ἐχώρουν</span> <span class='ocrx_word' id='word_1_868' title='bbox 3579 4386 3687 4447; x_wconf 75' lang='grc' dir='ltr'>τοὺς</span> 
     </span>
    </p>
   </div>
   <div class='ocr_carea' id='block_1_112' title="bbox 2116 4469 3685 4544">
    <p class='ocr_par' dir='ltr' id='par_1_112' title="bbox 2116 4469 3685 4544">
     <span class='ocr_line' id='line_1_112' title="bbox 2116 4469 3685 4544; baseline -0.004 -17"><span class='ocrx_word' id='word_1_869' title='bbox 2116 4474 2219 4544; x_wconf 80' lang='grc' dir='ltr'>τῆς</span> <span class='ocrx_word' id='word_1_870' title='bbox 2247 4473 2501 4544; x_wconf 75' lang='grc' dir='ltr'>ἀληθείας</span> <span class='ocrx_word' id='word_1_871' title='bbox 2526 4472 2750 4541; x_wconf 85' lang='grc' dir='ltr'>λόγους·</span> <span class='ocrx_word' id='word_1_872' title='bbox 2801 4471 2887 4525; x_wconf 86' lang='grc' dir='ltr'>ίνα</span> <span class='ocrx_word' id='word_1_873' title='bbox 2918 4470 3021 4524; x_wconf 80' lang='grc' dir='ltr'>κᾶν</span> <span class='ocrx_word' id='word_1_874' title='bbox 3063 4469 3397 4540; x_wconf 86' lang='grc' dir='ltr'>διερχόμενοι</span> <span class='ocrx_word' id='word_1_875' title='bbox 3433 4471 3536 4523; x_wconf 82' lang='grc' dir='ltr'>καὶ</span> <span class='ocrx_word' id='word_1_876' title='bbox 3580 4469 3685 4539; x_wconf 81' lang='grc' dir='ltr'>βλέο</span> 
     </span>
    </p>
   </div>
   <div class='ocr_carea' id='block_1_113' title="bbox 2118 4552 3682 4627">
    <p class='ocr_par' dir='ltr' id='par_1_113' title="bbox 2118 4552 3682 4627">
     <span class='ocr_line' id='line_1_113' title="bbox 2118 4552 3682 4627; baseline -0.004 -17"><span class='ocrx_word' id='word_1_877' title='bbox 2118 4573 2312 4620; x_wconf 89' lang='grc' dir='ltr'>ποντες</span> <span class='ocrx_word' id='word_1_878' title='bbox 2343 4556 2653 4627; x_wconf 89' lang='grc' dir='ltr'>διερευνῶσι</span> <span class='ocrx_word' id='word_1_879' title='bbox 2704 4554 2775 4609; x_wconf 90' lang='grc' dir='ltr'>τά</span> <span class='ocrx_word' id='word_1_880' title='bbox 2825 4554 3186 4626; x_wconf 87' lang='grc' dir='ltr'>γεγραμμένα</span> <span class='ocrx_word' id='word_1_881' title='bbox 3209 4594 3224 4616; x_wconf 88' lang='grc'>,</span> <span class='ocrx_word' id='word_1_882' title='bbox 3271 4554 3363 4608; x_wconf 84' lang='grc' dir='ltr'>καί</span> <span class='ocrx_word' id='word_1_883' title='bbox 3386 4552 3537 4608; x_wconf 79' lang='grc' dir='ltr'>οὕτω</span> <span class='ocrx_word' id='word_1_884' title='bbox 3567 4571 3682 4606; x_wconf 81' lang='grc' dir='ltr'>παι-</span> 
     </span>
    </p>
   </div>
   <div class='ocr_carea' id='block_1_114' title="bbox 2116 4636 3687 4709">
    <p class='ocr_par' dir='ltr' id='par_1_114' title="bbox 2116 4636 3687 4709">
     <span class='ocr_line' id='line_1_114' title="bbox 2116 4636 3687 4709; baseline -0.002 -16"><span class='ocrx_word' id='word_1_885' title='bbox 2116 4638 2379 4693; x_wconf 90' lang='grc' dir='ltr'>δεύωνται</span> <span class='ocrx_word' id='word_1_886' title='bbox 2416 4641 2465 4692; x_wconf 91' lang='grc' dir='ltr'>οἰ</span> <span class='ocrx_word' id='word_1_887' title='bbox 2506 4638 2802 4709; x_wconf 79' lang='grc' dir='ltr'>ἄνθρωποι.</span> <span class='ocrx_word' id='word_1_888' title='bbox 2836 4638 2992 4701; x_wconf 81' lang='grc' dir='ltr'>Τινὲς</span> <span class='ocrx_word' id='word_1_889' title='bbox 3034 4636 3163 4707; x_wconf 84' lang='grc' dir='ltr'>γοῦν</span> <span class='ocrx_word' id='word_1_890' title='bbox 3200 4636 3470 4708; x_wconf 73' lang='grc' dir='ltr'>ὁρίζονται</span> <span class='ocrx_word' id='word_1_891' title='bbox 3526 4636 3687 4701; x_wconf 54' lang='lat' dir='ltr'>attigi</span> 
     </span>
    </p>
   </div>
   <div class='ocr_carea' id='block_1_115' title="bbox 2116 4719 3685 4795">
    <p class='ocr_par' dir='ltr' id='par_1_115' title="bbox 2116 4719 3685 4795">
     <span class='ocr_line' id='line_1_115' title="bbox 2116 4719 3685 4795; baseline -0.004 -18"><span class='ocrx_word' id='word_1_892' title='bbox 2116 4721 2320 4787; x_wconf 82' lang='grc' dir='ltr'>οὓτως,</span> <span class='ocrx_word' id='word_1_893' title='bbox 2353 4722 2507 4795; x_wconf 77' lang='grc' dir='ltr'>ῥῆμα</span> <span class='ocrx_word' id='word_1_894' title='bbox 2537 4722 2793 4795; x_wconf 84' lang='grc' dir='ltr'>παρόδιον</span> <span class='ocrx_word' id='word_1_895' title='bbox 2817 4722 2926 4775; x_wconf 83' lang='grc' dir='ltr'>ἀπό</span> <span class='ocrx_word' id='word_1_896' title='bbox 2958 4739 3101 4785; x_wconf 89' lang='grc' dir='ltr'>τινος</span> <span class='ocrx_word' id='word_1_897' title='bbox 3134 4720 3247 4783; x_wconf 82' lang='grc' dir='ltr'>ἐνὸς</span> <span class='ocrx_word' id='word_1_898' title='bbox 3281 4723 3358 4784; x_wconf 88' lang='grc' dir='ltr'>εἰς</span> <span class='ocrx_word' id='word_1_899' title='bbox 3391 4719 3568 4773; x_wconf 75' lang='grc' dir='ltr'>πολλά</span> <span class='ocrx_word' id='word_1_900' title='bbox 3604 4735 3685 4790; x_wconf 58' lang='grc' dir='ltr'>μεέ</span> 
     </span>
    </p>
   </div>
   <div class='ocr_carea' id='block_1_116' title="bbox 2116 4800 3685 4879">
    <p class='ocr_par' dir='ltr' id='par_1_116' title="bbox 2116 4800 3685 4879">
     <span class='ocr_line' id='line_1_116' title="bbox 2116 4800 3685 4879; baseline -0.004 -16"><span class='ocrx_word' id='word_1_901' title='bbox 2116 4806 2615 4879; x_wconf 81' lang='grc' dir='ltr'>ταλαμϐανόμενον.</span> <span class='ocrx_word' id='word_1_902' title='bbox 2663 4807 2847 4860; x_wconf 83' lang='grc' dir='ltr'>Ἔστιν</span> <span class='ocrx_word' id='word_1_903' title='bbox 2900 4802 2993 4861; x_wconf 83' lang='grc' dir='ltr'>οὖν</span> <span class='ocrx_word' id='word_1_904' title='bbox 3044 4808 3101 4860; x_wconf 87' lang='grc' dir='ltr'>ἐν</span> <span class='ocrx_word' id='word_1_905' title='bbox 3146 4804 3222 4875; x_wconf 82' lang='grc' dir='ltr'>τῷ</span> <span class='ocrx_word' id='word_1_906' title='bbox 3274 4804 3463 4875; x_wconf 78' lang='grc' dir='ltr'>βιϐλίῳ</span> <span class='ocrx_word' id='word_1_907' title='bbox 3522 4800 3685 4873; x_wconf 59' lang='grc' dir='ltr'>τούτιῤ</span> 
     </span>
    </p>
   </div>
   <div class='ocr_carea' id='block_1_117' title="bbox 2117 4888 3683 4962">
    <p class='ocr_par' dir='ltr' id='par_1_117' title="bbox 2117 4888 3683 4962">
     <span class='ocr_line' id='line_1_117' title="bbox 2117 4888 3683 4962; baseline -0.004 -17"><span class='ocrx_word' id='word_1_908' title='bbox 2117 4892 2318 4962; x_wconf 88' lang='grc' dir='ltr'>γνῶσις</span> <span class='ocrx_word' id='word_1_909' title='bbox 2365 4890 2554 4959; x_wconf 85' lang='grc' dir='ltr'>σοφίας</span> <span class='ocrx_word' id='word_1_910' title='bbox 2586 4891 2678 4943; x_wconf 75' lang='grc' dir='ltr'>καὶ</span> <span class='ocrx_word' id='word_1_911' title='bbox 2718 4890 2996 4954; x_wconf 86' lang='grc' dir='ltr'>παιδείας,</span> <span class='ocrx_word' id='word_1_912' title='bbox 3042 4890 3224 4960; x_wconf 87' lang='grc' dir='ltr'>νόησις</span> <span class='ocrx_word' id='word_1_913' title='bbox 3275 4888 3445 4956; x_wconf 88' lang='grc' dir='ltr'>λόγων</span> <span class='ocrx_word' id='word_1_914' title='bbox 3493 4889 3683 4958; x_wconf 74' lang='grc' dir='ltr'>φρονή·</span> 
     </span>
    </p>
   </div>
   <div class='ocr_carea' id='block_1_118' title="bbox 2119 4971 3683 5045">
    <p class='ocr_par' dir='ltr' id='par_1_118' title="bbox 2119 4971 3683 5045">
     <span class='ocr_line' id='line_1_118' title="bbox 2119 4971 3683 5045; baseline -0.003 -17"><span class='ocrx_word' id='word_1_915' title='bbox 2119 4992 2291 5039; x_wconf 84' lang='grc' dir='ltr'>σεως,</span> <span class='ocrx_word' id='word_1_916' title='bbox 2319 4974 2549 5045; x_wconf 81' lang='grc' dir='ltr'>στροφαὶ</span> <span class='ocrx_word' id='word_1_917' title='bbox 2591 4971 2784 5042; x_wconf 87' lang='grc' dir='ltr'>λόγων.</span> <span class='ocrx_word' id='word_1_918' title='bbox 2830 4972 3171 5045; x_wconf 88' lang='grc' dir='ltr'>δικαιοσύνης</span> <span class='ocrx_word' id='word_1_919' title='bbox 3211 4971 3445 5043; x_wconf 86' lang='grc' dir='ltr'>ἀληθοῦς</span> <span class='ocrx_word' id='word_1_920' title='bbox 3471 4972 3683 5041; x_wconf 57' lang='grc' dir='ltr'>νόησιςέ</span> 
     </span>
    </p>
   </div>
   <div class='ocr_carea' id='block_1_119' title="bbox 2117 5048 3681 5129">
    <p class='ocr_par' dir='ltr' id='par_1_119' title="bbox 2117 5048 3681 5129">
     <span class='ocr_line' id='line_1_119' title="bbox 2117 5048 3681 5129; baseline -0.002 -18"><span class='ocrx_word' id='word_1_921' title='bbox 2117 5058 2359 5129; x_wconf 86' lang='grc' dir='ltr'>κρίματα</span> <span class='ocrx_word' id='word_1_922' title='bbox 2379 5056 2748 5121; x_wconf 86' lang='grc' dir='ltr'>κατευθύνειν,</span> <span class='ocrx_word' id='word_1_923' title='bbox 2777 5056 2930 5129; x_wconf 77' lang='lat'>[576]</span> <span class='ocrx_word' id='word_1_924' title='bbox 2959 5057 3051 5110; x_wconf 79' lang='grc' dir='ltr'>καὶ</span> <span class='ocrx_word' id='word_1_925' title='bbox 3088 5056 3386 5124; x_wconf 86' lang='grc' dir='ltr'>ἐπαγγελία</span> <span class='ocrx_word' id='word_1_926' title='bbox 3411 5055 3511 5109; x_wconf 87' lang='grc' dir='ltr'>τοῦ</span> <span class='ocrx_word' id='word_1_927' title='bbox 3543 5048 3681 5127; x_wconf 38' lang='grc' dir='ltr'>γινώῆ</span> 
     </span>
    </p>
   </div>
   <div class='ocr_carea' id='block_1_120' title="bbox 2119 5132 3681 5214">
    <p class='ocr_par' dir='ltr' id='par_1_120' title="bbox 2119 5132 3681 5214">
     <span class='ocr_line' id='line_1_120' title="bbox 2119 5132 3681 5214; baseline -0.001 -19"><span class='ocrx_word' id='word_1_928' title='bbox 2119 5160 2268 5196; x_wconf 87' lang='grc' dir='ltr'>σκειν</span> <span class='ocrx_word' id='word_1_929' title='bbox 2294 5145 2357 5196; x_wconf 80' lang='grc' dir='ltr'>ἐκ</span> <span class='ocrx_word' id='word_1_930' title='bbox 2382 5140 2586 5195; x_wconf 86' lang='grc' dir='ltr'>τούτων</span> <span class='ocrx_word' id='word_1_931' title='bbox 2610 5140 2955 5214; x_wconf 71' lang='grc' dir='ltr'>παραϐολὰς,</span> <span class='ocrx_word' id='word_1_932' title='bbox 2986 5142 3172 5213; x_wconf 77' lang='grc' dir='ltr'>ῥήσεις</span> <span class='ocrx_word' id='word_1_933' title='bbox 3202 5139 3401 5209; x_wconf 88' lang='grc' dir='ltr'>σοφῶν,</span> <span class='ocrx_word' id='word_1_934' title='bbox 3433 5132 3681 5209; x_wconf 42' lang='grc' dir='ltr'>αἰνίγμιὲ</span> 
     </span>
    </p>
   </div>
   <div class='ocr_carea' id='block_1_121' title="bbox 2115 5218 3679 5294">
    <p class='ocr_par' dir='ltr' id='par_1_121' title="bbox 2115 5218 3679 5294">
     <span class='ocr_line' id='line_1_121' title="bbox 2115 5218 3679 5294; baseline -0.002 -17"><span class='ocrx_word' id='word_1_935' title='bbox 2115 5242 2206 5288; x_wconf 89' lang='grc' dir='ltr'>τα,</span> <span class='ocrx_word' id='word_1_936' title='bbox 2244 5226 2548 5289; x_wconf 83' lang='grc' dir='ltr'>σκοτεινοὺς</span> <span class='ocrx_word' id='word_1_937' title='bbox 2580 5224 2791 5294; x_wconf 87' lang='grc' dir='ltr'>λόγους,</span> <span class='ocrx_word' id='word_1_938' title='bbox 2823 5225 2929 5287; x_wconf 83' lang='lat' dir='ltr'>Kal</span> <span class='ocrx_word' id='word_1_939' title='bbox 2969 5225 3075 5277; x_wconf 81' lang='grc' dir='ltr'>εἰσί</span> <span class='ocrx_word' id='word_1_940' title='bbox 3107 5222 3335 5293; x_wconf 90' lang='grc' dir='ltr'>γνώσεις</span> <span class='ocrx_word' id='word_1_941' title='bbox 3378 5224 3567 5292; x_wconf 84' lang='grc' dir='ltr'>σοφίας</span> <span class='ocrx_word' id='word_1_942' title='bbox 3597 5218 3679 5294; x_wconf 46' lang='lat' dir='ltr'>ul</span> 
     </span>
    </p>
   </div>
   <div class='ocr_carea' id='block_1_122' title="bbox 2116 5308 3679 5381">
    <p class='ocr_par' dir='ltr' id='par_1_122' title="bbox 2116 5308 3679 5381">
     <span class='ocr_line' id='line_1_122' title="bbox 2116 5308 3679 5381; baseline -0.004 -18"><span class='ocrx_word' id='word_1_943' title='bbox 2116 5309 2382 5374; x_wconf 86' lang='grc' dir='ltr'>παιδείας.</span> <span class='ocrx_word' id='word_1_944' title='bbox 2425 5309 2642 5381; x_wconf 72' lang='grc' dir='ltr'>Ἐπειδὴ</span> <span class='ocrx_word' id='word_1_945' title='bbox 2691 5309 2799 5381; x_wconf 93' lang='grc' dir='ltr'>γάρ</span> <span class='ocrx_word' id='word_1_946' title='bbox 2849 5308 3106 5381; x_wconf 85' lang='grc' dir='ltr'>’Έλληνες</span> <span class='ocrx_word' id='word_1_947' title='bbox 3159 5308 3259 5380; x_wconf 78' lang='grc' dir='ltr'>μὲν</span> <span class='ocrx_word' id='word_1_948' title='bbox 3307 5309 3501 5377; x_wconf 86' lang='grc' dir='ltr'>σοφίαν</span> <span class='ocrx_word' id='word_1_949' title='bbox 3547 5308 3679 5377; x_wconf 49' lang='grc' dir='ltr'>ἔχειν</span> 
     </span>
    </p>
   </div>
   <div class='ocr_carea' id='block_1_123' title="bbox 2114 5392 3677 5466">
    <p class='ocr_par' dir='ltr' id='par_1_123' title="bbox 2114 5392 3677 5466">
     <span class='ocr_line' id='line_1_123' title="bbox 2114 5392 3677 5466; baseline -0.004 -19"><span class='ocrx_word' id='word_1_950' title='bbox 2114 5392 2558 5463; x_wconf 84' lang='grc' dir='ltr'>ἐπαγγέλλονται,</span> <span class='ocrx_word' id='word_1_951' title='bbox 2591 5394 2854 5466; x_wconf 76' lang='grc' dir='ltr'>αἰρετικοί</span> <span class='ocrx_word' id='word_1_952' title='bbox 2870 5392 2927 5447; x_wconf 84' lang='grc' dir='ltr'>δὲ</span> <span class='ocrx_word' id='word_1_953' title='bbox 2942 5392 3220 5464; x_wconf 75' lang='grc' dir='ltr'>νομίξουσι</span> <span class='ocrx_word' id='word_1_954' title='bbox 3245 5392 3497 5448; x_wconf 87' lang='grc' dir='ltr'>παιδείαν</span> <span class='ocrx_word' id='word_1_955' title='bbox 3524 5393 3677 5466; x_wconf 51' lang='grc' dir='ltr'>ἔχει.νῆ</span> 
     </span>
    </p>
   </div>
   <div class='ocr_carea' id='block_1_124' title="bbox 2113 5470 3675 5551">
    <p class='ocr_par' dir='ltr' id='par_1_124' title="bbox 2113 5470 3675 5551">
     <span class='ocr_line' id='line_1_124' title="bbox 2113 5470 3675 5551; baseline -0.004 -18"><span class='ocrx_word' id='word_1_956' title='bbox 2113 5478 2202 5533; x_wconf 86' lang='grc' dir='ltr'>διά</span> <span class='ocrx_word' id='word_1_957' title='bbox 2240 5470 2400 5532; x_wconf 87' lang='grc' dir='ltr'>τοῦτο</span> <span class='ocrx_word' id='word_1_958' title='bbox 2443 5470 2600 5541; x_wconf 79' lang='grc' dir='ltr'>οὗτος</span> <span class='ocrx_word' id='word_1_959' title='bbox 2645 5478 2745 5551; x_wconf 82' lang='grc' dir='ltr'>τὴν</span> <span class='ocrx_word' id='word_1_960' title='bbox 2772 5479 2946 5551; x_wconf 81' lang='grc' dir='ltr'>ἀληθῆ</span> <span class='ocrx_word' id='word_1_961' title='bbox 2990 5479 3181 5548; x_wconf 84' lang='grc' dir='ltr'>σοφίαν</span> <span class='ocrx_word' id='word_1_962' title='bbox 3214 5479 3312 5533; x_wconf 78' lang='grc' dir='ltr'>καὶ</span> <span class='ocrx_word' id='word_1_963' title='bbox 3338 5470 3586 5531; x_wconf 74' lang='grc' dir='ltr'>παίδείαν</span> <span class='ocrx_word' id='word_1_964' title='bbox 3611 5476 3675 5527; x_wconf 64' lang='grc' dir='ltr'>δια</span> 
     </span>
    </p>
   </div>
   <div class='ocr_carea' id='block_1_125' title="bbox 2110 5560 3675 5636">
    <p class='ocr_par' dir='ltr' id='par_1_125' title="bbox 2110 5560 3675 5636">
     <span class='ocr_line' id='line_1_125' title="bbox 2110 5560 3675 5636; baseline -0.003 -18"><span class='ocrx_word' id='word_1_965' title='bbox 2110 5563 2333 5629; x_wconf 89' lang='grc' dir='ltr'>δάσκει,</span> <span class='ocrx_word' id='word_1_966' title='bbox 2365 5563 2450 5616; x_wconf 78' lang='grc' dir='ltr'>ἵνα</span> <span class='ocrx_word' id='word_1_967' title='bbox 2490 5562 2565 5635; x_wconf 72' lang='grc' dir='ltr'>μή</span> <span class='ocrx_word' id='word_1_968' title='bbox 2593 5566 2660 5635; x_wconf 82' lang='grc' dir='ltr'>τῇ</span> <span class='ocrx_word' id='word_1_969' title='bbox 2689 5565 2979 5636; x_wconf 80' lang='grc' dir='ltr'>ὁμωνυμία</span> <span class='ocrx_word' id='word_1_970' title='bbox 3011 5564 3111 5634; x_wconf 86' lang='grc' dir='ltr'>τῆς</span> <span class='ocrx_word' id='word_1_971' title='bbox 3158 5563 3346 5632; x_wconf 85' lang='grc' dir='ltr'>σοφίας</span> <span class='ocrx_word' id='word_1_972' title='bbox 3387 5564 3468 5625; x_wconf 89' lang='grc' dir='ltr'>εἰς</span> <span class='ocrx_word' id='word_1_973' title='bbox 3502 5560 3574 5614; x_wconf 83' lang='grc' dir='ltr'>τά</span> <span class='ocrx_word' id='word_1_974' title='bbox 3600 5564 3675 5636; x_wconf 47' lang='grc' dir='ltr'>σοή</span> 
     </span>
    </p>
   </div>
   <div class='ocr_carea' id='block_1_126' title="bbox 2113 5645 3611 5721">
    <p class='ocr_par' dir='ltr' id='par_1_126' title="bbox 2113 5645 3611 5721">
     <span class='ocr_line' id='line_1_126' title="bbox 2113 5645 3611 5721; baseline -0.002 -20"><span class='ocrx_word' id='word_1_975' title='bbox 2113 5649 2361 5720; x_wconf 88' lang='grc' dir='ltr'>φίσματα</span> <span class='ocrx_word' id='word_1_976' title='bbox 2389 5647 2499 5702; x_wconf 90' lang='grc' dir='ltr'>τῶν</span> <span class='ocrx_word' id='word_1_977' title='bbox 2539 5648 2806 5720; x_wconf 82' lang='grc' dir='ltr'>Ἑλλήνων</span> <span class='ocrx_word' id='word_1_978' title='bbox 2852 5650 2946 5703; x_wconf 76' lang='grc' dir='ltr'>καὶ</span> <span class='ocrx_word' id='word_1_979' title='bbox 2989 5648 3097 5702; x_wconf 92' lang='grc' dir='ltr'>τῶν</span> <span class='ocrx_word' id='word_1_980' title='bbox 3134 5647 3428 5721; x_wconf 86' lang='grc' dir='ltr'>αἰρετικῶν</span> <span class='ocrx_word' id='word_1_981' title='bbox 3469 5645 3611 5716; x_wconf 75' lang='grc' dir='ltr'>ἐμπέ</span> 
     </span>
    </p>
   </div>
   <div class='ocr_carea' id='block_1_127' title="bbox 2118 5726 3561 5805">
    <p class='ocr_par' dir='ltr' id='par_1_127' title="bbox 2118 5726 3561 5805">
     <span class='ocr_line' id='line_1_127' title="bbox 2118 5726 3561 5805; baseline -0.001 -20"><span class='ocrx_word' id='word_1_982' title='bbox 2118 5748 2223 5795; x_wconf 88' lang='grc' dir='ltr'>τις.</span> <span class='ocrx_word' id='word_1_983' title='bbox 2246 5732 2354 5787; x_wconf 80' lang='lat' dir='ltr'>Kal</span> <span class='ocrx_word' id='word_1_984' title='bbox 2380 5732 2489 5805; x_wconf 85' lang='grc' dir='ltr'>γάρ</span> <span class='ocrx_word' id='word_1_985' title='bbox 2520 5731 2777 5804; x_wconf 82' lang='grc' dir='ltr'>Ἕλληνες</span> <span class='ocrx_word' id='word_1_986' title='bbox 2813 5733 2912 5803; x_wconf 87' lang='grc' dir='ltr'>μέν</span> <span class='ocrx_word' id='word_1_987' title='bbox 2945 5732 3179 5804; x_wconf 88' lang='grc' dir='ltr'>οἰόμενοί</span> <span class='ocrx_word' id='word_1_988' title='bbox 3217 5747 3360 5795; x_wconf 85' lang='grc' dir='ltr'>τινες</span> <span class='ocrx_word' id='word_1_989' title='bbox 3389 5726 3561 5798; x_wconf 72' lang='grc' dir='ltr'>εἶναι,</span> 
     </span>
    </p>
   </div>
   <div class='ocr_carea' id='block_1_128' title="bbox 3674 4986 3683 5637">
    <p class='ocr_par' dir='ltr' id='par_1_128' title="bbox 3674 4986 3683 5637">
     <span class='ocr_line' id='line_1_128' title="bbox 3674 4986 3683 5175; baseline 0 -48"><span class='ocrx_word' id='word_1_990' title='bbox 3674 4986 3683 5175; x_wconf 64' lang='lat'>3</span> 
     </span>
     <span class='ocr_line' id='line_1_129' title="bbox 3674 5412 3677 5481; baseline 0 0"><span class='ocrx_word' id='word_1_991' title='bbox 3674 5412 3677 5481; x_wconf 57' lang='lat'>1</span> 
     </span>
     <span class='ocr_line' id='line_1_130' title="bbox 3674 5564 3675 5637; baseline 0 0"><span class='ocrx_word' id='word_1_992' title='bbox 3674 5564 3675 5637; x_wconf 48' lang='grc' dir='ltr'>ί</span> 
     </span>
    </p>
   </div>
  </div>
