3720 6274
173 341 235 386 ct
260 325 536 386 desiderio
551 322 625 385 ad
655 322 1068 402 comparandam
1100 331 1436 400 sapientiam.
1465 329 1543 383 Ad
1571 330 1684 382 haec
1707 328 1775 383 de

173 424 503 495 quibusdam
530 435 736 479 natura:
774 425 1012 494 partibus
1038 423 1358 493 disputatur,
1386 423 1621 490 itemque
1642 435 1776 477 con-

175 525 260 570 tra
306 516 476 581 idola,
520 526 576 570 et
622 517 836 571 illorum
881 515 1198 585 s‘cnlptor’es,
1246 523 1301 571 et
1337 522 1523 569 contra
1564 527 1657 569 eos
1684 514 1774 583 qui

170 622 326 677 spem
370 608 424 662 in
455 607 558 663 illis
598 615 822 678 ponunt,
854 607 1075 677 ipsaque
1122 607 1323 661 colunt.
1359 606 1623 660 Praeterea
1677 606 1774 676 hy-

175 713 335 753 mnus
360 713 486 753 cum
517 697 853 753 confessione
881 697 1203 778 mirabilium
1230 697 1622 766 operationem,
1653 710 1773 767 qua:

173 790 436 848 lsraeiitis
482 807 661 847 coram
710 793 945 862 ipsorum
977 791 1206 846 inimicis
1231 806 1260 843 a
1291 791 1402 845 Deo
1449 791 1604 861 facta;
1625 801 1769 846 sunt.

172 883 300 938 ﬂare
343 885 523 953 itaque
552 885 922 954 complectitur
952 883 1210 938 hicliber.
1244 875 1630 952 Recapitulatio
1673 895 1771 936 au-

169 983 280 1029 tem
313 976 395 1030 sic
421 975 601 1031 habet.
641 975 698 1029 ln
727 975 1001 1046 prooemiis
1027 973 1330 1030 adhortatio
1353 973 1484 1043 justi
1510 973 1576 1027 ad
1605 973 1772 1044 pieta-

167 1074 305 1133 tem,
333 1076 391 1122 et
419 1065 771 1136 reprehensio
799 1067 945 1137 impii
977 1065 1299 1136 blasphemi.
1323 1065 1477 1130 Nam,
1503 1064 1588 1121 Ne
1611 1083 1770 1121 mnu-

165 1157 313 1222 leris,
363 1159 564 1227 inquit,
607 1159 967 1226 anticltristos,
1007 1159 1092 1229 qui
1120 1169 1237 1212 sunt
1266 1159 1382 1226 ipsa
1410 1174 1564 1212 mors.
1615 1157 1767 1215 Unde

163 1247 371 1303 factum
418 1249 509 1314 sit,
551 1249 690 1318 quod
739 1249 886 1320 impii
913 1261 980 1305 eo
1004 1249 1337 1317 devenerint,
1385 1257 1444 1304 ut
1485 1250 1768 1304 Dominum

163 1329 362 1407 gloria:
387 1341 781 1409 crnciligerent,
808 1341 938 1395 dum
966 1355 1204 1408 praesens
1231 1341 1486 1396 stcculum
1511 1340 1585 1395 illi
1611 1350 1762 1396 ante-

163 1430 400 1486 ferrent.
433 1431 586 1500 Quod
615 1433 778 1487 etiam
819 1433 918 1502 ipsi
947 1433 1221 1502 apostolos
1250 1434 1552 1504 persequuti
1580 1433 1686 1488 sint
1710 1440 1768 1488 et

158 1521 487 1578 occiderint.
515 1521 666 1590 Quod
715 1523 878 1577 futuri
917 1523 1025 1578 sint
1062 1524 1276 1594 quidam
1314 1525 1403 1594 qui
1444 1524 1616 1594 legem
1654 1525 1764 1578 Do-

160 1608 302 1669 mini
330 1624 701 1682 contemnant,
731 1615 948 1686 quidam
976 1631 1103 1670 vero
1128 1616 1217 1670 alii
1246 1617 1356 1670 sint
1383 1617 1456 1670 illi
1485 1616 1764 1686 obtempe-

160 1707 360 1760 raturi.

231 1796 397 1863 Quod
439 1797 582 1852 Dens
623 1796 946 1852 multitudini
989 1813 1207 1862 eorum,
1253 1799 1345 1868 qui
1391 1799 1443 1852 in
1484 1797 1757 1855 Chrisutm

157 1889 335 1959 impie
375 1898 572 1960 agunt,
618 1905 725 1945 non
765 1892 836 1945 sit
875 1891 1196 1961 parciturus.
1247 1891 1412 1946 Unius
1449 1892 1593 1946 enim
1628 1891 1761 1962 justi

155 1982 386 2037 Christo
403 1983 675 2038 credentis
702 1997 829 2038 cura
857 1992 941 2038 est
967 1983 1099 2050 Deo,
1128 1983 1339 2038 etiamsi
1368 1983 1420 2037 in
1451 1983 1762 2038 adolescenc

157 2074 235 2127 tia
259 2074 548 2128 moriatur.
575 2073 822 2129 Senectus
836 2077 976 2129 eniti!
993 2075 1288 2130 uenerabilis
1307 2084 1378 2130 est
1398 2091 1499 2128 non
1519 2075 1760 2128 diuturna

150 2163 320 2236 (Cap.
345 2167 403 2221 4.
425 2166 505 2236 8).
535 2167 650 2221 Etsi
673 2167 870 2237 impius
891 2177 1124 2223 mortem
1148 2169 1268 2238 ejus
1290 2170 1380 2239 qui
1404 2168 1621 2224 Christo
1640 2185 1759 2225 cre-

154 2259 241 2313 dit
266 2262 590 2326 contemnit,
614 2268 671 2315 at
693 2260 770 2315 illi
791 2262 1060 2332 eliguntur
1081 2261 1136 2315 in
1161 2261 1397 2317 Christo.
1427 2261 1578 2332 impii
1607 2264 1756 2333 igno-

153 2351 410 2407 miniosa:
451 2353 619 2407 ruina:
650 2353 927 2408 tradentur
948 2394 962 2416 ,
1003 2363 1056 2408 et
1085 2369 1280 2424 magno
1302 2354 1504 2423 judicio
1533 2370 1595 2409 ac
1621 2370 1752 2410 con-

152 2443 500 2497 demnationi
528 2443 883 2513 s‘ubjicientur
912 2444 979 2509 ii,
1013 2445 1102 2513 qui
1129 2444 1324 2499 Christi
1353 2459 1543 2500 servos
1567 2461 1752 2514 perse-

153 2541 423 2602 quenter,
450 2533 693 2589 videntes
719 2534 944 2606 gloriam
973 2534 1090 2604 ejus
1118 2545 1173 2590 et
1201 2535 1461 2605 ipsorum,
1492 2551 1657 2606 seque
1683 2537 1753 2592 ad

151 2626 486 2695 supplicium
513 2627 645 2695 rapi.
675 2626 830 2694 Quod
860 2627 1060 2682 divitia:
1089 2642 1210 2682 cum
1241 2630 1546 2699 arrogantia
1593 2629 1750 2686 nobis

151 2716 440 2771 accedant.
484 2717 615 2785 Qua:
657 2719 729 2773 sit
771 2719 850 2773 ira
881 2718 978 2774 Dei
1015 2719 1067 2773 in
1097 2734 1192 2776 eos
1217 2721 1306 2790 qui
1339 2721 1499 2790 impie
1529 2732 1752 2792 egerunt

151 2807 210 2860 in
261 2806 559 2864 Christum.
617 2809 978 2873 Adhort'atio,
1027 2811 1134 2864 imo
1187 2812 1366 2880 potius
1416 2812 1750 2868 denuntiatio

150 2897 492 2967 priueipibus
533 2899 728 2964 lsrael,
774 2909 832 2955 ut
875 2900 1090 2957 Christo
1133 2901 1390 2969 credant;
1434 2904 1542 2958 imo
1569 2905 1750 2974 potius

150 2994 498 3050 denmtiatio
519 2996 849 3068 principibus
869 2997 1162 3054 Catholica:
1184 2998 1459 3066 Ecclesiae,
1479 3001 1748 3070 quomodo

147 3101 348 3157 regere
363 3086 596 3143 debeant
616 3097 736 3158 post
763 3089 908 3144 illius
924 3089 1257 3146 abscessum.
1285 3090 1416 3158 Qua:
1443 3091 1512 3146 sit
1537 3093 1741 3162 sapien-

148 3180 264 3246 tia,
312 3195 505 3250 nempe
550 3180 717 3236 Filius
765 3181 879 3237 Dei.
928 3181 995 3236 Et
1037 3181 1306 3252 quomodo
1339 3182 1573 3238 Verbum
1618 3199 1747 3240 caro

150 3271 362 3328 factum
391 3275 484 3342 sit,
509 3275 671 3344 inque
691 3274 848 3330 nobis
875 3275 1214 3332 habitaverit.
1241 3275 1377 3345 Quia
1403 3292 1524 3347 ego,
1551 3277 1742 3350 inquit,

146 3364 345 3420 eadem
397 3381 519 3436 qua:
569 3380 666 3423 vos
711 3380 901 3436 passus
945 3381 1100 3434 sum,
1129 3366 1292 3422 homo
1337 3381 1459 3424 cum
1509 3370 1645 3438 sim,
1675 3385 1744 3426 ex

143 3458 303 3527 jussu
367 3457 462 3512 Dei
525 3458 820 3529 diaciplina:
881 3458 1149 3515 subditus.
1220 3461 1297 3517 De
1342 3460 1555 3518 Christo
1597 3479 1611 3516 :
1660 3463 1744 3518 Ex

149 3553 422 3622 sapientia
453 3553 585 3621 Dei,
616 3554 825 3624 inquit,
853 3553 1093 3610 omnium
1135 3556 1497 3626 cognitionem
1527 3557 1698 3612 habeo
1724 3576 1738 3613 :

149 3643 220 3698 In
249 3661 410 3699 manu
439 3646 572 3699 enim
599 3646 767 3712 illius,
795 3655 844 3701 et
871 3663 962 3701 nos
989 3663 1196 3713 sumus,
1229 3657 1278 3703 et
1303 3664 1558 3704 sermones
1581 3650 1742 3704 nostri

148 3735 319 3806 (Cap.
349 3737 405 3790 7.
429 3736 551 3806 £6).
581 3735 710 3805 Quae
739 3739 810 3793 sit
837 3737 1096 3808 sapientia
1118 3780 1135 3806 ,
1167 3747 1222 3794 et
1250 3739 1520 3809 quomodo
1557 3741 1610 3796 in
1639 3739 1741 3796 ho-

145 3827 327 3882 mines
351 3829 582 3882 venerit.
624 3827 756 3883 Cum
783 3828 915 3884 enim
948 3829 1100 3882 unica
1125 3829 1192 3884 sit
1213 3869 1230 3895 ,
1255 3830 1427 3884 omnia
1465 3842 1626 3900 potest
1645 3873 1660 3898 ,
1689 3841 1740 3886 et

145 3933 266 3972 cum
286 3919 341 3973 in
361 3920 526 3990 seipsa
545 3929 765 3983 maneat,
784 3918 953 3974 omnia
973 3929 1140 3974 tamen
1159 3921 1362 3976 innovat
1383 3921 1432 3993 (Ι
1439 3922 1542 3976 bid.
1557 3938 1605 3975 υ.
1618 3923 1734 3994 27).

145 3995 499 4078 Sapientiam,
530 4011 722 4080 inquit,
747 4026 779 4065 a
803 4010 1080 4079 iuventute
1103 4012 1298 4076 amavi,
1322 4022 1375 4068 et
1397 4014 1573 4068 omnia
1598 4013 1736 4068 bona

143 4118 211 4156 ex
247 4103 338 4156 illa
368 4105 582 4174 accepi,
625 4104 861 4159 carnalia
890 4113 946 4159 et
985 4105 1301 4174 spiritualia.
1347 4107 1565 4177 Cognita
1594 4109 1737 4162 enim

145 4196 516 4266 magnitudine
543 4197 854 4267 sapientiae,
886 4197 1146 4266 postulavi
1173 4211 1202 4251 a
1237 4198 1466 4255 Domino
1492 4209 1546 4254 ut
1581 4199 1736 4256 dare—

149 4299 236 4344 tur
262 4290 392 4344 ntihi
421 4289 651 4359 Spiritus
673 4301 910 4352 sanctus.
939 4291 1028 4360 qui
1053 4306 1143 4347 me
1171 4289 1239 4346 de
1270 4293 1358 4347 illa
1387 4292 1732 4350 illuminaret.

147 4380 218 4436 Et
237 4382 436 4438 missus
458 4392 561 4449 est,
587 4392 647 4437 ut
669 4399 880 4438 mecum
908 4383 1193 4439 laboraret.
1222 4383 1562 4456 Cogitationes
1587 4403 1737 4442 namn

143 4487 252 4542 que
275 4473 568 4528 mortalium
595 4473 786 4528 timida:
811 4486 926 4530 sunt
948 4473 1117 4547 (Cap.
1145 4475 1200 4530 9.
1229 4477 1352 4546 14).
1385 4477 1460 4532 De
1486 4478 1737 4546 operibus

149 4563 450 4634 sapientiae.
495 4564 778 4632 Quomodo
821 4566 1049 4635 primum
1082 4565 1354 4622 hominem
1399 4569 1734 4636 custodierit,

147 4670 213 4708 ex
236 4656 451 4725 quantis
474 4657 631 4711 malis
653 4657 790 4713 Deus
810 4658 1094 4714 credentes
1125 4658 1223 4714 sibi
1246 4670 1443 4726 servet,
1466 4669 1522 4716 et
1539 4672 1734 4732 quanta

146 4747 255 4802 illis
285 4747 426 4802 bona
469 4756 722 4818 praestet,
750 4757 809 4803 ut
838 4749 1020 4805 videre
1060 4758 1144 4804 est
1180 4750 1232 4804 in
1259 4749 1407 4817 Noe,
1439 4751 1732 4819 Abraham,

147 4837 248 4892 Lot
268 4881 281 4901 ,
313 4837 515 4906 Iacob,
539 4837 740 4909 Ioseph
764 4879 780 4906 ,
811 4849 866 4894 et
908 4839 964 4894 in
1004 4839 1285 4904 lsraelitis,
1319 4855 1454 4910 quos
1483 4857 1546 4896 ex
1572 4857 1734 4897 manu

151 4929 524 5000 Egyptiorum
551 4930 746 5000 eripuit
772 4945 864 5000 per
889 4931 1159 5002 Moysem,
1189 4941 1244 4987 et
1273 4947 1406 5001 aqua
1436 4948 1502 4988 ex
1532 4948 1735 5002 praeru-

151 5033 238 5093 pta
269 5033 416 5093 petra
449 5023 670 5093 potavit.
702 5023 982 5092 Quomodo
1017 5033 1224 5093 septem
1261 5024 1508 5094 gentibus
1544 5041 1734 5095 vespas

152 5115 378 5179 miserit,
409 5123 466 5170 et
489 5114 710 5170 lenitate
739 5114 1208 5184 misericordiaque
1239 5131 1385 5182 usus,
1418 5116 1520 5170 illis
1551 5128 1734 5186 postea

148 5223 243 5275 per
272 5207 358 5262 illa
389 5208 651 5277 populum
682 5207 968 5272 erudiens,
999 5217 1059 5262 ut
1097 5207 1351 5278 benignus
1378 5218 1521 5263 esset
1549 5220 1603 5263 et
1630 5207 1735 5263 hu-

152 5312 360 5353 manus.
401 5298 601 5354 Contra
645 5300 958 5354 adoratores
995 5299 1418 5365 elementorum,
1454 5314 1728 5365 ranarum,

151 5392 477 5462 sciniphum,
505 5394 760 5460 murium,
789 5394 1113 5448 iocustarum
1134 5434 1149 5458 ,
1178 5407 1482 5462 veSparum,
1515 5406 1734 5460 serpen-

150 5495 284 5541 tum.
318 5487 515 5541 Contra
545 5486 860 5541 adoratores
901 5486 1162 5541 idolorum
1195 5501 1258 5540 ex
1291 5500 1457 5549 auro,
1485 5493 1730 5554 argento,

155 5578 318 5648 ligno,
349 5577 635 5647 lapidibus.
669 5577 822 5645 Quod
847 5593 944 5647 per
971 5577 1168 5645 lignum
1199 5575 1343 5630 salus
1373 5575 1442 5628 sit
1470 5573 1735 5629 credenti-

150 5672 270 5728 bus.
302 5673 378 5728 De
403 5673 762 5743 sculptoribus
781 5674 862 5727 vel
889 5672 1178 5741 pictoribus
1203 5671 1489 5728 idolorum.
1518 5669 1594 5725 De
1617 5684 1735 5726 om-

471 5762 742 5823 PATnOL.
790 5761 906 5821 Gn.
956 5757 1108 5821 LVI.

1201 206 1516 276 SYNOPSIS
1549 209 1960 272 SCRIPTURE
1998 217 2268 276 SACRAE.

3373 236 3476 292 5m

1884 329 2040 384 nibus
2079 331 2393 388 idololatriae
2429 336 2596 390 malis.
2634 337 2707 392 De
2755 337 2912 409 impia
2944 341 3232 410 religione,
3263 356 3314 397 ct
3341 359 3474 418 quot

1883 419 1960 475 illi
1985 421 2156 476 insint
2179 423 2340 478 mala.
2386 425 2460 480 De
2486 427 2652 496 tigulo
2673 438 2728 483 et
2758 429 3010 488 fictilibus
3037 434 3208 492 idolis.
3243 438 3327 495 .De
3355 457 3472 494 om-

1879 511 2036 568 nibus
2062 512 2218 568 idolis
2235 555 2252 582 ,
2282 530 2402 586 qua:
2427 531 2458 572 a
2483 518 2731 586 gentibus
2757 520 3033 589 coluntur,
3063 525 3459 586 inimicissima-

1878 619 1996 659 rum
2043 606 2356 675 bestiarum,
2407 621 2718 680 serpentum
2745 655 2760 678 ,
2807 624 3144 682 catorurn,et
3183 621 3459 680 similium.

1877 696 2030 764 Quod
2060 697 2242 754 lsraeli
2279 700 2419 756 Deus
2455 702 2772 760 beneﬁcium
2817 708 3142 774 contulerit,
3174 727 3272 781 pro
3315 720 3460 770 ranis

1876 791 2210 846 coturnicem
2236 794 2472 850 mittens.
2501 795 2654 862 Quod
2681 807 2865 854 contra
2893 815 3131 858 morsum
3156 817 3460 878 serpentum

1872 889 1974 950 per
2001 896 2212 938 aeneum
2240 895 2544 954 serpentem
2576 888 2627 942 in
2660 903 2822 946 cruce
2849 904 3169 963 suspensum
3193 899 3346 953 salus
3371 915 3458 968 po-

1875 972 2001 1040 pulo
2045 972 2180 1030 facta
2210 975 2312 1041 sit;
2355 977 2550 1032 inimici
2583 996 2710 1035 vero
2747 981 2980 1051 ipsorum
3023 1000 3120 1055 per
3147 987 3382 1044 locustas
3407 1001 3456 1045 ct

1875 1076 2054 1117 mures
2099 1065 2260 1120 occisi
2306 1066 2434 1122 sint.
2483 1069 2634 1135 Quod
2682 1074 2932 1141 populum
2971 1077 3282 1144 angelorum
3327 1081 3452 1135 cibo

1873 1153 2102 1218 aluerit,
2149 1171 2538 1230 quamcumque
2589 1162 2913 1232 voluptatein
2963 1165 3232 1233 habente,
3287 1180 3342 1224 et
3388 1175 3456 1225 ad

1872 1261 2260 1319 quemcumque
2286 1262 2496 1321 gustum
2519 1257 2939 1312 accommodato.
2970 1259 3120 1327 Quod
3143 1263 3457 1331 grandinem

1870 1354 1988 1394 cum
2021 1341 2142 1411 igne
2168 1343 2233 1397 ad
2256 1346 2675 1415 corrumpendas
2703 1347 2881 1420 fruges
2910 1352 2961 1405 in
2986 1351 3268 1424 Egyptios
3297 1357 3459 1412 mise-

1869 1432 1960 1486 rit.
2005 1433 2157 1500 Quod
2188 1435 2482 1506 palpabiles
2524 1439 2770 1496 tenebras
2815 1442 2867 1494 in
2908 1442 3190 1515 Egyptios
3229 1447 3455 1511 miserit,

1863 1531 2056 1592 etquae
2081 1526 2132 1578 in
2160 1541 2224 1580 ea
2248 1541 2308 1583 re
2338 1527 2549 1583 inerant
2571 1531 2707 1584 mala
2734 1550 2746 1585 :
2773 1535 2971 1588 sanctis
2993 1549 3119 1603 vero
3144 1538 3256 1592 suis
3284 1538 3458 1595 lucem

1869 1613 1920 1676 in
1945 1613 2201 1686 Aigypto,
2229 1627 2285 1674 et
2311 1619 2616 1675 columnam
2638 1622 2774 1692 ignis
2803 1623 2857 1678 in
2881 1625 3205 1682 solitudine:
3236 1638 3291 1685 et
3311 1632 3454 1700 quod

1868 1715 2086 1773 propter
2114 1709 2284 1764 occidi
2305 1709 2485 1778 iussos
2509 1712 2868 1778 lsraelitarum
2897 1716 3145 1785 infantes,
3170 1719 3455 1794 Egyptio-

1863 1813 1982 1852 rum
2011 1801 2392 1872 primogenitos
2419 1819 2585 1872 mors,
2610 1816 2667 1861 et
2688 1807 2830 1876 ipsos
2850 1808 3132 1882 Egyptios
3149 1814 3451 1870 submersio

1863 1893 2141 1948 Sustulerit
2164 1911 2179 1948 :
2206 1905 2265 1949 ut
2285 1911 2382 1966 pro
2408 1907 2579 1953 morte
2601 1900 3073 1971 primogenitorum
3101 1905 3246 1963 salus
3267 1908 3452 1964 lsraeli

1865 1996 1959 2050 per
1987 1985 2299 2055 sanguinem
2329 1988 2451 2058 agni
2481 2004 2736 2046 concessa
2771 1993 2860 2049 sit.
2912 1995 2980 2050 Et
3010 2011 3106 2065 pro
3147 2008 3325 2055 morte
3359 2001 3450 2070 ju-

1861 2084 2068 2129 Storum
2113 2076 2164 2130 in
2204 2077 2526 2147 solitudine,
2575 2082 2752 2137 Aaron
2785 2084 3066 2140 Dominum
3111 2089 3356 2156 precibus
3395 2100 3453 2145 et

1862 2165 2082 2221 incenso
2131 2167 2394 2236 placarit:
2431 2186 2527 2240 pro
2574 2183 2746 2228 morte
2801 2190 2928 2230 vero
2970 2176 3344 2249 Egyptiorum
3393 2182 3450 2236 in

1860 2258 1997 2312 mari
2024 2257 2242 2329 Rubro,
2274 2261 2432 2317 fuerit
2460 2263 2536 2317 ira
2573 2264 2662 2319 Dei
2710 2265 2911 2337 absque
2957 2270 3362 2339 misericordia,
3391 2283 3450 2329 et

1858 2351 1961 2404 iter
2003 2353 2184 2422 populi
2230 2352 2485 2410 insolens.
2537 2356 2689 2422 Quod
2733 2369 2952 2428 propter
2997 2360 3447 2419 inbumanitatem

1856 2455 1982 2512 erga
2027 2442 2260 2500 advenas
2288 2447 2426 2500 mala
2459 2446 2557 2502 ista
2587 2449 2726 2517 passi
2757 2450 3152 2523 sintIEgyptii,
3183 2458 3446 2525 quemad-

1858 2532 2074 2600 modum
2102 2544 2158 2590 et
2189 2534 2502 2592 Sodomita.
2533 2537 2686 2606 Quod
2729 2541 2992 2597 elementa
3021 2543 3446 2618 divinoﬁhristi

1849 2623 2053 2694 judicio
2110 2629 2361 2697 subsint,
2405 2630 2471 2685 ad
2530 2631 2672 2686 illius
2733 2634 3018 2703 imperium
3062 2641 3443 2706 parata,sicut

1855 2716 2071 2774 chordae
2114 2720 2333 2776 cithara:
2375 2722 2632 2779 citharam
2681 2727 2928 2796 pulsanti.
2976 2728 3034 2782 In
3077 2729 3163 2785 bis
3191 2747 3440 2804 compre-

1855 2808 2105 2866 henditur
2130 2813 2212 2868 vis
2253 2815 2430 2870 omnis
2458 2815 2744 2886 Sapientiae
2773 2819 3074 2877 Salomonis
3111 2839 3232 2894 quae
3270 2824 3442 2880 Pana-

1851 2916 1911 2957 το
1918 2912 1996 2958 Ι.οὸ
2026 2913 2266 2959 vocatur.

2097 3055 2367 3097 ΡΛΒΜἊΙΕ
2406 3057 2502 3098 εευ
2538 3059 2836 3102 ι’κονειιδιΑ
2877 3063 3183 3106 ειςιοιιθκιει.

1921 3177 2198 3233 Fauentia:
2233 3195 2326 3234 seu
2357 3181 2639 3236 Proverbia
2679 3183 2982 3256 Salomonis
3010 3196 3229 3242 vocatur
3258 3187 3345 3243 hic
3372 3189 3438 3242 li-

1851 3268 1944 3322 ber
1967 3310 1983 3334 ,
2009 3268 2130 3339 quin
2162 3269 2253 3325 illa
2278 3271 2528 3326 Salomon
2555 3282 2612 3327 et
2642 3271 2804 3337 dixit,
2837 3283 2891 3328 et
2920 3276 3155 3346 scripsit.
3185 3261 3282 3332 llic
3308 3295 3437 3333 vero

1847 3376 1968 3416 cum
2014 3378 2237 3433 regnum
2266 3363 2430 3419 David
2469 3365 2632 3434 patris
2674 3369 3034 3438 suscepisset,
3063 3379 3310 3440 precatus
3351 3383 3437 3428 cst

1848 3453 2015 3508 Deum
2046 3463 2103 3508 ut
2132 3455 2444 3524 sapientiam
2489 3456 2755 3536 acciperet
2783 3459 2954 3528 petius
2977 3501 2992 3526 ,
3025 3477 3181 3531 quam
3222 3461 3435 3518 divitias

1845 3555 1900 3600 et
1926 3545 2160 3601 hostium
2203 3546 2478 3602 ultionem.
2513 3548 2658 3605 Hanc
2701 3565 2823 3606 cum
2867 3551 3201 3622 accepisset,
3228 3562 3284 3609 et
3322 3569 3434 3624 prae

1844 3637 2094 3692 omnibus
2118 3638 2436 3694 mortalibus
2465 3640 2554 3709 qui
2581 3649 2704 3694 ante
2729 3651 2784 3696 et
2823 3651 2942 3712 post
2981 3644 3150 3712 ipsum
3181 3643 3391 3700 fuerunt
3414 3688 3430 3708 .

1845 3727 2058 3798 sapiens
2109 3737 2295 3783 esset:
2327 3745 2390 3785 ac
2417 3745 2538 3786 cum
2585 3730 2637 3786 in
2693 3733 2941 3789 omnibus
2984 3733 3140 3790 dictis
3167 3735 3432 3808 {actisque

1844 3820 1956 3874 suis
1983 3819 2320 3876 admirationi
2365 3833 2539 3887 esset,
2583 3825 2680 3878 tria
2728 3825 2890 3880 millia
2938 3827 3306 3895 parabolarum
3332 3870 3346 3894 ,
3376 3838 3432 3884 et

1841 3910 2076 3982 quinque
2117 3912 2283 3966 millia
2328 3913 2533 3969 cantica
2585 3915 2928 3984 proloquutus
2957 3928 3038 3972 est
3071 3934 3083 3971 :
3119 3918 3431 3989 disputavit-

1842 4019 1946 4074 que
1965 4003 2032 4058 de
2055 4004 2323 4068 omnibus,
2355 4013 2462 4059 tam
2494 4005 2560 4060 de
2591 4005 2654 4061 iis
2681 4021 2798 4076 quae
2827 4022 2894 4062 ex
2920 4016 3056 4063 terra
3085 4013 3424 4078 proveniunt,

1841 4111 2001 4168 quam
2039 4097 2108 4153 de
2142 4097 2314 4152 omnis
2338 4097 2549 4168 generis
2574 4098 2948 4154 animantibus.
2981 4099 3202 4171 Scripsit
3225 4110 3428 4169 autem,

1843 4196 1900 4242 ut
1926 4187 2136 4258 quidam
2165 4189 2354 4252 aiunt,
2383 4197 2493 4244 tres
2520 4197 2722 4244 tantum
2765 4191 2929 4246 libros
2948 4233 2964 4256 ,
2993 4192 3133 4248 hunc
3159 4193 3425 4259 videlicet,

1843 4280 2220 4347 Ecclesiasten,
2247 4290 2302 4336 et
2322 4280 2601 4337 Canticum
2627 4282 2962 4356 Canticorum
2987 4302 3004 4352 ;
3033 4295 3092 4341 ut
3116 4297 3290 4344 autem
3312 4290 3430 4360 qui-

1841 4371 1962 4426 dam
1988 4373 2169 4427 dicunt
2197 4374 2358 4428 etiam
2387 4374 2731 4444 Sapientiam,
2763 4392 2882 4446 quae
2908 4378 2986 4434 sic
3014 4379 3340 4446 inscribitur,
3373 4388 3432 4435 et

1842 4464 2134 4520 Panaretos
2179 4465 2408 4520 dicitur:
2437 4483 2559 4520 nam
2609 4467 2712 4523 hoc
2752 4469 2912 4523 etiam
2951 4485 3262 4540 germanum
3309 4471 3429 4541 ejus

1841 4575 1961 4614 esse
1988 4574 2122 4628 Opus
2166 4559 2428 4616 dictitant.
2464 4560 2612 4615 Hunc
2654 4576 2817 4632 porro
2855 4562 3132 4618 Parteniiie
3174 4579 3268 4620 seu
3294 4565 3429 4620 Pro-

1839 4651 2018 4706 verbia
2052 4651 2340 4720 inscripsit.
2370 4651 2504 4706 Sunt
2531 4663 2707 4706 autem
2736 4654 3007 4722 parmmian
3031 4655 3187 4710 verba
3215 4657 3427 4725 sapien-

1842 4747 1928 4801 tiae
1949 4788 1963 4805 .
1991 4750 2135 4801 velut
2159 4746 2461 4815 :eriigmata,
2493 4761 2610 4816 quae
2639 4762 2705 4800 ex
2733 4763 2790 4800 se
2828 4747 3042 4816 quidem
3094 4748 3233 4802 aliud
3269 4750 3425 4804 exhi-

1841 4839 1998 4903 bent,
2031 4837 2170 4890 aliud
2216 4853 2342 4891 vero
2386 4853 2483 4906 per
2527 4838 2885 4906 suspicionem
2935 4839 3188 4893 indicant.
3220 4839 3420 4895 Horum

1836 4937 2018 4982 autem
2047 4927 2253 4996 species
2281 4937 2404 4980 sunt
2429 4929 2729 4997 proverbia.
2758 4929 2845 4982 Sic
2872 4931 3013 4983 enim
3040 4930 3284 4998 discipuli
3313 4932 3422 4985 Do-

1839 5021 1970 5078 mini
2001 5022 2288 5091 loquuntur
2309 5022 2360 5075 in
2385 5021 2680 5092 Evangelio
2704 5021 2945 5089 Joannis,
2977 5023 3208 5094 quando,
3240 5023 3422 5078 Domi-

1840 5129 1910 5168 no
1948 5113 2110 5168 multa
2145 5111 2372 5167 obscure
2413 5112 2657 5179 dicente,
2689 5113 2900 5168 tandem
2945 5115 3128 5170 dicunt
3164 5115 3213 5170 ei
3247 5133 3261 5170 :
3291 5115 3424 5178 Ecce

1841 5220 1974 5258 nunc
1999 5205 2169 5274 potant
2195 5205 2432 5275 loqueris,
2451 5215 2499 5258 et
2519 5206 2834 5276 proverbium
2864 5206 3061 5260 nullum
3089 5208 3214 5260 dicis
3237 5207 3419 5277 (Joan.

1841 5296 1928 5352 16.
1954 5295 2066 5368 29),
2100 5305 2155 5350 ιιι
2182 5296 2444 5367 intelligas
2475 5296 2750 5366 proverbia
2773 5340 2786 5359 ,
2822 5315 2926 5352 non
2953 5307 3136 5370 aperto
3161 5341 3175 5364 ,
3204 5298 3298 5352 sed
3325 5299 3423 5352 ob-

1838 5402 1998 5442 scuro
2041 5402 2203 5443 sensu
2255 5387 2382 5442 dici.
2419 5377 2678 5454 Quoniam
2731 5389 2888 5458 igitur
2929 5389 3061 5442 tales
3109 5389 3422 5458 plerumque

1838 5492 1960 5536 sunt
1990 5483 2042 5536 iit
2069 5483 2170 5536 hoc
2197 5483 2334 5537 libro
2360 5483 2667 5547 sentcntite,
2696 5482 2814 5536 ideo
2841 5482 3116 5538 Parmmiae
3144 5497 3238 5536 seu
3285 5483 3421 5535 Pro-

1838 5576 2018 5630 verbia
2066 5574 2354 5645 inscriptus
2379 5575 2467 5630 hic
2501 5574 2636 5629 liber
2663 5583 2765 5630 est.
2805 5575 2898 5629 Est
2922 5584 3096 5628 autem
3130 5574 3251 5630 inde
3279 5574 3420 5629 dicta

1839 5669 2138 5740 parcentia,
2167 5668 2308 5740 quod
2355 5684 2451 5741 per
2501 5668 2613 5725 vias
2662 5667 2794 5724 tales
2835 5667 3114 5724 sentcntire
3160 5668 3420 5724 conscribi

2992 5763 3070 5822 23
