3720 6274
325 244 419 296 571

323 358 494 413 solitze
520 362 724 419 essent,
756 352 822 409 ad
853 352 1248 411 correctionem
1292 361 1348 408 et
1374 352 1674 409 doctrinam
1699 366 1910 419 eorum,

322 448 410 519 qui
462 447 564 502 iter
614 445 979 500 instituerent.
1008 443 1110 500 Per
1136 444 1252 499 vias
1295 452 1475 500 autem
1519 443 1909 508 scribebantur,

320 541 442 613 quia
471 555 577 595 non
600 552 790 595 omnes
818 538 1055 594 veritatis
1081 552 1358 594 sermones
1381 536 1665 607 capiebant
1697 553 1711 590 :
1745 544 1802 589 ut
1827 537 1911 590 vel

317 633 369 684 in
403 630 729 687 transeundo
747 638 801 684 et
819 629 939 685 talia
961 628 1359 699 conspiciendo,
1383 644 1502 699 quae
1518 628 1714 697 scripta
1734 634 1915 682 essent

312 726 701 795 exquirerent,
732 733 889 794 atque
920 724 990 777 ita
1018 721 1355 778 erudirentur
1396 720 1660 775 homines.
1686 719 1911 786 Quidam

312 826 497 871 autem
527 816 811 887 partemias
841 814 906 869 ad
943 814 1085 868 hunc
1115 812 1330 868 modum
1372 811 1668 866 deﬁniunt:
1699 811 1909 865 Dictum

316 908 624 981 parodium,
665 922 761 965 seu
791 908 845 963 in
895 907 977 962 via
1004 907 1266 977 positum,
1294 905 1362 961 ab
1410 919 1516 960 uno
1567 904 1796 976 quodam
1842 904 1911 959 ad

319 1005 483 1059 multa
514 1002 848 1058 translatum.
877 1001 974 1057 Est
1002 1002 1159 1073 igitur
1200 1000 1253 1055 in
1294 1000 1396 1056 hoc
1435 1000 1570 1055 libro
1594 1000 1780 1055 notitia
1819 1015 1910 1054 sa-

317 1096 532 1165 pientia:
560 1105 615 1151 et
643 1094 955 1164 disciplina),
988 1094 1292 1149 intellectus
1327 1108 1633 1149 sermonum
1672 1092 1909 1163 pruden-

317 1188 423 1254 tim,
454 1185 689 1257 strophas
730 1186 1038 1253 verborum,
1076 1184 1297 1256 justitite
1325 1198 1468 1239 verte
1493 1183 1815 1252 intellectus,
1842 1183 1909 1238 ad

314 1280 649 1352 dirigendum
674 1280 891 1353 judicia,
918 1288 973 1334 et
994 1278 1305 1352 pollicitatio
1328 1277 1818 1348 cognoscendarum
1840 1293 1907 1333 ex

317 1374 432 1428 istis
465 1373 856 1443 parabolarum,
886 1372 1148 1427 dictorum
1175 1371 1517 1441 sapientium,
1545 1371 1903 1441 aenigmatum,

316 1476 370 1520 et
389 1467 735 1522 obscurorum
778 1480 1108 1521 sermonum.
1144 1466 1209 1519 Et
1243 1474 1368 1519 sunt
1404 1464 1608 1519 notitia:
1633 1464 1908 1535 sapientia:

316 1566 371 1613 et
398 1557 711 1628 disciplinae.
743 1557 873 1611 Cum
903 1556 1044 1611 enim
1071 1563 1125 1611 et
1149 1555 1320 1611 Graeci
1361 1555 1677 1625 sapientiam
1708 1554 1907 1611 habere

316 1651 690 1721 polliceantur,
732 1659 784 1705 et
820 1649 1055 1704 hmretiei
1083 1649 1279 1703 habere
1310 1664 1368 1703 se
1398 1648 1736 1719 disciplinam
1765 1649 1908 1703 arbi-

313 1752 558 1809 treutur;
592 1741 713 1797 ideo
756 1740 843 1796 hic
873 1756 1050 1797 veram
1102 1741 1416 1811 sapientiam
1464 1756 1524 1796 ac
1569 1741 1903 1811 disciplinam

312 1838 467 1892 docet
492 1855 505 1904 ;
532 1853 597 1893 ne
622 1853 687 1893 ex
707 1835 1055 1891 similitudine
1085 1834 1317 1891 nominis
1338 1833 1633 1906 sapientiae,
1651 1836 1701 1889 in
1722 1834 1905 1905 SOphi-

311 1938 481 1985 smata
508 1928 816 1985 Grzeeorum
849 1938 902 1983 et
931 1928 1303 1984 haereticorum
1334 1927 1454 1998 quis
1479 1927 1696 1983 incidat.
1728 1926 1902 1983 (ἓνωοί

312 2022 453 2077 enim
484 2029 669 2091 putant
697 2036 756 2076 se
784 2020 961 2075 hacin
993 2035 1052 2076 re
1078 2029 1354 2091 praestare,
1384 2034 1446 2074 ac
1475 2019 1711 2074 Dicentes
1734 2035 1786 2072 se
1814 2035 1903 2073 sa-

311 2115 500 2184 pientes
528 2131 634 2168 esse
657 2155 673 2181 ,
704 2114 848 2168 stulti
881 2114 1000 2184 facti
1029 2123 1145 2167 sunt
1171 2112 1190 2184 (
1221 2112 1372 2167 Rom.
1407 2114 1458 2166 1.
1488 2111 1621 2183 22).
1655 2111 1901 2167 Haeretici

311 2221 441 2261 vero
469 2204 704 2260 eruditos
734 2219 854 2260 esse
895 2220 954 2260 se
1003 2204 1144 2269 rati,
1172 2204 1345 2260 aversi
1378 2212 1503 2260 sunt
1544 2213 1597 2259 et
1641 2213 1897 2273 peccant,

311 2296 531 2367 proprio
572 2295 774 2366 judicio
814 2294 1173 2351 condemnati.
1202 2296 1427 2367 Sapiens
1467 2310 1605 2350 vero
1643 2296 1688 2349 si
1725 2296 1900 2349 divina

314 2388 521 2457 eloquia
564 2386 829 2453 audierit,
859 2386 1150 2456 sapientior
1192 2387 1313 2441 erit.
1338 2387 1552 2442 Etenim
1584 2386 1628 2441 si
1670 2387 1900 2457 legitima

313 2480 407 2535 Dei
435 2479 656 2535 audierit
686 2488 737 2535 et
757 2479 1090 2544 custodierit,
1118 2488 1172 2534 et
1198 2481 1249 2534 iu
1271 2480 1547 2551 disciplina
1575 2482 1778 2535 Domini
1809 2496 1903 2535 ne-

312 2572 517 2643 gligens
544 2586 648 2627 non
671 2570 850 2637 fuerit,
871 2586 968 2627 nec
990 2571 1193 2626 fallacia
1219 2573 1445 2641 quadam
1472 2572 1696 2627 allectus
1722 2572 1898 2639 fuerit,

314 2663 454 2720 filius
480 2664 690 2736 sapiens
716 2664 923 2730 evadet,
966 2674 1018 2720 et
1048 2664 1285 2720 eruditus
1318 2665 1505 2732 factus,
1534 2666 1711 2721 statim
1740 2667 1901 2720 etiam

314 2756 672 2828 cognitionem
714 2756 810 2812 Dei
840 2757 1080 2827 accipiet.
1115 2756 1226 2812 Hac
1270 2758 1409 2812 enim
1446 2759 1710 2828 sapientes
1751 2758 1903 2812 insti-

316 2858 553 2905 tuuntur.
584 2849 901 2906 Sermonum
934 2864 1059 2904 vero
1094 2849 1410 2920 prudentum
1442 2850 1743 2905 intellectus
1765 2892 1778 2915 ,
1806 2851 1903 2904 do-

313 2941 483 2994 ctrina
509 2950 591 2997 est
620 2940 686 2996 de
717 2941 833 2996 solo
862 2957 991 2996 vero
1038 2941 1168 2996 Deo.
1201 2941 1509 2997 Graecorum
1552 2957 1782 3013 namque
1809 2942 1899 2996 alii

315 3047 511 3101 corpus
556 3046 675 3088 esse
720 3032 969 3088 dixerunt
1028 3033 1224 3099 Deum,
1257 3034 1346 3087 alii
1391 3034 1689 3089 simulacris
1741 3035 1901 3089 etiam

315 3124 491 3193 ipsum
513 3124 896 3180 assimilaruut.
927 3125 1173 3180 llaaretici
1204 3141 1330 3180 vero
1359 3135 1413 3180 et
1444 3127 1540 3195 ipsi
1572 3127 1623 3180 iu
1672 3127 1780 3181 veri
1811 3141 1903 3182 co-

313 3218 548 3287 gnitione
594 3217 959 3289 desipuerunt.
988 3218 1275 3290 Propterea
1320 3218 1405 3274 hic
1432 3219 1499 3275 de
1552 3234 1676 3274 vera
1720 3220 1901 3290 cogni-

312 3313 458 3367 tione
486 3311 583 3368 Dei
627 3312 741 3368 ιιωο
769 3323 986 3368 enarrat
1014 3330 1027 3366 :
1061 3312 1201 3383 quod
1233 3313 1444 3382 quidem
1478 3312 1759 3367 ineffabilis
1788 3313 1857 3367 sit
1884 3329 1898 3366 :

320 3423 338 3455 ι
369 3404 552 3461 Gloria
576 3405 668 3464 Dei
688 3404 968 3461 abscondit
989 3405 1206 3460 verbum
1230 3419 1246 3471 ;
1287 3423 1303 3455 ι
1334 3405 1401 3458 de
1424 3404 1754 3474 providentia
1773 3418 1903 3458 vero

313 3498 429 3567 ejus
482 3498 560 3553 sic
623 3497 905 3568 loquitur:
944 3515 963 3549 ι
1014 3496 1072 3551 In
1126 3498 1273 3552 omni
1325 3498 1445 3552 loco
1498 3497 1637 3551 oculi
1690 3496 1900 3552 Domini

314 3589 746 3657 contemplantur
784 3588 954 3643 bonos
995 3597 1048 3641 ct
1082 3588 1249 3643 malos
1275 3606 1293 3640 ι
1333 3587 1515 3657 (Prov.
1537 3588 1627 3643 25.
1650 3588 1707 3643 2.
1733 3599 1779 3643 et
1811 3588 1899 3643 15.

314 3680 394 3752 5).
428 3681 496 3735 Et
543 3682 730 3735 iterum
759 3700 769 3735 :
808 3697 828 3731 ι
862 3681 1021 3735 Dives
1063 3689 1117 3736 et
1145 3696 1344 3750 pauper
1364 3681 1500 3736 alter
1530 3681 1682 3736 alteri
1709 3695 1900 3736 occur-

315 3782 503 3828 rerunt
533 3792 544 3827 :
581 3783 830 3843 utrosque
869 3788 996 3828 vero
1046 3773 1168 3828 fecit
1209 3772 1672 3844 Don'iinuSi(Cap.
1697 3764 1792 3827 22.
1817 3772 1899 3842 2).

318 3866 406 3932 Et,
436 3884 455 3917 ί
491 3865 621 3921 Dum
640 3866 965 3921 conveniunt
994 3864 1283 3920 ftenerator
1312 3880 1375 3919 ac
1394 3863 1621 3930 debitor,
1648 3875 1901 3937 utrosque

314 3955 622 4028 Speculatur
652 3956 906 4011 Dominus
936 3975 955 4009 ι
985 3955 1144 4027 (ϐαρ.
1173 3954 1263 4010 29.
1288 3954 1396 4025 15).
1428 3954 1516 4021 Et,
1544 3974 1563 4006 (
1594 3954 1727 4011 Sunt
1755 3956 1899 4011 enim

314 4052 366 4103 in
397 4057 685 4119 conspectu
712 4048 990 4104 oculorum
1019 4048 1110 4103 Dei
1128 4049 1234 4102 vize
1260 4046 1379 4113 viri,
1411 4056 1465 4102 et
1490 4062 1675 4102 omnes
1701 4046 1900 4102 orbitas

314 4142 430 4211 ejus
444 4141 747 4211 speculatur
772 4158 789 4191 ι
801 4138 883 4209 (C.
909 4140 961 4195 5.
976 4139 1089 4209 21).
1124 4140 1389 4195 Judicium
1408 4155 1618 4211 quoque
1630 4141 1745 4210 ejus
1761 4155 1900 4195 com-

314 4243 597 4299 memorat,
630 4234 850 4290 dicens:
886 4251 905 4285 ι
936 4233 1202 4289 Sacriﬁcia
1232 4234 1512 4303 impiorum
1541 4232 1897 4288 abominatio-

313 4343 409 4383 nes
458 4337 581 4383 sunt
620 4328 868 4384 Domini:
915 4336 1038 4381 vola
1084 4336 1261 4382 autem
1315 4336 1459 4382 recte
1511 4326 1896 4383 ambulantium

314 4428 527 4489 accepta
572 4427 697 4474 sunt
724 4419 861 4490 apud
890 4434 1010 4475 eum
1043 4439 1062 4472 ›
1099 4418 1266 4489 (ϐαρ.
1304 4419 1391 4475 15.
1421 4420 1515 4489 8).
1550 4420 1619 4474 Et
1657 4420 1846 4475 iterum
1879 4435 1893 4472 :

320 4532 338 4563 ι
376 4512 569 4567 Demos
599 4511 1019 4568 conviciatorum
1051 4510 1273 4580 dissipat
1299 4510 1573 4577 Dominus,
1600 4511 1774 4565 ﬁrmat
1803 4526 1897 4564 au-

314 4615 419 4658 tem
451 4603 730 4659 terminum
760 4603 930 4657 viduae
957 4622 976 4654 ι
1010 4602 1160 4673 (ϐαρ.
1196 4602 1281 4657 15.
1309 4600 1424 4672 23).
1456 4600 1736 4671 Opiﬁcium
1768 4616 1897 4657 vero

314 4696 457 4754 illius
499 4712 605 4752 non
648 4695 993 4766 simpliciter,
1027 4694 1119 4750 sed
1164 4709 1229 4749 co
1271 4693 1412 4765 quod
1442 4708 1538 4763 per
1562 4692 1793 4748 Verbum
1834 4708 1896 4748 ac

311 4790 623 4861 sapientiam
666 4805 817 4845 suam
849 4799 1037 4846 cuncta
1076 4788 1266 4855 faciat;
1299 4788 1387 4859 qui
1426 4787 1735 4857 p0tissimus
1784 4788 1894 4843 veri

311 4883 404 4937 Dei
443 4882 723 4939 character
750 4892 869 4947 est,
898 4882 1039 4953 quod
1083 4883 1150 4937 sit
1191 4881 1309 4935 Filii
1354 4881 1535 4936 Pater.
1567 4880 1658 4934 Ait
1695 4880 1891 4950 igitur:

319 4995 337 5027 ι
366 4975 639 5044 Sapientia
666 4976 805 5030 Deus
827 4975 1067 5031 fundavit
1090 4984 1287 5030 terram
1321 4992 1339 5025 ι
1376 4972 1548 5046 (Cap.
1574 4973 1626 5027 5.
1660 4971 1791 5043 19).
1828 4973 1896 5027 Ει

310 5067 503 5120 iterum
539 5082 552 5117 :
589 5084 607 5116 ι
642 5065 783 5120 Deus
812 5066 936 5121 fecit
978 5066 1222 5135 regiones
1262 5075 1316 5121 et
1357 5066 1565 5122 deserta
1596 5075 1649 5120 et
1676 5066 1895 5120 summi-

310 5170 447 5213 tates
495 5157 757 5213 habitatas
799 5158 914 5227 ejus
942 5200 956 5224 ,
1005 5174 1124 5229 quze
1168 5160 1267 5214 sub
1329 5160 1461 5214 caelo
1512 5168 1613 5214 est.
1670 5157 1893 5225 Quando

309 5252 643 5321 prmparabat
683 5250 892 5316 cmlum,
917 5249 1128 5304 aderam
1180 5251 1298 5321 ipsi,
1322 5261 1374 5306 et
1424 5251 1703 5321 separabat
1742 5251 1891 5306 thro-

310 5359 435 5397 num
489 5357 645 5397 suum
691 5357 847 5412 supra
895 5351 1103 5408 ventos,
1146 5341 1357 5409 quando
1404 5342 1605 5397 validas
1666 5341 1893 5398 faciebat

309 5435 539 5507 desuper
566 5436 753 5502 nubes,
784 5451 901 5490 cum
926 5450 989 5490 eo
1015 5450 1161 5491 cram
1187 5444 1377 5491 cuncta
1402 5450 1749 5506 componens.
1781 5435 1891 5506 Ego

308 5542 453 5581 eram
478 5528 529 5582 in
553 5543 651 5597 qua
677 5528 969 5593 laetabatur,
999 5527 1219 5598 singulis
1241 5527 1427 5581 diebus
1446 5527 1665 5582 laetabar
1686 5528 1736 5582 in
1762 5542 1892 5582 con-

308 5632 489 5686 spectu
520 5620 658 5675 illius
690 5639 707 5672 I
743 5619 907 5691 (Cap.
939 5620 993 5676 8.
1026 5619 1097 5675 26
1119 5620 1226 5675 -'50
1250 5618 1292 5691 ).
1322 5617 1566 5690 Strophce
1605 5619 1888 5675 verborum

308 5721 431 5766 sunt
461 5713 512 5766 in
544 5713 646 5768 isto
672 5714 807 5770 libro
839 5731 851 5769 :
883 5729 1004 5769 nam
1033 5713 1074 5768 si
1107 5713 1224 5786 quis
1254 5728 1316 5771 ea
1347 5722 1527 5770 mente
1555 5721 1765 5783 verset,
1799 5727 1885 5769 re-

1035 236 1091 295 S.
1132 235 1411 295 JOANNIS
1438 230 1919 295 CHRYSOSTOMI
1954 230 2272 292 ARCHIEP.
2311 234 2845 297 CONSTANTINOP.

3508 246 3609 303 372

2023 348 2224 405 serabit
2250 360 2305 406 et
2336 352 2573 408 inveniet
2600 356 2920 411 sententiam
2950 356 3004 411 in
3034 356 3163 428 ipsis
3205 357 3385 415 sitam.
3419 357 3608 427 Qlia

2014 449 2142 495 sunt
2167 441 2323 501 haec:
2354 445 2687 503 «Incolumis
2729 449 2897 504 evasit
2935 449 3003 505 ab
3044 458 3179 506 testu
3225 451 3370 506 ﬁlius
3411 452 3608 507 intelli-

2014 548 2146 603 gens
2169 550 2184 600 ;
2206 539 2577 608 corrumpitur
2599 548 2779 595 autem
2807 555 2840 596 a
2865 549 3024 597 vento
3049 543 3117 607 in,
3135 558 3311 599 messe
3335 544 3479 600 ﬁlius
3508 544 3581 601 ini
3600 576 3613 585 ο

2013 640 2149 695 quus
2178 646 2206 679 η»
2242 628 2407 700 (Cap.
2440 629 2527 684 10.
2564 630 2663 702 6).
2715 630 2783 686 Et
2827 632 3019 688 iterum
3053 651 3066 687 :
3118 652 3139 685 ι
3189 633 3432 690 Sollicite
3476 650 3605 690 cura

2014 733 2134 787 qua:
2163 719 2215 772 in
2245 733 2374 790 agro
2401 730 2525 776 sunt
2557 722 2767 788 viridia,
2797 732 2851 779 et
2880 724 3100 779 herbam
3128 724 3390 792 demetas,
3418 736 3475 782 ct
3502 726 3602 783 fm-

2012 824 2138 863 num
2164 822 2474 866 montanum
2505 814 2714 883 collige,
2741 823 2798 869 ut
2823 829 2950 870 oves
2974 814 3171 872 habeas
3196 817 3265 872 ad
3300 818 3550 873 vestitum
3576 836 3597 871 ι

2013 901 2175 972 (ϐαρ.
2216 904 2305 957 27.
2340 905 2429 961 25.
2470 906 2599 975 26).
2633 908 2703 962 Et
2730 925 2919 965 rursus
2950 926 2963 963 :
3000 929 3021 962 ‹
3058 910 3113 966 Si
3140 913 3363 967 conviva
3397 913 3604 969 sederis

2011 994 2077 1048 ad
2104 1010 2310 1051 omnem
2334 997 2383 1051 in
2412 1014 2595 1054 mensa
2626 1010 2951 1071 maguatum,
2984 1012 3161 1059 mente
3190 1004 3458 1076 intelligas
3484 1020 3603 1075 qum

2011 1100 2351 1157 apponuntur
2379 1092 2471 1146 tibi
2510 1111 2530 1145 θ
2575 1093 2744 1164 (ϐαρ.
2775 1094 2865 1150 25.
2894 1096 2919 1149 1
2952 1096 3091 1165 ):et
3131 1096 3235 1151 alia
3276 1098 3599 1153 consimilia.

2012 1179 2166 1237 Versa
2200 1182 2421 1253 justitiae
2460 1185 2635 1240 dictus
2661 1195 2744 1241 est
2779 1186 3079 1243 intellectus
3113 1205 3127 1243 :
3158 1190 3411 1259 quoniam
3450 1189 3603 1245 diﬁc»

2010 1284 2192 1329 renter
2237 1276 2451 1345 quidam
2488 1278 2708 1347 justitite
2754 1280 3072 1336 vocabulum
3120 1282 3433 1352 accipiunt;
3480 1283 3599 1337 aliis

2009 1367 2311 1424 dicentibus
2329 1370 2587 1439 justitiam
2615 1387 2736 1428 esse
2755 1414 2770 1441 ,
2802 1383 2861 1429 ut
2888 1374 3074 1429 reddat
3098 1375 3218 1445 quis
3246 1376 3387 1447 quod
3413 1386 3595 1431 custo-

2008 1458 2260 1529 diendum
2289 1462 2495 1531 accepit
2519 1480 2533 1515 :
2566 1463 2686 1518 aliis
2712 1479 2840 1519 vero
2863 1506 2878 1529 ,
2910 1466 2954 1520 si
2993 1465 3192 1521 malum
3221 1466 3478 1523 reddatur
3502 1484 3596 1537 pro

2008 1550 2151 1603 malo
2171 1592 2184 1615 ,
2215 1560 2271 1605 et
2307 1551 2503 1605 bonum
2535 1568 2633 1623 pro
2664 1554 2821 1610 bono.
2858 1555 3170 1625 llujusmodi
3197 1567 3380 1613 autem
3407 1558 3598 1614 deﬁni-

2009 1642 2181 1697 tiones
2208 1654 2471 1699 accuratte
2502 1661 2609 1701 non
2640 1656 2784 1701 sunt.
2815 1647 2892 1703 Ne
2918 1647 3118 1704 dixeris
3141 1650 3317 1715 enim,
3350 1649 3469 1718 Quo
3507 1651 3597 1706 ille

2006 1749 2130 1805 erga
2162 1750 2248 1790 me
2273 1751 2399 1791 usus
2429 1745 2511 1792 est
2546 1738 2707 1793 modo
2728 1781 2743 1806 ,
2777 1738 2963 1795 eodem
2993 1748 3112 1794 utar
3135 1756 3236 1811 ego
3258 1782 3275 1808 ,
3311 1756 3501 1811 poenas
3529 1742 3597 1796 de

2005 1825 2100 1880 illo
2139 1841 2346 1881 sumam
2388 1842 2485 1897 pro
2522 1828 2712 1899 injuria
2751 1844 2855 1900 qua
2886 1845 2971 1885 me
3003 1829 3199 1887 aﬁ‘ecit.
3232 1830 3593 1899 Quamobrem

2005 1918 2093 1973 hic.
2116 1959 2129 1983 ,
2160 1933 2279 1989 quae
2304 1934 2428 1974 vera
2474 1920 2544 1974 sit
2581 1920 2785 1990 justitia
2811 1961 2825 1985 ,
2856 1920 3015 1976 docet
3042 1939 3056 1976 :
3083 1937 3200 1977 eam
3230 1922 3485 1978 videlicet
3501 1938 3594 1977 ve-

2004 2024 2118 2063 ram
2145 2024 2265 2064 esse
2287 2009 2551 2079 justitiam
2577 2051 2591 2077 ,
2621 2010 2667 2065 si
2696 2011 2982 2081 unicuique
3001 2012 3142 2082 quod
3172 2028 3328 2067 suum
3357 2022 3444 2068 est
3469 2013 3595 2069 red-

2003 2101 2178 2157 datur.
2212 2120 2231 2153 ‹
2261 2101 2584 2173 Cumprimis
2627 2103 2836 2159 honora
2876 2105 3159 2160 Dominum
3189 2107 3259 2162 de
3294 2108 3461 2177 justis
3495 2109 3595 2163 tuis

2003 2195 2295 2264 laboribus,
2316 2204 2369 2251 et
2390 2197 2651 2266 primitias
2667 2197 2741 2253 illi
2760 2198 2826 2253 da
2847 2197 2916 2254 de
2934 2200 3037 2255 tuis
3054 2199 3270 2269 justitiae
3289 2201 3551 2257 fructibus
3571 2222 3589 2253 ι

2005 2289 2171 2357 (Cap.
2216 2290 2270 2345 ‘5.
2302 2288 2398 2360 9).
2437 2290 2639 2345 Deinde
2676 2290 2879 2346 honora
2927 2307 3104 2364 regem
3133 2332 3150 2359 ,
3194 2302 3250 2349 et
3284 2294 3595 2365 parentibus

2003 2381 2240 2437 debitum
2268 2382 2463 2439 exhibe
2490 2383 2724 2439 ofﬁcium
2746 2426 2760 2450 ,
2787 2386 3035 2442 omnibus
3061 2402 3189 2442 vero
3214 2387 3356 2458 quod
3384 2405 3592 2458 aequum

2003 2481 2102 2527 est.
2130 2473 2197 2528 Et
2218 2473 2305 2529 hic
2327 2475 2541 2544 quidem
2566 2491 2704 2531 unus
2730 2485 2813 2532 est
2841 2485 3015 2549 typus.
3044 2478 3194 2534 Alter
3217 2494 3369 2546 vero,
3394 2490 3455 2534 ut
3479 2481 3591 2535 ani-

2004 2579 2145 2617 mam
2190 2580 2341 2619 suam
2370 2567 2595 2637 quisque
2619 2568 2873 2637 justificet
2896 2612 2910 2636 ,
2945 2570 3361 2641 aequabilitatem
3406 2580 3591 2627 custo-

2004 2656 2219 2724 diendo,
2248 2659 2319 2713 ita
2349 2668 2406 2714 ut
2432 2661 2482 2715 in
2514 2661 2983 2732 inaequabilitatem
3027 2679 3132 2719 nou
3174 2664 3451 2732 declinet,
3499 2666 3591 2721 sed

2003 2752 2195 2806 rationi
2221 2752 2588 2823 obtemperet,
2623 2754 2707 2809 Ne
2734 2756 2871 2811 malo
2905 2758 3115 2812 consilio
3136 2799 3152 2823 ,
3180 2775 3281 2828 quo
3308 2760 3592 2829 juventutis

2003 2844 2233 2897 doctrina
2276 2846 2573 2916 repudiatur
2595 2887 2610 2913 ,
2657 2849 2876 2918 capiaris
2910 2848 3080 2920 (Cap.
3108 2849 3166 2903 2.
3194 2851 3279 2907 16.
3315 2852 3419 2922 17)
3454 2870 3469 2906 :
3500 2852 3591 2907 sed

2004 2951 2123 2991 cum
2150 2939 2375 2994 consilio
2396 2940 2572 2994 omnia
2600 2940 2781 3007 facias,
2809 2950 2863 2995 et
2881 2942 3230 3012 cogitationes
3258 2952 3364 2998 tua:
3387 2942 3498 2999 sint
3510 2944 3592 3013 ju-

2002 3029 2160 3097 dicia,
2187 3032 2257 3085 ita
2282 3041 2337 3086 ut
2364 3033 2598 3104 seipsum
2619 3034 2848 3106 quisque
2869 3035 3090 3105 judicet,
3116 3044 3171 3092 et
3196 3051 3359 3092 omne
3383 3037 3593 3093 deside-

2004 3122 2138 3176 rium
2166 3122 2392 3193 probum
2431 3124 2661 3181 habeat:
2696 3125 2860 3180 Omne
2885 3127 3083 3198 quippe
3108 3129 3370 3198 justorum
3397 3130 3593 3185 deside-

2002 3214 2134 3266 rium
2163 3214 2345 3269 banum
2367 3226 2441 3269 est
2461 3215 2618 3288 (Cap.
2642 3218 2728 3271 11.
2748 3217 2819 3273 25
2839 3216 2890 3288 );
2919 3228 2991 3281 et,
3023 3218 3442 3289 Concupiscentia
3462 3221 3591 3291 justi

2005 3317 2209 3380 accepta
2240 3319 2315 3364 est
2357 3311 2519 3381 (Cap.
2557 3310 2643 3366 10.
2670 3309 2801 3381 21).
2850 3311 3003 3378 Quod
3039 3320 3217 3368 autem
3260 3312 3590 3368 iracundiam

2002 3412 2224 3470 spectat,
2252 3402 2336 3456 Ne
2362 3405 2431 3458 sis
2460 3405 2653 3459 amicus
2673 3446 2688 3471 ,
2730 3405 2937 3476 inquit,
2960 3406 3065 3460 viro
3100 3406 3325 3477 furioso,
3350 3416 3399 3461 et
3430 3408 3592 3461 amico

2002 3494 2247 3549 iracundo
2271 3512 2334 3550 ne
2356 3497 2609 3553 cohabites
2630 3497 2779 3568 (Cap.
2809 3498 2900 3553 22.
2928 3497 3043 3569 24).
3070 3498 3283 3554 Omnem
3304 3500 3440 3554 enim
3462 3500 3592 3554 iram

2001 3606 2149 3644 suam
2180 3590 2357 3644 emittit
2384 3590 2629 3661 insipiens
2663 3607 2682 3645 :
2710 3591 2913 3661 sapiens
2941 3608 3057 3646 vero
3084 3591 3223 3646 illam
3252 3608 3316 3646 ea;
3341 3603 3487 3663 parte
3513 3610 3591 3646 re-

2003 3685 2173 3739 condit
2199 3684 2219 3755 (
2240 3683 2368 3753 Cap.
2396 3683 2487 3739 29.
2517 3685 2578 3739 11
2604 3684 2644 3754 ).
2672 3684 2773 3753 Qui
2798 3685 3035 3755 seipsum
3058 3684 3124 3740 ad
3149 3684 3291 3741 hunc
3319 3687 3592 3756 componit

2002 3775 2220 3831 modum
2244 3816 2260 3842 ,
2290 3783 2347 3830 et
2383 3775 2621 3846 singulas
2650 3776 2908 3847 cujusque
2935 3777 3103 3847 partis
3129 3777 3325 3832 animae
3351 3777 3592 3833 actiones

2003 3881 2162 3922 sanas
2179 3877 2234 3921 et
2252 3870 2507 3921 innocuas
2530 3865 2781 3933 custodit,
2810 3867 2856 3921 is
2875 3866 3090 3922 demum
3107 3881 3289 3922 veram
3313 3867 3591 3937 aguiturus

2001 3970 2083 4017 est
2103 3959 2387 4027 justitiam.
2414 3959 2621 4014 Judicia
2646 3974 2775 4015 vero
2799 3959 3030 4031 dirigere
3058 3969 3142 4017 est
3164 3959 3431 4031 imprimis
3449 3960 3591 4031 justo

2000 4051 2292 4108 secundum
2316 4051 2489 4121 legem
2510 4050 2604 4106 Dei
2626 4049 2886 4121 judicare,
2912 4059 2971 4105 ut
2993 4053 3099 4106 ait:
3129 4069 3148 4102 ι
3172 4051 3333 4120 Aperi
3359 4065 3423 4106 os
3444 4060 3588 4106 tuum

2000 4144 2164 4200 verbo
2188 4142 2303 4212 Dei,
2319 4152 2371 4199 et
2398 4159 2527 4199 sane
2546 4143 2614 4200 de
2642 4143 2890 4200 omnibus
2905 4143 3105 4213 judica.
3134 4144 3435 4211 Pauperem
3462 4159 3589 4199 vero

1999 4247 2054 4293 et
2073 4236 2393 4292 imbecillem
2414 4236 2646 4308 dijudica
2673 4255 2692 4290 ι
2721 4236 2871 4308 (ϐαρ.
2890 4238 2979 4293 51.
3007 4238 3059 4293 8.
3088 4236 3165 4307 9).
3189 4255 3207 4288 ι
3232 4236 3332 4305 Qui
3361 4252 3590 4308 namque

1998 4329 2130 4385 dicit
2152 4327 2221 4385 de
2247 4328 2431 4400 impio,
2458 4328 2641 4384 Justus
2667 4336 2769 4394 est,
2799 4327 3140 4384 exsecrabilis
3164 4336 3249 4383 est
3275 4327 3508 4397 pepulis,
3537 4338 3590 4383 ct

1998 4420 2215 4476 odiosus
2240 4420 2379 4476 inter
2404 4428 2613 4491 gentes.
2639 4419 2929 4474 Personam
2958 4419 3099 4475 enim
3127 4418 3178 4472 in
3203 4418 3409 4488 judicio
3436 4433 3587 4474 reve-

1997 4512 2103 4568 reri
2129 4510 2326 4565 bonum
2357 4525 2463 4566 non
2490 4520 2574 4566 est
2601 4530 2620 4564 ι
2653 4508 2806 4581 (ϐαρ.
2833 4511 2923 4566 24.
2951 4510 3040 4565 24.
3069 4508 3200 4580 23).
3230 4508 3347 4565 Hoc
3369 4508 3583 4579 quidem

1997 4604 2173 4676 palam
2203 4613 2256 4661 et
2284 4614 2469 4675 aperte
2491 4604 2776 4660 dicendum
2803 4612 2885 4658 est
2909 4620 2923 4658 :
2950 4601 3162 4670 deinde,
3192 4611 3251 4656 ut
3275 4602 3420 4673 quod
3440 4602 3583 4672 judi-

1997 4700 2137 4753 cium
2168 4698 2221 4753 in
2252 4698 2387 4753 alios
2415 4698 2677 4768 quispiam
2709 4695 2932 4767 profert,
2960 4694 3192 4765 idipsum
3220 4695 3274 4749 in
3304 4709 3427 4751 sese
3453 4694 3591 4750 diri-

1998 4802 2120 4861 gat,
2152 4805 2317 4860 seque
2347 4791 2460 4860 ipse
2487 4789 2757 4844 examinet
2784 4805 2797 4842 :
2831 4786 3191 4858 corripiatque
3216 4786 3263 4841 si
3290 4784 3601 4843 excesserit

1999 4884 2075 4938 ira
2108 4900 2120 4937 :
2151 4882 2417 4948 cohibeat,
2449 4882 2492 4936 si
2520 4878 2890 4936 vehementior
2918 4877 3079 4934 fuerit
3105 4878 3541 4947 concupiscentia
3582 4890 3596 4928 :

1996 4977 2224 5042 excitet,
2254 4976 2297 5030 si
2324 4974 2601 5030 dormierit
2628 4973 2706 5027 vis
2733 4971 3022 5039 ratiocinii,
3052 4970 3235 5026 dicens
3265 4988 3278 5024 :
3313 4970 3593 5040 Quousque

1997 5068 2155 5137 piger,
2176 5070 2317 5135 jaces
2340 5064 2491 5135 (Cap.
2526 5065 2578 5120 6.
2604 5061 2715 5133 9)?
2746 5064 2820 5119 lla
2845 5064 2985 5117 enim
3013 5077 3072 5117 se
3092 5062 3236 5131 juste
3259 5076 3474 5133 gerens,
3497 5076 3591 5116 ac-

1995 5167 2312 5227 cusatorque
2336 5158 2415 5213 sui
2440 5156 2629 5221 factus,
2654 5166 2860 5211 rectum
2875 5155 3130 5225 judicium
3156 5153 3401 5225 proferre
3420 5154 3593 5223 dicet,

1996 5265 2095 5305 nec
2121 5250 2299 5305 audiet
2322 5250 2391 5305 ab
2412 5248 2519 5303 alio
2547 5265 2560 5300 :
2595 5248 2694 5315 Qui
2719 5248 2874 5301 alium
2903 5247 3050 5300 doces
3074 5288 3088 5315 ,
3113 5245 3331 5316 teipsum
3358 5263 3460 5300 non
3486 5247 3568 5299 da-

1994 5343 2116 5397 ces?
2141 5346 2228 5413 qui
2250 5343 2346 5407 ais,
2378 5339 2497 5395 Non
2527 5340 2872 5406 nime/iuberis,
2900 5339 3166 5393 mmcliaris
3192 5338 3372 5408 (Rom.
3400 5337 3457 5391 2.
3489 5339 3571 5392 2|.

1992 5433 2615 5506 22)?Quemadmodum
2657 5433 2799 5490 enim
2843 5433 2932 5503 qui
2978 5434 3078 5489 iter
3129 5431 3293 5498 facit,
3341 5432 3385 5485 si
3437 5441 3576 5487 recta

1992 5528 2263 5601 gradiatur
2300 5526 2381 5580 via
2408 5567 2423 5591 ,
2469 5524 2535 5579 ad
2578 5523 2739 5580 finem
2766 5524 2863 5578 vite
2895 5523 3175 5594 pervenit:
3208 5522 3287 5577 sic
3314 5523 3405 5593 qui
3436 5532 3575 5578 recta

1992 5622 2197 5693 profert
2218 5618 2449 5691 judicia,
2490 5618 2665 5688 justus
2705 5626 3027 5689 agnoscatur
3066 5627 3120 5672 et
3147 5616 3383 5687 sapiens.
3415 5615 3575 5671 Parao

1993 5713 2129 5769 bula:
2152 5721 2330 5767 autem
2358 5709 2608 5766 dicuntur
2626 5724 2918 5778 sermones,
2940 5709 3089 5780 quasi
3112 5708 3371 5779 imagines
3394 5721 3574 5764 eorum
