3722 6274
125 296 231 355 3η

128 416 483 482 «βόσκοντες
513 410 666 469 εἶναι
702 414 880 484 σοφοί
904 456 917 475 .
960 415 1406 483 ἐμωράνθησαν.
1439 411 1712 485 Αίρετικοὶ

126 500 191 554 δι
220 499 574 552 παιδεύεσθαι
611 499 924 568 νομίζοντες
950 499 1381 569 ὲξεστράφησαν,
1414 498 1507 552 καὶ
1536 498 1713 567 ἀμαρ-

128 584 394 638 τάνουσιν
417 583 571 647 ὄντες
590 583 1063 650 αὐτοκατάκριτος,
1095 582 1216 634 Τῶν
1247 583 1304 635 δὲ
1348 582 1509 635 θείων
1541 580 1715 647 λόγων

129 663 382 726 ἀκούσας
417 663 581 730 σοφὸς
602 702 617 725 ,
647 661 951 733 σοφώτερος
981 661 1153 715 ἔσται.
1182 661 1302 714 Τῶν
1338 660 1446 731 γὰρ
1470 658 1716 729 νομίμων

133 744 232 798 τοῦ
283 744 421 797 Θεοῦ
468 745 728 808 ἀκούσας,
762 745 856 799 καὶ
889 744 1059 798 ταῦτα
1093 744 1353 815 φυλάξας,
1405 743 1495 795 ὲπί
1540 759 1600 795 τε
1648 743 1713 812 τῇ

132 826 361 897 παιδεία
412 826 619 897 Κυρίου
676 827 750 898 μὴ
806 827 1184 897 ὀλιγωρήσας,
1249 826 1382 897 μηδὲ
1439 824 1717 886 έλκυσθεὶς

131 909 327 979 ἀπάτῃ
352 951 367 972 ,
408 909 521 972 υίὸς
574 909 735 978 σοφὸς
779 911 1108 980 γενήσεται,
1166 910 1261 963 κα)⁴
1294 906 1717 976 πεπαιδευμένος

134 992 435 1061 γενόμενος
460 992 664 1061 ταχέως
691 992 785 1044 καὶ
814 992 910 1060 τὴν
935 991 1084 1063 παρὰ
1102 990 1233 1045 Θεοῦ
1267 991 1466 1059 γνῶσιν
1486 988 1715 1053 δέξεται.

136 1072 333 1146 Ταύτῃ
359 1073 469 1146 γὰρ
512 1077 561 1127 οἱ
605 1074 759 1143 σοφοὶ
809 1074 1172 1129 παιδεύονται.
1199 1075 1403 1145 Νόησις
1440 1073 1496 1127 δὲ
1549 1072 1720 1141 λόγων

140 1160 462 1230 φρονήσεως
487 1160 520 1230 ἡ
553 1159 680 1228 περὶ
706 1156 804 1211 τοῦ
832 1159 991 1228 μόνου
1018 1160 1111 1212 καὶ
1132 1158 1389 1229 ἀληθινοῦ
1418 1158 1569 1221 ὄντος
1585 1155 1720 1211 Θεοῦ

137 1240 488 1297 διδασκαλία.
537 1241 660 1294 Ἐπὶ
690 1241 799 1312 γὰρ
844 1241 1114 1311 Ἑλλήνων
1161 1242 1209 1294 οῐ
1265 1243 1365 1313 μὲν
1422 1241 1579 1312 σῶμα
1630 1240 1722 1295 τὸν

140 1327 280 1380 Θεὸν
309 1321 483 1388 εἷπον,
525 1328 574 1380 οί
607 1326 664 1380 δὲ
696 1325 933 1390 εἰδώλοις
966 1326 1126 1380 αὑτὸν
1147 1326 1345 1397 ὁμοίως
1369 1325 1720 1397 ἐλάτρευσαν.

140 1408 426 1480 Δίρετικοὶ
455 1409 511 1462 δὲ
538 1409 632 1463 καὶ
660 1410 811 1463 αὐτοὶ
834 1410 959 1480 περ).
985 1410 1079 1462 τοῦ
1109 1408 1258 1473 ὄντος
1280 1408 1722 1481 παρεφρόνησαν.

142 1494 247 1547 Διά
274 1493 433 1547 τοῦτο
457 1487 610 1557 οὗτος
634 1492 730 1563 τὴν
759 1492 936 1563 ἀληθῆ
968 1493 1094 1563 περ).
1120 1491 1255 1546 Θεοῦ
1278 1493 1479 1562 γνῶσιν
1517 1491 1729 1563 ἐξηγεῖ-

142 1593 239 1630 ται
269 1618 284 1639 ,
320 1576 384 1629 τὸ
416 1574 513 1646 μὲν
541 1575 912 1646 ἀνέκφραστον
950 1577 1115 1630 αὐτοῦ
1151 1577 1355 1647 λέγων,
1390 1576 1543 1641 Δόξα
1578 1575 1726 1629 Θεοῦ

146 1659 406 1727 κρύπτει
458 1659 675 1727 λόγον·
712 1657 773 1711 τὸ
809 1658 863 1711 δὲ
898 1659 1253 1731 προνοητικὸν
1310 1659 1471 1713 αὐτοῦ
1515 1673 1679 1727 φησιν
1710 1675 1720 1686 ·

156 1742 262 1795 Ἐν
320 1741 501 1796 παντὶ
556 1742 716 1809 τόπῳ
755 1741 1049 1815 ὀφθαλμοὶ
1095 1742 1317 1811 Κυρίου
1358 1744 1729 1796 σκοπεύουσι

149 1827 384 1892 κακούς
412 1842 476 1879 τε
498 1824 597 1880 καί
634 1825 913 1893 ἀγαθούς.
943 1825 1052 1878 Kal
1074 1825 1268 1890 πάλιν,
1298 1825 1601 1890 Πλούσιος
1632 1821 1731 1877 καί

151 1909 394 1978 πτωχὸς
436 1908 842 1977 συνήντησαν
876 1909 1205 1977 ἀλλήλοις,
1248 1907 1622 1978 ἀμφοτέρους
1663 1904 1732 1959 δὲ

148 1995 450 2062 ἐποίησεν
481 1996 515 2046 ό
543 1994 777 2060 Κύριος.
815 1992 945 2055 Kal,
970 1992 1297 2047 Δανειστοῦ
1318 1991 1417 2047 καὶ
1450 2007 1731 2062 χρεωφει-

149 2078 339 2131 λέτου
372 2075 668 2142 ἀλλήλοις
691 2074 1140 2141 συνελθόντων,
1175 2075 1519 2143 ἐπισκοπὴν
1555 2073 1734 2128 ποιεῖ-

151 2178 253 2216 ται
290 2156 640 2228 ἀμφοτέρων
663 2161 695 2212 ὁ
720 2159 952 2225 Κύριος.
992 2159 1123 2222 Καὶ,
1160 2157 1445 2213 Ἐνώπιον
1472 2155 1583 2228 γάρ
1614 2159 1734 2211 εἱσι

152 2247 279 2301 τῶν
306 2247 413 2302 τοῦ
446 2245 593 2301 Θεοῦ
622 2245 945 2315 ὀφθαλμῶν
965 2245 1093 2301 όδοὶ
1119 2246 1339 2314 ἀνδρός
1364 2262 1380 2280 ν
1422 2248 1511 2312 είς
1538 2244 1607 2299 δὲ
1632 2243 1737 2298 πά-

152 2346 280 2396 σας
307 2329 547 2398 τροχιὰς
585 2328 772 2382 αὑτοῦ
795 2329 1102 2384 σκοπεύει.
1138 2329 1248 2383 Kal
1274 2328 1335 2383 τὺ
1364 2329 1463 2399 μὲν
1491 2326 1733 2399 κριτικὸν

152 2411 332 2467 αὑτοῦ
375 2427 537 2481 φησι·
585 2412 797 2466 Θυσίαι
828 2411 1065 2467 ἀσεϐῶν
1113 2412 1432 2483 βδέλυγμα
1478 2413 1733 2480 Κυρίου⁸

155 2495 338 2565 εὐχαί
371 2495 443 2549 δὲ
474 2496 961 2550 κατευθυνόντων
988 2496 1187 2551 δεκταὶ
1239 2498 1374 2565 παρ’
1420 2493 1599 2560 αὐτῷ.
1630 2495 1739 2549 Kal

160 2580 329 2633 πάλιν
347 2596 362 2610 ο
388 2579 606 2644 Οἶκους
625 2578 923 2647 ὑϐριστῶν
947 2577 1229 2646 κατασπᾷ
1243 2580 1454 2648 Κύριος
1477 2618 1492 2643 ,
1515 2579 1740 2646 ἔστησε

157 2662 232 2717 δὲ
271 2662 441 2730 δριον
470 2660 663 2731 χήρας
710 2661 1015 2732 (legebatur
1044 2663 1096 2715 in
1134 2661 1240 2717 Hs.
1282 2662 1523 2734 χώρας).
1575 2662 1648 2715 Τὸ
1684 2660 1741 2714 δὲ

159 2745 557 2818 δημιουργικὸν
588 2745 751 2799 αὐτοῦ
800 2747 900 2818 οὐχ
954 2746 1176 2813 ἁπλῶς,
1227 2746 1340 2802 ἀλλ’
1386 2748 1467 2801 ὄτι
1512 2746 1599 2801 διὰ
1646 2746 1741 2799 τοῦ

162 2832 301 2885 ίδίου
331 2831 490 2901 λόγου
519 2831 611 2883 καὶ
644 2833 742 2903 τῆς
783 2831 974 2900 σοφίας
1004 2832 1183 2887 πάντα
1220 2834 1398 2885 ποιεῖ’
1430 2831 1459 2885 ὃ
1510 2831 1744 2903 μάλιστα

161 2913 565 2987 χαρακτηρίζει
603 2915 693 2969 τὸν
740 2914 991 2985 ἀληθινὸν
1022 2916 1188 2982 Θεὸν,
1243 2918 1326 2971 ὅτι
1374 2916 1505 2969 Υίοῦ
1555 2916 1745 2986 Πατήρ

164 3003 312 3054 ἑστι.
336 2999 501 3067 Λέγει
548 2997 709 3067 γοῦν·
770 2998 824 3051 Ὀ
864 2998 1008 3065 Θεὸς
1048 2996 1124 3067 τῇ
1166 3000 1354 3069 σοφίᾳ
1391 2999 1747 3069 ἐθεμελίωσε

165 3083 286 3151 τὴν
316 3079 454 3152 τῆν.
486 3081 596 3135 Kal
634 3080 829 3150 πάλιν,
873 3081 928 3135 '0
962 3083 1104 3149 Θεὸς
1135 3083 1403 3152 ἐποίησα
1417 3081 1611 3152 χώρας
1649 3082 1746 3136 καί

166 3164 494 3231 ἀοικήτους
515 3207 527 3228 ,
549 3164 645 3218 καὶ
668 3164 823 3233 ἄκρα
847 3166 1166 3235 οἰκούμενα
1196 3164 1303 3233 τῆς
1332 3167 1434 3222 ὑπ’
1464 3168 1744 3234 οὐρανόν.

176 3250 397 3304 Ἦνίκα
442 3245 712 3318 ἡτοίμαζε
743 3246 849 3300 τὸν
880 3250 1171 3318 οὐρανὸν,
1204 3249 1613 3319 συμπίιρήμην
1644 3252 1749 3302 αὑ-

169 3333 286 3399 τῷ,
327 3331 425 3386 καί
455 3331 552 3385 ὅτε
581 3329 825 3400 ἀφώριζε
865 3333 972 3385 τὸν
1007 3334 1193 3387 αὑτοῦ
1235 3333 1451 3400 θρόνον
1485 3333 1578 3386 ἐπ’
1615 3330 1749 3386 ἀνέ-

172 3433 337 3486 μων,
370 3415 554 3483 ἡνίκα
599 3414 818 3481 ισχυρὰ
857 3414 1043 3468 ἐποίει
1092 3415 1163 3469 τὰ
1212 3415 1335 3468 ἀνω
1373 3415 1554 3485 νέφη,
1591 3415 1752 3486 ἥμην

175 3501 314 3568 παρ’
337 3496 499 3563 αὐτῷ
540 3496 893 3567 ἁρμόζουσα.
937 3498 1075 3567 Ἐγὼ
1111 3499 1273 3568 ἥμην
1372 3501 1750 3569 προσέχαιρε,

176 3585 310 3638 καθ’
343 3581 573 3651 ἡμέραν
609 3581 677 3634 δὲ
704 3582 1109 3651 εὐφραινόμην
1128 3584 1197 3636 ἐν
1224 3582 1521 3653 προσώπῳ
1545 3583 1751 3637 αὑτοῦ.

177 3666 424 3738 Στροφαὶ
451 3666 622 3734 λόγων
646 3665 888 3737 εἴρηνται
911 3706 925 3730 ,
962 3666 1146 3737 ἐπειδὴ
1178 3668 1422 3739 στρέφων
1451 3684 1534 3730 τις
1561 3668 1757 3731 αὐτοὺς

176 3755 246 3823 τῇ
281 3750 494 3820 διανοίᾳ
517 3791 531 3813 ,
579 3749 783 3817 ἀνοίγει
826 3749 920 3803 καὶ
948 3750 1191 3821 εὑρίσκει
1218 3752 1308 3804 τὸν
1351 3753 1408 3805 ἐν
1451 3752 1635 3815 αὐτοῖς
1664 3752 1758 3819 ἐγ-

180 3836 437 3906 κείμενον
464 3832 608 3887 νοῦν.
641 3827 744 3886 Οἶά
776 3834 881 3885 είσι
906 3849 921 3864 ·
955 3833 1212 3902 Διεσώθη
1241 3834 1361 3889 ἀπὸ
1399 3836 1506 3891 τοῦ
1536 3836 1762 3904 καύμα-

180 3937 288 3985 τος
321 3917 454 3983 υίὸς
482 3918 723 3987 νοήμων
741 3933 754 3946 ·
780 3917 1184 3987 ἀνεμόφθορος
1217 3919 1439 3989 γίνεται
1469 3920 1539 3973 ἐν
1562 3918 1764 3988 ἀμήτῳ

184 4004 318 4068 υίὸς
345 4000 707 4070 παράνομος.
738 4001 848 4055 Kal
872 4000 1054 4063 πάλιν,
1099 4001 1409 4071 Ἑπιμελοῦ
1437 4001 1556 4056 τῶν
1586 4004 1656 4056 ἐν
1682 3999 1763 4066 τῷ

183 4085 377 4153 πεδίῳ
411 4082 657 4153 χλωρῶν
680 4125 694 4149 ,
725 4084 822 4138 καὶ
867 4082 1058 4151 κερεῖς
1097 4086 1255 4139 πόαν
1275 4126 1290 4150 ,
1328 4086 1428 4141 καὶ
1456 4085 1764 4155 συνάγαγε

187 4173 410 4239 χόρτον
432 4169 686 4237 ὀρεινὸν,
717 4169 817 4222 ἵνα
844 4167 991 4237 ἔχῃς
1016 4171 1280 4237 πρόϐατα
1306 4173 1393 4237 είς
1421 4172 1761 4241 ἱματισμόν.

188 4255 301 4308 Καὶ
331 4252 528 4315 πάλιν,
566 4252 706 4305 Ἐὰν
746 4253 1001 4320 καθίσῃς
1026 4251 1293 4307 δειπνεῖν
1328 4254 1426 4307 ἐπὶ
1479 4253 1765 4321 τραπέζης

186 4333 546 4400 δυναστῶν,
591 4331 820 4401 νοητῶς
863 4335 986 4388 νόει
1042 4336 1115 4389 τὰ
1162 4336 1595 4405 παρατιθέμενα
1631 4350 1763 4390 σοι’

190 4420 288 4473 καὶ
342 4417 411 4471 τά
445 4419 606 4487 ὃμοια
653 4416 881 4482 τούτοις.
934 4417 1288 4489 Δικαιοσύνης
1341 4418 1574 4489 ἀληθοῦς
1617 4418 1765 4492 [δη]

191 4503 378 4572 νόησις
417 4502 654 4573 εἴρηται,
677 4501 863 4571 ἐπειδὴ
895 4518 1039 4564 τινες
1073 4501 1385 4571 ὲξειλήφασι
1415 4502 1474 4556 τὸ
1520 4502 1725 4557 δίκαιον
1749 4517 1762 4532 ·

188 4587 301 4642 τῶν
338 4587 437 4658 μὲν
462 4587 727 4654 λεγόντων
752 4626 769 4652 ,
789 4584 1003 4638 Δίκαιόν
1029 4587 1143 4639 ἐστι
1164 4626 1177 4649 ,
1204 4587 1265 4639 τὸ
1296 4586 1597 4640 ἀποδιδόναι
1624 4587 1767 4657 ἆπερ

192 4670 355 4724 ἔλαϐέ
398 4687 482 4733 τις
522 4668 787 4737 φυλάξαι·
839 4668 948 4721 τῶν
997 4668 1086 4736 δὲ,
1117 4669 1176 4722 τὸ
1214 4669 1415 4723 διδόναι
1452 4670 1620 4723 κακὸν
1648 4671 1769 4724 ἀντὶ

194 4753 372 4809 κακοῦ
401 4794 415 4815 ,
468 4754 561 4806 καὶ
608 4752 809 4821 ἀγαθὸν
843 4752 964 4805 ἀντὶ
1002 4751 1229 4821 ἀγαθοῦ.
1270 4753 1560 4824 Συμϐαίνει
1600 4754 1658 4807 δὲ
1695 4753 1769 4825 μὴ

195 4837 446 4909 ἀκριϐεῖς
481 4831 618 4889 εἶναι
649 4836 775 4900 τοὺς
805 4834 1078 4900 τοιούτους
1111 4836 1287 4907 ὄρους.
1319 4837 1411 4907 Μὴ
1446 4838 1605 4909 εἴπῃς
1640 4836 1768 4907 γὰρ,

201 4924 300 4977 Ὃν
330 4920 533 4991 τρόπον
581 4919 850 4989 ἐχρήσατό
900 4935 1011 4990 μοι,
1051 4920 1324 4990 χρήσομαι
1354 4919 1520 4991 αύτῷ,
1553 4921 1773 4990 τίσομαι

197 5006 254 5059 δὲ
280 5004 447 5058 αὐτὸν
490 5003 527 5057 ἆ
568 5018 634 5073 με
661 5001 907 5073 ἠδίκησε.
946 5002 1043 5057 Διά
1078 5002 1236 5056 τοῦτο
1275 4998 1427 5068 οὗτος
1464 5006 1561 5075 τὴν
1600 5005 1774 5077 ἀληθῆ

200 5088 550 5159 εικαιοσύνην
574 5086 814 5140 διδάσκει
856 5086 1096 5150 τούτοις·
1124 5087 1186 5140 τὺ
1218 5088 1415 5159 ἀληθὲς
1442 5088 1646 5144 δίκαιον
1665 5130 1681 5155 ,
1712 5091 1775 5143 τὸ

201 5170 516 5228 ἀποδιδόναι
566 5167 787 5239 ἑκάστῳ
838 5168 898 5221 τὸ
955 5169 1102 5224 ἴδιον.
1155 5170 1620 5240 Προηγουμένως
1662 5172 1777 5241 μὲν

202 5258 343 5326 τίμα
373 5253 485 5307 τὸν
522 5253 740 5320 Κύριον
770 5251 888 5306 ἀπὸ
935 5251 1063 5307 σῶν
1103 5253 1350 5307 δικαίων
1391 5255 1592 5308 πόνων
1616 5294 1630 5318 ,
1678 5256 1777 5310 καὶ

199 5336 486 5407 ἀπάρχου
536 5333 698 5400 αὑτῷ
740 5334 860 5389 ἀπὸ
910 5336 1039 5389 σῶν
1083 5335 1326 5405 καρπῶν
1364 5337 1774 5407 δικαιοσύνης.

206 5423 442 5475 Ἔπειτα
472 5419 608 5489 τίμα
639 5418 877 5489 βασιλέα,
907 5420 1001 5471 καὶ
1032 5421 1142 5480 τοῖς
1182 5420 1281 5491 μὲν
1320 5419 1534 5488 γονεῦσι
1567 5421 1628 5474 τὸ
1648 5422 1783 5477 καθ-

200 5511 338 5578 ῆκον
368 5504 641 5565 ἀποδίδου,
691 5507 802 5566 τοῖς
840 5504 897 5557 δὲ
940 5506 1075 5558 πᾶσι
1112 5505 1173 5558 τὸ
1205 5506 1335 5560 ίσον.
1366 5508 1473 5561 Kal
1498 5502 1649 5573 οὗτος
1684 5509 1782 5580 μὲν

202 5585 283 5655 εἷς
312 5589 507 5652 τύπος.
535 5586 796 5658 Δεύτερος
828 5589 885 5643 δὲ
910 5628 924 5653 ,
954 5589 1194 5644 δικαιοῦν
1235 5590 1333 5661 τὴν
1362 5590 1539 5663 ψυχὴν
1566 5592 1780 5657 ἑαυτοῦ,

201 5675 303 5746 τὴν
338 5674 563 5745 ἰσότητα
596 5671 882 5742 φυλάττειν
907 5713 921 5740 ,
950 5674 1089 5728 ὥστε
1120 5674 1193 5747 μὴ
1225 5675 1426 5730 κλίνειν
1474 5678 1553 5741 είς
1600 5678 1781 5731 ἀνισό-

1195 278 1526 356 SYNOPSIS
1566 290 1980 353 SCRIPTUM
2025 292 2296 352 SACRE.

3283 290 3389 345 37?.

1818 427 1976 481 τητα*
2000 411 2133 464 ἀλλὰ
2164 409 2243 481 τῷ
2271 410 2367 479 μὲν
2397 408 2617 478 λογικῷ,
2644 407 2739 476 Μή
2766 424 2841 461 σε
2864 406 3168 475 καταλάϐῃ
3184 407 3389 477 ,βουλὴ

1820 496 1976 564 κακὴ
2009 535 2024 561 ,
2073 497 2110 563 ἠ
2165 494 2582 549 ἀπολείπουσα
2638 492 3033 545 διδασκαλίαν
3088 492 3389 558 νεότητος,

1819 579 1956 634 ἀλλά
1984 580 2120 650 μετά
2158 578 2351 648 βουλῆς
2378 578 2554 630 πάντα
2593 577 2773 639 ποίει,
2799 577 2892 628 καὶ
2920 577 2969 629 οί
3009 576 3256 645 λογισμοί
3297 594 3392 630 σου

1821 664 2065 717 ἔστωσαν
2091 663 2366 735 κρίματα·
2396 660 2538 713 ὥστε
2569 660 2773 731 κρίνειν
2799 659 2987 713 ἑαυτὸν
3016 658 3264 721 ἕκαστον,
3300 660 3396 713 καὶ

1821 747 1920 819 τὴν
1963 749 2061 818 μὲν
2088 746 2384 816 ἐπιθυμίαν
2412 746 2593 798 πᾶσαν
2624 743 2767 813 ἔχειν
2805 741 3013 813 ἀγαθήν
3034 757 3045 771 '
3090 743 3397 811 Ἐπιθυμία

1823 835 1931 903 γὰρ
1963 831 2209 884 δικαίων
2238 827 2406 882 πᾶσα
2438 825 2630 895 ἀγαθὴ
2652 867 2666 888 ,
2710 825 2807 877 καὶ
2848 825 3128 893 ἐπιθυμία
3159 826 3395 878 δικαίου

1824 914 2025 981 δεκτή.
2060 913 2214 967 Κατὰ
2242 911 2298 964 δὲ
2326 911 2386 963 τὸ
2413 909 2664 980 θυμικὸν,
2695 908 2790 975 Μὴ
2822 908 2943 961 ἴσθι
2971 906 3200 974 ἑταῖρος
3222 906 3394 973 ἀνδρὶ

1825 996 2076 1066 θυμώδει
2098 1038 2112 1059 ,
2140 994 2295 1064 φίλῳ
2334 992 2401 1045 δὲ
2434 993 2649 1060 ὀργίλῳ
2669 990 2754 1061 μὴ
2800 989 3192 1053 συναυλίζου.
3220 991 3398 1042 Ὀλον

1827 1080 1937 1149 γὰρ
1965 1078 2072 1132 τὸν
2094 1076 2284 1147 θυμὸν
2314 1075 2546 1145 ἐκφέρει
2574 1073 2761 1128 αὑτοῦ
2782 1074 2985 1142 ἄφρων
3003 1090 3016 1103 ·
3052 1075 3082 1126 ό
3113 1072 3180 1124 δὲ
3208 1076 3399 1141 σοφὸς

1827 1163 2157 1232 ταμιεύεται
2200 1159 2349 1213 κατὰ
2374 1157 2572 1227 μέρος.
2606 1156 2761 1210 Οὕτω
2805 1157 2862 1210 δὲ
2901 1156 3090 1209 ἑαυτὸν
3124 1154 3399 1227 ῥυθμίζων

1829 1246 2145 1316 ἄνθρωπος,
2179 1244 2275 1313 τὴν
2327 1241 2460 1294 ἰδίαν
2522 1242 2754 1295 ἑκάστου
2817 1240 3016 1311 μέρους
3069 1242 3167 1309 τῆς
3222 1237 3399 1308 ψυχῆς

1830 1327 2028 1398 πρᾶξιν
2059 1326 2187 1396 ὑγιῆ
2237 1324 2332 1379 καὶ
2384 1324 2541 1393 ἀσινῆ
2598 1322 2895 1391 φυλάττων,
2931 1322 3082 1374 ἔσται
3119 1319 3401 1390 γινώσκων

1828 1412 1929 1481 τὴν
1958 1409 2132 1479 ἀληθῆ
2153 1407 2512 1477 δικαιοσύνην.
2529 1406 2787 1476 Κρίματα
2812 1405 2868 1457 δὲ
2893 1402 3239 1457 κατευθύνειν
3263 1402 3400 1463 ἐστὶ,

1833 1486 2256 1567 προηγουμένως
2302 1490 2399 1560 μὲν
2446 1489 2651 1560 κρίνειν
2705 1487 2927 1549 δικαίως
2975 1485 3117 1540 κατά
3160 1486 3251 1539 τὸν
3307 1486 3402 1538 τοῦ

1831 1576 1965 1629 Θεοῦ
2011 1577 2173 1645 νόμον
2198 1614 2213 1638 ,
2252 1574 2326 1637 ῶς
2360 1590 2490 1642 φησι
2515 1589 2528 1602 °
2569 1573 2797 1640 ’Λνοιγε
2851 1569 2968 1625 σύν
3009 1571 3203 1641 στόμα
3245 1569 3406 1638 λόγῳ

1836 1660 1982 1715 Θεοῦ
2006 1699 2021 1723 ,
2055 1660 2151 1711 καὶ
2196 1658 2362 1725 κρῖνε
2394 1656 2623 1721 πάντας
2669 1654 2870 1724 ὑγιῶς.
2901 1654 3170 1724 Διάκρινε
3202 1652 3271 1707 δὲ
3305 1653 3407 1706 πέ-

1833 1762 1984 1811 νητα
2016 1743 2113 1797 καὶ
2145 1740 2393 1809 ἀσθενῆ.
2453 1740 2505 1791 '0
2539 1742 2648 1809 γὰρ
2692 1739 2876 1793 εἰπὼν
2907 1739 3014 1795 τὸν
3061 1737 3250 1807 ἀσεϐῆ
3273 1774 3292 1803 ,
3322 1738 3409 1792 δί-

1834 1828 2002 1893 καιός
2028 1826 2199 1880 ἐστιν
2221 1865 2236 1890 ,
2268 1824 2699 1893 ἐπικατάρατος
2725 1823 2848 1890 τοῖς
2876 1824 3046 1890 λαοῖς
3086 1822 3183 1876 καὶ
3211 1838 3409 1893 μισησ-

1834 1913 1937 1977 τὺς
1968 1912 2055 1976 εἰς
2084 1910 2248 1976 ἔθνη.
2283 1909 2585 1962 Αἱδεῖσθαι
2616 1910 2725 1980 γὰρ
2760 1910 3084 1978 πρόσωπον
3110 1908 3178 1961 ἐν
3216 1907 3409 1974 κρίσει

1835 1997 1908 2049 οὑ
1936 1994 2145 2047 καλόν.
2167 1993 2338 2046 Τοῦτο
2370 1993 2468 2064 μὲν
2494 1995 2558 2046 ὲκ
2592 1993 2685 2045 τοῦ
2708 1992 2939 2063 φανεροῦ
2970 1992 3190 2061 ῥητέον·
3220 1991 3411 2042 ἔπειτα

1836 2079 1893 2132 δὲ
1922 2078 2010 2130 ἵνα
2034 2078 2170 2147 ὅπερ
2199 2077 2417 2147 ἐτέρους
2450 2077 2624 2148 κρίνει
2652 2093 2765 2139 τις,
2808 2075 2965 2129 τοῦτο
2990 2075 3083 2128 καὶ
3115 2075 3194 2137 εἰς
3219 2071 3411 2127 ἑαυτὸν

1836 2162 1898 2216 τὸ
1926 2162 2099 2232 κρίμα
2127 2160 2429 2233 κατευθύνῃ
2449 2199 2465 2224 ,
2494 2159 2587 2213 καὶ
2610 2158 2801 2214 ἑαυτὸν
2823 2158 3117 2229 δοκιμάζῃ,
3145 2154 3411 2224 ἐπιτιμῶν

1843 2246 1940 2316 μὲν
1963 2242 2159 2313 ἐαυτῷ,
2191 2243 2287 2296 ἐὰν
2319 2243 2616 2313 πλεονεκτῇ
2647 2242 2677 2294 6
2717 2242 2919 2313 θυμός·
2956 2240 3163 2310 ἐπέχων
3194 2238 3250 2292 δέ
3273 2280 3288 2304 ,
3316 2236 3412 2290 ὲάν

1840 2327 2139 2398 περισσεύῃ
2183 2328 2216 2397 ὴ
2240 2324 2506 2396 ἐπιθυμία
2527 2342 2541 2357 ο
2574 2325 2852 2396 διεγείρων
2875 2325 2952 2391 δὲ,
2969 2323 3064 2377 ἐὰν
3091 2321 3328 2390 ἀφυπνοῐ
3353 2320 3415 2374 τὸ

1841 2409 2166 2479 λογιστικὸν,
2201 2409 2375 2477 λέγων
2394 2427 2407 2440 ·
2428 2410 2579 2474 Ἕως
2596 2407 3007 2476 πότε,ὀκνηρὲ,
3031 2406 3375 2461 κατάκεισαι
3398 2419 3413 2465 ;

1842 2494 1999 2548 Οὕτω
2030 2492 2138 2564 γὰρ
2164 2492 2355 2546 ἑαυτὸν
2381 2490 2605 2555 δικαίως
2629 2492 2777 2560 άγων
2798 2532 2812 2555 ,
2842 2492 2937 2545 καὶ
2964 2490 3265 2561 κατήγορος
3291 2489 3417 2541 έαυ-

1841 2577 1937 2631 τοῦ
1984 2577 2294 2648 γινόμενος,
2345 2575 2521 2646 κρίμα
2564 2574 2913 2629 κατευθύνειν
2960 2574 3293 2646 μαθήσεται,
3324 2572 3419 2625 xal

1844 2663 1943 2716 οὐκ
1988 2660 2276 2715 ἀκούσεται
2323 2662 2451 2731 παρ’
2487 2660 2702 2731 ἐτέρου·
2761 2662 2814 2713 Ὀ
2856 2659 3159 2714 διδάσκων
3194 2658 3417 2726 ἕτερον,

1846 2747 2106 2801 σεαυτὸν
2135 2746 2207 2798 οὑ
2229 2741 2570 2807 διδάσκειςς
2612 2746 2644 2797 ό
2682 2743 2896 2813 λέγων,
2939 2742 3033 2811 Μὴ
3060 2741 3417 2812 μοιχεύσῃς,

1842 2830 2145 2899 μοιχεύεις
2161 2845 2180 2893 ;
2214 2828 2423 2897 ’Ὠσπερ
2472 2826 2580 2898 γὰρ
2626 2828 2654 2879 6
2706 2826 2903 2879 ὁδεύων
2936 2826 3029 2880 καὶ
3077 2823 3421 2879 κατευθύνων

1846 2915 1948 2985 τὴν
1980 2913 2099 2967 ὁδὸν
2126 2910 2317 2981 φθάνει
2356 2912 2436 2975 εἰς
2481 2911 2543 2963 τὸ
2581 2911 2734 2975 τέλος
2754 2925 2767 2939 ⁸
2799 2910 2971 2975 οὕτως
3016 2913 3044 2964 ό
3077 2907 3422 2963 κατευθύνων

1850 3006 2091 3077 κρίματα
2110 3045 2123 3068 ,
2148 3004 2351 3064 δίκαιος
2375 3002 2749 3072 γνωσθήσεται
2778 3002 2873 3054 καὶ
2902 3002 3081 3070 σοφός.
3114 2997 3425 3069 Παραϐολαὶ

1850 3091 1907 3145 δὲ
1939 3089 2185 3157 λέγονται
2218 3087 2404 3155 λόγοι,
2458 3085 2648 3157 ὥσπερ
2695 3084 2900 3148 εἰκόνες
2940 3083 3051 3137 τῶν
3093 3081 3422 3153 λεγομένων.

1865 3174 1954 3240 Ἐξ
1980 3172 2158 3225 αὐτῶν
2197 3170 2305 3241 γὰρ
2351 3169 2436 3221 διὰ
2463 3169 2562 3238 τὴν
2588 3169 2881 3239 ὁμοιότητα
2908 3168 2970 3220 τὸ
3007 3167 3295 3237 λεγόμενον
3326 3179 3427 3217 κα-

1852 3254 2275 3326 ταλαμϐάνεται.
2334 3252 2490 3305 Οὕτω
2535 3250 2644 3323 γὰρ
2680 3253 2708 3306 6
2756 3250 2958 3321 Κύριος
2995 3248 3215 3318 ἔλεγεν,
3267 3247 3343 3311 ώς
3398 3249 3429 3299 6

1856 3343 2081 3410 Μάρκος
2128 3338 2259 3410 φησί
2294 3354 2306 3368 ο
2343 3336 2464 3391 Τίνι
2508 3334 2777 3406 ὁμοιώσω
2823 3333 2939 3401 τὴν
2964 3333 3294 3399 ,βασιλείαν
3321 3328 3430 3384 τοῦ

1859 3425 2027 3487 Θεοῦ,
2065 3424 2102 3491 ἢ
2132 3424 2202 3476 ἐν
2230 3423 2371 3490 ποίᾳ
2410 3419 2721 3491 παραϐολῇ
2752 3417 3173 3488 παραϐάλωμαι
3205 3413 3431 3483 αὑτήν;

1858 3512 1933 3573 ὤς
1967 3508 2074 3561 τῶν
2105 3506 2245 3559 κατά
2272 3505 2529 3576 ὁμοίωσιν
2566 3503 2872 3574 λεγομένων
2903 3499 3215 3573 παραϐολῆς
3242 3496 3429 3568 ούσης.

1861 3596 1969 3649 Kal
1991 3593 2098 3663 γὰρ
2122 3591 2314 3658 λέγων,
2345 3589 2539 3656 Ὁμοία
2563 3589 2735 3642 ἐστὶν
2761 3588 2796 3655 ή
2824 3585 3112 3651 ,βασιλεία
3135 3584 3239 3637 τοῦ
3262 3580 3430 3645 Θεοῦ,

1863 3678 2084 3750 ὕστερον
2113 3674 2371 3746 ἐπέφερε,
2407 3675 2507 3727 Διὰ
2544 3673 2719 3727 τοῦτο
2747 3672 2817 3725 ἐν
2841 3668 3205 3740 παραϐολαῖς
3232 3666 3435 3732 αὐτοῖς

1863 3761 2049 3817 λαλῶ.
2099 3760 2253 3815 Εἰσὶν
2305 3756 2454 3832 [578]
2505 3751 2596 3810 οὖν
2651 3755 2895 3808 τοιαῦται
2953 3755 3009 3808 al
3072 3751 3378 3823 παραδολαί
3417 3766 3432 3781 ο

1867 3848 2094 3915 Ὥσπερ
2116 3845 2326 3911 ἔξοδος
2356 3842 2559 3912 χιόνος
2586 3842 2655 3895 ἐν
2682 3838 2883 3910 ἀμητῷ
2914 3838 3262 3907 κατάκαυμα
3285 3837 3435 3905 ὠφε-

1864 3930 1997 3995 λεῖ,
2037 3929 2222 3994 οὑτως
2249 3926 2502 3997 ἅγγελος
2542 3922 2755 3988 πιστὸς
2797 3921 2939 3988 τοὺς
2962 3921 3438 3983 ἀποστείλαντας

1867 4014 2074 4067 αὑτόν.
2105 4011 2215 4063 Καὶ
2260 4009 2422 4063 πάλιν
2447 4023 2460 4037 ·
2501 4007 2724 4073 Ὠσπερ
2752 4005 2977 4073 ἄνεμοι,
3014 4003 3111 4059 καί
3139 4003 3311 4071 νέφη,
3340 4000 3440 4053 καὶ

1867 4094 2061 4157 ὑετοὶ,
2107 4093 2293 4159 οὕτως
2329 4095 2383 4146 οἱ
2439 4090 2805 4159 καυχώμενοι
2838 4090 2933 4142 ἐπὶ
2974 4088 3141 4142 δόσει
3189 4084 3435 4155 ψευδεῢ

1870 4179 1964 4233 καὶ
2000 4177 2069 4230 τά
2097 4177 2258 4245 ὅμοια
2295 4174 2523 4236 τούτοις.
2577 4174 2789 4241 Ῥήσεις
2831 4172 2889 4225 δὲ
2940 4169 3119 4241 σοφῶν
3157 4171 3261 4223 εἰσι
3290 4168 3441 4236 λόγοι

1870 4262 1930 4315 οὐ
1966 4258 2365 4329 σεσοφισμένοι,
2396 4255 2516 4309 οὐδὲ
2543 4257 2600 4308 ἐν
2627 4254 2705 4325 τῷ
2730 4254 2941 4325 πιθανῷ
2961 4253 3305 4317 ἀπατῶντες,
3325 4249 3441 4304 ἀλλ’

1870 4343 2237 4417 ⁴ὴκριϐωμένοι
2259 4358 2273 4374 ο
2301 4340 2399 4410 οὐχ
2430 4340 2505 4404 ὼς
2543 4339 2684 4393 κατά
2718 4338 3013 4411 πρόσταξιν
3048 4338 3104 4392 δὲ
3137 4336 3441 4407 λεγόμενοι,

1873 4431 1985 4487 ἀλλ’
2021 4430 2097 4493 ὡς
2126 4428 2253 4498 παρ’
2290 4424 2470 4480 αὐτῶν
2503 4423 2834 4492 γνωσθέντες
2858 4464 2872 4486 ,
2911 4425 3005 4478 xal
3035 4423 3110 4487 ὡς
3142 4422 3444 4489 ἀποφάσεις

1876 4514 2054 4570 αὐτῶν
2088 4510 2515 4584 προσφερόμενοι
2543 4526 2556 4538 ·
2587 4503 2688 4561 οἷοί
2722 4509 2859 4561 εἰσι’
2904 4507 3160 4574 Καρδίας
3203 4509 3445 4574 εὐφραι-

1875 4596 2130 4668 νομένης
2150 4638 2163 4659 ,
2188 4596 2510 4663 πρόσωπον
2536 4592 2742 4646 θάλλει
2763 4608 2777 4624 ·
2801 4592 2870 4645 ἐν
2888 4591 2955 4643 δὲ
2983 4593 3204 4656 λύπαις
3231 4590 3444 4656 οὑσης.

1876 4677 2301 4750 σκυθρωπάζει.
2337 4679 2465 4742 Kal,
2500 4676 2717 4745 Καρδία
2759 4674 2901 4744 ὀρθὴ
2936 4673 3092 4741 ζητεῖ
3119 4673 3445 4738 αἴσθησινο

1879 4766 2073 4832 στόμα
2099 4763 2167 4817 δὲ
2195 4761 2565 4817 ἀπαιδεύτων
2594 4759 2881 4829 γνώσεται
2911 4755 3084 4810 κακά.
3106 4756 3233 4814 Καὶ,
3257 4754 3449 4818 Μῐσος

1878 4850 2086 4919 ἐγείρει
2118 4847 2349 4910 νεῖκος’
2388 4843 2619 4907 πάντας
2655 4840 2724 4894 δὲ
2762 4840 2899 4905 τοὺς
2923 4839 3008 4907 μὴ
3033 4835 3449 4919 φιλονεικοῦν-

1878 4918 1986 4997 τας
2016 4929 2305 4983 καλύπτει
2341 4926 2531 4994 φιλία.
2577 4926 2721 4988 Καὶ,
2758 4926 2855 4988 Ὃς
2895 4920 3255 4991 καταφρονεῖ
3299 4918 3450 4988 πρά-

1881 5030 2102 5086 γματος
2125 5052 2141 5075 ,
2174 5009 2765 5081 καταφρονηθήσεται
2786 5008 2886 5063 ὑπ’
2921 5005 3137 5060 αὑτοῦ·
3170 5007 3203 5058 ό
3240 5003 3309 5057 δὲ
3346 5022 3456 5073 φο-

1884 5098 2168 5166 ϐούμενος
2205 5092 2485 5161 ἐντολὴν,
2526 5089 2704 5159 οὗτος
2745 5091 3018 5160 ὑγιαίνει.
3054 5088 3173 5142 Τῶν
3210 5090 3309 5157 μὲν
3347 5088 3455 5155 γὰρ

1884 5182 2057 5236 ἄλλων
2106 5176 2406 5249 ἀνθρώπων
2449 5177 2497 5229 οἱ
2543 5176 2690 5245 λόγοι
2721 5174 2858 5229 κατὰ
2889 5174 3136 5228 πλεῖστον
3166 5170 3457 5249 ἀμφίϐολοι

1885 5248 2239 5333 τυγχάνουσιν
2264 5262 2413 5325 ὄντες
2436 5279 2449 5291 ο
2478 5262 2525 5314 οἱ
2549 5261 2604 5313 δὲ
2637 5260 2742 5312 τῶν
2772 5258 2970 5327 σοφῶν,
3001 5254 3102 5311 οἷοί
3127 5259 3264 5310 εἰσιν
3287 5248 3455 5314 οὗτοι,

1888 5347 2102 5418 ἀληθεῖς
2155 5349 2330 5409 εἰσιν,
2369 5344 2461 5397 xal
2513 5344 2849 5415 πανταχόθεν
2897 5341 3264 5413 ὴκρίϐωνται.
3316 5337 3459 5390 ὥστε

1893 5432 2025 5503 μηδὲ
2063 5428 2437 5498 ἀντιλέγεσθαι
2467 5427 2683 5491 αὐτούς.
2723 5426 2830 5480 Καὶ
2856 5427 2903 5478 οἱ
2941 5426 3039 5496 μὲν
3074 5422 3222 5481 ἄλλοι
3252 5420 3461 5503 ἀνθρω-

1890 5499 1981 5569 ποι
2016 5514 2123 5568 ἀπὸ
2178 5512 2271 5566 τοῦ
2328 5513 2511 5575 τέλους
2544 5510 2866 5583 γνωρίζουσι
2920 5509 2982 5561 τὸ
3036 5509 3299 5577 πρᾶγμα·
3351 5499 3464 5558 οἷόν

1892 5602 2058 5659 ἐστιν,
2088 5598 2168 5650 ὅτι
2203 5599 2231 5650 6
2255 5595 2435 5659 ἄδικος
2459 5593 2658 5665 φαῦλός
2698 5596 2844 5656 ἐστι,
2873 5592 2967 5645 καὶ
2989 5592 3017 5643 ό
3052 5590 3237 5660 μοιχὸς
3272 5588 3331 5642 ού
3362 5606 3463 5641 κα-

1891 5683 1981 5745 λός
2004 5699 2017 5713 ·
2048 5678 2208 5734 τοῦτο
2254 5678 2308 5732 δὲ
2363 5680 2453 5731 καὶ
2501 5678 2661 5731 παντὶ
2689 5675 2843 5745 δῆλον
2882 5674 2946 5728 ἂν
2976 5673 3078 5743 εἴη.
3116 5674 3176 5724 υἱ
3225 5671 3280 5725 δὲ
3310 5671 3464 5740 σοφοὶ
