3722 6274
325 284 432 320 Oli)

313 376 414 439 τὰς
452 375 627 446 ἀρχὰς
671 376 777 431 τῶν
833 379 1084 450 πράξεων
1137 383 1527 453 προλέγουσιν,
1563 386 1629 441 ἵν’
1659 386 1887 448 ἕκαστος

315 466 596 533 γινώσκων
644 468 743 532 τὰς
776 469 951 541 ἀρχὰς
993 473 1101 525 τῶν
1146 476 1332 529 κακῶν
1370 477 1704 547 φυλάττηται
1726 518 1742 542 ,
1792 479 1887 532 zeal

314 548 501 619 ὥσπερ
530 548 796 631 σύμϐολον
824 553 931 606 τῶν
960 554 1062 625 τῆς
1088 557 1265 627 ψυχῆς
1302 560 1621 630 κινημάτων
1670 576 1888 631 «apar-

316 631 614 700 γέλλουσιν,
652 628 739 687 οἶά
770 635 887 689 ἐστι
920 636 988 690 τὰ
1018 641 1387 711 προειρημένα
1411 628 1652 708 ’νΜῖσος
1678 628 1888 712 ἐγείρει

313 715 512 780 νεῖκος
537 755 552 777 ,
584 715 812 783 πάντας
844 718 912 771 δέ
956 723 1096 787 τοὺς
1122 724 1208 792 μὴ
1254 724 1745 793 φιλονεικοῦντας
1782 743 1885 780 zea-

313 797 524 879 λύπτει
555 801 743 866 φιλία.
789 801 846 853 '0
886 803 993 874 γὰρ
1036 805 1246 876 φίλερις
1288 808 1398 860 ἀπὸ
1425 808 1613 876 μίσους
1647 808 1756 878 ἔχει
1791 807 1885 879 τὴν

313 878 488 950 ἀρχὴν
538 882 635 950 τῆς
684 882 937 955 τοιαύτης
972 888 1203 953 κακίας,
1236 891 1332 943 καὶ
1374 893 1473 943 οὐκ
1506 891 1570 945 ἄν
1612 909 1693 955 τις
1743 878 1885 944 εἴποι

312 963 533 1033 ἀγαπᾷν
566 964 655 1019 τὸν
688 965 1111 1034 φιλονεικοῦντα.
1136 972 1301 1026 Πάλιν
1331 973 1387 1025 δὲ
1418 976 1482 1027 ἐκ
1515 974 1607 1027 τοῦ
1643 976 1885 1029 ἐναντίου

308 1048 341 1097 ὁ
359 1046 438 1117 μὴ
465 1046 802 1115 φιλονεικῶν,
827 1050 1114 1122 γνώρισμα
1140 1055 1356 1126 ἀγάπης
1389 1057 1517 1126 ἔχει.
1555 1059 1662 1111 Kal
1689 1059 1790 1112 οὐκ
1820 1058 1887 1112 ἀν

312 1145 395 1192 τις
425 1129 566 1183 εἴποι
590 1131 889 1199 φιλόνεικον
912 1135 1001 1189 τὸν
1022 1138 1316 1205 ἀγαπῶντα
1338 1157 1349 1169 ·
1382 1142 1454 1205 ὡς
1484 1142 1644 1195 πάλιν
1674 1142 1755 1204 τὸ,
1786 1143 1888 1197 Ἐν

313 1212 648 1283 ἐπιθυμίαις
692 1217 820 1270 ἐστὶ
854 1217 973 1285 πᾶς
1012 1221 1251 1291 ἀεργός·
1298 1226 1392 1278 zeal
1435 1224 1554 1292 πᾶς
1587 1226 1886 1295 ὀξύθυμος

315 1297 573 1381 πράσσει
585 1298 736 1366 μετά
754 1301 1171 1370 ἀϐουλίας.Τοῦ
1192 1309 1298 1378 γὰρ
1315 1309 1512 1379 ἀεργοῦ
1532 1310 1629 1378 ὲσή
1638 1326 1772 1380 μανε
1788 1308 1887 1381 τὴν

314 1378 490 1451 ψυχὴν
509 1382 567 1434 ὲν
588 1382 787 1448 πάσαις
807 1385 1122 1457 ἐπιθυμίαις
1136 1378 1468 1457 βεὸυθίσθαι,
1485 1394 1579 1446 καὶ
1595 1378 1685 1446 τόν
1703 1378 1889 1459 ὀξύθυ-

319 1480 420 1547 μον
442 1465 709 1535 μηδεμίαν
730 1467 918 1536 ἔχοντα
938 1471 1133 1543 βουλὴν
1162 1473 1321 1545 ὀρθὴν
1344 1476 1599 1547 ἐδήλωσε.
1623 1478 1732 1531 Kal
1750 1476 1887 1540 ὅλως

314 1540 461 1600 οὗτοι
489 1548 555 1601 τὰ
586 1548 751 1618 ἠθικά
783 1552 982 1621 μᾶλλον
1010 1540 1434 1623 ἀπαγγέλλουσι,
1468 1560 1565 1630 τὴν
1586 1561 1759 1630 ἀρχὴν
1787 1560 1887 1629 τῆς

317 1629 719 1700 πράξεως,ὄθεν
738 1634 1386 1707 συνίστανται,λέγοντες,
1408 1643 1486 1695 ὅτι
1508 1644 1604 1714 τῆς
1628 1645 1724 1713 μὲν
1746 1644 1889 1711 φιλο·

318 1715 521 1777 νεικίας
543 1721 859 1788 προηγεῖται
885 1720 1037 1789 μῖσος
1057 1738 1069 1751 ·
1094 1722 1187 1775 τοῦ
1210 1723 1264 1775 δὲ
1291 1725 1363 1796 μὴ
1383 1724 1702 1793 φιλονεικεῖν
1727 1744 1889 1797 προη-

316 1801 490 1865 γεῖται
512 1799 721 1872 ἀγάπη,
752 1803 844 1855 zeal
875 1803 974 1874 τῆς
1005 1805 1103 1875 μὲν
1129 1806 1355 1877 ἀεργίας
1380 1812 1697 1879 προηγεῖται
1726 1810 1886 1881 ἡδονὴ

318 1886 492 1953 κακή·
521 1884 611 1937 τοῦ
638 1885 695 1938 δὲ
727 1883 996 1957 ὀξυθύμου
1027 1895 1345 1960 προηγεῖται
1375 1891 1627 1947 ἀϐουλία·
1663 1897 1757 1949 καὶ
1794 1896 1885 1949 τοῦ

319 1970 417 2038 μὲν
452 1969 868 2043 ὲξουθενημένου
901 1975 1041 2046 ἀρχή
1078 1978 1191 2031 ἐστι
1223 1980 1283 2031 τὸ
1315 1984 1674 2051 καταφρονεῖν
1724 1982 1888 2035 αὐτὸν

316 2051 409 2104 τοῦ
449 2054 611 2123 νόμου
636 2069 651 2085 ⁸
677 2056 775 2124 τῆς
813 2057 871 2109 δὲ
916 2058 1101 2127 ὑγείας
1154 2065 1474 2132 προηγεῖται
1521 2065 1550 2116 ὁ
1581 2063 1744 2131 φόϐος
1792 2063 1886 2116 τοῦ

316 2136 449 2190 Θεοῦ
476 2155 488 2166 ·
527 2140 620 2192 zeal
646 2139 743 2208 τῆς
775 2142 875 2209 μὲν
907 2143 1179 2207 ἀπωλείας
1211 2146 1308 2216 τῆς
1340 2145 1518 2216 ψυχῆς
1555 2150 1703 2200 ἐστιν
1744 2147 1887 2217 ἀρχὴ

314 2220 375 2272 τὸ
413 2220 719 2287 ἀφύλακτον
757 2223 899 2293 ἔχειν
928 2224 989 2278 τὸ
1011 2228 1183 2297 στόμα
1205 2245 1219 2259 ’
1250 2228 1341 2282 τοῦ
1377 2230 1431 2283 δὲ
1466 2232 1740 2286 πτοεῖσθαι
1768 2249 1887 2285 τινα

318 2306 637 2387 προηγεῖται
665 2306 697 2375 ἡ
727 2306 1042 2378 προπέτεια.
1071 2310 1226 2365 Οὕτω
1244 2313 1301 2366 δὲ
1329 2314 1563 2386 ἑκάστην
1588 2318 1745 2387 ρῆσιν
1766 2318 1889 2370 ἀνα-

316 2385 477 2469 λὲων,
502 2388 751 2458 εὑρήσεις
774 2391 1070 2463 εἰρημένην
1090 2395 1182 2448 zeal
1207 2385 1598 2469 γεγραμμένην
1627 2399 1767 2469 ὑπὲρ
1794 2399 1888 2455 τοῦ

316 2468 439 2530 τοὺς
466 2469 761 2536 ἀκούοντας
798 2475 891 2526 καὶ
925 2475 1291 2544 μανθάνοντας
1323 2480 1420 2542 τὰς
1444 2481 1617 2551 ἀρχάς
1646 2468 1755 2534 τῶν
1790 2499 1888 2535 καθ

319 2549 429 2602 κῶν
463 2553 684 2638 καὶτῶν
718 2555 958 2622 ἀγαθῶν,
1005 2560 1226 2629 φεύγειν
1261 2565 1359 2632 μὲν
1387 2564 1453 2617 τὰ
1482 2549 1680 2633 φαῦλα,
1713 2566 1887 2638 πράτ-

316 2649 430 2720 τειν
456 2636 511 2689 δὲ
544 2638 611 2691 τὰ
636 2638 834 2707 ἀγαθά.
880 2642 1186 2713 Αίνίγματα
1209 2646 1264 2699 δὲ
1294 2647 1387 2701 καὶ
1424 2651 1686 2703 σκοτεινοὶ
1717 2636 1886 2720 λόγοι,

318 2718 509 2782 οἵτινες
542 2720 800 2790 ἀσφαλεῖς
833 2725 931 2795 μὲν
957 2726 1127 2791 οὕτως
1152 2729 1308 2795 είσὶν,
1337 2730 1474 2784 ὥστε
1506 2733 1660 2803 ἀνιᾷν
1684 2734 1774 2788 τὸν
1792 2718 1890 2788 γὲν-

317 2804 649 2873 τυγχάνοντα
677 2807 736 2860 τὸ
772 2809 936 2879 μηδὲν
969 2810 1271 2881 ἐμφαίνειν,
1316 2817 1447 2886 μηδέ
1476 2834 1595 2870 τινα
1636 2819 1889 2874 ὑπόνοιαν

319 2886 612 2956 παρέχειν⁹
664 2890 1021 2962 ὲρευνώμενοι
1065 2895 1122 2948 δὲ
1166 2896 1312 2966 ὅμως
1352 2899 1654 2955 δεικνύουσι
1696 2902 1786 2956 τὸν
1834 2906 1891 2957 ἐν

319 2970 500 3056 αὐτοῖς
532 2969 677 3026 νοῦν.
708 2968 822 3027 Οἷοί
851 2978 987 3030 είσι’
1024 2976 1107 3045 Τῇ
1127 2980 1365 3049 βδέλλῃ
1396 2984 1549 3051 τρεῖς
1575 2987 1892 3056 θυγατέρες

318 3049 499 3121 ἦσαν,
551 3056 848 3126 ἀγαπήσει
897 3062 1306 3132 άγαπώμεναι·
1341 3049 1437 3121 zeal
1491 3049 1550 3122 αἱ
1598 3071 1751 3138 τρεῖς
1781 3068 1891 3128 αὖ·

318 3154 410 3189 ται
438 3146 478 3202 ⁸,
522 3139 618 3193 zeal
643 3142 679 3209 ἡ
708 3142 953 3213 τετάρτη
978 3148 1088 3201 οὐκ
1114 3149 1379 3218 ἠρκέσθη
1403 3152 1610 3214 εἰπεῖν,
1643 3154 1887 3211 Ἱκανόν.

321 3219 525 3307 ᾍδης,
554 3223 650 3276 zeal
690 3225 838 3294 ἔρως
878 3231 1179 3297 γυναικὸς,
1212 3233 1310 3286 zeal
1352 3236 1658 3304 τάρταρος,
1688 3238 1784 3291 zeal
1814 3237 1889 3307 γῆ

316 3306 426 3390 ούκ
454 3305 868 3390 ἐμπιπλαμένη
898 3311 1047 3384 [579]
1070 3312 1305 3382 ὕδατος,
1332 3317 1430 3370 zeal
1460 3316 1615 3388 ὕδωρ
1645 3321 1740 3374 zeal
1772 3305 1891 3390 πῦρ

317 3387 389 3440 ού
414 3387 500 3455 μὴ
531 3390 801 3454 εἴπωσιν,
840 3393 1044 3463 Ἀρκεῖ.
1080 3399 1188 3451 Καὶ
1228 3399 1416 3453 πάλιν·
1452 3400 1585 3468 Τρία
1624 3403 1688 3456 δέ
1724 3387 1893 3458 ἐστιν

318 3469 584 3525 ἀδύνατά
609 3490 711 3542 μοι
749 3474 989 3544 νοῆσαι,
1018 3480 1116 3533 zeal
1147 3480 1214 3533 τὸ
1248 3482 1529 3551 τέταρτον
1555 3486 1664 3539 οὐκ
1704 3488 1890 3556 ἐπιγιο

316 3553 529 3639 νώσκω
549 3572 565 3586 ο
599 3557 737 3626 ίχνη
776 3558 954 3614 ἀετοῦ
983 3562 1329 3632 πετομένου,
1360 3567 1457 3620 zeal
1494 3567 1677 3635 ὀδοὺς
1704 3553 1892 3639 ὄφεως

316 3635 414 3721 ἐπὶ
438 3636 680 3721 πέτρας,
712 3640 812 3694 zeal
838 3644 1074 3711 τρίϐους
1089 3644 1235 3715 νηὸς
1254 3635 1769 3721 ποντοπορούσης,
1793 3635 1892 3710 zeal

320 3718 499 3786 ὁδοὺς
525 3721 745 3790 ἀνδρὸς
777 3723 847 3777 ἐν
893 3729 1161 3796 νεότητι’
1192 3731 1288 3785 zeal
1329 3732 1431 3786 ὅσα
1471 3718 1892 3793 τοιαῦτά-ἐστιν

318 3806 615 3895 αἰνίγματα
639 3826 652 3839 ’
688 3811 851 3884 ἔτερα
870 3815 976 3886 γάρ
1006 3833 1125 3870 τινα
1150 3816 1319 3888 δηλοῖ,
1343 3822 1435 3875 zeal
1464 3822 1550 3876 ἑτέ
1560 3841 1666 3895 ρων
1688 3824 1892 3880 ἔννοιαν

319 3889 615 3977 παρίστησι
639 3910 661 3977 ’ν
701 3895 795 3948 καὶ
842 3897 1028 3969 ἀσαφῆ
1079 3901 1177 3971 μέν
1221 3904 1357 3967 ἐστι,
1411 3889 1788 3977 κεκρυμμένον
1836 3909 1893 3964 δὲ

317 3972 432 4061 ger.
470 3976 560 4030 τὸν
589 3976 735 4033 νοῦν.
778 3982 888 4036 Καὶ
918 3984 951 4054 ἡ
987 3984 1086 4055 μὲν
1132 3988 1358 4061 περιοχὴ
1405 3990 1498 4044 τοῦ
1515 3972 1737 4061 ⁷βιϐλίου
1784 3994 1892 4049 τῶν

318 4058 633 4132 Παροιμιῶν
663 4064 850 4119 τοῦτον
883 4068 994 4139 ἔχει
1028 4069 1118 4125 τὸν
1149 4058 1369 4144 τρόπον..

401 4144 465 4197 Ἦ
501 4146 557 4200 δὲ
584 4149 1052 4220 ἀνακεφαλαίωσις
1087 4157 1146 4209 ὲν
1188 4156 1415 4223 τούτοις.
1459 4160 1547 4214 Ἐν
1587 4162 1891 4234 προοιμίοις

317 4234 445 4305 περὶ
464 4234 642 4290 αὐτῶν
662 4238 769 4292 τῶν
792 4243 1098 4313 παροιμιῶν
1118 4247 1506 4316 Σολομῶντος
1527 4249 1660 4304 υίοῦ
1686 4250 1889 4316 Δαυίδ,

316 4320 384 4388 ὃς
403 4322 761 4381 ἐϐασίλευσε
775 4327 845 4381 ἐν
871 4329 1287 4403 Ἰερουσαλὴμ,
1310 4335 1415 4390 τοῦ
1432 4337 1649 4407 γνῶναι
1666 4340 1892 4409 σοφίαν

315 4410 415 4462 zeal
442 4411 734 4466 παιδείαν.
753 4415 863 4468 Kal
889 4416 969 4469 ὅτι
1000 4418 1179 4488 Ἀρχὴ
1205 4422 1424 4490 σοφίας
1442 4425 1627 4492 φόϐος
1646 4427 1887 4495 Κυρίου.

316 4495 453 4581 Περὶ
483 4498 576 4550 τοῦ
607 4499 826 4555 ἀκούειν
857 4502 1054 4573 νόμους
1089 4506 1311 4577 πατρὸς,
1343 4509 1436 4561 καὶ
1464 4511 1539 4581 μὴ
1568 4512 1890 4568 ἀπώσασθαι

315 4580 550 4672 θεσμοὺς
580 4587 803 4658 μητρός.
836 4590 971 4661 Περὶ
990 4590 1084 4645 τοῦ
1112 4592 1186 4665 μὴ
1212 4580 1565 4667 πλανηθῆναι,
1590 4599 1726 4670 μηδὲ
1754 4618 1891 4672 συμ-

314 4671 641 4743 πορεύεσθαι
684 4675 837 4742 όδοὺς
887 4679 1025 4750 μετά
1074 4680 1181 4735 τῶν
1235 4682 1627 4739 συντελούντων
1676 4686 1887 4759 ἄνομα·

311 4760 488 4815 κοινὸν
520 4763 628 4836 γάρ
666 4763 947 4835 βαλάντιον
990 4769 1303 4841 κέκτηνται.
1341 4772 1463 4827 ’Ότι
1494 4775 1655 4847 σοφία
1689 4777 1746 4829 ὲν
1771 4775 1888 4843 €56-

309 4847 424 4939 δοις
445 4849 715 4922 ὑμνεῖται,
750 4854 968 4922 ἀσεϐεῖς
994 4856 1051 4911 δὲ
1081 4859 1349 4931 ἐμίσησαν
1370 4861 1641 4934 αἴσθησιν.
1670 4864 1887 4939 Ἐπειδὴ

310 4935 557 5002 ἐκάλουν,
605 4940 702 4993 zeal
750 4942 846 5012 οὐχ
882 4942 1198 5014 ὑπήκουσάν
1241 4964 1363 5018 μου,
1411 4948 1499 5003 διά
1536 4949 1715 5016 τοῦτο,
1760 4935 1888 5007 ὅταν

310 5023 645 5078 καλέσωνταί
684 5044 773 5098 με,
802 5031 899 5101 οὐχ
933 5033 1311 5105 ὑπακούσομαι
1356 5036 1553 5090 αὐτῶν.
1588 5040 1723 5110 Περὶ
1766 5039 1885 5104 τοῦ,

310 5110 500 5196 Δέχου
524 5113 741 5179 ῥήσεις
769 5115 1053 5182 ἐντολῶν,
1085 5120 1182 5175 καί
1216 5123 1634 5181 είσακούσεται
1668 5127 1889 5196 σοφίας

307 5195 375 5249 τὸ
395 5192 504 5263 οὖς
519 5214 654 5262 σου,
671 5200 770 5253 ἵνα
786 5203 1067 5273 συνήσῃς
1077 5205 1469 5275 δικαιοσύνην
1488 5211 1586 5266 zeal
1599 5192 1794 5284 κρίμα.
1814 5192 1889 5268 Ὦ

308 5284 364 5337 οί
384 5287 813 5352 καταλιπόντες
846 5290 1023 5357 ὀδοὺς
1048 5294 1303 5359 εὐθείας,
1333 5296 1431 5349 zeal
1461 5299 1771 5368 χαίροντες
1789 5302 1888 5356 ἐπὶ

308 5370 646 5444 διαστροφῇ
673 5374 847 5445 κακῇ.
873 5377 1006 5450 Περὶ
1022 5378 1137 5442 τοῦ,
1155 5379 1248 5444 Μή
1268 5396 1342 5435 σε
1361 5386 1667 5455 καταλάϐῃ
1681 5388 1885 5459 ,Βουλίῃ

308 5460 486 5532 κακὴ,
512 5464 613 5519 ἵνα
636 5464 818 5535 εὕρῃς
847 5466 1082 5535 τρίϐους
1109 5467 1499 5540 δικαιοσύνης
1536 5474 1725 5541 λείας.
1752 5475 1886 5548 Περὶ

376 5738 399 5766 ⁸
415 5728 603 5799 Snpple
626 5750 656 5787 ε
682 5737 805 5789 Bibl.
830 5741 918 5790 οὐκ
944 5741 1290 5806 ἐνεπίμπλασαν
1312 5746 1476 5807 αὐτήν.

1004 263 1060 320 S.
1100 263 1386 324 JOANNIS
1422 266 1921 328 οηιιγεοετοιιι
1955 264 2272 328 ARCHIEP.
2310 268 2860 332 CONSTANTINOP.

3468 277 3573 334 ττι

1996 386 2091 442 τοῦ
2121 388 2196 460 μὴ
2217 389 2668 445 ἐπιλανθάνεσθαι
2690 407 2750 443 σε
2777 391 3007 461 τήρησιν
3036 389 3222 461 νόμου,
3250 392 3338 446 ἵνα
3369 411 3576 464 μακρο-

1996 473 2202 548 6ιώσῃς
2242 477 2301 529 ὲν
2333 478 2545 548 εἰρήνη.
2590 477 2726 547 Περὶ
2764 476 2859 530 τοῦ
2908 472 3045 531 εἶναί
3085 496 3143 531 σε
3178 480 3575 535 πεποιθόταὶν

1994 562 2091 634 ὅλῃ
2122 562 2318 635 καρδίᾳ
2345 564 2436 617 ἐπὶ
2454 563 2595 634 Θεῷ,
2617 565 2711 619 zeal
2733 566 2808 635 μὴ
2832 562 2973 619 εἶναι
2997 567 3257 637 φρόνιμον
3285 572 3417 638 παρ’
3446 572 3575 622 ἑαυ-

1994 650 2092 720 τῷ,
2123 651 2258 705 ἀλλά
2292 653 2458 723 τιμᾷν
2485 652 2577 705 τὸν
2603 652 2805 723 Κύριον
2834 654 2942 707 ἀπὸ
2973 655 3077 707 τῶν
3117 655 3340 709 δικαίων
3373 659 3573 713 πόνων.

1955 749 1969 759 ’
1996 738 2133 810 Περὶ
2162 740 2256 793 τοῦ
2307 738 2383 809 μὴ
2427 739 2709 811 ὀλιγωρεῖν
2739 741 2988 805 παιδείας
3031 740 3232 812 Κυρίου
3256 762 3269 776 ο
3313 747 3423 797 Ὃν
3464 749 3574 815 γὰρ

1994 825 2195 896 ἀγαπᾷ
2215 828 2449 894 Κύριος,
2478 826 2763 882 παιδεύει.
2796 828 2927 894 Καὶ,
2949 829 3246 897 Μακάριος
3261 829 3574 899 ἄνθρωπος

1995 915 2064 983 ὃς
2095 916 2241 985 εὕρῃ
2292 918 2537 987 σοφίαν.
2576 918 2713 989 Περὶ
2756 916 2851 970 τοῦ
2904 919 2978 989 μὴ
3023 920 3440 991 Μραρῤύεσθαί
3485 939 3569 983 σε,

1994 1002 2130 1057 ἀλλά
2169 1006 2355 1076 τηρεῖν
2400 1003 2593 1075 βουλὴν
2633 1005 2725 1059 καὶ
2763 1004 2987 1069 ἔννοιαν,
3022 1006 3108 1059 ῐνα
3135 1006 3288 1061 ἔσται
3332 1008 3476 1072 ἴασις
3505 1012 3572 1081 τῇ

1997 1091 2159 1161 σαρκί
2198 1109 2313 1146 σου.
2343 1091 2479 1163 Περὶ
2502 1089 2597 1144 τοῦ
2632 1089 2706 1163 μὴ
2744 1092 3077 1163 ἀποσχέσθαι
3108 1091 3166 1148 εὖ
3192 1098 3366 1148 ποιεῖν
3394 1097 3571 1165 ἐνδεῆ,

1993 1178 2155 1250 ἡνίκα
2186 1178 2253 1233 ἂν
2284 1178 2380 1250 ἔχῃ
2415 1179 2450 1249 ἡ
2493 1178 2613 1248 χείρ
2646 1196 2737 1231 σου
2766 1178 2999 1251 βοηθεῖν.
3034 1180 3163 1245 Καὶ,
3200 1183 3291 1252 Μὴ
3322 1183 3572 1236 τέκταινε

1995 1269 2088 1321 ἐπὶ
2114 1268 2192 1338 σῷ
2211 1265 2347 1339 φίλῳ
2369 1267 2531 1332 κακὰ,
2555 1269 2635 1321 ὅτι
2662 1268 2966 1338 ἀκάθαρτος
2987 1269 3212 1326 ἐνώπιον
3231 1271 3437 1341 Κυρίου
3464 1274 3572 1334 πᾶς

1995 1357 2328 1427 παράνομος.
2361 1355 2505 1419 Ὅτι,
2539 1355 2754 1423 Κύριος
2788 1355 3189 1426 ὑπερηφάνοις
3217 1358 3571 1412 ἀντιτάσσε-

1995 1461 2110 1507 ται,
2140 1443 2441 1510 ταπεινοῖς
2469 1443 2536 1497 δὲ
2562 1443 2921 1513 μεταδίδωσι
2949 1445 3141 1515 χάριν.
3176 1445 3285 1499 Kal
3322 1446 3449 1515 περὶ
3478 1444 3571 1497 τοῦ

1997 1531 2213 1585 ἀκούειν
2244 1531 2488 1596 παιδείας
2513 1532 2736 1603 πατρός.
2770 1532 2904 1603 Περὶ
2941 1531 3058 1597 τοῦ,
3089 1531 3200 1595 Υἱὲ,
3237 1532 3351 1602 ἐμῇ
3387 1532 3571 1601 ῥήσει

1996 1621 2276 1688 πρόσεχε,
2312 1618 2412 1674 zeal
2461 1618 2627 1688 πάσῃ
2658 1615 2905 1689 φυλακῇ
2942 1619 3104 1688 τήρει
3140 1620 3265 1688 σὴν
3293 1620 3571 1686 καρδίαν,

1996 1708 2089 1760 zeal
2117 1708 2320 1779 Κύριος
2357 1706 2524 1778 ὀρθὰς
2552 1708 2764 1778 ποιήσει
2794 1706 2890 1771 τὰς
2926 1705 3148 1777 τροχιάς
3171 1726 3285 1761 σου.
3310 1709 3449 1776 Περὶ
3474 1704 3571 1760 τοῦ

1998 1796 2072 1867 μὴ
2111 1794 2396 1865 προσέχειν
2438 1793 2616 1866 φαύλῃ
2662 1794 2911 1864 γυναικί·
2947 1794 3141 1860 Ὁδοὺς
3180 1796 3288 1863 γὰρ
3315 1793 3461 1861 ζωῆς
3497 1797 3571 1849 οὐ

1990 1883 2354 1953 μετέρχεται.
2372 1883 2609 1952 μακρὰν
2636 1882 2895 1950 ποίησον
2920 1883 3024 1938 ἀπ’
3049 1883 3239 1950 αὐτῆς
3266 1883 3562 1937 σύνοδον.

1997 1972 2130 2041 Περὶ
2152 1970 2267 2033 τοῦ,
2311 1970 2452 2024 Πῖνε
2489 1965 2678 2024 ὕδατα
2714 1966 2832 2024 ἀπὸ
2870 1969 3001 2024 σῶν
3040 1970 3290 2041 ἀγγείων
3316 1980 3333 2001 "
3373 1972 3471 2024 zeal
3510 1971 3575 2023 Ἠ

1995 2058 2158 2127 πηγὴ
2193 2058 2299 2112 τοῦ
2332 2057 2550 2123 ὕδατός
2581 2072 2696 2112 σου
2717 2056 2873 2111 ἔστω
2892 2072 2990 2111 σοι
3017 2057 3207 2124 ἡδεῖα.
3243 2058 3348 2112 Ἔν
3364 2057 3571 2125 rapti}

1996 2147 2214 2214 ταύτης
2236 2145 2423 2215 σοφίᾳ
2440 2145 3044 2215 συμπεριφερόμενος,
3065 2145 3410 2211 πολλοστὸς
3426 2146 3567 2212 ἔσῃ.

2000 2235 2112 2289 Ἴθι
2162 2233 2315 2302 πρὸς
2361 2234 2470 2287 τὸν
2511 2233 2813 2301 μύρμηκα,
2866 2229 2914 2287 ὦ
2961 2232 3178 2300 ὀκνηρέ
3215 2234 3423 2296 νεανία,
3469 2232 3571 2285 zeal

1996 2322 2167 2391 γίνου
2206 2320 2577 2391 σοφώτερος·
2615 2319 2707 2374 ὅτι
2734 2321 2975 2388 πολλὴν
3005 2320 3074 2373 ἐν
3102 2316 3183 2383 τῷ
3211 2319 3415 2388 ἀμητῷ
3449 2336 3575 2372 ποι-

1995 2409 2142 2463 εῖται
2175 2408 2289 2477 τὴν
2319 2408 2665 2476 παράχυσιν
2686 2407 2735 2459 ι).
2776 2408 2909 2478 Περὶ
2944 2406 3036 2461 τοῦ
3076 2407 3393 2477 πορεύοντος
3434 2406 3572 2477 πρὸς

1996 2498 2093 2568 τὴν
2126 2498 2408 2568 μέλισσαν,
2430 2496 2536 2552 Kal
2560 2496 2711 2566 μάθε
2741 2494 2821 2564 ὡς
2840 2493 3075 2565 ἐργάτις
3100 2496 3252 2550 ἐστί.
3288 2497 3421 2563 Περὶ
3450 2496 3569 2559 τοῦ,

2001 2588 2152 2653 Ἕως
2167 2584 2331 2650 πότε,
2352 2585 2593 2653 ὀκνηρέ,
2618 2584 2995 2644 κατάκεισαις
3018 2583 3225 2651 Ὀλίγον
3244 2584 3339 2654 μὲν
3360 2585 3569 2645 ὒπνοῖς.

1997 2671 2176 2739 ὀλίγον
2228 2672 2285 2725 δὲ
2332 2670 2588 2740 κάθησαι.
2636 2670 2733 2724 Διά
2778 2669 2935 2723 τοῦτο
2983 2669 3243 2740 ἐξαπίνης
3290 2669 3507 2740 ἔρχεται
3536 2671 3572 2741 ὴ

1999 2758 2246 2813 ἀπώλειά
2287 2776 2401 2815 σου.
2454 2759 2590 2828 Περὶ
2633 2756 2878 2827 φυλακῆς
2931 2756 3112 2827 νόμων
3161 2757 3398 2827 πατρός·
3449 2758 3571 2809 Ὅτι

1998 2847 2228 2914 λύχνος
2254 2844 2516 2899 ἐντολῶν
2535 2844 2633 2898 zeal
2653 2844 2778 2914 φῶς
2800 2844 2931 2897 ἐστι
2958 2843 3054 2896 zeal
3079 2843 3226 2912 ζωῆς
3248 2843 3406 2909 ὁδός.
3434 2845 3574 2913 Περὶ

2000 2934 2115 3000 τοῦ,
2170 2934 2473 2990 Ἀποθέσει
2505 2944 2528 2972 ε
2561 2951 2651 3000 τις
2680 2932 2799 3001 πῦρ
2831 2933 2900 2986 ἐν
2921 2933 3145 2998 κόλπῳ,
3186 2932 3257 2986 τὰ
3285 2932 3352 2985 δὲ
3377 2933 3574 3001 ἱμάτια

2000 3021 2185 3080 αὐτοῦ
2215 3023 2285 3076 οὐ
2321 3022 2716 3083 κατακαύσει;
2746 3021 2784 3089 ἢ
2814 3019 3197 3089 περιπατήσει
3230 3021 3322 3073 ἐπ’
3358 3020 3573 3088 ἀνθρά-

2000 3128 2122 3166 κων
2154 3096 2363 3178 πυρόε,
2390 3108 2533 3175 τοὺς
2562 3108 2628 3161 δέ
2656 3108 2845 3174 πόδας
2874 3110 2946 3163 οὐ
2976 3108 3333 3162 κατακαύσει
3358 3104 3572 3173 οὖτοςε

2012 3199 2065 3252 '0
2128 3197 2419 3251 είσελθὼν
2466 3195 2614 3269 [580]
2667 3198 2754 3262 είς
2804 3195 3059 3262 γυναῖκα
3110 3196 3416 3263 ὕπανδρον
3461 3199 3574 3250 οὐκ

1999 3284 2432 3353 ἀθωωθιξσεται.
2476 3284 2607 3355 Περὶ
2638 3282 2755 3346 τοῦ,
2788 3285 2868 3338 Οὐ
2915 3283 3261 3353 θαυμαστὸν
3295 3284 3404 3337 ἐὰν
3444 3284 3576 3338 κλέο

2001 3388 2165 3428 πτων
2206 3373 2332 3438 euq)
2374 3390 2458 3439 τις
2484 3389 2497 3404 ο
2531 3371 2775 3426 κλέπτει
2829 3372 2939 3443 γὰρ
2968 3372 3070 3426 ἵνα
3123 3371 3408 3441 ἐμπλήσῃ
3460 3372 3576 3440 τὴν

2000 3460 2213 3529 ψυχὴν
2244 3459 2429 3513 αὐτοῦ
2467 3458 2802 3514 πεινῶσαν⁹
2838 3462 2871 3514 ό
2897 3458 2966 3513 δέ
2998 3459 3212 3529 μοιχὸς
3242 3459 3315 3514 δι’
3337 3460 3576 3514 ἔνδειαν

2000 3547 2234 3618 φρενῶν
2259 3546 2476 3602 ἀπολεῖ
2502 3546 2617 3615 τὴν
2644 3546 2857 3616 ψυχὴν
2889 3545 3097 3603 αὑτοῦ.
3124 3547 3258 3618 Περὶ
3285 3546 3401 3611 τοῦ,
3433 3548 3576 3616 Τίμα

2000 3636 2107 3689 τὸν
2137 3635 2304 3699 Θεὸν,
2331 3635 2428 3689 zeal
2463 3634 2756 3703 ἰσχύσεις,
2785 3634 2884 3688 zeal
2917 3634 3198 3704 φύλασσε
3227 3634 3372 3703 ἐμὰς
3402 3634 3573 3688 ἐντο-

2001 3729 2135 3795 λὰς,
2165 3724 2265 3782 zeal
2315 3727 2651 3796 ἐπίγραψον
2700 3727 2886 3794 αὐτὰς
2929 3726 3029 3781 ἐπὶ
3068 3726 3137 3781 τὸ
3184 3725 3413 3792 πλάτος
3464 3725 3576 3792 τῆς

2002 3814 2249 3884 καρδίας
2274 3828 2412 3878 σου,
2442 3814 2543 3868 ἵνα
2566 3813 2874 3882 τηρήσωσί
2902 3830 2977 3868 σε
3005 3813 3122 3869 ἀπὸ
3153 3813 3438 3881 γυναικὸς
3469 3814 3577 3867 ἀλέ
3638 3808 3647 3817 ’

2001 3904 2246 3971 λοτρίας
2283 3903 2383 3958 καὶ
2409 3902 2658 3971 πόρνης.
2697 3903 2834 3974 Περὶ
2871 3900 2967 3957 τοῦ
2995 3901 3228 3975 κηρῦξαι
3267 3919 3326 3955 σε
3359 3903 3571 3969 σοφίαν,

2001 3993 2079 4045 δτι
2106 3991 2192 4045 ἐπ’
2218 3991 2403 4064 ἀκρων
2423 3992 2532 4047 τῶν
2554 3992 2775 4065 ὑψηλῶν
2801 3993 2970 4058 ἔστιν,
2995 3993 3077 4048 ὃτι
3102 3993 3402 4064 τιμιωτέρα
3427 3991 3574 4044 ἐστὶν

2001 4078 2287 4150 ἀργυρίου.
2328 4080 2423 4133 zeal
2470 4080 2818 4153 γνησιωτέρα
2852 4079 2994 4151 ὑπὲρ
3032 4080 3251 4152 χρυσίον
3292 4080 3576 4148 δεδοκιμα-

2003 4166 2217 4237 σμένον,
2237 4166 2331 4220 zeal
2345 4167 2445 4231 ὅτι,
2464 4167 2628 4230 Φόϐος
2650 4167 2856 4239 Κυρίου
2880 4168 3025 4237 μισεῖ
3045 4166 3271 4221 ἀδικίαν.
3300 4166 3435 4237 Περὶ
3458 4166 3573 4227 τοῦ,

2000 4256 2216 4323 Κύριος
2244 4254 2450 4309 ἑκτισέ
2479 4271 2550 4321 με
2577 4254 2775 4323 ἀρχὴν
2799 4254 2955 4308 ὁδῶν
2978 4253 3163 4309 αὑτοῦ
3197 4257 3283 4319 είς
3307 4254 3449 4321 ἔργα
3472 4256 3578 4307 αὐ·-

2000 4339 2127 4394 τοῦ.
2171 4341 2305 4412 Περὶ
2354 4339 2471 4405 τοῦ,
2521 4342 2602 4395 ὅτι
2652 4338 2723 4396 Ἠ
2768 4342 2955 4411 σοφία
3001 4340 3346 4409 ᾠκοδόμησε
3390 4338 3575 4409 ἑαυτῇ

1999 4424 2185 4486 οἷκον.
2236 4428 2371 4500 Περὶ¹
2398 4426 2530 4493 τοῦ,
2569 4429 2816 4499 Ἔλεγχε
2857 4431 3088 4498 σοφὸν,
3137 4430 3235 4481 zeal
3275 4429 3577 4497 ἀγαπήσει

2000 4535 2092 4573 σε.
2137 4518 2281 4574 Ἐὰν
2306 4518 2499 4588 σοφὸς
2522 4517 2688 4587 γένῃ,
2718 4518 2950 4583 σεαυτῷ
2973 4518 3111 4587 ἔσῃ,
3146 4519 3240 4571 zeal
3265 4520 3391 4583 τοῖς
3422 4523 3575 4585 πλη-

1999 4608 2141 4663 σίον
2159 4622 2276 4663 σου
2296 4622 2309 4636 ·
2342 4607 2451 4662 ἐὰν
2474 4607 2541 4661 δὲ
2562 4606 2748 4674 κακὸς
2767 4606 3020 4675 ἀποϐῇς,
3038 4609 3225 4676 μόνος
3249 4608 3576 4673 ἀντλήσεις

1998 4696 2071 4750 τὰ
2098 4695 2270 4751 κακά.
2308 4696 2429 4750 Ὅτι
2472 4697 2624 4767 γυνὴ
2664 4694 2865 4765 ἄφρων
2913 4697 3009 4751 zeal
3056 4696 3321 4764 θρασεῖα,
3359 4696 3574 4763 ἐνδεὴς

1999 4787 2207 4856 ψωμοῦ
2258 4786 2501 4855 γίνεται.
2542 4786 2725 4839 Πενία
2766 4785 2954 4854 ἄνδρα
3001 4785 3304 4840 ταπεινοῖο
3346 4784 3477 4852 υἱός
3507 4784 3573 4839 δέ

1998 4874 2469 4946 πεπαιδευμένος
2501 4876 2691 4945 σοφὸς
2716 4874 2907 4930 ἔσται.
2936 4871 3153 4945 Μνήμη
3186 4875 3424 4930 δικαίου
3446 4874 3570 4945 μετ’

1996 4966 2318 5037 ἐγκωμίων.
2356 4969 2462 5034 Ὃς
2499 4967 2804 5035 πορεύεται
2852 4966 3078 5033 ἁπλῶς,
3120 4969 3430 5034 πορεύεται
3475 4982 3573 5020 πε-

1997 5053 2230 5119 ποιθώς.
2267 5056 2370 5120 Ὃς
2409 5055 2478 5107 ἐκ
2511 5054 2762 5123 χειλέων
2800 5056 3076 5124 προφέρει
3105 5056 3350 5124 σοφίαν.
3373 5055 3573 5123 ῥάϐδῳ

1997 5141 2201 5194 τύπτει
2243 5140 2431 5209 ἄνδρα
2462 5140 2768 5211 ἀκάρδιον.
2814 5142 3025 5209 Ὁδοὺς
3065 5141 3212 5211 ζωῆς
3265 5142 3570 5211 φυλάσσει

1998 5226 2265 5281 παιδεία·
2316 5228 2694 5282 καλύπτουσι
2739 5228 2808 5282 δὲ
2859 5229 3080 5299 ἔχθραν
3121 5230 3294 5298 χείλη
3349 5228 3567 5282 δίκαια.

2000 5314 2228 5385 Ἄφρων
2249 5315 2509 5385 πράσσει
2531 5316 2685 5371 κακά
2709 5333 2721 5347 ο
2750 5318 2944 5387 στόμα
2969 5316 3036 5370 δὲ
3054 5317 3285 5371 δικαίου
3305 5316 3568 5373 ἀποστά-

2054 5560 2084 5600 b
2109 5561 2234 5611 Bibl.
2260 5559 2532 5624 παράθεσιν.
2558 5558 2666 5609 Mox
2692 5559 2961 5623 legendum
2985 5558 3178 5607 videtur
3206 5555 3313 5619 περὶ
3333 5553 3442 5615 τοῖι,
3470 5556 3564 5604 Πο-

1996 5618 2482 5693 ρειέθητι·.9υηῑ’¹³ί3⁵.¹·
2589 5680 2697 5693 ...η
2746 5618 2784 5693 ⁷.
2862 5682 2912 5693 -,
3068 5680 3143 5693 ..

2059 5689 2081 5715 ο
2308 5680 2717 5751 amoenam}.
2762 5682 2997 5751 ἀποδὴσει
3032 5678 3362 5751 e_t_
3404 5677 3561 5742 Supra

1996 5759 2168 5797 versus
2187 5745 2248 5794 28
2270 5742 2440 5805 capitis
2462 5748 2590 5794 sexti
2612 5746 2757 5793 aliter
2779 5743 2961 5805 legitur
2983 5741 3033 5791 in
3058 5741 3245 5792 Bibliis.
