3720 6274
233 236 338 292 373

225 368 347 422 qua:
377 351 650 406 dicuntur.
687 350 761 406 Ex
795 348 924 420 ipsis
946 348 1091 404 enim
1118 363 1214 418 per
1246 347 1648 402 similitudinem
1673 344 1817 415 quod

225 445 425 496 dicitur
455 443 786 511 intelligitur.
818 442 894 496 Ita
923 456 1152 512 namque
1178 441 1434 495 Dominus
1455 481 1472 507 ,
1501 448 1562 494 ut
1581 441 1657 495 ait
1680 439 1817 493 Mar-

223 550 342 598 cus,
373 533 506 588 dicit
530 552 543 589 :
569 531 665 588 Cui
691 533 980 588 assimilabo
1003 548 1212 603 regnum
1250 530 1349 586 Dei
1368 533 1394 586 ?
1421 539 1508 584 aut
1536 547 1637 600 qua
1667 547 1818 601 para-

222 628 340 681 bola
366 628 680 682 adumbrabo
701 628 830 682 illud
851 627 1045 697 (Marc.
1073 627 1128 682 4.
1146 624 1281 696 50)?
1310 634 1492 694 utpote
1513 639 1634 684 cum
1665 637 1816 692 para-

220 719 346 772 bnla
367 719 442 772 sit
462 719 530 774 de
554 718 712 775 rebus
742 734 838 789 per
859 717 1258 773 similitudinem
1287 715 1463 771 dictis.
1490 714 1624 771 Cum
1645 715 1815 770 dixis-

219 819 306 864 ωε
327 811 479 866 enim
511 827 526 865 :
561 809 741 865 Simile
764 819 838 865 est
863 825 1073 881 regnum
1099 807 1214 873 Dei,
1245 805 1440 862 deinde
1463 806 1660 872 intulit,
1689 805 1816 860 Ideo

218 904 272 956 in
300 902 564 975 parabolis
591 903 767 972 loquor
791 902 895 957 illis
920 899 1132 972 (Matth.
1164 901 1251 956 15.
1282 901 1371 955 51.
1398 899 1469 955 55
1493 908 1541 954 et
1570 898 1679 969 15).
1708 897 1818 952 Hu-

213 997 458 1067 jusmodi
495 997 673 1065 itaque
700 1003 829 1050 sunt
856 994 1125 1066 parabolae
1157 1011 1170 1048 :
1211 1011 1230 1046 ι
1255 993 1406 1048 Sicut
1429 990 1648 1047 emissio
1675 990 1816 1045 nivis

216 1104 282 1144 ιιι
297 1103 480 1144 messe
502 1089 697 1144 allevat
718 1096 905 1143 uastum
929 1127 944 1152 ,
972 1088 1051 1142 sic
1075 1086 1290 1141 nuntius
1318 1083 1488 1140 ﬁdelis
1513 1083 1578 1138 iis
1601 1083 1692 1155 qui
1716 1082 1816 1136 mi-

215 1190 414 1235 serunt
456 1195 581 1235 eum
609 1197 629 1231 ι
662 1176 866 1251 (Prov.
896 1177 990 1233 25.
1020 1177 1142 1247 15).
1185 1175 1255 1230 Et
1295 1189 1508 1230 rursum
1540 1192 1554 1228 :
1607 1193 1626 1226 ι
1663 1173 1816 1230 Sicut

217 1274 393 1341 venti,
421 1283 478 1329 et
503 1273 682 1329 nubes
706 1281 762 1328 et
790 1272 982 1344 pluvia:
1005 1311 1022 1338 ,
1047 1272 1128 1325 sic
1153 1269 1242 1340 qui
1269 1269 1567 1340 gloriantur
1591 1268 1644 1322 in
1671 1267 1814 1322 dono

213 1364 470 1420 mendaci
503 1383 523 1418 ι
557 1363 722 1436 (Ibid.
753 1380 802 1418 υ.
836 1362 942 1433 14)
962 1403 978 1430 ,
1011 1369 1068 1418 et
1093 1361 1178 1416 his
1205 1361 1425 1415 similia.
1466 1361 1614 1416 Dicta
1653 1373 1814 1429 porro

211 1459 524 1526 sapientum
565 1464 723 1522 sunt,
772 1470 877 1510 non
919 1451 1249 1524 sophismata
1281 1451 1566 1507 verborum
1591 1491 1606 1514 ,
1641 1464 1813 1520 neque

211 1564 498 1604 sermones
517 1547 904 1618 probabilitatis
923 1545 1102 1614 specie
1117 1543 1466 1612 decipieutes,
1495 1541 1592 1598 sed
1619 1542 1729 1598 veri
1758 1549 1816 1598 et

210 1641 493 1698 accurati:
520 1655 625 1695 non
647 1639 795 1709 quasi
822 1637 1063 1708 jussione
1081 1634 1357 1706 cujusdam
1385 1633 1571 1701 habiti,
1596 1632 1692 1690 scd
1718 1647 1813 1703 per

209 1748 276 1788 se
322 1733 440 1788 noti
465 1773 480 1798 ,
518 1741 574 1787 et
611 1731 762 1801 quasi
807 1729 1090 1786 sententia:
1131 1743 1317 1784 eorum
1360 1727 1571 1798 prolati.
1611 1725 1809 1793 Quales

209 1836 384 1882 sunt:
419 1845 438 1879 ι
462 1825 637 1883 Corde
674 1827 888 1881 laetante
908 1865 924 1892 ,
951 1823 1108 1879 ﬂoret
1131 1824 1339 1886 vultus;
1371 1836 1493 1876 cum
1532 1830 1714 1875 autem
1756 1819 1807 1874 in

210 1919 432 1975 tristitia
453 1927 558 1983 est,
581 1917 900 1988 deprimitur
920 1935 940 1969 ι
972 1914 1154 1986 (Prov.
1183 1915 1268 1970 15.
1296 1915 1417 1982 15.).
1448 1914 1516 1968 Et
1544 1932 1563 1966 ί
1596 1911 1701 1968 Cor
1727 1927 1811 1968 re-

205 2023 360 2068 ctum
387 2012 581 2082 qumrit
605 2025 856 2076 sensum;
883 2024 946 2065 os
969 2017 1148 2064 autem
1178 2006 1690 2077 indisciplinatorum
1718 2020 1808 2061 co-

205 2115 437 2172 gnoscet
463 2104 602 2159 mala
630 2122 650 2156 i
682 2101 824 2174 (Ibid
866 2117 914 2156 v.
941 2102 1054 2173 14).
1086 2101 1172 2168 Ει,
1201 2118 1221 2152 ι
1243 2099 1438 2156 Odium
1463 2100 1660 2155 excitat
1677 2111 1807 2158 con-

207 2197 514 2255 tentionem
548 2213 562 2250 :
603 2211 793 2251 omnes
831 2203 1012 2250 autem
1047 2207 1176 2256 eos,
1218 2193 1307 2264 qui
1346 2191 1667 2248 contentiosi
1699 2206 1804 2246 non

203 2299 359 2354 sunt,
383 2290 616 2360 contegit
637 2288 871 2344 amicitia
896 2306 915 2340 ι
947 2287 1130 2359 (Prov.
1159 2287 1247 2342 10.
1273 2286 1385 2357 12).
1417 2285 1505 2352 Ει,
1541 2304 1560 2338 ι
1587 2285 1687 2353 Qui
1711 2299 1804 2339 ne-

202 2384 414 2454 gotium
438 2384 733 2438 contemnit
748 2389 1124 2438 contemnetur
1143 2381 1212 2436 ab
1232 2380 1378 2450 ipso:
1395 2380 1485 2450 qui
1507 2393 1636 2434 vero
1655 2393 1803 2433 man-

201 2475 395 2529 datum
417 2483 652 2540 veretur,
683 2474 771 2530 ille
795 2489 959 2529 sanus
984 2483 1064 2528 est
1087 2492 1106 2525 ι
1139 2470 1290 2543 (Cap.
1315 2473 1402 2527 15.
1426 2469 1536 2543 15).
1562 2469 1800 2525 Aliorum

203 2582 444 2638 namque
487 2567 760 2622 hominum
809 2579 1087 2620 sermones
1130 2573 1188 2620 ut
1234 2563 1520 2633 plurimum
1567 2563 1799 2633 ambigui

202 2668 338 2712 sunt
365 2675 380 2711 :
410 2658 734 2727 sapientium
763 2672 911 2722 vero,
939 2657 1125 2726 quales
1151 2665 1276 2710 sunt
1302 2654 1538 2720 isti,veri
1567 2662 1713 2720 sunt,
1746 2663 1801 2709 ct

202 2749 356 2804 onnn
384 2764 450 2805 ex
477 2763 626 2820 parte
651 2749 911 2815 accurati,
944 2749 1014 2802 ita
1041 2757 1098 2802 ut
1125 2747 1344 2802 minime
1373 2747 1503 2815 ipsis
1525 2745 1800 2802 contradi-

201 2854 378 2897 catur.
413 2844 473 2898 Et
499 2843 589 2898 alii
615 2843 826 2912 quidem
859 2842 1105 2897 homines
1133 2857 1199 2896 ex
1231 2842 1336 2895 line
1361 2842 1540 2911 Operis
1565 2856 1678 2896 rem
1703 2840 1796 2895 de-

201 2938 455 3003 clarant;
483 2937 783 3006 cujusmodi
814 2945 896 2992 est
927 2934 1056 2992 illud
1088 2953 1100 2989 :
1135 2933 1354 3003 Iniquus
1380 2949 1467 2988 res
1496 2944 1578 2989 est
1609 2933 1748 2987 mala
1777 2949 1792 2997 ;

200 3040 256 3084 et
285 3029 529 3086 mtecbus
559 3043 776 3099 pravum
802 3027 929 3099 quid
957 3037 1060 3094 est,
1087 3027 1227 3097 quod
1251 3026 1424 3082 cuivis
1452 3026 1793 3082 manifestum

197 3131 309 3180 est.
349 3121 632 3191 Sapientes
662 3128 837 3175 autem
877 3121 1082 3174 initium
1113 3133 1336 3188 operum
1374 3118 1670 3189 prmdicunt
1691 3158 1710 3188 ,
1741 3127 1796 3174 et

197 3215 354 3285 quasi
381 3213 622 3286 symbols
648 3213 808 3268 animi
834 3222 1034 3268 motum
1061 3213 1437 3282 prmnuutiant,
1461 3222 1518 3266 ut
1545 3214 1792 3284 quisque,

195 3307 402 3375 agnitis
427 3306 689 3361 malorum
725 3305 998 3376 principiis
1019 3347 1035 3371 ,
1068 3305 1170 3360 sibi
1203 3314 1430 3370 caveat,
1467 3304 1643 3376 qualia
1669 3312 1796 3360 sunt

198 3398 450 3467 superius
486 3397 625 3452 dicta
658 3413 672 3450 :
708 3396 900 3453 Odium
935 3398 1147 3451 suscitat
1180 3398 1580 3462 contentionem,
1621 3413 1797 3452 omnes

201 3501 401 3554 autem,
432 3489 519 3559 qui
544 3506 643 3543 non
677 3489 1018 3552 contendunt,
1047 3489 1262 3559 contegit
1287 3489 1528 3543 amicitia.
1551 3489 1791 3545 Conten-

201 3585 372 3639 tiosus
398 3583 543 3638 enim
571 3599 635 3637 ex
663 3582 786 3638 odio
813 3583 1028 3637 malitiae
1059 3582 1216 3653 hujus
1244 3583 1562 3652 principium
1593 3582 1794 3651 habet,

203 3691 304 3733 nec
329 3675 592 3746 quispiam
613 3675 807 3732 dixerit
827 3675 1216 3737 contentiosum
1243 3689 1304 3730 se
1324 3674 1567 3744 diligere.
1590 3673 1790 3730 Contra

201 3769 290 3838 qui
316 3770 689 3824 contentiosus
721 3784 825 3822 non
851 3775 934 3822 est
957 3809 972 3834 ,
1001 3766 1303 3822 dilectionis
1328 3767 1578 3823 indicium
1607 3767 1786 3824 habet.

201 3858 312 3917 Nec
339 3852 737 3915 contentiosum
779 3858 1042 3928 quispiam
1073 3859 1268 3914 dixerit
1295 3875 1420 3914 eum
1458 3860 1548 3930 qui
1575 3859 1786 3930 diligit,

204 3959 262 4006 ut
295 3965 510 4004 rursum
545 3949 765 4003 dicitur:
791 3949 859 4003 In
880 3952 1300 4021 concupiscentiis
1321 3961 1391 4006 est
1417 3954 1581 4006 omnis
1602 3952 1790 4007 otiosus

205 4039 390 4111 (Prov.
413 4041 499 4096 15.
519 4041 574 4111 4)
595 4058 610 4104 ;
628 4050 698 4105 et,
721 4040 1014 4098 Iracundus.
1028 4045 1214 4114 absque
1232 4045 1444 4098 consilio
1472 4045 1576 4115 agit
1606 4043 1786 4116 (Prov.

206 4133 292 4192 M.
331 4131 464 4206 17).
505 4131 634 4187 Nam
678 4133 844 4189 otiosi
877 4135 1108 4189 animam
1147 4135 1411 4205 signillcat
1446 4135 1498 4190 in
1541 4136 1789 4191 omnibus

201 4224 652 4294 concupiscentiis
678 4241 799 4280 esse
827 4225 1164 4294 demersam,
1195 4239 1248 4281 et
1286 4227 1597 4282 iracundum
1621 4267 1634 4291 ,
1666 4227 1786 4282 nul-

193 4319 310 4374 lum
362 4328 564 4372 rectum
617 4317 813 4374 habere
867 4320 1147 4375 consilium
1200 4321 1449 4378 oSIendit.
1501 4322 1565 4377 lli
1613 4322 1790 4393 itaque

199 4411 361 4476 Plane
388 4425 565 4466 mores
589 4411 862 4466 declarant
886 4454 899 4476 ,
929 4426 980 4467 et
1009 4429 1054 4466 at
1076 4413 1234 4467 tionis
1265 4414 1579 4485 principium
1604 4458 1619 4482 ,
1647 4413 1790 4470 unde

198 4504 466 4568 ordiatur,
492 4504 616 4558 dum
648 4506 829 4569 aiunt,
862 4507 1044 4562 odium
1090 4507 1399 4577 prmcedcrc
1429 4509 1572 4563 rixas
1603 4525 1616 4562 :
1649 4509 1789 4564 cari-

191 4607 364 4655 tatem
393 4610 517 4651 esse
545 4597 861 4667 principium
893 4608 946 4652 et
977 4614 1190 4654 causam
1219 4640 1230 4656 .
1263 4615 1363 4668 qua
1397 4601 1631 4655 vitantur
1659 4616 1788 4656 cou-

195 4705 229 4745 tt
252 4691 506 4745 ntioncs:
539 4691 650 4746 otio
679 4691 866 4760 pr:circ
899 4707 1112 4760 pravam
1144 4710 1185 4744 vi
1212 4693 1502 4761 lnptatem;
1535 4693 1789 4749 iracundo

191 4782 395 4853 prmire
421 4782 628 4837 consilii
658 4783 889 4853 inopiam
923 4800 935 4836 :
963 4793 1018 4838 et
1042 4799 1255 4837 causam
1278 4800 1444 4854 quare
1467 4785 1586 4853 quis
1611 4785 1788 4855 despi-

191 4876 392 4938 ciatur,
425 4887 547 4927 esse
572 4857 936 4940 contemptum
971 4875 1101 4944 legis
1127 4893 1140 4930 :
1169 4873 1308 4943 quod
1338 4875 1622 4930 Sanitatem
1651 4892 1791 4947 prae-

195 4964 355 5021 cedat
378 4964 538 5020 timor
563 4965 654 5020 Dei
679 4983 692 5019 :
721 4966 844 5019 item
873 4965 1012 5036 quod
1045 4964 1360 5034 principium
1389 4967 1641 5036 perniciei
1669 4969 1787 5022 ani-

196 5065 302 5110 ira:
332 5051 431 5116 sit,
459 5066 564 5104 non
591 5050 860 5106 custodire
881 5065 943 5106 os
973 5066 1127 5104 suum
1152 5091 1166 5116 ,
1197 5049 1337 5119 quod
1369 5051 1558 5106 terrori
1592 5061 1790 5122 praeeat

189 5143 492 5198 temeritas.
522 5143 577 5198 Si
608 5157 673 5198 co
699 5143 858 5198 modo
887 5143 1097 5213 singula
1121 5141 1264 5196 dicta
1292 5143 1614 5211 expenderis
1643 5189 1655 5209 ,
1689 5145 1786 5201 de-

190 5235 503 5305 prehendes
528 5253 588 5293 ea
620 5237 740 5292 ideo
771 5253 892 5292 esse
921 5239 1113 5306 scripta
1147 5244 1306 5306 atque
1338 5238 1541 5306 prolata
1569 5281 1582 5302 ,
1615 5247 1671 5292 ut
1699 5241 1786 5308 qui

197 5331 469 5386 audierint
517 5330 779 5385 honorum
835 5329 1204 5399 malorumque
1257 5329 1513 5399 principia
1563 5332 1738 5388 edocti
1771 5376 1785 5399 ,

201 5438 361 5493 prava
406 5422 644 5492 fugiant,
689 5423 826 5478 bona
871 5431 1180 5492 operentur.
1214 5419 1516 5491 IEnigmata
1551 5439 1708 5491 porro
1735 5435 1790 5479 et

201 5514 412 5571 obscuri
443 5529 755 5577 sermones,
787 5515 856 5568 ita
884 5524 1040 5569 caute
1069 5522 1193 5568 sunt
1224 5514 1417 5584 posita,
1452 5527 1507 5569 ut
1547 5533 1666 5570 eum
1698 5520 1785 5589 qui

200 5606 388 5674 legerit
417 5620 652 5661 manere
680 5605 939 5670 alliciant,
967 5603 1108 5674 quod
1139 5604 1268 5660 nihil
1295 5607 1472 5660 statim
1502 5607 1790 5664 exhibeant

199 5698 510 5769 nullumque
541 5713 756 5754 sensum
786 5689 1124 5754 subindicent
1157 5714 1167 5752 ε
1203 5706 1438 5754 attamen
1468 5699 1592 5755 dum
1625 5717 1782 5757 accu-

1368 229 1692 287 SYNOPSIS
1729 228 2141 288 SCRIPTUBE
2178 232 2445 290 SACRrE.

3421 247 3520 303 571

1927 354 2043 401 rate
2068 347 2466 416 expenduntur,
2500 364 2649 404 suam
2699 351 3020 408 sententiam
3049 353 3305 412 indicant.
3337 357 3523 424 Qualia

1925 447 2082 492 sunt:
2113 457 2132 491 ‹
2156 437 2506 511 Sanguisugm
2521 452 2628 497 tres
2650 454 2805 499 erant
2828 444 2950 499 lilia:
2971 447 3259 503 admodum
3282 448 3534 515 dilectae;

1926 541 1982 587 et
2002 533 2084 587 ha:
2111 542 2221 589 tres
2247 543 2302 588 et
2327 545 2512 604 quarta
2545 551 2648 590 non
2673 537 2863 592 dicunt
2887 579 2902 605 ,
2931 539 3074 594 Satis
3094 551 3198 597 est.
3228 541 3476 598 Infernus
3504 585 3520 610 ,

1926 631 1980 678 et
2003 638 2156 679 amor
2185 625 2426 682 mulieris
2456 635 2508 681 et
2537 635 2768 683 tartarus
2792 671 2808 695 ,
2836 639 2893 684 et
2919 639 3058 686 terra
3083 648 3203 703 quae
3233 648 3338 688 non
3366 643 3516 690 satu-

1876 711 1878 714 ’
1925 727 2075 772 ratur
2093 733 2260 789 aqua,
2276 734 2412 788 aqua
2435 730 2489 775 et
2511 720 2649 792 ignis
2665 737 2956 793 numquam
2983 723 3190 792 dicunt,
3217 726 3362 782 Satis
3387 735 3473 798 est
3493 745 3528 780 »ν

1924 809 1945 881 (
1972 809 2130 866 Prov.
2160 812 2250 868 50.
2276 814 2360 869 15.
2392 815 2516 885 lii).
2563 816 2631 870 Et
2656 817 2848 871 iterum
2880 836 2894 872 :
2933 836 2952 870 ι
2985 819 3108 873 Tria
3136 830 3264 876 sunt
3287 837 3407 891 quas
3433 821 3519 876 in-

1923 902 2140 959 tellectu
2168 903 2298 960 mihi
2336 916 2460 960 sunt
2498 907 2849 976 impossibilia
2872 949 2887 974 ,
2919 919 2976 964 et
3005 919 3255 979 quartum
3286 927 3392 966 non
3421 927 3516 968 co-

1920 1009 2120 1063 gnoseo
2151 998 2418 1066 {vestigia
2463 1000 2653 1068 aquilae
2693 1001 2920 1055 volantis
2944 1041 2959 1064 ,
3005 1010 3062 1056 et
3097 1003 3209 1058 vias
3247 1005 3514 1074 serpentis

1920 1097 2093 1153 Supra.
2107 1094 2313 1155 petram
2342 1125 2360 1152 ,
2401 1098 2453 1142 et
2483 1089 2600 1143 vias
2630 1089 2778 1145 navis
2809 1092 2860 1144 in
2895 1092 3029 1146 mari
3063 1093 3239 1148 euntis
3266 1135 3282 1160 ,
3313 1103 3367 1150 et
3398 1095 3516 1151 vias

1920 1175 2021 1232 viri
2051 1176 2104 1231 in
2127 1177 2488 1233 adolescentia
2523 1196 2554 1232 ιι
2573 1180 2802 1250 (Ibide.
2831 1183 2914 1238 l8.
2935 1183 3062 1254 l9);
3089 1192 3146 1240 et
3163 1200 3514 1257 quaecumque

1921 1269 2188 1339 ejusmodi
2221 1280 2345 1326 sunt
2371 1273 2652 1341 aenigmata
2687 1291 2700 1327 :
2734 1275 2836 1328 alia
2883 1290 3113 1346 namque
3150 1277 3330 1333 statim
3373 1277 3511 1332 indi-.-

1919 1370 2044 1416 cant
2064 1403 2080 1428 ,
2114 1361 2276 1416 aliam
2306 1372 2482 1418 tamen
2513 1367 2834 1420 sententiam
2866 1367 3122 1424 exhibent
3157 1385 3168 1422 :
3199 1377 3254 1424 et
3277 1369 3506 1425 obscura

1917 1452 2132 1524 quidem
2168 1463 2294 1510 sunt
2317 1496 2332 1518 ,
2371 1457 2742 1512 absconditum
2785 1475 2916 1514 vero
2945 1474 3162 1515 sensum
3194 1460 3413 1517 habent.
3444 1461 3512 1516 Et

1916 1546 2290 1616 compendium
2321 1548 2537 1618 quidem
2575 1549 2692 1604 libri
2736 1550 3148 1607 Proverbiorum
3179 1551 3244 1608 ad
3279 1552 3420 1608 hunc
3447 1567 3528 1607 se.

1917 1637 2076 1694 habet
2105 1641 2344 1698 modum.

1999 1730 2388 1801 Recapitulatio
2431 1745 2608 1788 autem
2649 1735 2764 1804 ejus
2796 1734 2877 1790 his
2923 1736 3416 1807 comprehenditur.
3451 1738 3522 1794 ln-

1915 1825 2192 1894 prommiis
2211 1826 2383 1897 agitur
2405 1825 2470 1881 de
2492 1826 2621 1896 ipsis
2639 1827 2945 1883 Proverbiis
2965 1827 3258 1885 Salomonis
3281 1829 3375 1899 ﬁlii
3397 1829 3505 1884 Da~

1913 1915 2018 1982 vid,
2045 1915 2130 1985 qui
2155 1918 2381 1988 regnavit
2407 1918 2459 1972 in
2490 1915 2798 1985 Jerusalem,
2826 1919 2894 1972 ad
2917 1920 3174 1975 sciendum
3200 1920 3505 1992 sapientiam

1912 2019 1958 2062 et
1988 2009 2313 2081 disciplinam
2337 2008 2490 2080 (Cap.
2512 2010 2734 2079 1.1.2).
2767 2010 2920 2078 Quod
2951 2013 3264 2083 principium
3293 2014 3506 2083 sapien-

1913 2103 2000 2157 tiae
2025 2102 2095 2156 sit
2123 2102 2283 2158 timor
2311 2103 2516 2158 Domini
2541 2102 2701 2174 (Ibid.
2721 2121 2769 2159 υ.
2797 2107 2874 2175 7).
2904 2105 2980 2162 De
3002 2106 3282 2162 audiendis
3300 2108 3514 2180 legibus.

1912 2195 2100 2262 patris,
2121 2195 2269 2251 etde
2292 2209 2398 2251 non
2428 2196 2728 2265 respuenda
2750 2197 3031 2268 disciplina
3063 2199 3268 2254 matris.
3301 2200 3374 2256 De
3395 2215 3506 2256 non

1908 2286 2158 2355 errando,
2195 2294 2254 2343 et
2284 2287 2426 2360 quod
2458 2303 2563 2343 non
2591 2289 2660 2344 sit
2686 2289 2770 2343 via
2796 2289 3124 2360 capessenda
3161 2306 3283 2346 cum
3318 2291 3383 2346 iis
3409 2293 3502 2362 qui

1907 2391 2200 2449 operantur
2235 2381 2413 2452 iniqua
2448 2399 2462 2437 :
2503 2397 2790 2438 commune
2818 2397 3048 2452 namque
3069 2384 3397 2455 marsupium
3425 2383 3498 2438 illi

1908 2473 2202 2542 possident.
2226 2473 2498 2546 Sapientia
2549 2474 2603 2529 in
2645 2474 2878 2531 exitibus
2907 2475 3200 2546 pradicet;
3231 2477 3374 2546 impii
3404 2491 3495 2530 an-

1909 2573 2014 2618 tem
2049 2563 2279 2620 oderunt
2303 2579 2542 2621 sensum.
2573 2565 2833 2635 Quoniam
2865 2582 2953 2623 me
2981 2576 3225 2630 vocante.
3265 2584 3370 2623 non
3401 2583 3500 2623 au-

1904 2653 2141 2723 dierunt,
2188 2655 2312 2711 ideo
2357 2671 2478 2711 cum
2527 2657 2800 2712 vocabunt
2847 2673 2954 2722 me,
3004 2673 3110 2712 non
3159 2658 3371 2713 audiam
3401 2676 3497 2714 eos

1903 2746 2067 2815 (Ibid.
2112 2764 2160 2802 v.
2201 2747 2290 2804 24.
2319 2747 2434 2818 28).
2467 2749 2596 2804 IIem
2643 2749 2792 2814 i!h:d,
2825 2750 3014 2819 Accipe
3056 2751 3193 2805 dicta
3221 2752 3493 2805 mandato-

1902 2856 2034 2902 rum,
2067 2850 2113 2895 et
2136 2840 2312 2894 audiet
2335 2842 2635 2911 sapientiam
2665 2843 2807 2896 auris
2835 2853 2942 2902 tua.
2972 2853 3026 2896 ut
3064 2844 3316 2913 intelligas
3333 2846 3493 2915 justi-

1901 2932 2020 2984 tiam
2059 2942 2104 2986 el
2119 2933 2370 3004 judicium
2395 2931 2548 3004 (Cap.
2575 2933 2629 2988 2.
2654 2936 2705 2990 1.
2737 2935 2792 2989 2.
2825 2935 2899 3005 9).
2926 2934 3014 2989 Vw
3031 2936 3118 3006 qui
3145 2936 3496 3005 derelinquunt

1899 3025 2005 3077 vias
2044 3033 2229 3090 rectas,
2256 3035 2304 3078 et
2349 3025 2662 3079 delectantur
2701 3027 2755 3080 in
2783 3025 3103 3082 subrersione
3146 3029 3284 3082 mala
3327 3027 3490 3097 (Ibid.

1897 3131 1946 3170 v.
1973 3116 2058 3170 15.
2091 3114 2206 3188 14).
2237 3115 2370 3171 Illud
2398 3117 2581 3182 etiam,
2614 3117 2698 3172 Ne
2734 3128 2782 3172 te
2827 3118 3178 3190 apprehendat
3224 3122 3492 3174 consilium

1897 3210 2107 3273 malum,
2135 3220 2189 3263 ut
2216 3211 2440 3265 invenias
2464 3211 2669 3265 semitas
2690 3212 2906 3281 justititr
2929 3213 3110 3283 planas
3131 3212 3300 3284 (Ibid.
3329 3229 3376 3268 v.
3402 3215 3488 3272 19.

1896 3299 2009 3373 20).
2036 3300 2188 3366 Item,
2220 3302 2297 3358 Ne
2327 3303 2658 3357 obliviscaris
2691 3303 2822 3373 legis
2851 3303 3172 3373 custodiam,
3205 3313 3262 3361 ut
3287 3305 3490 3376 longa:-

1896 3409 1994 3449 vus
2015 3395 2091 3450 sis
2117 3395 2169 3449 in
2217 3409 2366 3466 pace.
2399 3394 2553 3463 Quod
2585 3403 2696 3451 toto
2737 3395 2900 3452 corde
2943 3396 3140 3452 debeas
3169 3397 3220 3453 in
3262 3397 3491 3452 Domino

1895 3486 2188 3558 conlidere,
2224 3502 2322 3542 nec
2359 3502 2480 3542 esse
2508 3487 2743 3558 prudens
2769 3488 2820 3542 in
2855 3490 3164 3558 temetipso,
3190 3489 3285 3544 sed
3315 3489 3489 3546 hono-

1895 3593 2018 3635 rare
2053 3579 2332 3634 Dominum
2361 3596 2426 3635 ex
2465 3579 2623 3650 justis
2664 3580 2955 3636 laboribus.
2985 3580 3140 3648 Quod
3169 3596 3275 3636 non
3318 3582 3488 3651 negli-

1895 3673 2067 3744 genda
2088 3675 2160 3731 sit
2181 3672 2462 3744 disciplina
2491 3675 2700 3730 Domini
2722 3691 2737 3739 ;
2783 3673 2835 3728 Ν
2839 3691 2922 3728 am
2946 3691 3092 3745 quem
3112 3674 3279 3746 diligit
3305 3673 3487 3730 Domi-

1894 3783 1990 3820 nus
2018 3770 2232 3838 castigat
2261 3766 2414 3838 (Cap.
2448 3768 2500 3822 5.
2528 3766 2640 3834 12).
2675 3767 2762 3831 Et,
2791 3768 2986 3821 Beatus
3020 3765 3183 3821 homo
3205 3768 3296 3836 qui
3335 3767 3487 3822 inve-

1895 3859 2036 3913 nerit
2080 3858 2418 3926 sapientiam.
2449 3857 2604 3926 Quod
2653 3871 2760 3911 non
2793 3856 2992 3913 debeas
3021 3857 3250 3912 emolliri
3297 3872 3361 3912 ac
3385 3857 3488 3912 dil-

1894 3949 2085 4015 ﬂuere,
2115 3949 2208 4004 sed
2256 3964 2472 4004 servare
2515 3949 2798 4004 consilium
2846 3958 2901 4004 et
2948 3949 3384 4020 intelligentiam;
3433 3960 3491 4006 ut

1893 4041 1962 4095 sit
2008 4040 2210 4096 medela
2239 4041 2384 4094 carui
2419 4049 2541 4094 tum.
2575 4040 2725 4106 Quod
2773 4056 2877 4094 non
2923 4039 3120 4095 debeas
3153 4041 3412 4095 desistere
3457 4061 3486 4095 ει

1894 4135 2156 4191 beneﬁcio
2195 4133 2449 4204 indigenti
2492 4133 2815 4202 praestando,
2843 4149 2964 4188 cum
3011 4133 3260 4188 habuerit
3298 4151 3487 4189 manus

1895 4235 1982 4281 tua
2015 4225 2156 4280 unde
2186 4225 2281 4294 ipsi
2319 4239 2476 4293 opem
2503 4223 2658 4290 ferat,
2690 4240 2862 4293 neque
2891 4223 3184 4280 machinari
3230 4224 3366 4278 mala
3394 4225 3486 4278 ad.

1894 4330 2082 4371 versus
2107 4315 2336 4369 amicum
2371 4325 2540 4380 tuum,
2565 4314 2687 4384 quia
2719 4314 3024 4368 immundus
3053 4330 3232 4368 coram
3259 4315 3488 4369 Domino

1894 4405 2068 4460 omnis
2101 4405 2314 4476 iniquus
2358 4406 2480 4460 erit.
2529 4404 2661 4473 Quia
2710 4403 2960 4458 Dominus
3001 4405 3232 4472 superbis
3279 4405 3484 4471 resistit,

1895 4499 2167 4555 humilibus
2188 4508 2353 4552 autem
2374 4498 2462 4552 dat
2487 4498 2703 4570 gratiam
2729 4495 2893 4567 (Ibid.
2912 4511 2960 4550 v.
2983 4497 3100 4566 54).
3128 4497 3201 4552 De
3224 4495 3487 4552 audienda

1893 4593 2179 4663 disciplina
2205 4590 2395 4661 patris.
2437 4590 2564 4644 Item
2595 4588 2748 4656 illud,
2785 4587 2832 4642 F
2835 4589 2919 4655 ili,
2935 4587 3082 4642 dictis
3111 4588 3235 4642 mcis
3265 4589 3484 4650 attende,

1894 4695 1940 4741 et
1967 4685 2106 4741 omni
2129 4685 2358 4738 custodia
2382 4699 2525 4736 serva
2554 4698 2640 4735 cor
2668 4692 2826 4745 tuum,
2848 4690 2904 4736 et
2932 4681 3189 4735 Dominus
3215 4688 3390 4736 rectas
3413 4682 3489 4736 fa-

1895 4780 2001 4833 ciet
2042 4777 2245 4831 orbitas
2268 4786 2384 4830 tuas
2420 4775 2569 4846 (Cap.
2599 4775 2652 4830 4.
2679 4773 2769 4828 20.
2811 4774 2902 4831 25.
2928 4773 3043 4844 27).
3083 4775 3235 4841 Quod
3264 4790 3370 4829 non
3401 4784 3488 4828 at-

1896 4871 2220 4927 tendendum
2252 4885 2426 4940 prava:
2457 4868 2701 4932 mulieri;
2740 4866 2859 4922 Vias
2886 4868 3017 4921 enim
3049 4868 3160 4922 vitae
3185 4884 3284 4922 non
3316 4867 3484 4938 ingre.

1895 4963 2070 5029 ditur;
2098 4962 2160 5016 ab
2185 4963 2296 5033 ejus
2323 4961 2572 5016 consortio
2617 4970 2664 5015 te
2704 4960 2884 5031 procul
2929 4976 3125 5014 remove
3158 4959 3312 5032 (Cap.
3342 4961 3394 5017 5.
3429 4961 3484 5016 6.

1895 5055 1971 5127 8).
2015 5055 2142 5110 Item
2185 5054 2351 5109 illud:
2385 5052 2511 5109 Bibe
2549 5071 2707 5123 aquas
2753 5069 2816 5108 ea:
2859 5054 2991 5108 vasis
3035 5054 3170 5120 tuis;
3214 5062 3302 5120 et,
3346 5053 3489 5109 Fons

1895 5163 2039 5218 aqum
2065 5157 2163 5200 tum
2187 5147 2250 5200 sit
2275 5144 2361 5199 tibi
2405 5146 2572 5200 suavis
2602 5143 2763 5216 (Ibid.
2795 5161 2844 5198 ιε.
2879 5144 2966 5198 15.
2988 5143 3100 5214 18).
3130 5142 3196 5197 1η
3221 5145 3330 5214 ejus
3355 5145 3486 5197 enim

1894 5240 2144 5309 sapientia
2175 5256 2396 5305 versans,
2431 5239 2663 5313 diuturne
2686 5253 2804 5309 ages
2836 5235 2998 5305 (Ibid.
3026 5253 3074 5290 v.
3107 5236 3217 5305 19).
3257 5234 3398 5288 Vade
3421 5253 3454 5286 ιι
3486 5252 3496 5278 ί

1897 5333 2181 5402 formicam,
2216 5348 2245 5384 ο
2277 5331 2416 5400 piger
2445 5329 2778 5391 adolescens,
2805 5338 2851 5381 ct
2882 5339 2986 5381 esto
3030 5327 3346 5396 sapientior:
3371 5326 3498 5394 quin

1895 5426 2107 5479 multum
2147 5425 2196 5478 in
2234 5440 2390 5477 utesse
2421 5437 2567 5491 parat
2600 5439 2851 5476 acervum.
2890 5424 2962 5477 De
2997 5436 3062 5475 eo
3105 5419 3193 5490 qui
3228 5420 3374 5474 vadit
3420 5421 3487 5474 ad

1896 5534 2072 5587 apem,
2110 5517 2171 5570 Et
2201 5517 2338 5570 disce
2371 5516 2622 5586 quomodo
2663 5515 2922 5585 aperatria:
2967 5515 3031 5568 sit
3055 5512 3208 5584 (Cap.
3238 5512 3289 5567 6.
3325 5514 3376 5566 6.
3403 5514 3482 5579 8).

1899 5611 2029 5665 Illud
2059 5611 2216 5665 etiam
2248 5629 2259 5662 :
2286 5609 2573 5681 Usquequo,
2601 5610 2757 5679 piger,
2779 5609 2922 5677 juccs
2951 5605 3113 5676 (Ibid.
3148 5623 3193 5660 v.
3225 5606 3324 5672 9)?
3354 5608 3486 5662 Pan-

1899 5701 2064 5757 lulum
2112 5701 2334 5764 dormis,
2385 5701 2650 5772 paululum
2696 5714 2824 5756 vero
2871 5698 3046 5754 sedes.
3095 5696 3222 5753 Ideo
3269 5710 3486 5770 repente
