3720 6274
282 250 385 307 375

286 369 463 422 veniet
507 361 768 433 pernicies
818 368 903 413 tua
939 355 1104 430 '(Cap.
1137 352 1462 423 6.10.15).
1503 353 1577 406 De
1623 346 1863 405 custodia

287 457 462 525 legum
514 452 678 522 patris
708 469 721 506 :
757 449 905 517 Quod
935 448 1139 502 lucerna
1167 446 1521 500 mandatorum
1563 444 1661 497 sint
1700 450 1746 496 et
1776 442 1866 495 lux

286 556 333 602 et
362 547 441 599 uia
466 546 579 598 vita:
604 541 779 615 (Ibid.
813 557 860 596 υ.
891 540 1021 610 25).
1059 537 1190 593 lllud
1230 539 1389 593 etiam
1434 556 1448 591 :
1494 535 1719 605 Deponet
1753 534 1866 601 quis

272 642 451 710 ignem
491 636 545 689 in
587 636 720 701 sinu,
748 633 1038 688 vestimenta
1080 639 1245 684 autem
1289 646 1382 684 sua
1424 644 1526 681 non
1572 626 1867 681 comburet?

287 742 376 785 aut
418 727 692 783 ambulabit
720 742 870 796 super
898 724 1136 778 carbones
1164 723 1313 793 ignis,
1345 721 1495 791 pedes
1542 730 1710 773 autem
1748 734 1866 772 suos

284 838 387 875 non
412 820 636 874 inccndct
665 817 826 890 (Ibid.
857 834 904 871 υ.
936 816 1021 871 27.
1053 813 1185 884 28)?
1228 814 1325 880 Qui
1359 812 1649 882 ingreditur
1665 810 1730 865 ad
1753 825 1867 864 mu-

286 912 473 967 lierem
508 909 864 978 conjugatam,
893 921 998 960 non
1030 906 1285 959 innocens
1315 904 1417 958 erit
1458 900 1620 972 (Ibid.
1654 915 1700 955 υ.
1731 899 1801 955 9.9
1823 899 1864 971 λ.

289 1002 445 1064 Item,
477 999 596 1053 Non
639 999 822 1050 mirum
863 997 906 1050 si
932 996 1044 1066 quis
1073 995 1262 1062 furtum
1301 993 1489 1064 faciens
1519 990 1867 1062 deprehenda-

288 1102 403 1155 tur;
433 1091 634 1158 furatur
662 1089 792 1141 enim
814 1095 867 1139 ut
889 1086 1094 1156 impleat
1124 1088 1345 1139 animam
1371 1101 1516 1139 suam
1542 1086 1867 1138 esurientem:

287 1186 507 1237 nuechus
543 1190 709 1234 autem
739 1181 799 1234 ob
823 1180 1047 1248 inopiam
1076 1179 1255 1233 utentis
1282 1178 1451 1249 perdet
1477 1178 1699 1230 animam
1724 1192 1868 1229 suam

289 1272 452 1343 (Ibid.
474 1288 522 1325 υ.
554 1270 642 1325 30.
674 1269 789 1337 3‘2).
816 1270 968 1336 Item,
1000 1266 1120 1323 Cale
1142 1267 1431 1332 Dominum,
1463 1276 1509 1320 et
1541 1277 1712 1336 potens
1749 1266 1868 1331 eris,

287 1376 334 1421 et
372 1366 568 1420 custodi
607 1364 847 1418 mandata
885 1378 1015 1429 mea,
1046 1372 1092 1416 et
1128 1361 1349 1416 describe
1381 1361 1471 1415 illa
1501 1361 1555 1414 in
1600 1358 1869 1413 latitudine

289 1460 455 1514 cordis
486 1458 579 1524 tui,
600 1467 653 1511 ut
680 1456 964 1511 custodiant
987 1464 1034 1509 te
1059 1472 1091 1508 a
1118 1455 1326 1509 muliere
1353 1454 1519 1507 aliena
1548 1463 1592 1506 et
1616 1452 1872 1506 meretrice

290 1549 442 1620 (Cap.
462 1550 517 1603 7.
542 1547 598 1602 Ξ.
619 1548 673 1603 3.
708 1545 784 1619 5).
816 1546 965 1614 Quod
996 1545 1191 1601 debeas
1220 1545 1511 1615 prtedicare
1531 1544 1867 1613 sapientiam,

290 1657 409 1712 qum
437 1642 489 1696 in
521 1640 747 1695 excelsis
772 1637 1059 1693 verticibus
1088 1644 1190 1703 est,
1222 1636 1343 1705 quia
1370 1635 1650 1705 pretiosior
1678 1642 1760 1690 est
1785 1649 1871 1687 ar-

299 1742 482 1803 gente,
513 1741 567 1787 et
615 1730 923 1802 generosior
969 1744 1098 1783 auro
1144 1729 1366 1798 probato
1399 1746 1410 1782 :
1445 1737 1499 1783 et
1541 1728 1680 1798 quod
1712 1728 1872 1781 timor

293 1825 503 1880 Domini
550 1823 673 1877 odio
718 1822 909 1876 habeat
951 1820 1260 1890 iniustitiam
1318 1818 1466 1890 (Cap.
1499 1819 1635 1875 8.1.
1676 1818 1732 1872 ‘2.
1780 1820 1868 1872 11.

292 1917 406 1986 15).
440 1914 573 1970 lllttd
613 1914 760 1976 item,
807 1911 1056 1966 Dominus
1085 1911 1268 1964 creavit
1308 1927 1388 1964 me
1432 1911 1631 1963 initium
1676 1911 1869 1963 viarum

291 2024 498 2062 suarum
523 2007 574 2061 in
598 2022 752 2076 opera
772 2021 864 2060 sua
884 2003 1044 2076 (Ibid.
1067 2020 1115 2058 υ.
1133 2002 1250 2072 22).
1270 2003 1399 2058 Item
1426 2002 1583 2057 illud:
1606 2003 1873 2073 Sapientia

291 2098 560 2167 aediﬁcavit
580 2098 673 2151 sibi
690 2097 892 2150 domum
912 2094 1058 2168 (Cap.
1076 2096 1129 2150 9.
1147 2094 1222 2165 1).
1242 2095 1391 2161 Item,
1411 2095 1579 2165 Argue
1598 2096 1873 2164 sapientem

292 2199 339 2242 ct
358 2198 403 2241 te
423 2188 613 2259 diliget.
636 2188 696 2242 Si
716 2189 913 2257 sapiens
941 2186 1115 2255 fueris,
1131 2185 1415 2254 tibimetipsi
1441 2185 1538 2239 eris
1563 2194 1609 2237 et
1631 2184 1873 2253 proximis

298 2280 430 2344 tuis;
460 2280 503 2333 si
543 2288 709 2331 autem
752 2278 1011 2346 improbus
1053 2276 1281 2341 evaseris,
1305 2276 1444 2329 solus
1485 2274 1688 2328 Itauries
1715 2275 1868 2328 mala.

293 2369 482 2424 Mulier
518 2370 671 2424 stulta
709 2378 755 2422 et
785 2367 956 2421 audax
992 2367 1101 2421 cibo
1142 2366 1381 2436 indigebit
1434 2364 1668 2436 (Ibid.v.
1698 2366 1750 2420 8.
1784 2364 1869 2419 12.

295 2463 408 2531 15).
449 2461 730 2533 Paupertas
760 2462 920 2513 virum
937 2460 1167 2513 humiliat
1195 2475 1214 2513 :
1245 2460 1381 2527 [ilius
1404 2468 1568 2511 autem
1595 2458 1874 2529 disciplinis

294 2554 538 2608 educatus
561 2554 762 2624 sapiens
789 2554 898 2607 erit.
929 2551 1177 2606 Memoria
1190 2550 1319 2621 justi
1346 2566 1461 2603 cum
1488 2549 1740 2605 laudibus.
1772 2550 1875 2616 Qui

293 2648 519 2700 ambulat
550 2647 864 2717 simpliciter,
887 2645 1110 2699 ambulat
1136 2643 1461 2706 conﬁdenter.
1490 2641 1588 2708 Qui
1626 2658 1689 2696 ea:
1730 2641 1874 2699 labiis

294 2742 487 2811 profert
522 2741 843 2810 sapientiam,
870 2740 1012 2809 uirga
1050 2739 1261 2807 percutit
1297 2738 1457 2791 virum
1484 2737 1634 2791 corde
1662 2738 1872 2791 destituo

294 2843 419 2885 tuin.
456 2830 577 2884 Vias
615 2832 726 2884 vita:
770 2831 985 2883 custodit
1015 2829 1319 2900 disciplina;
1349 2837 1518 2898 tegunt
1569 2838 1735 2883 autem
1770 2828 1874 2882 ini-

295 2926 537 2979 micitiam
562 2925 696 2979 labia
726 2926 892 2994 justa.
921 2923 1124 2979 Stultus
1170 2932 1421 2994 perpetrat
1468 2923 1640 2985 mala;
1688 2938 1744 2976 os
1783 2938 1876 2975 au-

296 3030 395 3072 tem
425 3019 556 3090 justi
592 3019 748 3073 stillat
792 3018 1088 3089 sapientiam
1126 3015 1275 3087 (Cap.
1302 3016 1389 3070 10.
1422 3016 1475 3070 4.
1505 3016 1558 3069 7.
1581 3015 1632 3071 9.
1669 3015 1871 3070 10.15.

296 3112 387 3164 17.
434 3113 521 3166 18.
572 3110 663 3165 25.
693 3108 804 3180 51).
836 3109 1033 3164 Contra
1086 3107 1427 3171 idololalras,
1470 3108 1559 3177 qui
1605 3122 1671 3161 ex
1720 3120 1870 3172 auro,

298 3213 353 3257 ct
380 3212 622 3273 argento,
654 3210 746 3256 aut
792 3200 1054 3272 lapidibus
1106 3208 1198 3255 aut
1244 3200 1422 3270 lignis,
1470 3199 1609 3253 idola
1654 3197 1874 3253 faciunt.

296 3293 448 3359 Quod
486 3309 582 3364 per
611 3293 812 3364 lignum
840 3292 984 3347 salus
1011 3292 1081 3345 sit
1108 3289 1468 3345 credentibus.
1487 3287 1638 3345 Circa
1667 3304 1760 3344 eos
1786 3290 1875 3359 qui

300 3383 439 3438 idola
465 3384 719 3449 conflant,
750 3392 804 3437 et
823 3398 944 3437 eum
971 3382 1060 3451 qui
1088 3381 1227 3435 idola
1253 3380 1439 3451 pingit.
1476 3380 1551 3435 De
1575 3380 1732 3435 malis
1756 3394 1873 3435 om.

302 3475 459 3528 nibus
502 3488 598 3543 per
647 3472 1001 3527 idololatriam
1047 3471 1229 3540 partis.
1279 3470 1356 3525 De
1402 3470 1564 3539 impio
1614 3469 1778 3534 cultu,
1824 3477 1879 3524 et

302 3576 499 3635 quanta
531 3566 582 3619 in
610 3579 675 3618 eo
696 3565 856 3619 mala.
887 3564 959 3618 De
984 3563 1164 3632 figulo,
1195 3571 1249 3617 et
1271 3561 1338 3617 de
1366 3561 1521 3617 idolis
1552 3559 1767 3632 ﬁglinis.
1801 3561 1877 3616 De

306 3654 464 3710 idolis
506 3654 753 3709 omnibus
788 3668 909 3723 quae
952 3654 1232 3707 coluerunt
1256 3652 1500 3722 gentiles.
1530 3652 1607 3707 De
1642 3651 1877 3707 infestis-

303 3746 455 3801 simis
494 3745 831 3811 animalibus,
861 3745 1213 3814 serpentibus,
1247 3744 1457 3809 felibus,
1498 3752 1555 3799 et
1596 3742 1875 3798 similibus.

308 3838 460 3906 Quod
496 3838 638 3894 Deus
663 3836 933 3894 beneficus
964 3836 1143 3892 lsraeli
1191 3850 1284 3905 pro
1322 3835 1465 3890 ranis
1496 3834 1595 3905 ipsi
1640 3835 1877 3890 coturni-

303 3945 420 3985 cem
445 3928 670 3985 dederit.

662 4064 848 4130 Multa,
880 4074 934 4119 ut
974 4075 1114 4134 puto,
1156 4065 1523 4119 desiderantur.

863 4234 1095 4276 SYNOPSIS
1133 4234 1321 4274 SIRACI.

377 4380 455 4436 De
481 4380 674 4434 timore
698 4378 813 4446 Dei,
834 4378 975 4449 quod
996 4360 1159 4433 irasci
1185 4393 1289 4433 non
1315 4388 1579 4447 oporteat,
1600 4379 1740 4449 quod
1766 4382 1883 4437 sine

311 4473 579 4545 hypocrisi
607 4472 965 4528 accedendum
994 4472 1061 4527 sit
1085 4472 1151 4526 ad
1179 4472 1379 4527 Deum:
1408 4471 1474 4527 de
1505 4473 1883 4528 tentationibus

308 4574 362 4619 et
391 4564 458 4619 de
482 4563 775 4633 patientia:
808 4562 874 4618 de
910 4561 1214 4633 parentibus
1252 4561 1592 4627 honorandis,
1627 4561 1695 4617 de
1719 4563 1885 4633 aequi-

307 4665 447 4712 tate:
471 4655 611 4727 quod
633 4670 738 4711 non
766 4662 1007 4725 oporteat
1029 4670 1267 4725 quaerere
1293 4653 1633 4724 profundiora
1657 4656 1739 4722 iis,
1764 4672 1882 4726 qua:

303 4746 452 4813 jussa
482 4753 625 4812 sunt,
656 4744 724 4801 de
758 4746 1095 4815 elcemosyna
1130 4752 1183 4798 et
1217 4745 1534 4815 pupillorum
1565 4746 1880 4815 patrocinio.

318 4838 391 4891 Ile
430 4837 709 4907 sapientia,
740 4836 807 4892 de
834 4837 1034 4907 pudore
1063 4837 1222 4891 noxio
1242 4846 1295 4891 et
1325 4836 1438 4892 utili
1465 4854 1478 4891 :
1511 4837 1673 4891 multa
1701 4838 1788 4893 hic
1815 4838 1883 4894 de

308 4931 469 4984 noxio
493 4929 758 4985 edisserit.
805 4929 955 4997 Quod
1000 4944 1104 4983 non
1134 4937 1377 4998 Oporteat
1418 4926 1688 4984 desiderio
1716 4943 1882 4999 pecu-

311 5020 519 5074 niarum
545 5034 603 5074 se
631 5019 849 5087 dedere,
871 5035 1042 5090 neque
1066 5028 1248 5089 putare
1275 5034 1371 5075 nos
1401 5020 1616 5089 impune
1642 5035 1882 5090 peccare,

310 5112 524 5167 etiamsi
554 5126 660 5166 non
710 5112 888 5165 statim
934 5125 1120 5181 poenas
1145 5111 1363 5166 demus:
1396 5112 1605 5181 patiens
1634 5112 1774 5167 enim
1806 5121 1888 5167 est

310 5206 473 5273 Deus,
502 5212 819 5276 oportetque
848 5204 995 5258 illum
1026 5204 1257 5273 placare.
1297 5203 1371 5258 De
1400 5204 1687 5259 verborum
1718 5203 1885 5258 futili-

309 5307 435 5363 tate,
465 5297 533 5354 de
558 5296 826 5368 superbia,
854 5296 921 5350 de
948 5294 1232 5365 probandis
1259 5296 1465 5362 amicis,
1484 5294 1552 5351 de
1585 5295 1884 5366 disciplina,

306 5392 374 5447 de
419 5391 579 5447 rebus
628 5384 845 5445 utilibus
890 5387 1187 5443 audiendis.
1229 5388 1304 5441 De
1350 5402 1454 5441 non
1504 5387 1791 5457 peccando,
1820 5389 1888 5441 de

310 5496 415 5536 non
460 5479 790 5547 mentiendo,
820 5479 887 5535 de
928 5478 1161 5533 futilibus
1210 5492 1314 5531 non
1364 5477 1621 5543 dicendis,
1664 5477 1731 5532 de
1780 5493 1884 5530 non

311 5570 554 5627 iterando
583 5586 831 5627 sermone
861 5571 913 5625 in
946 5570 1281 5640 precatione;
1324 5569 1373 5623 id
1405 5578 1507 5635 est,
1540 5584 1657 5639 quae
1685 5570 1885 5637 promi-

312 5662 447 5717 seris
471 5661 603 5728 Deo,
631 5678 697 5718 ne
735 5660 967 5718 differas.
1001 5662 1074 5717 De
1102 5661 1344 5727 muliere,
1372 5659 1439 5716 de
1466 5658 1696 5727 famulis,
1724 5674 1883 5729 peco-

988 242 1045 299 S.
1084 238 1360 296 JOANNlS
1394 228 1865 293 CHRYSOSTOMI
1890 224 2207 284 ARCHIEP.
2240 226 2752 287 CONSTANTINOP

3448 235 3546 290 376

1971 347 2139 412 ribus,
2166 348 2234 405 de
2272 349 2416 417 filiis,
2442 350 2510 406 de
2550 359 2722 423 patre,
2748 351 2817 407 de
2852 353 3048 422 pietate
3076 367 3203 424 erga
3247 353 3440 419 Deum,
3487 354 3550 408 de

1971 439 2174 496 honore
2198 442 2564 498 sacerdotibus
2583 444 2906 511 exhibendo,
2924 446 2992 501 de
3013 447 3292 501 visitandis
3318 446 3547 511 afﬂictis,

1970 534 2047 589 De
2089 549 2194 588 non
2240 534 2515 605 litigando,
2546 535 2613 590 de
2642 551 2747 591 non
2778 538 3170 606 exprobrando,
3211 538 3279 593 de
3310 554 3419 592 non
3465 538 3553 593 dc-

1969 624 2257 694 spiciendis
2294 627 2688 682 narrationibus
2717 642 2905 683 senum
2934 631 3273 700 sapientium.
3309 630 3390 684 De
3421 640 3552 685 tem~

1970 721 2229 785 perantia,
2261 717 2329 772 de
2358 719 2611 786 amicitia,
2639 720 2706 774 de
2738 736 2842 775 non
2890 721 3191 776 :emulando
3221 731 3550 791 peccatores.

1972 807 2048 861 De
2070 808 2249 877 judice
2283 808 2540 878 prudente
2566 819 2621 865 et
2648 812 2833 876 stulto,
2864 811 2931 868 de
2975 813 3245 881 superbia,
3278 813 3350 867 de
3388 816 3553 884 remn-

1972 907 2102 964 tate,
2130 900 2198 955 de
2228 916 2333 956 non
2374 903 2729 973 vituperando
2770 906 2889 961 sine
2924 905 3145 975 judicio,
3178 914 3233 962 et
3271 907 3395 962 sine
3428 920 3552 965 exa-

1972 990 2137 1046 mine.
2185 991 2261 1045 De
2288 992 2515 1047 vitandis
2554 994 2770 1064 iniquis.
2806 996 2883 1050 De
2920 996 3142 1051 divitum
3191 998 3359 1064 cultu,
3392 998 3485 1067 qui
3521 1023 3549 1060 λ

1973 1080 2154 1135 multis
2183 1080 2485 1151 exhibetur,
2532 1093 2586 1139 et
2612 1084 2678 1139 de
2707 1086 3060 1155 quorumdam
3111 1087 3252 1143 inter
3281 1087 3405 1143 illos
3435 1103 3554 1142 ava-

1973 1170 2116 1225 ritia.
2159 1171 2235 1226 De
2270 1175 2465 1241 parcis,
2489 1188 2622 1245 quos
2657 1183 2825 1246 θρῖπας
2867 1177 3137 1247 appellant
3160 1178 3257 1247 (τι),
3299 1178 3393 1248 qui
3440 1178 3554 1234 aliis

1976 1276 2083 1316 non
2115 1263 2444 1333 impertiunt.
2470 1265 2545 1320 De
2569 1269 2909 1335 possessione
2946 1267 3241 1338 sapientitn,
3270 1268 3341 1323 de
3383 1267 3553 1324 libero

1977 1355 2222 1410 arbitrio.
2266 1356 2451 1411 Melius
2503 1374 2624 1414 esse
2670 1360 2849 1415 liberis
2888 1376 3103 1428 carere,
3150 1377 3309 1433 quam
3353 1362 3553 1430 ἰηιρτοο

1975 1449 2071 1503 bos
2117 1449 2333 1505 habere.
2390 1452 2531 1506 Nihil
2568 1452 2735 1508 latere
2788 1454 2974 1509 Deum.
3029 1455 3103 1508 De
3142 1454 3443 1521 creaturis,
3489 1455 3554 1510 de

1976 1540 2204 1597 hominis
2244 1542 2581 1612 formatione,
2616 1545 2684 1601 de
2725 1546 2929 1601 honore
2969 1563 3076 1617 quo
3117 1556 3410 1602 exornatus
3450 1558 3549 1601 εει.

1976 1630 2051 1685 De.
2084 1632 2197 1701 lege
2232 1632 2374 1700 data,
2403 1634 2471 1689 de
2508 1635 2846 1708 eleemosyna
2889 1645 2944 1691 et
2974 1637 3305 1705 pmnitentia,
3332 1637 3404 1692 de
3433 1636 3553 1691 luxu

1973 1736 2022 1782 et
2048 1727 2260 1782 lascivia
2285 1744 2388 1784 non
2410 1730 2797 1800 amplectenda.
2814 1732 2891 1787 De
2909 1732 3150 1787 custodia
3173 1732 3552 1804 mysteriorum

1974 1832 2067 1873 seu
2099 1834 2435 1885 arcanorum,
2454 1820 2522 1875 de
2550 1821 2696 1876 stulti
2726 1822 2928 1892 pudore
2955 1824 3134 1878 noxio.
3153 1823 3307 1889 Quod
3336 1822 3408 1877 de
3432 1838 3555 1893 pec-

1975 1910 2108 1963 catis
2140 1910 2451 1978 pmnitentia
2488 1911 2558 1966 sit
2583 1912 2809 1983 agenda,
2843 1914 2908 1968 de
2935 1914 3223 1969 ambitione
3249 1922 3306 1968 et
3333 1915 3553 1969 avaritia

1977 1999 2260 2070 fugiendis,
2291 2001 2358 2056 de
2388 2003 2627 2071 sapiente
2655 2013 2709 2059 et
2738 2005 2919 2067 stulto,
2952 2004 3025 2060 de’
3050 2005 3153 2059 lilia
3185 2005 3469 2075 petulanti,
3494 2006 3554 2060 de

1976 2092 2423 2148 incuusiderantia
2466 2095 2635 2161 stulti,
2665 2095 2733 2151 de
2776 2105 2954 2151 mente
3002 2098 3173 2160 lirma,
3203 2096 3270 2151 de
3319 2110 3429 2151 non
3479 2098 3555 2150 lo-

1975 2182 2188 2252 quendo
2215 2184 2332 2239 sine
2368 2186 2594 2240 cautela.
2626 2186 2702 2241 De
2730 2188 3137 2255 compunctionc
3182 2201 3279 2257 pro
3325 2188 3556 2256 peccatis

1977 2274 2238 2341 habenda,
2271 2276 2338 2331 de
2366 2290 2470 2331 non
2511 2276 2759 2347 jurando,
2793 2277 2861 2333 de
2903 2278 3180 2346 sapientia.
3227 2279 3303 2333 De
3332 2279 3555 2333 muliere

1975 2365 2115 2419 mala
2143 2376 2198 2421 et
2228 2367 2385 2434 bona,
2420 2368 2488 2423 de
2516 2370 2949 2439 negotiatoribus,
2977 2369 3046 2424 de
3088 2370 3154 2424 iis
3197 2371 3288 2440 qui
3318 2369 3557 2425 revelant

1977 2472 2192 2513 arcana.
2224 2459 2301 2515 De
2324 2460 2412 2515 illo
2438 2461 2525 2531 qui
2553 2463 2603 2514 in
2634 2461 2821 2516 faciem
2853 2462 3052 2529 laudat,
3084 2472 3230 2518 retro
3251 2463 3461 2517 irridet.
3482 2463 3556 2518 De

1977 2552 2339 2608 condonandis
2368 2554 2615 2623 proximo
2646 2554 2872 2610 delictis.
2918 2555 2991 2611 De
3033 2555 3210 2626 lingua
3249 2556 3459 2621 dolosa,
3490 2554 3557 2611 de

1977 2655 2164 2700 mutuo
2185 2646 2362 2701 dando
2385 2649 2638 2717 proximis
2659 2648 2774 2704 sine
2804 2666 2981 2716 usura,
2998 2650 3089 2705 sed
3113 2650 3394 2721 egentibus
3413 2666 3558 2705 com-

1978 2737 2264 2792 modando.
2294 2739 2365 2793 De
2392 2738 2680 2795 educandis
2719 2750 2962 2795 accurate
3005 2742 3202 2806 liberis,
3223 2742 3292 2798 de
3323 2743 3553 2810 famulis,

1977 2826 2044 2883 de
2088 2828 2277 2896 brutis,
2308 2830 2375 2884 de
2405 2831 2646 2885 somniis.
2682 2818 2755 2887 De
2803 2833 3111 2889 timentibus
3156 2836 3346 2902 Deum,
3374 2836 3446 2892 de
3472 2850 3556 2891 sa-

1978 2917 2193 2973 crificiis
2218 2934 2283 2973 ex
2312 2920 2588 2990 iniquitate
2616 2922 2800 2991 partis,
2831 2922 2899 2978 de
2941 2924 3296 2980 oblationibus
3356 2943 3424 2983 ex
3474 2926 3558 2996 ju-

1978 3011 2142 3065 stitia.
2172 3012 2245 3067 De
2276 3029 2457 3068 amore
2489 3016 2746 3084 pecuniae,
2778 3016 2845 3072 de
2889 3018 3125 3088 crapula,
3166 3017 3235 3074 de
3274 3019 3554 3075 ebrietate.

1980 3104 2133 3171 Quod
2170 3105 2475 3163 hominibus
2507 3125 2607 3164 una
2646 3118 2849 3165 natura:
2887 3111 3228 3178 constitutio;
3270 3113 3557 3169 voluntatis

1979 3216 2105 3254 vero
2139 3203 2464 3271 propositum
2490 3204 2781 3270 diversum,
2817 3207 2949 3261 alios
2988 3207 3250 3273 benedici,
3280 3209 3416 3263 alios
3441 3224 3558 3263 ma-

1979 3292 2134 3347 ledici
2176 3303 2447 3362 procuret.
2482 3295 2555 3350 De
2578 3297 2859 3363 medicina,
2883 3299 3021 3368 quod
3064 3315 3168 3354 non
3198 3310 3448 3371 nporteat
3472 3301 3558 3354 ni-

1980 3382 2085 3437 mia
2117 3384 2324 3438 tristitia
2351 3387 2538 3441 teneri.
2571 3387 2721 3455 Quod
2743 3398 2978 3459 Oporteat
3008 3405 3036 3443 a
3059 3391 3173 3460 lege
3205 3401 3260 3445 et
3288 3407 3318 3445 a
3354 3392 3558 3461 legibus

1982 3475 2077 3531 Dei
2125 3478 2383 3533 cohiberi.
2437 3481 2512 3534 De
2558 3482 2808 3550 operibus
2855 3483 2979 3548 Dei,
3027 3482 3094 3538 de
3138 3472 3447 3553 snppliciis,
3490 3484 3559 3539 de

1982 3564 2210 3622 humana
2235 3578 2441 3634 natura,
2466 3570 2605 3639 quod
2626 3586 2686 3625 ea
2728 3572 2907 3626 multis
2932 3573 3129 3643 repleta
3156 3574 3226 3628 sit
3247 3575 3483 3631 czedibus
3506 3583 3560 3631 et

1982 3659 2444 3717 sollicitudinibus.
2492 3662 2567 3717 De
2595 3664 2845 3733 operibus
2875 3664 2988 3720 Dei.

2080 3860 2317 3903 SYNOPSIS
2356 3862 2526 3903 EORUM
2565 3861 2682 3909 ρυλε
2722 3863 2786 3900 ΛΒ
2823 3860 2957 3902 ιεΑιΑ
2997 3860 3269 3901 PROPHETA
3309 3860 3464 3901 ΜΕΤΑ

2695 3953 2848 3993 ευκτ.

2060 4099 2339 4161 Accusatio
2368 4097 2576 4153 Israelis
2605 4096 2823 4166 ejusque
2842 4094 3145 4160 calamitas;
3173 4107 3235 4147 ac
3257 4092 3562 4162 reprobatio

1986 4196 2385 4258 sacrificiorum,
2411 4189 2815 4257 adhortatiane
2841 4186 2905 4241 ad
2937 4186 3210 4241 meliorem
3236 4185 3419 4238 vitam.
3443 4183 3567 4240 Pro-

1987 4290 2161 4361 phetia
2182 4287 2249 4343 de
2278 4284 2531 4349 Ecclesia,
2553 4291 2608 4338 et
2626 4281 2692 4337 de
2712 4280 2889 4334 futura
2915 4293 3061 4348 pace.
3091 4276 3373 4331 Accusatio
3400 4274 3573 4330 Israe-

1987 4383 2073 4447 lis,
2106 4390 2159 4435 et
2182 4379 2356 4434 futura
2378 4374 2606 4431 obsidio.
2637 4370 2916 4428 Accusatio
2944 4368 3251 4423 deliciarum
3287 4381 3477 4421 eorum
3510 4375 3564 4421 et

1986 4470 2266 4542 superbim.
2292 4465 2609 4536 Reprobatio
2625 4462 2833 4518 lsraelis
2851 4474 2945 4531 per
2959 4461 3126 4514 vineae
3143 4455 3561 4513 similitudinem.

1989 4565 2310 4621 Criminatur
2335 4560 2599 4631 principes
2624 4556 2832 4612 Israelis
2858 4554 2926 4610 ob
2953 4552 3226 4607 avaritiam
3257 4559 3310 4604 et
3332 4549 3559 4603 ebrieta~

1990 4668 2117 4725 tem,
2164 4657 2291 4726 ipsis
2334 4654 2713 4709 desolationem
2756 4648 3088 4703 vaticinatur.
3132 4644 3363 4699 Minatur
3386 4642 3451 4698 iis
3476 4642 3561 4711 qui

1989 4747 2477 4823 pseudoprophetas
2504 4742 2776 4814 prophetis
2820 4737 3127 4810 praeferunt.
3172 4736 3442 4790 Ascensus
3471 4733 3561 4789 ho-

1990 4846 2146 4901 stium
2175 4843 2406 4896 illorum.
2434 4838 2699 4892 Visionem
2742 4831 3021 4901 conspicit,
3060 4830 3113 4886 in
3145 4843 3247 4899 qua
3275 4828 3393 4898 ejus
3430 4826 3562 4881 labia

1990 4944 2207 5008 purgata
2231 4933 2396 4987 fuere.
2432 4928 2739 4985 Exercitum
2768 4923 3015 4979 admovet
3040 4922 3295 4993 Syrorum
3328 4935 3424 4976 rex
3448 4933 3563 4974 cum

1991 5026 2240 5084 lsraelitis
2283 5031 2469 5078 contra
2515 5018 2831 5083 Jerusalem,
2878 5024 2933 5071 et
2972 5014 3286 5069 vaticinatur
3317 5012 3477 5067 Isaias
3501 5011 3565 5066 de

1991 5118 2223 5183 Christo,
2256 5126 2310 5172 et
2337 5115 2582 5169 vastitate
2602 5111 2917 5176 Jerusalem,
2943 5107 3114 5178 deque
3139 5120 3369 5161 ascensu
3394 5105 3566 5160 Nabu-

1991 5209 2394 5267 chodonosoris.
2426 5203 2707 5275 Prophetia
2735 5203 2804 5258 de
2845 5203 2911 5256 iis
2938 5200 3031 5271 qui
3059 5200 3109 5255 in
3151 5197 3423 5254 Christum
3450 5214 3571 5254 cre-

1991 5304 2150 5360 dituri
2177 5311 2318 5359 sunt.
2341 5302 2416 5356 De
2442 5298 2770 5367 fortitudine,
2796 5296 3042 5368 superbia
3069 5304 3125 5351 et
3143 5294 3381 5365 pernicie
3409 5296 3573 5365 Assy-

2057 5482 2128 5541 (α)
2146 5489 2277 5529 nunc
2301 5479 2456 5528 locum
2489 5475 2688 5539 respicit
2718 5475 2796 5534 14,
2820 5476 2849 5541 ξ)
2870 5474 3005 5524 :Viro
3028 5486 3173 5538 parco
3194 5486 3287 5524 non
3311 5474 3446 5524 bone
3465 5479 3565 5523 sunt

1994 5538 2362 5595 dititiwmarcos
2376 5549 2537 5589 autem
2561 5538 2682 5600 θρῖπας
2708 5538 3036 5600 voeab_ant.Est
3048 5549 3167 5585 vero
3186 5549 3266 5598 θρίψ
3284 5548 3444 5600 genus
3461 5547 3564 5600 ver-

1995 5604 2155 5655 nticnli
2180 5602 2445 5652 secundum
2467 5596 2674 5657 Suidam,
2698 5598 2826 5660 quod
2840 5597 2979 5659 ligna
3000 5606 3051 5647 et
3063 5596 3564 5649 comua'obrrodebzt.

1999 5670 2113 5716 tlinc
2136 5678 2301 5728 parcos
2325 5671 2377 5714 et
2406 5675 2574 5713 avaros
2604 5674 2726 5723 θρῖπας
2751 5668 2995 5711 vocarunt.
