3722 6274
201 262 320 318 375

204 382 289 442 ζει
345 383 593 451 σοφίαν.
652 378 807 434 Κατὰ
856 373 1272 442 εἰδωλολατρῶν,
1327 376 1389 425 ἐκ
1437 369 1639 441 χρυσοῦ
1697 367 1790 419 καὶ

202 469 478 540 ἀργύρου,
513 469 551 540 ἦ
598 468 779 529 λίθων,
817 465 851 534 ἢ
888 463 1057 528 ξύλων
1092 461 1322 514 εἰδώλων
1360 461 1417 527 (Ι.
1446 458 1659 526 εἴδωλα)
1690 472 1793 508 κα-

201 557 730 627 τασκευασαμένων.
760 555 887 607 Ὅτι
931 553 1051 603 ἐστί
1087 549 1325 620 σωτηρία
1370 547 1458 601 διὰ
1491 545 1648 614 ξύλου
1683 545 1797 605 τοῖς

204 643 553 699 πιστεύουσι,
584 643 665 696 Τά
714 643 842 713 περὶ
883 638 1262 701 εἰδωλοποιῶν,
1305 637 1338 707 ἢ
1380 634 1795 705 ζωγραφοῦντος

202 728 428 787 εἴδωλα.
480 732 615 802 Περὶ
641 732 857 785 πάντων
901 728 1007 782 τῶν
1038 726 1222 780 κακῶν
1267 725 1374 778 τῶν
1419 727 1476 777 ἐν
1515 723 1797 777 εἰδωλολα-

199 819 390 890 τρείᾳ.
441 820 579 890 Περὶ
625 817 856 880 ἀσεϐοῦς
903 814 1222 888 θρησκείας,
1274 814 1365 865 καί
1397 813 1498 866 ὅσα
1544 813 1602 864 ἐν
1656 811 1792 882 αὐτῇ

203 908 381 962 κακά.
419 907 557 977 Περὶ
578 904 672 958 τοῦ
701 903 1011 975 κεραμέως,
1036 902 1131 955 καὶ
1156 901 1260 954 τῶν
1292 897 1610 971 κεραμικῶν
1643 897 1793 951 εἱδῶ-

201 993 338 1048 λων.
385 993 521 1064 Περὶ⁵
555 993 770 1047 πάντων
798 990 907 1044 τῶν
946 989 1179 1043 εἰδώλων
1220 988 1317 1059 τῆς
1352 986 1459 1040 τῶν
1483 985 1652 1039 ἐθνῶν
1695 986 1793 1039 λα-

200 1082 419 1152 τρείας.
457 1081 594 1151 Περὶ
623 1080 733 1134 τῶν
773 1079 1037 1150 ἐχθίστων
1071 1075 1244 1142 ζώων,
1276 1076 1472 1144 ὄφεων,
1504 1074 1789 1143 αἰλούρων,

203 1168 305 1220 καὶ
336 1168 446 1220 τῶν
466 1167 687 1238 ὁμοίων.
715 1167 837 1219 ’Ότι
862 1167 1230 1236 εὐηργέτησεν
1250 1164 1275 1216 ὀ
1295 1162 1425 1227 Θεὸς
1453 1163 1543 1217 τὸν
1581 1160 1795 1234 Ἰσραὴλ

202 1257 332 1309 ἀντὶ
362 1256 648 1330 βατράχων
685 1255 1117 1330 ὀρτυγομήτραν.

672 1436 939 1505 Σύνοψις
980 1434 1085 1490 τοῦ
1126 1433 1331 1504 Σιράχ.

279 1579 418 1650 Περὶ
447 1577 612 1648 φόϐου
652 1578 786 1632 Θεοῦ
813 1590 863 1643 ιι,
896 1579 1029 1650 περὶ
1051 1577 1144 1630 τοῦ
1191 1576 1265 1648 μὴ
1307 1575 1627 1647 θυμοῦσθαι,
1663 1573 1793 1647 1:591

198 1667 301 1719 τοῦ
332 1668 443 1721 δεῖν
473 1669 640 1738 χωρὶς
668 1667 1007 1739 ὑποκρίσεως
1036 1666 1318 1739 προσιέναι
1347 1665 1485 1736 Θεῷ,
1522 1665 1652 1736 περὶ
1679 1681 1791 1717 πει-

202 1754 439 1826 ρασμῶν
484 1755 580 1808 καὶ
613 1755 909 1825 ὑπομονῆς,
940 1754 1066 1823 περὶ
1104 1753 1270 1824 τιμῆς
1302 1754 1401 1823 τῆς
1429 1754 1508 1817 είς
1537 1754 1665 1817 τοὺς
1695 1770 1790 1820 γο-

199 1846 339 1906 νεῖς,
367 1844 495 1913 περὶ
537 1844 857 1909 ἐπιεικείας,
889 1843 1016 1913 1:591
1039 1841 1133 1896 τοῦ
1166 1842 1238 1912 μὴ
1274 1841 1382 1894 δεῖν
1415 1840 1595 1912 ζητεῖν
1620 1840 1787 1912 βαθύ-

196 1947 341 2000 τερα
387 1930 497 1983 τῶν
540 1930 1053 2001 προστεταγμένων,
1104 1930 1231 1999 1:591
1276 1928 1643 2000 ἑλεημοσύνης
1692 1928 1788 1981 καὶ

196 2017 461 2086 ὀρφανῶν
507 2018 859 2087 προστασίας.
913 2017 1047 2087 Περὶ
1105 2018 1315 2086 σοφίας,
1361 2016 1489 2088 περὶ
1526 2015 1787 2087 αἰσχύνης

201 2104 480 2174 βλαϐερᾶς
505 2104 599 2157 καὶ
624 2103 958 2174 ἐπωφελοῦς·
979 2103 1147 2157 πολλά
1168 2105 1225 2157 δὲ
1251 2103 1377 2173 περὶ
1398 2104 1495 2175 τῆς
1521 2103 1787 2175 βλαϐερᾶς

198 2191 441 2244 ἐνταῦθα
471 2190 639 2259 λέγει.
686 2192 823 2263 Περί
855 2191 949 2245 τοῦ
997 2191 1072 2261 μὴ
1103 2191 1212 2244 δεῖν
1245 2189 1487 2243 δεδόσθαι
1528 2190 1605 2261 τῷ
1635 2190 1786 2262 πόθῳ

138 2286 143 2287 ⁷
195 2281 314 2334 τῶν
342 2279 665 2353 χρημάτων,
698 2282 831 2352 μηδέ
861 2279 1068 2335 οἴεσθαι
1088 2281 1396 2351 ἀτιμωρητὶ
1426 2281 1783 2351 ἁμαρτάνειν,

199 2367 310 2420 κᾶν
344 2368 660 2437 παραυτίκα
699 2368 775 2439 μὴ
817 2366 996 2437 δῶμεν
1042 2367 1137 2438 τὴν
1167 2368 1435 2438 τιμωρίαν
1459 2385 1471 2397 ·
1508 2367 1785 2439 μακρόθυ-

201 2473 307 2527 μος
343 2456 455 2527 γάρ
482 2454 632 2510 ἐστιν
673 2458 701 2510 ὀ
734 2458 865 2519 Θεός
888 2474 901 2486 ·
928 2456 1039 2511 δεῖν
1068 2456 1124 2509 δὲ
1153 2457 1502 2524 ἐξιλάσασθαι
1538 2459 1565 2498 b
1598 2458 1780 2513 αὐτόν.

198 2546 342 2615 Περί
360 2545 652 2616 φλυαρίας,
665 2563 729 2597 πε
740 2549 790 2616 91
811 2546 911 2598 ὐπε
921 2545 1205 2616 ρηφανίας,
1237 2547 1365 2616 1:591
1387 2546 1553 2615 φίλων
1567 2548 1785 2618 δοκιμα-

197 2632 349 2697 σίας,
364 2631 492 2701 περὶ
512 2629 775 2696 παιδείας,
796 2649 862 2684 πε
872 2633 924 2701 91
943 2632 1261 2703 ἀκροάσεως
1283 2633 1617 2701 ἐπωφελοῦς.
1647 2635 1783 2703 Περὶ

195 2719 298 2773 τοῦ
332 2721 409 2791 μὴ
440 2720 796 2791 ἁμαρτάνειν,
832 2720 907 2793 μὴ
941 2720 1251 2790 ψεύδεσθαι,
1286 2723 1359 2793 μὴ
1387 2722 1665 2793 φλυαρεῖν,
1707 2722 1781 2793 μὴ

194 2807 487 2878 δευτεροῦν
517 2808 670 2876 λόγον
709 2810 766 2861 ἐν
804 2811 1079 2880 προσευχῇ
1105 2825 1120 2841 ·
1164 2810 1461 2873 τουτέστιν,
1503 2813 1560 2863 ἐν
1598 2804 1678 2873 οἷς
1716 2808 1782 2865 ἂν

197 2896 416 2968 ὑπόσχῃ
432 2895 569 2967 Θεῷ.
595 2896 669 2967 μὴ
690 2895 918 2968 ύπέρθῃ.
936 2897 1075 2968 Περί
1097 2897 1372 2964 γυναικὸς,
1392 2914 1458 2949 πε
1470 2898 1520 2969 91
1537 2898 1780 2965 οἰκετῶν,

196 2982 356 3055 [581]
387 2984 516 3054 περὶ
544 2983 775 3054 κτηνῶν,
805 2983 933 3054 περί
966 2983 1191 3050 τέκνων,
1240 2985 1366 3055 περὶ
1398 2984 1622 3056 πατρὸς,
1657 2986 1783 3057 περὶ

194 3071 296 3140 τῆς
346 3071 489 3125 κατά
521 3070 653 3124 Θεὸν
691 3070 996 3137 εὐλαϐείας,
1045 3072 1175 3142 1:591
1216 3074 1314 3144 τῆς
1360 3074 1439 3136 είς
1467 3074 1593 3136 τοὺς
1620 3074 1783 3143 ἱερεῖς

191 3158 384 3227 τιμῆς,
418 3158 547 3228 περὶ
582 3157 682 3229 τῆς
726 3159 805 3221 εἰς
835 3158 961 3222 τοὺς
1005 3158 1376 3229 κακουμένους
1422 3160 1780 3229 ἐπισκέψεως.

195 3247 335 3318 Περὶ
378 3245 474 3299 τοῦ
509 3247 583 3317 μὴ
636 3245 927 3317 μάχεσθαι,
959 3247 1033 3317 μὴ
1074 3246 1372 3312 ὀνειδίζειν,
1410 3248 1483 3318 μὴ
1534 3252 1781 3321 παρορᾷν

191 3336 552 3407 διηγημάτων
579 3336 761 3405 σοφῶν
782 3335 1067 3407 γερόντων.
1089 3338 1163 3389 Πε
1174 3336 1223 3405 91
1246 3337 1618 3407 σωφροσύνης,
1650 3340 1779 3409 1:591

192 3423 401 3491 φιλίας,
434 3425 560 3494 περὶ
585 3423 678 3477 τοῦ
704 3425 776 3495 μὴ
806 3424 999 3495 ζηλοῦν
1022 3424 1397 3495 ἁμαρτωλούς.
1427 3428 1561 3497 Περὶ
1591 3427 1778 3499 κριτοῦ

192 3511 418 3565 συνετοῦ
456 3514 547 3564 καὶ
579 3514 831 3582 ἄφρονος,
875 3513 1003 3583 περὶ
1033 3514 1430 3585 ὑπερηφανίας,
1458 3515 1585 3586 περὶ
1608 3517 1779 3571 ἐπιει-

192 3603 371 3663 κείας,
406 3603 536 3671 περὶ
565 3602 659 3654 τοῦ
692 3601 765 3673 μὴ
788 3603 1027 3673 ἀκρίτως
1053 3605 1145 3656 καὶ
1170 3604 1539 3670 ἀνεξετάστως
1569 3606 1777 3675 μέμφε-

194 3689 339 3742 σθαι.
384 3689 520 3758 Περὶ
548 3688 640 3741 τοῦ
667 3689 1026 3756 φυλάττεσθαι
1053 3691 1179 3752 τοὺς
1205 3690 1490 3761 πονηρούς.
1525 3693 1780 3763 Περὶοτῆς

188 3777 299 3829 τῶν
351 3776 623 3829 πλουσίων
667 3776 984 3848 θεραπείας,
1015 3773 1083 3851 ἧς
1129 3780 1278 3849 παρά
1334 3779 1543 3833 πολλῶν
1575 3781 1780 3852 τυγχά-

190 3881 367 3929 νουσι,
404 3865 500 3917 καὶ
545 3865 673 3935 περί
703 3865 999 3936 τῆςένίων
1044 3866 1226 3919 αὐτῶν
1269 3867 1600 3933 πλεονεξίας.
1644 3870 1779 3942 Περί

191 3952 557 4023 μικρολόγων,
589 3952 681 4016 οὓς
728 3952 927 4023 θρῖπας
955 3952 1179 4007 καλοῦσι
1204 3966 1251 4018 ο,
1281 3956 1407 4019 τοὺς
1436 3956 1508 4027 μὴ
1559 3957 1777 4026 μεταδι-

186 4041 380 4104 δόντας
401 4042 628 4113 ἑτέροις.
662 4042 797 4113 Περὶ
819 4044 1066 4114 κτήσεως
1097 4044 1306 4112 σοφίας,
1342 4046 1470 4115 περὶ
1496 4044 1589 4098 τοῦ
1620 4046 1777 4098 αὐτε-

188 4130 429 4195 ξουσίου.
485 4131 619 4202 Περὶ
667 4130 763 4184 τοῦ
810 4132 1014 4185 ἄπαιδα
1054 4127 1212 4199 εἶναι,
1263 4133 1295 4205 ἢ
1354 4133 1565 4204 πονηρά
1611 4135 1775 4188 τέκνα

184 4219 357 4289 ἔχειν.
386 4218 511 4271 Ὅτι
552 4218 703 4272 οὐδὲν
742 4218 992 4274 λανθάνει
1031 4220 1124 4273 τὸν
1156 4220 1307 4274 Θεόν.
1340 4222 1475 4291 Περί
1506 4222 1614 4274 τῶν
1656 4239 1774 4275 κτι-

187 4308 440 4379 σμάτων,
465 4306 593 4377 περὶ
622 4307 723 4378 τῆς
750 4307 845 4361 τοῦ
878 4308 1164 4380 ἀνθρώπου
1193 4308 1462 4375 πλάσεως,
1486 4311 1578 4363 καὶ
1610 4311 1775 4382 τιμῆς

184 4394 254 4469 ἦς
282 4396 543 4468 ἐτιμήθη.
586 4397 722 4469 11591
747 4398 848 4468 τῆς
869 4397 966 4451 τοῦ
1007 4398 1172 4469 νόμου
1213 4399 1432 4463 δόσεως,
1468 4402 1594 4469 1:591
1622 4400 1776 4471 ἐλεη-

190 4484 435 4556 μοσύνης
471 4483 565 4536 καὶ
597 4485 903 4553 μετανοίας,
952 4486 1081 4557 περὶ
1125 4484 1221 4539 τοῦ
1255 4486 1329 4556 μὴ
1382 4485 1769 4543 άσωτεύεσθαι.

188 4573 327 4643 Περί
371 4571 620 4642 φυλακῆς
679 4574 1016 4646 μυστηρίων,
1066 4576 1194 4646 περὶ
1227 4576 1458 4646 ἄφρονος
1513 4577 1771 4647 αἰσχύνης

186 4660 484 4731 βλαϐερᾶς.
519 4660 654 4731 Περὶ
682 4660 776 4714 τοῦ
807 4663 1087 4733 μετανοεῖν
1112 4664 1204 4716 ἐπὶ
1234 4664 1450 4735 ἀμαρτή
1461 4652 1617 4734 μασι,
1642 4666 1771 4735 περὶ

184 4750 283 4803 τοῦ
320 4751 396 4822 μὴ
435 4750 792 4815 πλεονεκτεῖν,
823 4751 953 4822 περὶ
985 4751 1206 4805 συνετοῦ
1238 4755 1330 4807 καὶ
1363 4755 1615 4823 ἄφρονος,
1644 4755 1773 4825 1:591

186 4838 461 4909 θυγατρός
514 4840 703 4904 θυσίας
742 4840 792 4903 d,
848 4842 977 4911 1:591
1020 4842 1350 4914 ἀπροσεξίας
1393 4842 1599 4914 μωροῦ,
1644 4843 1772 4914 1:591

184 4928 428 4990 διανοίας
454 4931 707 5000 στερρᾶς,
734 4931 862 5001 περὶ
887 4930 980 4985 τοῦ
1006 4931 1080 5003 μὴ
1110 4931 1587 5002 ἀπαραφυλάκτως
1616 4932 1774 5001 φθέγ-

185 5014 403 5083 γεσθαι.
440 5016 576 5087 Περὶ
619 5017 715 5070 τοῦ
755 5018 1181 5073 κατανύττεσθαι
1224 5023 1337 5084 τοῖς
1393 5022 1770 5092 ἁμαρτήμασι,

186 5105 320 5176 περὶ
350 5104 447 5158 τοῦ
495 5105 570 5177 μὴ
608 5107 857 5177 ὀμνύναι,
908 5110 1037 5179 1:591
1082 5108 1294 5179 σοφίας.
1335 5112 1471 5184 Περὶ
1515 5111 1771 5181 γυναικὸς

185 5194 434 5264 πονηρᾶς
460 5193 556 5246 καὶ
589 5194 820 5265 ἀγαθῆς,
854 5197 981 5268 1:591
1019 5197 1297 5268 ἐμπόρων,
1329 5200 1456 5269 1:591
1494 5198 1774 5255 ἐκλαλούν-

184 5298 296 5335 των
343 5283 635 5353 μυστήρια.
672 5284 806 5356 Περὶ
838 5284 933 5338 τοῦ
971 5287 1049 5349 εἰς
1080 5286 1369 5357 πρόσωπον
1405 5290 1770 5354 ἐπαινοῦντος,

186 5368 420 5441 ὕστερον
448 5370 506 5424 δὲ
555 5371 927 5441 χλευάζοντος.
967 5374 1103 5446 Περὶ
1134 5374 1229 5428 τοῦ
1272 5376 1485 5447 ἀφιέναι
1516 5377 1592 5448 τῷ
1635 5379 1773 5451 πλη-

247 5621 277 5691 ξ
304 5619 389 5691 ξίε
404 5618 768 5691 [el-581009915
792 5623 1056 5679 Athanasio
1082 5627 1275 5679 tributa.

250 5682 280 5724 ὶι
306 5682 454 5734 Coisl.
481 5682 822 5740 ἐξιλάσκεσθαι.

1282 252 1615 312 SYNOPSIS
1651 247 2068 307 SCRIPTURE
2110 249 2382 306 SACRA‘.

3366 256 3469 315 576

1898 364 2011 416 σίον
2041 365 2109 417 τά
2150 368 2226 428 εἰς
2255 366 2414 419 αὐτὸν
2458 367 2923 438 πλημμελούμενα
2958 385 2978 408 ο
2999 410 3012 424 .
3046 371 3178 441 Περί
3218 374 3466 445 γλώσσης

1893 454 2091 520 δολίας,
2137 456 2264 527 1:591
2289 457 2383 509 τοῦ
2415 455 2678 519 δανείζειν
2710 458 2788 528 τῷ
2831 460 3079 529 πλησίον,
3113 462 3249 531 ούχὶν
3277 463 3467 527 τόκους

1894 541 2098 603 λαϐεῖν,
2131 544 2265 596 ἀλλά
2297 546 2492 614 κιχρᾷν
2520 546 2597 614 τῷ
2634 544 2893 616 δεομένῳ.
2932 548 3065 618 Περὶ
3094 548 3186 601 τοῦ
3214 551 3468 621 ἐπιστρόο

1895 648 2013 698 φως
2064 630 2335 685 παιδεύειν
2373 632 2558 697 τέκνα,
2606 634 2734 703 περὶ
2779 634 3021 700 οἰκετῶν,
3057 638 3199 706 1:591
3235 635 3465 706 ἀλόγων,

1895 737 1961 772 πε
1972 721 2023 789 91
2049 721 2329 775 ἐνυπνίων.
2358 722 2494 793 Περὶ
2519 721 2627 775 τῶν
2659 722 3010 794 φοϐουμένων
3039 724 3130 777 τὸν
3155 725 3306 789 Θεδν,
3339 731 3466 799 περὶ

1893 807 1999 861 τῶν
2042 807 2101 873 ἐξ
2134 809 2342 873 ἀδικίας
2374 808 2594 876 θυσιῶν,
2641 812 2770 878 περὶ
2802 813 3127 883 προσφορῶν
3158 813 3265 868 τῶν
3294 816 3358 869 ἐκ
3390 816 3466 869 δι-

1893 898 2204 969 καιοσύνης.
2232 900 2368 971 Περί
2398 900 2782 973 φιλαργυρίας,
2807 902 2935 971 περὶ
2959 902 3310 974 λαιμαργίας,
3336 909 3465 978 1:591

1897 986 2085 1057 μέθης.
2122 988 2243 1041 Ὅτι
2287 990 2320 1057 ἡ
2354 989 2452 1061 μέν
2485 989 2797 1061 κατασκευὴ
2842 990 2942 1059 τῆς
2972 991 3184 1059 φύσεως
3227 997 3339 1058 τοῖς
3368 995 3462 1048 ἀν-

1892 1075 2131 1146 θρώποις
2159 1075 2257 1145 μία
2280 1094 2291 1107 ·
2319 1076 2381 1129 τὸ
2411 1076 2465 1129 δὲ
2497 1078 2595 1148 τῆς
2631 1078 3003 1150 προαιρέσεως
3030 1080 3304 1151 διάφορον,
3337 1086 3465 1148 τοὺς

1894 1163 1992 1233 μὲν
2022 1163 2380 1232 εὐλογεῖσθαι,
2411 1165 2535 1229 τοὺς
2566 1166 2622 1219 δέ
2650 1168 3023 1238 καταραθῆναι
3059 1169 3299 1240 ἐποίησε.
3329 1171 3464 1242 Περὶ

1894 1253 2151 1323 ἰατρείας,
2188 1255 2317 1325 1:591
2341 1255 2433 1308 τοῦ
2464 1256 2537 1327 μὴ
2583 1256 2723 1325 ἄγαν
2762 1259 3077 1328 κρατεῖσθαι
3123 1260 3287 1332 λύπῃ.
3325 1260 3463 1332 Περὶ

1887 1339 1982 1392 τοῦ
2010 1340 2117 1393 δεῖν
2141 1342 2220 1412 τῷ
2258 1343 2403 1415 νόμῳ
2452 1345 2545 1397 καὶ
2584 1348 2695 1409 τοῖς
2722 1344 2815 1398 τοῦ
2851 1346 2985 1400 Θεοῦ
3030 1347 3209 1418 νόμοις
3243 1354 3462 1421 κρατεῖ-

1890 1428 2033 1482 σθαι.
2059 1430 2194 1500 Περὶ
2218 1431 2325 1484 τῶν
2352 1431 2446 1485 τοῦ
2472 1432 2605 1485 Θεοῦ
2644 1433 2840 1504 ἔργων,
2872 1436 2999 1506 περὶ
3027 1435 3139 1489 τῶν
3159 1437 3458 1508 τιμωριῶν,

1886 1516 2015 1586 περί
2046 1518 2143 1587 τῆς
2171 1516 2514 1590 ἀνθρωπίνης
2545 1519 2777 1588 φύσεως,
2814 1522 2894 1575 ὅτι
2939 1521 3147 1577 πολλῶν
3172 1524 3457 1597 ἐμπέπλη-

1889 1621 2011 1658 σται
2039 1606 2213 1676 φόνων
2238 1607 2331 1662 καί
2355 1608 2667 1680 φροντίδων.
2686 1611 2821 1683 Περὶ
2855 1611 2961 1665 τῶν
2985 1612 3077 1666 τοῦ
3100 1613 3231 1668 Θεοῦ
3259 1613 3456 1686 ἔργων.

1955 1776 2221 1845 Σύνοψις
2244 1775 2360 1831 τῶν
2386 1776 2465 1843 τῷ
2492 1778 2770 1850 προφήτῃ
2807 1779 3018 1849 Ἡσαΐᾳ
3042 1782 3384 1852 εἰρημένων.

1956 1926 2275 1996 Κατηγορία
2311 1926 2404 1979 τοῦ
2441 1926 2655 1999 Ἰσραὴλ
2690 1930 2783 1983 καὶ
2813 1931 3087 2002 συμφορά,
3120 1934 3218 1986 καὶ
3254 1935 3456 2005 παραί-

1882 2029 2038 2083 τησις
2066 2014 2287 2078 θυσιῶν,
2325 2016 2420 2069 καί
2444 2017 2763 2088 παραίνεσις
2788 2018 3053 2088 βελτίονος
3077 2020 3214 2091 βίου.
3242 2025 3457 2095 Προφη-

1882 2100 1998 2153 τεία
2028 2102 2156 2171 1:591
2180 2103 2281 2173 τῆς
2316 2104 2660 2176 Ἐκκλησίας,
2681 2107 2774 2161 καὶ
2794 2110 2892 2178 τῆς
2917 2109 3182 2180 ἐσομένης
3211 2113 3451 2183 εἰρήνης.

1883 2188 2199 2259 Κατηγορία
2222 2188 2315 2242 τοῦ
2352 2191 2587 2263 Ἰσραὴλ,
2610 2194 2705 2247 καὶ
2724 2194 3006 2265 πολιορκία
3030 2196 3281 2268 ἐσομένη.
3312 2202 3458 2254 Κατ-

1882 2276 2079 2346 ηγορία
2125 2278 2224 2348 τῆς
2270 2278 2483 2348 τρυφῆς
2533 2280 2711 2334 αὐτῶν
2765 2282 2858 2335 καὶ
2910 2284 3007 2352 τῆς
3058 2285 3453 2356 ὑπερηφανίας.

1895 2362 2157 2434 Ἀποϐολὴ
2209 2364 2301 2417 τοῦ
2343 2366 2557 2438 Ἰσραὴλ
2594 2367 2681 2420 διά
2728 2368 2823 2422 τοῦ
2869 2371 3311 2442 παραδείγματος
3358 2374 3453 2428 τοῦ

1880 2451 2220 2521 ἀμπελῶνος.
2255 2454 2541 2509 Διαϐάλλει
2566 2457 2693 2519 τοὺς
2714 2456 2977 2528 ἄρχοντας
3003 2458 3095 2511 τοῦ
3138 2460 3352 2531 Ἰσραὴλ
3376 2463 3457 2525 εἰς

1880 2540 2194 2606 πλεονεξίαν
2228 2542 2322 2596 καὶ
2350 2545 2430 2606 εἰς
2477 2543 2669 2614 μέθην,
2703 2546 2795 2598 καὶ
2829 2544 3081 2616 προλέγει
3118 2548 3301 2610 αὐτοῖς
3329 2550 3457 2621 ἐρή-

1883 2645 2075 2698 μωσιν.
2093 2629 2203 2683 Καὶ
2218 2630 2430 2683 ἀπειλεῖ
2457 2633 2568 2695 τοῖς
2589 2632 2896 2702 προτιμῶσι
2922 2635 3048 2697 τοὺς
3075 2634 3454 2707 ψευδοπροφή-

1876 2733 1976 2780 τας
2011 2714 2159 2788 [582]
2188 2717 2298 2772 τῶν
2339 2720 2653 2790 προφητῶν.
2687 2722 2905 2784 Ἀνοδος
2928 2721 3034 2774 τῶν
3063 2722 3335 2793 πολεμίων
3362 2724 3458 2779 αὐ⁶

1877 2804 2007 2858 τῶν.
2044 2806 2178 2877 Ὁρᾷ
2223 2806 2322 2877 τὴν
2372 2807 2661 2875 ὀπτασίαν,
2694 2811 2751 2862 ὲν
2853 2809 3131 2881 ἐκαθάρθη
3180 2812 3345 2865 αὐτοῦ
3387 2814 3456 2866 τά

1878 2893 2051 2965 χείλη.
2116 2895 2527 2966 Ἐπιστρατεύει
2557 2896 2586 2948 ὀ
2619 2896 2806 2968 Σύρων
2861 2897 3113 2967 βασιλεὺς
3162 2899 3300 2968 μετά
3347 2900 3456 2955 τῶν

1891 2981 2239 3055 Ἰσραηλιτῶν
2267 2982 2360 3035 ἐπὶ
2395 2982 2495 3053 τὴν
2535 2983 2908 3056 Ἰερουσαλὴμ,
2935 2986 3031 3038 καί.
3060 2987 3392 3057 προφητεύει
3425 2990 3456 3042 ὀ

1889 3070 2116 3132 Ἡσαΐας
2143 3070 2269 3141 περὶ
2298 3069 2391 3123 τοῦ
2428 3071 2685 3141 Χριστοῦ,
2714 3073 2807 3125 καὶ
2844 3072 2970 3143 περὶ
2997 3074 3096 3143 τῆς
3122 3073 3454 3145 ἐρημώσεως

1888 3158 2263 3229 Ἰερουσαλὴμ,
2292 3148 2392 3212 ’καὶ
2420 3160 2547 3229 1:591
2594 3159 2694 3229 τῆς
2733 3161 2919 3214 ἀνόδου
2964 3159 3449 3235 Ναϐουχοδονόσορ.

1878 3246 2191 3315 Προφητεία
2236 3246 2344 3298 τῶν
2372 3247 2451 3309 εἰς
2493 3247 2727 3317 Χριστὸν
2763 3248 3145 3305 πιστευόντων.
3186 3251 3322 3320 Περὶ
3353 3252 3452 3322 τῆς

1880 3332 2059 3403 ἰσχύος
2083 3332 2177 3386 καὶ
2205 3333 2581 3404 ὑπερηφανίας
2605 3335 2699 3388 καὶ
2718 3336 2992 3400 ἀπωλείας
3011 3336 3103 3392 τοῦ
3143 3337 3448 3410 Ἀσσυρίου.

1876 3421 2013 3490 Περί
2033 3421 2138 3474 τῶν
2169 3422 2529 3476 πιστευόντων
2558 3422 2801 3494 Χριστῷ,
2830 3426 2958 3495 περί
2984 3426 3084 3496 τῆς
3115 3426 3254 3481 κατά
3277 3428 3452 3498 σάρκα

1876 3512 2182 3579 γεννήσεως
2211 3509 2306 3563 τοῦ
2335 3510 2572 3581 Χριστοῦ
2594 3529 2609 3544 ·
2635 3513 2761 3583 1:591
2792 3512 2901 3582 τῆς
2927 3513 3036 3568 τῶν
3067 3516 3147 3577 εἰς
3175 3515 3336 3569 αὐτὸν
3360 3533 3451 3568 πι-

1877 3600 2172 3652 στευόντων
2200 3599 2517 3661 ἐπιεικείας.
2562 3599 2859 3657 ’Δπώλειαν
2884 3601 3197 3668 Βαϐυλῶνος
3222 3606 3317 3658 καὶ
3342 3604 3453 3659 τῶν

1875 3686 2185 3755 ἀλλοφύλων
2226 3686 2576 3759 προφητεύει.
2638 3688 2907 3744 Ἀπώλεια
2949 3688 3270 3747 Μωαϐιτῶν.
3318 3694 3453 3765 Περὶ

1832 3800 1843 3809 -
1876 3775 2111 3845 Χριστοῦ
2169 3777 2494 3847 προφητεία.
2536 3776 2802 3832 Ἀπώλεια
2853 3779 3167 3849 Δαμασκοῦ,
3214 3782 3308 3837 καὶ
3357 3782 3449 3835 τοῦ

1888 3864 2102 3933 Ἰσραὴλ
2136 3863 2391 3935 συμφορά
2424 3865 2519 3918 καὶ
2560 3864 2820 3935 σωτηρία.
2861 3865 3127 3921 Ἀπώλεια
3155 3868 3449 3935 Αἰγύπτου.

1891 3951 2205 4023 Ἀλληγορεῖ
2229 3952 2470 4008 κάκωσιν
2498 3954 2579 4014 εἰς
2615 3951 2682 4005 τὰ
2711 3952 2833 4022 ἔθνη
2873 3953 2941 4006 τά
2977 3953 3049 4023 μὴ
3091 3955 3451 4013 πιστεύσαντα

1874 4036 1952 4107 τῷ
1978 4038 2187 4109 Κυρίῳ,
2210 4039 2305 4091 καί
2327 4041 2406 4101 εἰς
2426 4038 2522 4109 τὴν
2548 4039 2825 4108 ἐρήμωσιν
2851 4039 2948 4108 τῆς
2968 4040 3222 4102 ἀσεϐείας
3246 4042 3446 4098 αὐτῶν.

1874 4126 2168 4179 Κελεύεται
2211 4127 2445 4189 Ἡσαΐας
2471 4126 2675 4196 γυμνὸς
2719 4127 3109 4197 περιπατῆσαι.
3156 4129 3448 4199 Ἐπιστραο

1871 4214 1991 4268 τεία
2020 4214 2346 4284 Μήδωνκαὶ
2398 4214 2749 4268 Βαϐυλωνίων
2796 4216 3059 4287 γενομένη
3099 4218 3238 4274 κατά
3290 4218 3449 4273 Ἰδου-

1877 4302 2041 4372 μαίας
2063 4302 2156 4357 καί
2186 4302 2463 4373 Ἀραϐίας.
2493 4302 2786 4373 Πολιορκία
2814 4303 3219 4375 Ἰερουσαλὴμή
3247 4306 3446 4377 ἐσχάτη

1872 4390 1976 4443 ύπὸ
2008 4390 2499 4460 Ναϐουχοδονόσορ.
2527 4390 2839 4463 Πρόρρησις
2861 4390 2938 4461 τῷ
2964 4392 3162 4463 Σωμνᾷ
3183 4392 3262 4463 τῷ
3279 4394 3449 4465 ταμίᾳ

1872 4478 2000 4548 περὶ
2027 4479 2127 4549 τῆς
2171 4477 2464 4541 ἀπωλείας.
2497 4480 2560 4531 Οἱ
2588 4478 2645 4532 δὲ
2672 4478 2882 4549 ταμίαι,
2926 4480 3223 4546 τουτέστιν,
3260 4482 3308 4534 οἰ
3352 4482 3451 4551 φύ-

1869 4566 2033 4630 λακες
2061 4566 2169 4619 τῶν
2182 4568 2239 4619 ἐν
2258 4566 2334 4636 τῷ
2352 4566 2481 4636 ἱερῷ
2496 4584 2599 4637 χρη
2609 4567 2813 4637 μάτων,
2835 4566 3056 4620 ἀπὸτῶν
3082 4569 3271 4638 ἱερέων
3289 4565 3445 4639 ἦσαν.

1883 4652 2151 4707 Ἀπώλεια
2200 4653 2399 4724 Τύρου,
2440 4655 2534 4707 καὶ
2578 4655 2610 4723 ή
2655 4654 2794 4723 μετὰ
2844 4654 3015 4709 ταῦτα
3061 4658 3322 4727 σωτηρία,
3356 4662 3450 4716 καὶ

1869 4744 1998 4812 περὶ
2023 4741 2132 4795 τῶν
2178 4740 2512 4811 Ἐκκλησιῶν
2533 4740 2927 4811 ἀλληγορικῶς.
2978 4742 3245 4795 Ἀπώλεια
3280 4745 3453 4805 Βαϐυ-

1867 4832 2034 4897 λῶνος
2069 4831 2174 4886 ὑπὸ
2204 4831 2422 4902 Μήδων,
2447 4832 2540 4885 καὶ
2564 4831 2652 4883 ἐπ’
2691 4831 2828 4902 αὐτῇ
2862 4831 3178 4903 εὐχαριστία
3219 4834 3297 4900 τῷ
3330 4836 3450 4904 θεῷ

1931 5014 1955 5077 ε
1981 5011 2307 5077 H_uncl01:um
2328 5010 2548 5073 respicit,
2580 5009 2653 5077 μ,
2684 5012 2715 5059 5
2747 5012 2910 5077 τάνδοί
2939 5013 3207 5077 μικρολόγῳ
3231 5015 3286 5063 οὐ
3307 5015 3451 5071 καλὸς

1866 5076 1892 5122 ὁ
1912 5072 2129 5130 πλοῦτος·
2156 5071 2262 5136 viro
2284 5071 2433 5136 parco
2456 5085 2548 5122 non
2574 5074 2708 5124 bona:
2726 5079 2835 5123 sunt
2854 5071 3054 5126 άὶυἱιίαὲ.
3082 5071 3260 5124 Pai'izos
3283 5083 3449 5125 autem

1866 5136 2028 5199 θρῖπας
2053 5135 2303 5185 vocabant}
2331 5135 2418 5184 list
2443 5148 2559 5183 vero
2580 5137 2687 5198 θρίψ
2705 5149 2875 5199 genus,
2899 5138 3155 5199 Vermiculi
3178 5140 3449 5187 secundum

1865 5198 2083 5255 Suidam,
2108 5200 2237 5259 quod
2261 5200 2392 5259 ligna
2414 5202 2464 5245 et
2504 5211 2682 5247 cornua
2708 5198 3015 5249 corrodebat.
3042 5200 3169 5250 Hinc
3199 5212 3368 5261 parcos
3394 5206 3447 5247 et

1868 5274 2039 5324 avaros
2081 5260 2244 5323 θρῖπας
2284 5267 2535 5309 vocarunt.
2584 5261 2859 5321 liesychius
2884 5275 2895 5309 :
2925 5262 3050 5324 Ορὶψ,
3085 5260 3323 5324 γλίσχρος,
3350 5276 3450 5323 φει-

1868 5323 2036 5378 δωλός.

1929 5382 2265 5447 ¢1_Legendum
2284 5383 2522 5447 θρασείας,
2548 5389 2601 5431 ut
2632 5386 2687 5447 fin
2709 5382 2920 5447 Synoij
2941 5397 3051 5444 quae
3073 5383 3339 5447 Athanasio
3363 5385 3447 5431 δας

1868 5444 2115 5501 εειίἰιὶῐιὶτ,
2141 5459 2251 5507 qua:
2275 5444 2512 5507 Sj'nopsis
2550 5448 2598 5494 in
2630 5444 3022 5507 Ecclesiaaicum
3045 5445 3159 5507 siv_e_
3182 5444 3448 5493 Sirachiom

1871 5509 2065 5568 longior
2089 5503 2195 5569 haé,
2234 5503 2386 5569 patina
2413 5503 2561 5569 habet
2584 5507 2643 5556 ad
2669 5506 2885 5569 verbum
2917 5507 2994 5569 hi5
3016 5503 3209 5569 sjmilia.
3234 5507 3447 5569 12151511.-

1872 5566 1981 5629 mni
2002 5581 2120 5616 vero
2146 5566 2377 5617 librorum
2404 5568 2655 5629 Synapscs
2679 5576 2781 5617 loto
2803 5568 2923 5615 caalo
2954 5566 3207 5629 diﬂ‘erunl.
3234 5566 3286 5615 ln
3314 5570 3449 5617 Sira-

1868 5626 2203 5694 cidrelegitur,
2227 5631 2305 5687 22,
2320 5632 2365 5687 5,
2390 5626 2570 5691 πατέρα
2590 5632 2669 5678 καὶ
2695 5631 2838 5692 ἀνδρα
2864 5628 3170 5691 καταισχύνει
3188 5629 3445 5694 ἡθρασεὶα.

1940 5693 1962 5718 ⁸
1989 5691 2139 5743 Forte
2161 5694 2605 5755 πεπλημμελημένοι.
