3720 6274
341 237 437 294 577

337 357 444 412 ὐπὸ
465 352 560 410 τοῦ
599 352 901 424 προφήτου.
938 351 1047 404 Kal
1079 353 1204 422 περὶ
1241 351 1350 404 τῶν
1386 349 1608 422 Χριστῷ
1634 347 1915 402 πιστευόν-

336 459 444 494 των
482 435 808 509 προφητεία,
841 435 1092 506 περὶτῆς
1119 435 1212 488 τοῦ
1240 429 1484 488 διαϐόλου
1513 432 1788 495 ἀπωλείας
1817 432 1917 501 τῆς

337 527 441 580 ὑπὸ
473 524 708 596 Χριστοῦ
734 524 1029 594 γενομένης
1052 537 1065 551 ⁸
1099 523 1227 593 περί
1254 524 1352 592 τῆς
1379 522 1472 574 τοῦ
1505 520 1744 592 Χριστοῦ
1774 518 1916 573 κατά

336 616 516 684 σάρκα
547 611 888 681 παρουσίαςο
922 609 1051 680 περὶ
1104 609 1205 679 τῆς
1251 605 1328 672 εἰς
1379 607 1612 678 Χριστὸν
1657 608 1918 671 πίστεως.

347 698 688 768 Ἐγκαλείται
717 700 746 750 6
781 697 1018 768 Ἰσραὴλ,
1047 698 1128 750 ὅτι
1159 697 1257 765 τὴν
1291 695 1479 750 ἐλπίδα
1497 695 1604 750 ἀπὸ
1632 693 1765 748 Θεοῦ
1781 694 1916 746 ἀπο-

336 790 562 860 στήσας,
605 787 699 838 ὲπὶ
740 786 868 848 τοὺς
903 784 1235 853 Αἰγυπτίους
1268 783 1437 853 αὐτὴν
1479 784 1785 852 μετήγαγε·
1821 781 1914 834 καὶ

333 872 761 947 προαγορεύεται
788 871 935 942 αὐτῷ
971 870 1134 934 κακά,
1173 870 1266 923 καὶ
1298 868 1522 941 εὐθηνία
1549 867 1690 939 μετά
1717 867 1909 926 ταῦτα.

333 961 740 1034 Ιιροφητεύεται
781 959 836 1014 δὲ
865 959 922 1010 ἐν
950 957 1029 1027 τῷ
1071 955 1221 1026 αὐτῷ
1249 954 1377 1026 περὶ
1411 955 1508 1024 τῆς
1549 953 1650 1012 τοῦ
1675 954 1917 1026 Χριστοῦ.

345 1050 688 1122 Ἐκκλησίας,
721 1049 849 1118 περὶ
878 1046 977 1114 τῆς
1007 1043 1339 1114 ἐπιστροφῆς
1376 1043 1484 1097 τῶν
1512 1041 1680 1096 ἐθνῶν
1708 1043 1808 1113 τῆς
1833 1044 1912 1106 είς

330 1140 583 1212 Χριστὸν,
616 1137 709 1190 καὶ
733 1136 860 1206 περὶ
880 1134 978 1204 τῆς
1001 1132 1333 1203 ἐρημώσεως
1370 1132 1675 1203 Ἱερουσαλή
1686 1150 1743 1202 μ.
1778 1132 1912 1202 Περὶ

329 1229 430 1300 τῆς
464 1224 786 1296 Ἐκκλησίας
825 1221 1053 1294 ἱστορία,
1077 1214 1148 1284 ῶς
1190 1219 1290 1289 μὲν
1321 1220 1462 1272 κατά
1496 1221 1595 1290 τὴν
1623 1220 1911 1291 πρόχειρον

330 1319 410 1382 εἰς
441 1314 540 1387 τὴν
572 1312 874 1382 Ἰδαυμαίαν
901 1310 996 1364 καὶ
1015 1309 1114 1379 τὴν
1151 1306 1524 1382 Ἰερουσαλὴμ,
1557 1308 1675 1370 κατ’
1700 1307 1912 1374 ἀναγω-

329 1403 433 1474 γὴν
457 1403 513 1456 δὲ
556 1402 634 1464 είς
666 1398 765 1470 τὴν
812 1395 1044 1468 ἐρημίαν
1087 1393 1194 1447 τῶν
1238 1392 1525 1458 Ἰουδαίων,
1560 1393 1654 1456 καὶ
1687 1395 1766 1455 είς
1813 1395 1911 1464 τὴν

331 1488 630 1561 εὐπραγίαν
656 1487 753 1558 τῆς
779 1483 872 1538 τοῦ
895 1482 1129 1555 Χριστοῦ
1165 1481 1511 1551 Ἑκκλησίας.
1542 1481 1623 1533 Τὰ
1647 1481 1790 1534 κατά
1820 1481 1910 1533 τὸν

331 1577 691 1649 Σεναχηρείμ.
742 1573 1057 1646 Προφήτεία
1088 1573 1213 1643 περὶ
1265 1573 1513 1624 Ἰωάννου
1544 1571 1637 1624 τοῦ
1679 1571 1911 1642 Προδρό-

335 1685 459 1738 μου,
489 1665 584 1719 καὶ
611 1663 718 1717 τῶν
744 1664 822 1726 εἰς
844 1660 1078 1732 Χριστὸν
1108 1660 1490 1713 πιστευόντων.
1510 1659 1624 1728 Τῆς
1649 1657 1742 1711 τοῦ
1773 1657 1907 1711 Θεοῦ

328 1755 608 1826 δυνάμεως
653 1750 896 1816 ἔνδειξις,
927 1751 1022 1804 καὶ
1057 1750 1363 1819 κατηγορία.
1405 1748 1499 1801 τοῦ
1551 1747 1786 1818 Ἰσραήλ,
1833 1747 1908 1809 ὡς

327 1839 856 1911 εἰδωλολατροῦντος,
897 1839 992 1891 xal
1026 1837 1133 1890 τῶν
1171 1839 1251 1900 εἰς
1288 1836 1379 1888 τὸν
1409 1835 1536 1890 λαὸν
1582 1835 1908 1904 εὐεργεσιῶν

328 1930 652 2001 ὑπόμνησις.
692 1926 830 1997 Περὶ
856 1925 956 1996 τῆς
1003 1923 1460 1994 ἐκκλησιαστικῆς
1502 1922 1905 1984 καταστάσεως,

326 2021 422 2075 καὶ
449 2018 682 2074 εἰδώλων
703 2015 1002 2078 ἀσθενείας.
1032 2013 1169 2084 Περὶ
1195 2011 1432 2083 Χριστοῦ
1459 2009 1787 2082 προφητεία,
1813 2010 1908 2062 καὶ

324 2111 434 2164 τῶν
479 2111 559 2170 εἰς
608 2106 769 2161 αὐτὸν
813 2104 1195 2159 πιστευόντων.
1247 2101 1523 2166 Ὀνειδίζει
1570 2101 1648 2171 τῷ
1693 2100 1908 2171 Ἰσραὴλ

325 2197 608 2270 ἁμαρτιῶν
635 2198 838 2250 ἕνεκεν.
862 2194 1026 2262 Λέγει
1051 2191 1140 2247 διά
1157 2193 1256 2264 τὴν
1275 2190 1560 2263 παρακοήν
1579 2189 1759 2244 αὐτῶν
1781 2190 1905 2241 ἐπε-

324 2285 583 2356 νηνέχθαι
633 2285 816 2346 αὐτοῖς
847 2281 948 2345 τὰς
989 2279 1295 2356 συμφοράς.
1332 2278 1470 2348 Περὶ
1509 2278 1609 2349 τῆς
1653 2278 1733 2340 εἰς
1770 2277 1906 2348 Χρι-

325 2375 450 2428 στὸν
480 2373 737 2436 πίστεως.
764 2371 887 2424 Ὅτι
910 2370 1005 2422 καὶ
1036 2368 1110 2440 μή
1137 2367 1332 2425 θύοντα
1357 2367 1505 2420 εῐασε
1531 2365 1622 2419 τὸν
1642 2365 1788 2429 λαὸν,
1812 2367 1907 2422 καὶ

323 2463 424 2515 οὐκ
455 2461 652 2531 ἀπῄτει
696 2459 794 2530 τήν
826 2457 915 2511 διὰ
945 2456 1147 2510 θυσιῶν
1175 2455 1450 2527 λατρείαν.
1489 2455 1598 2513 Kal
1637 2453 1766 2526 περὶ⁸
1797 2453 1906 2506 τῶν

323 2552 403 2614 εἰς
444 2548 678 2619 Χριστὸν
719 2545 1085 2600 πιστευόντων
1139 2542 1468 2614 προφητεία.
1506 2542 1767 2612 Ἔλεγχος
1807 2543 1906 2613 τῆς

320 2638 432 2696 τῶν
458 2634 687 2690 εἰδώλων
720 2632 1019 2697 ἀσθενείας,
1051 2631 1147 2692 καὶ
1175 2630 1397 2704 ἔνδειξις
1417 2630 1512 2700 τῆς
1535 2629 1628 2682 τοῦ
1654 2629 1789 2682 Θεοῦ
1817 2629 1907 2683 δυ-

321 2727 558 2797 νάμεως.
603 2722 872 2776 Ἀπώλεια
914 2719 1255 2783 Βαϐυλῶνος,
1287 2720 1383 2773 καὶ
1425 2721 1526 2790 τῆς
1562 2718 1902 2788 σκληροκαρ-

321 2813 441 2876 δίας
505 2810 771 2865 Ἰουδαίων
818 2808 1058 2879 ἐλεγχος,
1109 2807 1204 2860 καὶ
1258 2805 1508 2877 χρηστῶν
1566 2806 1905 2876 πραγμάτων

321 2899 652 2973 προφητεία.
688 2897 825 2968 Περὶ
853 2893 1089 2967 Χριστοῦ
1113 2895 1418 2966 προφητεία
1439 2894 1533 2948 καὶ
1563 2893 1903 2965 παράκλησις

334 2986 708 3059 Ἰερουσαλήμ.
745 2985 880 3056 Περὶ
902 2983 1010 3036 τῶν
1037 2983 1350 3036 ἀποστόλων
1383 2982 1476 3035 καὶ
1505 2983 1633 3052 περὶ
1666 2983 1902 3054 Χριστοῦ

321 3074 647 3151 προφητεία.
681 3073 817 3146 Περὶ
853 3073 953 3142 τῆς
987 3071 1080 3134 τοῦ
1122 3071 1359 3146 Χριστοῦ
1397 3073 1536 3124 κατά
1568 3071 1746 3143 σάρκα
1778 3088 1905 3140 γεν-

321 3167 552 3236 νήσεως,
586 3163 680 3216 καὶ
706 3163 834 3232 περ)⁸
861 3160 1086 3223 πάθους,
1111 3162 1206 3213 καὶ
1236 3160 1608 3223 ἀναστάσεως,
1642 3160 1736 3213 καὶ
1771 3160 1903 3230 πλή-

321 3255 449 3316 θους
475 3251 583 3306 τῶν
615 3252 695 3314 εἰς
725 3251 886 3305 αὐτὸν
927 3250 1310 3304 πιστευόντων.
1353 3250 1489 3316 Περὶ
1526 3248 1619 3301 τοῦ
1668 3247 1901 3318 Χριστοῦ

317 3343 439 3412 ἅμα
465 3341 560 3395 καὶ
582 3341 711 3410 περὶ
739 3338 894 3410 [383}
914 3338 1008 3390 τοῦ
1050 3337 1266 3409 Ἰσραὴλ
1293 3336 1435 3390 κατά
1469 3337 1730 3408 ἱστορίαν,
1762 3337 1909 3402 κατὰ,

317 3429 614 3499 ἀναγωγὴν
643 3428 770 3498 περὶ
801 3427 910 3480 τῶν
933 3429 1012 3488 εἰς
1045 3427 1278 3495 Χριστὸν
1306 3427 1684 3479 πιστευόντων.
1721 3429 1904 3497 Κατη-

318 3519 482 3589 γορία
523 3515 790 3572 Ἰουδαίων
829 3514 1271 3584 εἰδωλολατρείας
1310 3514 1517 3575 ἕνεκεν,
1560 3515 1652 3567 καὶ
1682 3516 1780 3586 τῆς
1809 3533 1901 3586 νη-

322 3606 508 3670 στείας
543 3603 723 3658 αὐτῶν
752 3603 1104 3673 παραίτησις,
1139 3601 1231 3659 καὶ
1267 3601 1458 3672 ἐτέρας
1501 3603 1752 3674 νηστείας
1780 3602 1902 3672 βελ-

318 3696 493 3758 τίονος
519 3691 809 3757 ὐπόδειξις.
839 3687 974 3744 Εἶτα
995 3691 1300 3760 κατηγορία
1333 3691 1440 3744 τῶν
1465 3691 1694 3761 δολερῶν
1725 3692 1903 3745 αὐτῶν

320 3785 498 3855 ἔργων
531 3781 627 3835 καὶ
651 3779 1054 3851 βουλευμάτων,
1083 3779 1176 3832 καὶ
1206 3780 1510 3850 προφητεία
1538 3781 1794 3851 περὶτῶν
1823 3782 1910 3844 εἰς

318 3872 554 3941 Χριστὸν
588 3869 968 3924 πιστευόντων.
1006 3868 1138 3939 Περὶ
1179 3869 1416 3940 Χριστοῦ
1451 3871 1775 3940 προφητεία,
1809 3871 1903 3924 καὶ

319 3961 450 4032 περὶ
474 3959 582 4012 τῶν
611 3959 805 4012 ίάσεων
829 3955 939 4009 τῶν
964 3957 1043 4019 είς
1067 3955 1244 4027 ψυχὴν
1267 3957 1358 4011 καὶ
1385 3959 1464 4020 εἰς
1494 3957 1652 4028 σῶμα
1677 3959 1902 4028 γενομέ-

315 4065 424 4102 νων
456 4048 548 4100 ὐπ’
575 4045 760 4110 αὐτοῦ,
791 4045 884 4098 καὶ
911 4045 1040 4114 περὶ
1062 4043 1169 4096 τῶν
1192 4045 1502 4098 ἀποστόλων
1531 4046 1622 4098 καὶ
1649 4047 1774 4116 περὶ
1795 4047 1902 4100 τῶν

317 4135 518 4189 λοιπῶν
537 4133 645 4187 τῶν
668 4133 1031 4186 πιστευόντων
1060 4133 1227 4202 αὐτῷ.
1259 4133 1394 4202 Περί
1421 4131 1515 4186 τοῦ
1539 4133 1764 4208 πάθους.
1794 4136 1902 4188 Kal

318 4227 469 4297 παρά
496 4223 590 4278 τοῦ
625 4223 927 4294 προφήτου,
959 4221 1034 4284 ὡς
1067 4221 1216 4292 παρά
1248 4220 1343 4273 τοῦ
1380 4221 1530 4288 λαοῦ,
1578 4222 1902 4296 ἐξομολόγη-

320 4333 424 4376 σις,
458 4313 552 4366 καὶ
581 4311 733 4381 παρὰ
753 4309 846 4362 τοῦ
879 4309 1084 4381 Κυρίου
1115 4309 1332 4380 ἔλεγχος
1353 4310 1576 4365 ἐκείνων
1598 4312 1898 4379 ἀπειθείας,

319 4401 426 4454 καὶ,
443 4398 745 4470 πρόσληψις
767 4398 874 4450 τῶν
894 4396 1258 4450 πιστευόντων
1284 4396 1454 4467 αὐτῷ,
1480 4398 1576 4454 καὶ
1600 4400 1901 4469 κατηγορία

317 4489 417 4558 τῆς
452 4486 720 4540 Ἰουδαίων
750 4483 1213 4553 είδωλολατρείας.
1245 4484 1382 4554 Περὶ
1398 4484 1508 4536 τῶν
1535 4487 1902 4540 πιστευόντων

321 4577 380 4642 ἐξ
424 4574 690 4628 Ἰουδαίων
725 4574 804 4635 εἰς
842 4573 935 4630 τὸν
976 4571 1180 4643 Κύριον
1210 4571 1366 4642 ἡμῶν
1402 4573 1616 4642 -Ἰησοῦν
1646 4575 1897 4644 Χριστόν.

321 4664 632 4734 Κατηγορία
663 4664 770 4717 τῶν
825 4661 1237 4731 ἀπειθησάντων
1281 4663 1408 4732 περὶ
1456 4662 1555 4734 τῆς
1603 4663 1901 4735 μελλούσης

319 4753 487 4824 ζωῆς.

365 4894 630 4961 Σύνοψις
662 4890 780 4946 τῶν
800 4891 880 4956 τῷ
909 4893 1189 4961 προφήτῃ
1222 4891 1469 4962 Ἱερεμίᾳ
1491 4891 1832 4961 εερημένων.

390 5014 799 5086 Προαγόρευσις
821 5014 927 5067 τῶν
951 5013 1225 5083 ἐσομένων
1248 5014 1432 5075 κακῶν
1448 5013 1526 5084 τῷ
1564 5015 1772 5087 Ἰσραὴλ
1795 5016 1900 5069 ὑπὸ

320 5102 412 5155 τοῦ
472 5100 958 5170 Ναϐουχοδονόσορ..
1002 5102 1264 5171 Ἔλεγχος
1314 5103 1413 5171 τῆς
1461 5102 1900 5173 είδωλολατρείας

318 5189 412 5242 τοῦ
465 5188 702 5259 Ἰσραὴλ,
729 5188 822 5240 καὶ
850 5187 1156 5259 ὑπόμνησις
1184 5189 1280 5258 τῆς
1304 5189 1395 5242 τοῦ
1416 5189 1549 5242 Θεοῦ
1582 5191 1899 5261 εὐεργεσίας

320 5279 399 5341 εἰς
429 5276 647 5342 αὐτοὺς,
683 5275 777 5330 καὶ
807 5275 914 5328 τῶν
939 5276 1146 5343 κακῶν,
1176 5276 1210 5330 ὃ.
1245 5279 1308 5330 ἐκ
1332 5275 1424 5328 τοῦ
1470 5276 1784 5330 πεποιθέναι
1807 5280 1900 5330 Αί-

319 5365 570 5433 γυπτίοις
627 5365 946 5437 ὑπέμειναν.
1004 5365 1116 5436 Τῆς
1177 5364 1285 5418 τῶν
1333 5364 1564 5418 είδώλων
1618 5365 1899 5430 ἀσθενείας

321 5452 560 5524 ἐλεγχος,
584 5455 678 5507 καὶ
701 5453 800 5524 τῆς
830 5453 1008 5507 αὐτῶν
1035 5451 1143 5506 τῶν
1181 5452 1530 5524 Ἰσραηλιτῶν
1552 5453 1898 5524 ἀνθρωποθυ-

324 5541 444 5606 σίας
497 5543 819 5614 κατηγορία.
865 5542 970 5596 Τοῦ
1015 5541 1228 5614 Ἰσραὴλ
1279 5541 1599 5613 κατηγορία,
1651 5543 1743 5604 καὶ
1791 5543 1898 5596 ἀπὸ

325 5630 660 5700 συγκρίσεως
692 5633 791 5704 τῆς
825 5631 959 5704 πρὸς
997 5631 1158 5685 αὐτὸν
1192 5629 1419 5701 αὐξησις
1451 5630 1558 5683 τῶν
1595 5631 1688 5684 τοῦ
1730 5631 1897 5684 Ἰούδα

327 5714 687 5789 τολμημάτων
713 5739 724 5751 ·
747 5721 836 5774 καὶ
861 5722 1250 5792 προαγόρευσις
1275 5719 1523 5790 χρηστῶν
1546 5719 1621 5790 τῷ
1661 5719 1890 5791 Ἰσραὴλ,

1029 235 1086 292 S.
1127 231 1414 291 JOANMS
1447 227 1952 288 CHRYSOSTOMI‘
1982 230 2312 287 ARCHIEP.
2351 231 2905 290 CONSTAI‘TINOP.

3511 233 3640 289 578

2018 350 2071 402 εί
2105 350 2420 421 ἐπιστρέψει
2455 352 2590 422 πρὸς
2615 352 2705 405 τὸν
2733 353 2864 407 Θεόν
2883 370 2895 383 ·
2932 354 3024 408 καὶ
3049 353 3154 406 ὐπὸ
3182 351 3277 406 τοῦ
3303 353 3633 424 προφήτου.

2020 441 2097 503 ὡς
2131 439 2284 508 παρά
2313 440 2407 493 τοῦ
2434 439 2583 501 λαοῦ,
2612 440 3018 512 ἐξομολόγησις.
3063 443 3126 494 ἹΙ
3160 441 3345 504 ἄνοδος
3369 440 3492 493 τῶν
3515 440 3636 491 Βα-

2014 527 2314 593 ϐυλωνίων,
2355 528 2450 590 καὶ
2473 528 2566 581 τοῦ
2590 531 2866 600 προφήτου
2891 530 3084 601 θρῆνος
3114 530 3209 592 ἐπὶ
3235 533 3302 600 τῇ
3339 527 3631 599 μελλούσῃ

2020 613 2318 696 ἐρημώσει,
2337 617 2428 668 καὶ
2450 616 2620 686 αὐτῆς
2643 615 2741 684 τῆς
2767 615 3099 686 ἐρημώσεως
3129 616 3449 687 ὐπογραφή.
3473 617 3633 667 Κατ-

2017 703 2217 774 ηγορία
2261 702 2354 756 τοῦ
2404 701 2557 768 λαοῦ,
2607 704 2689 756 ὅτι
2741 705 2930 756 οὐδένα
2975 704 3132 774 ἔσχεν
3188 703 3331 757 οῦτω
3376 703 3629 765 δίκαιον,

2019 789 2160 843 ὥστε
2187 791 2383 861 στῆσαι
2422 791 2514 845 τοῦ
2549 791 2684 844 Θεοῦ
2730 792 2829 862 τὴν
2854 790 3044 864 ὀργὴν,
3076 791 3170 845 καὶ¹
3214 792 3313 862 τῆς
3343 790 3634 864 πονηρίας

2020 877 2200 931 αὐτῶν
2251 879 2490 950 ἐλεγχος.
2529 882 2651 936 ὀτι
2687 881 2760 943 οὐ.
2799 883 2963 951 μέχρι
2994 879 3257 950 θεμελίων
3291 879 3408 952 ἔχει
3442 897 3632 945 κατα-

2022 966 2328 1036 ατραφῆναι
2362 967 2715 1039 Ἰερουσαλὴμ
2736 968 2841 1020 ὐπὸ
2863 967 2957 1020 τοῦ
2979 967 3474 1039 Ναϐουχοδονόσορ.
3503 969 3629 1020 Kal

2019 1051 2201 1117 ἄνοδος
2233 1054 2341 1108 τῶν
2389 1055 2763 1117 Βαϐυλωνίων,
2811 1056 2905 1109 καὶ
2939 1055 3244 1126 κατηγορία
3291 1059 3390 1126 τῆς
3450 1057 3626 1108 ἀπει-

2020 1136 2169 1204 θείας
2221 1140 2315 1194 τοῦ
2355 1141 2588 1214 Ἰσραὴλ,
2621 1144 2700 1195 ὅτι
2750 1143 2850 1195 οὐκ
2897 1142 3177 1213 ἠνείχοντο,
3217 1129 3452 1196 ἀκοῦσαι
3519 1142 3627 1194 τοῦ

2019 1229 2319 1300 προφήτου.
2354 1230 2669 1300 Κατηγορία
2699 1229 2806 1284 τῶν
2824 1228 3281 1300 ψευδοπροφητῶν
3305 1230 3628 1302 παραλογις-

2019 1315 2261 1384 ςομένων
2294 1316 2383 1370 τὸν
2419 1316 2579 1369 λαόν’
2615 1316 2709 1369 τοῦ
2752 1316 2861 1388 γὰρ
2908 1315 3168 1386 Ἱερεμίου
3218 1315 3490 1384 λέγοντος,
3535 1317 3626 1370 ὄτι

2020 1399 2261 1471 Πόλεμος
2280 1397 2453 1462 ἔσται,
2483 1403 2644 1467 αὐτὸς
2663 1403 3032 1478 ἐλεγεν,οὐχὶ,
3053 1403 3187 1458 ἀλλά
3212 1405 3401 1476 είρήνη
3430 1405 3620 1457 ἔσται.

2019 1487 2354 1560 ΙΙαραίτησις
2385 1489 2608 1552 θυσιῶν,
2645 1491 2740 1544 καὶ
2771 1490 2955 1555 ἀνοδος
2983 1489 3077 1545 τοῦ
3112 1492 3476 1558 Βαϐυλωνίου,
3516 1495 3622 1546 καὶ

2016 1576 2117 1646 τῆς
2145 1576 2543 1646 ἀνεπιστρόφου
2571 1576 2810 1640 διανοίας
2866 1577 3134 1632 Ἰουδαίων
3179 1579 3420 1650 ἔλεγχος.
3453 1581 3619 1650 Παρ-

2017 1667 2158 1718 αινεί
2180 1664 2259 1734 τῷ
2305 1663 2478 1735 Ἰούδα
2520 1665 2658 1735 πρὸς
2691 1666 2752 1720 τὸ
2795 1666 3048 1735 γενέσθαι
3081 1669 3277 1733 αὐτοὺς
3307 1670 3617 1741 βελτίονας,

2016 1754 2111 1806 καὶ
2142 1752 2374 1817 ἀπειλεῖ,
2400 1754 2453 1804 εἰ.
2483 1753 2558 1823 μὴ
2598 1753 2859 1822 γένοιντο,
2893 1755 2959 1808 τὰ
3003 1755 3141 1809 αὐτά
3182 1758 3470 1812 πείσεσθαι
3512 1761 3621 1821 αὐ,-

2014 1842 2141 1904 τούς
2177 1840 2257 1910 τῷ
2301 1840 2548 1911 Ἰσραήλο
2579 1841 2674 1895 καὶ
2712 1841 2911 1896 κωλύει
2941 1843 3033 1897 τὸν
3071 1844 3336 1916 Ἱερεμίαν
3386 1847 3616 1900 δεῖσθαι

2017 1928 2158 1999 ὑπὲρ
2205 1928 2403 1983 αὐτῶν.
2471 1928 2809 2000 Παραίτησις
2857 1930 3085 1996 θυσιῶν,
3139 1934 3444 2003 κατηγορία
3506 1935 3616 2001 τῆς

2013 2015 2344 2087 ἀπροσεξίας
2366 2015 2566 2081 αὐτῶν,
2599 2017 2691 2070 καὶ
2721 2018 2822 2087 τῆς
2853 2017 3322 2090 ἀνθρωποθυσίας.
3352 2023 3421 2090 ἢν
3449 2023 3614 2074 ἑποι-

2014 2101 2171 2158 οῦντο
2225 2106 2338 2167 τοῖς
2387 2101 2626 2174 δαίμοσι.
2677 2105 2786 2157 Kal
2835 2098 3240 2176 προαγόρευσις
3283 2106 3378 2160 τοῦ
3431 2109 3613 2177 τάφον

2015 2191 2233 2246 ἔσεσθαι
2259 2193 2351 2246 τὸν
2383 2191 2546 2246 τόπον
2585 2191 2681 2247 τοῦ
2721 2192 2942 2247 εἰδώλου
2971 2193 3172 2258 αὐτῶν,
3212 2195 3305 2248 καὶ
3339 2195 3438 2249 τοῦ
3465 2200 3612 2267 μηδὲ

2013 2279 2205 2347 τάφοις
2247 2278 2396 2344 τινὰς
2445 2278 2554 2334 τῶν
2584 2281 2990 2352 ἀναιρουμένων
3031 2283 3441 2354 παραδίδοσθαι.
3480 2286 3611 2337 Ἔτι

2015 2367 2267 2438 περὶτῆς
2293 2367 2479 2420 ἀνόδου
2511 2367 2620 2420 τῶν
2655 2368 2949 2439 πολεμίων,
2984 2370 3077 2423 καὶ
3104 2357 3300 2441 θρῆνος
3333 2372 3610 2442 Ἱερεμίου

2013 2455 2109 2514 ἐπὶ
2140 2458 2261 2519 ταῖς
2308 2456 2525 2518 κακίαις
2569 2455 2767 2509 αὐτῶν.
2802 2457 3121 2526 Κατηγορία
3164 2459 3272 2512 τῶν
3311 2459 3608 2523 Ἰουδαίων,

2011 2543 2086 2606 ώς
2110 2544 2500 2616 ἀπεριτμήτων
2523 2546 2590 2616 τῇ
2635 2545 2851 2616 καρδίᾳ,
2896 2547 2990 2606 καὶ
3022 2546 3341 2616 παραίνεσις
3370 2548 3516 2618 πρὸς
3546 2548 3614 2600 τὸ

2015 2631 2091 2701 μὴ
2120 2629 2546 2703 εἰδωλολατρεῖν,
2575 2631 2668 2685 καὶ
2702 2632 2778 2696 ὡς
2817 2632 2969 2702 παρά
2997 2633 3088 2685 τοῦ
3116 2632 3245 2686 λαοῦ
3277 2633 3477 2704 θρῆνος
3509 2635 3615 2688 ἐπὶ

2011 2720 2125 2780 τοῖς
2155 2717 2406 2788 μέλλουσι
2434 2719 2645 2782 κακοῖς,
2677 2718 2771 2771 καὶ
2801 2719 3103 2790 κατηγορία
3132 2721 3284 2791 παρά
3310 2720 3406 2774 τοῦ
3443 2721 3604 2775 Θεοῦ.

1957 2816 1961 2822 ·
2012 2791 2345 2875 Παραίνεσις
2371 2803 2465 2857 τοῦ
2505 2805 2729 2878 Ἰσραήδ
2752 2805 2885 2876 πρὸς
2917 2807 2977 2859 τὸ
3009 2808 3302 2860 ὑπακούειν
3331 2808 3473 2879 Θεῷ,
3507 2813 3606 2862 καί

2012 2892 2314 2963 κατηγορία
2345 2892 2454 2946 τῶν
2483 2887 2735 2966 πατέρων
2760 2894 2959 2956 αὐτῶν,
2989 2898 3084 2948 καὶ
3111 2896 3289 2949 αὐτῶν
3315 2897 3464 2949 κακά
3485 2898 3610 2949 ἐσό-

2014 2998 2170 3051 μενα.
2208 2979 2360 3053 1584]
2394 2982 2504 3036 Kal
2544 2981 2811 3036 κωλύεται
2851 2983 3009 3049 πάλιν
3061 2983 3326 3054 Ἱερεμίας
3367 2985 3607 3055 προσεύ-

2010 3068 2199 3144 χεσθαι
2227 3069 2368 3140 ὑπὲρ
2395 3068 2595 3124 αὐτῶν.
2629 3069 2983 3141 Ἀποδύρεται
3012 3073 3040 3123 6
3073 3072 3356 3142 προφήτης
3379 3071 3607 3125 ἐπιϐου-

2009 3157 2294 3227 λευόμενος
2341 3157 2447 3210 ὐπὸ
2491 3157 2758 3211 Ἰουδαίων
2799 3161 2856 3210 ἐν
2897 3158 3158 3222 Ἀναθὼθ,
3204 3158 3300 3212 καὶ
3345 3160 3606 3230 προλέγει

2009 3247 2096 3301 διά
2120 3245 2278 3300 τοῦτο
2305 3246 2572 3317 ἑπόμενον
2598 3247 2780 3311 αὐτοῖς
2805 3247 3042 3318 ὄλεθρον.
3070 3249 3142 3301 Τὸ
3177 3247 3474 3319 περίζωμα
3504 3267 3604 3301 κε-

2009 3334 2222 3388 λεύεται
2255 3333 2462 3404 κρύψαι
2503 3333 2792 3406 Ἱερεμίας,
2825 3335 2920 3389 καὶ
2949 3335 3203 3405 προλέγει
3238 3335 3604 3406 πληρωθήσε-

2013 3427 2134 3479 σθαι
2183 3427 2399 3492 αὐτοὺς,
2433 3427 2528 3480 καὶ
2564 3426 2998 3497 μεθυσθήσεσθαι
3030 3427 3158 3498 κάπὸ
3203 3428 3411 3481 κακῶν.
3466 3429 3603 3498 Περὶ

2008 3515 2107 3585 τῆς
2146 3515 2438 3585 ἀϐροχίας·
2473 3515 2564 3567 καὶ
2599 3515 2866 3568 κωλύεται
2901 3497 3301 3586 προσεύχεσθαι
3337 3517 3480 3587 ὑπὲρ
3505 3497 3602 3569 αὐ-

2007 3602 2118 3655 τῶν
2146 3603 2176 3654 ὁ
2202 3607 2486 3673 προφήτης
2503 3643 2516 3666 ,
2550 3602 2646 3661 καὶ
2688 3605 3035 3671 παραιτείται
3061 3604 3090 3656 6
3115 3603 3247 3665 Θεὸς
3279 3603 3350 3664 τά
3375 3604 3602 3658 ὁλοκαυ-

2007 3688 2236 3761 τώματα
2284 3689 2484 3753 αὐτῶν,
2519 3692 2612 3742 καὶ
2643 3690 2742 3753 τὰς
2783 3689 3058 3760 νηστείας,
3097 3691 3190 3743 καὶ
3241 3690 3461 3746 ἀπειλεῖ
3489 3695 3604 3761 τοῖς

2007 3776 2477 3848 ψευδοπροφήταις
2505 3778 2671 3840 κακὰ,
2701 3777 2886 3848 ἐπειδὴ
2918 3777 3100 3846 ἔλεγον
3129 3778 3211 3831 ὃτι
3247 3779 3351 3833 οὐκ
3383 3779 3600 3834 ἔσονται

2011 3867 2286 3937 συμφοραὶ
2334 3866 2411 3936 τῷ
2441 3865 2576 3937 λαῷ.
2619 3865 2876 3920 Ἱκετεύει
2906 3867 2998 3919 τὸν
3039 3867 3171 3920 θεόν
3198 3884 3210 3897 ·
3243 3870 3271 3920 6
3307 3867 3365 3920 δέ
3412 3885 3600 3938 φησιν,

2008 3956 2107 4008 οὐκ
2152 3953 2590 4020 εἰσακούσεσθαι,
2622 3955 2742 4009 οὐδὲ
2782 3954 2878 4008 ἐάν
2921 3955 3163 4026 Μωῦσῆς
3203 3957 3297 4010 καὶ
3345 3956 3600 4026 Σαμουὴλ

2009 4042 2382 4115 πρεσϐεύωσιν
2432 4043 2574 4114 ὑπὲρ
2617 4043 2817 4107 αὐτῶν,
2867 4043 3004 4097 ἀλλά
3047 4043 3241 4097 δώσειν
3288 4045 3486 4107 αὐτοὺς
3521 4048 3600 4108 εἰς

2012 4133 2280 4204 μάχαιραν
2317 4133 2410 4188 καὶ
2443 4133 2695 4200 θάνατον,
2723 4133 2818 4195 καὶ
2856 4132 3013 4204 λιμὸν
3057 4133 3151 4186 καὶ
3193 4135 3597 4204 αἰχμαλωσίαν,

2008 4223 2102 4275 καὶ
2129 4223 2209 4284 εἰς
2256 4221 2598 4293 διασπασμὸν
2643 4221 2851 4276 κακῶν.
2911 4221 3014 4276 Kal
3055 4221 3325 4292 Ἱερεμίας
3379 4222 3598 4292 εὔχεται

2006 4311 2381 4382 τιμωρηθῆναι
2405 4313 2529 4376 τούς
2550 4313 2908 4375 ὀνειδίζοντας
2928 4312 3090 4366 αὐτόν
3107 4330 3119 4341 ο
3143 4299 3174 4365 6
3200 4312 3258 4365 δὲ
3274 4312 3409 4376 Θεός
3433 4331 3597 4384 φησιν

2006 4399 2157 4470 αὐτῷ
2173 4418 2186 4432 ·
2230 4401 2364 4456 Ἐὰν
2387 4401 2614 4477 ἐξάγῃς
2641 4401 2840 4470 τίμιον
2856 4399 2976 4455 ἀπὸ
2998 4400 3274 4465 ἀναξίου,
3292 4401 3373 4467 ὡς
3403 4404 3595 4472 στόμα

2002 4509 2121 4559 μου
2154 4489 2293 4556 ἔσῃ.
2354 4488 2649 4546 Κελεύεται
2695 4487 2771 4559 μὴ
2826 4489 3002 4558 γῆμαι
3045 4489 3075 4541 6
3117 4488 3409 4559 Ἱερεμίας,
3463 4491 3593 4560 μηδὲ

2009 4576 2248 4647 θρηνεῖν,
2289 4575 2425 4644 μηδὲ
2454 4573 2549 4628 τοῦ
2583 4575 2866 4645 γινομένου
2906 4577 3018 4638 τοῖς
3047 4574 3456 4646 ἀποθνήσκουσι
3485 4595 3593 4630 κοι-

2008 4647 2194 4719 νωνξῖν
2219 4667 2331 4726 τοῖς
2379 4664 2760 4736 Ἰσραηλίταις.
2803 4664 2938 4733 Περὶ
2962 4664 3070 4718 τῶν
3098 4665 3439 4728 ἀποστόλων,
3469 4668 3594 4737 περὶ

2007 4753 2243 4824 Χριστοῦ
2285 4739 2620 4822 προφητεία⁸
2661 4753 2787 4814 τοὺς
2832 4752 3024 4821 λόγους
3069 4752 3180 4808 τῶν
3218 4753 3594 4807 ἀπιστούντων

2007 4841 2154 4912 αὐτῷ
2188 4843 2216 4894 6
2265 4842 2549 4910 προφήτης
2582 4839 2854 4909 προλέγει,
2888 4842 2984 4893 καὶ
3027 4841 3353 4910 κατεύχεται
3391 4842 3587 4894 αὐτῶν.

2006 4931 2117 4983 Kal
2146 4931 2401 5001 παραινεῖ
2443 4931 2554 4991 τιῑς
2597 4927 2892 4991 Ἰουδαίοις,
2931 4927 3069 4982 ὥστε
3103 4927 3164 4980 τὸ
3193 4928 3466 4982 σάϐϐατον
3497 4948 3589 4998 τηο

2008 5022 2143 5090 ρείν.
2177 5020 2270 5082 Εἰς
2304 5019 2394 5071 τὸν
2425 5013 2572 5071 οἷκον
2619 5016 2714 5070 τοῦ
2760 5017 3048 5088 κεραμέως
3097 5017 3375 5089 πέμπεται
3399 5021 3429 5071 6
3464 5037 3588 5089 προ-

2006 5108 2200 5176 φήτης.
2259 5104 2450 5173 Πέρας
2495 5104 2768 5170 λαλήσω,
2803 5106 2966 5175 φησὶν
2998 5105 3027 5157 ὁ
3062 5104 3215 5168 Θεὸς,
3264 5105 3361 5158 ἐπὶ
3405 5107 3583 5168 ,βασι-

2005 5194 2192 5258 λείας,
2216 5191 2371 5246 ὥστε
2391 5191 2658 5260 ἀναιρεῖν
2674 5192 2868 5260 αὐτὴν
2894 5209 2907 5221 ’
2929 5193 3024 5246 καὶ
3044 5193 3142 5246 ἐὰν,
3160 5193 3580 5263 ἐπιστρέψωσιν,

2005 5283 2066 5334 οὐ
2102 5280 2175 5352 μὴ
2199 5280 2390 5334 ἀνέλω.
2423 5281 2530 5334 Καὶ
2554 5280 2740 5347 πέρας
2766 5278 3041 5344 λαλήσω,
3071 5279 3255 5348 φησὶν,
3285 5281 3385 5334 ἐπὶ
3416 5282 3584 5347 ἔθνος

2007 5367 2044 5432 ἢ
2071 5368 2416 5432 βασιλείαν,
2451 5366 2557 5420 τοῦ
2587 5367 3122 5435 ἀνοικοδομεῖσθαι.
3157 5365 3263 5421 Καὶ
3305 5369 3402 5421 ὲάν
3437 5373 3582 5437 ποιή-

2007 5471 2140 5506 σωσι
2167 5454 2226 5507 τὸ
2256 5455 2510 5526 πονηρὸν,
2546 5454 2606 5507 οὐ
2639 5455 2849 5524 ποιήσω
2887 5453 3039 5522 κάγὼ
3072 5454 3200 5524 περὶ
3228 5454 3338 5506 τῶν
3368 5455 3581 5522 ἀγαθῶν

2003 5534 2076 5594 ὧν
2110 5541 2344 5612 ἐλάλησα
2371 5541 2592 5612 ποιῆται
2632 5543 2836 5604 αὐτοῖς.
2863 5542 2905 5593 Τ
2908 5542 3032 5594 οῦτο
3057 5541 3114 5594 δὲ
3142 5542 3416 5612 χρήσιμον
3455 5544 3581 5614 πρὸς

2019 5629 2302 5693 Ἰουδαίους
2334 5631 2395 5682 τὸ
2435 5629 2748 5700 κεφάλαιον,
2777 5631 2906 5684 ὅταν
2940 5630 3174 5698 λέγωσιν
3209 5629 3293 5682 ὃτι
3323 5631 3579 5700 ἐπηγγεί-

2004 5719 2132 5772 λατο
2161 5722 2341 5785 αὐτοῖς
2371 5721 2548 5790 ἀγαθά
2581 5722 2610 5774 6
2655 5720 2876 5792 Κύριος.
2925 5719 3350 5790 Ἀπειθήσαντες
3379 5722 3487 5791 γὰρ
3513 5722 3579 5785 τῷ
