3722 6274
52 420 134 474 rii.
166 418 251 474 De
279 418 348 475 iis
373 419 464 490 qui
493 419 548 475 ia
575 417 846 476 Christum
870 417 1129 475 credituri
1152 426 1299 485 sunt,
1322 417 1389 473 de
1416 432 1642 487 genera-

52 514 201 569 tione
219 512 422 571 Christi
446 513 739 570 secundum
755 527 972 569 carnem
992 512 1088 569 :de
1104 512 1511 567 mansuetudine
1525 526 1645 566 cre-

46 606 290 660 dentium
322 606 377 660 in
418 621 564 662 eum.
595 605 892 661 Perniciem
924 605 1210 675 Babylonis
1238 613 1292 660 et
1316 604 1643 675 alienigena-

48 715 163 755 rum
186 699 538 757 vaticinatur.
573 699 844 755 Pernicies
890 698 1256 755 Moabitarum.
1311 699 1385 754 De
1430 698 1643 754 Christo

52 791 354 861 prophetia.
404 792 678 849 Pernicies
720 791 985 856 Damasci,
1034 801 1089 845 et
1128 789 1340 847 Israelis
1366 791 1642 845 calamitas

48 894 207 953 atque
236 882 403 938 salus.
429 883 700 938 Pernicies
723 880 962 953 Egypti.
989 881 1092 936 Per
1116 880 1420 951 allegariam
1451 881 1641 951 pradi-

47 978 113 1029 cit
135 991 411 1030 a‘rumnas
439 976 686 1044 gentibus
707 990 827 1045 qua:
854 973 1078 1028 Domino
1094 988 1199 1028 non
1221 973 1565 1039 crediderint,
1585 983 1642 1029 et

44 1066 109 1120 de
139 1067 418 1136 impietate
462 1082 648 1122 eorum
680 1065 1025 1136 proﬂiganda.
1072 1065 1292 1121 Jubetur
1330 1066 1493 1121 Isaias
1534 1081 1637 1121 nu-

44 1158 141 1212 dus
156 1157 458 1213 ambulare.
483 1158 688 1213 Bellum
710 1156 986 1212 Medorum
1007 1166 1062 1212 et
1087 1156 1498 1228 Babyloniorum
1516 1172 1639 1212 con-

46 1261 121 1303 tra
150 1250 445 1304 Idumzeam
473 1259 529 1305 et
555 1251 825 1304 Arabiam.
857 1250 1136 1305 Pestrema
1177 1249 1385 1304 obsidio
1420 1249 1636 1309 Jeroso-

45 1345 198 1413 lymm
224 1358 256 1397 a
285 1342 828 1397 Nabuchodonosore.
848 1342 1131 1397 Praedictio
1144 1342 1356 1398 Somnze
1378 1344 1637 1413 penuario

43 1436 106 1489 de
148 1434 392 1504 pernicie
433 1435 569 1503 ejus.
614 1434 861 1489 Peuuarii
902 1442 1103 1499 autem,
1150 1433 1203 1488 id
1242 1442 1345 1497 est,
1383 1434 1635 1490 custodes

45 1528 389 1596 pecuniarum
421 1528 475 1582 in
505 1527 724 1596 templo,
747 1542 814 1581 ex
839 1525 1181 1583 sacerdotum
1205 1541 1429 1581 numero
1456 1534 1629 1581 erant.

44 1620 315 1675 Pernicies
345 1618 495 1690 Tyri,
522 1628 576 1673 et
596 1618 739 1672 salus
762 1627 967 1687 postea,
997 1616 1169 1688 deque
1201 1617 1457 1674 Ecclesiis
1495 1619 1630 1674 alle-

42 1712 241 1780 gorice.
272 1710 547 1766 Pernicies
576 1709 860 1781 Babylonis
887 1725 920 1765 a
943 1707 1128 1773 Medis,
1164 1717 1221 1764 et
1249 1724 1344 1778 pro
1385 1710 1473 1764 illa
1503 1726 1629 1781 gra-

44 1805 233 1858 tiarum
272 1802 417 1858 actio
447 1802 558 1857 Deo
603 1817 695 1871 per
732 1801 1067 1872 prophetam.
1103 1800 1388 1871 Prophetia
1410 1802 1479 1858 de
1505 1817 1627 1858 cre-

42 1895 285 1950 dentibus
305 1895 361 1950 in
380 1893 674 1960 Christum,
695 1894 764 1950 de
778 1894 973 1950 diaboli
993 1894 1227 1963 pernicie
1248 1908 1342 1963 per
1352 1892 1630 1951 Christum

43 1996 220 2053 parta:
249 1986 320 2042 de
344 1986 546 2043 Christi
575 1985 870 2042 secundum
897 2001 1115 2043 carnem
1142 1985 1406 2042 adventu:
1429 1986 1499 2042 de
1524 1986 1628 2043 [ide

40 2080 85 2135 in
112 2078 416 2135 Christum.
448 2081 743 2135 Accusatur
757 2077 942 2142 Israel,
967 2077 1109 2147 quod
1123 2092 1274 2147 spem
1297 2092 1448 2133 suam
1466 2092 1498 2132 a
1516 2078 1631 2135 Deo.

35 2171 295 2237 avellens,
329 2171 478 2226 illam
505 2171 557 2224 in
579 2169 861 2242 Egyptios
877 2169 1235 2226 transtulerit:
1262 2170 1466 2241 ipsique
1485 2171 1624 2226 mala

37 2262 482 2329 pnenuntiantur,
529 2277 593 2317 ac
634 2270 815 2332 postea
846 2276 933 2316 res
961 2261 1229 2317 secundae.
1263 2261 1465 2317 Eodem
1506 2262 1625 2318 loco

39 2353 311 2421 prophetia
334 2353 560 2409 habetur
577 2353 647 2409 de
665 2352 864 2410 Christi
890 2354 1149 2419 Ecclesia,
1175 2354 1244 2410 de
1267 2354 1624 2412 conversione

37 2445 264 2515 gentium
286 2445 354 2499 ad
380 2443 674 2512 Christum,
701 2456 756 2501 et
776 2446 843 2501 de
868 2446 1114 2501 vastitate
1139 2445 1616 2516 Jerosolymorum.

38 2538 105 2589 De
136 2535 397 2591 Ecclesiae
421 2537 661 2602 historia,
687 2552 806 2607 qua:
834 2537 1005 2607 primo
1023 2547 1312 2606 conspectu
1335 2536 1619 2591 Idumteam

32 2638 79 2687 et
105 2628 406 2683 Jerusalem
440 2630 676 2698 respicit,
721 2629 816 2684 sed
862 2646 957 2698 per
996 2644 1270 2699 anagogen
1315 2628 1429 2685 sive
1457 2628 1619 2685 redu-

34 2723 281 2784 ctionem,
334 2721 720 2777 desolationem
760 2720 1066 2777 Judmorum
1114 2732 1169 2776 et
1213 2721 1617 2791 prosperitatem

34 2813 283 2875 Ecclesia:
306 2813 526 2868 Christi.
566 2813 795 2868 Historia
826 2813 893 2867 de
920 2811 1286 2868 Senacherim.
1332 2810 1617 2882 Prophetia

32 2908 91 2959 de
109 2906 319 2961 Joanne
349 2906 707 2969 Praecursore,
736 2915 791 2961 et
817 2905 886 2961 de
912 2906 976 2960 iis
1000 2886 1089 2976 qui
1118 2906 1169 2959 in
1195 2904 1463 2961 Christum
1493 2920 1615 2960 cre-

30 3000 184 3053 dituri
217 3010 392 3055 enim.
431 3000 524 3055 Dei
553 3001 806 3070 putentia:
829 2999 1236 3065 demonstratio,
1264 3008 1315 3054 et
1346 2999 1616 3055 accusatio

33 3092 258 3154 lsraelis,
303 3100 361 3146 ut
402 3091 540 3147 idola
570 3093 818 3158 colentis,
850 3092 1290 3147 commemoratio
1319 3092 1612 3148 beneﬁcio-

32 3200 135 3236 runt
156 3183 710 3253 populocollatorum.
732 3185 805 3241 De
825 3185 1187 3241 ecclesiastica
1211 3185 1611 3251 constitutione,

31 3275 477 3344 dequeidolorum
509 3278 832 3332 inﬁrmitate.
862 3277 937 3332 De
962 3276 1174 3332 Christo
1203 3276 1499 3347 pr0phetia,
1518 3277 1613 3334 de.

29 3382 121 3433 que
148 3368 214 3421 iis
240 3366 333 3437 qui
364 3368 416 3421 in
449 3368 618 3436 ipsum
646 3368 898 3423 credituri
923 3377 1095 3424 erant.
1114 3368 1294 3424 Israeli
1325 3370 1613 3438 exprobrat

30 3469 362 3529 peccatorum
392 3474 576 3514 causa.
604 3461 694 3515 Ait
727 3461 797 3516 ob
823 3475 1007 3516 eorum
1034 3462 1490 3532 iuobsequentiam
1517 3477 1610 3518 ca-

32 3548 286 3607 lamitates
304 3550 436 3621 ipsis
454 3551 628 3616 illatas
653 3551 834 3607 fuisse.
861 3552 936 3609 De
950 3552 1054 3608 [ide
1076 3552 1128 3607 in
1144 3552 1436 3607 Christum.
1456 3553 1610 3622 Quod

30 3642 272 3710 populum
301 3656 408 3697 non
438 3643 741 3698 sacriﬁcare
781 3643 1106 3714 permiserit,
1148 3652 1204 3699 et
1236 3644 1378 3713 quod
1405 3644 1609 3700 cultant

31 3732 164 3788 illum
197 3749 294 3803 per
318 3733 583 3788 sacriﬁcia
612 3749 717 3789 non
748 3736 943 3806 exigat.
971 3734 1103 3790 Item
1135 3735 1413 3806 pr0phetia
1452 3736 1521 3793 de
1543 3736 1609 3793 iis

28 3825 107 3893 qui
134 3827 185 3880 in
216 3824 492 3880 Christum
521 3824 774 3880 credituri
804 3837 975 3880 erant.
1017 3826 1413 3881 Demonstratio
1439 3826 1610 3882 imbe-

28 3921 251 3974 cillitatis
274 3919 564 3985 idolorum,
589 3928 647 3977 et
663 3920 756 3976 Dei
776 3921 1024 3991 potentia:
1043 3922 1303 3991 probatio.
1335 3923 1607 3979 Pernicies

28 4013 324 4085 Babylonis.
355 4021 411 4068 et
435 4012 503 4069 de
526 4012 719 4069 duritia
743 4014 918 4070 cordis
942 4013 1244 4069 Judaeornm
1266 4014 1605 4071 demonstra-

27 4105 107 4165 tio,
136 4120 203 4160 ac
226 4104 296 4159 de
326 4103 481 4159 bonis
505 4104 668 4161 rebus
705 4104 1000 4175 prephetia.
1036 4105 1110 4160 De
1138 4105 1348 4160 Christo
1378 4106 1607 4175 prophe-

28 4198 84 4249 tia
111 4205 166 4253 et
187 4196 489 4251 consolatio
505 4194 869 4267 Jerosolymze.
902 4197 977 4251 De
1001 4196 1257 4265 apostolis
1278 4207 1333 4253 et
1360 4197 1428 4252 de
1448 4196 1607 4253 Chri-

27 4298 97 4342 sto
119 4287 424 4359 prophetia.
457 4287 534 4342 De
561 4286 757 4343 Christi
783 4287 1076 4345 secundum
1118 4304 1334 4344 carnem
1365 4298 1507 4354 ortu,
1535 4289 1605 4348 de

26 4381 282 4447 passione,
307 4380 717 4443 resurrectione,
748 4380 888 4435 etde
913 4380 1253 4436 multitudine
1273 4380 1602 4437 credentium

28 4472 73 4524 iu
99 4473 290 4541 ipsum.
327 4471 406 4527 De
433 4469 650 4527 Christo
689 4472 849 4527 simul
890 4474 1042 4528 etde
1085 4474 1283 4529 Israele
1310 4475 1601 4530 secundum

28 4563 314 4632 historiam,
340 4564 633 4621 secundum
655 4581 926 4636 anagogen
948 4582 1074 4622 vero
1089 4567 1156 4623 de
1183 4567 1524 4623 credentibus
1550 4568 1603 4625 in

26 4656 302 4713 Christum.
336 4659 622 4713 Accusatio
644 4657 954 4714 Judreorum
984 4659 1297 4716 idololatria:
1322 4676 1502 4725 causa,
1516 4660 1601 4731 je-

22 4751 252 4822 juniique
277 4765 468 4806 eorum
498 4750 821 4820 reprobatio.
862 4751 1107 4821 aliusque
1147 4752 1334 4821 jejunii
1365 4753 1602 4808 melioris

23 4844 324 4900 declaratio.
372 4842 576 4899 Deinde
603 4846 874 4900 accusatio
913 4844 1219 4900 dolosorum
1258 4861 1505 4917 operum,
1548 4856 1602 4902 et

22 4937 359 4991 consiliorum
386 4935 722 5000 eorumdem,
744 4950 807 4990 ac
838 4935 1112 5006 prophetia
1155 4936 1223 4992 de
1257 4936 1601 4993 credentibus

23 5027 65 5079 in
88 5027 385 5082 Christum.
420 5026 701 5097 PrOphetia
726 5026 793 5081 de
819 5027 1049 5091 Christo,
1075 5037 1129 5083 et
1151 5028 1218 5082 de
1238 5029 1601 5088 curationibus

22 5124 308 5175 animarum
342 5129 396 5175 et
422 5134 707 5189 corporum
746 5121 814 5174 ab
851 5121 966 5191 ipso
994 5122 1241 5190 peractis.
1270 5122 1443 5194 deque
1472 5139 1602 5195 apo-

20 5215 156 5268 stolis
174 5223 229 5269 et
249 5219 318 5268 de
339 5213 558 5283 reliquis
581 5214 631 5267 in
657 5215 827 5282 ipsum
849 5213 1206 5268 credentibus.
1231 5215 1307 5270 De
1329 5217 1597 5287 passione.

22 5302 79 5358 Et
97 5305 366 5359 confessio
391 5306 687 5376 prophetm,
718 5306 868 5374 quasi
898 5322 959 5363 ex
987 5320 1213 5375 persona
1236 5307 1446 5377 populi;
1470 5323 1599 5364 con-

20 5396 197 5451 lutatio
224 5412 254 5451 a
283 5397 514 5451 Domino
541 5397 777 5465 ipsorum
825 5395 1236 5464 incredulitatis,
1276 5403 1600 5470 assumptio-

20 5504 110 5558 que
137 5488 473 5544 credentium
506 5489 559 5543 in
584 5478 767 5552 illum,
786 5498 839 5544 et
862 5488 1131 5543 accusatio
1160 5489 1474 5546 idololatrim
1499 5492 1597 5547 Ju-

20 5581 271 5637 deorum.
304 5582 379 5637 De
404 5580 748 5637 credentibus
774 5597 840 5636 ex
868 5580 1067 5637 Judznis
1091 5583 1143 5638 in
1187 5583 1466 5638 Dominum
1498 5598 1596 5639 no-

20 5683 174 5729 strnm
214 5672 402 5729 Jcsum
428 5672 721 5727 Christum.
772 5674 1057 5730 Accusatio
1081 5690 1265 5731 eorum
1291 5678 1378 5748 qui
1408 5676 1598 5733 futura:

22 5772 127 5824 vita:
158 5787 265 5823 non
298 5766 667 5823 crediderunt.

1160 301 1486 360 SYNOPSIS
1521 298 1932 367 SCRIPTUM
1965 308 2235 371 SACRE.

3241 333 3342 389 578

1910 460 2143 503 SYNOPSlS
2182 466 2381 518 EOBUH,
2423 470 2542 518 QUrB
2577 473 2626 511 IN
2656 475 2876 518 JEREIM
2908 480 3181 535 PROPHETA

2404 540 2685 584 DICUNTUR.

1822 670 2109 731 Prtedictio.
2150 677 2412 733 malorum
2460 698 2580 753 quae.
2620 700 2716 754 per
2762 687 3336 751 Nabuchodonosorem

1749 759 1930 818 lsraeli
1962 777 2214 822 eventura
2245 781 2387 826 sunt.
2416 772 2738 845 Redargutio
2763 777 3077 838 idololatria:
3103 786 3332 852 lsraelis,

1748 859 1803 908 et
1830 859 2267 914 commemoratio
2296 861 2674 920 beneficiorum
2711 868 2801 924 Dei
2832 885 2955 941 erga
2984 873 3122 939 illos,
3150 888 3200 931 et
3224 896 3336 933 ma—

1747 943 1939 1011 lorum,
1967 963 2085 1017 qua:
2105 951 2245 1020 passi
2264 964 2385 1007 sunt
2406 956 2545 1025 quod
2567 956 2830 1029 {Egyptiis
2849 960 3005 1018 ﬁdem
3029 965 3327 1026 habuerint.

1745 1035 2011 1095 [dolorum
2056 1040 2377 1098 infirmitatis
2422 1046 2831 1119 demonStratio,
2880 1064 2933 1107 et
2989 1057 3343 1125 reprehensio

1744 1127 2098 1187 Israelitarum
2130 1134 2198 1189 ob
2224 1134 2482 1193 humanas
2513 1143 2775 1203 victimas.
2805 1145 3014 1203 Israelis
3038 1155 3328 1220 accusatio,

1742 1230 1795 1275 et
1819 1238 1881 1276 ex
1911 1227 2309 1294 comparatione
2340 1246 2459 1286 eum
2494 1234 2590 1288 illo
2615 1234 2766 1290 Judaa
2796 1241 3057 1297 scelerum
3100 1260 3329 1318 exsupe-

1742 1315 1910 1368 rantia
1967 1318 2344 1391 prmtlictioque
2394 1323 2655 1381 bonorum
2706 1328 2907 1397 Israeli,
2954 1335 2999 1389 si
3041 1315 3331 1397 conversus

1740 1404 1899 1461 fuerit
1926 1409 1990 1461 ad
2025 1411 2188 1468 Deum
2224 1430 2237 1467 :
2284 1416 2410 1469 item
2454 1420 2722 1476 confessio
2752 1425 3044 1496 prophetre,
3076 1433 3226 1501 quasi
3255 1451 3330 1496 ex

1740 1510 1963 1592 persona
1996 1502 2198 1592 populi.
2228 1505 2494 1562 Ascensus
2528 1510 2959 1583 Babyloniorum,
2980 1530 3031 1574 et
3052 1523 3334 1592 prOphetaa-

1738 1585 2047 1645 lamentatio
2074 1593 2140 1647 de
2180 1592 2354 1649 futura
2384 1601 2698 1666 vastatione,
2750 1605 3019 1676 ipsiusque
3052 1585 3331 1671 vastitatis

1735 1677 2042 1750 descriptio.
2080 1684 2362 1741 Accusatio
2411 1691 2610 1763 populi,
2643 1694 2782 1763 quod
2831 1697 3034 1753 nullum
3081 1701 3323 1761 habuerit

1734 1767 1804 1823 ita
1831 1770 2053 1840 justum,
2087 1783 2142 1829 ut
2171 1776 2309 1833 iram
2335 1779 2430 1834 Dei
2460 1782 2715 1850 placaret,
2749 1795 2801 1841 et
2828 1791 3075 1859 nequitia:
3107 1795 3317 1851 illorum

1733 1860 2137 1920 demonstratio.
2171 1868 2321 1935 Quod
2346 1870 2640 1929 Jerusalem
2668 1892 2772 1931 non
2804 1879 2994 1935 debeat
3020 1899 3115 1952 per
3141 1886 3316 1941 Nalm-

1732 1953 2155 2014 chodonosorem
2187 1976 2215 2014 a
2243 1961 2609 2023 fundamentis.
2623 1968 2878 2025 subverti.
2914 1974 3184 2033 Ascensus
3214 1978 3317 2033 Ba.

1731 2044 2154 2117 byloniorunnet
2183 2057 2451 2109 accusatio
2476 2057 2896 2130 inobsequeutiae
2923 2065 3154 2136 Israelis,
3174 2073 3325 2141 quod,

1730 2154 1835 2193 non
1857 2142 2207 2199 sustinuerint
2227 2146 2411 2202 audire
2435 2149 2767 2217 prophetam.
2790 2154 3067 2210 Accusatio
3091 2162 3319 2226 pseudo.

1729 2232 2109 2302 prophetarum
2131 2237 2217 2305 qui
2251 2238 2503 2307 p0pulum
2520 2240 2889 2311 decipiebant:
2916 2245 3144 2303 Jeremia
3167 2268 3316 2306 naut-

1727 2338 1833 2393 que
1859 2325 2089 2391 dicente,
2140 2327 2341 2383 bellum
2369 2328 2504 2397 fore,
2554 2332 2657 2401 ipsi
2686 2333 2933 2391 dicebant
2962 2338 3076 2395 fore
3106 2357 3313 2408 pacem.

1726 2411 2052 2486 Reprobatio
2080 2421 2483 2487 sacriﬁciorum",
2511 2432 2565 2479 et
2589 2438 2841 2481 ascensus
2872 2428 3168 2500 Babylonii,
3197 2438 3315 2488 ani.

1726 2510 1906 2580 mique
1931 2511 2150 2568 rebellis
2179 2513 2485 2570 Judatorum
2505 2517 2817 2573 confutatio.
2849 2520 3098 2579 Hortatur
3120 2526 3319 2587 Judatu.

1726 2610 1782 2661 ut
1810 2603 1875 2657 ad
1903 2605 2177 2660 meliorem
2224 2622 2282 2661 se
2314 2607 2515 2678 frugem
2548 2622 2791 2679 revocet;
2845 2614 2895 2667 id
2941 2617 3043 2671 nisi
3093 2619 3308 2690 lac-iant,

1724 2696 1869 2765 paria
1902 2712 2153 2766 passuros
2185 2699 2303 2754 illos
2332 2702 2685 2758 comminatur
2710 2705 2771 2759 iis
2792 2722 2909 2775 qua:
2936 2707 3093 2765 Israel
3125 2728 3311 2780 passus

1722 2797 1837 2843 cst:
1865 2788 2183 2862 cohibetque
2214 2792 2351 2849 Deus
2379 2794 2666 2850 Jcremiam
2699 2813 2766 2853 ne
2796 2812 3043 2868 precetur
3070 2819 3163 2872 pro
3186 2805 3307 2859 illis.

1722 2878 2047 2948 chrobatio
2077 2884 2480 2951 sacriﬁciorum,
2522 2896 2574 2941 ct
2609 2891 2879 2943 accusatio
2908 2892 3311 2949 inconsideran-

1722 2972 1808 3025 tia:
1837 2987 2044 3038 eorum,
2073 2984 2127 3029 ct
2152 2974 2501 3031 humanarum
2530 2979 2884 3049 victimarum,
2926 3001 3061 3053 quas
3102 2987 3303 3042 tlzemo-

1719 3064 1876 3118 nibus
1898 3065 2209 3122 offerebant.
2241 3069 2521 3125 l’rwdictio
2546 3072 2656 3127 fore
2676 3082 2729 3127 ut
2756 3075 2903 3130 locus
2926 3078 3047 3132 idoli
3073 3081 3305 3149 ipsorum

1718 3157 2021 3225 sepulcrum
2055 3160 2163 3223 lial,
2187 3170 2239 3214 et
2269 3173 2324 3213 ut
2362 3163 2521 3231 aliqui
2550 3165 2849 3219 occisorum
2884 3171 3167 3238 sepultum:
3200 3190 3303 3227 non

1718 3249 2013 3303 tradantur.
2048 3250 2242 3305 lterum
2275 3252 2341 3307 de
2367 3269 2592 3309 ascensu
2632 3256 2884 3324 hostium,
2918 3270 2969 3313 et
2998 3261 3305 3317 lamentatio

1716 3340 1959 3396 Jeremia:
1981 3342 2047 3396 de
2075 3344 2321 3412 nequitiis
2341 3332 2545 3400 eorum.
2576 3348 2859 3403 Accusatio
2888 3351 3213 3416 Judmorum,
3247 3366 3303 3410 ιιι

1715 3434 1875 3488 corde
1914 3434 2429 3502 iueircumcisorum,
2462 3446 2515 3491 et
2558 3439 2856 3495 admonitio
2888 3459 2953 3497 ne
2986 3446 3299 3502 idololatria:

1715 3526 1844 3582 deut
1886 3544 2127 3597 Operam,
2160 3548 2221 3585 ac
2248 3533 2397 3602 quasi
2426 3550 2489 3589 ex
2519 3550 2749 3605 persona
2783 3538 2961 3606 populi
2995 3539 3300 3594 latueutatio

1714 3618 1781 3673 de
1808 3620 1998 3676 futuris
2029 3624 2202 3684 malis.
2235 3634 2288 3678 et
2314 3627 2580 3681 accusatio
2602 3618 2631 3679 a
2657 3627 2768 3683 Deo
2790 3628 2947 3684 facta.
2978 3630 3219 3687 Ilortalio
3235 3633 3303 3688 ad

1716 3713 1963 3769 Israelem
1995 3727 2048 3769 ut
2073 3717 2180 3771 Deo
2207 3719 2477 3783 obediant,
2494 3729 2548 3776 et
2568 3723 2837 3777 accusatio
2862 3734 3067 3794 patrum
3091 3742 3297 3793 eorum,

1716 3813 1899 3875 etquae
1912 3805 2050 3861 mala
2063 3805 2495 3879 ipsisobventura
2511 3810 2638 3869 sint.
2658 3815 2951 3872 Cohibetur
2977 3836 3184 3874 rursum
3207 3820 3297 3875 Je-

1711 3902 1929 3962 rcmias.
1965 3918 2031 3958 ne
2060 3914 2303 3973 precetur
2344 3921 2441 3975 pro
2481 3906 2603 3961 illis.
2647 3908 2988 3964 Lamentatur
3017 3913 3298 3981 propheta,

1712 3990 1854 4059 quod
1884 3992 2089 4048 insidiis
2118 4005 2394 4065 appetatur
2421 4013 2449 4050 a
2480 3996 2679 4052 Jeidaeis
2706 4000 2754 4052 in
2780 4002 3073 4068 Auatlioth,
3105 4005 3299 4072 prardi-
3325 3988 3332 3998 ’

1711 4085 1784 4139 cit
1828 4084 1948 4140 ideo
1977 4085 2209 4141 futurum
2242 4089 2369 4157 ipsis
2400 4105 2518 4144 esse
2548 4091 2841 4145 interitum.
2871 4093 3142 4148 Perizoma
3177 4097 3298 4151 abs-

1711 4177 1942 4232 condere
1968 4178 2189 4248 jubctur
2216 4180 2477 4235 Jeremias
2503 4223 2517 4247 ,
2548 4197 2609 4237 ac
2651 4182 2894 4253 przedicit
2922 4201 3066 4255 IpSOS
3092 4188 3294 4241 satian-

1710 4268 1809 4323 dos
1853 4269 2110 4340 malisque
2150 4270 2493 4327 inebriandos
2522 4287 2663 4327 esse.
2697 4274 2771 4329 De
2803 4276 2991 4344 pluvia:
3042 4276 3249 4331 defectu
3281 4296 3293 4329 :

1710 4359 2093 4431 cohibeturque
2125 4360 2380 4431 propheta
2409 4379 2474 4417 nc
2508 4374 2755 4432 precetur
2780 4381 2873 4434 pro
2898 4366 3060 4437 ipsis:
3086 4377 3300 4422 recusat

1712 4452 1852 4507 Deus
1874 4452 2087 4508 illorum
2119 4452 2447 4521 holocausta,
2473 4466 2527 4510 et
2549 4455 2770 4525 jejunia,
2795 4458 3133 4529 minaturque
3159 4462 3295 4515 mala

1712 4543 2213 4615 pseudopmphetis,
2243 4546 2364 4615 quia
2406 4545 2655 4601 dicebant
2698 4564 2801 4602 non
2846 4549 3169 4606 obventuras
3199 4567 3294 4621 po-

1711 4640 1837 4710 pulo
1866 4638 2213 4693 calamitates.
2245 4639 2518 4709 Supplicat
2550 4640 2690 4694 Deo:
2724 4641 2814 4695 ille
2842 4657 2968 4695 vero
2997 4644 3070 4697 ait
3097 4659 3156 4697 se
3182 4659 3293 4699 non

1709 4732 2081 4788 examliturum
2114 4731 2465 4789 essc.etiamsi
2512 4731 2720 4803 Moyses
2742 4744 2795 4787 et
2821 4734 3034 4788 Samuel
3068 4736 3297 4791 interce-

1709 4826 1899 4880 derent
1928 4839 2023 4893 pro
2052 4824 2213 4893 ipsis:
2244 4822 2335 4877 sed
2364 4822 2609 4877 daturum
2641 4840 2699 4879 se
2726 4824 2845 4879 illos
2876 4825 2925 4878 in
2970 4825 3199 4897 gladium
3240 4835 3297 4883 ct

1711 4926 1959 4979 mortem,
1986 4915 2198 4981 laniem,
2226 4915 2605 4984 captivitatem.
2626 4927 2676 4968 ct
2698 4917 2955 4971 malorum
2976 4918 3292 4987 discerptio-

1711 5025 1853 5062 nem.
1888 5006 2141 5061 Precatur
2170 5005 2430 5061 Jcremias
2472 5016 2527 5059 ιιι
2558 5007 2686 5060 ultio
2714 5017 2957 5061 sumatur
3000 5006 3067 5062 de
3097 5024 3293 5077 expro-

1711 5100 1987 5157 brantibus
2015 5098 2145 5159 sibi;
2182 5098 2318 5153 Deus
2356 5108 2534 5153 autem
2585 5098 2661 5152 ait
2703 5097 2897 5154 illi:Si
2923 5099 3154 5154 eduxeris
3181 5116 3296 5170 pre-

1709 5194 1888 5247 tiosum
1910 5208 1941 5245 a
1967 5191 2074 5259 vili,
2098 5190 2248 5262 quasi
2275 5207 2329 5245 os
2360 5207 2520 5243 meum
2541 5191 2639 5244 eris
2664 5189 2794 5262 (Jer.
2822 5191 2907 5246 15.
2940 5191 3050 5262 19).
3072 5190 3309 5277 ,Ιιιὴειυιχ

1712 5283 1967 5342 )ercmias
1988 5298 2206 5337 uxorem
2230 5298 2333 5337 non
2358 5281 2575 5349 ducere,
2606 5298 2777 5354 neque
2800 5282 3098 5349 lamentari,
3122 5297 3296 5354 neque

1709 5394 1893 5433 eorum
1922 5394 2038 5446 qua:
2059 5377 2201 5432 circa
2226 5386 2466 5431 mortuos
2494 5375 2690 5431 ﬁebant
2711 5377 3020 5446 participem
3038 5390 3156 5430 esse
3173 5389 3295 5430 cum

1711 5469 1981 5524 lsraelitis.
2014 5468 2090 5523 De
2132 5466 2409 5537 apostolis,
2452 5466 2520 5522 de
2548 5466 2760 5521 Christo
2792 5466 3068 5537 prephetia
3097 5483 3109 5519 :
3135 5464 3294 5518 verba

1710 5576 1916 5625 corum,
1948 5559 2036 5629 qui
2071 5559 2121 5611 in
2152 5559 2323 5629 ipsum
2356 5557 2607 5611 credituri
2654 5573 2758 5610 non
2804 5566 2988 5620 erant,
3035 5555 3294 5625 prephela

1709 5651 2050 5723 pr.rnuntiat,
2078 5658 2130 5705 ct
2156 5659 2338 5705 contra
2366 5650 2484 5704 illos
2513 5658 2776 5718 precatur.
2809 5646 3159 5717 I’rmcipitque
3198 5646 3294 5702 Ju-

1710 5745 1861 5809 dmis,
1886 5752 1936 5796 ut
1968 5743 2244 5797 sabbatum
2275 5750 2507 5796 servent.
2550 5740 2602 5793 lu
2633 5739 2845 5793 domum
2882 5738 3020 5809 liguli
3071 5737 3292 5794 mittitur
