  <div class='ocr_page' id='page_1' title='image "/cluster/home/n/w/nwhite01/storage/ocr_20150623/56/hvd.32044019304435/369.png"; bbox 0 0 3722 6274; ppageno 0'>
   <div class='ocr_carea' id='block_1_1' title="bbox 432 322 539 378">
    <p class='ocr_par' dir='ltr' id='par_1_1' title="bbox 432 322 539 378">
     <span class='ocr_line' id='line_1_1' title="bbox 432 322 539 378; baseline -0.009 -1"><span class='ocrx_word' id='word_1_1' title='bbox 432 322 539 378; x_wconf 74' lang='grc' dir='ltr'><strong>3ἶ9</strong></span> 
     </span>
    </p>
   </div>
   <div class='ocr_carea' id='block_1_2' title="bbox 429 427 2024 505">
    <p class='ocr_par' dir='ltr' id='par_1_2' title="bbox 429 427 2024 505">
     <span class='ocr_line' id='line_1_2' title="bbox 429 427 2024 505; baseline -0.004 -17"><span class='ocrx_word' id='word_1_2' title='bbox 429 433 706 505; x_wconf 81' lang='lat' dir='ltr'><strong>propheta.</strong></span> <span class='ocrx_word' id='word_1_3' title='bbox 732 429 935 497; x_wconf 81' lang='lat' dir='ltr'><strong>Finem,</strong></span> <span class='ocrx_word' id='word_1_4' title='bbox 977 430 1151 503; x_wconf 86' lang='lat' dir='ltr'><strong>inquit</strong></span> <span class='ocrx_word' id='word_1_5' title='bbox 1188 429 1351 494; x_wconf 88' lang='lat' dir='ltr'><strong>Deus,</strong></span> <span class='ocrx_word' id='word_1_6' title='bbox 1380 428 1559 497; x_wconf 82' lang='lat' dir='ltr'><strong>loquar</strong></span> <span class='ocrx_word' id='word_1_7' title='bbox 1583 427 1648 482; x_wconf 82' lang='lat' dir='ltr'><strong>de</strong></span> <span class='ocrx_word' id='word_1_8' title='bbox 1670 442 1847 499; x_wconf 74' lang='lat' dir='ltr'><strong>regno,</strong></span> <span class='ocrx_word' id='word_1_9' title='bbox 1875 436 1933 482; x_wconf 76' lang='lat' dir='ltr'><strong>ut</strong></span> <span class='ocrx_word' id='word_1_10' title='bbox 1959 429 2024 481; x_wconf 81' lang='lat' dir='ltr'><strong>lt-</strong></span> 
     </span>
    </p>
   </div>
   <div class='ocr_carea' id='block_1_3' title="bbox 428 519 2024 591">
    <p class='ocr_par' dir='ltr' id='par_1_3' title="bbox 428 519 2024 591">
     <span class='ocr_line' id='line_1_3' title="bbox 428 519 2024 591; baseline -0.004 -12"><span class='ocrx_word' id='word_1_11' title='bbox 428 527 519 579; x_wconf 82' lang='lat' dir='ltr'><strong>lud</strong></span> <span class='ocrx_word' id='word_1_12' title='bbox 545 524 813 591; x_wconf 75' lang='lat' dir='ltr'><strong>anferam;</strong></span> <span class='ocrx_word' id='word_1_13' title='bbox 842 534 896 579; x_wconf 94' lang='lat' dir='ltr'><strong>et</strong></span> <span class='ocrx_word' id='word_1_14' title='bbox 921 523 967 578; x_wconf 84' lang='lat' dir='ltr'><strong>si</strong></span> <span class='ocrx_word' id='word_1_15' title='bbox 992 522 1241 578; x_wconf 77' lang='lat' dir='ltr'><strong>conversi</strong></span> <span class='ocrx_word' id='word_1_16' title='bbox 1265 519 1501 585; x_wconf 90' lang='lat' dir='ltr'><strong>fuerint,</strong></span> <span class='ocrx_word' id='word_1_17' title='bbox 1536 534 1641 573; x_wconf 91' lang='lat' dir='ltr'><strong>non</strong></span> <span class='ocrx_word' id='word_1_18' title='bbox 1668 519 1927 574; x_wconf 80' lang='lat' dir='ltr'><strong>auferam.</strong></span> <span class='ocrx_word' id='word_1_19' title='bbox 1953 519 2024 573; x_wconf 84' lang='lat' dir='ltr'><strong>Et</strong></span> 
     </span>
    </p>
   </div>
   <div class='ocr_carea' id='block_1_4' title="bbox 429 609 2023 685">
    <p class='ocr_par' dir='ltr' id='par_1_4' title="bbox 429 609 2023 685">
     <span class='ocr_line' id='line_1_4' title="bbox 429 609 2023 685; baseline -0.005 -16"><span class='ocrx_word' id='word_1_20' title='bbox 429 617 582 685; x_wconf 78' lang='lat' dir='ltr'><strong>ﬁnem</strong></span> <span class='ocrx_word' id='word_1_21' title='bbox 626 615 826 683; x_wconf 80' lang='lat' dir='ltr'><strong>loquar,</strong></span> <span class='ocrx_word' id='word_1_22' title='bbox 861 614 1052 683; x_wconf 89' lang='lat' dir='ltr'><strong>inquit,</strong></span> <span class='ocrx_word' id='word_1_23' title='bbox 1091 613 1144 666; x_wconf 81' lang='lat' dir='ltr'><strong>in</strong></span> <span class='ocrx_word' id='word_1_24' title='bbox 1169 618 1365 682; x_wconf 81' lang='lat' dir='ltr'><strong>gentem</strong></span> <span class='ocrx_word' id='word_1_25' title='bbox 1389 619 1479 663; x_wconf 87' lang='lat' dir='ltr'><strong>aut</strong></span> <span class='ocrx_word' id='word_1_26' title='bbox 1507 626 1735 679; x_wconf 85' lang='lat' dir='ltr'><strong>regnum,</strong></span> <span class='ocrx_word' id='word_1_27' title='bbox 1765 619 1818 663; x_wconf 77' lang='lat' dir='ltr'><strong>ut</strong></span> <span class='ocrx_word' id='word_1_28' title='bbox 1839 609 2023 664; x_wconf 65' lang='lat' dir='ltr'><strong>readi-</strong></span> 
     </span>
    </p>
   </div>
   <div class='ocr_carea' id='block_1_5' title="bbox 430 696 2023 774">
    <p class='ocr_par' dir='ltr' id='par_1_5' title="bbox 430 696 2023 774">
     <span class='ocr_line' id='line_1_5' title="bbox 430 696 2023 774; baseline -0.006 -15"><span class='ocrx_word' id='word_1_29' title='bbox 430 707 630 774; x_wconf 78' lang='lat' dir='ltr'><strong>ﬁcetur.</strong></span> <span class='ocrx_word' id='word_1_30' title='bbox 662 704 731 758; x_wconf 85' lang='lat' dir='ltr'><strong>Et</strong></span> <span class='ocrx_word' id='word_1_31' title='bbox 759 705 803 758; x_wconf 92' lang='lat' dir='ltr'><strong>si</strong></span> <span class='ocrx_word' id='word_1_32' title='bbox 831 705 1030 759; x_wconf 85' lang='lat' dir='ltr'><strong>malum</strong></span> <span class='ocrx_word' id='word_1_33' title='bbox 1072 699 1318 765; x_wconf 78' lang='lat' dir='ltr'><strong>fecerint,</strong></span> <span class='ocrx_word' id='word_1_34' title='bbox 1352 713 1458 752; x_wconf 92' lang='lat' dir='ltr'><strong>non</strong></span> <span class='ocrx_word' id='word_1_35' title='bbox 1502 696 1693 752; x_wconf 81' lang='lat' dir='ltr'><strong>faciam</strong></span> <span class='ocrx_word' id='word_1_36' title='bbox 1738 712 1838 767; x_wconf 95' lang='lat' dir='ltr'><strong>ego</strong></span> <span class='ocrx_word' id='word_1_37' title='bbox 1883 698 2023 752; x_wconf 90' lang='lat' dir='ltr'><strong>bona</strong></span> 
     </span>
    </p>
   </div>
   <div class='ocr_carea' id='block_1_6' title="bbox 426 789 2016 869">
    <p class='ocr_par' dir='ltr' id='par_1_6' title="bbox 426 789 2016 869">
     <span class='ocr_line' id='line_1_6' title="bbox 426 789 2016 869; baseline -0.006 -17"><span class='ocrx_word' id='word_1_38' title='bbox 426 814 548 869; x_wconf 70' lang='lat' dir='ltr'><strong>quae</strong></span> <span class='ocrx_word' id='word_1_39' title='bbox 590 797 846 867; x_wconf 85' lang='lat' dir='ltr'><strong>loquutus</strong></span> <span class='ocrx_word' id='word_1_40' title='bbox 885 810 1001 849; x_wconf 90' lang='lat' dir='ltr'><strong>sum</strong></span> <span class='ocrx_word' id='word_1_41' title='bbox 1032 802 1092 849; x_wconf 90' lang='lat' dir='ltr'><strong>ut</strong></span> <span class='ocrx_word' id='word_1_42' title='bbox 1119 792 1350 847; x_wconf 86' lang='lat' dir='ltr'><strong>facerem</strong></span> <span class='ocrx_word' id='word_1_43' title='bbox 1378 791 1482 846; x_wconf 86' lang='lat' dir='ltr'><strong>illis</strong></span> <span class='ocrx_word' id='word_1_44' title='bbox 1525 789 1676 861; x_wconf 86' lang='lat' dir='ltr'><strong>(Cap.</strong></span> <span class='ocrx_word' id='word_1_45' title='bbox 1704 790 1791 846; x_wconf 75' lang='grc'><strong>18.</strong></span> <span class='ocrx_word' id='word_1_46' title='bbox 1821 791 1853 844; x_wconf 87' lang='lat'><strong>7</strong></span> <span class='ocrx_word' id='word_1_47' title='bbox 1872 790 2016 858; x_wconf 84' lang='lat' dir='ltr'><strong>-lO).</strong></span> 
     </span>
    </p>
   </div>
   <div class='ocr_carea' id='block_1_7' title="bbox 428 882 2019 959">
    <p class='ocr_par' dir='ltr' id='par_1_7' title="bbox 428 882 2019 959">
     <span class='ocr_line' id='line_1_7' title="bbox 428 882 2019 959; baseline -0.007 -12"><span class='ocrx_word' id='word_1_48' title='bbox 428 892 543 947; x_wconf 90' lang='lat' dir='ltr'><strong>lloc</strong></span> <span class='ocrx_word' id='word_1_49' title='bbox 564 901 742 946; x_wconf 89' lang='lat' dir='ltr'><strong>autem</strong></span> <span class='ocrx_word' id='word_1_50' title='bbox 758 897 915 959; x_wconf 87' lang='lat' dir='ltr'><strong>caput</strong></span> <span class='ocrx_word' id='word_1_51' title='bbox 934 898 1119 943; x_wconf 88' lang='lat' dir='ltr'><strong>contra</strong></span> <span class='ocrx_word' id='word_1_52' title='bbox 1145 886 1361 942; x_wconf 67' lang='lat' dir='ltr'><strong>Judmos</strong></span> <span class='ocrx_word' id='word_1_53' title='bbox 1378 884 1507 938; x_wconf 90' lang='lat' dir='ltr'><strong>utile</strong></span> <span class='ocrx_word' id='word_1_54' title='bbox 1524 884 1646 946; x_wconf 89' lang='lat' dir='ltr'><strong>erit,</strong></span> <span class='ocrx_word' id='word_1_55' title='bbox 1674 899 1795 938; x_wconf 90' lang='lat' dir='ltr'><strong>cum</strong></span> <span class='ocrx_word' id='word_1_56' title='bbox 1819 882 2019 947; x_wconf 87' lang='lat' dir='ltr'><strong>dicent,</strong></span> 
     </span>
    </p>
   </div>
   <div class='ocr_carea' id='block_1_8' title="bbox 428 975 2022 1050">
    <p class='ocr_par' dir='ltr' id='par_1_8' title="bbox 428 975 2022 1050">
     <span class='ocr_line' id='line_1_8' title="bbox 428 975 2022 1050; baseline -0.006 -12"><span class='ocrx_word' id='word_1_57' title='bbox 428 983 719 1038; x_wconf 89' lang='lat' dir='ltr'><strong>Dominum</strong></span> <span class='ocrx_word' id='word_1_58' title='bbox 748 981 878 1050; x_wconf 83' lang='lat' dir='ltr'><strong>ipsis</strong></span> <span class='ocrx_word' id='word_1_59' title='bbox 906 981 1043 1035; x_wconf 90' lang='lat' dir='ltr'><strong>bona</strong></span> <span class='ocrx_word' id='word_1_60' title='bbox 1074 977 1417 1049; x_wconf 88' lang='lat' dir='ltr'><strong>promisisse;</strong></span> <span class='ocrx_word' id='word_1_61' title='bbox 1446 991 1567 1030; x_wconf 91' lang='lat' dir='ltr'><strong>cum</strong></span> <span class='ocrx_word' id='word_1_62' title='bbox 1597 975 1740 1029; x_wconf 89' lang='lat' dir='ltr'><strong>enim</strong></span> <span class='ocrx_word' id='word_1_63' title='bbox 1770 989 1877 1028; x_wconf 92' lang='lat' dir='ltr'><strong>non</strong></span> <span class='ocrx_word' id='word_1_64' title='bbox 1900 988 2022 1029; x_wconf 61' lang='lat' dir='ltr'><strong>creo</strong></span> 
     </span>
    </p>
   </div>
   <div class='ocr_carea' id='block_1_9' title="bbox 428 1066 2022 1137">
    <p class='ocr_par' dir='ltr' id='par_1_9' title="bbox 428 1066 2022 1137">
     <span class='ocr_line' id='line_1_9' title="bbox 428 1066 2022 1137; baseline -0.006 -8"><span class='ocrx_word' id='word_1_65' title='bbox 428 1074 666 1129; x_wconf 88' lang='lat' dir='ltr'><strong>diderint</strong></span> <span class='ocrx_word' id='word_1_66' title='bbox 694 1073 921 1128; x_wconf 89' lang='lat' dir='ltr'><strong>Domino</strong></span> <span class='ocrx_word' id='word_1_67' title='bbox 947 1080 1133 1126; x_wconf 89' lang='lat' dir='ltr'><strong>nostro</strong></span> <span class='ocrx_word' id='word_1_68' title='bbox 1161 1069 1286 1125; x_wconf 91' lang='lat' dir='ltr'><strong>Jesu</strong></span> <span class='ocrx_word' id='word_1_69' title='bbox 1314 1068 1547 1133; x_wconf 86' lang='lat' dir='ltr'><strong>Christo,</strong></span> <span class='ocrx_word' id='word_1_70' title='bbox 1575 1066 1673 1137; x_wconf 88' lang='lat' dir='ltr'><strong>ipsi</strong></span> <span class='ocrx_word' id='word_1_71' title='bbox 1700 1067 1801 1122; x_wconf 87' lang='lat' dir='ltr'><strong>sibi</strong></span> <span class='ocrx_word' id='word_1_72' title='bbox 1822 1066 1951 1137; x_wconf 90' lang='lat' dir='ltr'><strong>ipsis</strong></span> <span class='ocrx_word' id='word_1_73' title='bbox 1969 1067 2022 1120; x_wconf 89' lang='lat' dir='ltr'><strong>in</strong></span> 
     </span>
    </p>
   </div>
   <div class='ocr_carea' id='block_1_10' title="bbox 431 1158 2024 1235">
    <p class='ocr_par' dir='ltr' id='par_1_10' title="bbox 431 1158 2024 1235">
     <span class='ocr_line' id='line_1_10' title="bbox 431 1158 2024 1235; baseline -0.004 -15"><span class='ocrx_word' id='word_1_74' title='bbox 431 1180 593 1220; x_wconf 89' lang='lat' dir='ltr'><strong>causa</strong></span> <span class='ocrx_word' id='word_1_75' title='bbox 623 1164 770 1221; x_wconf 87' lang='lat' dir='ltr'><strong>fuere</strong></span> <span class='ocrx_word' id='word_1_76' title='bbox 796 1164 1140 1235; x_wconf 65' lang='lat' dir='ltr'><strong>przesentium</strong></span> <span class='ocrx_word' id='word_1_77' title='bbox 1168 1162 1455 1217; x_wconf 91' lang='lat' dir='ltr'><strong>malorum.</strong></span> <span class='ocrx_word' id='word_1_78' title='bbox 1486 1159 1711 1214; x_wconf 87' lang='lat' dir='ltr'><strong>Insidias</strong></span> <span class='ocrx_word' id='word_1_79' title='bbox 1741 1159 1841 1214; x_wconf 89' lang='lat' dir='ltr'><strong>sibi</strong></span> <span class='ocrx_word' id='word_1_80' title='bbox 1871 1174 1902 1214; x_wconf 91' lang='lat' dir='ltr'><strong>a</strong></span> <span class='ocrx_word' id='word_1_81' title='bbox 1929 1158 2024 1214; x_wconf 91' lang='lat' dir='ltr'><strong>Ju-</strong></span> 
     </span>
    </p>
   </div>
   <div class='ocr_carea' id='block_1_11' title="bbox 430 1252 2024 1332">
    <p class='ocr_par' dir='ltr' id='par_1_11' title="bbox 430 1252 2024 1332">
     <span class='ocr_line' id='line_1_11' title="bbox 430 1252 2024 1332; baseline -0.004 -16"><span class='ocrx_word' id='word_1_82' title='bbox 430 1261 566 1317; x_wconf 65' lang='lat' dir='ltr'><strong>dmis</strong></span> <span class='ocrx_word' id='word_1_83' title='bbox 595 1261 859 1332; x_wconf 87' lang='lat' dir='ltr'><strong>parandas</strong></span> <span class='ocrx_word' id='word_1_84' title='bbox 887 1258 1144 1329; x_wconf 88' lang='lat' dir='ltr'><strong>pr0pheta</strong></span> <span class='ocrx_word' id='word_1_85' title='bbox 1175 1257 1435 1327; x_wconf 62' lang='lat' dir='ltr'><strong>praedicit,</strong></span> <span class='ocrx_word' id='word_1_86' title='bbox 1461 1263 1514 1309; x_wconf 90' lang='lat' dir='ltr'><strong>et</strong></span> <span class='ocrx_word' id='word_1_87' title='bbox 1541 1266 1729 1309; x_wconf 91' lang='lat' dir='ltr'><strong>contra</strong></span> <span class='ocrx_word' id='word_1_88' title='bbox 1753 1252 1872 1308; x_wconf 90' lang='lat' dir='ltr'><strong>illos</strong></span> <span class='ocrx_word' id='word_1_89' title='bbox 1899 1268 2024 1323; x_wconf 52' lang='lat' dir='ltr'><strong>pre.</strong></span> 
     </span>
    </p>
   </div>
   <div class='ocr_carea' id='block_1_12' title="bbox 431 1344 2023 1424">
    <p class='ocr_par' dir='ltr' id='par_1_12' title="bbox 431 1344 2023 1424">
     <span class='ocr_line' id='line_1_12' title="bbox 431 1344 2023 1424; baseline -0.006 -15"><span class='ocrx_word' id='word_1_90' title='bbox 431 1362 605 1417; x_wconf 86' lang='lat' dir='ltr'><strong>catur,</strong></span> <span class='ocrx_word' id='word_1_91' title='bbox 631 1352 881 1424; x_wconf 90' lang='lat' dir='ltr'><strong>quoniam</strong></span> <span class='ocrx_word' id='word_1_92' title='bbox 908 1350 1045 1405; x_wconf 89' lang='lat' dir='ltr'><strong>mala</strong></span> <span class='ocrx_word' id='word_1_93' title='bbox 1075 1364 1170 1420; x_wconf 90' lang='lat' dir='ltr'><strong>pro</strong></span> <span class='ocrx_word' id='word_1_94' title='bbox 1197 1348 1352 1402; x_wconf 85' lang='lat' dir='ltr'><strong>bonis</strong></span> <span class='ocrx_word' id='word_1_95' title='bbox 1381 1346 1767 1401; x_wconf 90' lang='lat' dir='ltr'><strong>retribuerunt.</strong></span> <span class='ocrx_word' id='word_1_96' title='bbox 1797 1344 2023 1401; x_wconf 88' lang='lat' dir='ltr'><strong>Jubetur</strong></span> 
     </span>
    </p>
   </div>
   <div class='ocr_carea' id='block_1_13' title="bbox 433 1436 2023 1511">
    <p class='ocr_par' dir='ltr' id='par_1_13' title="bbox 433 1436 2023 1511">
     <span class='ocr_line' id='line_1_13' title="bbox 433 1436 2023 1511; baseline -0.005 -11"><span class='ocrx_word' id='word_1_97' title='bbox 433 1444 717 1510; x_wconf 88' lang='lat' dir='ltr'><strong>Jeremias,</strong></span> <span class='ocrx_word' id='word_1_98' title='bbox 763 1451 982 1511; x_wconf 87' lang='lat' dir='ltr'><strong>accepta</strong></span> <span class='ocrx_word' id='word_1_99' title='bbox 1012 1441 1288 1511; x_wconf 87' lang='lat' dir='ltr'><strong>laguncula</strong></span> <span class='ocrx_word' id='word_1_100' title='bbox 1318 1438 1519 1510; x_wconf 86' lang='lat' dir='ltr'><strong>ﬁglina,</strong></span> <span class='ocrx_word' id='word_1_101' title='bbox 1561 1436 1702 1492; x_wconf 90' lang='lat' dir='ltr'><strong>mala</strong></span> <span class='ocrx_word' id='word_1_102' title='bbox 1733 1436 1913 1507; x_wconf 89' lang='lat' dir='ltr'><strong>populi</strong></span> <span class='ocrx_word' id='word_1_103' title='bbox 1943 1446 2023 1492; x_wconf 88' lang='lat' dir='ltr'><strong>te-</strong></span> 
     </span>
    </p>
   </div>
   <div class='ocr_carea' id='block_1_14' title="bbox 431 1529 2018 1604">
    <p class='ocr_par' dir='ltr' id='par_1_14' title="bbox 431 1529 2018 1604">
     <span class='ocr_line' id='line_1_14' title="bbox 431 1529 2018 1604; baseline -0.006 -14"><span class='ocrx_word' id='word_1_104' title='bbox 431 1534 713 1602; x_wconf 81' lang='lat' dir='ltr'><strong>stiﬁcatus,</strong></span> <span class='ocrx_word' id='word_1_105' title='bbox 746 1534 1080 1604; x_wconf 80' lang='lat' dir='ltr'><strong>lagunculam</strong></span> <span class='ocrx_word' id='word_1_106' title='bbox 1129 1541 1409 1586; x_wconf 86' lang='lat' dir='ltr'><strong>conterere</strong></span> <span class='ocrx_word' id='word_1_107' title='bbox 1432 1538 1557 1585; x_wconf 85' lang='lat' dir='ltr'><strong>ante</strong></span> <span class='ocrx_word' id='word_1_108' title='bbox 1587 1529 1774 1583; x_wconf 91' lang='lat' dir='ltr'><strong>oculos</strong></span> <span class='ocrx_word' id='word_1_109' title='bbox 1807 1543 2018 1595; x_wconf 87' lang='lat' dir='ltr'><strong>eorum,</strong></span> 
     </span>
    </p>
   </div>
   <div class='ocr_carea' id='block_1_15' title="bbox 430 1622 2019 1691">
    <p class='ocr_par' dir='ltr' id='par_1_15' title="bbox 430 1622 2019 1691">
     <span class='ocr_line' id='line_1_15' title="bbox 430 1622 2019 1691; baseline -0.004 -7"><span class='ocrx_word' id='word_1_110' title='bbox 430 1637 487 1684; x_wconf 92' lang='lat' dir='ltr'><strong>et</strong></span> <span class='ocrx_word' id='word_1_111' title='bbox 514 1627 838 1684; x_wconf 86' lang='lat' dir='ltr'><strong>dicere:Sic</strong></span> <span class='ocrx_word' id='word_1_112' title='bbox 865 1634 1175 1681; x_wconf 90' lang='lat' dir='ltr'><strong>conteretur</strong></span> <span class='ocrx_word' id='word_1_113' title='bbox 1218 1624 1540 1679; x_wconf 86' lang='lat' dir='ltr'><strong>Jerusalem.</strong></span> <span class='ocrx_word' id='word_1_114' title='bbox 1580 1623 1648 1678; x_wconf 88' lang='lat' dir='ltr'><strong>Et</strong></span> <span class='ocrx_word' id='word_1_115' title='bbox 1686 1622 1960 1691; x_wconf 87' lang='lat' dir='ltr'><strong>conjectus</strong></span> <span class='ocrx_word' id='word_1_116' title='bbox 1987 1637 2019 1677; x_wconf 91' lang='lat' dir='ltr'><strong>a</strong></span> 
     </span>
    </p>
   </div>
   <div class='ocr_carea' id='block_1_16' title="bbox 429 1714 2021 1788">
    <p class='ocr_par' dir='ltr' id='par_1_16' title="bbox 429 1714 2021 1788">
     <span class='ocr_line' id='line_1_16' title="bbox 429 1714 2021 1788; baseline -0.005 -13"><span class='ocrx_word' id='word_1_117' title='bbox 429 1719 700 1776; x_wconf 87' lang='lat' dir='ltr'><strong>Paschore</strong></span> <span class='ocrx_word' id='word_1_118' title='bbox 731 1720 782 1775; x_wconf 91' lang='lat' dir='ltr'><strong>in</strong></span> <span class='ocrx_word' id='word_1_119' title='bbox 811 1734 1055 1784; x_wconf 81' lang='lat' dir='ltr'><strong>nervum,</strong></span> <span class='ocrx_word' id='word_1_120' title='bbox 1090 1717 1371 1788; x_wconf 83' lang='lat' dir='ltr'><strong>prophetat</strong></span> <span class='ocrx_word' id='word_1_121' title='bbox 1409 1714 1663 1770; x_wconf 84' lang='lat' dir='ltr'><strong>Paschori</strong></span> <span class='ocrx_word' id='word_1_122' title='bbox 1713 1714 1853 1769; x_wconf 90' lang='lat' dir='ltr'><strong>mala</strong></span> <span class='ocrx_word' id='word_1_123' title='bbox 1899 1729 2021 1783; x_wconf 77' lang='lat' dir='ltr'><strong>qua:</strong></span> 
     </span>
    </p>
   </div>
   <div class='ocr_carea' id='block_1_17' title="bbox 431 1805 2018 1882">
    <p class='ocr_par' dir='ltr' id='par_1_17' title="bbox 431 1805 2018 1882">
     <span class='ocr_line' id='line_1_17' title="bbox 431 1805 2018 1882; baseline -0.006 -15"><span class='ocrx_word' id='word_1_124' title='bbox 431 1813 603 1881; x_wconf 87' lang='lat' dir='ltr'><strong>ipsum</strong></span> <span class='ocrx_word' id='word_1_125' title='bbox 621 1821 907 1882; x_wconf 84' lang='lat' dir='ltr'><strong>exceptura</strong></span> <span class='ocrx_word' id='word_1_126' title='bbox 923 1819 1095 1865; x_wconf 87' lang='lat' dir='ltr'><strong>erant.</strong></span> <span class='ocrx_word' id='word_1_127' title='bbox 1120 1808 1320 1863; x_wconf 87' lang='lat' dir='ltr'><strong>Deinde</strong></span> <span class='ocrx_word' id='word_1_128' title='bbox 1335 1823 1475 1877; x_wconf 77' lang='lat' dir='ltr'><strong>:egre</strong></span> <span class='ocrx_word' id='word_1_129' title='bbox 1495 1805 1595 1862; x_wconf 88' lang='lat' dir='ltr'><strong>fert</strong></span> <span class='ocrx_word' id='word_1_130' title='bbox 1621 1821 1714 1861; x_wconf 91' lang='lat' dir='ltr'><strong>eos</strong></span> <span class='ocrx_word' id='word_1_131' title='bbox 1740 1805 1828 1876; x_wconf 90' lang='lat' dir='ltr'><strong>qui</strong></span> <span class='ocrx_word' id='word_1_132' title='bbox 1846 1806 2018 1874; x_wconf 90' lang='lat' dir='ltr'><strong>ipsum</strong></span> 
     </span>
    </p>
   </div>
   <div class='ocr_carea' id='block_1_18' title="bbox 428 1898 2019 1971">
    <p class='ocr_par' dir='ltr' id='par_1_18' title="bbox 428 1898 2019 1971">
     <span class='ocr_line' id='line_1_18' title="bbox 428 1898 2019 1971; baseline -0.002 -15"><span class='ocrx_word' id='word_1_133' title='bbox 428 1903 735 1970; x_wconf 90' lang='lat' dir='ltr'><strong>traducunt,</strong></span> <span class='ocrx_word' id='word_1_134' title='bbox 791 1910 1142 1971; x_wconf 86' lang='lat' dir='ltr'><strong>precaturque</strong></span> <span class='ocrx_word' id='word_1_135' title='bbox 1171 1900 1427 1954; x_wconf 81' lang='lat' dir='ltr'><strong>adversus</strong></span> <span class='ocrx_word' id='word_1_136' title='bbox 1470 1899 1610 1963; x_wconf 91' lang='lat' dir='ltr'><strong>illos,</strong></span> <span class='ocrx_word' id='word_1_137' title='bbox 1646 1898 2019 1968; x_wconf 87' lang='lat' dir='ltr'><strong>maledicitque</strong></span> 
     </span>
    </p>
   </div>
   <div class='ocr_carea' id='block_1_19' title="bbox 425 1991 2017 2057">
    <p class='ocr_par' dir='ltr' id='par_1_19' title="bbox 425 1991 2017 2057">
     <span class='ocr_line' id='line_1_19' title="bbox 425 1991 2017 2057; baseline -0.003 -7"><span class='ocrx_word' id='word_1_138' title='bbox 425 1996 531 2051; x_wconf 86' lang='lat' dir='ltr'><strong>dici</strong></span> <span class='ocrx_word' id='word_1_139' title='bbox 559 2012 691 2051; x_wconf 64' lang='lat' dir='ltr'><strong>sum.</strong></span> <span class='ocrx_word' id='word_1_140' title='bbox 725 1995 882 2049; x_wconf 80' lang='lat' dir='ltr'><strong>Mittit</strong></span> <span class='ocrx_word' id='word_1_141' title='bbox 905 1993 1157 2051; x_wconf 90' lang='lat' dir='ltr'><strong>Sedecias</strong></span> <span class='ocrx_word' id='word_1_142' title='bbox 1176 2010 1290 2057; x_wconf 90' lang='lat' dir='ltr'><strong>rex,</strong></span> <span class='ocrx_word' id='word_1_143' title='bbox 1317 2004 1372 2047; x_wconf 91' lang='lat' dir='ltr'><strong>ut</strong></span> <span class='ocrx_word' id='word_1_144' title='bbox 1397 1993 1567 2046; x_wconf 86' lang='lat' dir='ltr'><strong>discat</strong></span> <span class='ocrx_word' id='word_1_145' title='bbox 1594 2007 1621 2044; x_wconf 90' lang='lat' dir='ltr'><strong>a</strong></span> <span class='ocrx_word' id='word_1_146' title='bbox 1645 1991 1873 2046; x_wconf 88' lang='lat' dir='ltr'><strong>Jcremia</strong></span> <span class='ocrx_word' id='word_1_147' title='bbox 1892 2007 2017 2045; x_wconf 91' lang='lat' dir='ltr'><strong>num</strong></span> 
     </span>
    </p>
   </div>
   <div class='ocr_carea' id='block_1_20' title="bbox 424 2083 2019 2153">
    <p class='ocr_par' dir='ltr' id='par_1_20' title="bbox 424 2083 2019 2153">
     <span class='ocr_line' id='line_1_20' title="bbox 424 2083 2019 2153; baseline -0.004 -10"><span class='ocrx_word' id='word_1_148' title='bbox 424 2090 776 2146; x_wconf 84' lang='lat' dir='ltr'><strong>abscessurus</strong></span> <span class='ocrx_word' id='word_1_149' title='bbox 790 2104 818 2141; x_wconf 88' lang='lat' dir='ltr'><strong>a</strong></span> <span class='ocrx_word' id='word_1_150' title='bbox 841 2103 901 2143; x_wconf 92' lang='lat' dir='ltr'><strong>se</strong></span> <span class='ocrx_word' id='word_1_151' title='bbox 917 2091 984 2142; x_wconf 88' lang='lat' dir='ltr'><strong>sit</strong></span> <span class='ocrx_word' id='word_1_152' title='bbox 1004 2086 1515 2142; x_wconf 80' lang='lat' dir='ltr'><strong>Nabuchodonosor.</strong></span> <span class='ocrx_word' id='word_1_153' title='bbox 1534 2083 1627 2139; x_wconf 89' lang='lat' dir='ltr'><strong>llle</strong></span> <span class='ocrx_word' id='word_1_154' title='bbox 1646 2098 1775 2138; x_wconf 89' lang='lat' dir='ltr'><strong>vero</strong></span> <span class='ocrx_word' id='word_1_155' title='bbox 1796 2099 2019 2153; x_wconf 76' lang='lat' dir='ltr'><strong>rcSpon-</strong></span> 
     </span>
    </p>
   </div>
   <div class='ocr_carea' id='block_1_21' title="bbox 426 2176 2015 2245">
    <p class='ocr_par' dir='ltr' id='par_1_21' title="bbox 426 2176 2015 2245">
     <span class='ocr_line' id='line_1_21' title="bbox 426 2176 2015 2245; baseline -0.001 -12"><span class='ocrx_word' id='word_1_156' title='bbox 426 2182 539 2245; x_wconf 85' lang='lat' dir='ltr'><strong>det,</strong></span> <span class='ocrx_word' id='word_1_157' title='bbox 566 2180 735 2235; x_wconf 91' lang='lat' dir='ltr'><strong>Deum</strong></span> <span class='ocrx_word' id='word_1_158' title='bbox 766 2179 1083 2234; x_wconf 88' lang='lat' dir='ltr'><strong>bellaturum</strong></span> <span class='ocrx_word' id='word_1_159' title='bbox 1111 2194 1230 2234; x_wconf 89' lang='lat' dir='ltr'><strong>esse</strong></span> <span class='ocrx_word' id='word_1_160' title='bbox 1258 2187 1444 2232; x_wconf 90' lang='lat' dir='ltr'><strong>contra</strong></span> <span class='ocrx_word' id='word_1_161' title='bbox 1482 2176 1697 2232; x_wconf 76' lang='lat' dir='ltr'><strong>Judzeos</strong></span> <span class='ocrx_word' id='word_1_162' title='bbox 1736 2186 1789 2231; x_wconf 92' lang='lat' dir='ltr'><strong>et</strong></span> <span class='ocrx_word' id='word_1_163' title='bbox 1830 2187 2015 2231; x_wconf 84' lang='lat' dir='ltr'><strong>contra</strong></span> 
     </span>
    </p>
   </div>
   <div class='ocr_carea' id='block_1_22' title="bbox 427 2267 2017 2342">
    <p class='ocr_par' dir='ltr' id='par_1_22' title="bbox 427 2267 2017 2342">
     <span class='ocr_line' id='line_1_22' title="bbox 427 2267 2017 2342; baseline -0.002 -17"><span class='ocrx_word' id='word_1_164' title='bbox 427 2287 605 2342; x_wconf 69' lang='lat' dir='ltr'><strong>regem</strong></span> <span class='ocrx_word' id='word_1_165' title='bbox 656 2270 957 2327; x_wconf 82' lang='lat' dir='ltr'><strong>Sedeciam.</strong></span> <span class='ocrx_word' id='word_1_166' title='bbox 1000 2270 1057 2325; x_wconf 87' lang='lat' dir='ltr'><strong>Si</strong></span> <span class='ocrx_word' id='word_1_167' title='bbox 1107 2278 1283 2324; x_wconf 88' lang='lat' dir='ltr'><strong>autem</strong></span> <span class='ocrx_word' id='word_1_168' title='bbox 1334 2269 1561 2322; x_wconf 89' lang='lat' dir='ltr'><strong>voluerit</strong></span> <span class='ocrx_word' id='word_1_169' title='bbox 1590 2267 1816 2338; x_wconf 90' lang='lat' dir='ltr'><strong>populus</strong></span> <span class='ocrx_word' id='word_1_170' title='bbox 1844 2268 2017 2322; x_wconf 90' lang='lat' dir='ltr'><strong>libens</strong></span> 
     </span>
    </p>
   </div>
   <div class='ocr_carea' id='block_1_23' title="bbox 426 2362 2013 2432">
    <p class='ocr_par' dir='ltr' id='par_1_23' title="bbox 426 2362 2013 2432">
     <span class='ocr_line' id='line_1_23' title="bbox 426 2362 2013 2432; baseline -0.001 -15"><span class='ocrx_word' id='word_1_171' title='bbox 426 2365 655 2420; x_wconf 89' lang='lat' dir='ltr'><strong>transire</strong></span> <span class='ocrx_word' id='word_1_172' title='bbox 692 2365 758 2419; x_wconf 87' lang='lat' dir='ltr'><strong>ad</strong></span> <span class='ocrx_word' id='word_1_173' title='bbox 787 2364 1383 2427; x_wconf 81' lang='lat' dir='ltr'><strong>Nabuchodonosorem,</strong></span> <span class='ocrx_word' id='word_1_174' title='bbox 1421 2362 1594 2432; x_wconf 90' lang='lat' dir='ltr'><strong>ipsum</strong></span> <span class='ocrx_word' id='word_1_175' title='bbox 1624 2362 1851 2416; x_wconf 86' lang='lat' dir='ltr'><strong>salutem</strong></span> <span class='ocrx_word' id='word_1_176' title='bbox 1877 2376 2013 2416; x_wconf 91' lang='lat' dir='ltr'><strong>con-</strong></span> 
     </span>
    </p>
   </div>
   <div class='ocr_carea' id='block_1_24' title="bbox 426 2456 2011 2528">
    <p class='ocr_par' dir='ltr' id='par_1_24' title="bbox 426 2456 2011 2528">
     <span class='ocr_line' id='line_1_24' title="bbox 426 2456 2011 2528; baseline 0 -17"><span class='ocrx_word' id='word_1_177' title='bbox 426 2466 799 2527; x_wconf 88' lang='lat' dir='ltr'><strong>sequutnrum,</strong></span> <span class='ocrx_word' id='word_1_178' title='bbox 830 2473 1119 2528; x_wconf 79' lang='lat' dir='ltr'><strong>regemque</strong></span> <span class='ocrx_word' id='word_1_179' title='bbox 1150 2472 1253 2511; x_wconf 91' lang='lat' dir='ltr'><strong>non</strong></span> <span class='ocrx_word' id='word_1_180' title='bbox 1289 2458 1578 2526; x_wconf 86' lang='lat' dir='ltr'><strong>periturum</strong></span> <span class='ocrx_word' id='word_1_181' title='bbox 1607 2470 1749 2524; x_wconf 88' lang='lat' dir='ltr'><strong>esse,</strong></span> <span class='ocrx_word' id='word_1_182' title='bbox 1779 2456 1821 2510; x_wconf 90' lang='lat' dir='ltr'><strong>si</strong></span> <span class='ocrx_word' id='word_1_183' title='bbox 1854 2472 1885 2511; x_wconf 93' lang='lat' dir='ltr'><strong>a</strong></span> <span class='ocrx_word' id='word_1_184' title='bbox 1915 2472 2011 2511; x_wconf 88' lang='lat' dir='ltr'><strong>sua</strong></span> 
     </span>
    </p>
   </div>
   <div class='ocr_carea' id='block_1_25' title="bbox 424 2547 2005 2620">
    <p class='ocr_par' dir='ltr' id='par_1_25' title="bbox 424 2547 2005 2620">
     <span class='ocr_line' id='line_1_25' title="bbox 424 2547 2005 2620; baseline 0.003 -21"><span class='ocrx_word' id='word_1_185' title='bbox 424 2550 708 2606; x_wconf 79' lang='lat' dir='ltr'><strong>discedens</strong></span> <span class='ocrx_word' id='word_1_186' title='bbox 737 2550 993 2620; x_wconf 90' lang='lat' dir='ltr'><strong>nequitia,</strong></span> <span class='ocrx_word' id='word_1_187' title='bbox 1030 2550 1119 2603; x_wconf 87' lang='lat' dir='ltr'><strong>Dei</strong></span> <span class='ocrx_word' id='word_1_188' title='bbox 1148 2548 1430 2619; x_wconf 71' lang='lat' dir='ltr'><strong>prmccptis</strong></span> <span class='ocrx_word' id='word_1_189' title='bbox 1449 2547 1728 2603; x_wconf 85' lang='lat' dir='ltr'><strong>attendere</strong></span> <span class='ocrx_word' id='word_1_190' title='bbox 1760 2548 2005 2604; x_wconf 87' lang='lat' dir='ltr'><strong>voluerit.</strong></span> 
     </span>
    </p>
   </div>
   <div class='ocr_carea' id='block_1_26' title="bbox 422 2640 2014 2711">
    <p class='ocr_par' dir='ltr' id='par_1_26' title="bbox 422 2640 2014 2711">
     <span class='ocr_line' id='line_1_26' title="bbox 422 2640 2014 2711; baseline -0.001 -15"><span class='ocrx_word' id='word_1_191' title='bbox 422 2642 621 2698; x_wconf 88' lang='lat' dir='ltr'><strong>Contra</strong></span> <span class='ocrx_word' id='word_1_192' title='bbox 651 2641 891 2698; x_wconf 89' lang='lat' dir='ltr'><strong>Joacbim</strong></span> <span class='ocrx_word' id='word_1_193' title='bbox 922 2651 976 2697; x_wconf 90' lang='lat' dir='ltr'><strong>et</strong></span> <span class='ocrx_word' id='word_1_194' title='bbox 998 2640 1310 2697; x_wconf 87' lang='lat' dir='ltr'><strong>Jeeboniam</strong></span> <span class='ocrx_word' id='word_1_195' title='bbox 1337 2649 1391 2695; x_wconf 92' lang='lat' dir='ltr'><strong>et</strong></span> <span class='ocrx_word' id='word_1_196' title='bbox 1413 2651 1596 2696; x_wconf 92' lang='lat' dir='ltr'><strong>contra</strong></span> <span class='ocrx_word' id='word_1_197' title='bbox 1624 2651 1864 2711; x_wconf 86' lang='lat' dir='ltr'><strong>pastores</strong></span> <span class='ocrx_word' id='word_1_198' title='bbox 1889 2656 2014 2711; x_wconf 90' lang='lat' dir='ltr'><strong>pro-</strong></span> 
     </span>
    </p>
   </div>
   <div class='ocr_carea' id='block_1_27' title="bbox 423 2732 2010 2804">
    <p class='ocr_par' dir='ltr' id='par_1_27' title="bbox 423 2732 2010 2804">
     <span class='ocr_line' id='line_1_27' title="bbox 423 2732 2010 2804; baseline -0.001 -17"><span class='ocrx_word' id='word_1_199' title='bbox 423 2735 602 2804; x_wconf 89' lang='lat' dir='ltr'><strong>phetia</strong></span> <span class='ocrx_word' id='word_1_200' title='bbox 628 2734 694 2789; x_wconf 86' lang='lat' dir='ltr'><strong>ad</strong></span> <span class='ocrx_word' id='word_1_201' title='bbox 725 2734 1026 2799; x_wconf 90' lang='lat' dir='ltr'><strong>Dominum,</strong></span> <span class='ocrx_word' id='word_1_202' title='bbox 1056 2748 1120 2789; x_wconf 89' lang='lat' dir='ltr'><strong>ac</strong></span> <span class='ocrx_word' id='word_1_203' title='bbox 1154 2732 1742 2803; x_wconf 81' lang='lat' dir='ltr'><strong>pseudopmphetarum</strong></span> <span class='ocrx_word' id='word_1_204' title='bbox 1785 2747 2010 2787; x_wconf 86' lang='lat' dir='ltr'><strong>accusa-</strong></span> 
     </span>
    </p>
   </div>
   <div class='ocr_carea' id='block_1_28' title="bbox 424 2825 2009 2897">
    <p class='ocr_par' dir='ltr' id='par_1_28' title="bbox 424 2825 2009 2897">
     <span class='ocr_line' id='line_1_28' title="bbox 424 2825 2009 2897; baseline -0.001 -16"><span class='ocrx_word' id='word_1_205' title='bbox 424 2832 522 2881; x_wconf 90' lang='lat' dir='ltr'><strong>tio.</strong></span> <span class='ocrx_word' id='word_1_206' title='bbox 556 2827 701 2882; x_wconf 88' lang='lat' dir='ltr'><strong>Bona</strong></span> <span class='ocrx_word' id='word_1_207' title='bbox 729 2828 881 2883; x_wconf 73' lang='lat' dir='ltr'><strong>Juda:</strong></span> <span class='ocrx_word' id='word_1_208' title='bbox 925 2826 1243 2897; x_wconf 85' lang='lat' dir='ltr'><strong>prophetat:</strong></span> <span class='ocrx_word' id='word_1_209' title='bbox 1271 2825 1461 2880; x_wconf 89' lang='lat' dir='ltr'><strong>relicto</strong></span> <span class='ocrx_word' id='word_1_210' title='bbox 1501 2835 1680 2879; x_wconf 80' lang='lat' dir='ltr'><strong>autem</strong></span> <span class='ocrx_word' id='word_1_211' title='bbox 1730 2825 1927 2896; x_wconf 90' lang='lat' dir='ltr'><strong>populo</strong></span> <span class='ocrx_word' id='word_1_212' title='bbox 1958 2826 2009 2879; x_wconf 94' lang='lat' dir='ltr'><strong>in</strong></span> 
     </span>
    </p>
   </div>
   <div class='ocr_carea' id='block_1_29' title="bbox 420 2918 2010 2988">
    <p class='ocr_par' dir='ltr' id='par_1_29' title="bbox 420 2918 2010 2988">
     <span class='ocr_line' id='line_1_29' title="bbox 420 2918 2010 2988; baseline -0.001 -15"><span class='ocrx_word' id='word_1_213' title='bbox 420 2919 717 2974; x_wconf 79' lang='lat' dir='ltr'><strong>Jerusalem</strong></span> <span class='ocrx_word' id='word_1_214' title='bbox 747 2934 868 2974; x_wconf 92' lang='lat' dir='ltr'><strong>cum</strong></span> <span class='ocrx_word' id='word_1_215' title='bbox 897 2918 1117 2975; x_wconf 89' lang='lat' dir='ltr'><strong>Sedecia</strong></span> <span class='ocrx_word' id='word_1_216' title='bbox 1150 2932 1245 2988; x_wconf 89' lang='lat' dir='ltr'><strong>per</strong></span> <span class='ocrx_word' id='word_1_217' title='bbox 1268 2918 1570 2987; x_wconf 87' lang='lat' dir='ltr'><strong>exemplum</strong></span> <span class='ocrx_word' id='word_1_218' title='bbox 1600 2918 1791 2973; x_wconf 83' lang='lat' dir='ltr'><strong>(icuum</strong></span> <span class='ocrx_word' id='word_1_219' title='bbox 1815 2932 2010 2973; x_wconf 88' lang='lat' dir='ltr'><strong>ascen-</strong></span> 
     </span>
    </p>
   </div>
   <div class='ocr_carea' id='block_1_30' title="bbox 419 3010 2009 3079">
    <p class='ocr_par' dir='ltr' id='par_1_30' title="bbox 419 3010 2009 3079">
     <span class='ocr_line' id='line_1_30' title="bbox 419 3010 2009 3079; baseline -0.001 -15"><span class='ocrx_word' id='word_1_220' title='bbox 419 3026 541 3066; x_wconf 85' lang='lat' dir='ltr'><strong>sum</strong></span> <span class='ocrx_word' id='word_1_221' title='bbox 564 3011 1101 3067; x_wconf 84' lang='lat' dir='ltr'><strong>Nabuchodonosoris</strong></span> <span class='ocrx_word' id='word_1_222' title='bbox 1124 3010 1459 3076; x_wconf 85' lang='lat' dir='ltr'><strong>vaticinatur,</strong></span> <span class='ocrx_word' id='word_1_223' title='bbox 1491 3010 1838 3079; x_wconf 86' lang='lat' dir='ltr'><strong>omniumque</strong></span> <span class='ocrx_word' id='word_1_224' title='bbox 1874 3025 2009 3079; x_wconf 86' lang='lat' dir='ltr'><strong>gen-</strong></span> 
     </span>
    </p>
   </div>
   <div class='ocr_carea' id='block_1_31' title="bbox 422 3102 2007 3175">
    <p class='ocr_par' dir='ltr' id='par_1_31' title="bbox 422 3102 2007 3175">
     <span class='ocr_line' id='line_1_31' title="bbox 422 3102 2007 3175; baseline 0 -18"><span class='ocrx_word' id='word_1_225' title='bbox 422 3104 554 3157; x_wconf 92' lang='lat' dir='ltr'><strong>tium</strong></span> <span class='ocrx_word' id='word_1_226' title='bbox 587 3104 875 3172; x_wconf 85' lang='lat' dir='ltr'><strong>perniciem</strong></span> <span class='ocrx_word' id='word_1_227' title='bbox 897 3118 993 3175; x_wconf 90' lang='lat' dir='ltr'><strong>per</strong></span> <span class='ocrx_word' id='word_1_228' title='bbox 1019 3103 1120 3158; x_wconf 91' lang='lat' dir='ltr'><strong>hoc</strong></span> <span class='ocrx_word' id='word_1_229' title='bbox 1150 3103 1398 3173; x_wconf 84' lang='lat' dir='ltr'><strong>poculum</strong></span> <span class='ocrx_word' id='word_1_230' title='bbox 1429 3103 1712 3173; x_wconf 84' lang='lat' dir='ltr'><strong>signiﬁcat.</strong></span> <span class='ocrx_word' id='word_1_231' title='bbox 1740 3102 2007 3174; x_wconf 84' lang='lat' dir='ltr'><strong>Jerosoly-</strong></span> 
     </span>
    </p>
   </div>
   <div class='ocr_carea' id='block_1_32' title="bbox 417 3194 2007 3267">
    <p class='ocr_par' dir='ltr' id='par_1_32' title="bbox 417 3194 2007 3267">
     <span class='ocr_line' id='line_1_32' title="bbox 417 3194 2007 3267; baseline 0.001 -18"><span class='ocrx_word' id='word_1_232' title='bbox 417 3211 522 3249; x_wconf 72' lang='lat' dir='ltr'><strong>ma:</strong></span> <span class='ocrx_word' id='word_1_233' title='bbox 552 3196 819 3251; x_wconf 82' lang='lat' dir='ltr'><strong>excidium</strong></span> <span class='ocrx_word' id='word_1_234' title='bbox 849 3195 1109 3267; x_wconf 63' lang='lat' dir='ltr'><strong>praedicit.</strong></span> <span class='ocrx_word' id='word_1_235' title='bbox 1137 3194 1728 3265; x_wconf 78' lang='lat' dir='ltr'><strong>Comprelienditurque</strong></span> <span class='ocrx_word' id='word_1_236' title='bbox 1748 3196 2007 3251; x_wconf 88' lang='lat' dir='ltr'><strong>Jcremias</strong></span> 
     </span>
    </p>
   </div>
   <div class='ocr_carea' id='block_1_33' title="bbox 416 3285 2001 3356">
    <p class='ocr_par' dir='ltr' id='par_1_33' title="bbox 416 3285 2001 3356">
     <span class='ocr_line' id='line_1_33' title="bbox 416 3285 2001 3356; baseline 0.003 -17"><span class='ocrx_word' id='word_1_237' title='bbox 416 3285 742 3343; x_wconf 86' lang='lat' dir='ltr'><strong>occidendus</strong></span> <span class='ocrx_word' id='word_1_238' title='bbox 767 3302 797 3341; x_wconf 89' lang='lat' dir='ltr'><strong>a</strong></span> <span class='ocrx_word' id='word_1_239' title='bbox 826 3287 1215 3353; x_wconf 90' lang='lat' dir='ltr'><strong>sacerdotibus,</strong></span> <span class='ocrx_word' id='word_1_240' title='bbox 1252 3287 1459 3356; x_wconf 91' lang='lat' dir='ltr'><strong>hocque</strong></span> <span class='ocrx_word' id='word_1_241' title='bbox 1481 3286 1772 3356; x_wconf 84' lang='lat' dir='ltr'><strong>periculum</strong></span> <span class='ocrx_word' id='word_1_242' title='bbox 1804 3288 2001 3344; x_wconf 83' lang='lat' dir='ltr'><strong>evadit.</strong></span> 
     </span>
    </p>
   </div>
   <div class='ocr_carea' id='block_1_34' title="bbox 416 3378 2007 3453">
    <p class='ocr_par' dir='ltr' id='par_1_34' title="bbox 416 3378 2007 3453">
     <span class='ocr_line' id='line_1_34' title="bbox 416 3378 2007 3453; baseline 0.003 -20"><span class='ocrx_word' id='word_1_243' title='bbox 416 3378 641 3433; x_wconf 86' lang='lat' dir='ltr'><strong>Jnhetur</strong></span> <span class='ocrx_word' id='word_1_244' title='bbox 676 3379 936 3450; x_wconf 88' lang='lat' dir='ltr'><strong>propheta</strong></span> <span class='ocrx_word' id='word_1_245' title='bbox 962 3395 1021 3436; x_wconf 92' lang='lat' dir='ltr'><strong>se</strong></span> <span class='ocrx_word' id='word_1_246' title='bbox 1052 3381 1276 3435; x_wconf 86' lang='lat' dir='ltr'><strong>vinculis</strong></span> <span class='ocrx_word' id='word_1_247' title='bbox 1321 3381 1675 3446; x_wconf 87' lang='lat' dir='ltr'><strong>circumdare,</strong></span> <span class='ocrx_word' id='word_1_248' title='bbox 1719 3390 1772 3435; x_wconf 90' lang='lat' dir='ltr'><strong>et</strong></span> <span class='ocrx_word' id='word_1_249' title='bbox 1820 3381 2007 3453; x_wconf 83' lang='lat' dir='ltr'><strong>legatis</strong></span> 
     </span>
    </p>
   </div>
   <div class='ocr_carea' id='block_1_35' title="bbox 414 3469 2007 3541">
    <p class='ocr_par' dir='ltr' id='par_1_35' title="bbox 414 3469 2007 3541">
     <span class='ocr_line' id='line_1_35' title="bbox 414 3469 2007 3541; baseline 0.004 -20"><span class='ocrx_word' id='word_1_250' title='bbox 414 3469 835 3540; x_wconf 86' lang='lat' dir='ltr'><strong>alienigenarum</strong></span> <span class='ocrx_word' id='word_1_251' title='bbox 857 3471 1088 3538; x_wconf 88' lang='lat' dir='ltr'><strong>edicere,</strong></span> <span class='ocrx_word' id='word_1_252' title='bbox 1114 3482 1172 3526; x_wconf 91' lang='lat' dir='ltr'><strong>ut</strong></span> <span class='ocrx_word' id='word_1_253' title='bbox 1187 3472 1503 3525; x_wconf 89' lang='lat' dir='ltr'><strong>annuntient</strong></span> <span class='ocrx_word' id='word_1_254' title='bbox 1520 3471 1734 3541; x_wconf 86' lang='lat' dir='ltr'><strong>regibus</strong></span> <span class='ocrx_word' id='word_1_255' title='bbox 1758 3472 1869 3527; x_wconf 90' lang='lat' dir='ltr'><strong>suis</strong></span> <span class='ocrx_word' id='word_1_256' title='bbox 1889 3474 2007 3529; x_wconf 86' lang='lat' dir='ltr'><strong>sub-</strong></span> 
     </span>
    </p>
   </div>
   <div class='ocr_carea' id='block_1_36' title="bbox 414 3558 2004 3632">
    <p class='ocr_par' dir='ltr' id='par_1_36' title="bbox 414 3558 2004 3632">
     <span class='ocr_line' id='line_1_36' title="bbox 414 3558 2004 3632; baseline 0.004 -21"><span class='ocrx_word' id='word_1_257' title='bbox 414 3558 503 3628; x_wconf 80' lang='lat' dir='ltr'><strong>jici</strong></span> <span class='ocrx_word' id='word_1_258' title='bbox 532 3574 627 3615; x_wconf 89' lang='lat' dir='ltr'><strong>eos</strong></span> <span class='ocrx_word' id='word_1_259' title='bbox 656 3570 907 3629; x_wconf 87' lang='lat' dir='ltr'><strong>oportere</strong></span> <span class='ocrx_word' id='word_1_260' title='bbox 933 3560 1475 3625; x_wconf 89' lang='lat' dir='ltr'><strong>Nabuchodonosori;</strong></span> <span class='ocrx_word' id='word_1_261' title='bbox 1506 3563 1805 3632; x_wconf 85' lang='lat' dir='ltr'><strong>minarique</strong></span> <span class='ocrx_word' id='word_1_262' title='bbox 1838 3564 2004 3618; x_wconf 89' lang='lat' dir='ltr'><strong>Deum</strong></span> 
     </span>
    </p>
   </div>
   <div class='ocr_carea' id='block_1_37' title="bbox 414 3650 2005 3722">
    <p class='ocr_par' dir='ltr' id='par_1_37' title="bbox 414 3650 2005 3722">
     <span class='ocr_line' id='line_1_37' title="bbox 414 3650 2005 3722; baseline 0.004 -19"><span class='ocrx_word' id='word_1_263' title='bbox 414 3658 642 3704; x_wconf 89' lang='lat' dir='ltr'><strong>mortem</strong></span> <span class='ocrx_word' id='word_1_264' title='bbox 665 3650 728 3705; x_wconf 91' lang='lat' dir='ltr'><strong>iis</strong></span> <span class='ocrx_word' id='word_1_265' title='bbox 749 3651 838 3719; x_wconf 86' lang='lat' dir='ltr'><strong>qui</strong></span> <span class='ocrx_word' id='word_1_266' title='bbox 866 3666 927 3706; x_wconf 91' lang='lat' dir='ltr'><strong>se</strong></span> <span class='ocrx_word' id='word_1_267' title='bbox 954 3650 1050 3721; x_wconf 90' lang='lat' dir='ltr'><strong>ipsi</strong></span> <span class='ocrx_word' id='word_1_268' title='bbox 1078 3666 1182 3705; x_wconf 90' lang='lat' dir='ltr'><strong>non</strong></span> <span class='ocrx_word' id='word_1_269' title='bbox 1209 3651 1513 3722; x_wconf 89' lang='lat' dir='ltr'><strong>subjiciant.</strong></span> <span class='ocrx_word' id='word_1_270' title='bbox 1540 3652 1795 3708; x_wconf 85' lang='lat' dir='ltr'><strong>Eamdem</strong></span> <span class='ocrx_word' id='word_1_271' title='bbox 1812 3654 2005 3709; x_wconf 84' lang='lat' dir='ltr'><strong>exhor-</strong></span> 
     </span>
    </p>
   </div>
   <div class='ocr_carea' id='block_1_38' title="bbox 414 3739 2004 3814">
    <p class='ocr_par' dir='ltr' id='par_1_38' title="bbox 414 3739 2004 3814">
     <span class='ocr_line' id='line_1_38' title="bbox 414 3739 2004 3814; baseline 0.004 -21"><span class='ocrx_word' id='word_1_272' title='bbox 414 3740 671 3794; x_wconf 81' lang='lat' dir='ltr'><strong>tationem</strong></span> <span class='ocrx_word' id='word_1_273' title='bbox 700 3739 921 3797; x_wconf 91' lang='lat' dir='ltr'><strong>adbibet</strong></span> <span class='ocrx_word' id='word_1_274' title='bbox 940 3757 1065 3813; x_wconf 88' lang='lat' dir='ltr'><strong>erga</strong></span> <span class='ocrx_word' id='word_1_275' title='bbox 1097 3741 1395 3809; x_wconf 91' lang='lat' dir='ltr'><strong>Sedeciam,</strong></span> <span class='ocrx_word' id='word_1_276' title='bbox 1430 3751 1485 3798; x_wconf 93' lang='lat' dir='ltr'><strong>et</strong></span> <span class='ocrx_word' id='word_1_277' title='bbox 1514 3745 1796 3814; x_wconf 90' lang='lat' dir='ltr'><strong>populum,</strong></span> <span class='ocrx_word' id='word_1_278' title='bbox 1817 3753 1871 3799; x_wconf 91' lang='lat' dir='ltr'><strong>et</strong></span> <span class='ocrx_word' id='word_1_279' title='bbox 1916 3760 2004 3800; x_wconf 85' lang='lat' dir='ltr'><strong>sa-</strong></span> 
     </span>
    </p>
   </div>
   <div class='ocr_carea' id='block_1_39' title="bbox 412 3832 2005 3905">
    <p class='ocr_par' dir='ltr' id='par_1_39' title="bbox 412 3832 2005 3905">
     <span class='ocr_line' id='line_1_39' title="bbox 412 3832 2005 3905; baseline 0.003 -17"><span class='ocrx_word' id='word_1_280' title='bbox 412 3832 681 3889; x_wconf 84' lang='lat' dir='ltr'><strong>cerdOIes.</strong></span> <span class='ocrx_word' id='word_1_281' title='bbox 733 3834 968 3889; x_wconf 84' lang='lat' dir='ltr'><strong>Ananias</strong></span> <span class='ocrx_word' id='word_1_282' title='bbox 1015 3850 1144 3889; x_wconf 87' lang='lat' dir='ltr'><strong>vero</strong></span> <span class='ocrx_word' id='word_1_283' title='bbox 1190 3835 1653 3905; x_wconf 82' lang='lat' dir='ltr'><strong>pseudoprOpbeta</strong></span> <span class='ocrx_word' id='word_1_284' title='bbox 1711 3836 2005 3892; x_wconf 88' lang='lat' dir='ltr'><strong>obsistebat</strong></span> 
     </span>
    </p>
   </div>
   <div class='ocr_carea' id='block_1_40' title="bbox 412 3922 1998 3997">
    <p class='ocr_par' dir='ltr' id='par_1_40' title="bbox 412 3922 1998 3997">
     <span class='ocr_line' id='line_1_40' title="bbox 412 3922 1998 3997; baseline 0.003 -18"><span class='ocrx_word' id='word_1_285' title='bbox 412 3922 659 3980; x_wconf 80' lang='lat' dir='ltr'><strong>Jeremiae</strong></span> <span class='ocrx_word' id='word_1_286' title='bbox 708 3926 984 3997; x_wconf 66' lang='lat' dir='ltr'><strong>propheta:</strong></span> <span class='ocrx_word' id='word_1_287' title='bbox 1029 3924 1236 3991; x_wconf 89' lang='lat' dir='ltr'><strong>dicens,</strong></span> <span class='ocrx_word' id='word_1_288' title='bbox 1267 3942 1388 3982; x_wconf 84' lang='lat' dir='ltr'><strong>vasa</strong></span> <span class='ocrx_word' id='word_1_289' title='bbox 1419 3942 1569 3983; x_wconf 88' lang='lat' dir='ltr'><strong>saera</strong></span> <span class='ocrx_word' id='word_1_290' title='bbox 1599 3927 1831 3983; x_wconf 90' lang='lat' dir='ltr'><strong>reditura</strong></span> <span class='ocrx_word' id='word_1_291' title='bbox 1859 3942 1998 3995; x_wconf 89' lang='lat' dir='ltr'><strong>esse,</strong></span> 
     </span>
    </p>
   </div>
   <div class='ocr_carea' id='block_1_41' title="bbox 413 4018 2003 4091">
    <p class='ocr_par' dir='ltr' id='par_1_41' title="bbox 413 4018 2003 4091">
     <span class='ocr_line' id='line_1_41' title="bbox 413 4018 2003 4091; baseline 0.004 -20"><span class='ocrx_word' id='word_1_292' title='bbox 413 4032 619 4073; x_wconf 84' lang='lat' dir='ltr'><strong>necnon</strong></span> <span class='ocrx_word' id='word_1_293' title='bbox 646 4018 982 4086; x_wconf 90' lang='lat' dir='ltr'><strong>Jecboniam,</strong></span> <span class='ocrx_word' id='word_1_294' title='bbox 1014 4020 1104 4091; x_wconf 87' lang='lat' dir='ltr'><strong>qui</strong></span> <span class='ocrx_word' id='word_1_295' title='bbox 1135 4019 1409 4076; x_wconf 82' lang='lat' dir='ltr'><strong>eratﬁlius</strong></span> <span class='ocrx_word' id='word_1_296' title='bbox 1428 4020 1670 4076; x_wconf 91' lang='lat' dir='ltr'><strong>Joacbim</strong></span> <span class='ocrx_word' id='word_1_297' title='bbox 1699 4020 1879 4077; x_wconf 89' lang='lat' dir='ltr'><strong>fratris</strong></span> <span class='ocrx_word' id='word_1_298' title='bbox 1906 4022 2003 4078; x_wconf 87' lang='lat' dir='ltr'><strong>Se-</strong></span> 
     </span>
    </p>
   </div>
   <div class='ocr_carea' id='block_1_42' title="bbox 409 4110 2001 4185">
    <p class='ocr_par' dir='ltr' id='par_1_42' title="bbox 409 4110 2001 4185">
     <span class='ocr_line' id='line_1_42' title="bbox 409 4110 2001 4185; baseline 0.004 -22"><span class='ocrx_word' id='word_1_299' title='bbox 409 4110 595 4165; x_wconf 66' lang='lat' dir='ltr'><strong>deciaz.</strong></span> <span class='ocrx_word' id='word_1_300' title='bbox 640 4111 706 4167; x_wconf 87' lang='lat' dir='ltr'><strong>Et</strong></span> <span class='ocrx_word' id='word_1_301' title='bbox 734 4112 985 4167; x_wconf 87' lang='lat' dir='ltr'><strong>contrivit</strong></span> <span class='ocrx_word' id='word_1_302' title='bbox 1027 4122 1243 4167; x_wconf 87' lang='lat' dir='ltr'><strong>catenas</strong></span> <span class='ocrx_word' id='word_1_303' title='bbox 1288 4113 1579 4184; x_wconf 76' lang='lat' dir='ltr'><strong>prophetze.</strong></span> <span class='ocrx_word' id='word_1_304' title='bbox 1620 4114 1845 4168; x_wconf 85' lang='lat' dir='ltr'><strong>Mittitur</strong></span> <span class='ocrx_word' id='word_1_305' title='bbox 1872 4130 2001 4185; x_wconf 88' lang='lat' dir='ltr'><strong>ergo</strong></span> 
     </span>
    </p>
   </div>
   <div class='ocr_carea' id='block_1_43' title="bbox 409 4203 2001 4278">
    <p class='ocr_par' dir='ltr' id='par_1_43' title="bbox 409 4203 2001 4278">
     <span class='ocr_line' id='line_1_43' title="bbox 409 4203 2001 4278; baseline 0.003 -20"><span class='ocrx_word' id='word_1_306' title='bbox 409 4203 670 4260; x_wconf 85' lang='lat' dir='ltr'><strong>Jcremias</strong></span> <span class='ocrx_word' id='word_1_307' title='bbox 691 4214 748 4260; x_wconf 91' lang='lat' dir='ltr'><strong>ut</strong></span> <span class='ocrx_word' id='word_1_308' title='bbox 772 4216 997 4262; x_wconf 88' lang='lat' dir='ltr'><strong>mortem</strong></span> <span class='ocrx_word' id='word_1_309' title='bbox 1028 4206 1125 4278; x_wconf 93' lang='lat' dir='ltr'><strong>ipsi</strong></span> <span class='ocrx_word' id='word_1_310' title='bbox 1155 4207 1426 4277; x_wconf 77' lang='lat' dir='ltr'><strong>praedicat,</strong></span> <span class='ocrx_word' id='word_1_311' title='bbox 1455 4207 1505 4261; x_wconf 92' lang='lat' dir='ltr'><strong>in</strong></span> <span class='ocrx_word' id='word_1_312' title='bbox 1528 4223 1593 4262; x_wconf 92' lang='lat' dir='ltr'><strong>eo</strong></span> <span class='ocrx_word' id='word_1_313' title='bbox 1622 4208 1736 4278; x_wconf 91' lang='lat' dir='ltr'><strong>ipso</strong></span> <span class='ocrx_word' id='word_1_314' title='bbox 1759 4223 1901 4263; x_wconf 91' lang='lat' dir='ltr'><strong>anno</strong></span> <span class='ocrx_word' id='word_1_315' title='bbox 1918 4209 2001 4262; x_wconf 85' lang='lat' dir='ltr'><strong>fu-</strong></span> 
     </span>
    </p>
   </div>
   <div class='ocr_carea' id='block_1_44' title="bbox 410 4299 1998 4373">
    <p class='ocr_par' dir='ltr' id='par_1_44' title="bbox 410 4299 1998 4373">
     <span class='ocr_line' id='line_1_44' title="bbox 410 4299 1998 4373; baseline 0.005 -22"><span class='ocrx_word' id='word_1_316' title='bbox 410 4305 606 4365; x_wconf 90' lang='lat' dir='ltr'><strong>turam,</strong></span> <span class='ocrx_word' id='word_1_317' title='bbox 631 4299 771 4368; x_wconf 90' lang='lat' dir='ltr'><strong>quod</strong></span> <span class='ocrx_word' id='word_1_318' title='bbox 812 4300 970 4354; x_wconf 89' lang='lat' dir='ltr'><strong>etiam</strong></span> <span class='ocrx_word' id='word_1_319' title='bbox 1002 4300 1199 4355; x_wconf 86' lang='lat' dir='ltr'><strong>evenit.</strong></span> <span class='ocrx_word' id='word_1_320' title='bbox 1234 4300 1565 4357; x_wconf 78' lang='lat' dir='ltr'><strong>Vaticinatnr</strong></span> <span class='ocrx_word' id='word_1_321' title='bbox 1596 4303 1735 4356; x_wconf 85' lang='lat' dir='ltr'><strong>mala</strong></span> <span class='ocrx_word' id='word_1_322' title='bbox 1764 4303 1998 4373; x_wconf 92' lang='lat' dir='ltr'><strong>pseudo-</strong></span> 
     </span>
    </p>
   </div>
   <div class='ocr_carea' id='block_1_45' title="bbox 412 4386 1998 4463">
    <p class='ocr_par' dir='ltr' id='par_1_45' title="bbox 412 4386 1998 4463">
     <span class='ocr_line' id='line_1_45' title="bbox 412 4386 1998 4463; baseline 0.004 -22"><span class='ocrx_word' id='word_1_323' title='bbox 412 4386 690 4457; x_wconf 82' lang='lat' dir='ltr'><strong>prophetis</strong></span> <span class='ocrx_word' id='word_1_324' title='bbox 734 4387 1007 4461; x_wconf 84' lang='lat' dir='ltr'><strong>Babylone</strong></span> <span class='ocrx_word' id='word_1_325' title='bbox 1047 4390 1403 4457; x_wconf 88' lang='lat' dir='ltr'><strong>versantibus,</strong></span> <span class='ocrx_word' id='word_1_326' title='bbox 1438 4392 1738 4462; x_wconf 83' lang='lat' dir='ltr'><strong>pOpuloque</strong></span> <span class='ocrx_word' id='word_1_327' title='bbox 1783 4393 1998 4463; x_wconf 89' lang='lat' dir='ltr'><strong>longum</strong></span> 
     </span>
    </p>
   </div>
   <div class='ocr_carea' id='block_1_46' title="bbox 410 4476 1995 4548">
    <p class='ocr_par' dir='ltr' id='par_1_46' title="bbox 410 4476 1995 4548">
     <span class='ocr_line' id='line_1_46' title="bbox 410 4476 1995 4548; baseline 0.004 -17"><span class='ocrx_word' id='word_1_328' title='bbox 410 4476 732 4545; x_wconf 75' lang='lat' dir='ltr'><strong>captivitatis</strong></span> <span class='ocrx_word' id='word_1_329' title='bbox 760 4487 989 4548; x_wconf 89' lang='lat' dir='ltr'><strong>tempus,</strong></span> <span class='ocrx_word' id='word_1_330' title='bbox 1012 4480 1105 4534; x_wconf 92' lang='lat' dir='ltr'><strong>sed</strong></span> <span class='ocrx_word' id='word_1_331' title='bbox 1134 4488 1311 4535; x_wconf 89' lang='lat' dir='ltr'><strong>tamen</strong></span> <span class='ocrx_word' id='word_1_332' title='bbox 1340 4480 1570 4535; x_wconf 89' lang='lat' dir='ltr'><strong>reditum</strong></span> <span class='ocrx_word' id='word_1_333' title='bbox 1598 4497 1717 4537; x_wconf 90' lang='lat' dir='ltr'><strong>esse</strong></span> <span class='ocrx_word' id='word_1_334' title='bbox 1739 4481 1995 4538; x_wconf 85' lang='lat' dir='ltr'><strong>futurum.</strong></span> 
     </span>
    </p>
   </div>
   <div class='ocr_carea' id='block_1_47' title="bbox 412 4567 1995 4643">
    <p class='ocr_par' dir='ltr' id='par_1_47' title="bbox 412 4567 1995 4643">
     <span class='ocr_line' id='line_1_47' title="bbox 412 4567 1995 4643; baseline 0.004 -20"><span class='ocrx_word' id='word_1_335' title='bbox 412 4570 487 4624; x_wconf 91' lang='lat' dir='ltr'><strong>De</strong></span> <span class='ocrx_word' id='word_1_336' title='bbox 512 4568 593 4624; x_wconf 89' lang='lat' dir='ltr'><strong>bis</strong></span> <span class='ocrx_word' id='word_1_337' title='bbox 616 4567 987 4640; x_wconf 87' lang='lat' dir='ltr'><strong>indignabatur</strong></span> <span class='ocrx_word' id='word_1_338' title='bbox 1005 4570 1245 4638; x_wconf 87' lang='lat' dir='ltr'><strong>Sameas,</strong></span> <span class='ocrx_word' id='word_1_339' title='bbox 1271 4572 1359 4643; x_wconf 89' lang='lat' dir='ltr'><strong>qui</strong></span> <span class='ocrx_word' id='word_1_340' title='bbox 1387 4572 1625 4642; x_wconf 88' lang='lat' dir='ltr'><strong>increpat</strong></span> <span class='ocrx_word' id='word_1_341' title='bbox 1641 4574 1995 4641; x_wconf 88' lang='lat' dir='ltr'><strong>sacerdotem,</strong></span> 
     </span>
    </p>
   </div>
   <div class='ocr_carea' id='block_1_48' title="bbox 408 4660 1994 4733">
    <p class='ocr_par' dir='ltr' id='par_1_48' title="bbox 408 4660 1994 4733">
     <span class='ocr_line' id='line_1_48' title="bbox 408 4660 1994 4733; baseline 0.005 -19"><span class='ocrx_word' id='word_1_342' title='bbox 408 4660 550 4730; x_wconf 90' lang='lat' dir='ltr'><strong>quod</strong></span> <span class='ocrx_word' id='word_1_343' title='bbox 581 4676 685 4715; x_wconf 92' lang='lat' dir='ltr'><strong>non</strong></span> <span class='ocrx_word' id='word_1_344' title='bbox 710 4661 1011 4732; x_wconf 88' lang='lat' dir='ltr'><strong>impedierit</strong></span> <span class='ocrx_word' id='word_1_345' title='bbox 1037 4663 1322 4733; x_wconf 89' lang='lat' dir='ltr'><strong>quominus</strong></span> <span class='ocrx_word' id='word_1_346' title='bbox 1350 4663 1607 4719; x_wconf 88' lang='lat' dir='ltr'><strong>Jeremias</strong></span> <span class='ocrx_word' id='word_1_347' title='bbox 1636 4665 1757 4720; x_wconf 87' lang='lat' dir='ltr'><strong>talia</strong></span> <span class='ocrx_word' id='word_1_348' title='bbox 1800 4667 1994 4721; x_wconf 83' lang='lat' dir='ltr'><strong>vatici-</strong></span> 
     </span>
    </p>
   </div>
   <div class='ocr_carea' id='block_1_49' title="bbox 410 4754 1994 4830">
    <p class='ocr_par' dir='ltr' id='par_1_49' title="bbox 410 4754 1994 4830">
     <span class='ocr_line' id='line_1_49' title="bbox 410 4754 1994 4830; baseline 0.004 -23"><span class='ocrx_word' id='word_1_349' title='bbox 410 4763 647 4809; x_wconf 86' lang='lat' dir='ltr'><strong>naretur.</strong></span> <span class='ocrx_word' id='word_1_350' title='bbox 674 4754 798 4810; x_wconf 87' lang='lat' dir='ltr'><strong>ideo</strong></span> <span class='ocrx_word' id='word_1_351' title='bbox 821 4756 1053 4812; x_wconf 88' lang='lat' dir='ltr'><strong>minatur</strong></span> <span class='ocrx_word' id='word_1_352' title='bbox 1082 4757 1225 4813; x_wconf 91' lang='lat' dir='ltr'><strong>Deus</strong></span> <span class='ocrx_word' id='word_1_353' title='bbox 1245 4772 1305 4813; x_wconf 91' lang='lat' dir='ltr'><strong>se</strong></span> <span class='ocrx_word' id='word_1_354' title='bbox 1330 4757 1480 4813; x_wconf 91' lang='lat' dir='ltr'><strong>illum</strong></span> <span class='ocrx_word' id='word_1_355' title='bbox 1502 4773 1621 4815; x_wconf 90' lang='lat' dir='ltr'><strong>esse</strong></span> <span class='ocrx_word' id='word_1_356' title='bbox 1645 4759 1994 4830; x_wconf 89' lang='lat' dir='ltr'><strong>perditurum.</strong></span> 
     </span>
    </p>
   </div>
   <div class='ocr_carea' id='block_1_50' title="bbox 410 4845 1999 4923">
    <p class='ocr_par' dir='ltr' id='par_1_50' title="bbox 410 4845 1999 4923">
     <span class='ocr_line' id='line_1_50' title="bbox 410 4845 1999 4923; baseline 0.005 -24"><span class='ocrx_word' id='word_1_357' title='bbox 410 4845 612 4900; x_wconf 86' lang='lat' dir='ltr'><strong>Deinde</strong></span> <span class='ocrx_word' id='word_1_358' title='bbox 642 4862 819 4902; x_wconf 89' lang='lat' dir='ltr'><strong>sermo</strong></span> <span class='ocrx_word' id='word_1_359' title='bbox 843 4850 1235 4905; x_wconf 89' lang='lat' dir='ltr'><strong>consolatorius</strong></span> <span class='ocrx_word' id='word_1_360' title='bbox 1258 4849 1461 4907; x_wconf 89' lang='lat' dir='ltr'><strong>lsraeli.</strong></span> <span class='ocrx_word' id='word_1_361' title='bbox 1501 4851 1734 4923; x_wconf 91' lang='lat' dir='ltr'><strong>Tempus</strong></span> <span class='ocrx_word' id='word_1_362' title='bbox 1759 4853 1999 4909; x_wconf 85' lang='lat' dir='ltr'><strong>declarat</strong></span> 
     </span>
    </p>
   </div>
   <div class='ocr_carea' id='block_1_51' title="bbox 407 4938 1996 5017">
    <p class='ocr_par' dir='ltr' id='par_1_51' title="bbox 407 4938 1996 5017">
     <span class='ocr_line' id='line_1_51' title="bbox 407 4938 1996 5017; baseline 0.007 -27"><span class='ocrx_word' id='word_1_363' title='bbox 407 4954 515 5007; x_wconf 88' lang='lat' dir='ltr'><strong>quo</strong></span> <span class='ocrx_word' id='word_1_364' title='bbox 558 4938 793 4995; x_wconf 89' lang='lat' dir='ltr'><strong>futurum</strong></span> <span class='ocrx_word' id='word_1_365' title='bbox 831 4950 913 4996; x_wconf 89' lang='lat' dir='ltr'><strong>est</strong></span> <span class='ocrx_word' id='word_1_366' title='bbox 958 4951 1016 4996; x_wconf 92' lang='lat' dir='ltr'><strong>ut</strong></span> <span class='ocrx_word' id='word_1_367' title='bbox 1056 4952 1395 4999; x_wconf 88' lang='lat' dir='ltr'><strong>revertantur</strong></span> <span class='ocrx_word' id='word_1_368' title='bbox 1432 4960 1497 4999; x_wconf 88' lang='lat' dir='ltr'><strong>ex</strong></span> <span class='ocrx_word' id='word_1_369' title='bbox 1530 4943 1819 5017; x_wconf 87' lang='lat' dir='ltr'><strong>Babylone.</strong></span> <span class='ocrx_word' id='word_1_370' title='bbox 1862 4945 1996 5001; x_wconf 89' lang='lat' dir='ltr'><strong>Illud</strong></span> 
     </span>
    </p>
   </div>
   <div class='ocr_carea' id='block_1_52' title="bbox 410 5033 2000 5107">
    <p class='ocr_par' dir='ltr' id='par_1_52' title="bbox 410 5033 2000 5107">
     <span class='ocr_line' id='line_1_52' title="bbox 410 5033 2000 5107; baseline 0.006 -24"><span class='ocrx_word' id='word_1_371' title='bbox 410 5045 539 5085; x_wconf 87' lang='lat' dir='ltr'><strong>vero</strong></span> <span class='ocrx_word' id='word_1_372' title='bbox 567 5042 682 5086; x_wconf 88' lang='lat' dir='ltr'><strong>erat</strong></span> <span class='ocrx_word' id='word_1_373' title='bbox 712 5040 922 5102; x_wconf 90' lang='lat' dir='ltr'><strong>tempus</strong></span> <span class='ocrx_word' id='word_1_374' title='bbox 943 5033 1167 5101; x_wconf 89' lang='lat' dir='ltr'><strong>Pbasec,</strong></span> <span class='ocrx_word' id='word_1_375' title='bbox 1197 5051 1292 5091; x_wconf 89' lang='lat' dir='ltr'><strong>seu</strong></span> <span class='ocrx_word' id='word_1_376' title='bbox 1320 5035 1537 5107; x_wconf 87' lang='lat' dir='ltr'><strong>pascha,</strong></span> <span class='ocrx_word' id='word_1_377' title='bbox 1567 5045 1624 5091; x_wconf 92' lang='lat' dir='ltr'><strong>ut</strong></span> <span class='ocrx_word' id='word_1_378' title='bbox 1650 5037 1703 5091; x_wconf 93' lang='lat' dir='ltr'><strong>in</strong></span> <span class='ocrx_word' id='word_1_379' title='bbox 1726 5036 1895 5091; x_wconf 85' lang='lat' dir='ltr'><strong>Esdra</strong></span> <span class='ocrx_word' id='word_1_380' title='bbox 1914 5054 2000 5092; x_wconf 87' lang='lat' dir='ltr'><strong>re-</strong></span> 
     </span>
    </p>
   </div>
   <div class='ocr_carea' id='block_1_53' title="bbox 408 5120 1996 5198">
    <p class='ocr_par' dir='ltr' id='par_1_53' title="bbox 408 5120 1996 5198">
     <span class='ocr_line' id='line_1_53' title="bbox 408 5120 1996 5198; baseline 0.006 -24"><span class='ocrx_word' id='word_1_381' title='bbox 408 5120 586 5190; x_wconf 89' lang='lat' dir='ltr'><strong>perire</strong></span> <span class='ocrx_word' id='word_1_382' title='bbox 613 5129 716 5189; x_wconf 91' lang='lat' dir='ltr'><strong>est,</strong></span> <span class='ocrx_word' id='word_1_383' title='bbox 763 5122 906 5190; x_wconf 90' lang='lat' dir='ltr'><strong>ipsos</strong></span> <span class='ocrx_word' id='word_1_384' title='bbox 935 5138 1127 5194; x_wconf 90' lang='lat' dir='ltr'><strong>nempe</strong></span> <span class='ocrx_word' id='word_1_385' title='bbox 1156 5126 1210 5180; x_wconf 93' lang='lat' dir='ltr'><strong>in</strong></span> <span class='ocrx_word' id='word_1_386' title='bbox 1239 5126 1374 5182; x_wconf 90' lang='lat' dir='ltr'><strong>festo</strong></span> <span class='ocrx_word' id='word_1_387' title='bbox 1401 5128 1722 5198; x_wconf 83' lang='lat' dir='ltr'><strong>Azymorum</strong></span> <span class='ocrx_word' id='word_1_388' title='bbox 1750 5140 1996 5183; x_wconf 85' lang='lat' dir='ltr'><strong>reversos</strong></span> 
     </span>
    </p>
   </div>
   <div class='ocr_carea' id='block_1_54' title="bbox 406 5209 1991 5281">
    <p class='ocr_par' dir='ltr' id='par_1_54' title="bbox 406 5209 1991 5281">
     <span class='ocr_line' id='line_1_54' title="bbox 406 5209 1991 5281; baseline 0.004 -15"><span class='ocrx_word' id='word_1_389' title='bbox 406 5225 548 5266; x_wconf 91' lang='lat' dir='ltr'><strong>esse.</strong></span> <span class='ocrx_word' id='word_1_390' title='bbox 585 5209 767 5281; x_wconf 89' lang='lat' dir='ltr'><strong>Itaque</strong></span> <span class='ocrx_word' id='word_1_391' title='bbox 793 5212 1071 5269; x_wconf 89' lang='lat' dir='ltr'><strong>manifeste</strong></span> <span class='ocrx_word' id='word_1_392' title='bbox 1095 5213 1265 5270; x_wconf 64' lang='lat' dir='ltr'><strong>Judaei</strong></span> <span class='ocrx_word' id='word_1_393' title='bbox 1296 5216 1557 5271; x_wconf 89' lang='lat' dir='ltr'><strong>mendacii</strong></span> <span class='ocrx_word' id='word_1_394' title='bbox 1586 5213 1991 5273; x_wconf 86' lang='lat' dir='ltr'><strong>convincuntur.</strong></span> 
     </span>
    </p>
   </div>
   <div class='ocr_carea' id='block_1_55' title="bbox 406 5302 1994 5378">
    <p class='ocr_par' dir='ltr' id='par_1_55' title="bbox 406 5302 1994 5378">
     <span class='ocr_line' id='line_1_55' title="bbox 406 5302 1994 5378; baseline 0.002 -18"><span class='ocrx_word' id='word_1_395' title='bbox 406 5304 542 5360; x_wconf 77' lang='lat' dir='ltr'><strong>Nam</strong></span> <span class='ocrx_word' id='word_1_396' title='bbox 569 5303 709 5359; x_wconf 89' lang='lat' dir='ltr'><strong>bona</strong></span> <span class='ocrx_word' id='word_1_397' title='bbox 736 5302 822 5359; x_wconf 88' lang='lat' dir='ltr'><strong>hic</strong></span> <span class='ocrx_word' id='word_1_398' title='bbox 858 5304 925 5359; x_wconf 93' lang='lat' dir='ltr'><strong>de</strong></span> <span class='ocrx_word' id='word_1_399' title='bbox 972 5305 1104 5374; x_wconf 81' lang='lat' dir='ltr'><strong>ipsis</strong></span> <span class='ocrx_word' id='word_1_400' title='bbox 1145 5306 1410 5378; x_wconf 85' lang='lat' dir='ltr'><strong>descripta</strong></span> <span class='ocrx_word' id='word_1_401' title='bbox 1450 5306 1623 5363; x_wconf 91' lang='lat' dir='ltr'><strong>adhuc</strong></span> <span class='ocrx_word' id='word_1_402' title='bbox 1664 5316 1994 5378; x_wconf 81' lang='lat' dir='ltr'><strong>exspectant,</strong></span> 
     </span>
    </p>
   </div>
   <div class='ocr_carea' id='block_1_56' title="bbox 408 5394 1992 5467">
    <p class='ocr_par' dir='ltr' id='par_1_56' title="bbox 408 5394 1992 5467">
     <span class='ocr_line' id='line_1_56' title="bbox 408 5394 1992 5467; baseline 0.002 -17"><span class='ocrx_word' id='word_1_403' title='bbox 408 5411 528 5466; x_wconf 77' lang='lat' dir='ltr'><strong>qua:</strong></span> <span class='ocrx_word' id='word_1_404' title='bbox 554 5394 662 5467; x_wconf 84' lang='lat' dir='ltr'><strong>jam</strong></span> <span class='ocrx_word' id='word_1_405' title='bbox 690 5404 973 5452; x_wconf 91' lang='lat' dir='ltr'><strong>venerunt.</strong></span> <span class='ocrx_word' id='word_1_406' title='bbox 1008 5398 1083 5452; x_wconf 90' lang='lat' dir='ltr'><strong>De</strong></span> <span class='ocrx_word' id='word_1_407' title='bbox 1114 5396 1407 5453; x_wconf 86' lang='lat' dir='ltr'><strong>infantibus</strong></span> <span class='ocrx_word' id='word_1_408' title='bbox 1448 5399 1516 5453; x_wconf 91' lang='lat' dir='ltr'><strong>ab</strong></span> <span class='ocrx_word' id='word_1_409' title='bbox 1543 5397 1754 5454; x_wconf 82' lang='lat' dir='ltr'><strong>Herode</strong></span> <span class='ocrx_word' id='word_1_410' title='bbox 1781 5398 1992 5455; x_wconf 88' lang='lat' dir='ltr'><strong>occisis.</strong></span> 
     </span>
    </p>
   </div>
   <div class='ocr_carea' id='block_1_57' title="bbox 408 5488 1993 5562">
    <p class='ocr_par' dir='ltr' id='par_1_57' title="bbox 408 5488 1993 5562">
     <span class='ocr_line' id='line_1_57' title="bbox 408 5488 1993 5562; baseline 0.001 -17"><span class='ocrx_word' id='word_1_411' title='bbox 408 5490 481 5545; x_wconf 85' lang='lat' dir='ltr'><strong>De</strong></span> <span class='ocrx_word' id='word_1_412' title='bbox 499 5488 648 5545; x_wconf 86' lang='lat' dir='ltr'><strong>Novo</strong></span> <span class='ocrx_word' id='word_1_413' title='bbox 674 5489 1021 5545; x_wconf 85' lang='lat' dir='ltr'><strong>Testamento</strong></span> <span class='ocrx_word' id='word_1_414' title='bbox 1046 5490 1344 5561; x_wconf 85' lang='lat' dir='ltr'><strong>prephetia.</strong></span> <span class='ocrx_word' id='word_1_415' title='bbox 1375 5490 1656 5562; x_wconf 87' lang='lat' dir='ltr'><strong>Etiamque</strong></span> <span class='ocrx_word' id='word_1_416' title='bbox 1671 5490 1993 5562; x_wconf 87' lang='lat' dir='ltr'><strong>descriptam</strong></span> 
     </span>
    </p>
   </div>
   <div class='ocr_carea' id='block_1_58' title="bbox 376 5578 1993 5656">
    <p class='ocr_par' dir='ltr' id='par_1_58' title="bbox 376 5578 1993 5656">
     <span class='ocr_line' id='line_1_58' title="bbox 376 5578 1993 5656; baseline -0.002 -14"><span class='ocrx_word' id='word_1_417' title='bbox 376 5578 508 5642; x_wconf 72' lang='lat' dir='ltr'><strong>iboc</strong></span> <span class='ocrx_word' id='word_1_418' title='bbox 539 5584 659 5640; x_wconf 86' lang='lat' dir='ltr'><strong>loco</strong></span> <span class='ocrx_word' id='word_1_419' title='bbox 690 5584 839 5641; x_wconf 88' lang='lat' dir='ltr'><strong>urbis</strong></span> <span class='ocrx_word' id='word_1_420' title='bbox 862 5584 1333 5641; x_wconf 67' lang='lat' dir='ltr'><strong>retedilicationem</strong></span> <span class='ocrx_word' id='word_1_421' title='bbox 1363 5584 1540 5641; x_wconf 88' lang='lat' dir='ltr'><strong>adhuc</strong></span> <span class='ocrx_word' id='word_1_422' title='bbox 1567 5584 1993 5656; x_wconf 84' lang='lat' dir='ltr'><strong>exspectantJu-</strong></span> 
     </span>
    </p>
   </div>
   <div class='ocr_carea' id='block_1_59' title="bbox 406 5673 1994 5749">
    <p class='ocr_par' dir='ltr' id='par_1_59' title="bbox 406 5673 1994 5749">
     <span class='ocr_line' id='line_1_59' title="bbox 406 5673 1994 5749; baseline 0.001 -20"><span class='ocrx_word' id='word_1_423' title='bbox 406 5673 527 5729; x_wconf 65' lang='lat' dir='ltr'><strong>dmi.</strong></span> <span class='ocrx_word' id='word_1_424' title='bbox 557 5675 627 5730; x_wconf 81' lang='lat' dir='ltr'><strong>At</strong></span> <span class='ocrx_word' id='word_1_425' title='bbox 654 5675 743 5732; x_wconf 90' lang='lat' dir='ltr'><strong>illa</strong></span> <span class='ocrx_word' id='word_1_426' title='bbox 769 5676 931 5732; x_wconf 88' lang='lat' dir='ltr'><strong>finem</strong></span> <span class='ocrx_word' id='word_1_427' title='bbox 975 5678 1203 5749; x_wconf 86' lang='lat' dir='ltr'><strong>accepit,</strong></span> <span class='ocrx_word' id='word_1_428' title='bbox 1238 5677 1373 5732; x_wconf 87' lang='lat' dir='ltr'><strong>facta</strong></span> <span class='ocrx_word' id='word_1_429' title='bbox 1418 5677 1623 5733; x_wconf 87' lang='lat' dir='ltr'><strong>scilicet</strong></span> <span class='ocrx_word' id='word_1_430' title='bbox 1665 5676 1880 5748; x_wconf 88' lang='lat' dir='ltr'><strong>quando</strong></span> <span class='ocrx_word' id='word_1_431' title='bbox 1928 5692 1994 5733; x_wconf 89' lang='lat' dir='ltr'><strong>ex</strong></span> 
     </span>
    </p>
   </div>
   <div class='ocr_carea' id='block_1_60' title="bbox 408 5766 1995 5845">
    <p class='ocr_par' dir='ltr' id='par_1_60' title="bbox 408 5766 1995 5845">
     <span class='ocr_line' id='line_1_60' title="bbox 408 5766 1995 5845; baseline 0.003 -22"><span class='ocrx_word' id='word_1_432' title='bbox 408 5766 679 5840; x_wconf 76' lang='lat' dir='ltr'><strong>Babylone</strong></span> <span class='ocrx_word' id='word_1_433' title='bbox 722 5770 1013 5829; x_wconf 82' lang='lat' dir='ltr'><strong>redierunt.</strong></span> <span class='ocrx_word' id='word_1_434' title='bbox 1061 5771 1282 5829; x_wconf 87' lang='lat' dir='ltr'><strong>Jubetur</strong></span> <span class='ocrx_word' id='word_1_435' title='bbox 1308 5772 1568 5830; x_wconf 85' lang='lat' dir='ltr'><strong>Jeremius</strong></span> <span class='ocrx_word' id='word_1_436' title='bbox 1606 5789 1783 5830; x_wconf 85' lang='lat' dir='ltr'><strong>cmcrc</strong></span> <span class='ocrx_word' id='word_1_437' title='bbox 1814 5788 1995 5845; x_wconf 81' lang='lat' dir='ltr'><strong>agrum</strong></span> 
     </span>
    </p>
   </div>
   <div class='ocr_carea' id='block_1_61' title="bbox 1160 306 3701 381">
    <p class='ocr_par' dir='ltr' id='par_1_61' title="bbox 1160 306 3701 381">
     <span class='ocr_line' id='line_1_61' title="bbox 1160 306 3701 381; baseline -0.004 -8"><span class='ocrx_word' id='word_1_438' title='bbox 1160 315 1218 373; x_wconf 90' lang='lat' dir='ltr'><strong>S.</strong></span> <span class='ocrx_word' id='word_1_439' title='bbox 1257 311 1532 373; x_wconf 73' lang='lat' dir='ltr'><strong>JOANNIS</strong></span> <span class='ocrx_word' id='word_1_440' title='bbox 1564 306 2040 366; x_wconf 67' lang='lat' dir='ltr'><strong>CHRYSOSTOMI</strong></span> <span class='ocrx_word' id='word_1_441' title='bbox 2080 310 2396 367; x_wconf 76' lang='lat' dir='ltr'><strong>ARClllEP.</strong></span> <span class='ocrx_word' id='word_1_442' title='bbox 2433 311 2970 375; x_wconf 74' lang='lat' dir='ltr'><strong>CONSTANTINOP.</strong></span> <span class='ocrx_word' id='word_1_443' title='bbox 3614 318 3701 381; x_wconf 61' lang='lat' dir='ltr'><strong>3m</strong></span> 
     </span>
    </p>
   </div>
   <div class='ocr_carea' id='block_1_62' title="bbox 2132 425 3697 501">
    <p class='ocr_par' dir='ltr' id='par_1_62' title="bbox 2132 425 3697 501">
     <span class='ocr_line' id='line_1_62' title="bbox 2132 425 3697 501; baseline 0.012 -24"><span class='ocrx_word' id='word_1_444' title='bbox 2132 425 2308 495; x_wconf 84' lang='lat' dir='ltr'><strong>patrui</strong></span> <span class='ocrx_word' id='word_1_445' title='bbox 2335 427 2438 492; x_wconf 89' lang='lat' dir='ltr'><strong>sui,</strong></span> <span class='ocrx_word' id='word_1_446' title='bbox 2468 437 2526 483; x_wconf 87' lang='lat' dir='ltr'><strong>et</strong></span> <span class='ocrx_word' id='word_1_447' title='bbox 2567 443 2690 485; x_wconf 90' lang='lat' dir='ltr'><strong>cum</strong></span> <span class='ocrx_word' id='word_1_448' title='bbox 2731 433 2988 497; x_wconf 83' lang='lat' dir='ltr'><strong>emisset,</strong></span> <span class='ocrx_word' id='word_1_449' title='bbox 3009 432 3121 489; x_wconf 91' lang='lat' dir='ltr'><strong>ait:</strong></span> <span class='ocrx_word' id='word_1_450' title='bbox 3146 430 3283 488; x_wconf 84' lang='lat' dir='ltr'><strong>Urbs</strong></span> <span class='ocrx_word' id='word_1_451' title='bbox 3309 432 3506 489; x_wconf 81' lang='lat' dir='ltr'><strong>tradita</strong></span> <span class='ocrx_word' id='word_1_452' title='bbox 3536 446 3632 501; x_wconf 88' lang='lat' dir='ltr'><strong>est,</strong></span> <span class='ocrx_word' id='word_1_453' title='bbox 3655 451 3697 496; x_wconf 82' lang='lat' dir='ltr'><strong>et</strong></span> 
     </span>
    </p>
   </div>
   <div class='ocr_carea' id='block_1_63' title="bbox 2128 518 3694 599">
    <p class='ocr_par' dir='ltr' id='par_1_63' title="bbox 2128 518 3694 599">
     <span class='ocr_line' id='line_1_63' title="bbox 2128 518 3694 599; baseline 0.008 -27"><span class='ocrx_word' id='word_1_454' title='bbox 2128 518 2283 588; x_wconf 80' lang='lat' dir='ltr'><strong>iubes</strong></span> <span class='ocrx_word' id='word_1_455' title='bbox 2302 534 2483 576; x_wconf 87' lang='lat' dir='ltr'><strong>emere</strong></span> <span class='ocrx_word' id='word_1_456' title='bbox 2504 537 2710 593; x_wconf 84' lang='lat' dir='ltr'><strong>agrum.</strong></span> <span class='ocrx_word' id='word_1_457' title='bbox 2731 524 2874 581; x_wconf 89' lang='lat' dir='ltr'><strong>Deus</strong></span> <span class='ocrx_word' id='word_1_458' title='bbox 2893 534 3068 579; x_wconf 87' lang='lat' dir='ltr'><strong>autem</strong></span> <span class='ocrx_word' id='word_1_459' title='bbox 3083 526 3159 579; x_wconf 86' lang='lat' dir='ltr'><strong>ait</strong></span> <span class='ocrx_word' id='word_1_460' title='bbox 3176 526 3272 590; x_wconf 90' lang='lat' dir='ltr'><strong>illi,</strong></span> <span class='ocrx_word' id='word_1_461' title='bbox 3296 528 3587 596; x_wconf 65' lang='lat' dir='ltr'><strong>praesentia</strong></span> <span class='ocrx_word' id='word_1_462' title='bbox 3602 534 3694 599; x_wconf 83' lang='lat' dir='ltr'><strong>qui-</strong></span> 
     </span>
    </p>
   </div>
   <div class='ocr_carea' id='block_1_64' title="bbox 2130 609 3695 688">
    <p class='ocr_par' dir='ltr' id='par_1_64' title="bbox 2130 609 3695 688">
     <span class='ocr_line' id='line_1_64' title="bbox 2130 609 3695 688; baseline 0.008 -25"><span class='ocrx_word' id='word_1_463' title='bbox 2130 609 2252 664; x_wconf 89' lang='lat' dir='ltr'><strong>dem</strong></span> <span class='ocrx_word' id='word_1_464' title='bbox 2276 612 2411 664; x_wconf 88' lang='lat' dir='ltr'><strong>mala</strong></span> <span class='ocrx_word' id='word_1_465' title='bbox 2439 623 2660 683; x_wconf 91' lang='lat' dir='ltr'><strong>propter</strong></span> <span class='ocrx_word' id='word_1_466' title='bbox 2676 625 2890 684; x_wconf 86' lang='lat' dir='ltr'><strong>peccata</strong></span> <span class='ocrx_word' id='word_1_467' title='bbox 2918 617 3098 685; x_wconf 81' lang='lat' dir='ltr'><strong>pepuli</strong></span> <span class='ocrx_word' id='word_1_468' title='bbox 3127 618 3374 673; x_wconf 88' lang='lat' dir='ltr'><strong>evenire:</strong></span> <span class='ocrx_word' id='word_1_469' title='bbox 3400 626 3695 688; x_wconf 75' lang='lat' dir='ltr'><strong>tempusque</strong></span> 
     </span>
    </p>
   </div>
   <div class='ocr_carea' id='block_1_65' title="bbox 2130 702 3693 767">
    <p class='ocr_par' dir='ltr' id='par_1_65' title="bbox 2130 702 3693 767">
     <span class='ocr_line' id='line_1_65' title="bbox 2130 702 3693 767; baseline 0.009 -14"><span class='ocrx_word' id='word_1_470' title='bbox 2130 702 2263 767; x_wconf 85' lang='lat' dir='ltr'><strong>fore,</strong></span> <span class='ocrx_word' id='word_1_471' title='bbox 2295 717 2415 756; x_wconf 92' lang='lat' dir='ltr'><strong>cum</strong></span> <span class='ocrx_word' id='word_1_472' title='bbox 2444 719 2656 759; x_wconf 88' lang='lat' dir='ltr'><strong>rursum</strong></span> <span class='ocrx_word' id='word_1_473' title='bbox 2688 706 2815 761; x_wconf 85' lang='lat' dir='ltr'><strong>urbs</strong></span> <span class='ocrx_word' id='word_1_474' title='bbox 2841 706 3242 762; x_wconf 88' lang='lat' dir='ltr'><strong>inbabitabitur.</strong></span> <span class='ocrx_word' id='word_1_475' title='bbox 3275 709 3527 765; x_wconf 72' lang='lat' dir='ltr'><strong>Pmdicit</strong></span> <span class='ocrx_word' id='word_1_476' title='bbox 3554 710 3693 767; x_wconf 73' lang='lat' dir='ltr'><strong>Sede</strong></span> 
     </span>
    </p>
   </div>
   <div class='ocr_carea' id='block_1_66' title="bbox 2128 792 3701 874">
    <p class='ocr_par' dir='ltr' id='par_1_66' title="bbox 2128 792 3701 874">
     <span class='ocr_line' id='line_1_66' title="bbox 2128 792 3701 874; baseline 0.01 -30"><span class='ocrx_word' id='word_1_477' title='bbox 2128 792 2249 856; x_wconf 69' lang='lat' dir='ltr'><strong>ciae,</strong></span> <span class='ocrx_word' id='word_1_478' title='bbox 2296 793 2469 862; x_wconf 91' lang='lat' dir='ltr'><strong>ipsum</strong></span> <span class='ocrx_word' id='word_1_479' title='bbox 2498 807 2711 865; x_wconf 86' lang='lat' dir='ltr'><strong>captum</strong></span> <span class='ocrx_word' id='word_1_480' title='bbox 2744 798 2828 863; x_wconf 90' lang='lat' dir='ltr'><strong>iri,</strong></span> <span class='ocrx_word' id='word_1_481' title='bbox 2874 808 2930 854; x_wconf 90' lang='lat' dir='ltr'><strong>et</strong></span> <span class='ocrx_word' id='word_1_482' title='bbox 2960 800 3167 855; x_wconf 84' lang='lat' dir='ltr'><strong>incusat</strong></span> <span class='ocrx_word' id='word_1_483' title='bbox 3206 816 3303 857; x_wconf 85' lang='lat' dir='ltr'><strong>eos</strong></span> <span class='ocrx_word' id='word_1_484' title='bbox 3347 803 3491 874; x_wconf 88' lang='lat' dir='ltr'><strong>quod</strong></span> <span class='ocrx_word' id='word_1_485' title='bbox 3535 792 3701 874; x_wconf 65' lang='lat' dir='ltr'><strong>servosl</strong></span> 
     </span>
    </p>
   </div>
   <div class='ocr_carea' id='block_1_67' title="bbox 2129 883 3697 965">
    <p class='ocr_par' dir='ltr' id='par_1_67' title="bbox 2129 883 3697 965">
     <span class='ocr_line' id='line_1_67' title="bbox 2129 883 3697 965; baseline 0.009 -30"><span class='ocrx_word' id='word_1_486' title='bbox 2129 895 2266 950; x_wconf 88' lang='lat' dir='ltr'><strong>quos</strong></span> <span class='ocrx_word' id='word_1_487' title='bbox 2291 883 2537 939; x_wconf 88' lang='lat' dir='ltr'><strong>libertate</strong></span> <span class='ocrx_word' id='word_1_488' title='bbox 2563 885 2916 954; x_wconf 84' lang='lat' dir='ltr'><strong>donaveram,</strong></span> <span class='ocrx_word' id='word_1_489' title='bbox 2947 905 3135 945; x_wconf 90' lang='lat' dir='ltr'><strong>rursus</strong></span> <span class='ocrx_word' id='word_1_490' title='bbox 3172 893 3382 948; x_wconf 87' lang='lat' dir='ltr'><strong>servire</strong></span> <span class='ocrx_word' id='word_1_491' title='bbox 3416 908 3697 965; x_wconf 78' lang='lat' dir='ltr'><strong>cogerem:</strong></span> 
     </span>
    </p>
   </div>
   <div class='ocr_carea' id='block_1_68' title="bbox 2128 973 3701 1055">
    <p class='ocr_par' dir='ltr' id='par_1_68' title="bbox 2128 973 3701 1055">
     <span class='ocr_line' id='line_1_68' title="bbox 2128 973 3701 1055; baseline 0.008 -30"><span class='ocrx_word' id='word_1_492' title='bbox 2128 973 2469 1044; x_wconf 90' lang='lat' dir='ltr'><strong>minaturque</strong></span> <span class='ocrx_word' id='word_1_493' title='bbox 2494 991 2741 1047; x_wconf 88' lang='lat' dir='ltr'><strong>magnam</strong></span> <span class='ocrx_word' id='word_1_494' title='bbox 2772 979 2885 1034; x_wconf 84' lang='lat' dir='ltr'><strong>fore</strong></span> <span class='ocrx_word' id='word_1_495' title='bbox 2910 982 3288 1036; x_wconf 88' lang='lat' dir='ltr'><strong>calamitatem.</strong></span> <span class='ocrx_word' id='word_1_496' title='bbox 3321 983 3448 1039; x_wconf 86' lang='lat' dir='ltr'><strong>Ideo</strong></span> <span class='ocrx_word' id='word_1_497' title='bbox 3474 973 3701 1055; x_wconf 63' lang='grc' dir='ltr'><strong>ι)ηοὶρῴ</strong></span> 
     </span>
    </p>
   </div>
   <div class='ocr_carea' id='block_1_69' title="bbox 2128 1063 3701 1131">
    <p class='ocr_par' dir='ltr' id='par_1_69' title="bbox 2128 1063 3701 1131">
     <span class='ocr_line' id='line_1_69' title="bbox 2128 1063 3701 1131; baseline 0.01 -15"><span class='ocrx_word' id='word_1_498' title='bbox 2128 1063 2256 1118; x_wconf 80' lang='lat' dir='ltr'><strong>filiis</strong></span> <span class='ocrx_word' id='word_1_499' title='bbox 2280 1064 2542 1130; x_wconf 86' lang='lat' dir='ltr'><strong>Jonadab,</strong></span> <span class='ocrx_word' id='word_1_500' title='bbox 2569 1078 2627 1122; x_wconf 91' lang='lat' dir='ltr'><strong>ut</strong></span> <span class='ocrx_word' id='word_1_501' title='bbox 2646 1070 2863 1123; x_wconf 90' lang='lat' dir='ltr'><strong>domum</strong></span> <span class='ocrx_word' id='word_1_502' title='bbox 2893 1081 3222 1127; x_wconf 88' lang='lat' dir='ltr'><strong>construant.</strong></span> <span class='ocrx_word' id='word_1_503' title='bbox 3253 1074 3329 1128; x_wconf 88' lang='lat' dir='ltr'><strong>llli</strong></span> <span class='ocrx_word' id='word_1_504' title='bbox 3355 1086 3541 1131; x_wconf 85' lang='lat' dir='ltr'><strong>autem</strong></span> <span class='ocrx_word' id='word_1_505' title='bbox 3562 1063 3701 1131; x_wconf 57' lang='lat' dir='ltr'><strong>mou-1</strong></span> 
     </span>
    </p>
   </div>
   <div class='ocr_carea' id='block_1_70' title="bbox 2127 1156 3697 1238">
    <p class='ocr_par' dir='ltr' id='par_1_70' title="bbox 2127 1156 3697 1238">
     <span class='ocr_line' id='line_1_70' title="bbox 2127 1156 3697 1238; baseline 0.01 -30"><span class='ocrx_word' id='word_1_506' title='bbox 2127 1165 2269 1209; x_wconf 90' lang='lat' dir='ltr'><strong>sant.</strong></span> <span class='ocrx_word' id='word_1_507' title='bbox 2297 1156 2525 1213; x_wconf 90' lang='lat' dir='ltr'><strong>Jubetur</strong></span> <span class='ocrx_word' id='word_1_508' title='bbox 2552 1159 2815 1217; x_wconf 87' lang='lat' dir='ltr'><strong>Jeremias</strong></span> <span class='ocrx_word' id='word_1_509' title='bbox 2840 1178 2904 1217; x_wconf 85' lang='lat' dir='ltr'><strong>ea</strong></span> <span class='ocrx_word' id='word_1_510' title='bbox 2934 1164 3170 1220; x_wconf 87' lang='lat' dir='ltr'><strong>scribere</strong></span> <span class='ocrx_word' id='word_1_511' title='bbox 3194 1168 3393 1231; x_wconf 86' lang='lat' dir='ltr'><strong>omnia,</strong></span> <span class='ocrx_word' id='word_1_512' title='bbox 3432 1184 3563 1238; x_wconf 60' lang='lat' dir='ltr'><strong>quae</strong></span> <span class='ocrx_word' id='word_1_513' title='bbox 3588 1172 3697 1223; x_wconf 68' lang='lat' dir='ltr'><strong>vati-</strong></span> 
     </span>
    </p>
   </div>
   <div class='ocr_carea' id='block_1_71' title="bbox 2128 1248 3697 1327">
    <p class='ocr_par' dir='ltr' id='par_1_71' title="bbox 2128 1248 3697 1327">
     <span class='ocr_line' id='line_1_71' title="bbox 2128 1248 3697 1327; baseline 0.009 -23"><span class='ocrx_word' id='word_1_514' title='bbox 2128 1248 2338 1305; x_wconf 85' lang='lat' dir='ltr'><strong>cinatus</strong></span> <span class='ocrx_word' id='word_1_515' title='bbox 2357 1261 2473 1305; x_wconf 88' lang='lat' dir='ltr'><strong>erat</strong></span> <span class='ocrx_word' id='word_1_516' title='bbox 2500 1266 2662 1322; x_wconf 88' lang='lat' dir='ltr'><strong>super</strong></span> <span class='ocrx_word' id='word_1_517' title='bbox 2690 1254 2874 1319; x_wconf 90' lang='lat' dir='ltr'><strong>Israel,</strong></span> <span class='ocrx_word' id='word_1_518' title='bbox 2908 1266 2965 1311; x_wconf 93' lang='lat' dir='ltr'><strong>ut</strong></span> <span class='ocrx_word' id='word_1_519' title='bbox 2992 1258 3074 1312; x_wconf 92' lang='lat' dir='ltr'><strong>vel</strong></span> <span class='ocrx_word' id='word_1_520' title='bbox 3104 1259 3182 1314; x_wconf 91' lang='lat' dir='ltr'><strong>sic</strong></span> <span class='ocrx_word' id='word_1_521' title='bbox 3207 1260 3581 1327; x_wconf 86' lang='lat' dir='ltr'><strong>formidarent,</strong></span> <span class='ocrx_word' id='word_1_522' title='bbox 3602 1280 3697 1317; x_wconf 85' lang='lat' dir='ltr'><strong>rur-</strong></span> 
     </span>
    </p>
   </div>
   <div class='ocr_carea' id='block_1_72' title="bbox 2127 1343 3701 1435">
    <p class='ocr_par' dir='ltr' id='par_1_72' title="bbox 2127 1343 3701 1435">
     <span class='ocr_line' id='line_1_72' title="bbox 2127 1343 3701 1435; baseline 0.01 -39"><span class='ocrx_word' id='word_1_523' title='bbox 2127 1356 2247 1397; x_wconf 90' lang='lat' dir='ltr'><strong>sum</strong></span> <span class='ocrx_word' id='word_1_524' title='bbox 2275 1343 2555 1400; x_wconf 88' lang='lat' dir='ltr'><strong>audientes</strong></span> <span class='ocrx_word' id='word_1_525' title='bbox 2572 1361 2657 1412; x_wconf 89' lang='lat' dir='ltr'><strong>ea,</strong></span> <span class='ocrx_word' id='word_1_526' title='bbox 2680 1363 2801 1418; x_wconf 67' lang='lat' dir='ltr'><strong>qua:</strong></span> <span class='ocrx_word' id='word_1_527' title='bbox 2828 1349 2972 1418; x_wconf 88' lang='lat' dir='ltr'><strong>ipsos</strong></span> <span class='ocrx_word' id='word_1_528' title='bbox 2992 1350 3236 1406; x_wconf 87' lang='lat' dir='ltr'><strong>invasura</strong></span> <span class='ocrx_word' id='word_1_529' title='bbox 3257 1365 3409 1408; x_wconf 87' lang='lat' dir='ltr'><strong>erant</strong></span> <span class='ocrx_word' id='word_1_530' title='bbox 3427 1356 3574 1410; x_wconf 87' lang='lat' dir='ltr'><strong>mala</strong></span> <span class='ocrx_word' id='word_1_531' title='bbox 3596 1359 3701 1435; x_wconf 53' lang='grc' dir='ltr'><strong>τηις</strong></span> 
     </span>
    </p>
   </div>
   <div class='ocr_carea' id='block_1_73' title="bbox 2125 1434 3701 1517">
    <p class='ocr_par' dir='ltr' id='par_1_73' title="bbox 2125 1434 3701 1517">
     <span class='ocr_line' id='line_1_73' title="bbox 2125 1434 3701 1517; baseline 0.011 -31"><span class='ocrx_word' id='word_1_532' title='bbox 2125 1446 2260 1488; x_wconf 91' lang='lat' dir='ltr'><strong>vero</strong></span> <span class='ocrx_word' id='word_1_533' title='bbox 2284 1434 2528 1505; x_wconf 65' lang='lat' dir='ltr'><strong>praecipit</strong></span> <span class='ocrx_word' id='word_1_534' title='bbox 2557 1436 2825 1506; x_wconf 83' lang='lat' dir='ltr'><strong>Barucbo,</strong></span> <span class='ocrx_word' id='word_1_535' title='bbox 2868 1451 2925 1495; x_wconf 91' lang='lat' dir='ltr'><strong>ut</strong></span> <span class='ocrx_word' id='word_1_536' title='bbox 2960 1440 3062 1496; x_wconf 88' lang='lat' dir='ltr'><strong>hoc</strong></span> <span class='ocrx_word' id='word_1_537' title='bbox 3091 1442 3269 1512; x_wconf 87' lang='lat' dir='ltr'><strong>faciat,</strong></span> <span class='ocrx_word' id='word_1_538' title='bbox 3317 1446 3523 1517; x_wconf 83' lang='lat' dir='ltr'><strong>illeque</strong></span> <span class='ocrx_word' id='word_1_539' title='bbox 3569 1446 3701 1517; x_wconf 62' lang='lat' dir='ltr'><strong>feciu</strong></span> 
     </span>
    </p>
   </div>
   <div class='ocr_carea' id='block_1_74' title="bbox 2126 1521 3701 1609">
    <p class='ocr_par' dir='ltr' id='par_1_74' title="bbox 2126 1521 3701 1609">
     <span class='ocr_line' id='line_1_74' title="bbox 2126 1521 3701 1609; baseline 0.01 -33"><span class='ocrx_word' id='word_1_540' title='bbox 2126 1521 2197 1576; x_wconf 85' lang='lat' dir='ltr'><strong>Et</strong></span> <span class='ocrx_word' id='word_1_541' title='bbox 2224 1538 2345 1577; x_wconf 92' lang='lat' dir='ltr'><strong>cum</strong></span> <span class='ocrx_word' id='word_1_542' title='bbox 2374 1527 2697 1595; x_wconf 87' lang='lat' dir='ltr'><strong>scripsisset,</strong></span> <span class='ocrx_word' id='word_1_543' title='bbox 2726 1528 2926 1584; x_wconf 75' lang='lat' dir='ltr'><strong>Judazis</strong></span> <span class='ocrx_word' id='word_1_544' title='bbox 2950 1530 3099 1601; x_wconf 85' lang='lat' dir='ltr'><strong>legit.</strong></span> <span class='ocrx_word' id='word_1_545' title='bbox 3132 1532 3199 1588; x_wconf 90' lang='lat' dir='ltr'><strong>Ut</strong></span> <span class='ocrx_word' id='word_1_546' title='bbox 3226 1535 3277 1588; x_wconf 94' lang='lat' dir='ltr'><strong>id</strong></span> <span class='ocrx_word' id='word_1_547' title='bbox 3307 1535 3537 1593; x_wconf 90' lang='lat' dir='ltr'><strong>audiere</strong></span> <span class='ocrx_word' id='word_1_548' title='bbox 3572 1526 3701 1609; x_wconf 55' lang='lat' dir='ltr'><strong>pr‘uH</strong></span> 
     </span>
    </p>
   </div>
   <div class='ocr_carea' id='block_1_75' title="bbox 2125 1616 3701 1705">
    <p class='ocr_par' dir='ltr' id='par_1_75' title="bbox 2125 1616 3701 1705">
     <span class='ocr_line' id='line_1_75' title="bbox 2125 1616 3701 1705; baseline 0.012 -36"><span class='ocrx_word' id='word_1_549' title='bbox 2125 1616 2292 1685; x_wconf 86' lang='lat' dir='ltr'><strong>cipes,</strong></span> <span class='ocrx_word' id='word_1_550' title='bbox 2322 1620 2777 1676; x_wconf 85' lang='lat' dir='ltr'><strong>annnntiaverunt</strong></span> <span class='ocrx_word' id='word_1_551' title='bbox 2803 1624 2913 1694; x_wconf 84' lang='lat' dir='ltr'><strong>regi</strong></span> <span class='ocrx_word' id='word_1_552' title='bbox 2940 1623 3203 1680; x_wconf 89' lang='lat' dir='ltr'><strong>Joachim.</strong></span> <span class='ocrx_word' id='word_1_553' title='bbox 3230 1626 3327 1683; x_wconf 90' lang='lat' dir='ltr'><strong>llle</strong></span> <span class='ocrx_word' id='word_1_554' title='bbox 3346 1639 3533 1685; x_wconf 86' lang='lat' dir='ltr'><strong>autem</strong></span> <span class='ocrx_word' id='word_1_555' title='bbox 3563 1636 3701 1705; x_wconf 53' lang='lat' dir='ltr'><strong>aece-i</strong></span> 
     </span>
    </p>
   </div>
   <div class='ocr_carea' id='block_1_76' title="bbox 2126 1709 3701 1788">
    <p class='ocr_par' dir='ltr' id='par_1_76' title="bbox 2126 1709 3701 1788">
     <span class='ocr_line' id='line_1_76' title="bbox 2126 1709 3701 1788; baseline 0.011 -26"><span class='ocrx_word' id='word_1_556' title='bbox 2126 1717 2274 1778; x_wconf 91' lang='lat' dir='ltr'><strong>ptum</strong></span> <span class='ocrx_word' id='word_1_557' title='bbox 2306 1709 2501 1766; x_wconf 91' lang='lat' dir='ltr'><strong>librum</strong></span> <span class='ocrx_word' id='word_1_558' title='bbox 2532 1713 2848 1769; x_wconf 86' lang='lat' dir='ltr'><strong>combussit.</strong></span> <span class='ocrx_word' id='word_1_559' title='bbox 2881 1716 3213 1788; x_wconf 89' lang='lat' dir='ltr'><strong>Jubeturque</strong></span> <span class='ocrx_word' id='word_1_560' title='bbox 3252 1720 3527 1778; x_wconf 87' lang='lat' dir='ltr'><strong>Jeremias</strong></span> <span class='ocrx_word' id='word_1_561' title='bbox 3555 1718 3701 1783; x_wconf 59' lang='lat' dir='ltr'><strong>alicui</strong></span> 
     </span>
    </p>
   </div>
   <div class='ocr_carea' id='block_1_77' title="bbox 2125 1800 3697 1880">
    <p class='ocr_par' dir='ltr' id='par_1_77' title="bbox 2125 1800 3697 1880">
     <span class='ocr_line' id='line_1_77' title="bbox 2125 1800 3697 1880; baseline 0.008 -27"><span class='ocrx_word' id='word_1_562' title='bbox 2125 1800 2365 1856; x_wconf 88' lang='lat' dir='ltr'><strong>scribere</strong></span> <span class='ocrx_word' id='word_1_563' title='bbox 2394 1802 2587 1857; x_wconf 90' lang='lat' dir='ltr'><strong>librum</strong></span> <span class='ocrx_word' id='word_1_564' title='bbox 2626 1806 2881 1861; x_wconf 90' lang='lat' dir='ltr'><strong>similem.</strong></span> <span class='ocrx_word' id='word_1_565' title='bbox 2915 1807 3150 1879; x_wconf 79' lang='lat' dir='ltr'><strong>Regiqne</strong></span> <span class='ocrx_word' id='word_1_566' title='bbox 3176 1814 3460 1880; x_wconf 87' lang='lat' dir='ltr'><strong>prophetat</strong></span> <span class='ocrx_word' id='word_1_567' title='bbox 3492 1815 3697 1869; x_wconf 80' lang='lat' dir='ltr'><strong>calami-</strong></span> 
     </span>
    </p>
   </div>
   <div class='ocr_carea' id='block_1_78' title="bbox 2124 1891 3701 1971">
    <p class='ocr_par' dir='ltr' id='par_1_78' title="bbox 2124 1891 3701 1971">
     <span class='ocr_line' id='line_1_78' title="bbox 2124 1891 3701 1971; baseline 0.009 -27"><span class='ocrx_word' id='word_1_568' title='bbox 2124 1900 2262 1946; x_wconf 84' lang='lat' dir='ltr'><strong>tates</strong></span> <span class='ocrx_word' id='word_1_569' title='bbox 2287 1891 2358 1947; x_wconf 90' lang='lat' dir='ltr'><strong>ob</strong></span> <span class='ocrx_word' id='word_1_570' title='bbox 2379 1894 2482 1948; x_wconf 88' lang='lat' dir='ltr'><strong>tale</strong></span> <span class='ocrx_word' id='word_1_571' title='bbox 2497 1894 2724 1951; x_wconf 89' lang='lat' dir='ltr'><strong>facinus.</strong></span> <span class='ocrx_word' id='word_1_572' title='bbox 2749 1896 3079 1953; x_wconf 83' lang='lat' dir='ltr'><strong>Vaticinatur</strong></span> <span class='ocrx_word' id='word_1_573' title='bbox 3093 1901 3357 1955; x_wconf 89' lang='lat' dir='ltr'><strong>excidium</strong></span> <span class='ocrx_word' id='word_1_574' title='bbox 3384 1891 3701 1971; x_wconf 47' lang='lat' dir='ltr'><strong>Jerusalemi</strong></span> 
     </span>
    </p>
   </div>
   <div class='ocr_carea' id='block_1_79' title="bbox 2123 1986 3701 2071">
    <p class='ocr_par' dir='ltr' id='par_1_79' title="bbox 2123 1986 3701 2071">
     <span class='ocr_line' id='line_1_79' title="bbox 2123 1986 3701 2071; baseline 0.006 -32"><span class='ocrx_word' id='word_1_575' title='bbox 2123 1994 2177 2039; x_wconf 92' lang='lat' dir='ltr'><strong>et</strong></span> <span class='ocrx_word' id='word_1_576' title='bbox 2191 1986 2685 2057; x_wconf 89' lang='lat' dir='ltr'><strong>comprehenditur,</strong></span> <span class='ocrx_word' id='word_1_577' title='bbox 2706 1991 3045 2063; x_wconf 89' lang='lat' dir='ltr'><strong>injiciturque</strong></span> <span class='ocrx_word' id='word_1_578' title='bbox 3067 1994 3118 2048; x_wconf 92' lang='lat' dir='ltr'><strong>in</strong></span> <span class='ocrx_word' id='word_1_579' title='bbox 3138 2009 3409 2051; x_wconf 87' lang='lat' dir='ltr'><strong>carcerem</strong></span> <span class='ocrx_word' id='word_1_580' title='bbox 3425 1996 3701 2071; x_wconf 41' lang='lat' dir='ltr'><strong>Jeremiasi</strong></span> 
     </span>
    </p>
   </div>
   <div class='ocr_carea' id='block_1_80' title="bbox 2123 2078 3701 2160">
    <p class='ocr_par' dir='ltr' id='par_1_80' title="bbox 2123 2078 3701 2160">
     <span class='ocr_line' id='line_1_80' title="bbox 2123 2078 3701 2160; baseline 0.008 -29"><span class='ocrx_word' id='word_1_581' title='bbox 2123 2078 2355 2150; x_wconf 89' lang='lat' dir='ltr'><strong>indeque</strong></span> <span class='ocrx_word' id='word_1_582' title='bbox 2369 2091 2622 2137; x_wconf 88' lang='lat' dir='ltr'><strong>evocatus</strong></span> <span class='ocrx_word' id='word_1_583' title='bbox 2642 2097 2673 2136; x_wconf 89' lang='lat' dir='ltr'><strong>a</strong></span> <span class='ocrx_word' id='word_1_584' title='bbox 2697 2082 2942 2151; x_wconf 89' lang='lat' dir='ltr'><strong>Sedecia,</strong></span> <span class='ocrx_word' id='word_1_585' title='bbox 2961 2084 3092 2141; x_wconf 86' lang='lat' dir='ltr'><strong>dicit</strong></span> <span class='ocrx_word' id='word_1_586' title='bbox 3107 2088 3177 2153; x_wconf 91' lang='lat' dir='ltr'><strong>ei,</strong></span> <span class='ocrx_word' id='word_1_587' title='bbox 3195 2089 3519 2158; x_wconf 85' lang='lat' dir='ltr'><strong>capiendum</strong></span> <span class='ocrx_word' id='word_1_588' title='bbox 3541 2084 3701 2160; x_wconf 62' lang='lat' dir='ltr'><strong>ipsum</strong></span> 
     </span>
    </p>
   </div>
   <div class='ocr_carea' id='block_1_81' title="bbox 2124 2170 3701 2252">
    <p class='ocr_par' dir='ltr' id='par_1_81' title="bbox 2124 2170 3701 2252">
     <span class='ocr_line' id='line_1_81' title="bbox 2124 2170 3701 2252; baseline 0.008 -29"><span class='ocrx_word' id='word_1_589' title='bbox 2124 2170 2260 2238; x_wconf 88' lang='lat' dir='ltr'><strong>fore,</strong></span> <span class='ocrx_word' id='word_1_590' title='bbox 2287 2181 2545 2243; x_wconf 86' lang='lat' dir='ltr'><strong>rogatque</strong></span> <span class='ocrx_word' id='word_1_591' title='bbox 2566 2188 2634 2229; x_wconf 92' lang='lat' dir='ltr'><strong>ne</strong></span> <span class='ocrx_word' id='word_1_592' title='bbox 2656 2176 2960 2232; x_wconf 90' lang='lat' dir='ltr'><strong>remittatur</strong></span> <span class='ocrx_word' id='word_1_593' title='bbox 2984 2181 3036 2233; x_wconf 91' lang='lat' dir='ltr'><strong>in</strong></span> <span class='ocrx_word' id='word_1_594' title='bbox 3064 2194 3360 2235; x_wconf 88' lang='lat' dir='ltr'><strong>carcerem.</strong></span> <span class='ocrx_word' id='word_1_595' title='bbox 3393 2184 3701 2252; x_wconf 56' lang='lat' dir='ltr'><strong>Arreptunw</strong></span> 
     </span>
    </p>
   </div>
   <div class='ocr_carea' id='block_1_82' title="bbox 2120 2264 3701 2337">
    <p class='ocr_par' dir='ltr' id='par_1_82' title="bbox 2120 2264 3701 2337">
     <span class='ocr_line' id='line_1_82' title="bbox 2120 2264 3701 2337; baseline 0.011 -22"><span class='ocrx_word' id='word_1_596' title='bbox 2120 2278 2225 2333; x_wconf 87' lang='lat' dir='ltr'><strong>que</strong></span> <span class='ocrx_word' id='word_1_597' title='bbox 2253 2264 2401 2318; x_wconf 90' lang='lat' dir='ltr'><strong>illum</strong></span> <span class='ocrx_word' id='word_1_598' title='bbox 2429 2266 2697 2336; x_wconf 90' lang='lat' dir='ltr'><strong>principes</strong></span> <span class='ocrx_word' id='word_1_599' title='bbox 2719 2267 2964 2337; x_wconf 90' lang='lat' dir='ltr'><strong>injiciunt</strong></span> <span class='ocrx_word' id='word_1_600' title='bbox 2986 2270 3039 2324; x_wconf 92' lang='lat' dir='ltr'><strong>in</strong></span> <span class='ocrx_word' id='word_1_601' title='bbox 3061 2270 3231 2325; x_wconf 91' lang='lat' dir='ltr'><strong>lacum</strong></span> <span class='ocrx_word' id='word_1_602' title='bbox 3251 2274 3419 2327; x_wconf 70' lang='lat' dir='ltr'><strong>caeni.</strong></span> <span class='ocrx_word' id='word_1_603' title='bbox 3442 2275 3513 2329; x_wconf 88' lang='lat' dir='ltr'><strong>Et</strong></span> <span class='ocrx_word' id='word_1_604' title='bbox 3535 2275 3701 2333; x_wconf 57' lang='lat' dir='ltr'><strong>eduxit!</strong></span> 
     </span>
    </p>
   </div>
   <div class='ocr_carea' id='block_1_83' title="bbox 2121 2356 3701 2437">
    <p class='ocr_par' dir='ltr' id='par_1_83' title="bbox 2121 2356 3701 2437">
     <span class='ocr_line' id='line_1_83' title="bbox 2121 2356 3701 2437; baseline 0.006 -27"><span class='ocrx_word' id='word_1_605' title='bbox 2121 2371 2243 2410; x_wconf 90' lang='lat' dir='ltr'><strong>cum</strong></span> <span class='ocrx_word' id='word_1_606' title='bbox 2293 2356 2415 2411; x_wconf 92' lang='lat' dir='ltr'><strong>inde</strong></span> <span class='ocrx_word' id='word_1_607' title='bbox 2461 2358 2806 2415; x_wconf 83' lang='lat' dir='ltr'><strong>Abdamelec.</strong></span> <span class='ocrx_word' id='word_1_608' title='bbox 2853 2364 2929 2415; x_wconf 83' lang='lat' dir='ltr'><strong>Ac</strong></span> <span class='ocrx_word' id='word_1_609' title='bbox 2970 2377 3157 2417; x_wconf 89' lang='lat' dir='ltr'><strong>rursus</strong></span> <span class='ocrx_word' id='word_1_610' title='bbox 3182 2365 3479 2419; x_wconf 82' lang='lat' dir='ltr'><strong>accersitus</strong></span> <span class='ocrx_word' id='word_1_611' title='bbox 3506 2381 3541 2421; x_wconf 87' lang='lat' dir='ltr'><strong>a</strong></span> 
     </span>
    </p>
   </div>
   <div class='ocr_carea' id='block_1_84' title="bbox 2120 2449 3691 2526">
    <p class='ocr_par' dir='ltr' id='par_1_84' title="bbox 2120 2449 3691 2526">
     <span class='ocr_line' id='line_1_84' title="bbox 2120 2449 3691 2526; baseline 0.009 -24"><span class='ocrx_word' id='word_1_612' title='bbox 2120 2449 2349 2503; x_wconf 86' lang='lat' dir='ltr'><strong>salutem</strong></span> <span class='ocrx_word' id='word_1_613' title='bbox 2377 2450 2474 2520; x_wconf 89' lang='lat' dir='ltr'><strong>ipsi</strong></span> <span class='ocrx_word' id='word_1_614' title='bbox 2503 2454 2839 2520; x_wconf 73' lang='lat' dir='ltr'><strong>praenuntiat,</strong></span> <span class='ocrx_word' id='word_1_615' title='bbox 2872 2455 2917 2508; x_wconf 91' lang='lat' dir='ltr'><strong>si</strong></span> <span class='ocrx_word' id='word_1_616' title='bbox 2941 2455 3069 2510; x_wconf 89' lang='lat' dir='ltr'><strong>velit</strong></span> <span class='ocrx_word' id='word_1_617' title='bbox 3089 2466 3279 2526; x_wconf 91' lang='lat' dir='ltr'><strong>sponte</strong></span> <span class='ocrx_word' id='word_1_618' title='bbox 3303 2458 3371 2512; x_wconf 88' lang='lat' dir='ltr'><strong>ad</strong></span> <span class='ocrx_word' id='word_1_619' title='bbox 3406 2459 3594 2516; x_wconf 84' lang='lat' dir='ltr'><strong>hostes</strong></span> <span class='ocrx_word' id='word_1_620' title='bbox 3623 2478 3691 2516; x_wconf 41' lang='lat' dir='ltr'><strong>exc</strong></span> 
     </span>
    </p>
   </div>
   <div class='ocr_carea' id='block_1_85' title="bbox 2122 2542 3701 2621">
    <p class='ocr_par' dir='ltr' id='par_1_85' title="bbox 2122 2542 3701 2621">
     <span class='ocr_line' id='line_1_85' title="bbox 2122 2542 3701 2621; baseline 0.005 -26"><span class='ocrx_word' id='word_1_621' title='bbox 2122 2542 2229 2608; x_wconf 88' lang='lat' dir='ltr'><strong>ire;</strong></span> <span class='ocrx_word' id='word_1_622' title='bbox 2257 2544 2338 2596; x_wconf 91' lang='lat' dir='ltr'><strong>sin</strong></span> <span class='ocrx_word' id='word_1_623' title='bbox 2366 2544 2518 2610; x_wconf 89' lang='lat' dir='ltr'><strong>nolit,</strong></span> <span class='ocrx_word' id='word_1_624' title='bbox 2552 2546 2838 2614; x_wconf 90' lang='lat' dir='ltr'><strong>perniciem</strong></span> <span class='ocrx_word' id='word_1_625' title='bbox 2870 2548 2983 2601; x_wconf 88' lang='lat' dir='ltr'><strong>urbi</strong></span> <span class='ocrx_word' id='word_1_626' title='bbox 3009 2549 3125 2614; x_wconf 93' lang='lat' dir='ltr'><strong>toti,</strong></span> <span class='ocrx_word' id='word_1_627' title='bbox 3149 2558 3201 2603; x_wconf 91' lang='lat' dir='ltr'><strong>et</strong></span> <span class='ocrx_word' id='word_1_628' title='bbox 3222 2550 3319 2619; x_wconf 85' lang='lat' dir='ltr'><strong>ipsi</strong></span> <span class='ocrx_word' id='word_1_629' title='bbox 3344 2551 3583 2621; x_wconf 85' lang='lat' dir='ltr'><strong>ingentia</strong></span> <span class='ocrx_word' id='word_1_630' title='bbox 3606 2550 3701 2607; x_wconf 54' lang='lat' dir='ltr'><strong>um:</strong></span> 
     </span>
    </p>
   </div>
   <div class='ocr_carea' id='block_1_86' title="bbox 2121 2634 3701 2711">
    <p class='ocr_par' dir='ltr' id='par_1_86' title="bbox 2121 2634 3701 2711">
     <span class='ocr_line' id='line_1_86' title="bbox 2121 2634 3701 2711; baseline 0.006 -24"><span class='ocrx_word' id='word_1_631' title='bbox 2121 2634 2190 2689; x_wconf 86' lang='lat' dir='ltr'><strong>la.</strong></span> <span class='ocrx_word' id='word_1_632' title='bbox 2219 2635 2353 2689; x_wconf 88' lang='lat' dir='ltr'><strong>Cum</strong></span> <span class='ocrx_word' id='word_1_633' title='bbox 2380 2646 2556 2691; x_wconf 88' lang='lat' dir='ltr'><strong>autem</strong></span> <span class='ocrx_word' id='word_1_634' title='bbox 2586 2654 2691 2693; x_wconf 90' lang='lat' dir='ltr'><strong>non</strong></span> <span class='ocrx_word' id='word_1_635' title='bbox 2723 2641 3079 2709; x_wconf 89' lang='lat' dir='ltr'><strong>persuasisset</strong></span> <span class='ocrx_word' id='word_1_636' title='bbox 3108 2642 3183 2696; x_wconf 93' lang='lat' dir='ltr'><strong>illi</strong></span> <span class='ocrx_word' id='word_1_637' title='bbox 3214 2652 3272 2697; x_wconf 90' lang='lat' dir='ltr'><strong>ut</strong></span> <span class='ocrx_word' id='word_1_638' title='bbox 3295 2644 3491 2711; x_wconf 75' lang='lat' dir='ltr'><strong>exiret,</strong></span> <span class='ocrx_word' id='word_1_639' title='bbox 3520 2636 3701 2701; x_wconf 26' lang='lat' dir='ltr'><strong>ascen-1</strong></span> 
     </span>
    </p>
   </div>
   <div class='ocr_carea' id='block_1_87' title="bbox 2117 2726 3701 2805">
    <p class='ocr_par' dir='ltr' id='par_1_87' title="bbox 2117 2726 3701 2805">
     <span class='ocr_line' id='line_1_87' title="bbox 2117 2726 3701 2805; baseline 0.004 -25"><span class='ocrx_word' id='word_1_640' title='bbox 2117 2726 2196 2780; x_wconf 90' lang='lat' dir='ltr'><strong>dit</strong></span> <span class='ocrx_word' id='word_1_641' title='bbox 2218 2726 2495 2790; x_wconf 87' lang='lat' dir='ltr'><strong>barbarus,</strong></span> <span class='ocrx_word' id='word_1_642' title='bbox 2517 2737 2571 2782; x_wconf 90' lang='lat' dir='ltr'><strong>et</strong></span> <span class='ocrx_word' id='word_1_643' title='bbox 2590 2739 2743 2799; x_wconf 89' lang='lat' dir='ltr'><strong>capta</strong></span> <span class='ocrx_word' id='word_1_644' title='bbox 2766 2739 2847 2785; x_wconf 87' lang='lat' dir='ltr'><strong>est</strong></span> <span class='ocrx_word' id='word_1_645' title='bbox 2869 2732 2994 2785; x_wconf 88' lang='lat' dir='ltr'><strong>urbs</strong></span> <span class='ocrx_word' id='word_1_646' title='bbox 3014 2746 3135 2786; x_wconf 91' lang='lat' dir='ltr'><strong>cum</strong></span> <span class='ocrx_word' id='word_1_647' title='bbox 3158 2732 3403 2789; x_wconf 87' lang='lat' dir='ltr'><strong>Sedecia.</strong></span> <span class='ocrx_word' id='word_1_648' title='bbox 3421 2734 3701 2805; x_wconf 81' lang='lat' dir='ltr'><strong>Jeremiamj</strong></span> 
     </span>
    </p>
   </div>
   <div class='ocr_carea' id='block_1_88' title="bbox 2118 2812 3701 2893">
    <p class='ocr_par' dir='ltr' id='par_1_88' title="bbox 2118 2812 3701 2893">
     <span class='ocr_line' id='line_1_88' title="bbox 2118 2812 3701 2893; baseline 0.006 -23"><span class='ocrx_word' id='word_1_649' title='bbox 2118 2833 2247 2873; x_wconf 86' lang='lat' dir='ltr'><strong>vero</strong></span> <span class='ocrx_word' id='word_1_650' title='bbox 2292 2818 2521 2888; x_wconf 85' lang='lat' dir='ltr'><strong>benigne</strong></span> <span class='ocrx_word' id='word_1_651' title='bbox 2550 2829 2880 2889; x_wconf 85' lang='lat' dir='ltr'><strong>exceperunt</strong></span> <span class='ocrx_word' id='word_1_652' title='bbox 2909 2821 3178 2893; x_wconf 88' lang='lat' dir='ltr'><strong>principes</strong></span> <span class='ocrx_word' id='word_1_653' title='bbox 3217 2812 3701 2880; x_wconf 62' lang='lat' dir='ltr'><strong>Nabuchodonoso?</strong></span> 
     </span>
    </p>
   </div>
   <div class='ocr_carea' id='block_1_89' title="bbox 2117 2908 3686 2987">
    <p class='ocr_par' dir='ltr' id='par_1_89' title="bbox 2117 2908 3686 2987">
     <span class='ocr_line' id='line_1_89' title="bbox 2117 2908 3686 2987; baseline 0.004 -25"><span class='ocrx_word' id='word_1_654' title='bbox 2117 2908 2212 2963; x_wconf 90' lang='lat' dir='ltr'><strong>ris.</strong></span> <span class='ocrx_word' id='word_1_655' title='bbox 2240 2908 2595 2966; x_wconf 85' lang='lat' dir='ltr'><strong>Abdemeleco</strong></span> <span class='ocrx_word' id='word_1_656' title='bbox 2638 2913 2863 2966; x_wconf 83' lang='lat' dir='ltr'><strong>salutem</strong></span> <span class='ocrx_word' id='word_1_657' title='bbox 2892 2913 3149 2982; x_wconf 61' lang='lat' dir='ltr'><strong>pra&#39;dicit.</strong></span> <span class='ocrx_word' id='word_1_658' title='bbox 3183 2915 3315 2969; x_wconf 88' lang='lat' dir='ltr'><strong>Cum</strong></span> <span class='ocrx_word' id='word_1_659' title='bbox 3343 2926 3532 2972; x_wconf 90' lang='lat' dir='ltr'><strong>autem</strong></span> <span class='ocrx_word' id='word_1_660' title='bbox 3564 2918 3686 2987; x_wconf 79' lang='lat' dir='ltr'><strong>prin.</strong></span> 
     </span>
    </p>
   </div>
   <div class='ocr_carea' id='block_1_90' title="bbox 2116 3006 3691 3079">
    <p class='ocr_par' dir='ltr' id='par_1_90' title="bbox 2116 3006 3691 3079">
     <span class='ocr_line' id='line_1_90' title="bbox 2116 3006 3691 3079; baseline 0.005 -24"><span class='ocrx_word' id='word_1_661' title='bbox 2116 3016 2244 3072; x_wconf 92' lang='lat' dir='ltr'><strong>ceps</strong></span> <span class='ocrx_word' id='word_1_662' title='bbox 2268 3016 2558 3071; x_wconf 88' lang='lat' dir='ltr'><strong>coquorum</strong></span> <span class='ocrx_word' id='word_1_663' title='bbox 2580 3019 2746 3074; x_wconf 89' lang='lat' dir='ltr'><strong>penes</strong></span> <span class='ocrx_word' id='word_1_664' title='bbox 2776 3006 2920 3075; x_wconf 89' lang='lat' dir='ltr'><strong>ipsos</strong></span> <span class='ocrx_word' id='word_1_665' title='bbox 2941 3006 3263 3076; x_wconf 86' lang='lat' dir='ltr'><strong>reliquisset,</strong></span> <span class='ocrx_word' id='word_1_666' title='bbox 3296 3017 3353 3063; x_wconf 94' lang='lat' dir='ltr'><strong>ut</strong></span> <span class='ocrx_word' id='word_1_667' title='bbox 3375 3025 3490 3079; x_wconf 92' lang='lat' dir='ltr'><strong>quo</strong></span> <span class='ocrx_word' id='word_1_668' title='bbox 3512 3011 3691 3065; x_wconf 74' lang='lat' dir='ltr'><strong>vellrnt</strong></span> 
     </span>
    </p>
   </div>
   <div class='ocr_carea' id='block_1_91' title="bbox 2117 3094 3685 3173">
    <p class='ocr_par' dir='ltr' id='par_1_91' title="bbox 2117 3094 3685 3173">
     <span class='ocr_line' id='line_1_91' title="bbox 2117 3094 3685 3173; baseline 0.004 -25"><span class='ocrx_word' id='word_1_669' title='bbox 2117 3094 2275 3159; x_wconf 91' lang='lat' dir='ltr'><strong>irent,</strong></span> <span class='ocrx_word' id='word_1_670' title='bbox 2309 3094 2456 3149; x_wconf 87' lang='lat' dir='ltr'><strong>venit</strong></span> <span class='ocrx_word' id='word_1_671' title='bbox 2494 3096 2563 3150; x_wconf 89' lang='lat' dir='ltr'><strong>ad</strong></span> <span class='ocrx_word' id='word_1_672' title='bbox 2608 3095 2909 3165; x_wconf 90' lang='lat' dir='ltr'><strong>Godoliam,</strong></span> <span class='ocrx_word' id='word_1_673' title='bbox 2939 3114 3098 3168; x_wconf 90' lang='lat' dir='ltr'><strong>quem</strong></span> <span class='ocrx_word' id='word_1_674' title='bbox 3130 3102 3485 3158; x_wconf 85' lang='lat' dir='ltr'><strong>constituerat</strong></span> <span class='ocrx_word' id='word_1_675' title='bbox 3514 3105 3685 3173; x_wconf 80' lang='lat' dir='ltr'><strong>prim-</strong></span> 
     </span>
    </p>
   </div>
   <div class='ocr_carea' id='block_1_92' title="bbox 2117 3189 3691 3258">
    <p class='ocr_par' dir='ltr' id='par_1_92' title="bbox 2117 3189 3691 3258">
     <span class='ocr_line' id='line_1_92' title="bbox 2117 3189 3691 3258; baseline 0.004 -18"><span class='ocrx_word' id='word_1_676' title='bbox 2117 3203 2236 3258; x_wconf 91' lang='lat' dir='ltr'><strong>pem</strong></span> <span class='ocrx_word' id='word_1_677' title='bbox 2265 3203 2451 3243; x_wconf 92' lang='lat' dir='ltr'><strong>eorum</strong></span> <span class='ocrx_word' id='word_1_678' title='bbox 2482 3189 2572 3258; x_wconf 88' lang='lat' dir='ltr'><strong>qui</strong></span> <span class='ocrx_word' id='word_1_679' title='bbox 2620 3190 2795 3244; x_wconf 88' lang='lat' dir='ltr'><strong>relicti</strong></span> <span class='ocrx_word' id='word_1_680' title='bbox 2840 3190 3050 3246; x_wconf 79' lang='lat' dir='ltr'><strong>fuerant</strong></span> <span class='ocrx_word' id='word_1_681' title='bbox 3091 3192 3145 3245; x_wconf 92' lang='lat' dir='ltr'><strong>in</strong></span> <span class='ocrx_word' id='word_1_682' title='bbox 3187 3192 3386 3247; x_wconf 71' lang='lat' dir='ltr'><strong>Judzea.</strong></span> <span class='ocrx_word' id='word_1_683' title='bbox 3424 3194 3691 3250; x_wconf 64' lang='grc' dir='ltr'><strong>ϐοτηε-πιρ-</strong></span> 
     </span>
    </p>
   </div>
   <div class='ocr_carea' id='block_1_93' title="bbox 2114 3278 3685 3353">
    <p class='ocr_par' dir='ltr' id='par_1_93' title="bbox 2114 3278 3685 3353">
     <span class='ocr_line' id='line_1_93' title="bbox 2114 3278 3685 3353; baseline 0.006 -20"><span class='ocrx_word' id='word_1_684' title='bbox 2114 3288 2242 3333; x_wconf 90' lang='lat' dir='ltr'><strong>runt</strong></span> <span class='ocrx_word' id='word_1_685' title='bbox 2264 3279 2331 3335; x_wconf 89' lang='lat' dir='ltr'><strong>ad</strong></span> <span class='ocrx_word' id='word_1_686' title='bbox 2357 3278 2633 3336; x_wconf 85' lang='lat' dir='ltr'><strong>Godoliam</strong></span> <span class='ocrx_word' id='word_1_687' title='bbox 2658 3281 2748 3352; x_wconf 90' lang='lat' dir='ltr'><strong>qui</strong></span> <span class='ocrx_word' id='word_1_688' title='bbox 2779 3297 2877 3351; x_wconf 92' lang='lat' dir='ltr'><strong>per</strong></span> <span class='ocrx_word' id='word_1_689' title='bbox 2902 3298 3057 3352; x_wconf 85' lang='lat' dir='ltr'><strong>agros</strong></span> <span class='ocrx_word' id='word_1_690' title='bbox 3078 3284 3301 3353; x_wconf 88' lang='lat' dir='ltr'><strong>dispersi</strong></span> <span class='ocrx_word' id='word_1_691' title='bbox 3327 3296 3487 3345; x_wconf 86' lang='lat' dir='ltr'><strong>erant</strong></span> <span class='ocrx_word' id='word_1_692' title='bbox 3510 3281 3685 3343; x_wconf 70' lang='grc' dir='ltr'><strong>,1υάςεί-</strong></span> 
     </span>
    </p>
   </div>
   <div class='ocr_carea' id='block_1_94' title="bbox 2115 3371 3685 3445">
    <p class='ocr_par' dir='ltr' id='par_1_94' title="bbox 2115 3371 3685 3445">
     <span class='ocr_line' id='line_1_94' title="bbox 2115 3371 3685 3445; baseline 0.003 -20"><span class='ocrx_word' id='word_1_693' title='bbox 2115 3371 2305 3426; x_wconf 84' lang='lat' dir='ltr'><strong>lsmael</strong></span> <span class='ocrx_word' id='word_1_694' title='bbox 2355 3372 2552 3426; x_wconf 89' lang='lat' dir='ltr'><strong>occidit</strong></span> <span class='ocrx_word' id='word_1_695' title='bbox 2598 3372 2877 3429; x_wconf 84' lang='lat' dir='ltr'><strong>Godoliam</strong></span> <span class='ocrx_word' id='word_1_696' title='bbox 2906 3384 2961 3429; x_wconf 90' lang='lat' dir='ltr'><strong>ct</strong></span> <span class='ocrx_word' id='word_1_697' title='bbox 2985 3376 3243 3445; x_wconf 85' lang='lat' dir='ltr'><strong>quosdam</strong></span> <span class='ocrx_word' id='word_1_698' title='bbox 3270 3377 3430 3445; x_wconf 87' lang='lat' dir='ltr'><strong>alios,</strong></span> <span class='ocrx_word' id='word_1_699' title='bbox 3460 3388 3518 3435; x_wconf 90' lang='lat' dir='ltr'><strong>et</strong></span> <span class='ocrx_word' id='word_1_700' title='bbox 3564 3386 3685 3434; x_wconf 83' lang='lat' dir='ltr'><strong>acci-</strong></span> 
     </span>
    </p>
   </div>
   <div class='ocr_carea' id='block_1_95' title="bbox 2114 3466 3684 3540">
    <p class='ocr_par' dir='ltr' id='par_1_95' title="bbox 2114 3466 3684 3540">
     <span class='ocr_line' id='line_1_95' title="bbox 2114 3466 3684 3540; baseline 0.007 -22"><span class='ocrx_word' id='word_1_701' title='bbox 2114 3466 2265 3534; x_wconf 90' lang='lat' dir='ltr'><strong>piens</strong></span> <span class='ocrx_word' id='word_1_702' title='bbox 2288 3467 2541 3535; x_wconf 89' lang='lat' dir='ltr'><strong>populum</strong></span> <span class='ocrx_word' id='word_1_703' title='bbox 2572 3466 2833 3535; x_wconf 66' lang='lat' dir='ltr'><strong>Godolize,</strong></span> <span class='ocrx_word' id='word_1_704' title='bbox 2866 3468 2997 3523; x_wconf 87' lang='lat' dir='ltr'><strong>abiit</strong></span> <span class='ocrx_word' id='word_1_705' title='bbox 3026 3471 3076 3524; x_wconf 91' lang='lat' dir='ltr'><strong>in</strong></span> <span class='ocrx_word' id='word_1_706' title='bbox 3107 3471 3379 3540; x_wconf 89' lang='lat' dir='ltr'><strong>regionem</strong></span> <span class='ocrx_word' id='word_1_707' title='bbox 3413 3474 3684 3529; x_wconf 82' lang='lat' dir='ltr'><strong>Ammoni-</strong></span> 
     </span>
    </p>
   </div>
   <div class='ocr_carea' id='block_1_96' title="bbox 2112 3560 3689 3636">
    <p class='ocr_par' dir='ltr' id='par_1_96' title="bbox 2112 3560 3689 3636">
     <span class='ocr_line' id='line_1_96' title="bbox 2112 3560 3689 3636; baseline 0.002 -24"><span class='ocrx_word' id='word_1_708' title='bbox 2112 3568 2303 3613; x_wconf 90' lang='lat' dir='ltr'><strong>tarum.</strong></span> <span class='ocrx_word' id='word_1_709' title='bbox 2329 3560 2397 3614; x_wconf 90' lang='lat' dir='ltr'><strong>Ut</strong></span> <span class='ocrx_word' id='word_1_710' title='bbox 2422 3571 2598 3615; x_wconf 89' lang='lat' dir='ltr'><strong>autem</strong></span> <span class='ocrx_word' id='word_1_711' title='bbox 2640 3561 2770 3617; x_wconf 89' lang='lat' dir='ltr'><strong>vidit</strong></span> <span class='ocrx_word' id='word_1_712' title='bbox 2793 3578 2914 3617; x_wconf 92' lang='lat' dir='ltr'><strong>eum</strong></span> <span class='ocrx_word' id='word_1_713' title='bbox 2944 3562 3208 3630; x_wconf 88' lang='lat' dir='ltr'><strong>Joannan,</strong></span> <span class='ocrx_word' id='word_1_714' title='bbox 3243 3579 3378 3618; x_wconf 89' lang='lat' dir='ltr'><strong>unus</strong></span> <span class='ocrx_word' id='word_1_715' title='bbox 3404 3566 3477 3619; x_wconf 86' lang='lat' dir='ltr'><strong>de</strong></span> <span class='ocrx_word' id='word_1_716' title='bbox 3509 3566 3689 3636; x_wconf 81' lang='lat' dir='ltr'><strong>princi-</strong></span> 
     </span>
    </p>
   </div>
   <div class='ocr_carea' id='block_1_97' title="bbox 2111 3650 3689 3724">
    <p class='ocr_par' dir='ltr' id='par_1_97' title="bbox 2111 3650 3689 3724">
     <span class='ocr_line' id='line_1_97' title="bbox 2111 3650 3689 3724; baseline 0.004 -21"><span class='ocrx_word' id='word_1_717' title='bbox 2111 3650 2286 3719; x_wconf 86' lang='lat' dir='ltr'><strong>pibus.</strong></span> <span class='ocrx_word' id='word_1_718' title='bbox 2316 3650 2453 3706; x_wconf 91' lang='lat' dir='ltr'><strong>bene</strong></span> <span class='ocrx_word' id='word_1_719' title='bbox 2491 3651 2714 3707; x_wconf 74' lang='lat' dir='ltr'><strong>allectus</strong></span> <span class='ocrx_word' id='word_1_720' title='bbox 2760 3668 2885 3724; x_wconf 87' lang='lat' dir='ltr'><strong>erga</strong></span> <span class='ocrx_word' id='word_1_721' title='bbox 2924 3654 3226 3720; x_wconf 86' lang='lat' dir='ltr'><strong>Godoliam,</strong></span> <span class='ocrx_word' id='word_1_722' title='bbox 3257 3654 3466 3724; x_wconf 86' lang='lat' dir='ltr'><strong>aufugit</strong></span> <span class='ocrx_word' id='word_1_723' title='bbox 3510 3657 3689 3711; x_wconf 73' lang='lat' dir='ltr'><strong>lsmaci</strong></span> 
     </span>
    </p>
   </div>
   <div class='ocr_carea' id='block_1_98' title="bbox 2110 3744 3683 3817">
    <p class='ocr_par' dir='ltr' id='par_1_98' title="bbox 2110 3744 3683 3817">
     <span class='ocr_line' id='line_1_98' title="bbox 2110 3744 3683 3817; baseline 0.002 -20"><span class='ocrx_word' id='word_1_724' title='bbox 2110 3756 2231 3797; x_wconf 93' lang='lat' dir='ltr'><strong>cum</strong></span> <span class='ocrx_word' id='word_1_725' title='bbox 2262 3751 2383 3798; x_wconf 89' lang='lat' dir='ltr'><strong>octo</strong></span> <span class='ocrx_word' id='word_1_726' title='bbox 2413 3744 2540 3798; x_wconf 88' lang='lat' dir='ltr'><strong>viris</strong></span> <span class='ocrx_word' id='word_1_727' title='bbox 2586 3752 2809 3810; x_wconf 88' lang='lat' dir='ltr'><strong>tantum,</strong></span> <span class='ocrx_word' id='word_1_728' title='bbox 2866 3746 3223 3816; x_wconf 86' lang='lat' dir='ltr'><strong>populumque</strong></span> <span class='ocrx_word' id='word_1_729' title='bbox 3269 3749 3485 3817; x_wconf 84' lang='lat' dir='ltr'><strong>accepit</strong></span> <span class='ocrx_word' id='word_1_730' title='bbox 3536 3748 3683 3803; x_wconf 51' lang='lat' dir='ltr'><strong>Joan.</strong></span> 
     </span>
    </p>
   </div>
   <div class='ocr_carea' id='block_1_99' title="bbox 2110 3833 3683 3907">
    <p class='ocr_par' dir='ltr' id='par_1_99' title="bbox 2110 3833 3683 3907">
     <span class='ocr_line' id='line_1_99' title="bbox 2110 3833 3683 3907; baseline 0.003 -19"><span class='ocrx_word' id='word_1_731' title='bbox 2110 3847 2235 3888; x_wconf 89' lang='lat' dir='ltr'><strong>nan.</strong></span> <span class='ocrx_word' id='word_1_732' title='bbox 2265 3833 2365 3901; x_wconf 84' lang='lat' dir='ltr'><strong>Qui</strong></span> <span class='ocrx_word' id='word_1_733' title='bbox 2408 3842 2657 3903; x_wconf 84' lang='lat' dir='ltr'><strong>precatus</strong></span> <span class='ocrx_word' id='word_1_734' title='bbox 2686 3844 2769 3889; x_wconf 89' lang='lat' dir='ltr'><strong>est</strong></span> <span class='ocrx_word' id='word_1_735' title='bbox 2804 3836 3113 3903; x_wconf 89' lang='lat' dir='ltr'><strong>Jercmiam,</strong></span> <span class='ocrx_word' id='word_1_736' title='bbox 3144 3847 3200 3891; x_wconf 91' lang='lat' dir='ltr'><strong>ut</strong></span> <span class='ocrx_word' id='word_1_737' title='bbox 3241 3853 3336 3906; x_wconf 92' lang='lat' dir='ltr'><strong>pro</strong></span> <span class='ocrx_word' id='word_1_738' title='bbox 3366 3839 3504 3907; x_wconf 79' lang='lat' dir='ltr'><strong>ipsis</strong></span> <span class='ocrx_word' id='word_1_739' title='bbox 3536 3841 3683 3894; x_wconf 84' lang='lat' dir='ltr'><strong>Deum</strong></span> 
     </span>
    </p>
   </div>
   <div class='ocr_carea' id='block_1_100' title="bbox 2108 3925 3679 4001">
    <p class='ocr_par' dir='ltr' id='par_1_100' title="bbox 2108 3925 3679 4001">
     <span class='ocr_line' id='line_1_100' title="bbox 2108 3925 3679 4001; baseline 0.004 -25"><span class='ocrx_word' id='word_1_740' title='bbox 2108 3932 2354 3994; x_wconf 85' lang='lat' dir='ltr'><strong>rogaret;</strong></span> <span class='ocrx_word' id='word_1_741' title='bbox 2386 3939 2508 3979; x_wconf 91' lang='lat' dir='ltr'><strong>cum</strong></span> <span class='ocrx_word' id='word_1_742' title='bbox 2537 3926 2845 3982; x_wconf 87' lang='lat' dir='ltr'><strong>consuleret</strong></span> <span class='ocrx_word' id='word_1_743' title='bbox 2871 3926 2998 3995; x_wconf 92' lang='lat' dir='ltr'><strong>ipsis</strong></span> <span class='ocrx_word' id='word_1_744' title='bbox 3026 3925 3288 3982; x_wconf 84' lang='lat' dir='ltr'><strong>Jeremias</strong></span> <span class='ocrx_word' id='word_1_745' title='bbox 3317 3942 3384 3982; x_wconf 90' lang='lat' dir='ltr'><strong>ne</strong></span> <span class='ocrx_word' id='word_1_746' title='bbox 3432 3928 3491 3982; x_wconf 88' lang='lat' dir='ltr'><strong>in</strong></span> <span class='ocrx_word' id='word_1_747' title='bbox 3534 3930 3679 4001; x_wconf 67' lang='lat' dir='ltr'><strong>Aigy</strong></span> 
     </span>
    </p>
   </div>
   <div class='ocr_carea' id='block_1_101' title="bbox 2107 4017 3681 4088">
    <p class='ocr_par' dir='ltr' id='par_1_101' title="bbox 2107 4017 3681 4088">
     <span class='ocr_line' id='line_1_101' title="bbox 2107 4017 3681 4088; baseline 0.006 -19"><span class='ocrx_word' id='word_1_748' title='bbox 2107 4025 2254 4085; x_wconf 90' lang='lat' dir='ltr'><strong>ptum</strong></span> <span class='ocrx_word' id='word_1_749' title='bbox 2286 4017 2722 4088; x_wconf 85' lang='lat' dir='ltr'><strong>ingrederentur;</strong></span> <span class='ocrx_word' id='word_1_750' title='bbox 2756 4029 2983 4076; x_wconf 88' lang='lat' dir='ltr'><strong>mortem</strong></span> <span class='ocrx_word' id='word_1_751' title='bbox 3033 4021 3178 4075; x_wconf 91' lang='lat' dir='ltr'><strong>enim</strong></span> <span class='ocrx_word' id='word_1_752' title='bbox 3221 4022 3414 4077; x_wconf 77' lang='lat' dir='ltr'><strong>minari</strong></span> <span class='ocrx_word' id='word_1_753' title='bbox 3450 4024 3622 4080; x_wconf 89' lang='lat' dir='ltr'><strong>Deum</strong></span> <span class='ocrx_word' id='word_1_754' title='bbox 3645 4024 3681 4078; x_wconf 82' lang='lat' dir='ltr'><strong>si</strong></span> 
     </span>
    </p>
   </div>
   <div class='ocr_carea' id='block_1_102' title="bbox 2107 4110 3680 4183">
    <p class='ocr_par' dir='ltr' id='par_1_102' title="bbox 2107 4110 3680 4183">
     <span class='ocr_line' id='line_1_102' title="bbox 2107 4110 3680 4183; baseline 0.005 -22"><span class='ocrx_word' id='word_1_755' title='bbox 2107 4122 2174 4162; x_wconf 92' lang='lat' dir='ltr'><strong>eo</strong></span> <span class='ocrx_word' id='word_1_756' title='bbox 2199 4110 2652 4179; x_wconf 88' lang='lat' dir='ltr'><strong>commigrarent:</strong></span> <span class='ocrx_word' id='word_1_757' title='bbox 2688 4110 2737 4164; x_wconf 93' lang='lat' dir='ltr'><strong>id</strong></span> <span class='ocrx_word' id='word_1_758' title='bbox 2766 4112 2843 4166; x_wconf 91' lang='lat' dir='ltr'><strong>eis</strong></span> <span class='ocrx_word' id='word_1_759' title='bbox 2871 4127 2975 4166; x_wconf 90' lang='lat' dir='ltr'><strong>non</strong></span> <span class='ocrx_word' id='word_1_760' title='bbox 3019 4114 3300 4183; x_wconf 88' lang='lat' dir='ltr'><strong>persuasit.</strong></span> <span class='ocrx_word' id='word_1_761' title='bbox 3330 4114 3473 4169; x_wconf 88' lang='lat' dir='ltr'><strong>Cum</strong></span> <span class='ocrx_word' id='word_1_762' title='bbox 3519 4129 3680 4171; x_wconf 76' lang='lat' dir='ltr'><strong>autem</strong></span> 
     </span>
    </p>
   </div>
   <div class='ocr_carea' id='block_1_103' title="bbox 2106 4201 3681 4270">
    <p class='ocr_par' dir='ltr' id='par_1_103' title="bbox 2106 4201 3681 4270">
     <span class='ocr_line' id='line_1_103' title="bbox 2106 4201 3681 4270; baseline 0.007 -18"><span class='ocrx_word' id='word_1_763' title='bbox 2106 4201 2378 4255; x_wconf 87' lang='lat' dir='ltr'><strong>venissent</strong></span> <span class='ocrx_word' id='word_1_764' title='bbox 2407 4202 2456 4254; x_wconf 92' lang='lat' dir='ltr'><strong>in</strong></span> <span class='ocrx_word' id='word_1_765' title='bbox 2486 4201 2758 4270; x_wconf 83' lang='lat' dir='ltr'><strong>Tapbnas,</strong></span> <span class='ocrx_word' id='word_1_766' title='bbox 2782 4202 3087 4258; x_wconf 85' lang='lat' dir='ltr'><strong>cohortatus</strong></span> <span class='ocrx_word' id='word_1_767' title='bbox 3108 4213 3192 4259; x_wconf 90' lang='lat' dir='ltr'><strong>est</strong></span> <span class='ocrx_word' id='word_1_768' title='bbox 3217 4220 3310 4260; x_wconf 91' lang='lat' dir='ltr'><strong>eos</strong></span> <span class='ocrx_word' id='word_1_769' title='bbox 3336 4221 3404 4259; x_wconf 94' lang='lat' dir='ltr'><strong>ne</strong></span> <span class='ocrx_word' id='word_1_770' title='bbox 3429 4207 3577 4262; x_wconf 86' lang='lat' dir='ltr'><strong>idola</strong></span> <span class='ocrx_word' id='word_1_771' title='bbox 3606 4224 3681 4262; x_wconf 64' lang='lat' dir='ltr'><strong>en-</strong></span> 
     </span>
    </p>
   </div>
   <div class='ocr_carea' id='block_1_104' title="bbox 2106 4291 3682 4368">
    <p class='ocr_par' dir='ltr' id='par_1_104' title="bbox 2106 4291 3682 4368">
     <span class='ocr_line' id='line_1_104' title="bbox 2106 4291 3682 4368; baseline 0.004 -23"><span class='ocrx_word' id='word_1_772' title='bbox 2106 4291 2299 4346; x_wconf 90' lang='lat' dir='ltr'><strong>lerent.</strong></span> <span class='ocrx_word' id='word_1_773' title='bbox 2340 4292 2834 4348; x_wconf 85' lang='lat' dir='ltr'><strong>Contradicentibus</strong></span> <span class='ocrx_word' id='word_1_774' title='bbox 2857 4295 2961 4349; x_wconf 91' lang='lat' dir='ltr'><strong>illis</strong></span> <span class='ocrx_word' id='word_1_775' title='bbox 2991 4297 3361 4365; x_wconf 63' lang='lat' dir='ltr'><strong>pra-nuntiavit</strong></span> <span class='ocrx_word' id='word_1_776' title='bbox 3397 4302 3682 4368; x_wconf 82' lang='lat' dir='ltr'><strong>perniciem</strong></span> 
     </span>
    </p>
   </div>
   <div class='ocr_carea' id='block_1_105' title="bbox 2105 4385 3681 4462">
    <p class='ocr_par' dir='ltr' id='par_1_105' title="bbox 2105 4385 3681 4462">
     <span class='ocr_line' id='line_1_105' title="bbox 2105 4385 3681 4462; baseline 0.006 -25"><span class='ocrx_word' id='word_1_777' title='bbox 2105 4399 2373 4454; x_wconf 88' lang='lat' dir='ltr'><strong>magnam,</strong></span> <span class='ocrx_word' id='word_1_778' title='bbox 2401 4395 2451 4440; x_wconf 91' lang='lat' dir='ltr'><strong>et</strong></span> <span class='ocrx_word' id='word_1_779' title='bbox 2483 4385 2593 4455; x_wconf 85' lang='lat' dir='ltr'><strong>regi</strong></span> <span class='ocrx_word' id='word_1_780' title='bbox 2613 4385 2983 4457; x_wconf 65' lang='lat' dir='ltr'><strong>Egyptiorttm</strong></span> <span class='ocrx_word' id='word_1_781' title='bbox 3011 4389 3297 4457; x_wconf 91' lang='lat' dir='ltr'><strong>perniciem</strong></span> <span class='ocrx_word' id='word_1_782' title='bbox 3318 4388 3543 4462; x_wconf 69' lang='lat' dir='ltr'><strong>Egypti</strong></span> <span class='ocrx_word' id='word_1_783' title='bbox 3568 4408 3681 4462; x_wconf 64' lang='lat' dir='ltr'><strong>pre-</strong></span> 
     </span>
    </p>
   </div>
   <div class='ocr_carea' id='block_1_106' title="bbox 2105 4473 3683 4547">
    <p class='ocr_par' dir='ltr' id='par_1_106' title="bbox 2105 4473 3683 4547">
     <span class='ocr_line' id='line_1_106' title="bbox 2105 4473 3683 4547; baseline 0.005 -18"><span class='ocrx_word' id='word_1_784' title='bbox 2105 4473 2253 4539; x_wconf 86' lang='lat' dir='ltr'><strong>dicit,</strong></span> <span class='ocrx_word' id='word_1_785' title='bbox 2290 4490 2494 4530; x_wconf 89' lang='lat' dir='ltr'><strong>necnon</strong></span> <span class='ocrx_word' id='word_1_786' title='bbox 2532 4478 2968 4547; x_wconf 87' lang='lat' dir='ltr'><strong>alienigenarum,</strong></span> <span class='ocrx_word' id='word_1_787' title='bbox 2999 4479 3126 4534; x_wconf 91' lang='lat' dir='ltr'><strong>item</strong></span> <span class='ocrx_word' id='word_1_788' title='bbox 3158 4479 3533 4547; x_wconf 80' lang='lat' dir='ltr'><strong>Moabitarum,</strong></span> <span class='ocrx_word' id='word_1_789' title='bbox 3570 4486 3683 4537; x_wconf 79' lang='lat' dir='ltr'><strong>Am-</strong></span> 
     </span>
    </p>
   </div>
   <div class='ocr_carea' id='block_1_107' title="bbox 2104 4569 3679 4641">
    <p class='ocr_par' dir='ltr' id='par_1_107' title="bbox 2104 4569 3679 4641">
     <span class='ocr_line' id='line_1_107' title="bbox 2104 4569 3679 4641; baseline 0.004 -20"><span class='ocrx_word' id='word_1_790' title='bbox 2104 4569 2445 4634; x_wconf 86' lang='lat' dir='ltr'><strong>manitarum,</strong></span> <span class='ocrx_word' id='word_1_791' title='bbox 2482 4570 2855 4637; x_wconf 73' lang='lat' dir='ltr'><strong>ldummorum,</strong></span> <span class='ocrx_word' id='word_1_792' title='bbox 2889 4570 3151 4639; x_wconf 86' lang='lat' dir='ltr'><strong>Damasci,</strong></span> <span class='ocrx_word' id='word_1_793' title='bbox 3193 4583 3247 4628; x_wconf 91' lang='lat' dir='ltr'><strong>et</strong></span> <span class='ocrx_word' id='word_1_794' title='bbox 3277 4574 3454 4641; x_wconf 84' lang='lat' dir='ltr'><strong>Elam,</strong></span> <span class='ocrx_word' id='word_1_795' title='bbox 3505 4578 3679 4631; x_wconf 83' lang='lat' dir='ltr'><strong>etiam-</strong></span> 
     </span>
    </p>
   </div>
   <div class='ocr_carea' id='block_1_108' title="bbox 2104 4660 3679 4738">
    <p class='ocr_par' dir='ltr' id='par_1_108' title="bbox 2104 4660 3679 4738">
     <span class='ocr_line' id='line_1_108' title="bbox 2104 4660 3679 4738; baseline 0.006 -26"><span class='ocrx_word' id='word_1_796' title='bbox 2104 4676 2209 4731; x_wconf 91' lang='lat' dir='ltr'><strong>que</strong></span> <span class='ocrx_word' id='word_1_797' title='bbox 2234 4660 2539 4732; x_wconf 87' lang='lat' dir='ltr'><strong>Babylonis,</strong></span> <span class='ocrx_word' id='word_1_798' title='bbox 2569 4662 2905 4732; x_wconf 88' lang='lat' dir='ltr'><strong>reditumque</strong></span> <span class='ocrx_word' id='word_1_799' title='bbox 2949 4663 3070 4719; x_wconf 88' lang='lat' dir='ltr'><strong>inde</strong></span> <span class='ocrx_word' id='word_1_800' title='bbox 3094 4664 3395 4721; x_wconf 66' lang='lat' dir='ltr'><strong>Judaeorum</strong></span> <span class='ocrx_word' id='word_1_801' title='bbox 3443 4683 3679 4738; x_wconf 45' lang='lat' dir='ltr'><strong>prtum,</strong></span> 
     </span>
    </p>
   </div>
   <div class='ocr_carea' id='block_1_109' title="bbox 2107 4753 3681 4836">
    <p class='ocr_par' dir='ltr' id='par_1_109' title="bbox 2107 4753 3681 4836">
     <span class='ocr_line' id='line_1_109' title="bbox 2107 4753 3681 4836; baseline 0.007 -29"><span class='ocrx_word' id='word_1_802' title='bbox 2107 4753 2218 4807; x_wconf 88' lang='lat' dir='ltr'><strong>liat.</strong></span> <span class='ocrx_word' id='word_1_803' title='bbox 2250 4754 2529 4821; x_wconf 89' lang='lat' dir='ltr'><strong>Quomodo</strong></span> <span class='ocrx_word' id='word_1_804' title='bbox 2558 4756 2732 4810; x_wconf 85' lang='lat' dir='ltr'><strong>excisa</strong></span> <span class='ocrx_word' id='word_1_805' title='bbox 2781 4757 2850 4810; x_wconf 91' lang='lat' dir='ltr'><strong>sit</strong></span> <span class='ocrx_word' id='word_1_806' title='bbox 2894 4755 3187 4812; x_wconf 86' lang='lat' dir='ltr'><strong>Jerusalem</strong></span> <span class='ocrx_word' id='word_1_807' title='bbox 3232 4767 3435 4836; x_wconf 56' lang='lat' dir='ltr'><strong>narrat,</strong></span> <span class='ocrx_word' id='word_1_808' title='bbox 3485 4776 3681 4818; x_wconf 84' lang='lat' dir='ltr'><strong>necnon</strong></span> 
     </span>
    </p>
   </div>
   <div class='ocr_carea' id='block_1_110' title="bbox 2103 4845 3671 4921">
    <p class='ocr_par' dir='ltr' id='par_1_110' title="bbox 2103 4845 3671 4921">
     <span class='ocr_line' id='line_1_110' title="bbox 2103 4845 3671 4921; baseline 0.005 -24"><span class='ocrx_word' id='word_1_809' title='bbox 2103 4845 2371 4916; x_wconf 89' lang='lat' dir='ltr'><strong>quomodo</strong></span> <span class='ocrx_word' id='word_1_810' title='bbox 2400 4860 2465 4899; x_wconf 81' lang='lat' dir='ltr'><strong>ex</strong></span> <span class='ocrx_word' id='word_1_811' title='bbox 2495 4845 2704 4915; x_wconf 90' lang='lat' dir='ltr'><strong>dejecto</strong></span> <span class='ocrx_word' id='word_1_812' title='bbox 2733 4857 2873 4902; x_wconf 87' lang='lat' dir='ltr'><strong>statu</strong></span> <span class='ocrx_word' id='word_1_813' title='bbox 2902 4849 2954 4902; x_wconf 93' lang='lat' dir='ltr'><strong>in</strong></span> <span class='ocrx_word' id='word_1_814' title='bbox 2982 4847 3240 4905; x_wconf 88' lang='lat' dir='ltr'><strong>honorem</strong></span> <span class='ocrx_word' id='word_1_815' title='bbox 3269 4860 3564 4921; x_wconf 81' lang='lat' dir='ltr'><strong>provectus</strong></span> <span class='ocrx_word' id='word_1_816' title='bbox 3586 4853 3671 4905; x_wconf 68' lang='lat' dir='ltr'><strong>fue-</strong></span> 
     </span>
    </p>
   </div>
   <div class='ocr_carea' id='block_1_111' title="bbox 2103 4937 3681 5008">
    <p class='ocr_par' dir='ltr' id='par_1_111' title="bbox 2103 4937 3681 5008">
     <span class='ocr_line' id='line_1_111' title="bbox 2103 4937 3681 5008; baseline 0.002 -14"><span class='ocrx_word' id='word_1_817' title='bbox 2103 4940 2169 4994; x_wconf 88' lang='lat' dir='ltr'><strong>rit</strong></span> <span class='ocrx_word' id='word_1_818' title='bbox 2201 4937 2463 5004; x_wconf 85' lang='lat' dir='ltr'><strong>Joachim,</strong></span> <span class='ocrx_word' id='word_1_819' title='bbox 2495 4940 2584 5007; x_wconf 91' lang='lat' dir='ltr'><strong>qui</strong></span> <span class='ocrx_word' id='word_1_820' title='bbox 2614 4948 2805 5008; x_wconf 89' lang='lat' dir='ltr'><strong>sponte</strong></span> <span class='ocrx_word' id='word_1_821' title='bbox 2832 4955 2891 4996; x_wconf 92' lang='lat' dir='ltr'><strong>se</strong></span> <span class='ocrx_word' id='word_1_822' title='bbox 2915 4955 3037 4996; x_wconf 89' lang='lat' dir='ltr'><strong>cum</strong></span> <span class='ocrx_word' id='word_1_823' title='bbox 3083 4952 3253 4998; x_wconf 85' lang='lat' dir='ltr'><strong>matre</strong></span> <span class='ocrx_word' id='word_1_824' title='bbox 3292 4957 3387 4997; x_wconf 84' lang='lat' dir='ltr'><strong>sua</strong></span> <span class='ocrx_word' id='word_1_825' title='bbox 3409 4942 3681 5001; x_wconf 77' lang='lat' dir='ltr'><strong>dediderat</strong></span> 
     </span>
    </p>
   </div>
   <div class='ocr_carea' id='block_1_112' title="bbox 2101 5027 2629 5084">
    <p class='ocr_par' dir='ltr' id='par_1_112' title="bbox 2101 5027 2629 5084">
     <span class='ocr_line' id='line_1_112' title="bbox 2101 5027 2629 5084; baseline 0 -2"><span class='ocrx_word' id='word_1_826' title='bbox 2101 5027 2629 5084; x_wconf 85' lang='lat' dir='ltr'><strong>Nabuchodonosori.</strong></span> 
     </span>
    </p>
   </div>
   <div class='ocr_carea' id='block_1_113' title="bbox 3696 418 3706 1343">
    <p class='ocr_par' dir='ltr' id='par_1_113' title="bbox 3696 418 3701 1165">
     <span class='ocr_line' id='line_1_113' title="bbox 3696 418 3701 469; baseline 0 0"><span class='ocrx_word' id='word_1_827' title='bbox 3696 418 3701 469; x_wconf 97' lang='grc'><strong>1</strong></span> 
     </span>
     <span class='ocr_line' id='line_1_114' title="bbox 3700 606 3701 655; baseline 0 0"><span class='ocrx_word' id='word_1_828' title='bbox 3700 606 3701 655; x_wconf 97' lang='grc'><strong>1</strong></span> 
     </span>
     <span class='ocr_line' id='line_1_115' title="bbox 3700 692 3701 733; baseline 0 0"><span class='ocrx_word' id='word_1_829' title='bbox 3700 692 3701 733; x_wconf 97' lang='grc'><strong>1</strong></span> 
     </span>
     <span class='ocr_line' id='line_1_116' title="bbox 3696 762 3701 829; baseline 0 -10"><span class='ocrx_word' id='word_1_830' title='bbox 3696 762 3701 829; x_wconf 84' lang='grc'><strong>1</strong></span> 
     </span>
     <span class='ocr_line' id='line_1_117' title="bbox 3696 840 3701 905; baseline 0 0"><span class='ocrx_word' id='word_1_831' title='bbox 3696 840 3701 905; x_wconf 92' lang='grc'><strong>1</strong></span> 
     </span>
     <span class='ocr_line' id='line_1_118' title="bbox 3696 942 3701 1015; baseline 0 0"><span class='ocrx_word' id='word_1_832' title='bbox 3696 942 3701 1015; x_wconf 93' lang='grc'><strong>1</strong></span> 
     </span>
     <span class='ocr_line' id='line_1_119' title="bbox 3696 1024 3701 1081; baseline 0 0"><span class='ocrx_word' id='word_1_833' title='bbox 3696 1024 3701 1081; x_wconf 82' lang='grc'><strong>1</strong></span> 
     </span>
     <span class='ocr_line' id='line_1_120' title="bbox 3700 1136 3701 1165; baseline 0 0"><span class='ocrx_word' id='word_1_834' title='bbox 3700 1136 3701 1165; x_wconf 97' lang='grc'><strong>1</strong></span> 
     </span>
    </p>
   </div>
   <div class='ocr_carea' id='block_1_114' title="bbox 3694 1499 3708 2489">
    <p class='ocr_par' dir='ltr' id='par_1_114' title="bbox 3694 1499 3701 2489">
     <span class='ocr_line' id='line_1_121' title="bbox 3694 1499 3701 1601; baseline 0 -78"><span class='ocrx_word' id='word_1_835' title='bbox 3694 1499 3701 1601; x_wconf 42' lang='lat'>1</span> 
     </span>
     <span class='ocr_line' id='line_1_122' title="bbox 3694 1636 3701 1783; baseline 0 -6"><span class='ocrx_word' id='word_1_836' title='bbox 3694 1636 3701 1783; x_wconf 87' lang='grc'><strong>1</strong></span> 
     </span>
     <span class='ocr_line' id='line_1_123' title="bbox 3694 1796 3701 1885; baseline 0 0"><span class='ocrx_word' id='word_1_837' title='bbox 3694 1796 3701 1885; x_wconf 93' lang='grc'><strong>1</strong></span> 
     </span>
     <span class='ocr_line' id='line_1_124' title="bbox 3694 1888 3701 1971; baseline 0 0"><span class='ocrx_word' id='word_1_838' title='bbox 3694 1888 3701 1971; x_wconf 87' lang='grc'><strong>1</strong></span> 
     </span>
     <span class='ocr_line' id='line_1_125' title="bbox 3694 1998 3701 2087; baseline 0 0"><span class='ocrx_word' id='word_1_839' title='bbox 3694 1998 3701 2087; x_wconf 77' lang='grc'><strong>1</strong></span> 
     </span>
     <span class='ocr_line' id='line_1_126' title="bbox 3694 2092 3701 2141; baseline 0 -6"><span class='ocrx_word' id='word_1_840' title='bbox 3694 2092 3701 2141; x_wconf 91' lang='grc'><strong>1</strong></span> 
     </span>
     <span class='ocr_line' id='line_1_127' title="bbox 3694 2276 3701 2333; baseline 0.857 -5"><span class='ocrx_word' id='word_1_841' title='bbox 3694 2276 3701 2333; x_wconf 88' lang='grc'><strong>1</strong></span> 
     </span>
     <span class='ocr_line' id='line_1_128' title="bbox 3699 2346 3701 2393; baseline 0 0"><span class='ocrx_word' id='word_1_842' title='bbox 3699 2346 3701 2393; x_wconf 93' lang='grc'><strong>1</strong></span> 
     </span>
     <span class='ocr_line' id='line_1_129' title="bbox 3699 2442 3701 2489; baseline 0 0"><span class='ocrx_word' id='word_1_843' title='bbox 3699 2442 3701 2489; x_wconf 93' lang='grc'><strong>1</strong></span> 
     </span>
    </p>
   </div>
   <div class='ocr_carea' id='block_1_115' title="bbox 2160 5177 3661 5228">
    <p class='ocr_par' dir='ltr' id='par_1_115' title="bbox 2160 5177 3661 5228">
     <span class='ocr_line' id='line_1_130' title="bbox 2160 5177 3661 5228; baseline 0.001 -9"><span class='ocrx_word' id='word_1_844' title='bbox 2160 5177 2397 5220; x_wconf 76' lang='lat' dir='ltr'><strong>SYNOPSlS</strong></span> <span class='ocrx_word' id='word_1_845' title='bbox 2432 5178 2613 5220; x_wconf 69' lang='lat' dir='ltr'><strong>EOBUK</strong></span> <span class='ocrx_word' id='word_1_846' title='bbox 2644 5178 2759 5228; x_wconf 67' lang='grc' dir='ltr'><strong>ΩΙ]ᾶὲ</strong></span> <span class='ocrx_word' id='word_1_847' title='bbox 2787 5181 2852 5220; x_wconf 84' lang='grc' dir='ltr'><strong>ΔΒ</strong></span> <span class='ocrx_word' id='word_1_848' title='bbox 2882 5181 3170 5223; x_wconf 75' lang='lat' dir='ltr'><strong>EZECHIELB</strong></span> <span class='ocrx_word' id='word_1_849' title='bbox 3196 5184 3477 5225; x_wconf 67' lang='grc' dir='ltr'><strong>ΡΒΟΡΠΕΤΔ</strong></span> <span class='ocrx_word' id='word_1_850' title='bbox 3504 5187 3611 5226; x_wconf 76' lang='grc' dir='ltr'><strong>Ι)ιεῖ</strong></span> <span class='ocrx_word' id='word_1_851' title='bbox 3634 5186 3661 5221; x_wconf 78' lang='grc' dir='ltr'><strong>Δ</strong></span> 
     </span>
    </p>
   </div>
   <div class='ocr_carea' id='block_1_116' title="bbox 2804 5270 2967 5313">
    <p class='ocr_par' dir='ltr' id='par_1_116' title="bbox 2804 5270 2967 5313">
     <span class='ocr_line' id='line_1_131' title="bbox 2804 5270 2967 5313; baseline -0.006 -1"><span class='ocrx_word' id='word_1_852' title='bbox 2804 5270 2967 5313; x_wconf 66' lang='grc' dir='ltr'><strong>ΒυΝτ.</strong></span> 
     </span>
    </p>
   </div>
   <div class='ocr_carea' id='block_1_117' title="bbox 2180 5394 3669 5467">
    <p class='ocr_par' dir='ltr' id='par_1_117' title="bbox 2180 5394 3669 5467">
     <span class='ocr_line' id='line_1_132' title="bbox 2180 5394 3669 5467; baseline -0.004 -16"><span class='ocrx_word' id='word_1_853' title='bbox 2180 5395 2338 5451; x_wconf 82' lang='lat' dir='ltr'><strong>Videt</strong></span> <span class='ocrx_word' id='word_1_854' title='bbox 2366 5394 2628 5467; x_wconf 88' lang='lat' dir='ltr'><strong>propheta</strong></span> <span class='ocrx_word' id='word_1_855' title='bbox 2653 5394 2915 5451; x_wconf 90' lang='lat' dir='ltr'><strong>visionem</strong></span> <span class='ocrx_word' id='word_1_856' title='bbox 2945 5395 3372 5451; x_wconf 87' lang='lat' dir='ltr'><strong>Cherubinorum</strong></span> <span class='ocrx_word' id='word_1_857' title='bbox 3397 5436 3413 5460; x_wconf 93' lang='lat'><strong>,</strong></span> <span class='ocrx_word' id='word_1_858' title='bbox 3439 5394 3669 5463; x_wconf 71' lang='lat' dir='ltr'><strong>iubetur-</strong></span> 
     </span>
    </p>
   </div>
   <div class='ocr_carea' id='block_1_118' title="bbox 2105 5487 3677 5561">
    <p class='ocr_par' dir='ltr' id='par_1_118' title="bbox 2105 5487 3677 5561">
     <span class='ocr_line' id='line_1_133' title="bbox 2105 5487 3677 5561; baseline -0.005 -15"><span class='ocrx_word' id='word_1_859' title='bbox 2105 5506 2209 5561; x_wconf 90' lang='lat' dir='ltr'><strong>que</strong></span> <span class='ocrx_word' id='word_1_860' title='bbox 2252 5506 2282 5545; x_wconf 91' lang='lat' dir='ltr'><strong>a</strong></span> <span class='ocrx_word' id='word_1_861' title='bbox 2315 5490 2428 5545; x_wconf 94' lang='lat' dir='ltr'><strong>Deo</strong></span> <span class='ocrx_word' id='word_1_862' title='bbox 2473 5489 2729 5545; x_wconf 88' lang='lat' dir='ltr'><strong>lsraelitis</strong></span> <span class='ocrx_word' id='word_1_863' title='bbox 2763 5490 2930 5560; x_wconf 90' lang='lat' dir='ltr'><strong>loqui.</strong></span> <span class='ocrx_word' id='word_1_864' title='bbox 2979 5491 3296 5561; x_wconf 90' lang='lat' dir='ltr'><strong>Deportatur</strong></span> <span class='ocrx_word' id='word_1_865' title='bbox 3329 5504 3359 5543; x_wconf 88' lang='lat' dir='ltr'><strong>a</strong></span> <span class='ocrx_word' id='word_1_866' title='bbox 3404 5487 3603 5557; x_wconf 82' lang='lat' dir='ltr'><strong>Spiritu</strong></span> <span class='ocrx_word' id='word_1_867' title='bbox 3634 5488 3677 5537; x_wconf 83' lang='lat' dir='ltr'><strong>in</strong></span> 
     </span>
    </p>
   </div>
   <div class='ocr_carea' id='block_1_119' title="bbox 2109 5580 3676 5653">
    <p class='ocr_par' dir='ltr' id='par_1_119' title="bbox 2109 5580 3676 5653">
     <span class='ocr_line' id='line_1_134' title="bbox 2109 5580 3676 5653; baseline -0.006 -14"><span class='ocrx_word' id='word_1_868' title='bbox 2109 5583 2472 5653; x_wconf 79' lang='lat' dir='ltr'><strong>captivitatem</strong></span> <span class='ocrx_word' id='word_1_869' title='bbox 2508 5601 2521 5637; x_wconf 97' lang='lat'><strong>:</strong></span> <span class='ocrx_word' id='word_1_870' title='bbox 2553 5584 2922 5653; x_wconf 87' lang='lat' dir='ltr'><strong>excitaturque</strong></span> <span class='ocrx_word' id='word_1_871' title='bbox 2951 5597 2981 5637; x_wconf 90' lang='lat' dir='ltr'><strong>a</strong></span> <span class='ocrx_word' id='word_1_872' title='bbox 3018 5583 3149 5649; x_wconf 90' lang='lat' dir='ltr'><strong>Deo,</strong></span> <span class='ocrx_word' id='word_1_873' title='bbox 3180 5591 3238 5637; x_wconf 90' lang='lat' dir='ltr'><strong>ut</strong></span> <span class='ocrx_word' id='word_1_874' title='bbox 3258 5597 3382 5637; x_wconf 90' lang='lat' dir='ltr'><strong>cum</strong></span> <span class='ocrx_word' id='word_1_875' title='bbox 3412 5580 3603 5634; x_wconf 83' lang='lat' dir='ltr'><strong>ﬁducia</strong></span> <span class='ocrx_word' id='word_1_876' title='bbox 3631 5588 3676 5631; x_wconf 82' lang='lat' dir='ltr'><strong>et</strong></span> 
     </span>
    </p>
   </div>
   <div class='ocr_carea' id='block_1_120' title="bbox 2108 5669 3675 5746">
    <p class='ocr_par' dir='ltr' id='par_1_120' title="bbox 2108 5669 3675 5746">
     <span class='ocr_line' id='line_1_135' title="bbox 2108 5669 3675 5746; baseline -0.004 -15"><span class='ocrx_word' id='word_1_877' title='bbox 2108 5676 2330 5746; x_wconf 87' lang='lat' dir='ltr'><strong>impigre</strong></span> <span class='ocrx_word' id='word_1_878' title='bbox 2356 5685 2467 5729; x_wconf 91' lang='lat' dir='ltr'><strong>tum</strong></span> <span class='ocrx_word' id='word_1_879' title='bbox 2508 5673 2703 5744; x_wconf 91' lang='lat' dir='ltr'><strong>iniquis</strong></span> <span class='ocrx_word' id='word_1_880' title='bbox 2729 5684 2839 5728; x_wconf 89' lang='lat' dir='ltr'><strong>tum</strong></span> <span class='ocrx_word' id='word_1_881' title='bbox 2860 5674 3019 5742; x_wconf 88' lang='lat' dir='ltr'><strong>justis</strong></span> <span class='ocrx_word' id='word_1_882' title='bbox 3038 5674 3179 5728; x_wconf 89' lang='lat' dir='ltr'><strong>viam</strong></span> <span class='ocrx_word' id='word_1_883' title='bbox 3203 5674 3269 5727; x_wconf 88' lang='lat' dir='ltr'><strong>ad</strong></span> <span class='ocrx_word' id='word_1_884' title='bbox 3299 5672 3464 5726; x_wconf 87' lang='lat' dir='ltr'><strong>vitam</strong></span> <span class='ocrx_word' id='word_1_885' title='bbox 3490 5669 3675 5725; x_wconf 82' lang='lat' dir='ltr'><strong>ducen-</strong></span> 
     </span>
    </p>
   </div>
   <div class='ocr_carea' id='block_1_121' title="bbox 2110 5762 3677 5834">
    <p class='ocr_par' dir='ltr' id='par_1_121' title="bbox 2110 5762 3677 5834">
     <span class='ocr_line' id='line_1_136' title="bbox 2110 5762 3677 5834; baseline -0.004 -10"><span class='ocrx_word' id='word_1_886' title='bbox 2110 5779 2213 5826; x_wconf 84' lang='lat' dir='ltr'><strong>tem</strong></span> <span class='ocrx_word' id='word_1_887' title='bbox 2245 5769 2542 5834; x_wconf 87' lang='lat' dir='ltr'><strong>annuutiet,</strong></span> <span class='ocrx_word' id='word_1_888' title='bbox 2570 5776 2623 5824; x_wconf 91' lang='lat' dir='ltr'><strong>et</strong></span> <span class='ocrx_word' id='word_1_889' title='bbox 2648 5766 2742 5822; x_wconf 89' lang='lat' dir='ltr'><strong>Dei</strong></span> <span class='ocrx_word' id='word_1_890' title='bbox 2770 5765 3016 5821; x_wconf 87' lang='lat' dir='ltr'><strong>mandata</strong></span> <span class='ocrx_word' id='word_1_891' title='bbox 3036 5765 3285 5822; x_wconf 85' lang='lat' dir='ltr'><strong>declaret.</strong></span> <span class='ocrx_word' id='word_1_892' title='bbox 3317 5762 3545 5820; x_wconf 84' lang='lat' dir='ltr'><strong>Jubetur</strong></span> <span class='ocrx_word' id='word_1_893' title='bbox 3570 5769 3677 5817; x_wconf 75' lang='lat' dir='ltr'><strong>sese</strong></span> 
     </span>
    </p>
   </div>
  </div>
