3722 6274
18 257 125 315 39

17 373 209 443 ζυρίῳ
265 371 426 444 ήμῶν
469 368 645 442 Ἰησοῦ
701 368 942 441 Χριστῷ,
978 371 1129 424 αὐτοὶ
1177 373 1387 434 ἑαυτοῖς
1443 370 1604 424 αἴτιοι

18 462 271 529 γένοντο
298 460 413 513 τῶν
439 459 722 530 παρόντων
748 458 954 512 κακῶν.
987 459 1097 530 Τὴν
1121 460 1237 512 κατ’
1262 457 1427 511 αὑτοῦ
1460 474 1606 524 γινο-

18 550 184 619 ἑνην
209 548 510 619 ἐπιϐουλὴν
534 547 637 600 ὑπὸ
669 545 935 600 Ἰουδαίων
956 546 985 597 6
1015 546 1298 616 προφήτης
1325 544 1599 615 προλέγει,

18 640 89 690 ειί
125 637 469 707 κατεύχεται
497 635 698 698 αὐτῶν,
728 636 809 687 ὃτι
840 633 1050 705 πονηρά
1076 634 1197 686 ἀντὶ
1221 631 1439 701 ἀγαθῶν
1467 633 1603 686 ἀπο-

18 724 307 778 εδώκασι.
362 720 655 775 Κελεύεται
696 722 725 773 6
768 720 1033 790 Ἱερεμίας
1084 720 1231 791 βικὸν
1281 719 1601 790 όστράκινον

18 811 217 875 ιόὼν,
254 811 351 865 καὶ
382 808 892 881 διαμαρτυράμενος
919 807 986 861 τά
1010 805 1156 861 κακά
1182 806 1276 860 τοῦ
1303 806 1454 871 λαοῦ,
1483 824 1601 860 συν-

18 901 201 969 ρῖψαι
240 900 337 953 τὸν
366 899 517 970 βικὸν
547 899 667 951 κατ’
700 896 1010 966 ὀφθαλμοὺς
1032 894 1230 959 αὐτῶν,
1264 896 1358 948 καῖ
1386 896 1560 949 εἰπεῖν
1580 912 1594 926 ·

18 988 162 1042 ὖτω
228 986 648 1058 συντριϐήσεται
717 982 1091 1054 Ἰερουσαλήμ.
1144 983 1253 1034 Κα)⁸
1308 982 1600 1053 ἐμϐληθεὶς

18 1075 101 1125 2:6
136 1074 249 1127 τοῦ
282 1072 521 1143 Πασχὼρ
544 1073 625 1134 είς
651 1070 741 1123 τὸν
763 1070 1134 1141 καταράκτην,
1164 1068 1493 1143 προφητεύει
1521 1069 1599 1140 τῷ

18 1159 257 1231 ἀσχὼρ
284 1161 356 1214 τά
386 1158 709 1229 ἐκδεξόμενα
746 1156 894 1227 αὐτῷ
922 1156 1065 1210 κακά
1094 1167 1141 1210 ει.
1170 1154 1303 1210 Εῐτα
1343 1156 1598 1227 ἀσχάλλει

17 1251 82 1301 πὶ
132 1251 265 1311 τοῖς
317 1245 661 1317 διασύρουσιν
702 1243 884 1308 αὑτὸν,
918 1244 1012 1297 καὶ
1051 1243 1369 1314 κατεύχεται
1398 1243 1593 1309 αὐτῶν,

18 1341 85 1391 αἱ
122 1338 449 1408 καταρᾶται
479 1338 545 1406 τῇ
573 1333 758 1406 ἡμέρᾳ
804 1334 871 1404 τῇ
916 1333 1131 1386 ἑαυτοῦ.
1170 1334 1383 1404 Πέμπει
1437 1332 1595 1386 Σεδε-

18 1427 125 1488 ίας
153 1428 187 1477 6
222 1423 483 1494 βασιλεὺς
509 1422 700 1492 μαθεῖν
726 1420 875 1491 παρά
914 1419 1199 1489 Ἱερεμίου,
1226 1422 1274 1472 εί
1298 1419 1595 1473 ἀπελεύσε-

18 1532 77 1566 αι
120 1512 231 1566 ἀπ’
283 1510 450 1565 αὑτοῦ
499 1507 985 1578 Ναϐουχοδονόσορ.
1029 1507 1087 1560 '0
1135 1506 1193 1559 δέ
1223 1523 1406 1578 φησιν,
1455 1507 1535 1561 ὅτι
1566 1508 1596 1560 6

18 1603 132 1666 ἐὸς
164 1601 478 1671 πολεμήσει
518 1599 645 1660 τοὺς
683 1596 984 1659 Ἰουδαίους,
1016 1596 1108 1649 καὶ
1130 1596 1221 1649 τὸν
1243 1595 1465 1666 βασιλέα
1495 1597 1594 1648 Σε-

18 1692 213 1744 εκίαν.
248 1690 313 1742 Et
347 1686 405 1740 66
439 1684 679 1757 βούλοιτο
709 1686 738 1737 6
772 1683 898 1746 λαὸς
928 1683 1068 1736 ἐκὼν
1101 1684 1490 1754 προσχωρῆσαι
1517 1682 1594 1755 τῷ

18 1776 507 1848 ίαὸουχοδονόσορ,
543 1770 885 1843 σωθήσεσθαι
914 1770 1095 1836 αὐτὸν,
1125 1770 1334 1824 καὶτὸν
1372 1770 1595 1841 βασιλέα

18 1870 39 1920 6
70 1868 191 1920 οὐκ
238 1861 582 1924 ἀπολεῖσθαι,
628 1861 676 1913 εί
712 1860 812 1930 τῆς
857 1858 1064 1921 οίκείας
1103 1858 1344 1922 ἀποστάς
1373 1860 1591 1925 κακίας,

18 1959 104 2020 οἷς
134 1952 246 2007 τοῦ
288 1950 429 2005 Θεοῦ
468 1947 848 2021 προστάγμασι
890 1945 1177 2016 προσέχειν
1216 1945 1408 2001 ἐθέλοι.
1436 1946 1593 2002 Κατὰ

18 2046 83 2099 οῦ
139 2042 417 2112 Ἰωακεὶμ
460 2040 554 2093 καὶ
594 2037 689 2091 τοῦ
728 2034 997 2107 Ἰεχονίου,
1030 2036 1124 2089 καὶ
1155 2034 1296 2089 κατὰ
1324 2035 1430 2091 τῶν
1475 2054 1594 2091 ποι·

18 2134 185 2187 ,ένων
215 2132 303 2195 εἰς
326 2129 417 2183 τὸν
444 2127 649 2198 Κύριον
681 2122 1005 2194 προφητεία,
1036 2122 1131 2176 καὶ
1158 2122 1265 2177 τῶν
1289 2122 1587 2197 ψευδοπρο-

18 2220 193 2293 .ητῶν
223 2214 553 2288 κατηγορία.
580 2211 805 2282 Χρηστά
828 2208 905 2280 τῷ
940 2209 1112 2281 Ἰούδᾳ
1136 2211 1485 2282 προφητεύει.
1502 2212 1593 2284 Τῷ

18 2311 41 2362 6
76 2304 483 2374 ὑπολειφθέντι
528 2299 643 2371 λαῷ
686 2301 743 2352 ὲν
779 2296 1132 2369 Ἰερουσαλὴμ
1171 2296 1308 2369 μετὰ
1342 2298 1591 2352 Σεδεκίου

18 2398 75 2449 ιά
136 2395 245 2448 τοῦ
289 2389 688 2460 ὑποδείγματος
735 2385 842 2439 τῶν
888 2384 1066 2439 συκῶν
1114 2384 1443 2456 προφητεύει
1496 2384 1592 2439 τοῦ

17 2479 484 2552 ἶαϐουχοδονόσορ
497 2476 596 2546 τὴν
617 2474 821 2537 ἄνοδον,
839 2472 932 2526 καὶ
952 2473 1167 2527 πάντων
1186 2472 1294 2527 τῶν
1313 2472 1481 2527 ἐθνῶν
1495 2471 1592 2545 τὴν

18 2574 290 2627 ηπώλειαν
335 2567 424 2623 διά
449 2566 541 2621 τοῦ
589 2563 850 2636 ποτηρίου
890 2562 1079 2616 τούτου
1123 2562 1319 2627 δηλῶν.
1352 2564 1593 2633 Προαγο-

18 2663 150 2717 ηεύει
180 2658 348 2735 [585]
374 2655 647 2711 ἀπώλειαν
671 2653 773 2723 τῆς
812 2651 1186 2723 Ἱερουσαλήμ.
1218 2652 1328 2705 Καὶ
1363 2652 1595 2722 συλλαμ-

18 2754 234 2805 ὶάνεται
286 2747 383 2799 ἐπὶ
409 2743 623 2813 θανάτῳ
658 2740 929 2813 Ἱερεμίας
967 2738 1070 2793 ὑπὸ
1108 2739 1215 2792 τῶν
1244 2739 1453 2812 ἱερέων,
1499 2740 1593 2794 καὶ

19 2839 273 2908 κφεύγει
306 2834 398 2888 τὸν
429 2832 695 2886 κίνδυνον.
739 2827 1037 2881 Κελεύεται
1076 2828 1103 2880 6
1133 2828 1414 2899 προφήτης
1441 2844 1593 2899 περι-

22 2932 175 2981 εῖναι
215 2920 401 2993 ἐαυτῷ
424 2918 674 2990 δεσμοὺς,
705 2916 802 2970 καὶ
826 2916 936 2980 τοῖς
956 2913 1216 2986 πρέσϐεσι
1242 2915 1349 2968 τῶν
1372 2914 1593 2984 ἀλλοφύ-

18 3035 101 3069 ων
136 3013 353 3074 εἰπεῖν,
389 3008 529 3061 ὥστε
568 3002 899 3074 ἀπαγγεῖλαι
930 3005 1043 3067 τοῖς
1079 3000 1385 3073 βασιλεῦσιν
1409 3002 1592 3066 αὐτοῖς

26 3102 359 3172 ποταγῆναι
401 3096 481 3167 τῷ
518 3092 989 3164 Ναϐουχοδονόσορ
1013 3109 1028 3126 ’
1076 3091 1317 3146 ἀπειλεῖν
1351 3091 1461 3163 γὰρ
1500 3092 1591 3145 τὸν

18 3194 128 3246 θεὸν
152 3191 395 3245 θάνατον
417 3187 528 3249 τοῖς
556 3184 630 3256 μὴ
659 3180 1117 3251 ὑποτασσομένοις
1139 3180 1307 3251 αὐτῷ.
1330 3181 1594 3251 Παραινεῖ

18 3284 46 3334 ὲ
70 3280 300 3349 ταύτην
324 3275 421 3347 τὴν
443 3272 760 3345 παραίνεσιν
775 3272 869 3324 καὶ
882 3268 959 3340 τῷ
981 3268 1223 3341 Σεδεκίᾳ,
1246 3269 1340 3322 καὶ
1357 3267 1434 3338 τῷ
1453 3267 1588 3340 λαῷ,

18 3370 87 3422 n‘v.
117 3369 245 3429 τοῖς
275 3363 532 3435 ἱερεῦσιν.
556 3359 614 3413 '0
638 3358 696 3412 66
721 3357 1169 3428 ψευδοπροφήτης
1197 3355 1445 3420 Ἀνανίας
1465 3356 1593 3410 ἀνθ-

18 3472 193 3511 στατο
239 3449 481 3523 Ἱερεμίᾳ
531 3447 611 3520 τῷ
655 3446 930 3518 προφήτῃ.
974 3444 1169 3514 λέγων,
1206 3442 1274 3497 τά
1314 3443 1481 3514 σκεύη
1520 3443 1591 3497 τά

18 3548 120 3618 ερά
172 3541 497 3612 ἐπανήξειν,
536 3538 630 3590 καὶ
658 3534 749 3591 τὸν
784 3533 1056 3604 Ἰεχονίαν,
1098 3532 1157 3597 ὃς
1187 3528 1254 3605 ἦν
1286 3533 1400 3597 υίὸς
1437 3532 1585 3588 Ἰωα-

18 3635 132 3703 ιεὶμ
192 3625 434 3697 ἀδελφοῦ
489 3623 757 3679 Σεδεκίου.
817 3622 929 3676 Καὶ
983 3618 1268 3693 συνέτριψε
1318 3622 1415 3675 καὶ
1462 3622 1588 3687 τοὺς

18 3723 226 3784 ιλοιοὺς
255 3716 351 3773 τοῦ
398 3715 695 3788 προφήτου.
726 3711 1010 3783 Πέμπεται
1052 3709 1230 3765 τοίνυν
1254 3712 1283 3764 6
1322 3710 1589 3783 Ἱερεμίας

18 3812 243 3865 ιάνατον
271 3802 424 3875 αὐτῷ
450 3801 726 3875 προλέγων
754 3802 812 3853 ἐν
835 3798 981 3868 αὐτῷ
1011 3797 1204 3870 ἐκείνῳ
1227 3796 1305 3869 τῷ
1334 3799 1588 3870 ἐνιαυτῷ,

18 3902 71 3964 6;
98 3899 205 3954 καὶ
246 3894 468 3963 συνέϐη.
500 3891 582 3947 Τὰ
620 3889 766 3945 κακά
805 3890 917 3953 τοῖς
948 3890 1005 3942 ἐν
1038 3887 1315 3943 Βαϐυλῶνι
1347 3888 1374 3929 δ
1402 3888 1590 3959 ψευδο-

17 3988 325 4059 προφήταις
354 3980 632 4054 προλέγει,
649 3978 745 4033 καὶ
766 3976 843 4049 τῷ
861 3974 975 4048 λαῷ
999 3976 1207 4048 μακρὸν
1225 3975 1316 4031 τὸν
1346 3976 1449 4048 τῆς
1469 3979 1590 4049 αίχ-

17 4074 296 4136 ιαλωσίας
332 4069 546 4141 χρόνον,
584 4066 697 4120 ἀλλ’
723 4066 872 4136 ὅμως
898 4064 1113 4118 ἔσεσθαι
1150 4064 1427 4119 ἐπάνοδον.
1466 4065 1590 4121 Ἐπὶ

17 4166 217 4228 ῃύτοις
251 4161 553 4233 ἠγανάκτει
579 4156 818 4230 Σαμέας,
843 4156 937 4209 καὶ
967 4156 1196 4227 ἐπιτιμᾷ
1222 4155 1299 4227 τῷ
1330 4157 1482 4228 ἱερεῖ,
1506 4157 1589 4211 ὅτι

18 4254 95 4305 vim
121 4249 378 4304 ἐκώλυσε
398 4246 488 4301 τὸν
519 4244 786 4317 Ἰερεμίαν
817 4242 1039 4298 τοιαῦτα
1071 4242 1467 4315 προφητεῦσαι.
1491 4245 1588 4299 Διά

17 4342 157 4395 τοῦτο
200 4337 423 4393 ἀπειλεῖ
458 4336 488 4387 6
532 4333 665 4398 Θεὸς
717 4332 1000 4387 ἀπολέσειν
1028 4332 1211 4388 αὐτόν.
1250 4327 1384 4385 Εἶτα
1431 4333 1589 4403 λόγος

17 4423 423 4499 ταρακλητικὺς
471 4420 551 4492 τῷ
590 4419 825 4491 Ἰσραήλ.
873 4419 1031 4488 Δηλοῖ
1067 4419 1156 4472 τὸν
1205 4418 1395 4488 καιρὸν
1420 4462 1434 4486 ,
1466 4420 1588 4475 καθ’

18 4516 54 4569 ιν
83 4513 321 4587 ἔμελλον
346 4507 742 4580 ἐπανέρχεσθαι
771 4509 835 4559 ἐκ
874 4505 1206 4571 Βαϐυλῶνος.
1244 4500 1410 4572 Οὗτος
1437 4508 1493 4562 66
1520 4505 1589 4582 ἦν

17 4606 145 4659 ίτοῦ
176 4602 387 4672 φασὲκ,
420 4596 603 4661 καθὼς
636 4597 731 4651 καὶ
767 4598 825 4649 ἐν
860 4595 939 4667 τῷ
976 4596 1181 4669 Ἔσδρᾳ
1218 4594 1361 4651 ἐστιν
1386 4600 1587 4671 εὑρεῖν,

17 4696 78 4745 ἑτι
108 4696 181 4765 τῇ
202 4691 373 4760 ἑορτῇ
409 4686 518 4740 τῶν
542 4684 767 4756 ἀζύμων
792 4682 1114 4754 ἐπανῆλθον.
1147 4686 1309 4738 Ὥστε
1340 4687 1589 4759 φανερῶς

18 4782 326 4852 ελέγχονται
353 4775 668 4846 ψευδόμενοι
708 4771 968 4826 Ἰουδαῖοι.
1006 4772 1086 4826 Τά
1117 4772 1224 4844 γάρ
1254 4774 1312 4829 ὲν
1344 4774 1421 4846 τῷ
1440 4776 1590 4849 τόπῳ

17 4870 172 4939 τούτῳ
205 4864 575 4935 γεγραμμένα
608 4859 737 4931 περὶ
772 4859 948 4913 αὐτῶν
980 4860 1159 4929 ἀγαθά
1188 4862 1266 4914 ἑτι
1292 4862 1592 4934 προσδοκῶ-

18 4972 101 5021 ςιν,
128 4956 287 5025 ἅπερ
314 4947 500 5022 ἦλθον.
529 4949 664 5019 Περὶ
688 4947 794 5000 τῶν
818 4948 1208 5018 ἀναιρεθέντων
1239 4949 1465 5005 παιδίων
1487 4950 1590 5006 ὑπὸ

17 5043 283 5115 Ἡρώδου,
323 5039 459 5109 Περὶ
493 5036 593 5107 τῆς
638 5034 783 5098 Νέας
816 5034 1087 5105 Διαθήκης
1126 5036 1448 5109 προφητεία.
1480 5038 1591 5092 Καὶ

17 5134 92 5201 ιην
109 5132 175 5183 ἐν
212 5126 297 5198 τῷ
318 5127 472 5196 τόπῳ
490 5123 548 5178 66
572 5121 746 5192 τούτῳ
773 5121 1057 5193 οἰκοδομήν
1080 5122 1468 5195 γεγραμμένην
1490 5125 1591 5197 τῆς

17 5220 213 5282 πόλεως
243 5216 328 5269 ἐτι
353 5210 722 5285 προσδοκῶσιν
757 5209 1016 5264 Ἰουδαῖοι.
1048 5211 1156 5262 Καὶ
1192 5209 1331 5281 αῦτη
1359 5211 1414 5264 66
1438 5212 1591 5277 τέλος

18 5307 177 5377 Ξτχεν,
218 5305 314 5357 ὅτε
355 5299 585 5371 ἀνῆλθον
613 5299 676 5350 ἐκ
702 5296 1020 5360 Βαϐυλῶνος
1045 5297 1334 5369 γενομένη.
1366 5299 1592 5355 Κελεύε-

17 5411 84 5446 ται
104 5397 131 5447 ὁ
171 5388 457 5464 Ἱερεμίας
486 5388 753 5459 ἀγοράσαι
782 5386 874 5440 τὸν
906 5386 1073 5456 ἀγρὸν
1096 5386 1190 5439 τοῦ
1218 5388 1589 5459 πατραδέλφου

17 5482 186 5549 κὺτοῦ,
220 5480 324 5533 κα⁸ι
348 5476 626 5546 ἀγοράσας
642 5475 810 5545 λέγει,
833 5475 914 5529 ὃτι
943 5476 977 5546 ή
1001 5473 1152 5537 πόλις
1174 5475 1466 5548 παρεδόθη,
1498 5479 1591 5533 καὶ

62 5658 87 5686 ⁸
108 5657 305 5707 Melius
334 5655 591 5716 legeretur
607 5652 667 5701 τά
693 5652 969 5716 ἐκδᾼεεόμενα
989 5649 1131 5716 αὐτὸν
1167 5652 1313 5701 κακά.

61 5718 87 5759 δ
105 5720 199 5770 Ms.
230 5714 534 5771 Cuislfmale
558 5716 682 5764 κατά
706 5714 803 5773 τοῖς
826 5715 873 5763 ἐν
904 5715 1166 5775 Βαϐυλῶνι,
1195 5721 1291 5763 etc.

1123 252 1456 311 SYNOPSIS
1492 251 1905 311 SCRIPTURA'I
1944 258 2213 316 SACRE.

3178 266 3283 322 380

1710 369 1952 424 κελεύειν
1985 384 2010 411 °
2059 375 2327 446 ἀγοράσαι
2366 376 2553 447 ἀγρόν.
2594 377 2653 431 '0
2689 377 2745 431 δὲ
2790 378 2923 442 Θεός
2969 394 3103 449 φησι
3147 380 3284 450 πρὸς

1709 455 1909 509 αὐτόν·
1931 455 2007 511 Τά
2044 460 2143 529 μὲν
2182 461 2423 532 παρόντα
2459 464 2603 535 κακά
2630 464 2717 517 διά
2750 465 2849 527 τὰς
2887 466 3161 535 ἁμαρτίας
3186 467 3280 519 τοῦ

1708 541 1837 596 λαοῦ
1862 560 1877 573 ⁸
1909 544 2062 598 ἔσται
2090 548 2299 618 καιρὸς,
2323 551 2411 602 ὅτε
2449 550 2609 603 πάλιν
2640 552 3090 623 κατοικηθήσεται
3124 555 3157 623 ή
3186 553 3281 605 πός

1707 629 1809 695 λις.
1835 631 2093 703 Ηρολέγει
2120 635 2199 705 τῷ
2228 637 2470 709 Σεδεκίᾳ,
2501 639 2580 691 ὅτι
2611 638 2898 701 ἁλώσεται,
2937 638 3030 692 καὶ
3061 640 3281 707 ἐγκαλεῖ

1705 721 1834 786 τοὺς
1854 723 2093 789 δούλους,
2127 725 2221 788 οὓς
2251 726 2651 797 ἠλευθέρωσαν,
2679 729 2839 781 πάλιν
2870 727 3278 780 καταδουλωσα-

1711 809 1912 879 μένοις,
1946 810 2041 864 καὶ
2074 813 2284 866 ἀπειλεῖ
2324 814 2564 885 μεγάλην
2595 815 2812 868 ἔσεσθαι
2843 815 3144 885 συμφοράν.
3180 814 3278 867 Διά

1705 895 1861 949 τοῦτο
1892 898 2099 952 κελεύει
2138 900 2264 963 τοὺς
2307 902 2454 964 υίοὺς
2492 902 2749 955 Ἰωναδάϐ
2792 904 2961 955 ποιεῖν
3004 897 3170 954 οῐκον.
3213 902 3275 952 Οῖ

1704 983 1760 1036 δὲ
1787 986 2198 1057 παραιτοῦνται.
2230 988 2523 1042 Κελεύεται
2555 992 2583 1042 6
2619 990 2890 1060 Ἱερεμίας
2917 988 3146 1059 γράψαι,
3175 988 3280 1041 ὅσα

1704 1075 2106 1144 προεφήτευσεν
2132 1075 2224 1127 ἐπὶ
2250 1076 2481 1147 Ἰσραὴλ,
2504 1077 2592 1130 ἴνα
2615 1061 2757 1129 οὓτω
2785 1074 2913 1143 γοῦν
2943 1074 3274 1144 φοϐηθῶσιν,

1703 1159 2030 1223 ἀκούσαντες
2081 1162 2242 1215 πάλιν
2285 1164 2355 1215 τά
2406 1163 2665 1234 μέλλοντα
2703 1163 2896 1225 αὐτοὺς
2938 1161 3277 1233 διαδέχεσθαι

1703 1248 1865 1301 κακά.
1897 1248 1955 1300 'O
1983 1248 2038 1301 66
2067 1251 2397 1319 προστάσσει
2424 1251 2503 1320 τῷ
2530 1251 2765 1321 Βαροὺχ,
2788 1252 2881 1305 τοῦ
2909 1250 3150 1320 ποιῆσαι,
3180 1250 3275 1303 καὶ

1703 1334 1944 1406 ἐποίησε.
1972 1338 2082 1390 Καὶ
2111 1337 2328 1410 γράψας
2359 1337 2569 1405 ἀνέγνω
2605 1342 2717 1401 τοῖς
2763 1339 3053 1401 Ἰουδαίοις.
3096 1338 3182 1399 Ὠς
3215 1336 3275 1389 66

1701 1423 1940 1493 ἥκουσαν
1969 1424 2017 1477 οἱ
2065 1423 2342 1495 ἄρχοντες,
2379 1425 2705 1494 ἀνήγγειλάν
2737 1425 2815 1496 τῷ
2865 1426 3077 1496 βασιλεῖ
3121 1424 3271 1478 Ἰωα-

1701 1512 1849 1583 κείμ.
1886 1514 1944 1566 '0
1969 1512 2026 1566 66
2046 1512 2226 1567 λαϐὼν
2253 1513 2313 1566 :6
2333 1512 2532 1583 βιϐλίον
2563 1515 2885 1567 κατέκαυσε.
2926 1514 3035 1566 Καὶ
3058 1511 3273 1566 κελεύε-

1699 1617 1789 1653 ται
1826 1599 2090 1670 Ἱερεμίας
2133 1600 2321 1664 ἕτερον
2369 1600 2576 1672 γράψαι
2618 1600 2817 1671 βιϐλίον
2859 1599 3116 1654 τοιοῦτον.
3162 1599 3271 1652 Καὶ

1700 1686 2031 1759 προφητεύει
2078 1687 2157 1758 τῷ
2198 1687 2406 1758 βασιλεῖ
2437 1688 2719 1759 συμφοράς
2762 1686 2851 1740 διὰ
2904 1686 2966 1740 τὸ
3015 1685 3271 1757 τόλμημα

1698 1775 1875 1829 τοῦτο.
1904 1777 2239 1848 Προφητεύει
2266 1776 2363 1848 τὴν
2388 1776 2586 1831 ἅλωσιν
2613 1775 2967 1847 Ἰερουσαλήμ
2986 1791 3000 1805 ·
3028 1776 3123 1828 καὶ
3145 1773 3271 1826 συλ-

1699 1863 2032 1935 λαμϐάνεται
2064 1865 2159 1917 καὶ
2191 1864 2514 1935 ἐμϐάλλεται
2546 1866 2625 1927 εἰς
2654 1864 3022 1935 δεσμωτήριον
3044 1865 3071 1915 6
3103 1862 3269 1934 Ἱερε-

1703 1952 1832 2024 μίας
1854 1992 1869 2016 ,
1892 1953 1988 2006 καὶ
2018 1952 2425 2023 μεταπεμφθεὶς
2465 1952 2671 2005 ἐκεῖθεν
2700 1951 2804 2004 ὑπὸ
2826 1950 3097 2012 Σεδεκίου,
3122 1949 3268 2018 λέγει

1700 2040 1884 2111 αὐτῷ,
1915 2041 1994 2093 ὅτι
2027 2039 2291 2093 ἁλώσεται
2314 2079 2329 2103 ,
2366 2040 2461 2093 καὶ
2505 2039 2644 2106 ἀξιοῖ
2687 2039 2828 2091 ὥστε
2865 2038 2939 2109 μὴ
2981 2054 3269 2108 παραπεμ-

1696 2127 1896 2200 φθῆναι
1942 2130 2022 2188 είς
2062 2127 2125 2181 τὸ
2180 2127 2571 2197 δεσμωτήριον.
2604 2128 2711 2180 Καὶ
2748 2125 3000 2188 λαϐόντες
3031 2123 3189 2177 αὑτὸν
3217 2124 3268 2176 οί

1699 2218 1955 2289 ἄρχοντες
1990 2216 2238 2272 ἐνέϐαλον
2268 2217 2347 2279 είς
2376 2216 2465 2269 τὸν
2494 2215 2694 2269 λάκκον
2723 2214 2815 2268 τοῦ
2848 2211 3127 2285 βορϐόρου.
3156 2212 3269 2266 Καὶ

1701 2305 1851 2378 [586]
1898 2306 2172 2376 ἀνήγαγεν
2220 2303 2381 2359 αὐτὸν
2435 2302 2640 2357 ἐκεῖθεν
2681 2305 2710 2355 6
2770 2300 3119 2372 Ἀϐδαμελέκ.
3159 2301 3270 2355 Καὶ

1703 2393 2111 2466 μεταπεμφθεὶς
2142 2391 2301 2446 πάλιν
2331 2390 2435 2445 ὑπὸ
2463 2389 2555 2443 τοῦ
2597 2388 2878 2459 βασιλέως,
2909 2387 3268 2461 προαγορεύει

1699 2481 1847 2553 αὐτῷ
1891 2480 2192 2554 σωτηρίαν,
2232 2481 2281 2532 εί
2328 2478 2611 2549 βουληθείη
2655 2476 2796 2531 ἑκὼν
2844 2475 3078 2541 ἐξελθεῖν
3132 2474 3270 2546 πρὸς

1698 2570 1826 2635 τοὺς
1880 2568 2169 2640 πολεμίους
2203 2582 2216 2596 °
2249 2568 2296 2620 εί
2325 2566 2379 2619 66
2421 2566 2495 2636 μὴ
2531 2563 2811 2635 βουληθείη
2833 2603 2848 2627 ,
2882 2563 3098 2634 δλεθρον
3121 2562 3270 2633 πάσῃ

1697 2661 1765 2730 τῇ
1791 2657 1941 2711 πόλει
1966 2699 1980 2723 ,
2013 2657 2106 2711 καὶ
2157 2655 2306 2727 αὐτῷ
2354 2654 2563 2724 μεγάλα
2611 2653 2755 2706 κακά
2798 2650 3035 2705 ἔσεσθαι.
3081 2650 3169 2711 Ὧς
3211 2650 3267 2703 δὲ

1698 2747 1801 2800 οὐκ
1826 2745 2040 2799 ἔπεισεν
2071 2743 2326 2809 ἐξελθεῖν,
2359 2740 2583 2813 ἀνῆλθεν
2615 2741 2643 2793 6
2673 2740 2963 2813 βάρϐαρος,
2997 2737 3093 2792 καὶ
3126 2737 3269 2790 ἑάλω

1699 2836 1733 2906 ή
1763 2833 1917 2898 πόλις
1950 2833 2085 2905 μετά
2107 2830 2375 2885 Σεδεκίου.
2396 2829 2505 2883 Καὶ
2521 2828 2599 2899 τῷ
2623 2827 2861 2899 Ἱερεμίᾳ
2885 2822 2943 2880 εὖ
2967 2827 3270 2897 ἐχρήσαντο

1698 2923 1747 2975 οί
1802 2920 2059 2992 ἄρχοντες
2113 2918 2206 2972 τοῦ
2261 2916 2749 2987 Ναϐουχοδονόσορ.
2807 2914 2898 2984 Τῷ
2948 2911 3267 2982 Ἀϐδεμελὲκ

1698 3007 2060 3083 προαγορεύει
2102 3006 2394 3077 σωτηρίαν.
2438 3004 2645 3067 Αὐτοὺς
2673 3003 2730 3056 δὲ
2769 3001 3029 3063 λαϐόντας
3058 3000 3268 3069 αἵρεσιν

1700 3100 1851 3172 παρὰ
1898 3098 1991 3152 τοῦ
2046 3095 2472 3168 ἀρχιμαγείρου,
2501 3094 2643 3147 ῶστε
2688 3091 2939 3146 ἀπελθεῖν
2986 3090 3117 3144 ὅπου
3144 3088 3267 3158 βού-

1698 3192 1889 3255 λοιντο,
1912 3189 2128 3261 ἔρχεται
2153 3186 2288 3257 πρὸς
2309 3182 2576 3244 Γοδολίαν,
2594 3181 2652 3233 ὃν
2680 3179 3010 3248 κατέστησεν
3032 3178 3268 3247 ἄρχοντα

1698 3280 1809 3342 τοῖς
1837 3275 2232 3344 ὑπολειφθεῖσιν
2264 3274 2323 3325 ἐν
2363 3275 2429 3343 τῇ
2475 3269 2721 3340 Ἰουδαίᾳ.
2756 3266 3104 3337 Συνήχθησαν
3131 3264 3266 3334 πρὸς

1700 3364 1947 3420 Γοδολίαν
1984 3364 2033 3416 οἱ
2075 3358 2462 3431 διεσπαρμένοι
2510 3359 2568 3410 ἐν
2610 3360 2722 3420 τοῖς
2757 3356 2947 3425 ἀγροῖς
3000 3352 3263 3407 Ἰουδαῖοι.

1711 3452 1932 3524 Ἰσμαὴλ
1961 3451 2172 3521 ἀναιρεῖ
2188 3449 2278 3502 τὸν
2307 3446 2458 3500 Γοδολ
2470 3446 2574 3507 ίαν,
2602 3446 2695 3497 καλ⁸
2724 3442 2942 3512 ἐτέρους
2959 3439 3131 3502 τινὰς,
3171 3441 3265 3492 καὶ

1696 3541 1874 3595 λαϐὼν
1902 3540 1991 3593 τὸν
2011 3538 2139 3591 λαὸν
2165 3533 2260 3588 τοῦ
2300 3532 2541 3586 Γοδολίου
2561 3571 2575 3595 ,
2607 3529 2875 3601 ἐπορεύθη
2901 3528 2980 3592 είς
3000 3528 3098 3598 τὴν
3135 3529 3266 3597 ’Λμ-

1701 3632 1921 3703 μωνῖτιν
1945 3626 2128 3697 χῶραν
2154 3624 2182 3676 6
2214 3620 2454 3693 Ἰσμαήλ.
2490 3620 2577 3682 Ὠς
2604 3618 2661 3672 δὲ
2685 3614 2825 3672 εἶδεν
2844 3615 3005 3669 αὐτὸν
3027 3617 3056 3668 6
3086 3614 3267 3669 Ἰωάν-

1698 3735 1827 3783 ναν,
1867 3710 1946 3779 εἷς
1991 3730 2073 3777 τις
2121 3710 2229 3764 τῶν
2286 3709 2589 3781 ἀρχόντων,
2619 3704 2879 3770 εὐνοϊκῶς
2930 3704 3265 3775 διακείμενος

1697 3806 1833 3877 πρὸς
1868 3803 2130 3864 Γοδολίαν,
2163 3800 2331 3871 ἔφυγε
2358 3800 2495 3871 μετὰ
2530 3798 2638 3850 τῶν
2664 3796 2808 3851 ὀκτὼ
2847 3795 3021 3865 μόνων
3059 3794 3266 3864 ἀνδρῶν

1697 3899 1726 3951 6
1768 3895 1992 3967 Ἰσμαὴλ
2014 3936 2029 3960 ,
2061 3894 2156 3947 καὶ
2192 3891 2283 3945 τὸν
2318 3888 2444 3943 λαὸν
2488 3886 2677 3941 ἐλαϐεν
2715 3888 2745 3939 6
2804 3885 3074 3939 Ἱωάνναν.
3104 3885 3265 3936 Ὥστε

1695 3985 1951 4057 δεηθῆναι
1978 3982 2073 4036 :06
2106 3981 2240 4035 Θεοῦ
2270 3982 2400 4049 περὶ
2435 3978 2613 4032 αὐτῶν
2643 3975 2868 4046 δεηθεὶς,
2904 3974 2999 4029 καὶ
3027 3972 3265 4041 συμϐου-

1694 4073 1893 4135 λεύσας
1933 4072 2115 4132 αὐτοῖς
2164 4071 2238 4139 μὴ
2281 4066 2539 4120 εἰσελθεῖν
2585 4066 2665 4128 είς
2697 4064 2968 4132 Αἴγυπτον
3000 4063 3265 4133 (θάνατον

1695 4161 1805 4233 γὰρ
1829 4159 2069 4214 ἀπειλεῖν
2097 4157 2187 4210 τὸν
2218 4155 2369 4220 Θεὸν,
2417 4154 2463 4207 εί
2517 4153 2893 4224 μετοικήσαιεν
2932 4149 2958 4190 ἀ
2982 4151 3139 4217 ἐκεῖ),
3165 4150 3265 4202 οὐκ

1696 4249 1932 4303 ἔπεισεν.
1981 4244 2135 4298 Ἐπεὶ
2163 4244 2219 4297 66
2244 4238 2407 4314 ἦλθον
2452 4240 2556 4304 ἕως
2601 4240 2839 4308 Τάφνας,
2888 4240 3140 4309 παραινεῖ
3166 4238 3265 4291 a6—

1695 4339 1808 4400 τοῖς
1861 4334 1935 4405 μὴ
1979 4331 2404 4401 είδωλολατρεῖν.
2459 4328 2546 4392 Ὠς
2590 4326 2645 4380 66
2678 4326 2980 4396 ἀντέλεγον,
3023 4343 3263 4396 προαγο-

1699 4423 1845 4497 ρεύει
1876 4422 2053 4485 αὐτοῖς
2077 4418 2294 4488 δλεθρον
2331 4416 2521 4489 μέγαν,
2552 4416 2645 4468 καὶ
2672 4414 2750 4486 τῷ
2797 4413 3005 4485 βασιλεῖ
3028 4414 3137 4467 τῶν
3167 4416 3263 4467 Λί-

1696 4510 1939 4581 γυπτίων
1980 4508 2078 4580 τὴν
2118 4506 2392 4561 ἀπώλειαν
2418 4503 2691 4572 Λίγύπτου
2731 4501 3004 4574 προλέγει,
3033 4501 3127 4555 καί⁵
3158 4501 3269 4554 τῶν

1697 4598 2026 4669 ἀλλοφύλων,
2056 4596 2153 4667 τὴν
2187 4592 2459 4648 ἀπώλειαν
2483 4590 2783 4646 Μωαϐιτῶν
2811 4590 2975 4659 λέγει,
3001 4590 3096 4644 καὶ
3136 4591 3267 4660 Ἀμ-

1700 4686 1936 4760 μανιτῶν
1981 4687 2076 4739 καὶ
2133 4681 2479 4754 Ἰδουμαίων,
2510 4680 2609 4748 τὴν
2653 4677 2925 4732 ἀπώλειαν
2970 4678 3266 4746 Δαμασκοῦ

1697 4776 1790 4830 καὶ
1830 4772 2002 4843 Ἐλάμ
2054 4770 2326 4841 προλέγει,
2354 4767 2447 4821 κα)⁸
2473 4766 2573 4837 τὴν
2620 4763 2891 4818 ἀπώλειαν
2925 4762 3261 4829 Βαϐυλῶνος,

1697 4863 1791 4917 καὶ
1814 4861 1912 4932 τήν
1938 4860 2121 4914 ἄνοδον
2151 4857 2257 4910 τῶν
2290 4853 2551 4907 Ἰουδαίων
2586 4851 2684 4923 τὴν
2716 4850 2946 4905 ἐκεῖθεν.
2978 4850 3103 4913 Πῶς
3125 4851 3268 4905 ἑάλω

1708 4946 2064 5022 Ἰερουσαλὴμ
2110 4944 2363 5017 προλέγει
2386 4982 2400 5006 ,
2448 4941 2541 4995 καὶ
2586 4940 2695 4992 ἀπὸ
2728 4938 2948 5010 ἀτιμίας
2981 4940 3062 5001 είς
3101 4939 3268 5009 τιμὴν

1696 5032 1826 5108 ἦλθε
1859 5035 2133 5105 Ἱωακεὶμ,
2169 5034 2198 5086 6
2230 5030 2368 5086 ἐκὼν
2394 5029 2790 5102 προσχωρήσας
2824 5027 2904 5099 τῷ
2925 5026 3271 5099 Ναϐουχοδο-

1698 5127 1856 5199 νόσορ
1903 5124 2041 5196 μετά
2076 5123 2174 5194 τῆς
2228 5120 2432 5193 μητρὸς
2475 5116 2656 5172 αὐτοῦ.

1697 5243 1965 5311 Σύνοψις
2000 5238 2117 5294 τῶν
2149 5237 2229 5306 τῷ
2268 5234 2546 5307 προφήτῃ
2600 5234 2880 5304 Ἰεζῖςκιὴλ
2920 5233 3264 5305 εἰρημένων.

1779 5347 1912 5417 Ὁρᾷ
1942 5345 2040 5415 τὴν
2065 5343 2326 5396 ὀπτασίαν
2353 5342 2460 5396 τῶν
2484 5339 2765 5412 Χερουϐὶμ
2789 5341 2818 5393 ό
2845 5340 3147 5410 προφήτης,
3173 5334 3266 5389 καὶ

1700 5433 1977 5489 κελεύεται
2014 5431 2242 5503 λαλῆσαι
2274 5432 2383 5495 τοῖς
2418 5428 2776 5501 Ἰσραηλίταις
2811 5426 2961 5497 παρὰ
2982 5424 3073 5477 :06
3103 5421 3260 5476 Θεοῦ.

1737 5591 1787 5659 ..ο
1818 5588 1965 5659 Fprtg
1988 5586 2210 5659 κελεύεις,
2245 5598 2523 5648 quanquam
2555 5582 2760 5634 κελεύειν
2784 5580 2899 5631 ferri
2920 5584 3086 5643 potest
3107 5581 3161 5627 et
3184 5576 3263 5628 le-

1699 5651 1831 5712 gitur
1850 5651 1901 5697 In
1931 5648 2078 5697 Cois].

1761 5709 1787 5749 ά
1810 5710 1955 5762 Cois].
1982 5710 2319 5770 μετοικήσειεν.
