3720 6274
24 266 43 321 ι
1043 267 1368 331 SVNOPSIS
1403 270 1817 331 SCRIPTURAE
1855 273 2125 335 SACRAE.

23 404 233 474 audere,
252 414 311 465 et
328 406 679 481 Jerosolyma:
702 409 1032 466 obsidionem
1062 412 1421 481 praenuntiam
1439 425 1534 481 per

24 497 243 566 etapium
270 500 456 555 lateris
476 510 534 557 et
558 502 858 571 sartaginis.
884 501 1108 557 Jubetur
1135 504 1259 558 item
1290 502 1343 556 in
1367 517 1531 557 unum

24 604 79 643 us
98 589 341 646 dormire
370 602 521 647 certo
538 592 751 670 dierum
789 608 1034 660 numero,
1066 593 1345 649 declarans
1383 594 1531 648 cala-

24 690 176 736 tatem
212 684 413 753 populo
434 685 661 740 futuram
689 686 742 739 in
771 685 1099 755 captivitate.
1144 685 1391 741 Praedicit
1435 700 1531 755 per

24 789 123 839 n5,
152 790 294 843 quos
320 791 387 831 cx
408 785 646 832 stercore
672 777 833 831 boum
851 776 992 839 facit,
1022 786 1077 833 et
1102 791 1197 847 per
1216 778 1532 832 divisionem

23 866 255 935 pillorum
282 876 512 922 mortem
522 884 780 924 eorumae
804 867 1209 937 dispersionem;
1228 868 1375 924 urbis
1394 868 1524 922 item

24 974 101 1029 jue
131 959 404 1014 idolorum
450 961 867 1015 devastationem
911 961 1112 1030 adjicit.
1139 961 1298 1017 Videt
1337 962 1530 1031 iniqui-

24 1066 75 1106 es
108 1051 329 1119 populi,
361 1061 415 1108 et
442 1052 814 1107 idololatriam.
859 1053 1062 1109 Deinde
1105 1070 1198 1110 eos
1227 1056 1316 1125 qui
1363 1071 1531 1125 usque

41 1141 266 1197 exitium
288 1143 438 1199 urbis
464 1144 815 1200 devenerunt.
847 1145 1002 1201 Videt
1026 1161 1241 1201 rursum
1263 1147 1528 1203 Cherubi-

23 1248 73 1297 ε,
101 1242 156 1288 et
182 1235 328 1292 mala
354 1236 471 1291 urbi
496 1238 837 1306 praenuntiat.
862 1237 936 1292 De
964 1239 1028 1292 iis
1059 1240 1148 1308 qui
1178 1239 1229 1292 in
1259 1239 1528 1294 Christum

23 1326 195 1384 adituri
223 1336 401 1383 erant.
425 1330 672 1385 Prazdicit
698 1346 909 1385 rursum
936 1331 1295 1400 captivitatem
1324 1333 1526 1403 populi,

24 1435 65 1473 :e
90 1421 190 1474 sub
216 1420 445 1476 Sedecia
470 1423 699 1487 accidit,
725 1431 778 1477 et
818 1421 1093 1478 Scdeciam
1118 1433 1438 1480 excreatum
1468 1426 1531 1481 iri

23 1511 547 1569 Nabuchodonosore.
577 1514 822 1569 Praedicit
850 1514 985 1569 mala
1030 1530 1135 1570 non
1171 1526 1288 1584 post
1324 1516 1531 1572 diutur-

24 1619 68 1657 n
98 1614 314 1672 tempus
338 1614 611 1671 eventura,
641 1605 734 1660 scd
769 1621 931 1675 prope
955 1621 1094 1662 esse.
1127 1607 1354 1662 Minatur
1376 1623 1533 1678 pseu-

24 1696 313 1766 propbetis,
345 1700 579 1769 ipsisque
598 1698 1005 1768 indeprecabilia
1029 1714 1147 1754 esse
1177 1716 1294 1769 qum
1324 1703 1530 1771 passuri

23 1798 65 1840 at
88 1787 227 1841 mala
256 1787 575 1846 denuntiat:
606 1789 675 1843 ita
701 1798 761 1843 ut
805 1805 905 1844 nec
944 1790 1044 1845 Job
1074 1806 1173 1845 nec
1220 1792 1401 1847 Daniel
1431 1808 1532 1849 nec

23 1894 59 1933 te
84 1880 328 1948 ipsorum
361 1882 496 1935 lilios
523 1883 729 1951 possint
750 1894 943 1937 eruere
973 1899 986 1936 :
1016 1894 1067 1937 et
1096 1895 1390 1939 extremam
1415 1887 1532 1941 illos

23 1987 60 2024 in
88 1972 397 2027 vastitatem
421 1988 517 2042 per
534 1975 730 2041 lignum
750 1974 870 2028 vitis
896 1975 1147 2029 declarat.
1182 1977 1408 2031 Enarrat
1433 1993 1529 2046 po-

24 2062 51 2114 li
78 2063 462 2130 turpitudinem
481 2062 550 2118 ab
569 2065 737 2127 initio,
766 2073 1049 2134 antequam
1072 2066 1236 2121 Deum
1254 2070 1529 2136 amplexus

23 2152 423 2215 iet,etdecorem
442 2164 717 2223 postquam
733 2154 1007 2224 amplexus
1019 2164 1131 2209 est:
1156 2157 1533 2211 idololatrian:-

23 2258 47 2297 e
64 2244 199 2313 ejus,
224 2252 285 2301 et.
303 2245 566 2300 excidium
592 2246 732 2315 quod
761 2256 978 2316 prepter
1000 2262 1117 2301 eam
1141 2248 1333 2302 invasit
1350 2250 1526 2319 ipsos;

24 2353 161 2406 tgnas
208 2337 456 2392 ostendit
495 2338 611 2408 ejus
661 2337 968 2409 iniquitates
1014 2354 1077 2393 ex
1129 2342 1528 2411 comparatione

23 2428 305 2483 domorum
334 2439 390 2486 et
418 2428 692 2495 Samariae,
721 2446 839 2499 quae
861 2431 1021 2484 etiam
1046 2446 1141 2499 per
1160 2433 1362 2500 seipsas
1379 2444 1531 2487 erant

23 2529 203 2589 gentes.
233 2520 471 2575 Possunt
495 2528 671 2576 autem
696 2521 856 2586 bona,
878 2536 998 2591 qum
1021 2523 1278 2590 praedicit,
1312 2541 1526 2595 nempe,

23 2610 209 2664 ταξιαὺο
234 2620 588 2666 testamentum
614 2628 780 2666 meum
810 2622 967 2665 tecum
997 2614 1015 2683 (
1045 2611 1233 2678 Ezech,
1264 2617 1351 2671 16.
1394 2618 1463 2671 62
1484 2617 1525 2689 ),

42 2704 391 2759 credentibus
429 2705 481 2759 in
514 2702 789 2759 Christum
831 2705 1074 2777 intelligi.
1105 2708 1399 2763 Ascensum
1421 2709 1528 2763 Na-

24 2795 416 2851 rchodonosoris
443 2797 785 2866 praenuntiat.
812 2796 1083 2852 Adversus
1113 2812 1207 2854 eos
1250 2800 1339 2869 qui
1373 2800 1521 2855 dicc-

27 2899 75 2941 nt
104 2906 115 2939 :
160 2888 352 2943 Patres
375 2889 695 2943 comederunt
716 2905 863 2942 uvam
888 2888 1141 2954 acerbam,
1181 2900 1226 2944 et
1261 2890 1432 2945 dentes
1462 2893 1529 2960 ﬁ—

24 2997 125 3033 rum
151 2981 561 3053 obstupuerunt(
594 2980 782 3036 Ezeclt.
816 2981 903 3036 18.
925 2981 961 3034 2
983 2981 1023 3053 ).
1061 2982 1134 3037 De
1160 2992 1331 3038 matre
1365 2984 1532 3039 Sedc-

23 3087 44 3125 c
71 3071 230 3139 regis.
280 3071 616 3127 TeStilicatur
644 3073 948 3127 senioribus
984 3071 1289 3144 iniquitates
1320 3086 1528 3144 patrum

24 3178 182 3215 orum.
216 3162 356 3217 Illud
410 3173 628 3227 autem,
679 3163 811 3227 Quia
856 3178 1008 3234 super
1036 3175 1255 3219 montem
1301 3175 1530 3219 sanctum

24 3271 127 3319 mm,
147 3256 215 3311 de
233 3265 422 3311 monte
450 3256 662 3311 excelso
684 3257 847 3312 Israel
872 3257 1026 3312 dicit:
1044 3258 1262 3324 Adonai,
1290 3256 1527 3327 Domine,

23 3348 58 3399 ir
79 3349 292 3401 servient
317 3348 438 3400 mihi
468 3350 629 3402 omnis
656 3348 834 3402 domus
864 3342 1030 3402 Israel
1053 3348 1105 3402 in
1132 3350 1283 3419 ﬁnem
1316 3349 1527 3420 (Ezech.

24 3456 42 3490 ι.
84 3438 171 3491 ιο.
221 3440 282 3491 in
348 3437 548 3509 (ἕνα.)
577 3481 593 3505 ,
649 3438 717 3493 de
769 3439 1108 3494 credentibus
1156 3441 1209 3494 in
1260 3441 1529 3496 Christum

24 3538 119 3583 test
136 3530 330 3598 accipi.
356 3529 435 3583 De
462 3529 723 3596 Thcman,
748 3530 814 3585 de
853 3529 1015 3584 lsracl
1041 3571 1054 3595 ,
1088 3539 1140 3585 et
1170 3530 1236 3586 de
1261 3531 1382 3587 liliis
1412 3535 1532 3587 Am-

24 3636 92 3674 an.
127 3621 443 3690 lniquitates
470 3630 523 3675 ct
570 3631 788 3692 peccata
820 3621 1029 3677 lsraelis
1057 3616 1319 3690 recenset,
1350 3639 1531 3678 sacer-

24 3721 148 3775 tum,
173 3710 486 3781 principum
513 3722 567 3767 et
596 3711 1206 3782 pseudOprOphetarum.
1236 3710 1306 3767 Et
1335 3731 1531 3784 qurere-

24 3819 86 3867 in,
113 3804 309 3873 inquit,
336 3804 500 3857 virum
542 3813 677 3859 recte
719 3813 998 3858 versantem
1024 3814 1069 3858 et
1095 3813 1309 3859 stantem
1336 3806 1389 3859 in
1418 3809 1530 3876 [ra-

23 3913 89 3948 tra
113 3897 352 3951 maceria:
379 3896 457 3966 (a)
481 3905 597 3950 ante
623 3897 804 3967 faciem
826 3912 990 3949 meam
1023 3897 1074 3949 in
1102 3906 1321 3966 tempore
1344 3907 1491 3951 terra:
1513 3938 1528 3963 ,

33 4004 88 4040 ne
105 3989 155 4042 in
185 3989 346 4057 ﬁnem
366 3988 579 4042 delerent
597 4006 713 4043 eum
747 4004 767 4041 :
795 3997 842 4042 et
870 4005 971 4043 non
996 3976 1204 4060 invenit
1229 3990 1415 4044 Ezecli.
1438 3991 1527 4047 ‘22.

26 4078 59 4145 ).
87 4081 159 4135 De
185 4080 490 4135 idololatria
509 4080 686 4150 populi
716 4080 880 4135 Israel
912 4080 963 4135 in
989 4079 1222 4152 [Egypto
1245 4091 1299 4137 et
1322 4091 1528 4154 postea,

58 4172 119 4225 de
167 4171 587 4226 calamitatibus.
643 4173 818 4242 Atque
866 4173 1082 4242 insuper
1128 4189 1297 4244 neque
1333 4174 1530 4229 luctum

24 4279 100 4317 ere
127 4263 511 4333 permittentur
534 4278 695 4333 super
718 4264 1148 4333 contingentibus
1190 4264 1363 4320 malis.
1385 4266 1531 4319 Con-

23 4353 389 4410 tAmmanitas
404 4360 461 4409 et
484 4355 747 4411 Idumaeos
776 4397 791 4421 ,
841 4366 895 4409 et
925 4356 1253 4427 alienigenas
1277 4396 1292 4421 ,
1324 4367 1376 4411 et
1406 4357 1527 4422 Sor,

24 4462 100 4501 am
121 4448 313 4504 dicunt
332 4460 454 4503 esse
469 4445 689 4517 Tyrum.
714 4446 957 4501 Praedicit
973 4447 1303 4502 calamitates
1316 4464 1533 4519 magnas

26 4551 128 4594 atra
164 4539 469 4611 principem
514 4538 641 4611 Tyri
691 4549 745 4594 et
791 4539 1037 4602 Sidonis,
1090 4549 1146 4595 et
1197 4540 1483 4611 {Egyptum
1515 4584 1528 4608 ,

24 4630 436 4701 gyptiorumque
466 4645 666 4700 regem.
698 4630 930 4685 Minatur
954 4632 1277 4700 speculatori
1305 4634 1485 4704 populi
1515 4675 1529 4698 ,

23 4724 52 4779 si
91 4722 403 4795 praedixerit
446 4724 640 4794 populo
661 4765 679 4791 ,
704 4724 856 4792 cujus
893 4725 1211 4780 constitutus
1236 4734 1319 4780 est
1346 4740 1535 4795 specu-

24 4830 83 4869 ω
108 4815 172 4871 ad
198 4814 536 4871 calamitates
554 4830 585 4870 a
612 4815 721 4870 Deo
751 4815 940 4869 illatas.
975 4817 1051 4870 Ac
1078 4815 1411 4886 dicit,neque
1434 4819 1535 4872 ini-

26 4921 104 4959 um
134 4907 322 4976 perire
346 4905 418 4962 ob
445 4905 648 4976 priores
677 4906 1000 4975 iniquitates,
1031 4907 1075 4960 si
1103 4922 1394 4963 conversus
1412 4906 1532 4962 fue-

41 4996 104 5054 ad
130 4997 443 5056 hciendum
473 5012 535 5054 ea
564 5012 681 5067 qua:
709 4998 820 5052 Deo
844 5007 967 5052 sunt
996 4998 1186 5068 placita
1211 5014 1224 5065 ;
1258 5014 1429 5069 neque
1448 5000 1535 5070 jn-

23 5186 78 5247 [a)
130 5187 287 5242 Illud.
328 5186 527 5257 V153.
576 5183 628 5234 in
676 5185 895 5249 fractura
936 5197 1163 5235 maceria:
1205 5184 1277 5246 (ἐν
1321 5186 1529 5250 malum

23 5260 209 5322 ζγμοῦ),
245 5276 345 5309 non
387 5265 467 5309 est
510 5259 559 5322 in
606 5258 973 5322 exemplaribus
1010 5258 1297 5322 hodiernis,
1344 5261 1433 5310 sed
1465 5274 1529 5310 ex

208 5323 456 5390 He_xaplis
481 5318 789 5390 adjunctum;
806 5321 985 5390 fuerat,
1007 5327 1063 5369 ut
1101 5318 1534 5390 nosﬂinllexaplis

24 5383 239 5433 didimus.
277 5380 440 5433 Totos
482 5386 617 5433 locus
661 5383 710 5431 in
754 5380 1066 5431 Editionibus
1107 5380 1360 5432 hodiernis
1407 5380 1532 5433 L'XX

24 5448 296 5519 ‘l_hahetur-:
326 5448 421 5519 Κειὶ
455 5446 647 5519 ἐζήτρυν
680 5445 727 5500 ἐξ
760 5445 918 5519 gora.»
949 5445 1533 5519 dvapat‘waorpeeépsvo‘v

24 5510 108 5567 56);,
140 5512 225 5557 καὶ
265 5510 474 5570 ἑστῶταί
495 5508 587 5570 πρὸ
627 5508 890 5569 προσώπου
934 5523 1025 5570 μου
1073 5508 1341 5568 ὁλοσχερῶς
1380 5509 1427 5555 ἐν
1461 5509 1530 5568 τῷ

24 5574 99 5631 ιρῷ
128 5579 213 5630 τῆς
243 5572 406 5632 ὀργῆς,
436 5569 613 5619 Melius
642 5570 905 5629 exemplar
936 5569 1264 5625 chrvsostomi
1283 5606 1295 5625 ,
1332 5570 1380 5617 ἐν
1402 5587 1445 5617 τ.
1481 5587 1526 5617 κ.

24 5649 145 5701 ςγῆς.
176 5643 231 5692 In
260 5640 477 5691 Hebraeo
494 5644 663 5689 autem
683 5637 888 5701 legitur,
910 5638 1074 5712 vom
1108 5641 1239 5699 πει,
1265 5652 1356 5702 pro
1378 5645 1527 5690 terra.

24 5733 277 5793 tPluagtnta
299 5741 425 5780 vero
447 5728 686 5790 legerunt
720 5728 861 5785 mn,
893 5723 943 5775 in
965 5730 1193 5788 tempore.
1446 5742 1449 5745 ,

3131 288 3238 345 ξρκιε

1646 399 1787 445 stum
1817 392 2047 449 salutem
2073 394 2329 466 consequi
2357 396 2428 450 ob
2453 397 2683 466 priorem
2707 399 2970 470 justitiam
2993 448 3007 471 ,
3040 408 3083 462 si
3118 426 3236 462 ωυ-

1645 489 1787 538 tatus
1810 524 1825 548 ,
1858 484 2071 556 iniquus
2100 486 2433 558 injustusqne
2477 492 2726 547 evaserit.
2769 494 2929 551 Venit
2964 498 3231 570 quispiam

1644 573 1709 626 ad
1742 575 2059 645 prophetam
2082 617 2097 642 ,
2130 579 2385 634 nuntians
2430 590 2636 651 captam
2684 583 2850 641 fuisse
2886 587 3185 646 Jerusalem
3214 606 3229 651 :

1643 665 1774 720 dicit
1802 677 1980 721 autem
2012 668 2113 724 hac
2141 668 2209 723 de
2234 685 2296 726 re
2332 671 2611 741 incusans,
2641 677 2780 746 quod
2812 694 2916 734 non
2954 685 3230 738 attendant

1642 755 1706 810 iis
1745 773 1865 826 quze
1901 773 1928 810 a
1975 759 2249 829 prophetis
2284 763 2666 831 praedicuntur.
2702 768 3038 827 Vaticinatur
3066 790 3228 844 porro

1640 858 1826 904 contra
1884 860 2129 918 pastores
2159 851 2366 908 lsraelis
2398 872 2411 907 :
2443 860 2809 930 promittitque
2841 863 3078 919 dandum
3112 884 3230 921 esse

1641 950 1907 1008 pastorem
1940 958 2100 996 unum
2125 959 2139 1008 ;
2174 944 2223 998 id
2247 946 2387 1014 quod
2417 948 2515 1002 sub
2541 949 2870 1008 Zorobahele
2898 953 3093 1010 factum
3123 968 3224 1025 cst,

1644 1031 1695 1084 id
1726 1033 1865 1101 quod
1895 1035 2055 1088 etiam
2086 1034 2254 1091 Judaei
2286 1038 2629 1108 impudenter
2647 1043 2829 1099 dicunt
2848 1046 3082 1102 nondum
3108 1065 3230 1105 cve-

1639 1122 1821 1187 nisse;
1854 1125 2032 1179 evenit
2064 1136 2239 1180 tamen
2263 1168 2277 1192 ,
2323 1138 2381 1182 ut
2406 1129 2538 1194 dixi,
2563 1132 2664 1187 sub
2703 1134 3053 1192 Zorobahele.
3084 1139 3231 1195 Vati-

1638 1213 1847 1268 cinatnr
1866 1225 2053 1269 contra
2088 1216 2370 1281 ldumzcos,
2404 1228 2459 1273 et
2489 1220 2745 1277 lsraelitis
2774 1225 2912 1281 bona
2958 1229 3220 1298 praedicit,

1641 1318 1757 1372 qua:
1783 1305 1924 1359 Deus
1954 1306 2075 1362 ideo
2102 1323 2160 1363 se
2180 1308 2379 1364 ludatis
2401 1311 2722 1367 collaturum
2749 1317 2914 1385 dicit,
2950 1335 3055 1375 non
3084 1323 3226 1390 quod

1640 1396 1713 1449 illi
1741 1396 1883 1465 digni
1916 1399 2150 1463 sint,sed
2175 1416 2243 1455 ne
2275 1416 2472 1457 nomen
2500 1403 2618 1473 ejus
2646 1406 2974 1474 profanetur.
3007 1412 3224 1468 Ducitur

1645 1488 1905 1557 propheta
1938 1491 1988 1542 in
2017 1505 2283 1559 campum,
2314 1501 2365 1546 et
2397 1494 2685 1562 prophetat
2724 1512 2885 1567 super
2909 1515 3030 1555 ossa
3057 1504 3222 1557 arida.

1643 1580 1930 1649 Prophetat
1951 1584 2077 1638 item
2105 1583 2172 1639 de
2203 1585 2557 1654 Zorobahele,
2587 1591 2727 1659 quod
2759 1592 2968 1650 futurus
2998 1597 3065 1650 sit
3090 1614 3224 1651 unus

1637 1671 1942 1729 Judaeorum
1968 1676 2214 1745 princeps
2238 1691 2252 1729 :
2276 1686 2453 1746 potest
2484 1687 2663 1735 autem
2692 1681 2761 1737 de
2790 1683 3014 1740 Domino
3042 1699 3226 1743 nostro

1638 1764 1761 1819 Jesu
1779 1765 1992 1820 Christo
2005 1768 2196 1836 accipi.
2214 1768 2546 1826 Vaticinatur
2558 1774 2718 1829 etiam
2732 1775 2799 1831 de
2817 1777 2931 1849 Gog
2942 1789 2996 1834 et
3012 1781 3223 1853 Magog,

1640 1858 1729 1926 qui
1758 1856 1974 1912 Judaeos
1999 1858 2232 1913 invasuri
2262 1871 2413 1915 erant
2442 1874 2558 1932 post
2581 1866 2810 1920 reditum
2838 1886 2900 1923 ex
2930 1870 3223 1943 Babylone,

1638 1950 1837 2018 quique
1866 1951 1989 2004 victi
2026 1952 2259 2007 fuerunt.
2290 1954 2516 2020 Quidam
2542 1966 2717 2012 autem
2743 1960 2791 2014 id
2821 1962 3105 2032 allegorice
3132 1981 3224 2021 ac-

1638 2042 1844 2111 cipiunt
1868 2044 1935 2097 de
1959 2043 2234 2111 Ecclesiis,
2269 2054 2323 2101 et
2350 2048 2419 2103 de
2447 2049 2658 2105 diabolo
2687 2093 2701 2117 ,
2735 2054 2907 2125 deque
2946 2072 3231 2130 persequu-

1640 2136 1873 2191 tionihus
1899 2154 2018 2207 qua:
2048 2140 2200 2193 vario
2223 2150 2465 2210 tempore
2495 2144 2653 2199 illatzc
2685 2159 2809 2202 sunt
2829 2149 2896 2201 ab
2918 2151 3095 2220 impiis
3128 2155 3229 2209 lm-

1641 2230 1995 2297 peratoribus.
2028 2232 2357 2287 Valiciuatur
2381 2238 2506 2289 item
2547 2239 2728 2307 templi
2754 2245 3228 2318 constructionem,

1638 2331 1689 2376 et
1713 2325 2107 2380 restitutionem
2134 2326 2318 2396 legalis
2340 2329 2548 2383 cultus:
2571 2347 2690 2401 qum
2711 2334 2872 2387 etiam
2913 2350 3231 2407 exspectant

1635 2413 1801 2470 Judzei
1829 2432 1843 2481 ;
1874 2417 1966 2472 sed
1994 2434 2054 2473 ca
2076 2429 2368 2475 evenerunt
2395 2430 2633 2490 tempore
2662 2425 2842 2480 Esdra}
2861 2439 2910 2482 et
2932 2430 3231 2487 lorobahe-

1640 2509 1725 2562 lis.
1767 2510 2108 2567 Constructio
2153 2522 2332 2567 autem
2384 2517 2607 2584 templi,
2654 2533 2810 2586 quam
2858 2522 3133 2591 ltl‘il‘tﬁt'il,
3176 2536 3232 2580 ct

1637 2613 1771 2669 aqua
1802 2617 1921 2670 qua:
1950 2602 2203 2671 paulatim
2232 2604 2605 2673 egrediebatur
2638 2623 2689 2662 et
2717 2614 3023 2680 augebatur,
3056 2626 3231 2684 potest

1638 2691 1805 2761 accipi
1835 2691 1903 2746 de
1926 2693 1988 2747 iis
2010 2694 2100 2763 qui
2126 2694 2191 2747 ad
2221 2693 2496 2751 Christum
2526 2701 2769 2753 conversi
2792 2714 2936 2765 sunt,
2963 2707 3049 2772 qni
3079 2722 3225 2759 mor-

1640 2782 1712 2835 tui
1745 2792 1900 2836 erant
1932 2792 2217 2854 antequam
2260 2787 2576 2853 crederent,
2607 2789 2849 2845 viVentes
2878 2805 3055 2848 autem
3101 2796 3227 2851 facti

1638 2884 1762 2929 sunt
1790 2885 2073 2946 postquam
2094 2875 2460 2933 crediderunt.

1747 3042 1979 3086 SYNOPSIS
2006 3045 2180 3085 EOBUM
2212 3046 2327 3094 ρυιε
2356 3048 2387 3086 Δ
2412 3046 2641 3087 DAMELE
2671 3049 2944 3089 PROPIIETA
2975 3053 3130 3094 DICTA

2357 3140 2514 3179 SUNT.

1718 3242 2002 3315 Eliguutur
2026 3246 2209 3301 Daniel
2241 3257 2294 3301 et
2325 3248 2484 3312 socii,
2526 3256 2580 3302 ct
2601 3248 2881 3304 traduntur
2904 3252 3231 3309 archieunu-

1642 3335 1768 3401 cho,
1799 3345 1957 3406 atque
1989 3337 2348 3407 lcgmninibus
2378 3351 2666 3392 vescuntur
2696 3358 2708 3393 :
2735 3352 2781 3394 et
2812 3340 3085 3400 adstantes
3116 3349 3226 3415 regi

1638 3429 1874 3482 omnium
1928 3430 2310 3498 sapientissimi
2345 3429 2666 3499 deprehensi
2714 3440 2856 3486 suit.
2888 3433 3045 3489 Videt
3089 3452 3233 3492 sont-

1640 3524 1785 3578 nium
1827 3524 2342 3588 Nabuchodonosor,
2372 3537 2427 3582 et
2466 3542 2652 3597 magos
2677 3570 2691 3593 ,
2720 3531 2808 3597 qui
2831 3545 2948 3586 non
2977 3540 3228 3600 poterant

1640 3617 1908 3671 somnium
1938 3616 2181 3673 iudicare
2211 3627 2265 3672 et
2296 3618 2659 3688 interpretari,
2688 3620 2841 3689 jubet
2867 3622 3060 3677 occidi.
3084 3624 3233 3678 Peri-

1640 3707 1885 3762 clitantes
1902 3723 2112 3779 quoque
2130 3709 2401 3765 Danielem
2414 3722 2466 3766 et
2489 3712 2663 3766 socios
2680 3714 2914 3783 servavit
2933 3714 3091 3782 Deus,
3109 3731 3231 3770 cum

1642 3798 1843 3854 Danieli
1858 3800 2047 3853 somnii
2065 3800 2301 3855 notitiam
2317 3817 2410 3871 per
2427 3803 2804 3859 rcvelationem
2817 3804 2979 3860 dedit.
2993 3805 3236 3860 Introdu-

1638 3901 1755 3945 ctus
1778 3892 1961 3948 Daniel
1983 3896 2249 3949 somnium
2278 3896 2388 3965 regi
2412 3895 2546 3950 dixit
2581 3897 2802 3966 ejusque
2840 3898 3234 3967 interpretatio-

1642 4000 1792 4039 nem.
1833 3985 1989 4054 Lapis
2017 3998 2195 4041 autem
2233 3987 2350 4040 sine
2374 3987 2621 4041 manibus
2647 3980 3231 4051 excisusChristuseSt;

1639 4077 1756 4131 sine
1785 4077 2026 4130 manibus
2048 4093 2193 4141 vero,
2221 4079 2340 4147 quia
2365 4077 2480 4134 sine
2506 4080 2788 4134 concubitu
2817 4081 3099 4151 exvirgine
3129 4098 3229 4136 na-

1642 4175 1728 4222 tus
1757 4178 1857 4222 est.
1909 4168 2157 4223 Erectam
2186 4184 2216 4222 a
2240 4184 2301 4224 se
2322 4177 2548 4224 statuam
2570 4169 3225 4239 Nabuchodonosorjubct

1640 4276 1827 4317 omnes
1844 4262 2089 4327 adorare,
2111 4271 2166 4318 et
2192 4272 2299 4319 tres
2322 4279 2515 4333 pueros
2536 4264 2623 4335 qui
2652 4266 2879 4322 adorare
2905 4267 3158 4325 uolebant
3178 4268 3228 4321 in

1640 4354 1907 4410 fornacem
1932 4355 2196 4426 injicit.Ut
2216 4365 2395 4411 autem
2424 4357 2496 4410 illi
2514 4360 2601 4427 qui
2630 4358 2769 4414 circa
2788 4358 3055 4415 fornacem
3078 4373 3234 4416 erant

1641 4446 1903 4501 interfecti
1931 4455 2133 4513 sunt,et
2162 4446 2312 4516 pueri
2337 4447 2499 4501 Deum
2525 4449 2746 4503 canticis
2766 4449 3222 4513 celebrarent,nhi

1640 4537 1784 4606 ipsos
1809 4538 2050 4592 evocavit
2072 4554 2163 4593 rex
2186 4548 2240 4593 et
2269 4538 2563 4594 incolumes
2593 4540 2743 4605 vidit,
2774 4540 2842 4597 de
2872 4542 2964 4597 Dei
2990 4544 3223 4611 potentia

1640 4639 1861 4700 stupore
1886 4631 2185 4699 perculsus,
2218 4632 2362 4700 ipsos
2391 4632 2684 4701 principatu:
2718 4632 3029 4687 Judaaorum
3053 4636 3223 4689 hono-

1640 4722 1797 4789 ravit,
1821 4721 2203 4793 decretumque
2233 4722 2416 4786 dedit,
2466 4733 2521 4776 ut
2547 4723 2786 4793 quisquis
2814 4726 2864 4778 in
2914 4725 3078 4779 Deum
3109 4728 3220 4782 bla-

1639 4814 1964 4884 Sphemaret,
1994 4824 2166 4869 morte
2197 4815 2538 4884 plecteretur.
2568 4814 2726 4869 Videt
2750 4817 3015 4870 somnium
3048 4818 3221 4872 Nabu-

1639 4905 2013 4961 chodonosor:
2042 4914 2096 4960 et
2123 4920 2243 4960 cum
2272 4905 2541 4975 sapientes
2571 4905 2857 4976 Babylonis
2884 4922 3091 4963 rursum
3119 4910 3234 4963 Ilae-

1642 5005 1845 5063 rerent,
1878 4996 2049 5067 ipsum
2080 4996 2242 5051 solvit
2292 4997 2471 5051 Daniel
2499 5038 2514 5064 ,
2546 4997 2765 5067 regique
2802 5008 2991 5053 auctor
3019 5010 3096 5055 est
3128 5049 3140 5072 ,
3170 5011 3242 5058 ut

1641 5090 1947 5161 iniquitates
1972 5104 2098 5145 suas
2122 5090 2483 5161 eleemosynis
2518 5090 2765 5144 redimat.
2796 5091 2904 5147 Nec
2924 5092 3014 5146 diu
3041 5105 3226 5165 postea

1641 5182 1833 5237 somnii
1866 5183 2045 5237 exitus
2086 5181 2297 5246 evenit;
2341 5181 2682 5251 laudavitque
2730 5182 3227 5243 Nabuchodonosor

1642 5274 1832 5329 Deum.
1868 5273 2050 5329 Sacris
2081 5273 2263 5343 templi
2292 5274 2433 5327 vasis
2453 5273 2609 5343 jussu
2641 5274 2931 5331 Baltasaris
2960 5279 3099 5345 regis
3135 5278 3226 5334 lilii

1641 5363 2190 5419 Nabuchodonosoris
2218 5364 2445 5431 eductis,
2474 5380 2593 5419 cum
2623 5365 2677 5420 in
2708 5366 2813 5422 illis
2833 5376 3229 5437 potarentcon-

1642 5458 1795 5523 vivae,
1839 5458 1967 5513 exiit
2004 5459 2263 5513 articulus
2301 5474 2490 5514 manus
2514 5502 2528 5525 ,
2563 5460 2651 5529 qui
2699 5460 2941 5515 exaravit
2988 5461 3039 5513 in
3072 5476 3226 5514 rnuro

1644 5551 1991 5619 scripturam,
2023 5566 2180 5621 quam
2213 5552 2371 5605 etiam
2400 5567 2518 5605 cum
2551 5565 2657 5605 non
2691 5559 2909 5619 possent
2950 5552 3226 5621 sapientes

1643 5642 1930 5714 Babylonis
1953 5643 2240 5712 explicare,
2277 5644 2461 5697 Daniel
2495 5644 2617 5712 legit
2640 5652 2695 5697 et
2719 5643 3223 5711 interpretatnscsu

1618 5735 1967 5801 indutosque
1994 5745 2077 5794 est
2096 5750 2326 5805 purpura
2350 5780 2363 5806 ,
2391 5737 2993 5807 circumposueruntque
3030 5738 3079 5793 ei
3115 5747 3219 5793 tor-
