3720 6274
469 382 627 441 quem
648 379 874 423 aureum
895 405 912 432 ,
954 363 1485 435 pradicaveruntque
1522 378 1644 419 eum
1676 375 1799 417 esse
1827 359 2045 415 tertium

469 459 767 530 principem
798 457 850 511 in
880 470 1069 526 regno.
1097 455 1230 511 Cum
1248 464 1495 526 regnaret
1523 454 1708 508 Darius
1733 451 1934 514 Medus,
1954 451 2055 505 Da-

471 549 613 605 niele
639 548 882 618 principe
907 546 1219 610 constituto,
1254 547 1464 615 cogitur
1486 562 1517 599 a
1545 544 1776 599 tribunis
1802 552 1853 597 et
1880 550 2054 596 satra-

468 642 552 710 pis
580 639 858 694 decretum
890 637 1224 707 promulgare
1252 677 1266 701 ,
1311 646 1367 690 ut
1400 636 1725 705 quicumque
1781 634 1919 688 intra
1962 633 2056 686 tri-

472 731 617 801 ginta
666 729 784 785 dies
825 727 1025 799 aliquid
1063 727 1144 783 vel
1169 727 1237 781 ab
1266 726 1481 782 homine
1506 725 1756 797 quopiam
1783 724 1866 778 vel
1894 738 1925 777 a
1951 723 2055 778 deo

471 831 698 893 peteret,
724 832 1077 891 praeterquam
1100 836 1130 873 a
1154 834 1300 889 rege,
1337 819 1391 872 in
1418 819 1591 872 lacum
1619 817 1838 872 leonum
1868 815 2055 885 injice-

474 924 644 970 retur.
673 915 791 981 Quo
836 913 1006 978 facto,
1046 926 1166 966 cum
1204 911 1586 966 observassent
1630 910 1903 964 Danielem
1936 924 2055 980 pre-

472 1001 583 1054 cari
601 1002 787 1066 Deum,
818 999 992 1068 ipsum
1020 997 1428 1069 calumniantur,
1460 1004 1760 1067 coguntque
1789 1010 1966 1065 regem
1988 994 2054 1048 ad

473 1092 819 1164 injiciendum
847 1091 997 1145 illum
1028 1090 1082 1143 in
1128 1090 1324 1145 lacum.
1370 1090 1502 1144 Cum
1546 1087 1819 1157 iniecisset
1847 1096 2049 1149 autem,

478 1187 567 1243 ubi
598 1194 781 1257 postea
803 1185 1027 1239 accessit
1054 1193 1107 1238 et
1132 1183 1343 1237 salvum
1374 1182 1591 1252 reperit,
1620 1181 1767 1235 illum
1812 1180 1994 1235 eduxit
2020 1194 2052 1235 e

471 1275 628 1331 lacu:
668 1276 790 1330 illos
828 1285 1003 1329 autem
1038 1273 1125 1343 qui
1170 1273 1344 1341 ipsum
1375 1274 1427 1326 in
1458 1272 1630 1325 laeum
1662 1271 1803 1339 injiei
1836 1285 2056 1325 curave-

477 1376 598 1421 rant
628 1381 751 1421 cum
783 1364 1041 1420 uxoribus
1071 1364 1340 1433 perdidit,
1392 1363 1633 1418 leonibus
1659 1362 1918 1431 objectos.
1952 1361 2055 1416 De-

478 1468 791 1527 cretumque
840 1456 1229 1525 promulgavit,
1260 1464 1316 1508 ut
1343 1469 1530 1509 omnes
1576 1454 1743 1508 Deum
1782 1454 2053 1507 timerent.

486 1551 642 1607 Videt
673 1551 902 1604 ferarum
932 1548 1211 1610 visionem,
1245 1561 1341 1616 per
1363 1548 1606 1611 lemnam,
1642 1560 1864 1617 regnum
1892 1544 2058 1615 Assy-

479 1644 699 1707 riorum,
733 1656 826 1711 per
852 1654 1054 1705 ursum,
1090 1637 1361 1692 Medorum
1391 1647 1445 1692 et
1476 1637 1778 1703 Persarum,
1808 1651 1905 1706 per
1935 1650 2058 1706 par-

476 1735 626 1799 dum,
656 1730 1024 1796 Macedonum,
1054 1744 1148 1799 per
1176 1738 1419 1799 quartam
1448 1727 1635 1792 feram,
1666 1727 2053 1781 Romanorum.

481 1826 813 1880 Vaticinatur
839 1825 999 1878 etiam
1032 1822 1098 1876 de
1126 1822 1362 1888 Christo,
1385 1830 1440 1877 ct
1483 1820 1552 1875 de
1579 1819 1844 1875 Antiocho
1866 1819 2053 1887 impio.

485 1918 583 1974 llic
609 1920 750 1973 enim
778 1926 860 1972 est
882 1931 1047 1971 cornu
1067 1929 1303 1985 parvum,
1322 1912 1463 1984 quod
1487 1913 1723 1968 excussit
1740 1914 1836 1967 tria
1854 1912 2054 1982 priora.

487 2012 813 2068 Vaticinatur
836 2008 1102 2080 quomodo
1129 2007 1428 2062 Alexander
1450 2006 1667 2060 Macedo
1693 2020 1915 2075 regnum
1930 2005 2059 2060 Pcr-

482 2118 663 2158 sarum
702 2101 895 2167 solvit;
923 2100 1144 2156 arietem
1169 2099 1352 2154 dieens
1378 2113 1559 2168 regem
1582 2099 1862 2153 Persarum
1886 2138 1905 2166 ,
1948 2098 2059 2153 hir-

480 2210 602 2250 cum
633 2192 994 2248 Alexaudrum
1041 2191 1403 2246 Macedonem.
1454 2189 1649 2245 Ultima
1674 2191 1809 2245 visio
1863 2191 1951 2245 hic
1992 2190 2060 2245 de

490 2288 674 2357 regina
697 2285 866 2340 austri
895 2284 1088 2339 dicitur
1108 2285 1162 2338 in
1197 2284 1334 2338 libro
1358 2282 1781 2338 Machahaeorum
1814 2284 2057 2353 reperiri.

477 2380 667 2434 Belum
697 2377 899 2433 decutit
939 2385 992 2431 et
1031 2375 1318 2431 draconem
1349 2374 1581 2442 occidit;
1629 2375 1682 2429 in
1724 2376 1897 2430 lacum
1938 2390 2062 2445 pro-

473 2471 658 2539 jicitur
708 2479 764 2525 et
810 2478 1090 2534 servatur,
1143 2475 1197 2520 ct
1240 2466 1330 2537 qui
1381 2466 1433 2521 in
1481 2481 1638 2521 causa
1692 2475 1875 2534 erant,
1919 2467 2061 2537 quod

476 2562 753 2631 conjcctus
789 2559 1015 2626 fuisset,
1062 2557 1373 2627 injiciuntur
1412 2566 1469 2614 et
1516 2557 1840 2614 devorantur
1875 2572 1905 2612 a
1950 2558 2063 2613 leo-

482 2655 658 2709 uibus.

1195 2777 1346 2817 OSEB.

551 2881 776 2937 Jubetur
805 2880 1046 2951 accipere
1070 2893 1289 2936 uxorem
1319 2878 1675 2945 meretricem,
1704 2888 1758 2934 et
1784 2889 2063 2934 nascentes

480 2975 711 3031 infantes
732 2989 926 3028 vocare
954 2971 1179 3038 Jezrael,
1214 2969 1335 3025 Non
1362 2971 1754 3026 misericordiam
1787 2988 2064 3043 consequu-

481 3079 607 3137 tam,
635 3076 690 3125 et
720 3066 838 3121 Non
867 3067 1086 3137 populus
1114 3082 1252 3119 meus
1305 3064 1461 3134 (Osee
1504 3066 1554 3120 l.
1589 3066 1643 3121 4.
1676 3066 1729 3120 6.
1759 3065 1839 3137 9).
1871 3066 1938 3120 Et
1969 3081 2061 3121 ac-

477 3170 633 3217 cusat
672 3160 922 3230 populum
962 3158 1028 3213 de
1058 3156 1427 3222 fornicatione,
1458 3156 1799 3227 praedicilque
1838 3157 1909 3211 illi
1940 3173 2062 3227 per-

478 3252 708 3318 niciem,
758 3260 813 3305 et
867 3265 998 3320 opes
1052 3250 1308 3320 quasdam
1374 3258 1496 3318 post
1558 3249 1871 3319 perniciem.
1931 3249 2064 3304 illud

477 3354 679 3406 autem,
713 3342 993 3412 Diaponam
1019 3350 1365 3395 testamentum
1392 3357 1508 3393 cum
1534 3341 1700 3394 bestiis
1728 3341 1873 3411 agri,
1898 3351 1944 3393 et
1974 3341 2064 3395 ἀει

479 3432 730 3504 apomabo
751 3433 803 3485 in
831 3432 931 3500 ﬁde
958 3431 1109 3500 (Osee
1137 3431 1193 3484 2.
1229 3431 1341 3500 i8),
1368 3440 1541 3500 potest
1566 3430 1733 3499 accipi
1752 3430 1818 3485 de
1844 3430 2067 3484 creden-

481 3526 624 3581 tibus
656 3526 709 3579 in
739 3524 1031 3578 Christum.
1064 3523 1288 3577 Jubetur
1312 3522 1555 3592 accipere
1586 3538 1805 3577 uxorem
1832 3521 2065 3578 fornica-

480 3619 637 3686 riam,
682 3617 987 3672 Judaeorum
1031 3614 1419 3669 desolationem
1463 3613 1761 3680 declarans,
1817 3615 2067 3684 ipsosque

484 3718 704 3764 accusat
726 3708 794 3763 de
821 3706 1001 3762 multis
1026 3706 1339 3777 magnisque
1366 3704 1620 3776 peccatis,
1656 3713 1761 3759 tam
1790 3706 2065 3777 populum,

485 3814 646 3870 quam
675 3797 1000 3854 sacerdotes.
1028 3796 1355 3852 Criminatur
1384 3811 1596 3867 quoque
1624 3811 1809 3852 eorum
1840 3797 2068 3852 ebrieta-

483 3904 611 3959 tem,
632 3890 1053 3956 fornicationem,
1077 3895 1132 3943 et
1153 3888 1499 3943 iracundiam.
1522 3888 1734 3942 Incusat
1749 3887 1888 3958 quod
1916 3902 2065 3957 spem

482 3997 511 4036 a
542 3982 651 4036 Deo
680 3979 1081 4046 transferentes,
1105 3979 1156 4033 in
1185 3980 1433 4049 Assyrios
1454 3979 1793 4046 contulerint,
1816 3988 1871 4035 et
1896 3979 2065 4051 {Egy-

482 4075 605 4145 ptiis
643 4073 832 4128 conﬁsi
872 4072 999 4125 sint.
1050 4070 1487 4140 Vaticinalnrque
1514 4070 1592 4125 eis
1623 4071 1896 4126 ultionem.
1936 4073 2069 4127 Dicit

483 4167 830 4238 Ephraimum
854 4179 976 4219 eum
1006 4179 1103 4234 per
1131 4164 1324 4219 auxilia
1353 4163 1453 4219 sibi
1486 4164 1717 4234 praestita
1749 4163 1900 4218 fortis
1937 4180 2066 4219 eva-

480 4261 674 4327 sisset,
724 4259 884 4314 rebus
931 4257 1179 4313 secundis
1227 4258 1362 4312 citra
1418 4256 1669 4311 decorum
1721 4271 1873 4311 usum
1922 4272 2065 4311 esse.

482 4352 727 4409 Ostendit
756 4353 897 4406 Deus
935 4366 1086 4407 suam
1130 4352 1271 4405 circa
1325 4352 1587 4407 lsraelitas
1629 4352 2064 4416 sollicitudinem,

486 4445 805 4513 illorumque
836 4456 961 4511 erga
989 4457 1049 4498 se
1079 4443 1340 4512 ingratum
1385 4443 1621 4498 animant
1666 4461 1679 4497 :
1713 4453 1767 4500 et
1796 4444 2069 4499 calamita-

485 4544 565 4589 tes
594 4533 724 4604 ipsis
750 4532 1006 4603 praedicit.

1202 4660 1345 4703 JOEL.

556 4782 968 4852 Corruptionem
999 4779 1268 4836 fructuum
1298 4789 1457 4837 terrae
1496 4790 1696 4850 narrat,
1736 4791 1791 4838 et
1830 4782 2072 4840 hortatur

485 4882 543 4929 ut
570 4875 737 4928 Deum
776 4874 877 4928 sibi
909 4873 1197 4943 propitium
1238 4874 1484 4929 reddant.
1530 4875 1858 4932 Vaticinatur
1885 4893 2072 4933 ascen-

486 4982 604 5021 sum
635 4966 840 5036 Assyrii
873 4986 886 5020 :
922 4975 1103 5036 postea
1126 4982 1253 5022 vero
1279 4968 1417 5022 bona
1444 4969 1691 5038 quaedam
1724 4970 2064 5039 praenuntiat.

488 5056 642 5122 Quod
666 5055 921 5126 apostolis
960 5055 1155 5110 accidit
1192 5058 1333 5112 circa
1363 5059 1538 5112 varias
1566 5059 1773 5130 linguas
1808 5062 2068 5130 praedicit.

486 5146 819 5200 Vaticinalur
849 5146 1007 5200 etiam
1034 5148 1271 5216 gentium
1301 5150 1615 5217 perniciem,
1658 5166 1777 5220 qua:
1803 5160 1922 5220 post
1946 5154 2069 5207 red-

486 5242 619 5294 itum
644 5256 714 5295 ex
743 5238 1011 5309 Babylone
1034 5240 1135 5294 sub
1160 5240 1490 5298 Zorobabele
1517 5243 1757 5314 contigit.
1788 5242 1884 5300 llic
1914 5260 2071 5317 porro

486 5331 636 5387 locus
659 5330 970 5400 allegoriam
1002 5332 1258 5388 continet.

1210 5482 1363 5523 AIOS.

559 5575 806 5631 Prmdieit
851 5575 1154 5645 iniquitates
1209 5578 1488 5647 Damasci,
1538 5581 1712 5647 Gazae,
1756 5585 1903 5658 Tyri,
1947 5587 2070 5643 idu-

489 5681 766 5737 matorum,
793 5666 1235 5738 Ammanitarum,
1266 5667 1629 5742 Moabitarum,
1655 5673 1801 5731 Juda:
1829 5686 1877 5733 et
1902 5679 2068 5736 Israe-

1177 246 1237 304 S.
1277 245 1554 305 JOANNIS
1576 239 2057 304 CHRYSOSTOMI
2096 239 2415 303 ARCHIEP.
2456 247 2996 312 CONSTANTINOP.

2162 358 2249 427 lis,
2278 371 2333 418 et
2354 378 2541 436 poenas
2564 384 2685 439 quae
2719 370 2838 427 illos
2873 380 3177 441 exceptura:
3215 382 3363 430 sunt.
3396 374 3678 439 Numer-ast

2160 452 2415 510 beneﬁcia
2440 471 2471 511 a
2498 459 2607 513 Deo
2635 459 2691 514 in
2724 461 2939 518 Judznos
2963 464 3181 531 collata,
3221 466 3556 540 illorumque
3591 487 3678 544 πρε

2158 547 2335 616 gentia
2397 557 2454 603 et
2529 561 2913 624 contemptus,
2956 564 3116 627 atque
3142 573 3408 615 erumna:
3469 575 3592 631 qua
3630 565 3678 621 i8

2159 648 2489 709 exspectant.
2523 642 2771 700 Praedicit
2815 647 2957 702 circa
3000 650 3255 706 mulieres
3296 650 3593 720 Samaria,
3630 656 3678 711 ﬁl

2159 728 2430 787 ebrietatis
2476 743 2530 787 et
2568 736 2768 805 rapinae
2806 753 3082 795 accusans.
3115 740 3449 799 Vaticinatur
3478 743 3663 801 famem

2159 818 2561 877 dissolutionem
2590 840 2654 879 eo
2684 828 2826 896 quod
2865 845 2970 884 non
3014 841 3479 901 converterentur,
3521 845 3574 891 et
3608 854 3678 908 qu

2160 914 2341 967 multis
2370 914 2546 970 allecti
2580 917 2750 987 plagis
2775 935 2880 975 non
2921 923 3172 980 meliores
3197 927 3516 983 evaderent.
3544 928 3678 986 Intus

2162 1000 2441 1071 lsraeletn,
2491 1007 2631 1075 quod
2686 1024 2781 1063 eos
2829 1013 2918 1079 qui
2967 1028 3026 1068 se
3080 1015 3478 1087 redarguebant
3526 1023 3678 1077 mole:

2162 1094 2362 1172 ferrent
2395 1116 2408 1151 :
2449 1108 2501 1151 et
2528 1098 2771 1156 hortatur
2815 1114 2872 1157 ut
2914 1116 3291 1163 convertantur
3315 1111 3383 1165 ad
3427 1112 3609 1168 Deum.
3652 1115 3677 1171 ἢ

2160 1185 2393 1240 credulis
2428 1190 2782 1245 comminatur
2807 1192 2978 1248 futura
3010 1200 3165 1251 mala.
3199 1199 3274 1254 De
3303 1201 3414 1255 illis
3440 1218 3597 1271 perm
3620 1204 3677 1257 aii

2170 1274 2257 1329 Va:
2294 1279 2378 1346 qui
2403 1278 2689 1335 desiderant
2714 1282 2845 1337 diem
2874 1284 3079 1340 Domini
3110 1288 3298 1358 (Amos
3323 1292 3379 1346 5.
3411 1293 3478 1348 18
3499 1293 3543 1363 ).
3569 1297 3678 1367 Aliq

2158 1383 2287 1424 vero
2323 1370 2373 1424 id
2402 1372 2701 1427 retulerunt
2739 1375 2806 1428 ad
2848 1375 3082 1433 futurum
3112 1380 3373 1449 judicium
3404 1401 3419 1437 :
3446 1395 3506 1439 ut
3532 1388 3678 1455 quida

2161 1460 2552 1517 ineredulorum
2580 1480 2719 1519 nunc
2746 1467 2929 1522 dicunt
2957 1486 2971 1522 :
3002 1470 3119 1525 Non
3157 1472 3260 1528 erit
3284 1475 3577 1543 judicium;
3603 1495 3677 1548 qu

2160 1551 2203 1605 si
2235 1552 2467 1607 futurum
2496 1563 2601 1622 est,
2630 1557 2829 1612 veniat.
2862 1558 3184 1631 Reprobatio
3211 1564 3471 1622 festorum
3512 1570 3678 1627 illam:

2161 1644 2543 1701 sacriﬁciorum
2574 1658 2628 1703 et
2657 1651 3052 1719 psalteriorum.
3081 1655 3304 1713 Stellam
3348 1659 3436 1715 dei
3484 1663 3678 1733 Raphat

2160 1736 2446 1793 Saturnum
2475 1740 2604 1795 dicit
2650 1760 2663 1796 :
2714 1745 2963 1813 quoniam
3005 1749 3231 1817 gentiles
3274 1751 3359 1806 dei
3406 1755 3491 1808 sui
3532 1755 3678 1811 Satur

2161 1829 2368 1884 stellam
2398 1846 2517 1886 esse
2544 1832 2729 1888 dicunt
2768 1837 2820 1890 in
2856 1839 3007 1906 caelo,
3049 1856 3206 1909 quam
3249 1845 3414 1899 etiam
3460 1846 3678 1905 Saturne

2162 1929 2371 1976 vocant.
2403 1924 2538 1978 Dicit
2565 1936 2765 1993 autem,
2799 1927 2944 1982 Nam
2971 1933 3195 1987 victimas
3235 1946 3283 1989 et
3318 1940 3570 2007 sacriﬁcia
3594 1944 3677 1997 σόει

2162 2010 2289 2064 [istis
2336 2013 2463 2066 mihi
2495 2016 2644 2070 annis
2684 2018 3021 2090 quadraginta
3065 2023 3238 2093 (Amos
3279 2027 3334 2081 5.
3377 2027 3511 2099 Ωδμ
3563 2031 3678 2102 Νεᾳι

2163 2103 2305 2158 enim
2342 2108 2566 2175 p0pulus
2594 2110 2806 2174 obtulit,
2854 2113 2948 2168 sed
2992 2116 3092 2169 soli
3124 2120 3410 2190 principes,
3438 2137 3559 2177 cum
3595 2136 3677 2180 stel

2165 2196 2585 2252 tabernaculum.
2614 2200 2709 2255 llic
2735 2202 2806 2257 de
2837 2211 2947 2259 toto
2979 2210 3172 2277 populo
3217 2211 3472 2281 loquitur.
3518 2217 3678 2273 Aecus

2163 2289 2322 2343 etiam
2351 2290 2468 2346 illos
2498 2291 2567 2347 de
2597 2292 2952 2352 immoderato
2979 2299 3121 2367 cibo,
3163 2314 3219 2357 et
3252 2304 3579 2362 calamitates
3612 2310 3678 2378 ipa

2167 2383 2425 2451 praedicit.
2459 2385 2561 2441 Per
2584 2386 2841 2455 locustas,
2884 2401 2940 2446 et
2976 2401 3377 2465 testamentum,
3418 2409 3474 2454 et
3497 2401 3678 2459 ademi

2166 2482 2292 2541 tem,
2321 2489 2508 2530 eorum
2538 2493 2723 2533 necem
2748 2480 3064 2537 vaticinatur
3086 2504 3101 2539 :
3122 2499 3353 2559 cumque
3378 2490 3495 2546 haec
3522 2494 3678 2549 Athesi

2165 2568 2276 2658 regi
2309 2567 2682 2638 signiﬁcasset,
2716 2572 2802 2629 hic
2829 2575 3143 2646 prophetam
3168 2581 3219 2634 vi
3246 2584 3447 2652 repulit
3470 2593 3527 2640 et
3550 2588 3678 2658 abegi

2166 2657 2260 2714 llle
2285 2675 2413 2715 vero
2439 2661 2537 2732 ipsi
2564 2671 2619 2719 et
2653 2666 2848 2734 populo
2886 2668 3027 2725 mala
3066 2673 3324 2741 prmdicit.
3365 2676 3434 2730 Et
3473 2678 3615 2734 ridet
3649 2657 3677 2735 ἢ

2165 2754 2419 2823 aucupis;
2451 2770 2546 2825 per
2567 2756 2669 2813 hoc
2694 2768 2873 2815 autem
2900 2760 3044 2832 ipsos
3069 2765 3362 2835 capiendos
3387 2784 3510 2826 esse
3529 2772 3678 2826 india

2167 2842 2474 2915 lniquitates
2514 2856 2569 2903 et
2618 2848 2896 2906 violentias
2933 2868 3118 2910 eorum
3156 2868 3457 2929 enumerat,
3509 2872 3563 2918 et
3608 2872 3678 2918 ma

2169 2934 2313 3004 ipsos
2331 2938 2598 2993 invasura.
2618 2940 2751 2997 illud
2775 2951 2951 2999 autem
2973 2962 2987 2999 :
3010 2946 3215 3003 Occidet
3238 2951 3317 3005 εοι
3341 2954 3550 3009 meridie
3573 2956 3678 3025 (Am

2167 3026 2222 3082 8.
2251 3024 2330 3097 9),
2362 3028 2430 3085 de
2458 3038 2694 3103 tempore
2724 3036 2987 3103 passionis
3010 3037 3206 3096 Christi
3236 3024 3678 3104 vaticinatur.Pra

2168 3118 2294 3175 dicit
2320 3122 2479 3176 etiam
2504 3122 2571 3179 de
2598 3125 2939 3183 credentibus
2970 3130 3021 3184 in
3048 3130 3340 3190 Christum.

2860 3258 3058 3299 ABDIAS.

2244 3346 2504 3405 Ultionem
2547 3351 2617 3407 de
2658 3353 2901 3410 ldumwis
2938 3359 3248 3416 sumendam
3296 3364 3552 3432 praedicit,
3589 3383 3678 3437 qua

2169 3439 2403 3507 subiere,
2437 3443 2558 3512 quia
2584 3459 2703 3500 cum
2729 3448 2951 3520 reliquis
2979 3450 3224 3509 hostibus
3249 3454 3560 3514 invaserunt
3581 3458 3678 3515 lsra

2170 3528 2310 3586 litas.
2338 3531 2700 3599 De,Ecclesia.

2880 3669 3053 3710 JONAS.

2241 3761 2403 3818 Jonas
2440 3763 2698 3834 propheta
2737 3778 2919 3823 narrat
2945 3770 3120 3840 fugam
3163 3773 3216 3826 in
3256 3772 3499 3842 Tharsis,
3540 3787 3678 3849 templ

2171 3862 2385 3922 statem,
2410 3856 2721 3927 deglutitum
2747 3874 2807 3915 se
2829 3875 2859 3914 a
2879 3871 3018 3928 ceto,
3041 3873 3097 3919 et
3116 3864 3364 3934 ejectum,
3388 3871 3677 3937 poenitentia

2171 3945 2559 4018 Ninivitarum,
2600 3961 2865 4007 servatam
2912 3955 3263 4024 cucurbitam,
3316 3972 3636 4019 crescentem
3676 3988 3677 4009 ι

2171 4048 2481 4106 pereuntem
2510 4043 2903 4113 complectitur.

2831 4194 3091 4237 IICHEAS.

2244 4316 2499 4372 Futuram
2551 4316 2935 4376 desolationem
2990 4322 3244 4378 Samaria:
3300 4332 3356 4380 et
3411 4323 3678 4397 Jemsolym

2172 4409 2432 4478 prazdicit,
2464 4424 2786 4482 causamque
2813 4413 3014 4483 adjicit.
3046 4415 3328 4485 Subjungit
3368 4418 3532 4472 etiam
3571 4432 3678 4473 com

2172 4500 2401 4556 reditum
2428 4517 2494 4556 ex
2520 4502 2813 4575 Babylone,
2854 4506 3078 4561 erimina
3115 4516 3172 4562 et
3196 4510 3568 4565 accusationes
3605 4510 3678 4580 pri!

2175 4593 2352 4662 cipum
2391 4595 2571 4664 pepuli
2598 4606 2653 4649 et
2682 4596 3041 4664 sacerdotum,
3068 4608 3228 4668 atque
3265 4600 3678 4671 pseudOpropbet

2175 4703 2313 4742 rum.
2350 4688 2424 4744 De
2452 4688 2689 4745 Ecclesia
2716 4690 2971 4747 credente
3009 4693 3062 4746 in
3102 4693 3385 4748 Dominum
3412 4704 3677 4757 nostrumu

2174 4778 2241 4833 de
2264 4777 2413 4833 Novo
2438 4780 2780 4837 Testamento
2808 4798 2820 4835 :
2845 4797 2967 4837 nam
2991 4786 3133 4853 prior
3149 4784 3232 4838 lex
3252 4785 3584 4853 praeteritum
3603 4796 3677 4839 eral

2175 4880 2228 4924 et
2269 4870 2336 4925 de
2384 4886 2531 4941 pace.
2580 4871 2711 4926 Mala
2758 4890 2968 4930 rursum
3014 4874 3215 4931 Iudaeis
3260 4874 3678 4946 praedicuntur.l

2176 4961 2371 5017 Christi
2396 4963 2694 5018 secundum
2716 4980 2930 5021 carnem
2964 4968 3328 5035 generatione,
3365 4979 3421 5025 et
3458 4970 3530 5025 de
3566 4971 3623 5025 iis
3652 4982 3677 5035 ιιι

2178 5053 2230 5107 in
2259 5053 2428 5123 ipsum
2458 5055 2708 5110 credituri
2736 5067 2878 5112 sunt.
2911 5056 2979 5111 Et
3002 5059 3092 5112 erit
3113 5060 3367 5114 residuum
3388 5061 3550 5116 Iacob
3569 5060 3678 5131 (lia

2176 5148 2229 5201 5.
2261 5148 2313 5217 7)
2347 5147 2525 5217 :quod
2553 5148 2627 5202 ait
2653 5148 2848 5203 Paulus
2887 5152 3182 5219 apostolus,
3214 5152 3363 5216 Quod
3405 5155 3623 5208 relictam
3650 5164 3678 5203 ei

2177 5240 2448 5293 salvabitur
2479 5241 2652 5310 (Rom.
2700 5241 2753 5296 9.
2793 5243 2907 5311 27).
2936 5242 3200 5297 Judicium
3239 5244 3464 5299 Domino
3505 5246 3678 5299 adversi

2179 5333 2427 5403 populum
2456 5349 2633 5401 suum,
2662 5343 2715 5388 et
2745 5334 3125 5391 beneficiorum
3152 5336 3266 5406 cjus
3290 5336 3678 5421 euumeratioml

2241 5469 2256 5499 ¹
2294 5466 2348 5517 In
2392 5469 2512 5519 Edit.
2560 5477 2724 5530 ltom.,
2771 5469 3020 5535 Raipltan,
3064 5470 3265 5535 legitur.
3311 5472 3369 5522 In
3399 5472 3678 5552 Hebraicoj'l

2177 5564 2482 5629 exprimitur.
2510 5566 2825 5629 Hieronymus
2848 5576 2967 5615 vero
2985 5572 3161 5616 CHION.
3198 5566 3448 5629 Abenezra
3470 5560 3677 5629 quoqued

2176 5627 2239 5691 cit
2259 5638 2372 5691 esse
2395 5633 2663 5691 Saturnum,
2690 5626 2743 5674 ut
2761 5626 3169 5691 Chrysostomls._
3196 5626 3249 5677 In
3287 5628 3392 5679 Act.
3426 5626 3678 5691 Aliastolmﬁ

2180 5688 2376 5751 legitur,
2402 5689 2450 5749 7,
2474 5690 2551 5748 45,
2576 5689 2717 5741 Stilus
2736 5688 2819 5741 dei
2840 5688 2982 5742 vestri
3006 5689 3282 5753 Rempham.
