3720 6274
23 296 72 355 ΕΒ
1122 291 1189 348 IN
1227 291 1556 349 NATALEM
1592 290 1864 348 CHRISTI
1904 292 2090 349 DIEM.

23 406 329 478 robatioque
371 405 778 463 sacrificiorum.
802 403 974 476 Luget
1008 404 1268 475 propheta
1301 404 1449 474 quasi
1477 403 1567 473 ju’

26 498 63 551 is
91 508 143 551 et
172 497 342 553 bonis
370 499 501 553 viris
536 496 928 553 deficientibus.
958 494 1024 550 Et
1052 496 1106 550 in
1134 498 1239 551 line
1265 504 1385 565 post
1408 510 1565 549 aecu-

23 590 230 644 lIIOIICm
261 599 322 645 et
344 588 814 645 comminationem
843 590 1153 660 magnarum
1180 588 1561 649 Calamitatum.

24 696 99 735 ωτι
128 683 465 750 praenuntiat
493 681 700 736 lsraeli.

670 826 868 868 NAIUI.

43 947 111 1002 De
139 948 388 1017 potentia
436 948 528 1003 Dei
573 946 788 1005 disserit
834 961 848 999 :
898 943 967 1000 de
1011 945 1267 1015 apostolis
1298 944 1553 1015 praedicit.

3148 298 3258 353 ωδ

1678 404 1875 474 Adjicit
1896 414 2074 461 autem
2106 404 2433 460 invasionem
2458 405 2868 478 Babyloniorum
2897 420 3082 465 contra
3115 411 3263 467 Nini.

1680 497 1836 560 vitas,
1865 495 2055 550 borum
2081 497 2471 565 captivitatem.
2500 498 2728 554 Enarrat
2751 502 2867 569 ejus
2896 503 3186 572 potentiam
3209 514 3264 560 ct

1674 588 1905 656 divitias,
1936 603 2066 658 quas
2097 587 2281 643 habuit
2314 600 2604 660 antequam
2631 603 2936 661 caperetur.

2014 699 2273 756 Hactenus
2298 702 2555 771 exemplar
2582 701 2792 758 habebat
2819 704 2921 775 (a).

1738 831 1810 904 (α)
1838 836 1956 883 Haec
1971 832 2250 904 estlibtarii
2289 832 2475 885 Codicis
2498 833 2775 904 Coisliniani
2814 845 2927 887 nota
2963 842 3263 904 quasignili-

1672 900 1816 1005 astu;
1829 904 1954 956 opus
1976 894 2313 958 imperfectum
2336 908 2469 959 esse,
2494 904 2548 947 et
2570 900 2822 961 exemplar
2859 894 3001 950 suum
3025 902 3108 952 illo
3125 894 3266 953 desi-

1673 968 1706 1003 n

23 1246 3229 1281 Wm-

711 1597 820 1658 ΔΙ)
870 1545 1297 1655 ἨΟΜΙΙΑΙΑΜ
1339 1590 1421 1651 IN
1476 1590 1863 1652 NATALEM
1918 1587 2237 1652 CHRISTI
2302 1591 2527 1654 DIEM.

23 1868 266 1915 nmutata
320 1866 584 1913 manente
639 1864 855 1911 natura.
886 1873 904 1907 ι
943 1852 1041 1908 His
1086 1865 1251 1923 porro
1306 1851 1590 1924 subjungit
1628 1851 1732 1906 alia
1780 1849 2062 1922 quaedam,
2104 1866 2225 1922 quae
2255 1866 2407 1905 num.
2445 1848 2481 1903 Ξ
2524 1851 2779 1923 leguntur
2818 1871 2830 1906 :
2873 1851 2973 1918 Qui
3026 1854 3082 1908 in
3122 1854 3255 1910 solio

23 1978 187 2031 tbiimi
222 1977 583 2047 praecisoque
621 1974 873 2039 considet,
912 1972 1046 2027 is'in
1074 1971 1329 2042 pra'sepio
1366 1972 1619 2040 ponitur:
1658 1969 2038 2040 impalpobilis,
2075 1969 2318 2040 simplex,
2353 1970 2712 2038 incorporeus,
2738 1971 2981 2025 Immanis
3015 1972 3255 2026 manibus

23 2104 344 2148 mtrectatur
366 2112 385 2150 :
409 2095 496 2166 qui
521 2103 853 2166 peccatorum
879 2090 1087 2146 vincula
1124 2089 1424 2157 disrumpit,
1480 2090 1659 2160 fasciis
1693 2089 2088 2159 constringitur.

48 2211 143 2265 His
176 2212 501 2283 conspectis
552 2187 875 2267 testimoniis
920 2215 1081 2278 atque
1123 2206 1296 2271 locis,
1350 2206 1472 2276 quis
1514 2221 1625 2260 non
1658 2206 1845 2271 credat
1884 2221 1997 2260 rcm
2043 2219 2166 2259 esse
2204 2202 2543 2265 confectam,
2591 2200 2983 2272 homiliamquc
3020 2200 3257 2275 Chrysov

23 2341 150 2385 tonio
178 2330 573 2384 incunctanter
605 2328 776 2383 fuisse
808 2325 1212 2397 adjudicataut?
1243 2325 1443 2380 Verum
1476 2339 1634 2378 secus
1673 2340 1761 2378 res
1791 2322 1974 2378 cessit.
2016 2320 2150 2376 Nam
2208 2320 2443 2375 Savilius
2491 2336 2611 2375 eam
2653 2310 2795 2376 inter
2834 2321 2991 2375 dubia
3034 2320 3253 2375 locavit.

24 2438 178 2493 ronto
237 2439 475 2496 Ducaaus
532 2440 677 2495 inter
730 2438 916 2510 spuria
972 2437 1165 2492 edidit.
1209 2436 1586 2491 Tillemontius
1634 2451 1765 2491 vero
1804 2443 1959 2505 putat
1994 2434 2268 2490 laudatam
2315 2449 2347 2488 a
2386 2432 2588 2505 Cyrillo
2625 2434 2998 2506 Chrysostomi
3032 2436 3257 2491 nomine

25 2558 257 2612 omiiiam
292 2598 306 2621 ,
345 2556 715 2627 Chrysostomi
760 2570 881 2611 esse
932 2562 1226 2624 oportere:
1264 2550 1359 2606 sed
1389 2551 1688 2605 arbitratur
1717 2550 1878 2616 hanc,
1908 2565 2074 2620 quam
2120 2564 2269 2603 nunc
2320 2548 2603 2619 habemus,
2649 2548 2928 2604 homiliam
2955 2564 3079 2606 esse
3121 2566 3255 2606 cen-

24 2691 196 2738 mem,
236 2674 339 2729 ubi
375 2673 421 2728 is
450 2673 540 2743 qui
577 2671 722 2725 illam
768 2669 935 2725 variis
967 2684 1031 2724 ex
1079 2668 1213 2723 locis
1255 2664 1688 2730 consarcinavit,
1723 2675 1784 2720 ut
1813 2664 2025 2720 facilius
2060 2664 2242 2719 fucum
2272 2663 2509 2731 faceret,
2556 2665 2666 2720 duo
2709 2665 2797 2720 illa
2836 2666 2949 2722 loca
2982 2683 3010 2721 a
3059 2666 3257 2739 Cyrillo

23 2793 140 2850 llata
191 2792 513 2849 inseruerit.
572 2790 836 2861 Quodque
887 2790 1178 2845 observatu
1228 2787 1450 2858 dignum
1501 2793 1618 2851 est,
1656 2784 1735 2838 ait
1772 2783 2001 2856 Cyrillus
2040 2783 2094 2837 in
2127 2783 2247 2839 loco
2284 2783 2536 2854 superius
2576 2783 2779 2849 allato,
2826 2785 3053 2854 justitiw
3094 2776 3257 2842 solem

24 2915 437 2984 rcircumscripte
486 2912 756 2981 complexa
811 2912 931 2983 fuit,
976 2911 1083 2966 dici
1126 2909 1194 2965 de
1239 2917 1425 2965 sancta
1485 2907 1744 2978 Virgine,
1788 2906 1877 2962 hic
1918 2916 2099 2961 autem
2144 2909 2213 2963 de
2253 2906 2573 2967 Bethlehem
2614 2908 2901 2976 dicuntur;
2943 2912 3090 2981 quod
3128 2927 3259 2967 sane

23 3020 274 3083 intonem
317 3041 442 3081 esse
472 3026 723 3093 suadeat,
764 3024 926 3080 modo
955 3022 1277 3085 Athanasio,
1308 3020 1469 3076 modo
1504 3018 1894 3092 Chrysostomo
1926 3017 2213 3073 tributum.
2610 3004 2614 3009 ’

56 3145 446 3216 lnterpretatio
477 3144 667 3200 Latina
699 3154 783 3202 est
816 3143 1106 3201 Frontonis
1133 3139 1335 3196 Ducaai.

557 3763 621 3808 IN
656 3759 1040 3808 ssnvnonrs
1082 3761 1311 3806 ποετ-ιιι
1360 3761 1507 3806 sese
1543 3760 1798 3805 cunrsn
1846 3755 2285 3805 NATIVITATBII
2324 3752 2562 3800 ORATIO
2595 3734 2703 3817 (a).

53 4198 123 4270 (ι)
146 4197 469 4270 Mysterium
485 4187 680 4253 novum
698 4207 752 4254 et
770 4197 1083 4253 admirabile
1096 4195 1279 4251 video:
1295 4203 1567 4267 pastorum
1608 4272 1611 4273 ί
1677 4187 1780 4243 sit:
1804 4185 1894 4241 ubi
1920 4186 2065 4242 enim
2092 4185 2234 4245 Deus
2251 4188 2383 4254 vult.
2414 4188 2487 4245 ibi
2513 4201 2719 4252 naturae
2737 4197 2875 4255 ordo
2900 4201 3062 4262 cedit.
3084 4204 3267 4266 Voluit

24 4292 196 4346 ocihus
212 4306 379 4347 aures
395 4306 531 4347 mea:
542 4291 955 4355 circumsonant,
971 4290 1061 4359 qui
1078 4305 1183 4344 non
1205 4286 1312 4344 leni
1328 4298 1482 4343 cantu
1501 4289 1574 4342 si-

24 4380 163 4451 ilsnt,
177 4384 276 4438 sed
286 4384 560 4439 cadestem
573 4383 826 4454 hymnum
838 4382 1338 4452 concinunt.Angcli
1351 4390 1567 4449 canunt,

24 4474 284 4545 rchangeli
306 4475 668 4541 modulantur,
683 4474 971 4531 Cherubim
989 4474 1242 4546 hymnum
1260 4473 1462 4539 dicunt,
1476 4473 1572 4530 Se-

24 4566 186 4632 aptiim
216 4566 522 4637 giorilicant
541 4607 555 4629 ,
582 4581 769 4621 omnes
793 4566 984 4621 festum
1020 4567 1294 4623 celebrant
1316 4607 1330 4631 ,
1360 4565 1487 4622 dum
1518 4568 1570 4621 in

24 4658 137 4711 mis
174 4657 351 4712 Deum
372 4698 387 4720 ,
416 4670 468 4711 et
499 4657 769 4712 hominem
796 4659 848 4712 in
874 4657 1023 4712 caelis
1048 4669 1274 4713 cernunt
1297 4673 1451 4713 zeum
1479 4658 1571 4728 qui

23 4762 192 4801 ursum
214 4758 325 4812 est,
352 4758 569 4818 propter
590 4748 1039 4820 dispensationem
1066 4748 1315 4803 deorsum
1336 4749 1568 4814 versari;

24 4854 102 4891 um
130 4841 222 4910 qui
248 4838 510 4895 deorsum
532 4854 648 4894 erat
667 4881 682 4903 ,
709 4849 926 4910 propter
952 4840 1330 4909 benignitatem
1357 4855 1568 4895 sursum

24 4944 122 4982 une
150 4929 364 4984 versari
393 4930 431 4981 ³.
465 4929 631 4985 Hodie
670 4930 938 4986 Bethleem
991 4932 1177 4986 caelum
1219 4932 1418 4987 imitata
1445 4941 1570 4990 est:

24 5037 100 5074 ure
126 5023 413 5076 Stellarum
438 5023 647 5092 quidem
670 5023 788 5079 loco
815 5024 1032 5094 angelos
1054 5034 1305 5081 canentes
1332 5028 1569 5097 excepit,

23 5113 113 5165 olis
135 5124 323 5168 antem
358 5113 476 5168 loco
491 5115 709 5185 justitim
747 5116 914 5172 solem
945 5117 1403 5188 incircumscripte
1425 5133 1574 5174 com-

24 5203 130 5258 tera
159 5204 281 5261 fuit.
312 5204 498 5277 Neque
523 5207 609 5262 hic
634 5208 928 5278 quaesieris,
957 5209 1222 5280 quomodo
1247 5209 1350 5266 hoc
1375 5209 1571 5266 factum

48 5401 63 5432 ¹
98 5402 637 5476 limesie‘invertuntur
659 5404 709 5453 in
732 5411 869 5467 Begu,
898 5419 1015 5476 cum
1037 5407 1120 5469 qui
1140 5380 1332 5476 curatori
1349 5418 1436 5470 est,
1460 5425 1572 5476 pro-

24 5467 86 5510 ter
110 5462 468 5535 barignitatem.
480 5464 705 5516 deorsum
726 5462 930 5528 teram}
951 5462 1060 5520 etari
1088 5471 1174 5535 oui
1201 5462 1434 5525 deorsum
1448 5462 1571 5535 erat,

24 5532 177 5585 ropter
195 5527 605 5589 dispensationem
624 5542 816 5578 sursum
837 5527 963 5579 nunc
982 5527 1181 5583 versari.

52 5604 133 5682 la),
158 5605 349 5682 (lanata
373 5620 482 5682 cum
503 5606 809 5682 Codicetteg.
833 5610 971 5682 1832,
995 5615 1169 5682 quisic
1192 5615 1381 5682 titulum
1406 5619 1571 5682 habet,

24 5680 145 5717 rrmo
167 5674 221 5717 in
243 5674 539 5719 nativitatem
556 5674 746 5721 Domini
764 5678 810 5722 et
833 5675 918 5723 Dei
935 5682 980 5725 et
1002 5674 1274 5729 Saluatoris.

53 5728 121 5791 (ι)
152 5731 340 5780 citatur
363 5730 441 5778 hic
462 5730 599 5781 locus
620 5735 668 5782 in
691 5734 900 5783 Concilio
920 5737 1171 5798 Ephesino.

312 5811 584 5877 Punoc.
626 5818 747 5882 Gn.
795 5816 949 5884 LVI.

1674 4278 1817 4333 enim
1843 4317 1858 4341 ,
1885 4277 2057 4346 pctuit
2079 4317 2095 4342 ,
2128 4277 2439 4348 descendit,
2461 4282 2715 4363 salvarit;
2739 4291 2920 4347 annis
2951 4293 3045 4350 Dei
3079 4305 3264 4355 nutum

1674 4379 1989 4438 sequuntur.
2013 4368 2186 4425 Hodie
2211 4371 2298 4441 qni
2325 4384 2425 4438 est,
2453 4376 2707 4447 gignitur,
2725 4391 2779 4437 et
2807 4398 3019 4441 rursum
3042 4391 3133 4459 qui
3160 4402 3264 4457 est,

1675 4461 1733 4515 lit
1756 4461 1807 4516 id
1860 4461 1999 4532 quod
2030 4476 2136 4518 non
2162 4475 2278 4519 erat
2301 4482 2316 4523 :
2346 4481 2468 4521 nam
2496 4485 2616 4524 cum
2643 4470 2785 4528 Deus
2809 4486 2973 4541 esset.
3000 4480 3058 4535 lit
3083 4480 3268 4552 homo;

1676 4552 1828 4647 ab-ea
1857 4562 2065 4647 tamen,»
2076 4569 2236 4647 quam
2268 4556 2479 4628 haheat,
2501 4559 2698 4621 deitate
2717 4580 2823 4622 non
2840 4572 3067 4628 excidit.
3088 4574 3271 4647 Neque

1675 4643 1820 4697 enim
1869 4658 1989 4698 cum
2035 4645 2248 4701 deitatis
2292 4647 2494 4716 jactura
2541 4652 2711 4709 factus
2751 4668 2834 4713 est
2862 4660 3057 4729 homo,
3090 4643 3268 4736 neque

1678 4749 1890 4788 rursum
1924 4751 2017 4806 per
2045 4737 2381 4794 succedentia
2411 4741 2737 4803 incrementa
2761 4764 2826 4805 ex
2856 4751 3073 4810 homine
3094 4757 3267 4815 factus

1677 4834 1760 4880 est
1788 4826 1957 4891 Deus;
1988 4827 2084 4882 sed
2109 4828 2344 4885 Verbum
2382 4834 2647 4891 exsistens
2668 4878 2684 4904 ,
2714 4850 2898 4897 natura
2949 4849 3161 4917 propria
3199 4849 3269 4907 ob

1677 4916 1758 4971 sui
1805 4917 2249 4986 impatibilitatem
2296 4933 2547 4979 manente
2592 4926 2908 4997 immutata,
2939 4916 3134 4993 factum
3180 4952 3268 4998 est

1676 5022 1822 5062 caro.
1855 5007 2078 5076 Quando
2103 5021 2281 5067 autem
2319 5025 2476 5071 natus
2500 5026 2616 5083 est,
2647 5019 2817 5077 Judaei
2842 5026 3059 5096 quidem
3102 5032 3269 5089 inusi-

1678 5107 1845 5154 tatum
1869 5111 2075 5170 partum
2106 5104 2403 5172 negabant,
2430 5106 2844 5169 Pharisaeivero
2872 5132 3151 5189 perperam
3181 5138 3270 5180 sa-

1676 5204 1797 5245 cros
1822 5192 1986 5247 libros
2015 5193 2519 5265 interpretabantur,
2547 5209 2602 5255 et
2625 5204 2814 5261 scriba:
2840 5222 2959 5277 qua:
2985 5211 3088 5282 legi
3112 5225 3266 5270 erant

1675 5283 1939 5338 contraria
1968 5285 2353 5355 loquebantur;
2382 5289 2620 5349 Herodes
2648 5306 2777 5350 eum
2801 5298 2894 5367 qui
2933 5310 3091 5357 natus
3116 5315 3230 5359 erat
3263 5345 3282 5371 ,

1677 5375 1949 5445 quarrebat
1969 5418 1983 5442 ,
2007 5393 2112 5431 non
2155 5386 2215 5432 ut
2237 5395 2359 5435 eum
2386 5380 2591 5439 honore
2630 5384 2897 5455 afﬁceret,
2921 5392 3016 5448 sed
3047 5405 3104 5449 ut
3144 5411 3267 5450 eum

1678 5464 2021 5522 interficeret.
2043 5467 2210 5524 Hodie
2227 5486 2457 5543 namque
2471 5478 2735 5532 contraria
2753 5490 2941 5536 cuncta
2959 5485 3275 5540 cernebant.

1678 5554 1800 5610 Non
1825 5559 1956 5611 erum
1982 5559 2233 5614 occultata
2273 5573 2390 5618 sunt
2413 5605 2429 5630 ,
2459 5575 2515 5620 ut
2539 5582 2659 5623 cum
2691 5568 3025 5628 Psalmorutn
3053 5586 3273 5633 auctore

1677 5648 1886 5739 loquar,
1913 5666 1948 5703 a
1975 5651 2096 5718 ﬁliis
2123 5669 2297 5707 eorum
2326 5656 2380 5709 in
2418 5660 2789 5727 generationem
2830 5664 3043 5718 alterunt
3082 5665 3267 5739 (Psal.

1682 5738 1769 5794 77.
1799 5740 1875 5811 4).
1900 5740 2172 5812 Siquidem
2201 5760 2352 5819 reges
2379 5759 2659 5819 venerunt,
2690 5759 2746 5806 et
2772 5752 3041 5812 c:clestcm
3071 5738 3269 5830 Regem

2829 5847 2904 5909 21s
