3704 6274
464 291 569 352 387

460 415 857 479 suspexerunt,
886 405 1025 477 quod
1075 406 1126 461 in
1156 415 1362 463 terram
1406 406 1651 474 venerit,
1682 423 1785 463 non
1829 408 2048 479 angelos

462 516 644 557 secum
688 498 919 567 habens,
948 514 1054 552 non
1082 498 1431 569 archangelos
1454 539 1470 564 ,
1503 515 1608 553 non
1649 499 1870 553 thronos
1898 540 1912 564 ,
1946 514 2051 552 non

463 591 878 655 dominationes,
913 605 1019 644 non
1046 589 1291 655 virtutes,
1321 605 1427 643 non
1457 599 1767 660 potestates,
1794 588 1887 644 sed
1917 604 2051 643 nova

461 695 516 737 et
554 684 775 737 minime
807 684 926 736 trita
971 682 1223 737 incedens
1242 684 1333 743 3ia
1377 698 1441 737 ex
1489 682 1689 737 illibato
1736 682 2055 752 processerit

463 787 613 830 utero
639 795 650 829 ε
676 791 776 831 nec
802 789 978 830 tamen
1009 785 1225 845 angelos
1254 792 1361 829 sua:
1384 775 1783 844 gubernationis
1813 784 2053 830 exsortes

458 869 774 938 dereliquit,
800 883 973 938 neque
1002 877 1217 938 pr0pter
1243 868 1663 921 incarnationem
1693 881 1845 921 suam
1886 881 1917 921 a
1957 882 2053 921 sua

459 960 661 1017 excidit
686 961 881 1015 deitate
910 978 922 1011 :
951 960 1043 1014 sed
1073 975 1225 1029 rcges
1251 960 1466 1029 quidem
1494 969 1787 1025 venerunt,
1812 968 1869 1014 ut
1895 959 2054 1014 caele-

457 1063 594 1107 stem
622 1052 820 1122 Regem
843 1052 1025 1122 gloria:
1044 1051 1350 1112 adorarent,
1374 1051 1568 1106 milites
1594 1058 1793 1118 autem,
1819 1059 1877 1105 ut
1900 1051 2053 1106 Prin-

457 1145 628 1213 t‘ipcm
657 1145 923 1199 exercitus
952 1143 1225 1198 colerent:
1252 1142 1506 1197 mulieres
1525 1184 1539 1206 ,
1562 1158 1685 1198 eum
1715 1144 1802 1213 qui
1835 1159 1901 1199 ex
1931 1159 2055 1200 mu-

453 1236 587 1295 liere
611 1245 770 1292 natus
794 1245 895 1299 est,
941 1245 999 1290 ut
1027 1236 1263 1290 mulieris
1298 1236 1513 1292 dolores
1540 1235 1593 1290 ill
1623 1232 1860 1290 lit-titiam
1899 1250 2051 1291 com-

457 1336 623 1381 mutet
645 1346 659 1381 :
682 1328 931 1397 virgines,
958 1328 1124 1381 filium
1148 1327 1399 1395 Virginis,
1423 1327 1747 1381 admirantes
1773 1327 1860 1396 qui
1886 1327 1975 1380 fiat
1997 1336 2053 1379 ut
2084 1372 2098 1384 ,

454 1418 605 1473 lactis
633 1418 897 1483 conditor,
921 1417 1008 1487 qui
1037 1417 1200 1472 efficit
1224 1426 1280 1471 ut
1306 1418 1528 1472 uberum
1556 1418 1728 1473 fontes
1756 1425 2049 1486 spontanea

378 1554 381 1555 ν
454 1510 650 1564 ﬂuenta
678 1509 991 1573 diffundant,
1018 1524 1049 1562 a
1074 1508 1287 1578 Virgine
1316 1518 1487 1562 matre
1518 1509 2049 1578 puerulialimentum

454 1600 677 1671 accipiat
700 1618 715 1657 :
747 1601 996 1665 infantes,
1022 1616 1143 1655 eum
1169 1601 1255 1670 qui
1283 1598 1453 1654 factus
1476 1611 1556 1655 est
1578 1600 1767 1667 infans,
1789 1608 1845 1654 ut
1865 1615 1931 1655 ex
1955 1614 2051 1655 ore

453 1696 732 1750 infantium
754 1704 810 1751 et
840 1695 1144 1749 lactentium
1171 1694 1378 1748 laudem
1412 1694 1688 1762 perliceret
1714 1693 1925 1766 (Matth.
1956 1693 2046 1747 2i.

454 1788 551 1848 £6;
580 1786 727 1842 Psal.
773 1787 827 1842 8.
873 1788 929 1856 5)
969 1803 982 1839 :
1022 1785 1216 1855 pueri,
1243 1800 1509 1856 puerum,
1539 1786 1625 1855 qui
1672 1792 1936 1856 martyres
1980 1784 2050 1839 ob

450 1879 678 1934 llerodis
721 1879 980 1932 insaniam
1022 1876 1234 1931 effecit:
1261 1875 1397 1942 viri,
1426 1891 1547 1931 eum
1575 1877 1663 1946 qui
1694 1875 1854 1931 homo
1879 1875 2049 1930 factus

448 1980 564 2036 e.~t,
596 1981 654 2025 ut
676 1986 954 2026 servorum
992 1970 1143 2024 malis
1170 1968 1510 2024 mederetur:
1535 1979 1774 2038 pastores
1798 2011 1812 2034 ,
1845 1969 2044 2024 bonum

450 2075 752 2136 pastorem,
782 2064 872 2133 qni
903 2064 1133 2116 animam
1164 2077 1263 2132 pro
1288 2062 1477 2115 ovibus
1516 2062 1625 2114 suis
1657 2061 1806 2131 ponit
1832 2078 1847 2115 :
1870 2075 2048 2115 sacer-

448 2158 621 2217 dotes,
648 2171 769 2210 euln
796 2155 883 2224 qui
917 2154 1083 2208 factus
1112 2164 1194 2209 est
1218 2152 1456 2208 Pontifex
1486 2153 1776 2208 secundum
1802 2153 2045 2208 ordinem

448 2246 801 2303 .‘llelchisedec
830 2244 1012 2317 (Hebr.
1047 2247 1101 2299 'l.
1133 2236 1232 2310 17‘;
1266 2242 1408 2298 Psal.
1439 2244 1561 2299 109.
1594 2245 1652 2313 4)
1678 2263 1691 2299 :
1717 2245 1896 2311 servi,
1920 2260 2043 2300 eum

448 2339 537 2409 qui
566 2338 704 2393 servi
739 2335 962 2391 formam
993 2335 1231 2406 accepit,
1256 2345 1315 2389 ut
1346 2345 1581 2389 nostram
1608 2336 1917 2390 servitutem
1945 2337 2044 2392 llo-

448 2447 580 2486 nore
622 2430 881 2485 libertatis
932 2437 1149 2483 ornaret
1200 2425 1454 2498 (Philipp.
1493 2426 1549 2480 2.
1593 2425 1697 2498 7);
1729 2428 2040 2498 piscatores,

446 2541 568 2579 eum
597 2526 684 2595 qui
715 2539 781 2581 ex
815 2523 1168 2594 piscatoribus
1213 2522 1485 2578 hominum
1537 2522 1701 2579 efficit
1726 2534 2041 2581 venatores:

450 2618 757 2689 publicani,
789 2633 910 2672 eum
938 2617 1026 2687 qui
1057 2631 1123 2671 ex
1159 2615 1459 2686 publicanis
1492 2616 1751 2672 selectum
1779 2618 2047 2688 evangeli-

444 2719 584 2765 stam
614 2710 855 2780 designat
884 2707 1098 2779 (Maltll.
1127 2708 1179 2763 9.
1211 2707 1289 2779 9);
1322 2709 1654 2773 meretrices,
1685 2724 1808 2764 eum
1840 2711 1928 2781 qui
1960 2710 2042 2765 la-

445 2803 643 2874 crymis
670 2800 985 2856 meretriciis
1012 2799 1176 2870 pedes
1205 2814 1330 2854 suos
1353 2800 1608 2869 exponit;
1632 2808 1790 2871 atque
1820 2812 1875 2856 ut
1895 2817 2043 2857 com—

443 2894 647 2963 [nectar
675 2892 842 2959 brevi,
864 2902 1171 2963 peceatores
1191 2904 1381 2945 omnes
1398 2891 1747 2958 advenerunt,
1770 2902 1829 2947 ut
1847 2909 2039 2964 agnum

445 2988 540 3043 Dei
569 2994 884 3050 cernerent,
917 2984 1006 3055 qui
1038 2984 1173 3038 tollit
1201 2991 1415 3055 peccata
1442 2983 1661 3050 mundi,
1691 2984 1764 3055 (α)
1790 2982 1953 3057 [magi
1982 2997 2043 3042 ut

442 3096 566 3136 eum
594 3079 842 3134 satellitio
868 3092 966 3132 suo
990 3077 1241 3146 cingant,
1274 3085 1537 3145 pastores,
1575 3086 1631 3130 ιιι
1658 3093 1778 3131 eum
1809 3078 2035 3134 benedi-

443 3181 585 3235 cant,
618 3170 905 3241 publicani,
928 3178 982 3225 ut
1000 3170 1348 3241 Evangelium
1366 3167 1675 3236 praedicent,
1701 3170 2032 3235 meretrices,

442 3275 500 3320 ut
546 3271 808 3334 unguenta
853 3261 1137 3325 deferant,
1164 3258 1497 3314 Samaritana
1522 3299 1537 3325 ,
1571 3271 1629 3313 ut
1677 3259 1879 3316 fontem
1918 3261 2040 3315 vitae

441 3358 619 3422 sitiat,
650 3356 949 3411 Chanantea
977 3395 991 3419 ,
1026 3360 1085 3407 ut
1124 3352 1472 3407 indubitatam
1526 3352 1682 3406 fidem
1727 3352 2037 3426 exhibeat].

444 3451 578 3512 Cum
602 3448 765 3520 igitur
791 3464 977 3502 omnes
1002 3444 1272 3500 exsultent
1294 3486 1310 3511 ,
1334 3443 1463 3497 mihi
1494 3459 1704 3514 quoque
1729 3445 1903 3515 placet
1940 3460 2040 3501 ex-

443 3541 645 3595 sultare
665 3581 680 3606 ,
708 3541 937 3593 choreas
976 3551 1135 3606 agere
1181 3535 1304 3590 volo
1328 3576 1344 3602 ,
1372 3534 1675 3605 festumque
1721 3536 1992 3592 celebrare
2020 3556 2035 3592 τ

443 3647 605 3703 porro
633 3630 857 3686 choreas
876 3645 996 3699 ago,
1014 3644 1116 3682 non
1138 3627 1395 3681 citharam
1412 3626 1646 3696 pulsans,
1664 3643 1769 3682 non
1794 3628 2035 3700 thyrsum

444 3724 713 3793 quatiens,
742 3739 845 3776 non
878 3722 1032 3776 tibias
1049 3720 1269 3786 inflatis,
1300 3734 1406 3773 non
1433 3720 1574 3774 faces
1594 3721 1913 3787 accendens,
1943 3722 2037 3776 sed

448 3818 775 3871 musicorum
833 3816 1304 3869 instrumentorum
1355 3812 1476 3867 loco
1524 3812 1724 3867 Christi
1777 3828 2034 3869 cunarum

446 3910 639 3967 fascias
663 3918 898 3981 gestans.
925 3908 1018 3962 Ha:
1045 3922 1275 3977 namque
1304 3904 1436 3960 mihi
1462 3915 1589 3960 sunt
1613 3920 1765 3975 spes,
1796 3906 1879 3961 hac
1908 3908 2035 3962 mihi

445 4007 572 4070 vita,
606 4003 687 4058 ha:
716 4003 847 4058 mihi
873 4003 1037 4068 salus,
1068 4001 1151 4054 ha:
1177 3999 1306 4054 mihi
1337 3998 1498 4066 tibiae,
1530 4000 1611 4053 lue
1636 3999 1763 4054 mihi
1794 4000 1993 4056 cithara
2020 4021 2033 4055 :

446 4106 728 4170 propterea
760 4102 814 4150 et
844 4095 985 4165 ipsas
1010 4104 1226 4165 gestans
1249 4092 1509 4159 advenio,
1535 4100 1592 4145 ut
1627 4108 1808 4147 earum
1843 4095 2037 4151 virtute

443 4190 750 4246 facultatem
775 4188 1037 4244 sermonis
1062 4186 1283 4257 adeptus
1306 4200 1429 4240 cum
1458 4184 1662 4255 angelis
1685 4186 1880 4253 dicam,
1915 4186 2038 4241 Glo-

445 4284 524 4336 ria
546 4283 600 4336 iu
628 4281 886 4335 altissimis
913 4277 1041 4343 Deo;
1070 4294 1192 4333 cum
1223 4278 1541 4348 pastoribus,
1575 4276 1642 4331 Et
1668 4278 1720 4331 in
1747 4287 1882 4332 terra
1910 4297 2035 4350 pax,

445 4376 519 4428 in.
531 4372 817 4433 hominibus
847 4369 1213 4440 beneplacitum
1253 4368 1403 4438 (Luc.
1426 4368 1485 4421 2.
1515 4367 1625 4441 14).
1659 4369 1829 4426 llodie
1854 4372 1943 4441 qui
1970 4388 2033 4427 ex

443 4460 606 4518 Patre
630 4460 969 4541 ineffabiliter
992 4460 1201 4530 genitus
1231 4467 1332 4525 est,
1361 4473 1426 4513 ex
1460 4458 1678 4529 Virgine
1701 4470 1919 4531 propter
1951 4479 2037 4518 me

446 4538 817 4624 inexplicabili
838 4548 998 4605 modo
1027 4550 1285 4604 nascitur.
1318 4548 1425 4603 Sed
1452 4557 1563 4603 tum
1589 4550 1803 4619 quidem
1839 4566 2035 4607 secun-

445 4651 572 4705 dum
599 4655 840 4700 naturam
868 4652 991 4699 ante
1019 4643 1211 4697 saecula
1242 4642 1450 4711 genitus
1479 4652 1561 4697 est
1585 4658 1652 4696 ex
1684 4643 1855 4705 Patre.
1884 4656 2039 4714 prout

441 4741 593 4793 novit
635 4739 725 4793 ille
749 4780 762 4802 ,
792 4738 879 4807 qui
910 4737 1091 4807 genuit
1116 4753 1129 4789 :
1157 4734 1312 4789 hodie
1354 4750 1484 4790 vero
1509 4751 1694 4789 rursus
1732 4752 1797 4790 ex
1824 4736 2038 4807 Virgine

442 4841 642 4899 przeter
667 4842 908 4885 naturam
934 4840 1090 4884 natus
1114 4837 1232 4893 est,
1264 4838 1421 4898 prout
1442 4828 1672 4898 Spiritus
1694 4832 1861 4884 sancti
1892 4833 2039 4886 novit

445 4926 633 4995 gratia.
664 4924 730 4978 Et
752 4938 978 4992 superna
1001 4922 1117 4992 ejus
1146 4922 1417 4993 generatio
1448 4938 1568 4976 vera
1600 4932 1701 4990 est,
1738 4933 1791 4979 et
1822 4923 2039 4978 inferior

448 5016 564 5084 ejus
601 5015 872 5083 generatio
908 5014 1128 5067 minime
1175 5012 1301 5066 falsa
1333 5022 1422 5067 :et
1462 5029 1587 5068 vere
1639 5014 1775 5069 Deus
1814 5030 1880 5069 ex
1930 5016 2039 5069 Deo

450 5106 661 5175 genitus
684 5115 763 5159 est
788 5146 802 5169 ,
833 5114 891 5159 et
914 5120 1039 5159 vere
1062 5104 1226 5158 homo
1254 5103 1392 5158 idem
1418 5121 1481 5157 cx
1510 5104 1725 5176 Virgine
1749 5115 1905 5159 natus
1934 5116 2035 5159 est.

448 5198 671 5251 Sursum
711 5197 855 5249 solus
882 5211 944 5249 ex
974 5194 1091 5248 solo
1125 5193 1444 5263 Unigcnitus
1468 5236 1481 5255 ,
1510 5194 1761 5249 deorsum
1802 5197 1948 5250 solus
1973 5213 2037 5252 ex

450 5288 566 5343 Sola
597 5286 810 5356 Virgine
846 5284 989 5339 idem
1014 5283 1349 5353 Unigcnitus.
1374 5284 1521 5338 Sicut
1542 5287 1688 5339 enim
1722 5286 1775 5340 in
1810 5302 2038 5356 superna

453 5378 799 5452 generatione
828 5386 1051 5431 matrem
1081 5376 1374 5446 intelligere
1401 5376 1617 5446 impium
1643 5388 1724 5432 est
1751 5396 1763 5431 :
1787 5378 1937 5434 sicin
1960 5380 2041 5434 in-

460 5472 639 5529 feriori
685 5470 1029 5542 generatione
1074 5477 1275 5536 patrem
1321 5468 1629 5524 existimare
1671 5469 2038 5541 blasphemum

458 5574 564 5621 est.
596 5563 752 5618 Pater
781 5561 983 5631 absque
1019 5558 1235 5615 deﬂuxu
1254 5558 1438 5629 genuit
1460 5599 1478 5626 ,
1506 5568 1560 5613 et
1588 5558 1746 5630 Virgo
1784 5560 1899 5616 sine
1922 5577 2041 5619 eor-

466 5656 707 5726 ruptione
734 5654 936 5725 peperit
961 5671 974 5706 :
999 5667 1118 5706 nam
1152 5666 1321 5722 neque
1355 5649 1629 5708 deﬂuxum
1656 5651 1907 5708 sustinuit
1943 5653 2043 5709 Pa-

530 5790 603 5853 (a)
635 5800 744 5848 Quae
772 5787 956 5842 uncinis
980 5784 1287 5846 clauduntur,
1316 5785 1494 5837 desunt
1517 5787 1565 5836 in
1587 5792 1703 5852 Reg.

1196 290 1253 348 S.
1293 290 1571 349 JOANNIS
1607 286 2074 347 leRYSOSTOMl
2115 289 2429 347 ARCIIIEP.
2471 290 3005 357 CONSTANTINOP.
3648 306 3688 363 δὲ

2167 419 2266 475 ter;
2285 412 2479 481 quippe
2505 414 2617 484 qui,
2645 426 2800 486 prout
2826 419 3177 477 conveniebat
3193 421 3325 489 Deo,
3343 423 3526 494 genuit
3545 444 3557 479 :
3583 439 3688 495 ncql

2163 500 2325 572 Virgo
2353 506 2750 575 corruptionem
2788 510 3038 566 sustinuit
3086 513 3379 582 pariendo;
3410 518 3607 585 quippe
3638 525 3688 586 qd

2162 594 2506 664 spiritualiter
2524 601 2747 667 peperit.
2770 600 2921 657 Unde
2936 618 3109 672 neque
3121 619 3349 674 superna
3374 608 3493 673 ejus
3509 610 3687 662 nativa

2162 688 2413 756 explicari
2448 690 2640 759 polcSt,
2671 708 2843 763 neque
2868 711 3177 765 progressus
3207 698 3321 768 ejus
3352 700 3404 755 in
3452 704 3688 756 non'ssim

2165 782 2491 848 temporibus
2520 783 2729 838 curiose
2760 788 3105 858 pervestigari
3144 806 3203 845 se
3229 792 3377 846 sinit.
3401 792 3536 847 Nam
3584 794 3688 864 ιἠε

2162 886 2284 925 nem
2331 872 2544 942 quidem
2594 873 2752 930 hodie
2799 880 3074 947 peperisse
3121 883 3272 946 scio,
3316 893 3371 936 et
3426 884 3599 938 Deum
3642 887 3688 938 sil

2163 971 2403 1033 tempore
2429 965 2679 1034 genuisse
2713 967 2874 1021 credo
2900 989 2912 1023 :
2941 970 3153 1024 modum
3181 982 3358 1026 autem
3386 976 3688 1042 generalion

2160 1054 2375 1109 silentio
2414 1056 2575 1109 didici
2618 1060 2904 1127 venerari,
2929 1076 3035 1114 non
3063 1064 3304 1118 oratione
3345 1067 3557 1119 curiose
3608 1066 3687 1119 illa

2160 1144 2529 1221 inquirendam
2559 1151 2761 1220 accepi.
2792 1150 3065 1221 Siquidem
3096 1154 3145 1207 in
3181 1156 3285 1210 fleo
3316 1174 3419 1209 non
3451 1174 3634 1211 rerum
3662 1175 3688 1213 ιρι

2161 1246 2276 1291 tura
2321 1246 2401 1291 est
2436 1239 2756 1294 attendenda
2783 1282 2797 1305 ,
2822 1243 2913 1296 sed
2960 1244 3073 1313 ejus
3094 1286 3109 1309 ,
3136 1247 3222 1315 qui
3250 1258 3505 1316 cperatnr
3524 1289 3537 1311 ,
3573 1250 3688 1301 virtu

2159 1329 2290 1383 fides
2332 1329 2594 1386 habenda.
2640 1331 2749 1386 Lex
2789 1335 2930 1387 enim
2983 1346 3065 1390 est
3105 1349 3343 1401 naturae,
3391 1355 3512 1393 cum
3563 1343 3688 1393 IDUIil

2159 1423 2690 1491 malrimoniojum-ta
2721 1426 2894 1496 parit:
2917 1442 3036 1481 cum
3066 1444 3190 1483 vero
3212 1431 3380 1485 virum
3404 1433 3509 1485 noh
3530 1449 3687 1501 expcr

2156 1514 2305 1583 virgo
2346 1526 2620 1584 postquam
2670 1517 2909 1585 peperit,
2941 1519 3092 1589 virgo
3123 1536 3307 1574 rursus
3348 1533 3609 1590 apparet,
3645 1532 3687 1575 tu:

2156 1620 2242 1658 res
2272 1617 2512 1659 naturam
2549 1608 2776 1661 excedit.
2809 1608 2960 1676 Quod
2991 1610 3148 1680 igitur
3173 1613 3467 1668 secundum
3500 1625 3687 1669 natura

2157 1695 2248 1761 fit,
2278 1696 2576 1765 inquiralur
2598 1716 2611 1751 :
2636 1698 2775 1769 quod
2818 1716 2943 1754 vero
2988 1711 3230 1757 naturam
3257 1716 3507 1774 superat,
3538 1708 3687 1759 sileat

2155 1786 2398 1841 colatur:
2423 1803 2526 1842 non
2560 1798 2827 1859 tamquam
2857 1790 3180 1860 fugiendum,
3213 1793 3305 1848 sed
3348 1803 3624 1865 tamquam
3663 1800 3688 1850 il

2155 1877 2477 1943 enarrabile,
2503 1878 2826 1948 dignumque
2854 1880 2993 1950 quod
3025 1881 3236 1937 silentio
3267 1898 3449 1938 veneri
3466 1898 3615 1938 mur.
3645 1887 3688 1939 St

2155 1969 2276 2023 date
2304 1970 2452 2033 mihi,
2484 1985 2687 2039 quaeso,
2721 1970 2855 2026 hanc
2882 1973 3090 2027 veniam
3117 2015 3133 2040 ,
3166 1983 3223 2029 ut
3258 1975 3309 2028 in
3340 1977 3568 2031 exordio
3594 1977 3688 2031 fine

2152 2060 2341 2114 faciam
2370 2061 2601 2115 dicendi.
2629 2060 2760 2117 Cum
2799 2063 2942 2118 enim
2972 2079 3151 2118 rerum
3198 2065 3575 2120 sublimiorum
3608 2069 3688 2121 inn

2150 2152 2485 2222 stigationem
2504 2156 2763 2225 attingere
2781 2155 3141 2221 reformidem,
3162 2174 3267 2227 quo
3285 2171 3456 2228 pacto,
3478 2172 3576 2215 aut
3595 2178 3688 2231 quat

2150 2244 2204 2299 in
2230 2255 2434 2315 partem
2462 2248 2718 2302 orationis
2741 2247 2947 2303 clavum
2976 2248 3186 2304 ﬂeetam
3212 2251 3413 2305 nescio.
3443 2251 3585 2319 Quid
3614 2258 3688 2306 una

2150 2336 2346 2404 dicam,
2380 2347 2471 2391 aut
2498 2339 2622 2409 quid
2652 2340 2880 2409 loquar?
2910 2340 3129 2395 Matrem
3157 2343 3331 2407 video,
3361 2360 3485 2413 quzn
3522 2349 3688 2414 peperi

2150 2428 2313 2482 lilium
2338 2439 2489 2499 partu
2516 2430 2716 2485 editum
2738 2447 2901 2487 cerno
2919 2452 2933 2489 ς
2952 2434 3165 2487 modum
3193 2444 3369 2488 autem
3385 2439 3687 2505 generalium

2149 2535 2256 2575 non
2288 2521 2558 2591 conspicio
2582 2540 2594 2575 :
2618 2522 2846 2576 vincitur
2869 2524 3009 2577 enim
3040 2534 3225 2577 natura
3251 2566 3266 2590 ,
3290 2525 3525 2580 vincitur
3550 2528 3687 2581 ιιι-..ιιι

2148 2612 2337 2680 limes,
2364 2613 2576 2684 quando
2605 2614 2716 2668 vult
2749 2615 2909 2668 Deus.
2938 2614 3054 2669 Non
3082 2616 3224 2669 enim
3252 2617 3552 2670 secundum
3595 2630 3688 2670 natu

2148 2721 2263 2760 ram
2284 2722 2370 2761 res
2390 2706 2599 2765 accidit.
2619 2707 2713 2761 sed
2742 2723 2899 2777 supra
2924 2717 3165 2762 naturam
3194 2709 3508 2763 miraculum
3534 2713 3688 2765 evenit

2147 2798 2351 2868 quievit
2391 2799 2532 2854 enim
2584 2812 2769 2853 natura
2794 2842 2809 2866 ,
2851 2800 2943 2854 sed
2988 2800 3194 2856 Domini
3234 2802 3484 2856 voluntas
3530 2814 3688 2871 apem

2147 2898 2249 2944 est.
2280 2892 2324 2946 0
2353 2890 2671 2945 ineffabilem
2708 2892 2932 2961 gratiam
2958 2894 2970 2945 !
3006 2891 3321 2962 Unigcnitus
3345 2934 3361 2960 ,
3386 2895 3481 2963 qui
3517 2905 3607 2949 est
3630 2904 3688 2950 λιιι

2150 2982 2343 3037 saecula
2371 3023 2385 3046 ,
2417 2982 2506 3053 qui
2538 2983 2676 3052 tangi
2708 2997 2811 3037 non
2843 2993 3050 3053 potest,
3076 2985 3165 3053 qui
3196 2985 3425 3055 simplex
3470 2997 3557 3040 est
3588 2999 3639 3041 ct
3662 2990 3688 3043 il

2146 3088 2455 3143 corporeus,
2484 3088 2677 3141 corpus
2702 3089 2876 3127 nu-um
2905 3074 3065 3127 subiit
3084 3077 3411 3144 corruptioni
3446 3077 3688 3131 obnoxia:

2146 3176 2200 3222 et
2227 3166 2549 3237 aspectabile
2578 3166 2615 3217 ί.
2650 3164 2818 3231 Quam
2848 3164 2918 3219 oh
2938 3166 3187 3219 causam?
3213 3165 3281 3221 Ut
3306 3170 3688 3236 conspectnsdi

2144 3268 2279 3322 ceal,
2306 3258 2506 3312 docens
2531 3268 2727 3317 autem.
2748 3256 2811 3311 ad
2836 3272 2896 3311 ea
2923 3273 3041 3327 quae
3067 3275 3170 3311 non
3199 3259 3516 3315 caduntsub
3539 3263 3688 3315 oculo

2145 3364 2306 3403 manu
2349 3347 2528 3402 ducat.
2553 3345 2683 3400 Nam
2718 3347 2967 3415 quoniam
2999 3349 3183 3401 oculos
3215 3350 3435 3404 auribus
3476 3350 3688 3405 fideliore

2144 3454 2263 3495 esse
2288 3440 2597 3493 existimant
2626 3438 2871 3492 homines
2891 3479 2906 3503 ,
2938 3438 3005 3493 de
3029 3455 3095 3493 eo
3125 3455 3254 3493 vero
3278 3440 3531 3496 dubitant
3557 3485 3573 3507 ,
3606 3460 3688 3513 quo

2145 3549 2248 3586 nou
2292 3531 2507 3596 vident,
2560 3542 2839 3601 propterea
2887 3530 3134 3599 dignatus
3178 3540 3262 3586 est
3305 3542 3360 3587 et
3400 3549 3495 3601 per
3551 3551 3688 3605 corpu

2142 3625 2313 3680 oculis
2341 3634 2684 3694 conspectum
2712 3623 2791 3677 sui
2825 3624 3065 3692 praebere
3084 3665 3100 3691 ,
3134 3636 3185 3678 ul
3215 3624 3610 3682 dubitationem
3640 3629 3688 3683 tul

2142 3718 2295 3772 leret.
2328 3718 2393 3771 Et
2439 3716 2678 3771 nascitur
2715 3731 2781 3770 ex
2826 3715 3071 3786 Virgine,
3097 3732 3216 3785 qua:
3258 3733 3370 3771 rem
3418 3721 3681 3787 ignorabat

2142 3825 2267 3863 nam
2301 3824 2472 3879 neque
2508 3817 2793 3878 cooperata
2838 3818 2923 3862 est
2956 3808 3021 3862 ad
3064 3824 3175 3863 rem
3205 3810 3495 3879 gerendam
3519 3852 3537 3876 ,
3571 3828 3688 3879 nequ

2141 3902 2363 3956 contulit
2388 3902 2655 3971 quippiam
2689 3901 2753 3955 ad
2782 3901 2833 3955 id
2864 3901 3005 3971 quod
3054 3902 3249 3956 ﬁebat:
3278 3904 3374 3957 sed
3411 3905 3614 3959 nudum
3644 3906 3687 3958 fu

2142 4007 2349 4046 arcanae
2372 3993 2580 4047 virtutis
2600 3992 2715 4062 ejus
2745 3994 3179 4059 instrumentum;
3207 4004 3410 4048 tantum
3442 3996 3490 4050 id
3520 4013 3688 4051 norem

2140 4082 2281 4153 quod
2311 4099 2377 4136 ex
2406 4082 2648 4138 Gabriele
2692 4084 2953 4138 sciscitata
2983 4083 3237 4138 didicerat
3270 4103 3281 4135 :
3317 4085 3585 4150 Quomodo
3618 4088 3688 4139 ml

2141 4178 2225 4244 ﬁet
2256 4174 2413 4238 istud,
2444 4175 2562 4245 quia
2590 4175 2751 4228 virum
2776 4192 2878 4228 non
2908 4191 3155 4245 cognosco
3184 4173 3337 4244 (Luc.
3365 4178 3417 4230 1.
3451 4177 3687 4247 54>Πιιι

2141 4268 2315 4339 inquit
2343 4267 2430 4322 ille
2454 4284 2473 4321 ε
2496 4266 2587 4321 Vis
2627 4266 2729 4321 hoc
2763 4267 2941 4321 scire?
2985 4267 3209 4337 Spiritus
3250 4278 3461 4322 sanctus
3499 4286 3688 4339 stipem

2142 4362 2242 4414 uiet
2270 4361 2322 4415 in
2349 4369 2397 4413 te
2418 4400 2432 4423 ,
2458 4369 2507 4414 et
2546 4360 2703 4414 virtus
2742 4358 2988 4414 Altissimi
3023 4359 3333 4415 obumbrabit
3373 4362 3463 4413 tibi
3488 4360 3649 4429 (Ibid.
3678 4379 3688 4415 ι

2142 4453 2257 4523 55).
2297 4452 2364 4507 Et
2407 4452 2675 4522 quomodo
2721 4467 2842 4507 eum
2877 4453 2988 4521 ipsa
3034 4462 3182 4517 erat,
3210 4462 3265 4507 et
3308 4454 3469 4522 paulo
3514 4465 3687 4523 poste

2143 4546 2296 4615 ipsa?
2323 4543 2781 4612 Quemadmodum
2808 4543 3000 4598 artifex
3021 4584 3038 4609 ,
3063 4545 3273 4598 inventa
3309 4547 3534 4601 materia
3565 4547 3688 4600 utilis

2144 4638 2312 4702 sima,
2357 4651 2451 4691 vas
2495 4635 2910 4705 pulcherrimum
2957 4634 3287 4691 fabricatur:
3325 4637 3395 4691 ita
3445 4637 3687 4693 Christus

2144 4728 2361 4782 invento
2386 4727 2606 4795 virginis
2647 4734 2834 4781 sancto
2876 4740 3103 4795 corpore
3146 4737 3201 4781 et
3228 4727 3407 4781 anima
3432 4768 3448 4791 ,
3477 4730 3687 4796 templul

2143 4820 2244 4875 sibi
2284 4819 2581 4875 construxit
2617 4820 2947 4885 animatum,
2971 4828 3029 4874 et
3071 4818 3345 4874 hominem
3382 4836 3487 4890 qua
3528 4824 3687 4875 ratinn

2144 4913 2341 4979 voluit,
2367 4911 2667 4966 eﬂ‘ormavit
2706 4926 2773 4966 ex
2800 4911 3005 4981 virgine
3028 4951 3043 4976 ,
3073 4926 3302 4981 cumque
3330 4911 3547 4966 indutus
3572 4912 3687 4965 buli:

2144 5007 2425 5077 processit,
2454 5019 2627 5074 neque
2654 5013 2857 5059 natura!
2877 5002 3269 5058 deformitatem
3297 5004 3527 5059 erubuit.
3550 5004 3688 5072 Neqo

2145 5100 2287 5152 enim
2318 5097 2631 5166 probrosum
2656 5095 2730 5148 illi
2759 5094 2876 5156 ftlit,
2902 5104 2958 5148 ut
2976 5109 3129 5147 suum
3157 5109 3293 5161 Opus
3321 5095 3440 5163 ipse
3464 5105 3675 5164 gestaret

2145 5192 2316 5261 ipsum
2346 5204 2556 5260 quoque
2582 5187 2850 5258 Opificium
2883 5190 3109 5242 maxima
3132 5189 3299 5257 gloria
3326 5187 3677 5242 cumulalntur

2145 5282 2286 5352 quod
2312 5282 2516 5351 opificis
2536 5281 2617 5335 sui
2648 5280 2799 5335 fieret
2820 5280 3205 5335 indumentum.
3231 5279 3367 5333 Nam
3389 5280 3688 5351 quemadma

2145 5375 2269 5430 dum
2308 5375 2361 5429 in
2388 5372 2557 5442 prima
2604 5373 2920 5427 formatione
2946 5372 3061 5427 fieri
3084 5388 3189 5426 non
3215 5382 3428 5442 poterat
3454 5415 3467 5435 ,
3494 5383 3542 5425 nl
3565 5370 3688 5425 bona

2145 5468 2579 5533 constitueretur,
2598 5475 2880 5536 antequam
2901 5464 3067 5519 lutum
3087 5466 3136 5518 in
3157 5465 3272 5535 ejus
3291 5482 3476 5519 manus
3492 5465 3683 5517 veniret

2147 5562 2218 5614 ita
2249 5560 2361 5614 fieri
2393 5559 2577 5629 nequit
2601 5567 2659 5612 ut
2688 5572 2780 5613 vas
2809 5557 3153 5627 corruptibile
3187 5566 3591 5621 transntntctur,
3625 5556 3688 5606 ait

2148 5650 2239 5704 fiat
2265 5648 2482 5719 Opificis
2512 5648 2901 5704 indumentum.

2213 5790 2229 5816 ι
2266 5791 2403 5847 neg.,
2428 5779 2736 5845 corruptibile
2758 5789 2802 5832 et
2824 5780 3042 5835 mortale.
