3704 6274
1696 64 1743 97 in

1699 96 1741 128 vr

1265 186 1333 244 IN
1369 186 1698 243 NATALEM
1735 186 2009 244 CHRISTI
2049 189 2259 247 DiEM‘.‘.

822 94 849 113 χ

95 180 240 237 389

182 294 253 350 2.
282 294 357 366 (a)
385 295 494 353 Sed
532 296 661 368 quid
689 297 863 354 dicam
884 340 899 367 ,
930 310 1023 356 aut
1066 302 1191 372 quid
1237 303 1457 374 loquar?
1482 303 1711 359 Miracu-

89 381 237 439 lum
273 387 418 441 enim
464 388 519 442 in
560 388 970 447 admirationem
1016 407 1104 448 me
1151 394 1401 449 traducit.
1446 397 1716 467 Antiquos

84 473 335 548 dierum
362 479 533 533 factus
557 489 638 534 est
661 481 857 547 infans,
885 492 942 538 et
965 483 1055 553 qui
1082 484 1136 538 in
1164 484 1303 540 solio
1323 486 1540 541 sublimi
1572 502 1711 556 prte-

86 568 378 638 ceisoque
403 570 683 639 considet,
716 573 768 627 in
801 575 1062 647 prmio
1102 576 1350 644 ponitur;
1383 585 1439 633 et
1477 578 1567 649 qui
1612 578 1713 643 im-

87 658 406 727 palpabiiis
443 671 499 717 et
541 663 766 733 simplex
790 705 807 729 ,
851 675 905 721 et
947 666 1334 736 incompositus
1358 708 1377 735 ,
1424 678 1585 739 atque
1629 668 1710 725 in-

85 763 414 819 eat-porcus
454 764 572 819 est,
599 754 848 812 humanis
891 758 1139 839 manibus
1179 767 1546 815 contrectatur
1574 778 1586 790 ·
1616 762 1709 829 qui

85 854 462 915 peccatorum
506 848 719 902 vincula
760 849 1083 920 disrumpit,
1122 851 1342 918 fasciis,
1377 856 1499 923 quia
1550 858 1665 913 vult
1688 898 1705 920 .

84 939 419 1009 stringitur.
452 938 648 995 Statuit
677 941 819 995 enim
847 943 1192 1012 ignominiam
1222 955 1432 1002 vertere
1457 948 1509 1003 in
1537 948 1709 1005 hono-

80 1046 228 1085 rem
251 1072 267 1096 ,
300 1030 576 1085 infamiam
623 1032 844 1087 induere
867 1033 1032 1101 gloria
1060 1075 1077 1101 ,
1108 1045 1164 1091 et
1184 1038 1523 1092 contumelia:
1569 1039 1719 1096 fines

80 1122 334 1177 modum
364 1121 573 1176 virtutis
597 1124 901 1179 ostendere.
923 1124 1124 1181 Idcirco
1149 1137 1326 1182 meum
1351 1122 1547 1199 corpus
1571 1130 1704 1186 sub-

80 1214 131 1267 it
156 1255 177 1279 ,
223 1224 279 1270 ttt
306 1217 426 1287 ejus
455 1218 614 1273 Verbi
655 1229 755 1290 ego
781 1232 947 1289 capax
992 1220 1230 1288 fiam;et
1258 1230 1433 1279 meam
1487 1238 1704 1281 carnem

81 1306 415 1376 suscipiens
433 1346 449 1376 ,
473 1308 726 1379 Spiritum
755 1310 887 1365 mihi
916 1327 1073 1366 suum
1105 1312 1353 1384 largiens,
1384 1325 1444 1369 ut
1471 1315 1707 1387 largiens

79 1406 145 1449 et
193 1398 474 1469 accipiens
505 1402 627 1456 vine
652 1401 779 1456 mihi
804 1402 1119 1458 thesaurum
1146 1415 1441 1475 comparet.
1472 1406 1703 1462 Carnem

83 1502 284 1543 meam
315 1491 558 1562 suscipit,
578 1500 635 1546 ut
660 1507 745 1547 me
769 1492 1363 1565 sanctiﬁcet:Spiritum
1394 1496 1521 1551 mibi
1544 1513 1701 1553 suum

84 1578 334 1649 largitur
356 1622 370 1647 ,
402 1592 460 1637 ut
490 1584 693 1638 salvum
731 1598 818 1639 me
853 1584 1033 1640 faciat.
1057 1583 1164 1641 Sed
1201 1586 1329 1657 quid
1373 1587 1547 1643 dicam
1570 1629 1587 1656 ,
1609 1601 1705 1645 aut

80 1671 232 1739 quid
280 1674 505 1744 loquar?
537 1674 668 1729 Ecce
709 1676 848 1747 virgo
884 1678 1128 1748 concipiet
1158 1677 1311 1746 (Isai.
1355 1680 1408 1735 7.
1442 1677 1554 1751 14)-
1581 1681 1699 1736 Non

79 1761 210 1830 jam
236 1761 455 1829 dicitur,
483 1773 539 1819 ut
563 1765 815 1833 futurum,
839 1765 932 1823 sed
955 1768 1241 1837 suspicitur
1268 1771 1449 1841 utjam
1476 1771 1697 1828 factum.

84 1856 283 1924 Atque
323 1856 463 1925 apud
492 1856 707 1913 Judzeos
749 1859 963 1929 quidem
1002 1859 1199 1916 factum
1241 1871 1361 1930 est,
1393 1864 1535 1934 apud
1563 1880 1700 1936 quos

83 1947 384 2004 dicebatur
410 1968 423 2003 :
447 1966 476 2004 a
507 1952 663 2007 nobis
684 1960 859 2006 autem
884 1952 1139 2016 creditur,
1168 1954 1309 2024 apud
1346 1968 1480 2026 quos
1504 1970 1575 2014 ne
1602 1974 1701 2012 no-

84 2040 411 2115 minabatur
437 2041 671 2111 quidem.
688 2041 820 2097 Ecce
842 2042 980 2112 virgo
999 2045 1260 2116 concipiet.
1286 2045 1460 2102 Litera
1482 2049 1697 2118 quidem

84 2145 391 2202 synagoga:
407 2141 512 2197 est,
535 2133 802 2203 possessio
822 2148 951 2190 vero
971 2135 1243 2191 Ecclesiae.
1260 2137 1350 2191 illa
1375 2139 1596 2196 tabellas
1616 2140 1698 2196 in-

84 2225 268 2288 venit,
294 2224 412 2281 inec
431 2228 772 2297 margaritam
796 2227 1059 2283 inveniet:
1083 2229 1169 2282 illa
1193 2231 1364 2285 lanam
1387 2230 1562 2298 tinxit,
1582 2232 1697 2290 haec

85 2327 250 2372 veste
299 2333 561 2389 purpurea
595 2328 683 2375 est
724 2319 923 2375 induta.
973 2319 1251 2391 Siquidem
1291 2322 1473 2379 Judaea
1521 2325 1697 2396 ipsum

84 2412 359 2478 peperit,
404 2423 459 2466 at
503 2413 650 2467 orbis
704 2421 964 2468 terrarum
1026 2414 1203 2483 ipsum
1248 2418 1479 2488 excepit.
1525 2417 1724 2490 εγω..

84 2515 231 2570 eoga
281 2504 455 2571 ipsum
495 2504 625 2559 aluit
666 2514 721 2558 et
760 2503 1006 2559 educavit
1040 2523 1053 2559 :
1083 2504 1376 2560 Ecclesiam
1405 2506 1578 2576 ipsum
1612 2519 1694 2564 te-

86 2594 252 2656 nuit,
301 2608 474 2663 eoque
519 2596 683 2664 potita
730 2604 837 2650 est.
884 2595 1039 2665 Apud
1090 2596 1236 2651 illam
1284 2598 1487 2666 palmes
1533 2600 1692 2667 vitis,

88 2694 145 2738 et
187 2685 335 2754 apud
378 2702 465 2741 me
512 2702 755 2742 racemus
784 2689 1039 2743 veritatis.
1067 2687 1160 2743 Illa
1197 2703 1469 2744 racemum
1509 2691 1696 2747 vinde-

89 2777 321 2841 miav‘it,
352 2786 409 2833 et
451 2784 641 2848 gentes
690 2779 968 2851 mysticam
1020 2780 1295 2849 potionem
1341 2781 1547 2836 bibunt.
1599 2783 1691 2838 illa

88 2882 322 2935 granunt
380 2868 629 2935 frumenti
670 2870 740 2924 in
791 2869 973 2925 Judzea
1016 2871 1335 2937 seminavit;
1385 2880 1442 2926 et
1506 2883 1693 2943 gentes

89 2959 219 3011 fidei
270 2958 407 3015 falce
445 2968 678 3026 segetem
733 2970 1087 3016 messuetunt.
1127 2960 1327 3017 Gentes
1378 2975 1556 3017 rosam
1608 2965 1693 3033 pie

90 3051 517 3119 decerpserunt,
550 3061 604 3105 et
639 3051 778 3122 apud
827 3050 1041 3106 Judaeos
1100 3053 1252 3121 spinn
1305 3052 1694 3112 incredulitatis

91 3142 357 3198 remansit
383 3160 401 3195 ς
432 3142 607 3212 pullus
645 3142 917 3207 avolavit,
963 3154 1017 3197 et
1054 3142 1289 3199 assident
1330 3143 1456 3198 nido
1502 3145 1689 3202 stulti:

92 3232 226 3286 folia
256 3233 427 3289 litera:
452 3234 873 3303 interpretantur
890 3234 1092 3299 Judmi,
1122 3244 1178 3290 et
1205 3234 1433 3291 fructum
1460 3236 1693 3306 Spiritus

92 3332 287 3393 gentes
326 3324 643 3395 decerpunt.
686 3325 818 3379 Ecce
852 3326 991 3397 virgo
1038 3327 1091 3380 in
1119 3335 1264 3382 utero
1300 3327 1563 3395 concipiet.
1598 3329 1693 3385 Dic

93 3417 255 3484 mihi,
282 3416 504 3485 Judce,
545 3418 632 3472 dic
674 3417 805 3471 mihi
859 3432 1039 3487 porro,
1087 3434 1245 3488 quem
1290 3419 1533 3489 peperit?
1559 3419 1693 3477 Fide

95 3508 256 3577 mibi,
285 3510 477 3565 saltem
510 3518 568 3564 ut
602 3510 818 3566 Herodi.
845 3511 952 3566 Sed
975 3526 1081 3567 non
1111 3511 1254 3566 fidis.
1285 3512 1408 3567 Seio
1437 3529 1594 3584 quam
1620 3514 1691 3570 ob

94 3617 317 3657 causam
351 3620 366 3656 :
398 3612 616 3673 propter
656 3603 897 3659 insidias.
941 3604 1021 3659 illi
1065 3604 1208 3659 enim
1251 3604 1454 3674 dixisti,
1481 3615 1537 3660 ut
1563 3622 1688 3663 eum

98 3693 427 3749 interficeret
458 3712 472 3748 :
511 3693 638 3748 mihi
668 3710 793 3749 vero
818 3709 923 3749 non
946 3694 1099 3759 dicis,
1128 3705 1184 3749 ut
1208 3712 1276 3751 ne
1302 3710 1423 3751 eum
1447 3696 1687 3752 adorem.

95 3786 403 3854 Quemnam
453 3801 583 3842 vero
628 3787 870 3857 peperit?
900 3786 1235 3854 Quemnam?
1262 3787 1476 3843 Naturae
1507 3788 1689 3844 Domi-

98 3894 248 3933 num.
279 3878 430 3932 Licet
479 3879 622 3933 enim
665 3887 721 3933 tu
764 3878 944 3946 sileas,
976 3879 1170 3932 clamat
1222 3889 1408 3934 natura
1440 3896 1453 3932 :
1484 3880 1692 3951 peperit

97 3970 268 4034 enim,
293 3978 353 4022 ut
378 3968 543 4023 voluit
568 3978 720 4038 partu
758 3967 867 4033 edi,
895 3968 986 4039 qui
1020 3977 1171 4037 partu
1219 3978 1305 4024 est
1354 3969 1547 4025 editus.
1574 3968 1689 4025 Non

94 4062 243 4115 enim
281 4059 338 4114 id
383 4074 413 4113 a
459 4068 645 4114 natura
687 4060 1111 4129 permittebatur,
1139 4059 1234 4115 sed
1262 4070 1318 4116 ut
1344 4069 1547 4117 naturae
1588 4062 1692 4117 Do-

100 4153 280 4207 minus
300 4151 610 4206 inusitatum
633 4151 924 4207 nativitatis
940 4152 1157 4207 modum
1182 4153 1406 4221 invexit,
1431 4163 1486 4208 ut
1511 4162 1691 4209 osten-

101 4242 190 4297 dat
219 4257 281 4298 se
309 4242 581 4298 hominem
606 4242 827 4310 factum,
855 4259 961 4299 non
993 4254 1050 4300 ut
1084 4244 1354 4299 hominem
1398 4258 1552 4315 partu
1581 4246 1687 4313 edi,

102 4334 193 4388 sed
238 4342 298 4388 ut
343 4333 508 4389 Deum
549 4334 718 4389 nasci.
751 4335 824 4389 Ex
861 4335 1075 4405 Virgine
1097 4335 1259 4406 igitur
1285 4322 1441 4391 hodie
1470 4336 1688 4407 prodiit,

103 4443 219 4495 qua:
275 4436 522 4481 naturam
572 4426 720 4493 vicit,
765 4437 820 4482 et
872 4427 1085 4497 nuptias
1134 4428 1447 4496 superavit‘.
1480 4429 1693 4485 Etenim

102 4518 405 4573 sanctitatis
442 4519 804 4588 Dispensatori
849 4521 1221 4586 conveniebat,
1247 4528 1304 4575 ut
1330 4536 1462 4591 puro
1487 4530 1541 4577 et
1567 4537 1692 4577 saun

104 4622 185 4666 cto
218 4618 375 4681 partu
406 4612 458 4665 in
487 4612 659 4666 lucem
701 4610 970 4667 ederetur.
1006 4611 1124 4681 ipse
1154 4627 1382 4683 uanique
1407 4622 1519 4681 est,
1543 4614 1691 4684 quie

107 4713 250 4759 terra
276 4702 482 4772 virgine
510 4703 778 4773 quondam
804 4702 1056 4758 formavit
1081 4703 1365 4768 Adamum,
1387 4718 1458 4759 ex
1488 4705 1691 4760 Adatno

108 4813 239 4853 vero
278 4798 397 4852 sine
441 4796 668 4852 muliere
714 4797 992 4852 mulierem
1029 4796 1347 4853 efi'ormavit.
1373 4797 1522 4852 Sicut
1546 4799 1691 4854 enim

103 4894 223 4946 sine
264 4890 490 4944 muliere
533 4888 756 4959 protulit
793 4890 1073 4946 mulierem
1121 4888 1377 4953 Adamus,
1409 4890 1487 4944 sic
1529 4891 1690 4944 etiam

107 4983 269 5053 Virgo
293 4983 411 5037 sine
438 4982 552 5036 viro
584 4981 855 5059 hominem
904 4977 1062 5037 hodie
1098 4982 1321 5053 peperit.
1354 4981 1525 5036 Homo
1546 4982 1691 5037 enim

103 5088 207 5142 est,
233 5076 427 5146 inquit,
476 5083 531 5130 et
574 5058 1032 5146 quiswcognoscet
1083 5076 1241 5131 eum?
1268 5074 1401 5130 Nam
1440 5077 1691 5146 quoniam

106 5167 415 5224 hominibus
455 5182 624 5237 genus
671 5167 928 5221 muliebre
975 5165 1292 5220 beneficium
1322 5165 1575 5235 debebat,
1605 5177 1695 5221 ut-

107 5270 230 5331 pote
260 5259 406 5331 quod
430 5260 599 5314 Adam
624 5260 741 5315 sine
766 5260 991 5315 muliere
1018 5259 1293 5313 mulierem
1320 5258 1649 5330 produxerat
1674 5275 1689 5313 :

110 5360 393 5422 propterea
431 5350 583 5419 virgo
628 5351 765 5435 sine
783 5350 897 5405 viro
920 5349 1081 5435 hodie
1112 5350 1339 5420 peperit,
1368 5364 1432 5406 ac
1460 5364 1556 5421 pro
1582 5349 1691 5405 Eva

656 5426 789 5439 «ἐκ,

390 5043 755 5063 M—

169 5525 185 5587 t
226 5530 370 5587 neg.,
473 5522 669 5584 prodiit,
696 5529 919 5587 turturem
939 5524 1146 5587 vincens,
1170 5528 1632 5587 nupttrtssupermts.

168 5585 242 5646 (α)
278 5590 395 5640 Quae
432 5592 702 5646 sequuntur
731 5584 796 5633 de
838 5585 1169 5646 incarnatione
1201 5584 1375 5635 Christi
1412 5584 1695 5637 concinnata

336 5650 431 5696 as.
458 5642 632 5708 Cirillo
655 5643 995 5705 Alexandrino,
1010 5647 1059 5694 tu
1082 5644 1205 5697 libro
1235 5648 1294 5696 ad
1320 5649 1537 5711 Regiuas.

3291 196 3400 256 390

1823 305 2065 361 debitum
2099 307 2196 363 viri
2226 310 2501 379 persolvit.
2533 310 2604 368 Ut
2623 313 2767 375 enim
2792 327 2907 370 non
2930 318 3231 387 superbirct
3260 316 3401 375 Ada-

1822 410 1963 461 mus,
1992 398 2134 467 quod
2155 398 2282 455 sine
2296 400 2521 457 muliere
2546 402 2821 460 mulierem
2843 407 3173 478 protulisset,-
3204 407 3403 467 ideirco

1820 496 1877 543 et
1895 488 2091 568 mulier
2105 491 2222 547 sine
2239 493 2355 549 viro
2382 494 2587 564 peperit
2605 495 2798 562 virum,
2824 507 2879 552 ut
2900 499 3139 555 miraculi
3164 513 3380 555 commu

1819 577 1981 636 nione
2009 589 2212 638 natura:
2241 585 2599 655 aequalitatem
2626 589 2950 645 ostenderet.
2979 591 3111 645 Nam
3139 591 3402 663 quemad-

1817 673 2035 729 modum
2060 676 2128 731 ab
2157 677 2362 733 Adamn
2391 688 2598 735 costam
2626 682 2866 747 abstulit,
2895 692 2949 738 et
2971 683 3236 740 Adamum
3268 684 3399 739 nihil

1816 763 2082 822 imminuit
2112 770 2237 825 :sic
2275 780 2328 826 et
2356 772 2409 827 in
2437 772 2656 843 Virgine
2692 776 2991 830 aniutatum
3037 777 3289 846 templum
3317 780 3397 833 ef»

1815 852 1989 923 finxit,
2014 868 2070 913 et
2095 860 2450 931 virginitatem
2481 865 2698 921 minime
2735 866 2919 921 solvit.
2947 867 3216 924 Saivuset
3244 870 3388 924 ineo-

1814 943 1972 1002 lumis
2009 952 2268 1007 remansit
2312 955 2472 1009 etiam
2519 966 2640 1025 post
2681 966 2843 1014 costa:
2873 958 3220 1027 privationem
3252 960 3393 1015 Ada-

1812 1038 2295 1111 mus:incorrupta
2341 1046 2504 1101 etiam
2558 1047 2709 1117 virgo
2754 1051 3066 1116 permansit,
3115 1061 3393 1120 postquam

1812 1125 1987 1182 infans
2011 1145 2075 1185 ex
2103 1146 2166 1186 ea
2195 1133 2411 1202 prodiit.
2441 1136 2645 1191 idcirco
2680 1149 2859 1194 autem
2900 1156 3006 1195 non
3051 1142 3267 1197 aliunde
3292 1144 3394 1200 sibi

1812 1218 2070 1287 templum
2096 1224 2379 1287 exstruxit,
2410 1240 2583 1295 neque
2602 1228 2745 1283 aliud
2767 1244 2962 1299 corpus
2987 1232 3274 1289 formatum
3311 1235 3395 1287 in-

1809 1308 1944 1375 duit,
1969 1327 2038 1366 ne
2063 1327 2294 1367 massam
2318 1316 2507 1371 Adami
2531 1322 2851 1375 contumelia
2869 1323 3087 1379 afﬁcere
3104 1325 3391 1380 videretur.

1807 1400 1938 1454 Nam
1964 1404 2215 1471 quoniam
2259 1406 2513 1477 deceptus
2541 1409 2950 1477 homo,diaboli
2980 1414 3405 1471 instrumentum.

1807 1489 1975 1546 factus
1998 1502 2132 1559 erat,
2162 1504 2442 1564 propterea
2462 1498 2633 1568 ipsum
2662 1502 2753 1569 qui
2778 1502 3146 1570 supplantatus
3180 1504 3389 1559 fuerat‘

1810 1593 2075 1655 tamquam
2121 1589 2413 1644 animatum
2467 1592 2725 1659 templum
2763 1594 3019 1657 assumit,
3060 1606 3121 1649 ut
3175 1607 3401 1666 propter

1806 1672 1943 1729 banc
1968 1691 2090 1729 cum
2118 1693 2215 1733 suo
2238 1678 2525 1734 Conditore
2549 1682 2980 1750 conjunctionem
3012 1684 3184 1754 ipsum
3210 1701 3242 1740 a
3273 1686 3389 1740 dia-

1804 1764 1912 1819 boli
1943 1770 2334 1825 consuetudine
2364 1787 2426 1827 ac
2449 1771 2805 1830 familiaritate
2831 1775 3132 1832 divelleret.
3164 1777 3391 1833 Verum-

1806 1863 1984 1912 tamen
2011 1858 2137 1914 dum
2178 1859 2237 1915 fit
2278 1861 2461 1926 homo,
2492 1879 2598 1918 non
2621 1872 2681 1918 ut
2704 1865 2865 1920 homo
2893 1875 3044 1937 partu
3070 1867 3265 1931 editur,
3295 1869 3395 1927 sed

1804 1956 1863 2003 ut
1892 1949 2034 2005 Deus
2059 1953 2311 2010 nascitur.
2343 1953 2399 2009 Si
2429 1957 2570 2011 enim
2597 1970 2672 2012 ex
2693 1959 2962 2013 communi
2991 1959 3392 2031 conjugiopro-

1800 2039 1991 2096 diisset
2019 2050 2075 2095 ut
2102 2058 2224 2113 ego,
2256 2044 2567 2114 figmentum
2595 2062 2626 2101 a
2655 2049 2812 2117 vulgo
2836 2050 3174 2105 existimatus
3201 2062 3339 2108 esset
3371 2070 3384 2105 :

1797 2129 1908 2199 jam
1937 2148 2067 2188 vero
2094 2133 2294 2213 idcirco
2314 2152 2384 2192 ex
2408 2136 2624 2208 Virgine
2650 2140 2905 2207 nascitur,
2940 2155 3165 2197 nascens
3185 2152 3387 2209 autem,

1801 2231 1857 2278 et
1886 2236 2096 2280 uterum
2123 2227 2384 2284 illibatum
2409 2241 2719 2296 conservat,
2736 2240 2791 2287 et
2819 2232 3189 2288 intemeratam
3220 2234 3386 2304 virgi-

1801 2313 2021 2370 nitatem
2038 2318 2292 2384 custodit,
2312 2330 2370 2375 ut
2398 2320 2681 2376 inusitatus
2701 2322 2940 2392 pariendi
2966 2323 3155 2379 modus
3182 2340 3387 2397 magum

1801 2408 1930 2462 mihi
1959 2409 2082 2465 fidei
2119 2412 2430 2467 conciliator
2475 2414 2720 2469 exsistat.
2751 2413 2903 2471 Unde
2923 2413 3038 2471 sive
3066 2431 3152 2470 me
3176 2417 3386 2487 gentilis

1799 2489 1912 2548 sive
1936 2493 2153 2550 Iudaeus
2177 2496 2492 2568 interroget,
2523 2514 2650 2553 num
2676 2494 2921 2555 Christus
2941 2515 3062 2555 cum
3094 2502 3385 2557 secundum

1798 2595 2041 2641 naturam
2072 2588 2211 2643 Deus
2230 2598 2393 2653 esset,
2416 2589 2578 2645 homo
2603 2600 2797 2662 printer
2824 2604 3066 2648 naturam
3093 2595 3165 2651 sit
3192 2593 3384 2664 factus,

1798 2667 1992 2739 dicam,
2021 2672 2110 2728 Sic
2136 2684 2217 2728 est
2242 2691 2255 2728 :
2280 2683 2336 2730 et
2374 2684 2565 2731 testem
2612 2677 2919 2732 inviolatum
2965 2678 3282 2749 virginitatis
3304 2683 3379 2738 si-

1794 2762 1982 2833 gilium
2013 2764 2190 2820 citabo
2220 2782 2238 2818 :
2265 2765 2335 2820 ita
2384 2782 2612 2838 namque
2653 2768 2792 2822 Deus
2820 2778 2921 2835 est,
2947 2770 3034 2840 qui
3063 2778 3268 2827 natura
3297 2788 3384 2827 or-

1796 2854 1975 2910 dinem
2008 2856 2326 2913 vincatzita
2374 2859 2576 2915 ventris
2622 2868 2706 2915 est
2753 2859 2926 2928 lictor,
2972 2873 3027 2914 et
3067 2861 3385 2932 virginitatis

1795 2947 2064 3017 inventor,
2096 2948 2186 3020 qui
2224 2960 2276 3005 et
2322 2951 2719 3008 innnaculatum
2780 2952 3027 3009 habuerit
3095 2956 3385 3012 nativitatis

1797 3039 2039 3106 modum,
2066 3051 2121 3097 et
2160 3042 2500 3100 ineﬂ'abiliter
2550 3046 2804 3115 templum
2855 3046 2975 3111 sibi,
3008 3064 3114 3117 quo
3159 3049 3389 3105 voluerit

1795 3131 1976 3199 modo,
2003 3134 2381 3191 construxerit.
2416 3136 2508 3191 Dic
2536 3136 2663 3190 mibi
2692 3152 2848 3209 ergo,
2873 3138 3074 3205 Judase,
3106 3142 3384 3210 peperitne

1794 3225 1963 3297 virgo,
1989 3228 2275 3285 annoniSi
2329 3229 2472 3285 enim
2523 3230 2750 3299 peperit,
2800 3231 3103 3285 inusitatum
3158 3241 3377 3303 partum.

1793 3317 2049 3374 confitere
2076 3335 2089 3369 :
2122 3319 2266 3389 quod
2310 3320 2352 3374 si
2378 3335 2483 3375 non
2513 3322 2739 3390 peperit,
2766 3337 2862 3376 cur
2887 3321 3153 3377 Herodem
3184 3322 3383 3381 fefelli-

1793 3408 1895 3462 sti?
1920 3408 2000 3465 Tu
2020 3410 2165 3465 enim
2192 3411 2292 3480 ipsi
2309 3412 2621 3479 sciscitanti,
2655 3404 2742 3467 ubi
2773 3412 3019 3469 Christus
3043 3425 3396 3483 nasceretur.

1793 3500 1992 3568 dixisti,
2027 3501 2081 3557 in
2112 3502 2384 3559 Bethleem
2408 3502 2625 3559 Judretc.
2668 3505 2804 3560 Num
2848 3506 3004 3575 igitur
3048 3522 3148 3578 ego
3190 3523 3380 3580 pagum

1794 3606 2047 3648 noveram
2078 3603 2169 3648 aut
2190 3594 2365 3650 locum
2393 3595 2606 3664 (Matth.
2652 3596 2707 3651 2.
2736 3596 2832 3667 5)?
2859 3610 2985 3652 nmn
3026 3613 3124 3668 ego
3154 3597 3382 3669 dignita—

1796 3694 1903 3740 tem
1929 3686 2045 3756 ejus
2074 3690 2164 3758 qui
2192 3698 2345 3743 natus
2374 3699 2489 3743 erat
2516 3698 2851 3759 perspectam
2881 3688 3178 3744 habebam?
3204 3706 3384 3747 nonne

1796 3778 1959 3837 lsaias
2004 3781 2169 3851 ipsius
2213 3792 2481 3853 tamquam
2526 3782 2623 3837 Dei
2659 3784 2987 3839 mentionem
3017 3781 3180 3838 fecit?
3210 3778 3385 3839 Puriet

1795 3872 1956 3938 enim,
1987 3872 2177 3942 inquit,
2212 3873 2398 3942 ﬁlium,
2441 3883 2489 3926 et
2527 3874 2773 3927 vocabunt
2807 3889 2986 3928 nomen
3028 3875 3138 3946 ejus
3174 3872 3386 3927 Emma-

1796 3964 1915 4018 nuel
1962 3963 2114 4035 (Isai.
2143 3965 2197 4018 7.
2229 3964 2338 4035 Η).
2367 3963 2559 4019 Nonne
2587 3979 2682 4019 vos
2711 3962 2935 4034 improbi
2966 3964 3161 4019 inimici
3190 3964 3386 4020 verita-

1795 4062 1904 4111 tem
1933 4055 2336 4111 introduxistis?
2386 4071 2564 4111 nonne
2605 4072 2702 4112 vos
2731 4056 2919 4111 scriba:
2944 4064 2999 4112 et
3021 4054 3275 4111 Pharisaei
3297 4056 3380 4110 (εἱ-ο

1798 4146 2020 4218 ligentes
2067 4147 2197 4217 legis
2239 4146 2614 4203 observatores
2664 4162 2866 4203 omnes.
2896 4164 2982 4203 res
3016 4148 3131 4218 ejus
3163 4165 3258 4203 nos
3282 4150 3409 4209 (ἰω-Γ

1797 4238 1983 4293 cuistis
2009 4236 2226 4309 (Matth.
2254 4240 2307 4303 1,
2338 4237 2473 4307 25)?
2495 4239 2748 4309 numquid
2793 4238 3106 4296 flebraicatn
3149 4243 3382 4314 linguam

1798 4346 1897 4386 nos
1946 4330 2247 4386 callemus?
2294 4346 2468 4386 nonne
2520 4346 2615 4385 vos
2682 4330 2984 4402 Scripturas
3053 4333 3384 4404 interpretati

1794 4423 1963 4478 estis?
1994 4421 2283 4492 Postquam
2311 4423 2459 4493 virgo
2488 4424 2712 4494 peperit,
2739 4430 2795 4478 et
2834 4432 3119 4494 antequam
3152 4440 3383 4495 paretct,

1797 4531 1865 4571 ne
1895 4516 2163 4571 videretur
2210 4518 2363 4571 locus
2405 4516 2492 4571 ille
2538 4519 2587 4570 in
2632 4516 2855 4587 gratiam
2908 4517 3114 4572 Domini
3155 4521 3383 4590 expuni,

1800 4625 1978 4663 nonne
2021 4625 2116 4663 vos
2156 4608 2467 4679 interrogati
2519 4611 2585 4663 ab
2620 4607 2831 4664 Herode
2876 4619 3063 4664 testem
3110 4608 3384 4668 biit-hmani

1800 4706 2116 4774 prephetam
2156 4704 2471 4773 protulistis,
2496 4712 2554 4756 ut
2580 4717 2883 4757 sermonem
2909 4712 3141 4758 vestrum
3191 4704 3388 4761 confih

1800 4797 2004 4852 marct?
2033 4797 2096 4849 Et
2122 4808 2175 4850 tu
2201 4796 2365 4860 enim,
2394 4796 2584 4865 inquit,
2613 4794 2867 4849 Bethleem
2908 4795 3087 4847 domus
3134 4793 3384 4864 Ephrem,

1800 4903 2113 4956 nequaquam
2147 4886 2359 4939 minima
2391 4902 2443 4939 es
2473 4886 2524 4939 in
2546 4886 2853 4956 principibus
2873 4883 3014 4938 Juda
3044 4899 3062 4938 :
3092 4900 3154 4938 ca:
3183 4899 3229 4939 te
3255 4889 3389 4942 enim

1800 4982 1928 5035 strict
1973 4980 2098 5045 dux,
2125 4979 2209 5050 qui
2237 4988 2373 5051 reget
2408 4979 2651 5049 populum
2704 4995 2868 5032 meum
2905 4977 3071 5032 Israel
3118 4974 3301 5049 (Mich.
3332 4982 3387 5037 5.

1799 5070 1856 5136 2;
1886 5070 2074 5125 Matth.
2105 5071 2161 5125 2.
2185 5070 2263 5144 6).
2290 5070 2456 5125 Recte
2476 5069 2919 5141 dixitpropbcta,
2949 5070 3117 5125 Exte.
3143 5071 3218 5126 Ex
3240 5072 3390 5128 vobis

1802 5166 1953 5232 exiit,
1975 5173 2029 5219 et
2057 5165 2108 5219 iu
2138 5163 2321 5220 rubent
2353 5174 2613 5218 terrarum
2641 5164 2804 5218 venit.
2830 5156 2929 5231 Qui
2959 5164 3100 5219 enim
3129 5172 3230 5227 est,
3263 5180 3361 5234 pro

1803 5258 2074 5330 greditur;
2107 5256 2198 5328 qui
2223 5270 2352 5312 veto
2377 5271 2485 5310 non
2513 5264 2616 5320 est,
2640 5265 2871 5319 creatur,
2902 5264 2993 5310 aut
3019 5258 3094 5310 fit.
3116 5258 3186 5309 At
3207 5256 3318 5324 ipse
3335 5265 3388 5309 et

1802 5362 1939 5417 erat,
1968 5362 2022 5407 ct
2061 5360 2183 5405 ante
2216 5359 2351 5414 erat,
2381 5358 2435 5401 et
2474 5363 2686 5419 semper
2727 5356 2869 5405 erat:
2895 5345 2986 5400 sed
3018 5356 3133 5402 erat
3172 5344 3413 5414 quidem,

1805 5459 2019 5514 semper
2050 5452 2107 5497 ut
2149 5443 2329 5509 Deus,
2369 5440 2625 5496 mundum
2676 5439 2979 5511 gubernans
3020 5458 3032 5493 :
3069 5438 3225 5493 hodie
3262 5453 3401 5493 vero
3448 5482 3459 5487 -

1871 5584 1885 5615 ι
1916 5581 2110 5694 ῐηυπρε.
2135 5578 2334 5642 legitur,
2378 5585 2570 5641 praptcr
2615 5576 2825 5641 “ipsum
2872 5572 2998 5637 quod
3022 5574 3402 5627 iusti-unitatem.

1871 5657 1906 5694 ne
1934 5656 1975 5694 r1
2012 5652 2163 5694 catur.

1808 5657 1906 5698 εδει
1934 5652 2146 5695 ωιιοαωτ
2153 5677 2163 5688 -
