3704 6274
293 224 340 252 ι.
380 205 473 260 59!

380 319 613 388 prodiit:
646 328 701 375 ut
758 320 918 376 homo
958 322 1210 392 populum
1268 325 1439 395 regit,
1494 335 1556 381 ut
1598 326 1741 383 Deus
1783 336 1966 382 autem

376 412 559 465 orbem
615 421 876 467 terrarum
925 415 1130 468 salvum
1182 414 1325 471 fecit.
1354 415 1399 471 0
1437 416 1696 489 benignos
1739 417 1959 473 hostes!

374 519 408 555 o
458 503 728 559 modesms
776 519 839 559 ac
891 505 1049 561 mites
1104 518 1475 576 accusatores,
1525 512 1614 581 qui
1668 522 1851 565 natum
1905 512 1965 565 in

374 594 644 650 Bethleem
722 596 888 651 Deum
966 612 1089 652 esse
1169 599 1535 670 imprudentes
1598 602 1957 658 indicarunt:

368 690 454 758 qui
484 690 733 743 latentem
762 691 812 746 in
843 692 1105 761 prmsepio
1136 692 1415 748 Dominum
1446 705 1631 750 notum
1672 695 1915 752 fecerunt
1936 737 1953 763 ,

366 781 457 848 qui
477 781 742 847 jacentem
769 782 819 835 in
842 766 1095 852 spelunca
1120 783 1269 838 inviti
1293 784 1612 850 indicarunt,
1631 795 1685 841 et
1698 786 1959 843 beneﬁcio

366 874 613 929 nolentes
637 890 731 929 sua
761 886 951 945 sponte
976 891 1073 931 nos
1112 876 1439 943 affecerunt,
1467 879 1804 942 revelarunt,
1834 894 1956 933 cum

364 966 635 1021 occultare
672 970 1036 1022 conarentur!
1093 967 1255 1023 Vides
1311 968 1585 1039 imperitus
1628 970 1959 1040 magistros?

364 1060 493 1126 Qua:
514 1059 710 1114 docent
741 1060 839 1130 ipsi
867 1060 1115 1114 nesciunt
1143 1079 1155 1114 :
1187 1060 1326 1115 fame
1348 1062 1573 1116 confecti
1604 1062 1862 1128 nutriunt,
1884 1063 1957 1116 si-

363 1151 558 1205 tientes
586 1160 766 1220 potum
792 1150 1032 1219 praebent
1050 1191 1067 1216 ,
1094 1160 1329 1219 egestate
1352 1154 1521 1221 pressi
1547 1153 1735 1208 ditant.
1765 1154 1954 1209 Venite

362 1242 520 1311 igitur
551 1282 567 1307 ,
613 1241 805 1295 festum
832 1256 1052 1311 agamus
1073 1282 1088 1307 ,
1119 1243 1318 1303 venite.
1350 1244 1753 1300 solemnitatem
1810 1247 1954 1302 cele-

359 1332 595 1387 bremus.
628 1330 914 1385 lnusitatus
939 1332 1080 1385 enim
1109 1343 1189 1385 est
1219 1332 1519 1386 festivitatis
1544 1334 1753 1400 modus,
1784 1352 1953 1405 quan-

358 1425 646 1493 doquidem
683 1434 737 1477 et
765 1424 1092 1477 incredibilis
1124 1434 1206 1476 est
1232 1439 1411 1477 sermo
1440 1424 1750 1480 nativitatis.
1781 1427 1950 1483 Hodie

360 1528 588 1582 namque
619 1521 773 1566 vetns
793 1513 1024 1567 solutum
1054 1521 1138 1567 est
1165 1512 1457 1579 vinculum,
1488 1514 1735 1571 diabolus
1761 1517 1950 1573 confu-

357 1625 450 1663 sus
478 1617 581 1674 est,
621 1608 894 1662 dwmones
938 1607 1298 1678 aufugerunt,
1331 1610 1600 1666 destructa
1639 1626 1785 1667 mors
1825 1620 1942 1681 est,

358 1686 924 1773 paradisns’reseratus
953 1740 969 1764 ,
1000 1699 1305 1755 maledictio
1333 1701 1507 1756 deleta
1532 1713 1632 1768 est,
1666 1713 1945 1773 peccatum

353 1808 383 1844 e
414 1772 590 1846 medio
617 1790 884 1847 sublatum
909 1802 1012 1859 est,
1042 1793 1316 1865 ablegatus
1339 1805 1422 1851 est
1440 1811 1613 1864 error,
1638 1800 1834 1855 veritas
1858 1814 1946 1855 re-

351 1879 482 1945 diit,
515 1889 568 1935 et
595 1880 804 1951 pietatis
842 1897 1021 1938 sermo
1051 1884 1399 1957 undeqnaque
1424 1886 1801 1945 disseminatus
1828 1900 1939 1959 est,

350 1983 404 2028 et
435 1976 1079 2032 eumtrrit:conversatio
1128 1978 1359 2034 caelitum
1408 1981 1459 2035 in
1506 1983 1663 2037 terris
1710 1980 1940 2054 plantata

348 2076 430 2119 est
458 2082 471 2118 :
498 2060 670 2135 'angeli
699 2081 820 2121 cum
873 2068 1178 2124 hominibus
1210 2073 1607 2127 communicant
1631 2116 1647 2142 ,
1696 2073 1939 2132 homines

346 2175 467 2212 cum
500 2160 702 2230 angelis
741 2161 1004 2232 intrepide
1043 2165 1439 2236 colloquuntur.
1477 2168 1614 2235 Quid
1647 2169 1753 2225 ita?
1789 2171 1939 2239 Quo-

346 2254 489 2308 niam
520 2253 660 2309 Deus
684 2255 737 2309 in
769 2265 964 2311 terram
997 2258 1172 2322 venit,
1217 2270 1271 2314 et
1297 2260 1457 2315 homo
1488 2261 1540 2316 in
1569 2263 1759 2318 caelum
1780 2304 1796 2330 ,
1822 2280 1938 2320 om-

347 2346 432 2398 nia
465 2347 662 2415 passim
689 2347 976 2402 commixta
1005 2361 1162 2428 sunt.
1182 2350 1339 2406 Venit
1363 2352 1504 2407 enim
1529 2353 1579 2408 in
1609 2364 1748 2410 terra
1768 2399 1783 2423 ,
1815 2373 1935 2413 eum

346 2447 488 2491 totus
519 2437 570 2490 in
598 2438 732 2492 cazlo
760 2438 829 2492 sit
859 2458 870 2494 :
899 2453 1130 2511 cumque
1159 2450 1301 2496 totus
1329 2443 1380 2497 in
1410 2444 1541 2500 caelo
1565 2446 1656 2512 sit,
1687 2456 1826 2502 totus
1855 2458 1939 2504 est

345 2530 395 2581 in
427 2539 588 2582 terra.
621 2528 755 2584 Cum
790 2540 929 2584 esset
969 2531 1145 2598 Deus,
1177 2531 1349 2588 factus
1373 2544 1455 2590 est
1474 2535 1638 2591 homo
1660 2577 1673 2601 ,
1702 2553 1808 2593 non
1838 2556 1934 2594 ne-

340 2636 473 2691 gans
500 2636 558 2676 se
585 2623 750 2677 Deum
778 2638 897 2679 esse
930 2642 945 2677 :
976 2639 1096 2679 cum
1129 2633 1275 2681 esset
1323 2626 1555 2683 Verbum
1600 2629 1893 2700 impatibile
1915 2673 1931 2699 ,

339 2713 511 2767 factus
537 2721 620 2768 cst
644 2728 771 2768 caro
800 2732 814 2767 :
850 2722 909 2769 ut
931 2714 1267 2772 lialiitaretin
1293 2719 1445 2774 nobis
1471 2733 1598 2776 caro
1630 2721 1799 2777 factus
1828 2734 1929 2779 est.

339 2799 480 2859 Deus
505 2805 647 2860 enim
680 2807 852 2862 factus
898 2823 1003 2863 non
1026 2818 1147 2874 est,
1188 2808 1283 2866 sed
1309 2819 1444 2867 erat.
1487 2812 1777 2883 PrOpterea
1805 2831 1935 2871 caro

338 2897 509 2952 factus
538 2907 655 2965 est,
687 2907 743 2953 ut
771 2916 927 2971 quem
954 2902 1142 2956 caelum
1172 2917 1275 2958 non
1304 2905 1568 2974 capiebat,
1604 2907 1761 2964 hodie
1792 2925 1930 2980 pra:-

336 2992 885 3066 sepijnuusciperet.
919 2994 1205 3066 Proiitcrea
1233 2998 1448 3067 ponitur
1477 2999 1529 3054 in
1564 3004 1844 3072 prtesepio,
1874 3013 1932 3059 ut

335 3084 382 3137 is
413 3100 441 3137 a
468 3100 574 3154 quo
600 3086 906 3141 nutriuntur
934 3089 1111 3142 omnia
1136 3089 1345 3159 pueruli
1372 3091 1681 3147 alimentum
1708 3101 1738 3147 a
1766 3094 1927 3164 virgi-

334 3192 402 3230 ne
441 3188 612 3232 matre
654 3179 898 3248 accipiat.
952 3178 1239 3250 Propterea
1278 3180 1576 3237 futurorum
1606 3184 1924 3239 szrculorum

332 3269 491 3325 Pater
536 3279 805 3340 tamquam
845 3272 912 3326 ab
958 3272 1126 3328 ubere
1164 3272 1406 3344 pendens
1441 3274 1615 3329 infans
1662 3276 1929 3347 virgineas

332 3362 553 3417 tnininte
584 3362 778 3434 refugit
811 3364 999 3429 ulnas,
1046 3373 1104 3418 ut
1126 3366 1299 3436 magis
1334 3380 1553 3423 accessu
1605 3367 1772 3423 facilis
1813 3370 1923 3423 tiat.

330 3454 603 3525 Siquidem
631 3464 685 3509 et
715 3455 875 3511 hodie
898 3457 1032 3526 magi
1059 3457 1412 3524 advenerunt,
1442 3467 1497 3513 et
1522 3468 1804 3531 tyrannum
1825 3460 1926 3515 ab-

332 3547 560 3620 negandi
602 3548 810 3603 initium
851 3547 1133 3617 fecerunt,
1173 3559 1228 3605 et
1253 3551 1444 3604 etclam
1474 3551 1762 3622 gloriatur,
1798 3552 1924 3607 dum

331 3656 428 3711 per
456 3640 664 3694 steUam
697 3640 978 3695 Dominum
1006 3656 1158 3695 suum
1185 3641 1383 3696 indicat
1408 3683 1422 3708 ,
1461 3651 1515 3697 et
1541 3658 1703 3712 super
1728 3643 1922 3699 nubem

332 3734 503 3790 levem
543 3734 786 3805 corporis
815 3735 895 3788 sui
930 3734 1124 3790 sedens
1166 3735 1420 3791 Dominus
1448 3737 1616 3792 currit
1659 3738 1711 3792 in
1756 3738 1923 3811 Egy-

328 3837 478 3896 ptnm
511 3844 524 3881 :
556 3837 608 3882 et
634 3826 816 3898 fugere
844 3827 1058 3898 quidem
1093 3827 1319 3883 Ilerodis
1344 3828 1553 3884 videtur
1578 3830 1796 3885 insidias
1818 3873 1834 3899 ,
1864 3849 1924 3889 re

327 3929 505 3974 autem
544 3934 667 3974 vera
699 3920 841 3991 quod
880 3920 948 3976 ab
984 3920 1117 3976 tsaia
1162 3921 1363 3976 dictum
1409 3920 1582 3977 fuerat
1621 3923 1920 3994 adimplet:

333 4025 353 4055 ο
378 4005 668 4070 Eritenim,
694 4025 713 4058 ι
741 4006 931 4077 inquit,
956 4023 975 4058 ‹
999 4006 1049 4060 ἰη
1078 4007 1164 4061 die
1186 4006 1275 4061 illa
1295 4007 1455 4062 Israel
1472 4008 1725 4062 tertiusin
1750 4010 1921 4081 Assy-

327 4099 419 4154 riis
444 4140 459 4165 ,
491 4108 545 4154 et
571 4098 622 4153 in
654 4098 923 4172 Egyptiis
949 4100 1263 4156 benedictus
1290 4102 1392 4156 erit
1423 4100 1651 4171 populus
1686 4117 1838 4159 meus
1866 4104 1920 4159 in

328 4204 506 4255 terra,
555 4209 715 4263 quam
757 4192 1031 4249 benedixit
1076 4193 1332 4248 Dominus
1370 4192 1604 4248 Sabaoth
1630 4236 1645 4261 ,
1690 4194 1916 4250 dicens:

326 4284 646 4341 Benedictus
671 4286 775 4341 erit
803 4286 1029 4355 populus
1070 4300 1221 4340 meus
1251 4286 1341 4355 qui
1369 4291 1422 4340 in
1453 4284 1690 4358 Egypto
1734 4296 1790 4341 et
1828 4287 1916 4357 qui

325 4380 376 4431 in
405 4377 642 4447 Assyriis
669 4387 723 4430 et
746 4378 836 4446 qui
862 4377 923 4439 in
945 4376 1105 4431 Israel
1133 4395 1152 4428 ι
1184 4376 1204 4449 (
1232 4375 1360 4430 Isai.
1391 4377 1478 4432 19.
1506 4377 1598 4433 24.
1622 4377 1746 4449 25).
1779 4377 1916 4445 Quid

325 4472 448 4538 ais,
494 4470 726 4526 ludive?
769 4472 857 4540 qui
911 4473 1111 4540 primus
1148 4488 1309 4539 cras,
1356 4474 1545 4528 tertius
1594 4473 1767 4529 factus
1817 4477 1921 4529 es?

325 4565 564 4637 Egyptii
590 4573 645 4621 et
670 4564 871 4637 Assyrii
905 4564 997 4619 tibi
1024 4565 1242 4619 antelati
1273 4574 1418 4631 sunt,
1449 4575 1504 4620 et
1532 4567 1916 4637 primogenitus

324 4659 485 4716 Israel
517 4673 740 4713 numero
769 4658 1033 4729 posterior
1070 4658 1195 4713 est?
1242 4658 1315 4713 Ita
1347 4667 1431 4714 est
1465 4677 1477 4714 :
1509 4660 1704 4715 merito
1748 4661 1916 4731 Assy-

326 4758 388 4811 rii
418 4756 576 4825 primi
603 4763 759 4810 erunt
793 4772 808 4809 :
835 4752 1266 4824 quandoquidem
1290 4763 1345 4809 et
1365 4753 1463 4824 ipsi
1494 4755 1649 4824 primi
1678 4770 1774 4826 per
1799 4772 1915 4809 ma-

324 4866 419 4917 gos
454 4863 577 4903 eum
619 4847 1018 4904 adoraverunt:
1048 4844 1283 4919 Egyptii
1324 4862 1451 4902 vero
1476 4857 1596 4916 post
1628 4848 1878 4920 Assyrios
1898 4890 1915 4917 ,

325 4940 767 5011 quandoquidem
786 4940 957 5008 ipsum
981 4936 1208 4993 Herodis
1226 4938 1441 4994 insidias
1460 4938 1746 5010 fugientem
1768 4955 1917 4997 exce-

242 5096 251 5101 ι
326 5042 555 5102 perunt;
589 5042 863 5101 postremo
886 5046 1015 5085 vero
1042 5030 1160 5084 loco
1187 5043 1499 5087 numeratur
1530 5033 1715 5101 lsrael,
1742 5050 1916 5105 quan-

326 5122 612 5191 doquidem
639 5132 757 5192 post
776 5135 1053 5176 ascensum
1083 5122 1198 5190 ejus
1219 5138 1284 5176 ex
1309 5122 1543 5178 Jordane
1566 5133 1673 5177 tum
1700 5125 1914 5180 demum

325 5233 421 5286 per
456 5215 727 5286 apostolos
753 5231 873 5269 cum
900 5224 1255 5285 agnoverunt.
1300 5214 1576 5286 ingressus
1615 5227 1697 5273 est
1738 5229 1915 5273 autem

325 5311 617 5383 Aigyptum
643 5351 665 5377 ,
703 5308 1014 5363 concutiens
1039 5307 1255 5379 Egypti
1284 5308 1580 5363 mannfacta
1602 5352 1616 5375 ,
1650 5326 1757 5364 non
1779 5326 1915 5381 quo-

326 5420 431 5475 quo
458 5403 653 5469 modo,
684 5401 782 5457 sed
812 5410 1086 5472 postquam
1114 5399 1331 5472 Egypti
1366 5400 1624 5456 vestibula
1659 5403 1921 5458 conclusit

328 5501 541 5551 interitu
589 5495 1065 5567 primogenitorum
1119 5492 1283 5566 (ισοξ.
1340 5493 1428 5549 19.
1485 5496 1573 5565 1).
1627 5492 1917 5564 Propterea

327 5598 594 5661 tamquam
617 5589 1006 5662 primogenitus
1029 5586 1189 5643 hodie
1214 5587 1487 5659 ingressus
1506 5597 1589 5643 est
1612 5597 1670 5643 ut
1685 5589 1918 5659 antiquas

331 5685 599 5744 nimstitia:
645 5684 844 5741 luctum
885 5682 1135 5741 solveret.
1182 5680 1599 5754 Primogenitum
1641 5696 1771 5740 vero
1812 5682 1916 5740 dici

1112 205 1171 262 S.
1208 205 1494 263 JOANNIS
1528 209 2021 274 CllRYSOSTOHI
2071 218 2392 275 ARCHIEP.
2429 217 2972 279 CONSTANTINOP.

2077 327 2351 388 Christum
2378 343 2602 393 testatur
2627 339 2788 397 hodie
2814 342 2983 401 Lucas
3002 350 3327 421 evangelista
3357 367 3483 408 cum
3509 354 3648 411 dicit:

2068 420 2138 476 Et
2163 427 2353 494 peperit
2372 428 2537 496 ﬁlium
2562 448 2711 486 suum
2735 420 3215 507 primogenitumet
3241 446 3424 512 pannis
3454 446 3651 503 involvit

2066 530 2213 581 eum,
2245 527 2297 571 et
2316 520 2577 575 reclinavit
2603 540 2716 577 eum
2754 527 2808 580 in
2851 531 3133 599 prmepio,
3173 534 3293 603 quia
3316 552 3421 590 non
3454 548 3563 591 erat
3588 542 3649 594 eis

2066 606 2207 662 locus
2250 609 2304 662 in
2348 610 2622 666 diversorio
2657 614 2992 687 (ιλιαω).
3041 619 3317 692 ingressus
3362 634 3454 681 est
3502 628 3650 697 igitur

2064 697 2357 770 Egyptum
2385 712 2442 757 ut
2467 704 2700 774 antiquae
2736 710 3006 766 maestitia:
3040 713 3241 768 luctum
3266 712 3527 773 'solveret
3560 738 3573 773 :
3603 734 3648 775 et

2065 789 2336 861 plagarum
2377 793 2495 847 loco
2521 796 2775 865 gaudium
2790 799 2999 881 invexit
3022 843 3038 867 ,
3067 813 3119 857 et
3148 802 3266 860 Ioco
3292 810 3473 862 noctis
3499 819 3649 880 atque

2062 881 2403 938 tenebrarum
2436 884 2614 941 lumen
2659 888 2847 943 salutis
2874 889 3096 962 largitus
3128 903 3230 949 est.
3274 895 3647 956 Contaminata

2063 980 2190 1027 tunc
2219 972 2317 1028 fuit
2356 990 2492 1045 aqua
2537 975 2772 1035 fluminis
2815 979 3116 1038 immatura:
3156 987 3330 1043 aetatis
3364 989 3645 1045 infantium

2058 1063 2227 1118 carde.
2267 1063 2541 1134 Ingressus
2564 1077 2649 1123 est
2676 1070 2833 1140 igitur
2862 1072 2912 1126 in
2941 1072 3229 1145 Egyptum
3257 1078 3303 1133 is
3335 1081 3430 1150 qui
3457 1096 3643 1151 aquam

2058 1154 2274 1209 rnbram
2309 1156 2647 1224 reddiderat,
2679 1170 2737 1215 et
2764 1160 2994 1219 ﬂuminis
3020 1165 3236 1223 fluentis
3261 1170 3365 1224 vim
3392 1172 3641 1242 gignendi

2057 1244 2283 1300 salutem
2334 1246 2562 1316 indidit,
2608 1264 2903 1322 eorumque
2950 1254 3305 1324 impuritatem
3352 1276 3416 1316 ac
3458 1262 3642 1318 sordes

2057 1335 2287 1406 Spiritus
2316 1340 2511 1396 virtute
2534 1343 2823 1412 purgavit‘.
2846 1344 3042 1402 Afflicti
3064 1346 3280 1405 fuerunt
3298 1350 3569 1425 Egyptii,
3593 1366 3643 1411 et

2058 1427 2239 1483 furore
2260 1432 2493 1501 correpti
2518 1433 2680 1488 Deum
2702 1436 3055 1507 abnegarunt.
3080 1439 3354 1512 Ingressus
3377 1454 3469 1500 est
3491 1446 3641 1516 igitur

2056 1519 2109 1573 in
2132 1519 2422 1591 Egyptum
2445 1565 2461 1590 ,
2503 1525 2780 1597 religiosas
2804 1530 3009 1586 animas
3038 1534 3343 1602 cognitione
3368 1536 3468 1591 Dei
3493 1551 3639 1592 com-

2050 1609 2204 1695 plens
2226 1652 2241 1677 ,
2273 1612 2450 1668 ell'ecit
2478 1623 2536 1669 ut
2570 1616 2767 1673 flumen
2799 1619 3139 1679 fecundiores
3172 1625 3333 1694 spicis
3373 1639 3639 1701 martyres

2047 1702 2239 1759 aleret.
2262 1702 2365 1759 Sed
2389 1716 2607 1776 propter
2629 1711 2903 1781 angustias
2925 1713 3182 1784 temporis
3207 1714 3308 1772 ltoc
3328 1717 3455 1774 loco
3481 1724 3639 1777 statui

2048 1792 2209 1847 tinem
2239 1792 2418 1851 facere
2441 1797 2673 1868 dicendi,
2700 1801 2843 1870 quod
2866 1802 3127 1873 reliquum
3149 1796 3234 1862 e'st
3262 1810 3469 1879 negotii
3491 1813 3639 1867 vobis

2047 1884 2099 1939 in
2128 1884 2269 1940 diem
2294 1898 2607 1958 sequentem
2638 1902 3046 1949 reservaturus:
3081 1896 3168 1951 hic
3191 1908 3371 1955 autem
3398 1904 3633 1957 orationi

2046 1975 2207 2031 finem
2238 1977 2528 2049 imponam,
2561 1980 2650 2035 ubi
2678 1980 2782 2037 hoc
2808 1984 3116 2054 explevero,
3148 2003 3255 2057 quo
3283 2001 3444 2059 pacto
3475 1994 3635 2047 nimi-

2044 2084 2160 2123 rum
2186 2111 2200 2132 ,
2246 2084 2369 2125 cum
2400 2071 2695 2142 impatibile
2721 2074 2951 2131 V‘erbum
2977 2087 3154 2146 esset,
3184 2095 3311 2136 caro
3338 2082 3545 2139 factum
3572 2088 3635 2141 sit

2043 2161 2319 2216 immutata
2349 2176 2598 2221 manente
2636 2178 2844 2223 natura.
2876 2171 3011 2235 Quid
3038 2172 3209 2227 dicam
3230 2215 3247 2236 .
3275 2186 3367 2229 aut
3396 2178 3534 2247 quid
3558 2179 3633 2233 Io-

2040 2254 2219 2323 qnar?
2247 2254 2478 2310 Fabrum
2511 2268 2565 2312 et
2592 2272 2829 2331 prtcsepe
2858 2261 3013 2316 video
3040 2272 3094 2317 et
3121 2263 3376 2321 infantem
3400 2309 3417 2333 ,
3452 2280 3511 2324 et
3541 2286 3631 2325 cu-

2042 2360 2229 2399 narum
2262 2345 2485 2412 fascias,
2521 2360 2575 2404 et
2601 2351 2821 2421 virginis
2851 2363 3059 2421 partum
3102 2355 3262 2412 rebus
3308 2366 3633 2417 necessariis

2039 2439 2372 2505 destitutum,
2400 2442 2578 2496 omnia
2603 2454 2842 2514 egestate
2866 2462 3071 2516 pressa,
3104 2451 3281 2506 omnia
3313 2452 3479 2523 plena
3508 2471 3633 2526 pan-

2040 2534 2279 2606 pertatis.
2313 2533 2498 2589 Vidisti
2525 2535 2733 2593 divitias
2758 2539 2811 2593 in
2833 2543 3001 2597 multa
3018 2554 3338 2614 paupertate
3350 2548 3500 2617 ?-quo
3524 2565 3632 2602 mo-

2037 2626 2106 2680 do
2131 2641 2249 2682 cum
2275 2627 2427 2685 dives
2449 2638 2613 2696 esset,
2649 2647 2849 2702 egenus
2875 2644 2958 2689 est
2994 2645 3174 2693 nostra
3210 2653 3371 2695 causa
3414 2641 3631 2698 factus?

2036 2736 2142 2791 quo
2171 2721 2332 2777 modo
2362 2738 2537 2793 neque
2578 2724 2770 2780 lectum
2796 2766 2811 2791 ,
2858 2743 3030 2799 neque
3075 2732 3366 2801 stragulum
3406 2732 3628 2799 habuit,

2034 2813 2129 2868 sed
2159 2815 2209 2868 in
2238 2815 2383 2870 nudo
2406 2817 2630 2888 praesepi
2661 2827 2778 2872 erat
2808 2820 3118 2889 projectus?
3157 2822 3202 2878 0
3232 2835 3626 2895 paupertatem.

2034 2904 2340 2959 divitiarum
2373 2908 2571 2962 fontem
2596 2910 2610 2963 ε
2642 2922 2675 2961 o
2704 2908 2917 2966 divitias
2946 2912 3263 2989 immensas,
3292 2920 3628 2986 paupertatis

2033 2997 2269 3066 speciem
2300 3014 2409 3068 prm
2428 3014 2488 3053 se
2514 2997 2749 3056 ferentes
2774 3005 2787 3057 l
2818 3001 2875 3057 In
2907 3005 3139 3074 pra-stipi
3153 3005 3295 3075 jacet
3315 3049 3331 3074 ,
3364 3016 3423 3063 et
3444 3010 3628 3064 orbem

2038 3098 2299 3144 terrarum
2344 3092 2620 3158 concutit;
2668 3092 2846 3149 fasciis
2896 3100 3151 3151 cunarum
3199 3098 3529 3167 involvitur,
3576 3113 3628 3156 et

2032 3182 2235 3253 peccati
2265 3182 2472 3237 vincula
2500 3184 2821 3255 disrumpit;
2859 3188 3096 3243 umidum
3122 3191 3173 3245 in
3207 3206 3391 3247 vocem
3421 3195 3625 3249 articn-

2032 3273 2191 3328 latam
2219 3277 2397 3345 erupit
2418 3318 2432 3341 ,
2467 3284 2523 3331 et
2549 3294 2732 3348 magos
2757 3280 2969 3335 edocuit
2991 3323 3007 3348 ,
3039 3290 3093 3336 et
3116 3282 3183 3337 ad
3211 3287 3629 3341 conversionem

2029 3369 2341 3424 commovit.
2374 3368 2509 3437 Quid
2535 3369 2731 3437 dicam,
2760 3382 2851 3425 aut
2871 3374 2998 3443 quid
3028 3373 3250 3444 loquar?
3275 3376 3422 3433 Ecce
3450 3377 3630 3433 itifans

2030 3464 2208 3519 fasciis
2231 3464 2541 3532 involvitur,
2570 3475 2623 3520 et
2652 3466 2704 3520 in
2730 3470 2955 3536 prmsepi
2974 3468 3115 3537 jacet
3145 3485 3159 3522 :
3186 3468 3341 3524 adest
3365 3480 3551 3527 autem
3574 3483 3627 3527 et

2029 3558 2191 3613 Maria
2223 3540 2342 3629 qua:
2382 3559 2535 3631 virgo
2576 3568 2631 3614 et
2666 3571 2836 3614 mater
2863 3572 2945 3614 est
2975 3578 2989 3613 ε
3033 3560 3220 3616 aderat
3244 3572 3425 3617 autem
3447 3574 3504 3617 et
3530 3562 3624 3618 ,ιυ-

2028 3652 2182 3723 seph,
2214 3652 2305 3722 qui
2338 3662 2487 3723 pater
2515 3654 2833 3723 appellatur.
2867 3653 2963 3709 llic
2991 3655 3073 3709 vir
3102 3654 3333 3722 dicitur,
3366 3657 3456 3710 illa
3489 3674 3626 3712 uxor

2028 3757 2253 3801 vocatur
2281 3765 2293 3801 :
2328 3747 2561 3816 legitima
2589 3756 2714 3802 sunt
2744 3747 2956 3801 nomina
2978 3747 3319 3818 copulatione
3342 3748 3618 3804 destituta.

2030 3838 2326 3892 Verborum
2353 3848 2509 3893 tenus
2532 3838 2791 3892 brecmilti
2815 3839 3069 3908 intellige,
3100 3853 3204 3893 non
3232 3855 3414 3894 rerum
3441 3849 3619 3895 tenus.

2031 3931 2125 3988 llic
2152 3931 2322 3987 solum
2349 3931 2714 4003 desiionsavit,
2748 3940 2803 3986 et
2831 3931 3060 4001 Spiritus
3086 3942 3300 3986 sanctus
3330 3933 3619 3987 obumbra-

2027 4027 2102 4081 vit
2124 4028 2172 4081 ei
2206 4043 2219 4080 :
2253 4025 2394 4081 unde
2422 4026 2672 4081 dubitans
2692 4026 2892 4095 Joseplt
2914 4069 2930 4092 ,
2972 4025 3097 4097 quid
3123 4027 3419 4097 appellaret
3450 4028 3622 4082 infan-

2032 4130 2138 4173 tem
2171 4118 2463 4174 nesciebat.
2498 4119 2575 4173 l-Ix
2596 4117 2859 4172 adulterio
2887 4128 3068 4172 natum
3094 4117 3274 4172 dicere
3302 4117 3480 4188 ipsum
3512 4135 3622 4174 non

2023 4211 2273 4277 audebat,
2295 4210 2609 4280 probrosum
2626 4209 2678 4264 in
2709 4209 2965 4279 virginem
2983 4209 3163 4278 jacere
3182 4223 3488 4264 sermonem
3515 4226 3621 4263 non

2024 4312 2254 4373 poterat,
2291 4302 2457 4357 filium
2489 4302 2660 4372 ipsum
2689 4300 2871 4355 dicere
2897 4315 3052 4354 suum
3081 4298 3382 4370 refugiebat
3407 4318 3421 4354 :
3451 4300 3622 4370 probe

2028 4410 2258 4465 namque
2283 4394 2487 4449 sciebat
2505 4393 2605 4447 sibi
2635 4392 2871 4462 ignotum
2893 4406 3037 4456 esse,
3064 4406 3171 4462 quo
3199 4400 3376 4461 pacto,
3407 4392 3490 4446 vel
3520 4408 3623 4447 uno

2024 4486 2093 4542 de
2122 4486 2294 4540 infans
2316 4493 2471 4538 natus
2490 4492 2636 4540 esset
2668 4500 2682 4537 :
2714 4497 2871 4552 quam
2898 4483 2967 4536 ob
2991 4496 3206 4536 causam
3236 4482 3310 4536 illi
3341 4481 3411 4538 de
3441 4498 3501 4538 re
3521 4485 3623 4539 dn-

2031 4577 2219 4634 bitanti
2240 4618 2255 4641 ,
2286 4575 2355 4630 de
2380 4575 2512 4630 ezelo
2541 4575 2817 4629 oraculum
2864 4574 3035 4644 angeli
3068 4589 3196 4629 voce
3223 4573 3455 4629 delatum
3486 4586 3575 4631 est
3604 4595 3618 4630 :

2034 4669 2161 4725 Noli
2186 4672 2374 4734 timere,
2404 4668 2598 4741 Joseplt
2627 4684 2645 4721 :
2671 4668 2807 4738 quod
2835 4670 2966 4720 enim
2990 4682 3054 4721 ex
3077 4682 3135 4720 ea
3159 4667 3381 4736 genitum
3411 4676 3484 4721 est
3510 4710 3525 4733 ,
3559 4668 3622 4721 de

2030 4762 2229 4832 Spiritu
2252 4770 2426 4816 sancto
2452 4772 2525 4814 est
2546 4761 2566 4833 (
2585 4758 2770 4813 Matth.
2807 4760 2859 4813 1.
2882 4759 2953 4813 20
2969 4758 3009 4829 ).
3056 4757 3285 4828 Spiritus
3314 4758 3464 4813 enim
3488 4773 3618 4813 ειη·

2028 4863 2148 4909 ctus
2175 4854 2362 4924 virgini
2390 4851 2742 4907 obumbravit.
2773 4850 2948 4918 Quare
2976 4864 3101 4903 vero
3122 4865 3186 4903 ex
3211 4848 3416 4919 virgine
3443 4852 3622 4904 nasci-

2028 4956 2147 5011 tur,
2176 4955 2231 5002 et
2260 4944 2615 5014 virginitatem
2649 4941 2901 4996 illibatam
2931 4941 3152 4994 servat?
3178 4940 3313 5006 Quia
3344 4941 3618 5011 quondam

2026 5041 2282 5111 virginem
2316 5039 2480 5093 Evam
2507 5036 2719 5106 decepit
2745 5035 2991 5089 diabolus
3010 5076 3024 5099 ,
3057 5032 3255 5089 ideirco
3275 5032 3342 5088 ad
3369 5033 3615 5097 Mariam,

2025 5148 2146 5203 qua:
2172 5133 2321 5201 virgo
2345 5139 2481 5196 erat,
2510 5127 2720 5183 felicem
2750 5128 2991 5181 nuntium
3018 5126 3235 5181 Gabriel
3266 5125 3479 5181 detulit.
3512 5124 3615 5181 Sed

2024 5226 2243 5292 decepta
2273 5222 2488 5293 quidem
2520 5220 2627 5274 Eva
2661 5220 2868 5290 peperit
2899 5218 3118 5273 verbum
3144 5259 3160 5281 ,
3198 5219 3342 5288 quod
3389 5229 3615 5273 mortem

2025 5316 2201 5372 intulit
2232 5333 2244 5369 :
2274 5324 2330 5369 at
2356 5313 2562 5370 felicem
2606 5312 2848 5367 nuntium
2877 5310 3144 5381 accipiens
3180 5308 3345 5365 Maria
3386 5309 3615 5365 Verbnn‘

2027 5410 2078 5465 in
2104 5424 2263 5464 carne
2282 5407 2484 5478 genuit,
2503 5404 2654 5475 quod
2680 5404 2849 5460 vitam
2876 5402 3029 5457 nobis
3053 5412 3306 5458 teternam
3345 5403 3613 5458 conciliat.

2028 5504 2260 5560 Verbum
2304 5500 2431 5557 Eva:
2462 5499 2663 5570 lignum
2707 5497 2999 5563 indicavit,
3031 5512 3127 5566 per
3153 5496 3293 5563 quod
3338 5496 3541 5564 lignum
3585 5514 3616 5550 ο

2092 5690 2108 5721 ι
2146 5691 2287 5752 “3,,
2310 5682 2468 5742 unxit,
2492 5692 2597 5743 pro,
2613 5681 2853 5743 purgavit.
