3704 6274
16 253 60 305 97
511 327 524 342 .
1112 243 1394 302 HOMILIA
1429 242 1516 296 DE
1552 233 2045 296 LEGISLATORE.

3104 217 3212 276 598

16 1033 143 1078 "503!
189 1030 272 1073 ET
327 1024 601 1071 EUMDEM
661 1022 806 1068 ESSE
865 1016 1345 1063 LEGISLATORBM
1404 1015 1483 1056 ΕΤ
1530 987 1800 1059 ΫΕΤΕΙΠΒ
1845 1009 1926 1052 ΕΤ
1985 1006 2136 1050 NOV!
2182 1003 2620 1057 TESTAMENTI;
2682 1001 2837 1046 ITEM
2893 1001 2976 1043 DE
3023 1000 3228 1046 \‘ESTE.

834 1140 1262 1191 ssccnoouu
1299 1142 1314 1182 :
1353 1138 1607 1184 necnon
1654 1136 1736 1178 ne
1785 1131 2205 1177 recurremus
2245 1109 2351 1193 (a).

46 2019 92 2073 l.
123 2014 297 2087 Regni
334 2010 530 2068 Christi
561 2006 891 2078 evangelium
925 2001 1196 2075 propheta:
1221 1995 1514 2070 praedicant
1535 2031 1552 2058 ,

16 2109 193 2163 iinistri
231 2121 366 2162 vero
405 2119 557 2158 novae
585 2100 771 2171 gratia:
822 2095 951 2152 illud
982 2097 1156 2166 ipsum
1203 2091 1560 2159 interpretan-

16 2218 74 2265 π,
126 2199 330 2253 divinae
380 2205 558 2250 autem
605 2191 862 2246 doctrina:
919 2186 1210 2248 auditores,
1269 2187 1557 2244 amatores,

16 2301 122 2360 tque
149 2289 482 2351 laudatores,
507 2285 558 2339 id
580 2284 751 2352 ipsum
773 2281 1183 2350 amplectuntur.
1215 2274 1396 2343 Neque
1416 2269 1558 2326 enim

16 2385 84 2438 ιετὶ
112 2391 297 2452 potest
324 2391 382 2435 ut
411 2379 529 2449 quis
566 2389 815 2431 sermone
844 2371 1084 2427 veritatis
1110 2367 1430 2430 oblectetur,
1471 2361 1562 2432 qui

19 2478 224 2530 octrinze
255 2472 569 2527 sermonem‘
584 2482 688 2522 non
705 2464 1008 2520 avidissime
1034 2467 1270 2528 expetat.
1299 2453 1566 2525 Quemad-

16 2569 186 2622 modum
239 2565 420 2630 enim,
462 2563 505 2616 si
547 2560 665 2631 quis
714 2571 887 2627 neque
933 2554 1078 2609 sitiat
1123 2565 1291 2620 neque
1340 2547 1560 2611 esuriat,

16 2661 170 2713 ullam
200 2673 277 2713 ex
318 2657 439 2711 cibo
468 2662 700 2725 potuque
733 2651 1056 2718 voluptatem
1095 2647 1237 2714 capit
1271 2661 1284 2694 ;
1314 2642 1391 2696 sic
1421 2639 1562 2693 veri-

16 2754 95 2803 itis
112 2749 283 2805 verbo
299 2760 459 2802 nemo
485 2745 796 2804 delectatur.
815 2740 903 2809 qui
935 2739 1165 2808 Spiritus
1186 2733 1354 2788 sancti
1374 2730 1566 2785 doctri-

16 2857 95 2894 iam
118 2855 223 2894 non
257 2839 388 2892 sitit.
415 2837 594 2905 Itaque
610 2833 862 2887 Servatur
881 2830 986 2882 ait:
1008 2827 1149 2881 Beati
1175 2825 1261 2892 qui
1280 2823 1501 2877 esuriant
1518 2827 1566 2872 et

16 2935 143 2986 itiunt
152 2932 434 3002 justitiam,
457 2929 691 2998 quoniam
706 2925 804 2996 ipsi
819 2921 1138 2976 satiabuntur
1156 2915 1370 2989 (Matth.
1396 2914 1451 2968 5.
1481 2911 1560 2980 6).

16 3024 144 3079 Ferus
160 3023 464 3077 animarum
479 3019 650 3085 cibus,
673 3030 810 3071 verae
829 3015 1034 3082 piorum
1065 3009 1290 3073 deliciae,
1307 3020 1448 3060 verae
1461 3005 1569 3074 pio-

17 3134 94 3169 um
117 3115 343 3180 divitize,
372 3127 550 3166 sermo
579 3110 670 3164 Dei
701 3118 805 3173 est,
832 3106 922 3176 qui
949 3119 1043 3174 per
1071 3100 1318 3157 Davidica
1355 3097 1568 3152 oracula

16 3208 210 3276 squitur
236 3224 248 3259 :
280 3203 570 3265 interdum,
605 3199 750 3255 velut
795 3198 964 3263 dives,
992 3194 1270 3265 gloriatur,
1301 3188 1567 3245 interdum

16 3303 262 3356 Ieliciatur
289 3317 305 3365 ;
330 3307 384 3352 et
404 3298 478 3350 ait
511 3315 523 3349 :
552 3295 717 3361 Quam
754 3289 927 3345 dulcia
965 3288 1197 3357 faucibus
1226 3284 1347 3338 meis
1373 3282 1572 3353 eloquia

16 3414 71 3448 aa
95 3411 244 3464 super
269 3391 370 3447 mel
396 3402 442 3444 et
467 3392 638 3460 [auum
663 3388 737 3440 ori
767 3401 874 3439 meo
915 3381 1088 3452 (Psal.
1121 3380 1243 3434 118.
1275 3377 1422 3446 103)!
1450 3375 1573 3428 llmc

16 3491 192 3561 [uident
221 3488 364 3557 ejus,
410 3486 498 3554 qui
544 3481 750 3536 deliciis
799 3479 1012 3539 fruitur,
1055 3489 1156 3528 vox
1181 3479 1284 3528 est.
1315 3470 1446 3525 Nam
1479 3467 1571 3522 Dei

16 3559 196 3637 ierbum
221 3581 322 3650 ipsi
353 3577 560 3633 delicia:
585 3583 754 3629 erant.
787 3571 901 3638 Qua
925 3568 992 3623 de
1019 3581 1078 3622 re
1103 3564 1229 3619 alibi
1259 3577 1401 3632 saepe
1433 3578 1445 3614 :
1472 3559 1575 3613 De-

16 3689 162 3729 ectarc
186 3677 240 3729 in
268 3671 512 3734 Domino,
547 3678 592 3721 et
615 3667 696 3721 det
722 3665 811 3718 tibi
833 3662 1094 3732 petitiones
1113 3657 1280 3712 cordis
1305 3654 1377 3708 tui
1398 3651 1570 3722 (Psal.

16 3771 71 3824 i6.
101 3772 175 3839 4).
209 3767 348 3822 Aliis
371 3778 499 3818 vero
530 3763 580 3816 in
605 3758 736 3814 locis
761 3771 867 3811 non
890 3762 948 3808 ut
965 3752 1056 3823 qui
1083 3749 1289 3806 deliciis
1309 3745 1577 3800 frueretur

16 3836 208 3927 antum,
245 3859 344 3914 sed
377 3867 432 3911 ut
479 3854 757 3926 pnedives,
795 3847 1006 3903 divitias
1036 3844 1167 3913 legis
1198 3845 1450 3903 ostentat,
1490 3836 1574 3890 di-

16 3971 128 4017 :ens,
159 3953 363 4007 Bonum
389 3949 512 4002 mihi
534 3947 616 4001 lea:
643 3944 743 3999 oris
786 3941 858 3994 tui
887 3953 1043 4007 super
1071 3934 1232 3988 millia
1260 3931 1373 3984 auri
1402 3939 1448 3983 et
1486 3945 1575 3980 ar-

16 4049 117 4110 lenti
144 4044 323 4115 (Psat.
350 4043 472 4096 ll8.
499 4037 615 4106 ⁸72).
651 4033 839 4089 Viden’
869 4028 1089 4085 delicias
1116 4024 1346 4094 pietatis,
1368 4029 1422 4075 et
1442 4019 1578 4072 divi-

19 4135 360 4207 iasjustitim?
387 4133 528 4202 Ergo
557 4138 611 4185 et
636 4142 733 4182 nos
765 4140 858 4196 par
885 4131 984 4186 est,
1014 4120 1098 4174 siti
1126 4128 1178 4172 et
1215 4115 1357 4169 fatue
1396 4125 1578 4166 rerum

16 4234 289 4287 livinarum
323 4225 514 4291 teneri,
554 4231 609 4278 et
634 4218 862 4282 deliciis,
893 4230 924 4270 e
964 4211 1106 4282 regia
1146 4205 1342 4263 Christi
1368 4215 1574 4264 mensa,

16 4324 256 4378 uberrime
297 4315 569 4380 exsatiari,
609 4307 1047 4380 evangeliumque
1095 4297 1280 4356 salutis
1326 4292 1576 4364 amplecti

16 4415 122 4484 Iuod
152 4428 260 4468 non
289 4422 433 4464 nutic
461 4405 687 4477 primum
719 4399 880 4470 coapit
907 4412 921 4449 :
947 4392 1041 4450 sed
1070 4393 1122 4446 in
1150 4387 1425 4470 prephetis
1453 4384 1578 4438 lun-

16 4478 160 4560 latum
183 4517 349 4574 atque
374 4517 407 4556 a
441 4499 535 4555 SS.
560 4493 820 4566 apostolis
853 4488 1239 4545 exmdilieatum
1265 4490 1365 4537 est.
1397 4478 1578 4547 Neque

16 4603 122 4654 :uim
149 4599 216 4653 ab
243 4571 315 4652 eo
342 4605 598 4662 tempore,
626 4603 731 4658 quo
759 4583 1001 4641 Christus
1037 4582 1088 4634 in
1115 4591 1275 4633 carne
1311 4571 1576 4644 apparuit,

16 4692 323 4764 rvangelium
367 4685 563 4756 incepit
594 4701 606 4736 :
635 4680 728 4736 sed
776 4676 944 4732 multo
991 4681 1118 4727 ante
1153 4671 1205 4724 in
1251 4664 1576 4738 pr0pheticis

17 4756 370 4837 ibrisvradices
397 4776 521 4847 egit,
555 4772 877 4839 tandemque
919 4762 1283 4835 apostolorum
1317 4756 1578 4827 praedica-

21 4879 129 4932 ione
154 4873 413 4931 eﬂloruit.
445 4870 568 4924 Ideo
595 4866 806 4930 Paulus,
835 4876 955 4916 eum
992 4855 1324 4929 propositum
1360 4851 1579 4905 haberet

16 4968 382 5025 lemunstrare,
414 4957 746 5027 evangelium
777 4967 881 5007 non
921 4950 988 5004 ab
1032 4944 1394 5001 incarnatione
1435 4941 1580 4994 ince-

16 5062 147 5124 tisse,
181 5056 281 5111 sed
318 5069 410 5124 per
439 5049 722 5121 prOphetas
755 5044 1006 5106 eluxisse,
1047 5054 1138 5108 per
1166 5033 1580 5090 incarnationem

16 5152 212 5218 dipsnm
248 5144 486 5214 loquitur
521 5139 753 5194 :Panlus
779 5151 949 5189 servus
991 5130 1116 5183 Iesu
1143 5126 1348 5189 Christi,
1378 5132 1584 5176 uocatus

16 5241 270 5308 rpostolus,
300 5244 589 5306 segregatus
613 5227 1005 5297 inEvangelium
1036 5221 1154 5286 Dei,
1175 5218 1309 5289 quod
1325 5227 1442 5270 ante
1463 5232 1582 5287 pro-

16 5337 186 5386 κήδεται
239 5346 333 5401 per
387 5326 658 5397 praplietas
700 5337 817 5376 suos
865 5319 920 5371 in
969 5313 1248 5383 Scripturis
1291 5311 1476 5365 sanctis
1520 5309 1584 5363 de

16 5427 129 5479 Filio
167 5440 287 5489 suo,
338 5421 424 5490 qui
462 5422 626 5490 [actus
663 5423 736 5469 cst
774 5428 837 5466 ea:
872 5409 1060 5465 semine
1094 5403 1262 5459 David
1310 5401 1584 5460 secundum

16 5537 187 5574 'ament
220 5517 400 5587 (Rom.
437 5515 489 5568 1.
521 5512 546 5566 1
573 5510 685 5580 οδ).

25 5616 214 5670 Novum
223 5614 597 5668 Testamentum
612 5620 702 5659 cur
710 5603 783 5658 sic
803 5592 1297 5672 appellatum—Non
1311 5590 1584 5662 ignorabat

61 5752 128 5813 (a)
161 5747 344 5802 uallata
368 5756 479 5798 cum
507 5741 758 5795 Codicibus
789 5735 947 5801 Regiis
970 5731 1111 5785 1965.
1136 5729 1259 5781 1974
1282 5733 1333 5778 et
1350 5725 1490 5778 2543.

1664 1989 2052 2065 Paulus,Vetus
2063 1999 2332 2057 etNovum
2343 2000 2740 2057 Testamentum
2755 2001 3082 2058 individuum
3101 2018 3219 2060 esse
3233 2025 3264 2062 τ·

1664 2102 1888 2160 eamque
1900 2091 1969 2145 ob
1980 2106 2196 2147 causam
2212 2091 2338 2147 illud
2353 2092 2615 2147 interdum
2630 2093 3026 2148 Testamentum
3040 2092 3259 2147 Novum-

1663 2181 1919 2250 appellat,
1936 2191 1993 2236 ut
2020 2182 2372 2249 demonstret,
2390 2183 2658 2254 quomodo
2672 2183 2803 2238 lines
2818 2184 2962 2238 orbis
2982 2193 3118 2238 terra
3127 2200 3258 2238 rum=

1667 2273 1775 2328 sint
1796 2275 2032 2329 renovati
2052 2276 2180 2345 (non
2200 2277 2388 2346 ignoro
2407 2277 2521 2332 luce
2539 2277 2662 2332 alibi
2683 2293 2711 2330 a
2729 2277 2880 2332 nobis
2901 2276 3063 2331 fuisse
3087 2277 3250 2346 expli-

1666 2374 1782 2420 cata
1805 2381 1818 2431 ;
1851 2367 1942 2421 sed
1970 2376 2144 2422 tamen
2172 2368 2278 2435 hic,
2305 2379 2360 2423 ut
2389 2369 2702 2425 memoriam
2720 2377 2951 2424 vestram
2979 2368 3251 2435 refricem,

1669 2460 1900 2529 repeto);
1918 2467 2068 2514 vocat
2081 2460 2237 2514 etiam
2257 2460 2654 2515 Testamentum
2672 2458 2876 2514 Novum
2889 2458 2954 2513 ad
2969 2459 3266 2513 distinctiu-

1670 2569 1790 2607 nem
1815 2552 2090 2608 inveterati
2107 2552 2469 2607 indicandam:
2491 2553 2828 2622 pra-stantius
2844 2551 3068 2616 scilicet,
3083 2551 3148 2604 ad
3168 2550 3255 2604 di-

1670 2647 2008 2701 stinctionem
2038 2647 2306 2702 inferioris
2340 2656 2657 2711 :aeternum,
2693 2645 3092 2714 comparatione
3120 2643 3259 2699 facta

1670 2739 1736 2794 ad
1767 2740 2081 2809 temporale.
2111 2739 2219 2796 Sed
2247 2750 2302 2795 et
2325 2740 2617 2794 secundum
2648 2739 3046 2794 Testamentum
3088 2739 3261 2807 ipsum

1671 2842 1844 2888 vocat.
1874 2833 2009 2899 Quid
2054 2833 2124 2888 ita
2162 2832 2497 2888 secundum?
2547 2831 2618 2887 Ut
2645 2841 2826 2886 mutua
2874 2831 3261 2886 sententiarum

1672 2925 2004 2980 eonnexione
2043 2940 2204 2978 unum
2252 2924 2467 2978 efficiat.
2511 2923 2643 2978 Nam
2691 2924 2832 2993 quod
2873 2923 3168 2978 abscissum
3196 2922 3262 2976 ab

1673 3017 1853 3087 aliquo
1881 3029 1980 3083 est,
2006 3017 2300 3072 secundum
2340 3031 2446 3070 non
2488 3015 2810 3087 appellatur.
2847 3014 3109 3080 Quoniam
3132 3029 3262 3068 vero

1675 3111 1819 3166 Deus
1843 3111 2057 3165 oracula
2097 3125 2195 3165 sua
2234 3109 2400 3164 edidit
2423 3118 2477 3162 et
2507 3109 2558 3163 in
2588 3109 2782 3178 primo,
2825 3117 2878 3162 et
2926 3108 2976 3160 in
3003 3106 3261 3168 secundo,

1675 3204 1814 3260 idem
1841 3203 1929 3259 ille
1955 3203 2147 3258 Paulus
2189 3204 2419 3272 primum
2468 3211 2521 3256 et
2566 3200 2858 3256 secundum
2898 3208 3073 3264 vocat,
3101 3207 3262 3268 atque

1675 3311 1899 3351 numero
1926 3293 2349 3350 convenientiam
2383 3293 2658 3360 utriusque
2703 3299 2758 3344 ct
2793 3303 3111 3344 consensum
3154 3289 3266 3342 tle-

1676 3389 1863 3444 clarat.
1899 3388 2100 3443 Idcirco
2129 3387 2342 3450 Paulus,
2375 3385 2464 3455 qui
2491 3382 2774 3438 indivisum
2807 3381 2996 3444 Patris,
3027 3389 3081 3435 et
3119 3379 3264 3444 Filii,

1676 3491 1731 3537 et
1756 3480 1986 3551 Spiritus
2006 3481 2173 3535 sancti
2203 3495 2424 3548 regnum
2451 3477 2721 3547 prafdicat,
2745 3473 3263 3549 modqevangelium

1680 3574 1770 3628 Dei
1804 3573 1995 3637 Patris,
2033 3571 2192 3626 modo
2222 3571 2340 3624 Filii
2379 3569 2614 3640 appellat
2645 3565 2882 3622 :Paulus
2925 3582 3096 3620 servus
3140 3563 3264 3618 Jesu

1679 3666 1886 3732 Christi,
1920 3677 2125 3720 vocatus
2161 3663 2441 3736 apostolus,
2495 3672 2783 3732 segregatus
2833 3662 2885 3713 in
2935 3659 3270 3729 Euangelium

1679 3759 1977 3828 Dei(llom.
2027 3759 2181 3827 1.1).
2214 3754 2412 3810 Verum
2462 3769 2528 3808 ne
2569 3753 2708 3820 anis,
2757 3767 2877 3805 cum
2923 3751 3103 3805 audiat
3138 3747 3267 3802 illud

1687 3850 2030 3919 Evangelium
2051 3849 2163 3911 Dei,
2192 3846 2481 3902 arbitretur
2509 3845 2699 3899 Filium
2741 3842 2935 3896 nullam
2982 3842 3045 3893 ad
3077 3839 3272 3908 przedi-

1680 3944 1908 4000 candum
1952 3941 2320 3997 auctoritatem
2365 3939 2632 4002 obtinere,
2681 3936 2731 3989 in
2781 3933 2970 3990 eadem
3005 3931 3265 4002 Epistola,

1681 4037 1840 4106 paulo
1867 4043 1987 4106 post
2011 4034 2084 4086 ait
2116 4050 2128 4083 :
2164 4032 2323 4086 Testis
2352 4031 2486 4083 enim
2525 4029 2651 4080 mihi
2675 4025 2835 4090 Deus,
2865 4025 2945 4077 cui
2975 4023 3188 4076 inservio
3214 4022 3269 4074 in

1681 4130 1863 4200 spiritu
1884 4143 1992 4180 meo
2011 4122 2352 4192 inEuangelio
2383 4119 2508 4174 Filii
2533 4120 2643 4188 ejus
2670 4115 2847 4188 (Rom.
2882 4115 2934 4170 1.
2966 4114 3045 4183 9).
3078 4112 3269 4167 Vidcn'

1685 4219 1947 4291 prmeonis
1975 4216 2130 4284 hujus
2154 4214 2347 4268 mirum
2381 4211 2674 4280 ingenium,
2710 4217 2764 4263 et
2796 4205 3112 4262 sententiam
3144 4219 3269 4272 per-

1682 4311 1917 4369 lectam?
1959 4308 2037 4363 Ne
2075 4305 2471 4362 existimaretur
2515 4303 2566 4356 in
2614 4301 2729 4372 lege
2777 4298 2991 4368 quidem
3029 4296 3120 4351 alii
3161 4297 3271 4350 Deo

1681 4407 1908 4472 servire,
1948 4400 2304 4472 quvangelio
2333 4411 2462 4453 vero
2489 4395 2552 4450 ad
2581 4396 2740 4450 alium
2783 4393 2946 4447 Deum
2977 4390 3275 4445 successio-

1683 4515 1806 4554 nem
1836 4498 2030 4561 facere,
2060 4493 2230 4563 inquit
2257 4508 2270 4544 :
2303 4488 2601 4543 Benedictus
2627 4484 2786 4546 Deus,
2813 4483 2896 4536 cui
2921 4483 3081 4535 servio
3105 4497 3138 4533 a
3158 4496 3272 4532 ma-

1673 4591 1874 4659 joribus
1907 4588 1960 4642 in
1997 4583 2302 4639 conscientia
2340 4596 2468 4650 pura
2495 4576 2569 4644 (2.
2598 4575 2729 4629 Tim.
2765 4575 2816 4628 1.
2847 4573 2922 4640 ὅ).
2959 4570 3074 4625 Νοη
3104 4571 3273 4634 enim,

1686 4683 1874 4753 inquit,
1903 4680 1968 4733 ab
2015 4677 2119 4732 alio
2156 4674 2221 4728 ad
2267 4673 2429 4726 alium
2479 4667 2710 4731 secessi;
2760 4663 2854 4719 sed
2885 4677 3042 4731 quem
3075 4661 3275 4715 inscius

1684 4775 1947 4837 uolebam,
1984 4771 2100 4839 ejus
2141 4765 2448 4836 cognitione
2490 4759 2746 4822 imbutus,
2782 4753 3092 4822 complexus
3129 4765 3272 4806 sum.

1686 4871 1755 4925 Et
1777 4868 1900 4923 alibi
1929 4881 2048 4920 eum
2079 4862 2274 4916 docere
2303 4855 2481 4917 vellet,
2513 4849 2727 4905 oracula
2753 4844 3082 4902 Testamenti
3110 4843 3274 4897 Vete-

1686 4964 1761 5018 ris
1787 4970 1840 5015 et
1866 4957 1996 5013 Novi
2023 4956 2090 5008 ab
2118 4951 2306 5008 eodem
2329 4962 2424 5001 ore
2462 4943 2758 5010 eodemque
2789 4937 3012 4992 Domino
3036 4933 3274 5004 profecta

1687 5069 1826 5116 esse,
1857 5065 2016 5104 unum
2065 5040 2426 5100 testimonium
2458 5035 2590 5106 petit
2623 5048 2652 5086 a
2688 5031 3029 5085 Teatamento
3072 5026 3274 5092 Veteri,

1687 5147 1770 5201 cui
1800 5141 2158 5212 evangelicum
2187 5133 2505 5190 sententiam
2533 5125 2807 5190 annexuit,
2837 5138 2956 5177 cum
2981 5122 3056 5175 ait
3083 5137 3097 5174 :
3128 5120 3275 5175 Scri-

1690 5250 1829 5311 ptum
1851 5247 1940 5302 est,
1973 5233 2093 5287 Non
2120 5227 2371 5285 obturabis
2413 5241 2469 5278 os
2514 5222 2624 5276 boui
2655 5217 2909 5273 trituranti
2927 5221 3039 5280 ;et,
3074 5214 3277 5284 Dignus

1689 5309 1759 5389 est
1785 5329 2042 5403 operarius
2081 5322 2304 5379 mercede
2349 5336 2444 5373 sua
2473 5318 2549 5386 (1.
2603 5314 2734 5368 Tim.
2768 5313 2822 5368 5.
2871 5310 2981 5378 18).
3033 5309 3272 5376 Quorum

1690 5427 1842 5492 illud,
1878 5424 1997 5479 Non
2027 5418 2301 5482 obturabis,
2327 5413 2486 5469 Mosis
2513 5419 2596 5464 est
2623 5426 2637 5462 :
2663 5408 2786 5471 hoc,
2817 5404 3014 5473 Dignus
3045 5410 3114 5454 est
3155 5416 3276 5465 ope-

1689 5489 1856 5578 rarius
1882 5517 2106 5572 mercede
2131 5527 2225 5567 sua
2260 5507 2437 5579 (Deut.
2467 5504 2558 5560 ες.
2592 5502 2658 5567 4;
2691 5499 2817 5553 Luc.
2867 5497 2953 5549 10.
2995 5494 3078 5561 7),
3121 5489 3276 5546 Chri-

1691 5622 1807 5672 stus
1826 5614 1880 5667 in
1899 5605 2202 5676 Evangeliis
2226 5599 2415 5656 eda-tus
2444 5603 2544 5652 est.
2573 5593 2642 5646 At
2666 5590 2775 5655 ille,
2805 5595 2861 5640 ut
2881 5589 3094 5654 planum
3132 5581 3275 5634 lace-

1694 5716 1794 5765 ret.
1845 5703 1912 5758 ab
1959 5672 2072 5755 uno
2107 5705 2162 5754 et
2206 5691 2402 5751 eodem.
2439 5702 2535 5744 ore
2582 5683 2695 5739 lucc
2747 5686 2801 5734 ct
2851 5675 2938 5734 illa
2979 5672 3125 5730 edita
3155 5685 3276 5730 esse
