3720 6276
456 251 560 307 399

456 366 694 429 oracula,
721 364 863 432 ideo,
902 378 1020 434 qum
1047 362 1311 419 distinctis
1349 363 1677 432 temporibus
1702 364 2037 433 pronuntiata

453 461 683 521 fuerant,
711 457 781 511 ob
812 455 1050 510 veritatis
1065 454 1470 510 consensionem
1488 454 1770 523 copulavit,
1789 470 1908 509 cum
1927 454 2000 508 ait
2024 474 2040 509 :

453 550 719 614 Scriptum
744 559 840 612 est,
875 547 993 601 Non
1021 547 1273 601 obturabis
1298 563 1354 600 os
1382 546 1491 599 bovi
1520 546 1778 599 triluranti
1793 556 1908 611 ;et,
1939 544 2039 599 Di-

450 657 581 710 gnus
607 647 678 693 est
706 639 967 706 aperarius
994 637 1217 690 mercede
1240 653 1354 690 sua.
1386 636 1549 704 llujus
1579 636 1897 705 evangelica:
1918 636 2041 690 har-

451 731 645 784 monia:
676 727 960 798 imaginem
994 728 1124 781 retia
1157 727 1243 780 illa
1284 726 1447 791 Petri,
1489 741 1607 796 qua:
1634 726 1792 780 hodie
1821 727 2037 783 incon-

447 827 633 889 spectu
684 826 864 873 vestro
908 818 1082 872 laxata
1132 826 1290 880 sunt,
1339 815 1611 871 exhibent.
1658 815 1842 886 Neque
1893 816 2035 870 enim

446 911 615 966 semel
652 912 842 966 Petrus
870 918 1074 964 tantum
1104 911 1235 964 retia
1276 910 1471 963 laxavit
1503 927 1517 962 :
1548 910 1642 963 sed
1686 910 1729 962 si
1763 908 2036 964 historiam

448 1011 683 1071 spectes,
712 1000 879 1055 semel
899 1007 1129 1065 tantum;
1162 999 1255 1054 sed
1282 998 1333 1052 vi
1361 1008 1415 1053 et
1442 998 1679 1053 emcacia
1706 1013 1869 1068 saepe.
1896 1000 2040 1067 Quo-

447 1092 549 1147 ties
579 1093 721 1147 enim
749 1092 1079 1161 evangelium
1107 1090 1441 1159 praedicatur,
1471 1091 1600 1145 nihil
1628 1106 1728 1161 ego
1765 1091 1910 1147 aliud
1949 1093 2032 1145 in-

446 1194 618 1250 tueor,
654 1199 810 1254 quam
860 1183 1097 1247 Petrum,
1137 1190 1191 1235 et
1219 1181 1508 1249 Andream,
1559 1191 1613 1236 et
1670 1191 1835 1235 totum
1883 1182 2031 1236 illum

450 1276 675 1330 chorum
694 1275 1066 1345 apostolicum,
1085 1274 1447 1344 evangelicum
1466 1274 1589 1329 illud
1608 1284 1722 1330 rete
1742 1275 2031 1330 laxantem.

516 1367 569 1420 2.
602 1366 670 1420 Et
697 1374 813 1421 erat
839 1380 967 1419 sane
999 1379 1192 1418 novum
1223 1365 1581 1435 spectaculum
1604 1364 1942 1420 Servatorem
1976 1365 2028 1419 in

446 1458 579 1511 mari
605 1456 939 1526 conspicere,
968 1465 1021 1509 et
1048 1455 1320 1509 auditores
1351 1456 1404 1509 in
1432 1456 1608 1511 littore
1635 1456 1990 1512 consistentes
2014 1475 2028 1511 :

446 1549 581 1603 mira
608 1562 693 1602 res
721 1565 735 1602 :
768 1548 939 1618 pisces
967 1547 1016 1600 iu
1059 1556 1216 1611 terra,
1261 1548 1492 1616 piscator
1520 1548 1571 1602 in
1611 1549 1743 1602 mari
1785 1550 2033 1603 versaba-

446 1651 555 1696 tur.
586 1640 847 1695 ltumissio
877 1641 1014 1694 illius
1036 1640 1167 1695 retis
1197 1641 1370 1713 imago
1389 1652 1506 1695 erat
1526 1643 1780 1697 doctrina:
1799 1658 2028 1714 evange-

445 1731 583 1786 licae.
616 1731 839 1802 Reperit,
882 1730 1069 1801 inquit,
1102 1732 1375 1800 piscatores
1423 1731 1645 1786 lavantes
1698 1733 1823 1787 retia
1877 1733 2027 1795 (Luc.

443 1822 498 1877 5.
522 1822 556 1875 2
580 1823 624 1891 ),
645 1832 700 1875 ut
720 1822 807 1891 qui
829 1836 1042 1877 omnem
1061 1831 1294 1892 captura:
1316 1837 1463 1892 Spem
1485 1822 1828 1891 abjecissent.
1852 1824 2031 1879 Pisca-

442 1923 527 1967 tor
548 1913 689 1967 enim
713 1912 813 1967 nisi
836 1913 1082 1981 desperet
1103 1928 1160 1966 se
1175 1912 1374 1983 aliquid
1400 1913 1618 1982 piscium
1640 1929 1793 1983 posse
1813 1930 2025 1984 capere,

441 2013 556 2059 rete
581 2019 685 2058 non
714 2003 873 2058 lavat.
904 2004 1084 2074 Itaque
1105 2005 1303 2075 reperit
1324 2004 1469 2075 ipsos
1498 2004 1753 2061 Servator
1793 2008 1924 2062 retia
1952 2009 2030 2062 la-

443 2104 648 2160 vantes,
669 2105 727 2150 ut
748 2097 837 2167 qui
856 2096 1031 2150 nullos
1052 2110 1172 2151 sese
1209 2097 1382 2165 pisces
1402 2112 1596 2168 capere
1617 2114 1774 2169 posse
1793 2099 2027 2156 conlide-

438 2200 571 2251 reut,
601 2189 921 2244 etDominus
948 2189 1254 2258 piscationis
1283 2191 1476 2257 adstat,
1504 2200 1558 2247 et
1585 2192 1710 2262 quid
1738 2193 1894 2248 facit?
1912 2195 2028 2248 Pri-

438 2294 584 2332 mum
611 2279 822 2348 quidem
849 2279 1146 2334 doctrinam
1178 2283 1415 2335 veritatis
1445 2283 1546 2337 illis
1575 2286 1821 2352 proponit
1850 2300 1867 2339 :‘
1898 2285 2021 2341 hinc

436 2369 587 2440 jubet
612 2379 729 2425 rete
755 2370 943 2425 laxari.
973 2372 1108 2426 Cum
1134 2372 1279 2426 enim
1305 2373 1464 2427 verba
1490 2372 1607 2428 sine
1632 2374 1884 2443 operibus
1925 2376 2021 2432 de-

438 2464 820 2518 monstratione
870 2473 1145 2531 carerent,
1193 2464 1473 2534 oportebat
1525 2466 1822 2522 doctrinam
1870 2469 2021 2524 factis

435 2557 754 2610 continuare
786 2572 801 2609 :
829 2570 951 2609 nam
998 2556 1108 2611 Deo
1149 2556 1391 2626 iubente,
1432 2573 1551 2629 qua:
1591 2561 1831 2628 nuspiam
1864 2575 2020 2630 repe-

435 2650 645 2701 riuntur
680 2646 920 2700 invenies
951 2663 966 2703 :
993 2656 1048 2702 et
1081 2663 1202 2718 qua:
1244 2663 1350 2703 non
1378 2657 1522 2714 sunt,
1561 2651 1761 2719 capies.
1803 2649 2015 2717 Laxata,

433 2737 529 2802 ait,
557 2737 684 2790 retia
706 2746 869 2790 uestra
890 2736 1045 2807 (Luc.
1068 2739 1123 2793 5.
1158 2740 1215 2793 4.
1246 2740 1324 2808 5).
1356 2740 1457 2794 Cui
1488 2741 1679 2795 Petrus
1705 2760 1720 2796 :
1748 2742 2019 2813 Magister,

432 2844 523 2897 per
548 2836 705 2881 totam
728 2838 923 2883 noctem
939 2830 1244 2891 laborantes,
1262 2831 1395 2884 nihil
1419 2833 1659 2900 cepimus,
1688 2835 1778 2887 sed
1802 2835 1854 2888 in
1873 2834 2018 2889 verba

435 2930 522 2972 tuo
567 2920 753 2975 taxabo
793 2932 917 2976 rete.
971 2922 1221 2976 Admiror
1271 2924 1411 2979 Petri
1471 2925 1626 2981 fidem
1671 2944 1683 2979 :
1729 2928 2017 2997 quiprima

431 3013 709 3083 desperata
756 3014 994 3081 haberet,
1048 3026 1105 3071 et
1145 3031 1280 3071 nava
1321 3018 1611 3073 crederet:
1645 3017 1706 3073 In
1750 3018 1894 3073 uerbo
1931 3029 2017 3074 tuo

430 3106 614 3161 laxatio
634 3117 757 3163 rete.
801 3108 935 3173 Cur,
960 3107 1030 3163 In
1065 3109 1212 3163 verbo
1255 3118 1365 3175 tuo,
1406 3110 1514 3164 ait"
1549 3110 1809 3179 Quoniam
1853 3111 2017 3166 verbo

430 3200 547 3268 ejus
574 3200 691 3255 cteli
719 3200 915 3254 ﬁrmati
934 3208 1077 3266 sunt,
1100 3209 1156 3256 et
1187 3210 1326 3256 terra
1356 3201 1573 3257 fundata
1596 3213 1698 3268 est,
1741 3214 1889 3258 mare
1924 3218 2016 3258 se-

428 3305 667 3365 paratum
698 3303 781 3350 est
805 3293 975 3366 (Psat'.
1016 3294 1107 3351 52.
1148 3295 1203 3350 6.
1254 3305 1304 3347 et
1358 3295 1480 3350 101.
1521 3295 1613 3364 26)
1641 3313 1655 3348 :
1684 3295 1846 3351 homo
1885 3312 2014 3366 pro»

430 3389 558 3457 priis
584 3389 694 3441 suis
717 3387 934 3442 floribus
960 3396 1244 3442 coronatus
1288 3397 1391 3452 est,
1422 3396 1481 3442 et
1509 3389 1693 3442 omnia
1730 3388 1894 3443 verbo
1922 3397 2014 3443 tuo

428 3479 820 3534 constiterunt:
851 3487 910 3531 ut
929 3478 1221 3532 ait'Paulns
1252 3495 1268 3532 :
1299 3478 1399 3544 Qui
1437 3488 1603 3547 portat
1650 3482 1821 3533 omnia
1868 3481 2015 3535 verbo

435 3572 670 3638 potentiae
692 3569 832 3638 θυαε(
843 3568 996 3623 Hebr.
1035 3571 1084 3624 1.
1116 3570 1196 3640 5).
1230 3570 1294 3623 In
1313 3573 1461 3624 verba
1480 3581 1567 3624 tuo
1592 3572 1774 3625 laaabo
1796 3582 1914 3625 rete.
1949 3572 2013 3625 Et.

431 3659 648 3714 verbum
679 3660 808 3714 illud
838 3660 1052 3731 quidem
1085 3669 1199 3715 rete
1219 3661 1507 3716 antecessit
1534 3680 1547 3715 :
1580 3678 1678 3717 nec
1704 3663 1880 3732 pisces
1916 3661 2012 3716 ad-

428 3759 574 3804 sunt.
594 3749 726 3804 Nam
756 3750 879 3806 licet
918 3750 1233 3815 adfuissent,
1275 3750 1345 3806 ob
1385 3752 1670 3806 turnultum
1695 3768 1878 3806 eorum
1920 3755 2009 3822 qui

429 3841 791 3912 piscabantur,
824 3841 1050 3898 fuissent
1097 3842 1309 3913 dilapsi.
1341 3843 1449 3900 Sed
1483 3845 1758 3900 descendit
1791 3847 2009 3902 verbum

427 3933 564 4002 ejus,
596 3932 700 4000 Qui
726 3944 865 3988 vocat
900 3950 960 3988 ea
983 3951 1097 4004 qua:
1129 3952 1229 3989 non
1254 3944 1387 4000 sunt,
1419 3952 1485 3989 ac
1504 3937 1549 3989 si
1566 3946 1727 3991 essent
1748 3935 1922 4006 (Rom.
1953 3940 2007 3994 4.

426 4027 513 4096 17)
544 4045 558 4081 :
583 4027 819 4096 potentia
866 4026 981 4097 ejus
1002 4028 1092 4097 qui
1113 4028 1355 4097 iubebat,
1380 4030 1529 4099 prius
1552 4045 1709 4100 quam
1733 4039 1847 4087 rete
1866 4046 2011 4088 male

425 4116 589 4173 subiit
616 4133 629 4169 :
653 4126 708 4172 et
735 4132 924 4188 magna
954 4118 1035 4173 vis
1065 4119 1287 4188 piscium
1314 4131 1496 4175 coacta
1541 4129 1643 4176 est.
1689 4122 1869 4193 Imago
1895 4122 2023 4178 hinc

422 4208 520 4262 fuit
546 4208 859 4263 universalis
892 4209 1170 4265 Ecclesiae.
1214 4210 1581 4281 Rumpebatur
1624 4221 1778 4270 rete:
1807 4229 2011 4271 annue-

423 4307 549 4354 runt
572 4300 754 4363 sociis,
781 4303 870 4370 qui
902 4303 954 4355 in
979 4303 1085 4357 alia
1106 4303 1347 4359 navicula
1374 4313 1549 4372 erant,
1578 4315 1639 4361 ut
1665 4307 1932 4370 venirent,
1954 4317 2009 4361 et

425 4392 524 4446 sibi
569 4392 955 4448 ausiliarentur
1006 4394 1155 4464 (Luc.
1199 4396 1252 4450 5.
1303 4397 1358 4451 6.
1408 4397 1485 4468 7).
1534 4398 1827 4465 Oportebat
1863 4399 2009 4454 enim

428 4498 595 4539 naves
628 4484 763 4538 duas
798 4499 1116 4540 concurrere
1170 4487 1239 4541 ad
1278 4488 1422 4542 illam
1478 4488 1844 4557 piscationem.
1898 4488 2011 4543 Nsi

428 4575 572 4628 enim
599 4573 975 4646 prophetarum
1000 4576 1196 4633 chorus
1217 4580 1521 4649 apostolicae
1550 4580 1729 4633 tnanui
1751 4580 1912 4647 adsit,
1956 4590 2014 4635 et

430 4667 723 4737 opituletur
747 4685 762 4722 :
794 4680 847 4725 et
867 4671 965 4724 nisi
987 4672 1219 4726 oraculis
1243 4673 1620 4743 prophetarum
1646 4674 2006 4742 apostolorum

427 4768 651 4815 eventus
677 4763 1018 4830 respondeat,
1055 4778 1158 4817 non
1188 4767 1429 4833 capimus
1454 4779 1573 4833 qua:
1604 4779 1884 4819 venamur.
1909 4764 2012 4819 Ita-

425 4867 528 4921 que
553 4867 672 4907 eum
693 4853 947 4909 Servator
967 4857 1336 4911 denumstrare
1370 4857 1549 4922 vellet,
1588 4857 1724 4913 hanc
1763 4858 2012 4927 piscatio-

425 4961 547 5000 nem
578 4947 865 5016 imaginem
893 4963 1012 5004 esse
1061 4949 1334 5015 Ecclesiae,
1383 4961 1440 5006 ut
1482 4952 1697 5007 Petrum
1732 4952 2004 5018 erudiret;

428 5037 530 5089 hoc
554 5040 797 5106 exetuplo
834 5041 975 5093 acuit
1010 5048 1064 5095 et
1103 5041 1342 5096 incitavit
1385 5043 1453 5096 ad
1506 5043 1891 5109 fortitudinem,
1944 5058 2008 5097 ac

421 5128 697 5199 dicitgipsi,
748 5130 831 5183 Ne
861 5142 1073 5198 metuas,
1120 5136 1182 5187 ab
1235 5135 1328 5188 hoc
1372 5146 1611 5205 tempore,
1658 5137 1882 5189 homines
1911 5136 2013 5189 eris

422 5220 630 5286 eripiens
659 5218 807 5288 (Luc.
836 5222 1026 5291 5.10).
1058 5224 1130 5278 Ab
1169 5224 1263 5278 hoc
1312 5236 1550 5295 tempore,
1600 5242 1705 5295 quo
1759 5226 2008 5294 intentius

423 5325 561 5365 mete
612 5326 793 5367 coram
838 5314 987 5368 vobis
1025 5316 1317 5384 periculum
1368 5316 1560 5371 factum
1594 5334 1608 5371 :
1651 5316 1817 5386 idque
1857 5315 2006 5372 vobis

422 5405 693 5475 cognitum
717 5414 769 5459 et
793 5407 949 5475 plane
971 5416 1305 5476 perspectum
1334 5417 1435 5472 est,
1466 5408 1625 5462 etiam
1659 5408 1811 5462 bruta
1844 5408 2008 5465 verbo

424 5512 549 5554 meo
569 5496 808 5563 obedire,
836 5499 1117 5569 omniaque
1147 5507 1331 5552 nutum
1355 5514 1529 5553 meum
1556 5499 1728 5570 sequi.
1761 5499 1870 5553 Hoc
1893 5498 2005 5553 ido-

424 5603 529 5643 neo
563 5589 814 5660 exemplo
853 5590 925 5644 ob
972 5590 1156 5645 oculos
1206 5589 1395 5659 posito,
1439 5588 1693 5661 deinceps
1734 5589 2005 5659 capiendis

428 5679 728 5741 hominibus
758 5697 975 5757 operam
1003 5682 1148 5745 dato,
1181 5681 1361 5755 Neque
1386 5682 1527 5742 enim
1566 5682 1719 5753 dicit,
1758 5680 2003 5741 homines

1949 241 2226 303 INCEle
3593 264 3677 320 ιω

2146 366 2455 437 piscaberis,
2490 368 2585 425 sed
2614 370 2858 427 Homines
2891 374 3027 428 vivos
3059 375 3264 443 capiens
3291 376 3405 430 eris.
3432 374 3659 448 Siquidem

2145 457 2320 526 pisces
2345 458 2452 513 vivi
2482 460 2549 514 ad
2574 472 2805 517 mortem
2828 462 2999 518 solent
3022 466 3175 534 capi;
3200 464 3438 521 homines
3466 483 3580 522 vero
3601 485 3677 522 cam

2143 547 2378 615 piantur,
2413 559 2474 602 ut
2515 565 2551 605 a
2583 563 2757 606 morte
2785 552 2851 606 ad
2892 553 3051 607 vitam
3085 563 3353 609 transeant
3378 574 3394 610 :
3419 558 3677 627 itaqueam:

2142 638 2218 693 Ab
2245 640 2339 693 hoc
2361 652 2583 711 tempore
2626 644 2851 699 homines
2877 646 2975 699 eris
3015 647 3238 713 capiens.
3269 646 3373 703 Sed
3400 663 3492 703 cur
3512 650 3576 702 ait
3597 652 3662 713 illi,

2143 727 2228 782 Ne
2254 741 2445 786 metuas
2461 732 2487 785 ἔ)
2512 732 2661 796 Esto,
2688 735 3005 803 promissum
3028 736 3360 805 splendidum
3398 738 3546 794 fuerit
3566 758 3579 804 ;
3601 756 3677 796 cur

2139 819 2251 873 ait:
2286 818 2368 873 Ne
2391 832 2586 875 metuas
2610 824 2637 875 .9
2658 822 2790 891 Quia
2817 824 2893 877 illi
2933 826 2984 879 in
3014 838 3245 881 mentem
3295 831 3437 884 venit
3478 832 3677 900 priorum‘

2140 916 2504 976 peccatorum,
2554 910 2810 966 Dominus
2858 912 2932 967 ait
2976 931 2990 967 :
3044 913 3128 968 Ne
3177 928 3368 971 metuas
3418 929 3467 973 te
3514 921 3664 990 ipsum,

2138 1007 2409 1068 tantquam
2452 1010 2791 1069 peccatorem
2838 1020 2853 1058 :
2896 1004 2989 1058 sed
3020 1004 3272 1076 deinceps
3315 1007 3531 1077 teipsum
3569 1028 3677 1091 was)

2137 1090 2341 1146 sideres
2365 1101 2422 1146 ut
2444 1094 2767 1161 apostolum,
2814 1096 2903 1165 qui
2952 1097 3219 1152 dominico
3269 1100 3490 1169 imperio
3520 1103 3662 1157 orbem

2136 1182 2286 1250 quasi
2338 1198 2532 1253 sagena
2581 1187 2863 1255 complecti
2911 1188 3133 1257 juberis.
3190 1189 3335 1244 Hanc
3376 1208 3574 1257 vocem,
3608 1193 3663 1247 Νι

2136 1282 2367 1340 metuas,
2414 1275 2640 1346 quisque
2688 1293 2755 1332 ex
2805 1278 3017 1333 Christo
3066 1279 3291 1345 audiat;
3340 1279 3426 1335 Ne
3469 1294 3665 1338 metuas:

2135 1363 2296 1416 modo
2324 1364 2392 1417 ab
2435 1365 2535 1419 hoc
2565 1376 2806 1437 tempore
2838 1370 3203 1437 pcenitentiam
3238 1381 3377 1441 agat.
3421 1373 3549 1443 Ergo
3575 1386 3660 1429 rete

2137 1452 2268 1508 illud
2295 1497 2309 1520 ,
2341 1464 2398 1509 ut
2427 1457 2669 1513 ordinem
2698 1474 2881 1514 rerum
2911 1461 3342 1530 explicandarum
3377 1463 3517 1532 prius
3544 1466 3662 1518 insti-

2134 1553 2304 1599 tutum
2330 1561 2743 1617 prosequamur,
2774 1550 2952 1620 imago
2991 1551 3088 1604 fuit
3112 1553 3434 1623 evangelicae
3463 1554 3661 1609 Servato-

2133 1636 2210 1690 ris
2254 1635 2534 1692 doctrina}.
2584 1638 2698 1694 lloc
2730 1649 2909 1695 autem
2949 1642 3281 1711 evangelium
3317 1642 3478 1699 modo
3506 1644 3663 1700 Paulus

2132 1727 2469 1796 evangelium
2516 1727 2777 1797 justitite,
2824 1730 2985 1785 modo
3010 1732 3342 1803 evangelium
3389 1735 3557 1803 pacis,
3596 1736 3663 1789 ali-

2130 1820 2344 1889 quando
2398 1821 2736 1892 evangelium
2791 1824 3041 1893 potentize
3088 1826 3337 1894 appellat.
3384 1826 3513 1893 Quia
3556 1830 3661 1882 enim

2131 1909 2525 1979 praedicationis
2568 1912 2654 1966 illa
2682 1914 2852 1983 gratia
2895 1922 3105 1983 poterat
3136 1914 3274 1970 bella
3300 1916 3536 1983 auferre,
3559 1920 3677 1989 sedioj

2131 2000 2415 2071 tionesque
2445 2002 2724 2059 hominum
2766 2006 2908 2060 circa
2942 2006 3193 2075 pietatem
3226 2022 3332 2061 non
3364 2010 3661 2064 consentiet»

2129 2093 2261 2147 tium
2285 2094 2570 2164 dissipare,
2598 2097 2725 2164 quia
2743 2106 2931 2152 omnes
2958 2097 3024 2153 ad
3047 2098 3275 2154 salutem
3312 2100 3521 2168 invitat,
3540 2117 3663 2157 evan-

2126 2184 2324 2251 gelium
2348 2186 2570 2254 iustitiae
2599 2187 2834 2242 dicitur:
2872 2190 2998 2259 quia
3048 2205 3175 2244 vero
3209 2190 3515 2249 dmutonum
3556 2194 3661 2248 bella

2126 2274 2303 2343 sedat,
2328 2279 2663 2348 evangelium
2692 2281 2839 2349 pacis
2875 2281 3177 2351 appellatur
3204 2300 3218 2336 :
3250 2298 3312 2337 ac
3336 2286 3461 2354 quia
3489 2286 3570 2341 Dei
3598 2300 3677 2341 eor

2125 2368 2422 2436 gnitiouem
2458 2370 2640 2424 verbis
2666 2371 2863 2426 vilibus
2891 2373 3215 2443 promulgat,
3246 2378 3575 2446 evangelium
3594 2392 3661 2445 νο-

2126 2460 2309 2513 tentia:
2335 2460 2551 2514 dicitur.
2594 2461 2731 2516 Audi
2779 2462 3003 2517 Paulum
3029 2464 3342 2520 dicentem:
3380 2464 3504 2520 Non
3523 2468 3659 2521 mle

2122 2570 2208 2607 sco
2257 2555 2573 2625 evangelium
2597 2572 2618 2610 :
2647 2556 2804 2609 virtus
2829 2556 2964 2609 enim
2999 2555 3096 2610 Dei
3137 2567 3213 2611 est
3233 2558 3302 2609 ad
3323 2560 3535 2613 salutem
3556 2561 3660 2612 oni

2124 2646 2394 2713 credenti(
2432 2646 2585 2700 Rom.
2608 2647 2663 2701 1.
2694 2647 2759 2703 16
2789 2648 2829 2717 ).
2875 2648 3118 2703 Potentia
3160 2650 3426 2720 siquidem
3460 2661 3563 2706 tum
3594 2651 3659 2706 de-

2121 2749 2265 2791 mum
2303 2752 2429 2793 vere
2467 2738 2721 2793 eluceatzit
2745 2779 2760 2803 ,
2797 2750 2919 2795 eum
2960 2740 3004 2794 is
3038 2741 3129 2809 qui
3167 2740 3444 2810 pradicet,
3470 2746 3677 2819 nonan-1

2122 2840 2279 2882 mana
2309 2830 2573 2883 rationum
2607 2830 2749 2885 serie
2784 2845 2911 2885 usus
2937 2872 2952 2896 ,
2982 2832 3242 2888 terminos
3268 2832 3422 2889 urbis
3448 2835 3655 2897 obtinet;

2120 2928 2177 2973 ut
2201 2919 2453 2976 Servatur
2494 2921 2664 2976 Paulo
2685 2922 2815 2976 dicit
2846 2938 2859 2975 :
2888 2922 3083 2994 Suﬁcit
3109 2924 3198 2977 tibi
3228 2926 3397 2997 gratia
3422 2942 3533 2981 mea
3553 2942 3571 2980 :
3589 2924 3677 2981 sie?

2121 3020 2203 3063 tus
2223 3012 2359 3065 enim
2379 3029 2487 3065 mea
2513 3015 2567 3065 in
2591 3013 2885 3081 inﬁrmitate
2910 3015 3212 3089 per/icitur(
3235 3015 3290 3070 2.
3318 3016 3446 3071 Cor.
3476 3019 3556 3072 12.
3584 3019 3651 3083 3).
3676 3030 3677 3033 ‘

2119 3100 2306 3172 Neque
2335 3104 2479 3157 enim
2508 3119 2757 3174 magnum
2785 3105 3055 3175 quidpiam
3082 3105 3184 3161 hoc
3214 3106 3440 3173 fuisset,
3469 3110 3513 3163 si
3538 3108 3656 3164 Clui-

2119 3202 2236 3248 stus
2259 3194 2401 3249 nuda
2440 3210 2535 3249 sua
2558 3195 2833 3251 divinitate
2864 3198 3050 3252 orbem
3083 3198 3441 3253 illustrasset:
3473 3200 3560 3253 sed
3586 3199 3677 3250 hoc.

2118 3286 2334 3353 mirum,
2366 3286 2507 3357 quod
2534 3300 2764 3357 corpore
2805 3300 2904 3343 suo
2932 3274 3311 3358 impassibilem
3354 3299 3415 3345 et
3448 3292 3655 3359 incorpo-

2117 3391 2267 3431 rcam
2297 3378 2595 3433 ostenderit
2620 3378 2872 3449 gloriam.
2902 3378 3088 3449 Neque
3118 3378 3249 3433 illud
3278 3379 3601 3447 admirabile,
3626 3381 3655 3432 si

2115 3473 2269 3525 vivus
2294 3481 2349 3526 et
2392 3472 2603 3528 vivitioa
2646 3473 2815 3543 gloria
2863 3471 3246 3541 resplendens,
3272 3473 3390 3527 orbi
3423 3474 3575 3527 vitam
3599 3489 3656 3525 re-

2113 3566 2379 3621 stituisset
2398 3583 2414 3623 :
2435 3565 2531 3621 sed
2561 3567 2795 3635 potentia
2827 3565 2987 3621 Verbi
3004 3572 3088 3621 est
3108 3563 3256 3635 quod
3273 3575 3447 3621 uiorte
3471 3574 3655 3619 mortem

2119 3657 2291 3724 tollat,
2318 3666 2376 3713 et
2402 3673 2498 3727 per
2519 3658 2874 3713 contumelias
2901 3658 3184 3712 immortali
3210 3658 3379 3727 gloria
3414 3658 3653 3725 udulgeal.

2115 3749 2257 3804 Alibi
2281 3752 2444 3807 etiam
2473 3752 2671 3806 Paulus
2695 3750 3029 3821 evangelium
3056 3750 3203 3820 pacis
3234 3750 3471 3819 appellat
3502 3769 3514 3802 :
3548 3750 3655 3802 Pre-

2116 3850 2310 3911 parate,
2339 3836 2435 3909 ait,
2460 3843 2613 3913 pedes
2639 3852 2828 3897 uestros
2855 3843 2911 3895 in
2944 3841 3312 3912 prwparatione
3335 3841 3575 3912 evangelii
3596 3856 3656 3907 ps-

2120 3932 2192 3985 ois
2215 3930 2235 4002 (
2265 3931 2458 4000 Epltes.
2490 3933 2546 3987 6.
2576 3934 2643 3987 15
2666 3930 2709 4005 ).
2736 3932 2878 3987 Alibi
2902 3931 3235 4000 evangelium
3257 3930 3484 3999 justitia:
3521 3929 3677 4005 notui-1

2116 4030 2230 4089 nat,
2257 4036 2377 4077 cum
2399 4023 2511 4078 ait:
2547 4022 2670 4077 Non
2695 4024 2831 4079 enim
2855 4022 3088 4077 animo
3113 4022 3429 4091 euangelium
3452 4038 3471 4076 :
3490 4020 3653 4092 λιθείας

2112 4112 2247 4169 enim
2265 4113 2366 4169 Dei
2384 4115 2437 4169 in
2456 4116 2567 4182 ipso
2584 4113 2857 4169 revelatur‘
2881 4112 3059 4182 (Rom.
3092 4112 3141 4165 1.
3175 4111 3259 4166 16.
3291 4112 3405 4179 17).
3433 4110 3564 4178 Quid
3591 4116 3650 4161 est

2111 4210 2321 4267 Justilia
2347 4208 2445 4263 Dei
2469 4208 2497 4262 i‘
2521 4207 2873 4275 Posteaquam
2901 4205 2982 4258 les
3015 4204 3181 4274 prima
3212 4203 3339 4257 solis
3362 4202 3564 4259 Judanis
3587 4200 3655 4255 luit

2111 4302 2629 4374 data,Evangelium
2646 4313 2778 4354 vero
2803 4297 3075 4361 omnibus,
3104 4296 3444 4365 evangelium
3470 4295 3655 4367 justiti:

2110 4395 2365 4466 appellat.
2409 4390 2685 4474 Siquidem
2715 4390 2857 4444 Deus
2898 4387 3075 4458 justus
3097 4386 3188 4456 qui
3229 4401 3420 4442 omnes
3448 4397 3654 4457 peltaque

2112 4486 2436 4558 procreavit,
2466 4496 2655 4538 omnes
2693 4494 2942 4550 portuque
2982 4477 3265 4533 illustravit
3298 4496 3312 4532 :
3347 4478 3578 4548 illudque
3596 4478 3657 4545 ju-

2110 4579 2272 4633 stitia:
2296 4585 2446 4642 erat,
2487 4589 2595 4629 non
2627 4572 2727 4627 bos
2766 4571 2982 4640 quidem
3030 4585 3265 4635 servare,
3290 4569 3418 4623 illos
3450 4584 3569 4623 vero
3587 4568 3653 4622 mi

2113 4669 2297 4724 nime:
2324 4677 2377 4722 et
2408 4666 2507 4721 hos
2530 4678 2747 4728 vocare,
2791 4662 2910 4715 illos
2956 4675 3131 4715 secus.
3176 4659 3230 4714 ln
3264 4658 3448 4742 Veteri
3477 4657 3651 4729 quidem

2108 4761 2474 4822 Testamento,
2506 4755 2713 4810 vacatio
2733 4753 2873 4824 justa
2900 4767 3007 4806 non
3038 4752 3135 4806 fuit
3162 4768 3175 4802 τ
3205 4749 3296 4805 sed
3330 4750 3648 4805 (ecouomica.

2111 4868 2233 4924 quae
2277 4850 2498 4921 justitiae
2533 4848 2675 4902 viam
2727 4843 3083 4915 praemunivit.
3116 4842 3293 4910 Neque
3339 4849 3518 4896 tamen
3550 4839 3653 4892 hanc

2110 4945 2323 5016 quidem
2357 4942 2578 5013 justam,
2608 4939 2751 4995 illam
2780 4952 2906 4994 vero
2934 4937 3185 5007 injustam
3213 4934 3403 4991 dixero
3434 4950 3446 4986 :
3480 4933 3567 4987 sed
3606 4928 3650 4982 il-
3676 4996 3677 5005 χ

2110 5038 2216 5093 iam
2239 5036 2440 5091 aditum
2466 5032 2534 5088 ad
2561 5032 2699 5085 hanc
2726 5028 3044 5100 patefecisse
3064 5070 3078 5093 ,
3110 5036 3163 5082 et
3190 5026 3257 5081 ad
3300 5025 3445 5082 hanc
3470 5037 3652 5095 appara-

2112 5137 2222 5182 tum
2248 5123 2532 5197 quemdam
2564 5121 2747 5176 fuisse.
2783 5120 2977 5189 Legem
3006 5115 3189 5171 lsraeli
3210 5114 3376 5170 dedit.
3417 5114 3549 5169 Hinc
3579 5106 3677 5197 Περὶ

2174 5261 2190 5292 ι
2226 5266 2339 5317 Qute
2362 5256 2469 5306 htec
2486 5254 2656 5313 verba,
2681 5250 2731 5303 in
2753 5251 2856 5315 ipso
2877 5249 3133 5308 reveletur,
3158 5253 3438 5311 sequuntur
3454 5249 3505 5296 in
3522 5256 3653 5311 esset
3676 5246 3677 5311 ί

2174 5334 2202 5347 ρ
2241 5319 2364 5347 nm"!
2390 5318 2601 5347 nimus-un
2627 5313 2767 5347 nmsln
2800 5312 3026 5347 omnum-sa
3051 5317 3158 5347 mm
3213 5323 3243 5347 n
3304 5308 3400 5347 819
3421 5324 3433 5333 ·
3454 5314 3651 5347 nummus

2108 5323 2205 5394 ptis
2240 5308 2606 5391 apudrhotitun
2626 5308 2781 5384 paulo
2798 5312 3027 5374 ampliora
3051 5317 3181 5369 sunt,
3213 5308 3259 5371 pl
3304 5308 3400 5357 849
3421 5324 3433 5357 :
3454 5308 3677 5373 primum;

2108 5386 2452 5443 tguut'Justttta
2466 5387 2574 5443 pet
2588 5389 2637 5427 tn
2660 5388 2762 5443 ipso
2784 5370 3067 5443 [metanti-1
3089 5371 3325 5442 Quomodo
3346 5369 3512 5443 {Cum
3676 5396 3677 5407 ι

2159 5397 2452 5443 uurjustuta
2478 5397 2565 5428 ua
2588 5397 2637 5427 tu
2660 5397 2762 5441 tpw
2785 5397 3018 5444 lavemur
3043 5397 3059 5422 ,ι
3089 5397 3325 5442 vuuuwuy
3346 5397 3358 5419 ;
3390 5397 3511 5420 Lm"
3531 5397 3650 5435 γυνη.

2107 5397 2189 5495 θα*
2206 5441 2391 5491 Judaei:
2406 5439 2518 5491 satis
2540 5440 2655 5489 data
2675 5437 2751 5497 sit,
2779 5434 2889 5486 licet
2910 5432 2997 5497 alii
3018 5432 3229 5483 hormie:
3248 5432 3470 5497 ejusdem

2107 5490 2214 5556 F52:
2230 5490 2419 5553 naturis
2434 5508 2480 5552 et
2502 5490 2721 5563 Originis,
2736 5490 3041 5563 euangelium
3062 5506 3173 5563 rem
3191 5490 3417 5563 omnibus
3440 5490 3653 5563 aquatjtg
3676 5500 3677 5563 ἦ

2630 5546 2636 5547 ί
2648 5546 2735 5633 ille
2750 5546 2971 5633 iustitia.
3118 5559 3370 5633 ’Μαιέίῦ
3384 5546 3653 5633 ei???

2108 5618 2399 5689 Emugeliinn
2430 5630 2642 5676 vocatur.
2681 5630 2736 5672 In
2761 5618 2927 5672 Veteri
2954 5618 3102 5684 igitur
3137 5622 3256 5670 rat.
3287 5618 3361 5668 sic
3382 5618 3562 5667 notavit
3587 5618 3652 5659 ue

2109 5702 2258 5742 απυδ.
