3704 6274
408 291 515 347 405

403 422 526 479 qum
544 406 811 478 quondam
840 408 894 462 in
922 406 1183 479 sepulcris
1206 408 1419 464 condita
1448 404 1813 473 delitescebat,
1849 423 1990 463 nunc

407 497 459 552 in
486 499 623 553 solio
649 498 911 553 collocata
942 506 1023 553 est
1067 516 1082 554 :
1121 514 1239 568 quae
1267 499 1534 570 quondam
1582 498 1868 568 ignominia
1899 512 1996 568 op—

407 603 591 658 pressa
618 588 850 658 jaecbat,
879 604 1022 644 nunc
1048 589 1249 645 honore
1273 589 1523 644 afﬁcitur.
1541 588 1788 643 Dominus
1812 605 1996 659 regna-

406 680 495 732 ait.
525 678 615 734 Sic
638 680 799 735 etiam
821 680 929 734 alio
950 679 1002 733 in
1027 680 1145 734 loco
1174 679 1412 750 dicitur(
1446 688 1660 749 oportet
1687 678 1829 733 enim
1862 695 1991 732 scu-

408 774 606 828 tentias
645 780 1034 829 consentaneas
1064 774 1203 827 inter
1241 788 1299 827 se
1344 773 1397 826 in
1430 773 1662 827 molium
1697 771 1892 827 aﬂuere
1923 772 1943 841 )
1975 793 1989 827 :

406 863 655 919 Dominus
693 866 939 935 regnavit,
971 863 1197 918 decorem
1228 863 1441 917 indutus
1462 862 1577 932 εει(
1602 862 1749 916 Paul.
1790 862 1879 918 92.
1917 856 1986 927 ι).

405 954 514 1025 Nos
545 965 695 1011 veste
725 955 1014 1020 induimur,
1038 962 1098 1009 ut
1123 952 1378 1025 quidquid
1406 962 1609 1007 natura:
1650 963 1849 1008 nostra:
1886 952 1987 1006 mi-

404 1061 510 1101 nus
554 1046 807 1101 decorum
844 1058 928 1100 est
946 1086 964 1113 ,
991 1046 1305 1101 occultetur.
1334 1044 1511 1112 Quare
1540 1045 1699 1115 igitur
1728 1045 1865 1099 Deus
1894 1060 1987 1097 na-

398 1147 571 1192 turam
624 1153 775 1191 suam
802 1178 818 1200 ,
864 1152 986 1206 quae
1022 1146 1075 1191 et
1104 1140 1330 1205 corpore
1358 1144 1539 1200 vacat,
1567 1146 1621 1190 et
1666 1136 1817 1205 plena
1851 1134 1987 1189 lucis

399 1239 503 1295 est,
535 1231 643 1284 imo
669 1247 785 1301 quae
818 1231 936 1296 plus
962 1245 1120 1301 quam
1147 1231 1233 1284 lux
1265 1238 1532 1296 coruscat,
1565 1230 1840 1300 contegit?
1881 1229 1986 1284 Sed

401 1331 557 1376 vocat
586 1321 677 1376 ille
702 1336 895 1390 corpus
930 1320 1128 1375 Christi
1162 1332 1363 1375 vestem
1395 1336 1547 1375 suam
1577 1342 1589 1377 :
1632 1320 1877 1375 Dominus
1902 1335 1986 1374 re-

399 1413 593 1482 gnavit,
624 1413 853 1466 decorem
889 1411 1094 1465 indutus
1124 1421 1217 1466 est.
1249 1412 1507 1466 Decorem
1541 1425 1693 1466 vocat
1722 1455 1735 1475 ,
1766 1427 1985 1467 carnem

397 1503 620 1559 Christi.
653 1504 779 1559 Erat
807 1504 949 1558 enim
980 1504 1064 1556 illa
1094 1518 1227 1557 sane
1255 1503 1483 1570 decora,
1520 1519 1618 1558 nec
1646 1504 1749 1556 ulla
1782 1505 1985 1573 peccati

401 1597 728 1665 turpitudine
768 1595 930 1652 (taeda.
983 1595 1164 1665 Neque
1209 1596 1353 1651 enim
1402 1608 1676 1665 peccatum
1711 1596 1835 1651 fecit
1866 1614 1984 1651 um-

398 1703 579 1754 quam.
611 1704 710 1743 nec
741 1699 987 1742 Inventus
1010 1696 1093 1742 est
1117 1687 1272 1742 dolus
1296 1687 1349 1741 in
1384 1703 1480 1742 ore
1506 1688 1620 1758 ejus
1667 1688 1686 1757 (
1730 1686 1857 1742 Iani.
1891 1688 1981 1745 53.

390 1778 471 1842 9).
494 1779 716 1833 Indum:
737 1791 809 1833 est
838 1780 1081 1834 Dominus
1100 1781 1350 1847 virtutem,
1378 1789 1425 1834 et
1449 1781 1712 1850 prwciuxit
1732 1799 1785 1834 se
1807 1781 1979 1852 (l’sal.

392 1869 482 1925 92.
518 1870 542 1925 i
572 1874 614 1940 ).
660 1869 921 1938 Quoniam
967 1886 1097 1924 zona
1132 1886 1312 1941 regem
1362 1881 1617 1935 exornat,
1648 1888 1782 1927 zona
1806 1884 1981 1929 autem

392 1969 475 2014 est
502 1959 755 2016 indicium
791 1962 932 2032 regis
965 1961 1265 2030 etjudicis:
1294 1960 1497 2018 inducit
1524 1964 1695 2033 ipsmn
1723 1973 1777 2020 et
1798 1981 1981 2036 regem

392 2061 446 2105 et
458 2050 695 2118 judicem
712 2068 725 2116 ;
741 2051 969 2106 aitenim
983 2054 1174 2107 lsaias:
1196 2074 1213 2105 ‹
1235 2055 1554 2127 Egredietur
1566 2053 1709 2125 virga
1724 2055 1791 2111 de
1805 2058 1982 2113 radice

389 2141 576 2209 Jessaa,
595 2152 648 2198 et
662 2142 759 2198 nos
775 2161 837 2199 ex
866 2144 977 2213 ipsa
998 2145 1270 2211 ascendet,
1294 2156 1347 2200 et
1366 2148 1660 2215 requiescet
1679 2162 1839 2219 super
1858 2164 1979 2203 eum

387 2232 618 2302 Spiritus
645 2233 771 2299 Dei;
794 2244 850 2289 et
870 2235 974 2289 erit
992 2236 1195 2304 justilia
1226 2236 1494 2305 cingulum
1515 2236 1814 2291 lumborum
1842 2239 1975 2308 ejus,

387 2333 443 2377 et
467 2324 599 2382 fides
617 2324 931 2379 cinctorium
961 2340 1149 2379 renum
1170 2325 1286 2395 ejus
1310 2344 1330 2377 ι
1360 2324 1509 2396 (lani.
1536 2328 1623 2380 Η.
1652 2328 1703 2381 Ι.
1732 2328 1787 2382 2.
1810 2328 1905 2399 5).

457 2413 513 2467 ι.
564 2412 777 2468 Vestitu;
802 2414 1059 2484 pontificis
1098 2414 1264 2485 ﬁgura
1291 2414 1496 2469 Christi.
1553 2414 1723 2470 Virtus
1759 2423 1979 2489 perfecto

376 2515 761 2562 ornamentum.
791 2536 862 2545 —
888 2505 1055 2576 Hujus
1073 2507 1237 2575 ipsius
1257 2508 1421 2561 vestis
1447 2507 1768 2572 Servatoris,
1789 2511 1840 2564 in
1862 2528 1978 2567 car.

387 2612 455 2650 ne
475 2596 615 2663 dico,
644 2595 897 2651 latentem
930 2597 1151 2666 ﬁguram
1181 2612 1288 2667 pra.-
1313 2612 1372 2653 se
1401 2597 1519 2652 tulit
1548 2601 1786 2669 pontifex
1818 2602 1868 2656 in
1903 2603 1979 2656 le-

381 2706 465 2760 ge.
500 2689 570 2745 Et
588 2705 715 2745 vero
740 2690 1021 2760 diligenter
1048 2690 1285 2755 adverte,
1318 2691 1588 2760 quomodo
1619 2694 1821 2749 umbrae
1866 2695 1971 2750 illae

380 2782 660 2836 veritatem
697 2782 850 2837 nobis
874 2781 1294 2848 subindicarent,
1329 2779 1596 2852 quomodo
1636 2784 1760 2839 item
1812 2801 1977 2841 evan-

380 2875 564 2942 gelie'e
593 2874 774 2942 ﬁgura:
801 2875 1163 2943 praeluxerint.
1187 2874 1403 2930 Leniter
1432 2874 1640 2945 loquor,
1675 2885 1728 2931 et
1747 2890 1846 2948 pro
1897 2879 1975 2932 vi-

380 2967 466 3020 rili
494 2982 579 3021 me
606 2966 925 3036 simplicium
955 2974 1010 3021 et
1052 2966 1420 3037 imperitorum
1450 2969 1626 3037 captui
1663 2982 1972 3026 accommoo

381 3058 472 3122 do,
514 3074 581 3114 ne
611 3060 684 3114 illi
744 3061 845 3116 huc
886 3061 969 3115 vel
1020 3061 1147 3116 illuc
1193 3061 1679 3118 circumducantur.
1726 3064 1969 3121 Pontifex

380 3149 543 3220 igitur
567 3152 869 3222 ingrediens
902 3153 955 3207 in
990 3160 1171 3207 sancta
1203 3162 1529 3219 sanctorum,
1572 3155 1826 3211 induebat
1871 3172 1967 3212 ve-

379 3253 516 3299 stem
545 3244 789 3311 talarem,
818 3245 1021 3300 scilicet
1046 3256 1251 3300 vestem
1276 3260 1303 3299 a
1326 3247 1500 3315 capite
1518 3261 1687 3317 usque
1710 3248 1777 3303 ad
1807 3249 1970 3318 pedes

375 3332 685 3401 demissam,
727 3334 1183 3405 superhumerale,
1215 3350 1429 3399 zonam,
1461 3336 1757 3403 femoralia,
1809 3340 1966 3393 lami-

377 3436 503 3476 nam
533 3437 773 3488 auream,
809 3425 1021 3490 tiaram,
1047 3425 1146 3479 hoc
1171 3434 1252 3479 est
1293 3425 1661 3496 corybantimn
1689 3428 1788 3500 (a),
1809 3438 1862 3483 et
1882 3444 1969 3484 ra-

378 3514 576 3568 tionale
596 3514 647 3567 in
671 3525 906 3583 pectore,
932 3524 986 3570 et
1019 3531 1141 3586 quae
1168 3515 1431 3586 scriptura
1473 3517 1670 3572 ibidem
1713 3519 1963 3590 explicat,

382 3606 673 3676 videreque
693 3616 795 3661 est.
820 3608 953 3662 Aliae
989 3609 1192 3678 ﬁgurae,
1218 3608 1309 3661 alii
1350 3622 1559 3664 sensus.
1603 3610 1785 3681 Neque
1822 3614 1965 3669 enim

380 3700 526 3754 Deus
552 3700 788 3773 cumino
820 3698 1107 3769 hyacintho
1146 3706 1204 3754 et
1245 3713 1499 3770 purpura,
1540 3701 1668 3756 item
1714 3717 1877 3759 cocco
1910 3713 1967 3760 et

452 3830 525 3893 (α)
550 3831 738 3881 Omnes
765 3832 877 3884 Mss.
911 3833 1125 3891 habent,
1157 3837 1481 3893 κορυδάντιον.
1510 3837 1563 3886 ln
1588 3839 1714 3888 hanc
1734 3852 1855 3889 vero
1883 3840 1962 3888 le-

380 3891 607 3942 ctionem
647 3895 752 3943 hac
784 3896 982 3945 erudite
1015 3902 1153 3946 notat
1194 3891 1381 3947 Fronto
1414 3898 1625 3948 Duwus
1657 3913 1669 3948 :
1701 3915 1722 3948 ο
1751 3902 1962 3952 Romana

384 3952 570 4020 ﬁditio,
595 3955 861 4016 Anglicana
883 3964 939 4020 et
957 3957 1145 4020 Regius
1161 3958 1412 4020 Mediceus
1435 3966 1719 4011 constanter
1739 3961 1966 4012 retinent

384 4014 654 4089 lectionem
680 4014 711 4065 ᾖ
735 4018 997 4093 ’nonn_ullis
1032 4014 1333 4093 Fepudiatam
1352 4056 1366 4079 ,
1392 4034 1615 4093 'nempe‘
1635 4025 1959 4093 κορυϐάντιον,

382 4079 463 4125 cui
491 4090 552 4125 ex
580 4079 781 4139 ingenio
813 4077 1176 4130 substituerant
1199 4077 1480 4144 nupsazot’av,
1508 4077 1801 4144 cyrbust’am,
1823 4093 1873 4132 et
1898 4077 1960 4133 ex

381 4135 589 4201 Polluce
618 4143 649 4187 Ι.
689 4139 744 4199 7,
768 4153 812 4189 c.
844 4141 933 4197 13.
973 4144 1054 4190 καὶ
1098 4144 1352 4201 κνρὸασία.
1386 4144 1445 4201 ἢν
1484 4146 1669 4201 σίδαριν
1709 4148 1792 4194 καὶ
1824 4146 1960 4196 πῖλον

381 4151 589 4187 rouuce
618 4151 649 4187 Ι.
695 4151 744 4199 l,
768 4153 812 4189 c.
844 4151 933 4197 15.
973 4151 1054 4190 καὶ
1098 4151 1352 4207 κνρόασία.
1386 4151 1445 4201 ἢν
1484 4151 1595 4194 σίδαι
1628 4164 1669 4195 ιν
1709 4151 1792 4194 καὶ
1824 4151 1961 4196 πῖλον

378 4199 601 4272 ξαλοῦσι.
633 4200 910 4272 l_.egit_ur_in
938 4202 1120 4272 Lexieo
1142 4202 1382 4272 ﬁtephani
1407 4163 1798 4272 Lifoputgimovj
1820 4208 1961 4272 uspi-

379 4219 601 4248 καλουσι.
633 4219 838 4263 Μιεζηιιι·
861 4219 910 4252 In
938 4219 1120 4252 Lettlc'i
1145 4219 1382 4315 atepnam
1407 4220 1418 4253 ;
1450 4219 1795 4271 Κορυὸάντιον·
1826 4219 1961 4272 περὶ·

379 4261 498 4331 ρεμε
521 4263 728 4331 χεφςιλῆς
759 4264 1012 4331 inuictum
1034 4266 1198 4331 μαλόγ.
1251 4273 1349 4331 lem
1376 4267 1621 4331 txidatptc,
1655 4270 1962 4331 κορυδάγτεον

374 4321 408 4378 ἢ
430 4321 736 4392 «ﬂagitari?
766 4321 1251 4392 ιῖδρεξιαμελανκὶρυ,
1282 4328 1309 4378 ὃ
1336 4328 1416 4392 atati
1434 4321 1591 4392 stupet
1609 4321 1811 4392 ’νοεῖῆιι-
1838 4328 1962 4392 Bie-

375 4392 611 4454 ronymus
643 4384 796 4445 Epist.
835 4384 933 4454 12§_
956 4384 1268 4454 :‘ltotundum
1293 4384 1545 4450 pileotum,
1570 4390 1701 4454 quod
1728 4390 1887 4442 Graeci
1910 4394 1957 4437 et

371 4446 526 4513 nostri
543 4458 696 4507 τιάραν,
719 4446 933 4513 nonnulli
954 4447 1175 4508 galerum
1214 4446 1397 4513 vocum.
1421 4446 1664 4513 Origenes
1700 4460 1834 4503 Hom.
1853 4458 1884 4505 6
1907 4460 1956 4507 in

373 4508 525 4556 Lavit.
554 4520 567 4553 :
589 4505 647 4555 Et
658 4505 779 4577 gain
797 4506 899 4577 ipse
920 4505 1065 4568 caput
1084 4516 1155 4577 est
1184 4508 1415 4577 omnium,
1447 4505 1559 4577 id‘ég
1577 4521 1635 4577 _tt
1651 4522 1849 4577 ornabis
1867 4505 1957 4569 iste

369 4580 518 4629 super
538 4567 868 4642 pluuiaDcapiti
884 4567 1237 4642 superponitur.
1258 4569 1307 4642 ξε
1336 4572 1492 4642 mitra_
1501 4571 1586 4622 tibi
1602 4579 1646 4642 ξι
1672 4575 1851 4642 lanium
1870 4567 1956 4628 ou-

370 4628 474 4688 rea,
493 4628 747 4702 plenitudo
763 4628 1093 4702 ῃὶεπιὶφρθὶ
1126 4637 1271 4702 caput
1302 4639 1509 4702 corona,
1549 4633 1667 4684 scito
1690 4644 1750 4697 te,
1771 4637 1957 4692 etiamsi

525 4690 740 4762 (lanatas
755 4689 905 4762 tatcat
916 4696 963 4741 et
981 4689 1233 4762 ignoret-is,
1259 4695 1390 4756 apud
1426 4689 1576 4762 neum
1597 4689 1771 4762 tamen
1809 4689 1955 4762 agere

718 4751 848 4824 intra
866 4749 1171 4824 condantur;
1190 4749 1572 4824 tuw'templum._
1590 4749 1956 4824 Chrysostonius

368 4810 527 4891 Persis
734 4814 992 4891 tribuit,‘ut
1014 4817 1271 4891 prepriam,
1296 4810 1462 4891 Homii.
1483 4819 1540 4868 17
1561 4820 1608 4867 in
1625 4810 1734 4871 Acia
1758 4810 1954 4891 {autem}

365 4885 791 4938 damnvm
825 4887 1058 4939 om.
1093 4888 1620 4943 καιτάςάιιενοιεαςιαιτά
1655 4892 1870 4945 Nam
1905 4885 1954 4939 τὰ

368 4948 588 5010 pocket“.
605 4950 672 4998 τήν
688 4946 800 4997 ἄλλην
821 4950 954 4998 στολήν
966 4952 1031 4999 τὴν
1043 4951 1129 5010 fuit!
1148 4953 1327 5010 huva
1345 4952 1566 5010 ὒπιζθὸντις,
1663 4961 1953 5010 nimim,

368 4969 588 5001 ρας-νειμ
605 4969 672 4998 ην
688 4969 799 4997 ωην
821 4969 954 4998 mn]?
966 4969 1031 4999 τηεν
1043 4969 1129 5010 mut:
1148 4969 1327 5004 πιζῡριον
1345 4969 1566 5012 thue-dte,
1583 4969 1642 4995 ttat
1663 4969 1858 5010 ιιιςιαμινοι
1941 4993 1953 5010 ,

1390 5010 1519 5082 ξφ
1532 5004 1715 5082 sran
1724 4969 1953 5082 σε

365 5057 688 5117 peculiaribus
701 5057 1088 5114 etcatceaméntis
1104 5062 1370 5114 barbaricis
1381 5064 1610 5124 dirutam.
1622 5057 1955 5125 auarum;

363 5122 599 5197 ξε.Ἦὲνέ
606 5121 787 5197 {NW
802 5122 979 5197 ."ii‘a‘?
992 5124 1275 5197 ίζιάμωξιαης
1293 5132 1339 5197 ει
1353 5130 1786 5197 commutatum
1802 5140 1949 5197 ιοηεο,

363 5178 528 5250 ltabitu
730 5183 983 5251 occuttmtt.
1008 5186 1225 5251 lydius};
1248 5178 1493 5251 interpres
1507 5189 1693 5251 gladios
1704 5178 1950 5246 essetis;

360 5243 489 5316 ficos
526 5245 844 5316 putavitased
865 5245 1077 5316 panielis
1097 5243 1145 5306 5,
1170 5248 1247 5303 2t,
1269 5250 1350 5297 ubi
1372 5243 1596 5299 dicuntur
1619 5260 1722 5303 tres
1742 5243 1950 5316 pueritia

360 5301 617 5382 maciam.
630 5301 1013 5382 ιιξεεείιδεεείριιιω
1035 5301 1371 5382 assis-unm
1388 5323 1452 5381 «'vz
1474 5328 1549 5369 τοις
1565 5301 1951 5382 πρεάἐιςῐέέπὶῖ

360 5366 579 5443 machus,
589 5377 795 5443 μναξνρίσι,
812 5366 1142 5443 ῌίὲιιρηξωυς,
1285 5366 1488 5443 braccis.
1511 5366 1603 5443 Ijro
1616 5366 1819 5443 braccis,
1826 5366 1952 5443 5.2..

356 5426 906 5499 s‘ymchhua.
938 5426 1274 5499 inierprétatus
1296 5440 1383 5491 est,
1416 5434 1583 5496 aquila
1615 5426 1662 5490 et
1703 5426 1953 5494 711ἓὸἇᾶἶᾶ

359 5488 606 5555 ξαναὸαῑίιι
624 5488 875 5555 dixerunt.
894 5488 1219 5555 Tertullianus
1238 5508 1266 5545 e
1289 5488 1448 5545 Graeco
1464 5488 1669 5551 vertens
1683 5488 1811 5553 dixit
1825 5488 1952 5555 ubi?)

356 5547 591 5623 demi-ne
615 5552 811 5623 Christi,
828 5566 935 5623 cum
953 5554 1139 5623 braecz's
1159 5556 1273 5623 suis.
1300 5572 1321 5602 ιν
1358 5556 1477 5623 Cum
1499 5547 1617 5623 ergo
1632 5547 1952 5623 tres-tiodiem

358 5613 753 5680 nostri..me
776 5616 1005 5680 habeant,
1026 5619 1096 5667 sic
1116 5621 1381 5669 restituere
1400 5613 1670 5674 visumvest.
1690 5613 1887 5677 Ibidem.
1900 5613 1953 5680 Et

262 5704 285 5723 κ
353 5668 848 5753 Ξξιξιέιξιξιξςξξφξιξρς
875 5668 1097 5743 excerpit
1120 5668 1325 5743 Plautius,
1351 5668 1443 5733 sed
1464 5668 1571 5736 aliis
1586 5668 1951 5753 Eéaiﬁii'sj'iuié

353 5735 568 5796 mutatis,
592 5738 663 5785 uti
683 5735 828 5788 solet.

1914 293 2184 349 lNCERTl
3596 304 3676 360 4M

2104 409 2267 485 bysso
2308 420 2629 467 recreatur:
2679 412 2818 485 Deus
2867 411 3008 469 enim
3058 415 3357 471 animarum
3414 418 3677 487 puritatem

2097 501 2332 571 postulat
2362 519 2376 554 :
2405 503 2497 556 sed
2530 502 2584 557 in
2610 504 2885 571 corporeis
2915 506 3021 560 illis
3048 505 3270 563 tioribus
3303 510 3567 566 virtutum
3610 515 3677 569 ille

2100 594 2356 663 imagines
2375 594 2649 650 describit.
2674 595 2730 650 Si
2756 598 2900 650 enim
2950 597 3091 653 Deus
3115 614 3304 656 revera
3360 604 3562 657 veSIitn
3610 606 3677 660 illo

2098 684 2255 754 longe
2280 686 2625 739 ornatissimo
2648 686 3035 753 delectabatur,
3082 706 3176 745 cur
3203 708 3313 746 non
3342 693 3531 747 Mosen
3576 708 3677 752 ante

2097 775 2366 828 Aaronem
2411 774 2514 830 hoc
2542 776 2704 831 modo
2746 776 2953 832 induit?
2981 779 3086 835 Sed
3136 781 3314 838 Moses
3366 784 3592 854 quidem
3632 805 3677 843 ca

2072 874 2243 919 veste
2288 865 2504 921 carebat
2533 907 2548 931 ,
2591 868 2778 923 eadem
2826 878 3003 925 tamen
3054 875 3364 930 sacerdotes
3418 876 3675 933 induehaL

2074 955 2265 1010 Moses
2285 972 2419 1026 aqua
2441 973 2543 1013 non
2564 958 2658 1012 fuit
2685 960 2843 1027 lotus,
2871 972 2925 1016 et
2952 972 3127 1019 tamen
3150 966 3369 1022 lavabat
3402 985 3418 1021 :
3448 984 3555 1023 non
3580 972 3677 1025 olea

2072 1048 2343 1102 ainunetus
2390 1049 2508 1115 fuit,
2541 1061 2595 1106 et
2618 1061 2792 1108 tamen
2824 1056 3052 1124 ungebat
3080 1076 3092 1111 :
3126 1061 3323 1113 nullam
3361 1071 3569 1117 vestem
3611 1080 3675 1120 sa-

2091 1138 2417 1194 cerdotalem
2437 1142 2697 1211 gestabat,
2716 1144 2809 1198 sed
2834 1147 3141 1204 sacerdotes
3173 1150 3433 1207 induebat
3458 1166 3547 1209 :ut
3576 1156 3672 1213 inde

2094 1232 2406 1300 perspicias,
2452 1233 2567 1286 viro
2626 1234 2862 1304 perfecto
2900 1239 3153 1295 virtutem
3193 1244 3259 1297 ad
3305 1260 3668 1303 ornamentum

2092 1322 2357 1379 sul‘licere.
2411 1325 2451 1377 Α
2486 1327 2659 1394 capite
2684 1328 2845 1397 igitur
2892 1331 3231 1388 sacerdotem
3296 1341 3670 1410 contemplare.

2088 1413 2328 1485 Namque
2360 1416 2529 1486 ipsum
2561 1420 2883 1475 vocabulum
2920 1424 3225 1481 vestimenti
3249 1429 3559 1502 ambiguum
3585 1446 3671 1499 est,

2090 1504 2231 1560 etde
2252 1520 2317 1560 eo
2336 1509 2751 1563 controvertitur
2781 1528 2797 1563 :
2826 1510 3013 1567 Grreco
3034 1530 3161 1570 vero
3179 1532 3437 1575 semione
3458 1527 3670 1578 transla-

2091 1609 2200 1655 tum
2236 1610 2336 1656 est.
2365 1601 2575 1656 initium
2605 1617 2733 1673 ergo
2778 1603 2859 1659 fac
2891 1618 2922 1659 a
2963 1609 3159 1677 capite.
3214 1609 3485 1680 Quidnam
3532 1618 3671 1687 igitur

2088 1704 2212 1751 erat.
2231 1694 2501 1764 primum?
2548 1696 2827 1762 tiaramne,
2872 1699 2956 1753 vel
2999 1701 3126 1771 quid
3174 1706 3349 1772 primo
3404 1712 3670 1766 nominat?

2087 1786 2213 1854 quid
2250 1798 2368 1856 post
2399 1788 2584 1842 tiaram
2636 1789 2798 1855 illam,
2842 1792 2992 1861 quasi
3033 1796 3503 1853 conciliatricem?
3544 1801 3668 1857 Loco

2087 1880 2233 1934 tiara:
2256 1882 2414 1951 igitur
2442 1892 2523 1937 est
2554 1881 2764 1938 habitus
2794 1886 2956 1940 totius
3006 1888 3148 1943 illius
3198 1895 3384 1947 vestis.
3435 1893 3669 1963 Quando-

2086 1972 2298 2042 quidem
2332 1975 2565 2043 pontil'ex
2592 1984 2751 2045 caput
2771 1986 2887 2031 erat
2913 1981 3115 2048 pepuli,
3144 1996 3239 2051 par
3261 1994 3380 2038 erat
3413 2001 3560 2052 eum,
3586 1992 3661 2059 qni

2084 2075 2404 2134 caputesset
2429 2067 2687 2131 omnium,
2717 2069 2768 2122 in
2786 2070 2959 2140 capite
2980 2071 3095 2141 ejus
3126 2075 3203 2129 rei
3232 2076 3541 2145 symbolum
3584 2098 3663 2136 ex-

2085 2157 2288 2214 hibere.
2365 2160 2620 2215 Absoluta
2688 2163 2952 2233 siquidem
2996 2173 3051 2220 et
3113 2168 3338 2223 remissa
3392 2176 3663 2229 auctoritas

2085 2250 2209 2305 ferri
2239 2256 2423 2323 nequit
2454 2272 2467 2309 :
2492 2271 2609 2325 quae
2626 2271 2753 2311 vero
2774 2258 2855 2312 sui
2886 2258 3098 2328 imperii
3125 2263 3430 2332 symbolum
3458 2266 3660 2336 imposi-

2084 2350 2196 2398 tum
2216 2347 2370 2415 gerit,
2402 2346 2500 2416 legi
2532 2348 2811 2419 subjicitur
2830 2359 2884 2405 et
2906 2363 3075 2422 paret.
3103 2354 3282 2425 Itaque
3317 2355 3475 2425 jubet
3522 2372 3664 2430 caput

2082 2434 2304 2491 minime
2339 2451 2459 2492 esse
2493 2438 2713 2500 nudum,
2736 2439 2829 2493 sed
2848 2451 3181 2510 coopertum,
3216 2453 3271 2497 ut
3299 2444 3471 2501 discat
3498 2450 3661 2519 populi

2081 2536 2258 2594 caput,
2279 2542 2338 2581 se
2362 2539 2522 2599 caput
2548 2529 2761 2585 habere.
2794 2531 2993 2587 Idcirco
3013 2535 3172 2588 etiam
3193 2535 3244 2588 in
3263 2535 3532 2605 Ecclesia,
3552 2558 3659 2595 cum

2081 2615 2396 2673 ordinantur
2410 2622 2734 2686 sacerdotes,
2751 2620 3095 2693 Erangelium
3113 2623 3307 2680 Christi
3325 2629 3489 2697 capiti
3508 2631 3663 2700 impo-

2080 2707 2242 2766 nitur.
2267 2720 2323 2763 ut
2350 2710 2521 2767 discat
2562 2714 2626 2774 is,
2659 2712 2749 2782 qui
2773 2711 3076 2781 ordinatur,
3103 2731 3284 2771 veram
3314 2733 3376 2774 se
3422 2722 3659 2792 recipere

2064 2796 2775 2873 Evangeliitiaram;atque
2797 2812 2853 2858 ut
2896 2805 3088 2873 discat,
3146 2811 3392 2877 quamvis
3437 2812 3512 2865 sit
3549 2828 3657 2865 om-

2077 2888 2222 2943 nium
2247 2901 2425 2960 caput,
2457 2905 2517 2947 se
2550 2901 2727 2948 tamen
2754 2894 2960 2965 legibus
3020 2897 3135 2951 istis
3186 2899 3373 2969 subjici
3411 2912 3509 2956 :et
3547 2918 3655 2958 eum

2076 2982 2164 3051 qui
2188 2984 2437 3038 omnibus
2455 2984 2700 3055 imperat,
2724 2986 2854 3057 legis
2884 2988 3109 3057 imperio
3150 2990 3409 3057 subesse;
3438 3007 3657 3061 eumque

2075 3075 2161 3144 qui
2188 3076 2435 3130 omnibus
2453 3076 2543 3131 dat
2562 3078 2830 3143 mandata,
2857 3095 2887 3134 a
2919 3080 3462 3177 legilngmandatum
3519 3087 3651 3139 acci-

2075 3183 2221 3238 pere.
2243 3170 2527 3240 Propterea
2558 3172 2750 3228 nobilis
2779 3174 2863 3229 vir
2881 3170 3107 3244 quidani
3133 3191 3200 3230 ex
3230 3177 3527 3243 veteribus,
3578 3182 3655 3232 cui

2074 3278 2267 3319 nomen
2300 3264 2549 3336 lgnatius,
2580 3266 2774 3337 quique
2801 3267 3100 3323 sacerdotio
3126 3270 3283 3323 simul
3329 3280 3383 3324 et
3408 3274 3657 3343 martyrio

2072 3355 2354 3411 decoratus
2383 3356 2500 3421 fuit,
2529 3358 2593 3412 ad
2623 3354 2953 3415 sacerdotem
2982 3361 3265 3431 quemdam
3297 3365 3543 3419 scribens
3576 3366 3653 3428 di-

2071 3449 2226 3504 cehat
2257 3468 2272 3505 :
2302 3450 2445 3505 Nihil
2471 3452 2585 3506 sine
2607 3462 2693 3507 tua
2722 3452 3244 3523 voluntategeratur,
3259 3471 3435 3526 neque
3455 3457 3583 3513 item
3608 3470 3655 3511 tu

2070 3539 2348 3608 quicquam
2379 3538 2581 3612 absque
2634 3541 2726 3598 Dei
2759 3543 2918 3598 [aetas
2947 3545 3240 3601 voluntate.
3292 3547 3444 3614 Quod
3504 3548 3656 3620 igitur

2070 3629 2377 3699 impositum
2406 3632 2623 3688 haberet
2656 3634 2999 3705 Evangelium
3030 3637 3286 3706 pontifex,
3313 3640 3524 3710 signum
3579 3652 3657 3695 est

2067 3735 2190 3775 eum
2220 3736 2340 3777 esse
2361 3723 2461 3778 sub
2492 3732 2754 3793 potestate
2779 3728 3149 3783 constitutum.
3182 3729 3474 3801 Pmpterea
3532 3732 3655 3789 dicit

2066 3809 2262 3865 Paulus
2285 3812 2350 3866 de
2379 3814 2605 3869 muliere
2633 3831 2751 3885 qua:
2779 3818 3018 3874 velamen
3052 3820 3301 3886 habebat,
3330 3821 3522 3878 Mulier
3554 3825 3644 3879 dc-

2068 3903 2155 3958 het
2183 3903 2380 3960 habere
2405 3910 2647 3963 velamen
2693 3924 2854 3979 super
2900 3922 3078 3983 caput,
3129 3914 3272 3985 quod
3317 3927 3433 3970 erat
3485 3918 3653 3989 imago

2064 4000 2341 4065 potestatis
2368 3998 2455 4070 (1.
2479 4000 2596 4055 Cor.
2630 4003 2720 4059 Η.
2743 4004 2852 4075 10).
2879 4006 3007 4060 Erat
3029 4007 3189 4077 igitur
3210 4009 3341 4064 tiara
3366 4011 3535 4081 ﬁgura
3566 4028 3652 4082 po-

2065 4090 2270 4145 testatis
2297 4106 2310 4142 :
2340 4101 2457 4145 erat
2476 4107 2635 4149 aurea
2665 4094 2880 4163 lamina,
2903 4098 2954 4151 in
2982 4113 3083 4167 qua
3112 4110 3231 4154 erat
3251 4110 3472 4156 exarata
3520 4105 3646 4159 scri-

2050 4190 2239 4252 ptura,
2268 4199 2386 4252 qua:
2415 4184 2507 4240 Dei
2530 4201 2724 4241 nomen
2753 4189 3104 4257 exprimebat,
3138 4205 3201 4245 ac
3252 4192 3490 4262 primum
3519 4196 3649 4250 indi.

2062 4281 2149 4327 cat
2169 4281 2482 4343 potestatem
2514 4291 2634 4333 esse
2665 4278 2757 4334 Dei
2808 4294 3000 4335 nomen
3033 4282 3143 4337 Dei.
3179 4283 3308 4338 Post
3358 4285 3550 4340 tiaram
3603 4300 3650 4341 et

2061 4369 2312 4425 laminam
2365 4372 2471 4428 duo
2500 4373 2704 4443 lapides
2756 4390 2916 4446 supra
2947 4377 3200 4434 humeros
3246 4390 3403 4435 erant
3442 4396 3650 4436 smara-

2062 4462 2229 4533 gdini,
2259 4479 2485 4534 quorum
2509 4467 2644 4521 alter
2670 4467 2794 4522 hinc
2818 4484 2912 4523 sex
2942 4470 3130 4532 tribus,
3165 4471 3391 4526 totidem
3419 4473 3560 4529 alter
3589 4490 3646 4529 ex

2060 4554 2225 4608 altera
2257 4564 2407 4624 parte
2436 4558 2762 4612 continebat.
2791 4559 3011 4630 Signum
3045 4576 3203 4627 porro
3232 4562 3335 4616 hoc
3361 4574 3444 4617 est
3473 4578 3649 4620 sacer-

2060 4644 2250 4700 dotalis
2283 4657 2531 4717 aspectus
2565 4668 2581 4704 :
2626 4651 2864 4706 attribuit
2899 4664 3076 4708 autem
3122 4655 3389 4710 sacerdoti
3439 4672 3647 4713 smara-

2059 4735 2241 4804 gdmn,
2273 4738 2357 4791 cui
2405 4737 2600 4808 duplex
2628 4738 2762 4795 inest
2796 4742 3130 4811 pulchritudo
3160 4762 3173 4797 :
3210 4745 3371 4802 habet
3412 4748 3560 4803 enim
3603 4761 3647 4803 et

2060 4825 2309 4881 decoram
2340 4828 2643 4885 virilitatem
2664 4841 2718 4886 et
2763 4834 3046 4901 puritatem
3105 4835 3272 4890 instar
3313 4839 3519 4907 speculi
3572 4856 3648 4893 ra.

2060 4916 2315 4972 diantem.
2339 4919 2598 4986 Quoniam
2627 4922 2786 4992 igitur
2802 4925 3134 4980 sacerdotem
3158 4927 3240 4996 pia
3265 4929 3647 4985 exercitatione

2058 5011 2294 5066 sobrium
2322 5026 2443 5069 esse
2472 5024 2702 5084 oportet,
2730 5026 2784 5071 et
2811 5018 2973 5072 vitam
3018 5034 3170 5073 suam
3198 5020 3355 5091 vulgo
3377 5030 3644 5093 tamquam

2059 5105 2332 5172 Speculum
2366 5105 2642 5172 exhibere,
2674 5108 3003 5163 sacerdotem
3048 5111 3157 5164 vult
3186 5110 3239 5164 in
3268 5111 3511 5167 humeris
3538 5114 3643 5167 vir-

2060 5194 2187 5248 tutis
2211 5194 2493 5265 imaginem
2516 5208 2744 5266 gestarc.
2773 5199 2951 5263 Quare
2977 5213 3105 5253 vero
3125 5199 3177 5253 in
3209 5200 3493 5257 humeris?
3517 5202 3642 5269 Quia

2060 5302 2252 5341 nomen
2278 5287 2371 5342 Dei
2387 5304 2544 5357 supra
2561 5297 2719 5358 caput
2746 5298 2880 5354 erat,
2900 5290 3155 5346 articulus
3170 5305 3331 5361 super
3341 5294 3639 5350 articulum.

2057 5378 2167 5434 Cur
2180 5390 2355 5434 autem
2377 5380 2429 5435 in
2454 5379 2725 5437 humeris?
2740 5381 2999 5449 Quoniam
3029 5384 3300 5439 actionum
3314 5394 3400 5440 est
3413 5387 3637 5458 signum.

2059 5470 2299 5526 Actionis
2339 5472 2480 5525 enim
2509 5475 2742 5543 potentia
2790 5475 2858 5528 ab
2889 5474 3128 5532 humeris
3178 5476 3472 5548 dependet.
3525 5480 3639 5534 Vult

2062 5562 2223 5633 igitur
2240 5563 2479 5619 veritatis
2504 5565 2952 5634 pulchritudinem
2993 5568 3047 5623 in
3088 5569 3390 5625 actionibus
3415 5572 3636 5625 enitere.

2058 5656 2343 5726 Propterea
2364 5656 2442 5711 sic
2468 5656 2759 5729 alloquitur
2776 5659 3063 5730 aliquando
3112 5660 3410 5717 Jerusalem
3468 5661 3636 5716 Domi-

2060 5763 2160 5803 nus
2186 5764 2200 5802 :
2226 5748 2371 5802 Pone
2392 5764 2479 5804 cor
2498 5759 2640 5805 tuum
2656 5767 2809 5823 super
2832 5752 3064 5807 humata:
3080 5762 3213 5823 tuos,
3235 5755 3347 5823 ﬁlia
3390 5756 3637 5824 despue,
