3720 6276
411 393 609 447 Δαυῖδ’
650 394 761 449 Kal
793 391 865 447 ἐν
897 392 1024 460 ταῖς
1067 397 1363 453 συνέσεσι
1400 398 1519 454 τῶν
1553 399 1767 470 χειρῶν
1804 401 1989 456 αὑτοῦ

414 486 734 553 ὡδήγησεν
758 486 999 551 αὐτούς.
1031 488 1140 540 Kal
1169 489 1201 559 ἡ
1237 488 1449 554 σύνεσις
1477 487 1586 563 ἄρα
1626 494 1684 545 ὲν
1715 495 1836 556 ταῖς
1866 506 1993 563 χερ-

417 578 502 632 σίν
539 578 721 641 ὲστινς
771 577 909 630 Ἀλλ’
943 579 1005 631 ὲν
1049 582 1172 644 ταῖς
1200 582 1449 637 συνέσεσι
1487 584 1635 652 λέγει
1678 584 1857 639 αὐτῶν
1884 585 1992 638 τῶν

416 670 690 742 πράξεων.
734 668 845 723 Kal
885 669 980 724 ἐπὶ
1020 670 1116 724 τοῦ
1159 671 1389 744 στήθους
1421 674 1728 746 ἐλάμϐανεν
1753 678 1782 729 6
1816 676 1993 747 ἱερεὺς

414 759 477 813 τὸ
530 762 737 829 λογεῖον
784 759 909 823 τοὺς
932 760 1162 816 δώδεκα
1210 763 1391 828 λίθους
1464 764 1992 837 ὲγκεκολαμμένους,

416 851 687 916 τουτέστι,
743 850 979 921 σάρδιον,
1021 852 1298 918 τοπάζιον,
1339 855 1671 926 σμάραγδον,
1721 856 1990 929 ἄνθρακα,

303 960 325 980 ι
420 943 743 1016 σάπφειρον,
799 944 1006 1011 ῐασπιν,
1058 946 1331 1015 ὑάκινθον,
1391 949 1619 1022 ἀχάτην,
1694 952 1990 1023 ἀμέθυσον,

418 1036 754 1107 χρυσόλιθον,
784 1035 1091 1108 βηρύλλιον,
1108 1037 1337 1110 όνύχιον.
1357 1040 1447 1095 Ἑν
1462 1045 1573 1107 τοῖς
1600 1042 1807 1098 δώδεκα
1826 1044 1993 1109 λίθοις

417 1130 626 1194 τούτοις
666 1124 980 1200 ἐμερίζοντο
1005 1131 1064 1184 αἱ
1095 1130 1301 1187 δώδεκα
1333 1134 1527 1203 φυλαί·
1574 1135 1709 1208 βαρὺ
1730 1137 1791 1190 τὸ
1820 1138 1989 1209 ῥῆμα.

420 1224 569 1277 Ἀνω
600 1224 692 1277 ἐπὶ
728 1222 838 1276 τῶν
882 1222 1051 1294 ὤμων
1094 1225 1192 1295 μία
1217 1221 1285 1298 ἦν
1320 1229 1353 1299 η
1384 1227 1494 1281 τῶν
1533 1228 1697 1282 λίθων
1732 1231 1893 1297 φύσις
1934 1230 1993 1283 ἒν

417 1316 591 1387 δνομα
622 1316 841 1387 εχουσα,
886 1315 979 1370 τὸν
1013 1317 1325 1393 σμάραγδον
1347 1336 1360 1348 ·
1404 1319 1497 1374 ἐπὶ
1537 1320 1594 1376 δὲ
1637 1320 1730 1375 τοῦ
1766 1322 1995 1393 στήθους

417 1408 571 1463 κάτω
597 1407 841 1478 διάφοροι
886 1409 936 1463 οἱ
966 1408 1126 1463 λίθοι.
1157 1409 1222 1462 Τί
1261 1390 1507 1480 βούλεται
1550 1412 1740 1479 τοῦτο;
1775 1390 1993 1485 Ἐπειδὴ

422 1499 521 1570 μία
548 1498 708 1568 φύσις
733 1499 881 1570 ἡμᾶς
907 1498 1186 1570 ἐγέννησε,
1216 1500 1462 1571 διάφοροι
1498 1501 1554 1556 δὲ
1590 1502 1806 1575 γνῶμαι
1847 1504 1996 1575 ἡμᾶς

422 1589 705 1660 ἐμέρισαν,
734 1588 799 1643 τὸ
843 1589 944 1660 μὲν
976 1589 1161 1644 δίδωσι
1184 1594 1250 1663 τῇ
1282 1592 1498 1665 γνώμη,
1528 1594 1590 1648 τὸ
1626 1594 1684 1648 δὲ
1710 1597 1776 1666 τῇ
1812 1595 1994 1664 φύσει.

418 1677 527 1735 Ἦν
571 1681 750 1735 τοίνυν
814 1681 949 1735 Θεοῦ
993 1682 1162 1754 ὄνομα
1200 1685 1233 1755 ἡ
1272 1684 1548 1757 πρακτικὴ
1589 1686 1784 1759 ἀρετὴ,
1837 1689 1870 1760 ἡ
1907 1687 1997 1743 διὰ

420 1774 578 1842 λόγου
609 1773 703 1826 καὶ
728 1770 988 1843 ἀληθείας
1021 1774 1354 1831 συνεστῶσα.
1392 1774 1504 1829 Kal
1531 1775 1637 1829 ὑπὸ
1665 1776 1725 1829 τὸ
1753 1778 1996 1849 κράσπε-

419 1862 509 1917 δον
537 1862 632 1916 τοῦ
668 1863 859 1933 ἱερέως
899 1862 960 1916 τὸ
998 1862 1289 1934 λεγόμενον
1322 1863 1501 1935 λῶμα,
1538 1866 1696 1935 ἄνθη,
1733 1868 1867 1939 pm,
1901 1868 1996 1922 καὶ

422 1955 629 2027 ροῖσκοι
662 1965 690 1995 ι
722 1956 933 2025 χρυσοῖ,
974 1954 1070 2008 καὶ
1111 1955 1375 2019 κώδωνες.
1413 1956 1478 2009 Τί
1526 1957 1777 2012 ἐϐούλετο
1818 1958 1996 2013 ταῦτα

420 2047 480 2100 ἐν
511 2044 589 2117 τῷ
612 2047 780 2117 ἱερεῖ;
819 2040 927 2117 ἄρα
954 2044 1086 2109 Θεὸς
1113 2044 1416 2100 ἀνεπαύετο
1445 2046 1652 2111 τούτοις
1683 2050 1797 2112 τοῖς
1838 2034 2021 2103 ἄνθε-’

422 2153 539 2203 σινς
569 2133 680 2209 ἄρα
719 2136 972 2190 ἐϐούλετο
1001 2137 1165 2208 γήϊνα
1189 2136 1323 2209 ἄνθη
1360 2132 1500 2192 εἶναι
1536 2140 1664 2209 περὶ
1685 2139 1776 2194 τὸν
1808 2140 1996 2211 Lepta;

435 2229 574 2284 Ἀλλ’
603 2231 662 2284 ὲν
691 2229 772 2300 τῷ
801 2230 1041 2301 σχήματι
1073 2229 1167 2283 τοῦ
1199 2230 1386 2302 ἱερέως
1414 2230 1728 2296 ἐξεικονίζει
1756 2231 1855 2295 τάς
1876 2234 2000 2303 ἀρε-

421 2324 543 2387 τάς.
564 2325 711 2377 ’Δνω
755 2323 848 2376 ἐπὶ
883 2322 985 2391 τῆς
1025 2321 1268 2393 κεφαλῆς
1318 2320 1490 2392 ὄνομα
1539 2320 1696 2386 Θεοῦ,
1755 2322 1849 2375 ἐπὶ
1899 2321 1996 2377 τοῦ

424 2413 652 2486 στήθους
676 2412 737 2468 τὸ
774 2412 980 2482 λογεῖον
1017 2411 1065 2476 b,
1097 2412 1166 2467 τά
1199 2412 1349 2465 κάτω
1376 2411 1510 2483 ἄνθη
1541 2412 1636 2466 καὶ
1675 2412 1898 2484 καρποὶ,
1927 2411 1998 2467 τά

420 2504 531 2559 τῶν
560 2504 769 2576 ἀρετῶν
797 2502 1217 2575 κατορθώματα,
1253 2502 1411 2557 ἄτινά
1448 2504 1594 2557 ἐστιν
1637 2502 1993 2575 ἐλεημοσύνη,

433 2596 767 2669 δικαιοσύνη,
799 2595 1197 2667 φιλανθρωπία.

494 2789 556 2836 ε’.
590 2782 681 2835 Δεῖ
710 2778 804 2835 οὖν
830 2781 976 2852 ἡμᾶς
1014 2780 1154 2851 ἔχειν
1181 2782 1276 2835 xal
1309 2781 1376 2835 τὰ
1406 2780 1669 2835 ἀνθοῦντα
1697 2778 1867 2850 κάλλη
1903 2778 2000 2834 καὶ

394 2896 397 2899 ·
425 2874 496 2930 τὰ
522 2874 947 2945 πεπληρωμένα.
974 2874 1143 2946 ’Λνθη
1187 2875 1245 2929 δέ
1290 2876 1428 2930 εἱσιν
1460 2875 1669 2948 ἱερέως,
1716 2875 1996 2945 συντυχία,

425 2967 632 3039 ὁμιλία,
660 2964 1065 3039 ἦὼςιάγαθὸν,
1097 2967 1256 3036 λόγος
1299 2968 1554 3041 χρηστὸς,
1605 2967 1806 3030 πίστις.
1849 2966 1999 3032 δόξα,

427 3061 674 3133 ἀλήθεια,
725 3060 1035 3133 δικαιοσύνη
1060 3077 1076 3093 ·
1112 3061 1208 3116 xal
1250 3061 1450 3132 μεταξὺ
1487 3060 1691 3117 τούτων
1738 3062 1787 3114 οἱ
1818 3059 2002 3115 κώδω-

427 3172 536 3220 νες,
569 3156 603 3224 ἡ
631 3152 918 3225 συμφωνία
946 3151 1053 3206 τῶν
1081 3151 1261 3206 καλῶν
1290 3152 1486 3224 ἔργων.
1514 3154 1670 3207 Πᾶσα
1689 3152 1802 3223 γὰρ
1829 3152 2000 3224 ἀρετὴ

425 3242 558 3320 ἦχον
602 3244 873 3303 ἀποτελεῖ,
918 3245 1009 3298 Διὸ
1041 3244 1189 3313 λέγει
1240 3243 1484 3309 Παῦλοςο
1530 3244 1655 3313 Ἀφ’
1697 3244 1864 3320 ὑμῶν
1892 3244 2002 3314 γὰρ

426 3337 715 3407 ἐξήχηται
751 3338 784 3389 ὁ
831 3338 1014 3404 λόγος
1064 3334 1171 3389 τοῦ
1224 3334 1388 3389 Θεοῦ.
1438 3333 1608 3388 Πόθεν
1652 3333 1707 3388 δὲ
1742 3329 1945 3403 ἤρξατο
1973 3333 2002 3386 6

426 3425 597 3499 ἧχοςς
640 3428 747 3481 Καὶ
804 3428 1050 3497 περιῄει,
1103 3426 1289 3495 φησὶν,
1339 3429 1371 3479 ό
1421 3426 1652 3493 Ἰησοῦς
1702 3425 2005 3481 διδάσκων

429 3517 638 3573 πᾶσαν
673 3521 874 3578 πόλιν.
910 3517 1008 3570 καὶ
1036 3515 1243 3570 πᾶσαν
1283 3516 1507 3585 κώμην,
1542 3516 1638 3571 καὶ
1664 3518 2005 3586 θεραπεύων

430 3604 642 3660 πᾶσαν
665 3604 874 3667 νόσον,
902 3602 1003 3657 καὶ
1041 3600 1249 3657 πᾶσαν
1266 3602 1595 3671 μαλακίαν.
1639 3603 1750 3657 Kal
1781 3601 2003 3673 ἐξῆλθεν

430 3690 564 3763 ἦχος
596 3693 722 3763 περὶ
750 3690 915 3745 αὐτοῦ
948 3694 1028 3755 εἱς
1058 3694 1237 3745 πᾶσαν
1264 3692 1361 3762 τὴν
1393 3692 1518 3761 γῆν.
1565 3692 1804 3765 Πρόσεχε
1843 3696 2004 3765 ἀκρι-

433 3784 563 3847 ϐῶς·
600 3778 753 3846 Εἶδες
781 3780 889 3834 τῶν
917 3781 1127 3852 ἀρετῶν
1151 3781 1241 3834 τὸν
1263 3781 1495 3853 κόσμον;
1513 3783 1745 3846 Ἐκεῖνος
1774 3786 1802 3837 6
1827 3786 2006 3856 ἱερεὺς

432 3872 667 3945 Χριστοῦ
697 3868 763 3945 ἦν
779 3870 968 3936 τύπος.
994 3872 1108 3926 υὺκ
1132 3869 1535 3944 ἀλληγοροῦμεν
1568 3872 1817 3941 ἐνταῦθα,
1847 3876 1897 3928 εἱ
1930 3877 2005 3948 μὴ

433 3964 688 4036 ἀφορμὰς
721 3963 986 4036 ἐλάϐομεν
1012 3963 1164 4034 παρά
1198 3962 1431 4018 Παύλου.
1468 3963 1531 4016 El
1563 3965 1637 4036 μὴ
1677 3965 1884 4031 Παῦλος
1908 3969 2007 4042 ὴρ-

436 4054 672 4126 μήνευσε
695 4053 795 4125 τὴν
833 4053 1061 4123 δύναμιν
1102 4052 1198 4123 τῆς
1238 4052 1604 4125 δικαιοσύνης,
1637 4057 1797 4125 ἡμεῖς
1830 4056 2004 4111 ταῦτα

437 4142 632 4215 μαθεῖν
659 4143 760 4196 οὑκ
793 4142 1126 4213 ἠδυνάμεθα.
1160 4142 1258 4197 Διά
1283 4143 1439 4197 τοῦτο
1473 4147 1615 4199 ποιεῖ
1651 4145 1863 4211 Παῦλος
1911 4148 2005 4202 τὸν

435 4234 585 4306 ἱερέα
637 4236 843 4288 ἐκεῖνον
884 4232 1053 4287 τύπον
1090 4233 1186 4288 τοῦ
1232 4235 1494 4305 Χριστοῦ.
1539 4235 1634 4291 καὶ
1691 4236 1879 4306 λέγει’
1922 4239 2005 4293 οὐ

433 4324 544 4394 γὰρ
584 4325 671 4388 εις
704 4323 1087 4392 χειροποίητα
1139 4323 1277 4393 ἅγια
1322 4325 1612 4391 εἰσῆλθεν
1658 4330 1691 4380 ό
1725 4328 2001 4395 Χριστὸς,

434 4417 727 4470 ἀντίτυπα
756 4413 874 4468 τῶν
915 4414 1239 4480 ἀληθινῶν,
1271 4416 1409 4469 ἀλλ’
1438 4419 1524 4482 εις
1548 4417 1737 4472 αὐτὸν
1772 4420 1879 4474 τὸν
1905 4422 2006 4475 oi:-

428 4506 641 4577 ρανὸν,
669 4504 1108 4574 ἐμφανισθῆναι
1130 4506 1208 4572 τῷ
1236 4507 1532 4575 προσώπῳ
1550 4509 1654 4563 τοῦ
1678 4510 1824 4564 Θεοῦ
1856 4511 2005 4580 ὑπὲρ

436 4596 625 4667 ἡμῶν.
653 4594 847 4660 Στάσις
874 4592 967 4651 οὖν
997 4592 1066 4669 ἦν
1096 4598 1152 4650 ὲν
1175 4600 1287 4661 τοῖς
1315 4598 1435 4651 τότε
1471 4599 1761 4665 Ἰουδαίοις,
1793 4602 1888 4655 καὶ
1910 4599 2007 4673 ξή-

434 4706 585 4761 τημα
619 4688 786 4756 ξένον.
825 4687 1039 4759 Ἐπειδὴ
1073 4687 1180 4761 γὰρ
1210 4690 1258 4742 οἱ
1289 4689 1573 4743 ἀπόστολοι
1598 4692 1893 4763 ἐκήρυττον
1916 4694 2006 4747 τὸν

432 4783 687 4854 Σωτῆρα,
736 4781 832 4837 καὶ
889 4780 1134 4851 βασιλέα,
1184 4782 1277 4836 καὶ
1329 4783 1497 4854 ἱερέα,
1545 4784 1638 4837 καὶ
1696 4786 2003 4858 προφήτην,

434 4873 703 4943 ἐμάχοντο
754 4874 806 4926 οἱ
844 4871 1105 4934 Ἰουδαῖοι,
1147 4874 1241 4927 καὶ
1289 4872 1473 4942 ἔλεγον
1514 4874 1588 4928 τά
1630 4874 1773 4928 κατά
1818 4874 2001 4946 νόμον.

438 4963 630 5032 Ἀλλη,
665 4964 818 5033 φησὶ,
856 4964 997 5035 φυλὴ
1047 4964 1342 5035 βασιλείας,
1385 4966 1478 5019 καὶ
1514 4966 1647 5037 ἄλλη
1686 4966 2003 5039 ἱερωσύνης.

449 5052 516 5105 Ἦ
547 5052 806 5124 Λευῖτικὴ
860 5053 1021 5126 φυλὴ,
1076 5054 1395 5126 ἱερωσύνης,
1435 5056 1469 5126 ἡ
1514 5056 1570 5110 δὲ
1608 5056 1798 5121 Ἰούδα,
1854 5057 2006 5127 βασι-

436 5140 609 5207 λείας,
633 5143 816 5213 φησίν.
856 5144 919 5196 Εἰ
950 5138 1043 5197 οῦν
1070 5146 1099 5197 6
1128 5146 1360 5216 Χριστὸς
1398 5146 1647 5215 βασιλεύς
1676 5149 1841 5213 εστιν,
1880 5148 2007 5201 οὑκ-

432 5227 514 5288 έτι
542 5232 691 5306 [ΗΞ]
731 5234 909 5305 ἱερεύς
929 5251 943 5264 ·
975 5237 1024 5289 εἱ
1052 5235 1110 5290 δὲ
1136 5236 1332 5307 ἱερεὺς,
1357 5238 1540 5292 οὐκέτι
1562 5239 1833 5308 βασιλεύς.
1862 5240 2008 5294 Παῦ-

434 5327 527 5391 λος
588 5327 913 5397 μαχόμενος,
972 5328 1067 5381 xal
1120 5329 1255 5399 πρὸς
1316 5330 1414 5401 τὴν
1474 5331 1696 5386 ἐκείνων
1751 5332 2006 5388 ὑπόνοιαν

495 5606 522 5636 ⁸
550 5606 656 5655 Dm)
681 5606 794 5666 ἄνθη
831 5609 973 5673 ῥοιᾶς,
1002 5609 1082 5657 καὶ
1108 5609 1307 5719 gotum.

498 5667 527 5706 1)
568 5667 693 5716 'l‘res
731 5681 845 5717 mss.
886 5670 1082 5719 στήθους
1132 5672 1266 5719 .όγο;.

498 5667 527 5740 ξ»
568 5667 845 5740 Τι-εεμιιεεζ
886 5670 1082 5728 στήθους
1110 5667 1266 5733 λόγος.
1311 5672 1410 5722 Sed
1447 5673 1584 5724 locus
1609 5675 1658 5724 in
1686 5674 1833 5725 editis
1873 5673 2005 5724 bene

435 5727 621 5779 habere
645 5729 857 5780 videtur.

1894 284 1897 293 “
1927 283 2204 346 INCERTI

2099 399 2354 471 ἁρμόζων
2401 399 2493 454 τδν
2539 400 2718 471 λόγον,
2750 404 2918 474 φησί’
2954 403 3041 475 Μὴ
3083 404 3188 476 γάρ
3217 405 3485 476 κατὰκτὴν
3511 410 3652 477 τάξιν

2095 492 2194 561 τῆς
2229 491 2496 563 ὑμετέρας
2525 493 2820 566 ἱερωσύνης
2846 495 3044 567 ἀνέστη
3072 498 3338 567 Χριστόςς
3370 499 3508 569 Παρ*
3529 502 3652 571 ὑμῖν

2095 580 2347 651 διῄρηται
2377 580 2622 650 βασιλεία
2652 584 2746 636 καὶ
2789 584 3088 655 ἱερωσύνη*
3126 587 3184 640 ἰν
3225 586 3284 640 δὲ
3320 588 3400 657 τῷ
3442 590 3657 660 Χριστῷ

2098 668 2387 739 συνῆπται.
2434 670 2519 724 Σὺ
2557 670 2667 743 γὰρ
2715 672 2939 741 ἱερεὺς,
2980 673 3171 745 φησὶν.
3218 678 3307 742 εις
3334 676 3442 731 τὸν
3484 679 3657 733 αἰῶνα

2096 759 2245 812 κατὰ
2277 759 2393 829 τὴν
2416 760 2591 827 τάξιν
2617 763 3012 832 Μελχισεδέκ.
3044 764 3148 819 Διά
3166 764 3324 820 τοῦτο
3351 766 3653 837 συλλογίζε-

2094 867 2207 916 ται,
2239 850 2332 904 καὶ
2356 850 2539 921 λέγει’
2582 853 2633 906 εἱ
2662 853 2769 924 γὰρ
2803 855 2836 925 ἡ
2866 853 3056 927 πρώτη
3098 857 3363 929 ἱερωσύνη
3392 854 3463 929 ἧν
3492 861 3656 929 ἄμεμ-

2096 956 2251 1004 πτος,
2275 940 2359 1005 τίς
2382 940 2537 1013 χρεία
2564 941 2820 1013 λεχθῆναι
2848 944 2989 998 κατά
3018 946 3118 1016 τὴν
3147 946 3299 1013 τάξιν
3336 947 3655 1017 Μελχισεδὲκ

2094 1032 2417 1086 ἀνίστασθαι
2464 1033 2638 1103 ἱερέα,
2686 1035 2783 1090 καὶ
2823 1036 2882 1088 οὑ
2925 1035 3067 1090 κατὰ
3100 1036 3198 1109 τὴν
3239 1038 3394 1104 τάξιν
3429 1040 3653 1110 ’Δαρὼνς

2097 1124 2566 1194 Μετατιθεμένης
2616 1124 2729 1195 γὰρ
2773 1123 2881 1194 τῆς
2910 1128 3257 1195 ἱερωσύνης,
3298 1128 3369 1192 ἐξ
3398 1129 3654 1201 ἀνάγκης

2097 1217 2196 1270 καὶ
2226 1219 2417 1286 νόμου
2445 1216 2763 1286 μετάθεσις
2803 1219 3049 1287 γίνεται.
3080 1221 3393 1291 ’Δρχιερεὺς
3426 1224 3606 1276 τοίνυν
3632 1226 3655 1276 ό

2098 1306 2290 1377 Σωτὴρ
2319 1307 2498 1377 ἡμῶν,
2529 1308 2590 1361 οὑ
2619 1308 2760 1362 κατὰ
2800 1309 2893 1361 τὸν
2926 1310 3025 1379 τῆς
3051 1308 3300 1380 θεότητος
3324 1311 3508 1380 λόγον,
3537 1314 3656 1367 ἀλλὰ

2097 1398 2241 1451 κατά
2273 1398 2365 1451 τὸν
2397 1396 2498 1468 τῆς
2535 1398 2734 1468 σαρκὸς
2769 1397 2960 1453 τύπονο
2987 1400 3100 1454 ἄνω
3130 1400 3414 1473 σύνθρονος
3438 1401 3576 1457 Θεοῦ
3599 1405 3657 1456 δι’

2096 1490 2266 1560 ἡμᾶς,
2313 1490 2410 1543 καὶ
2444 1491 2736 1561 ἀρχιερεὺς
2777 1490 2918 1544 κατὰ.
2969 1491 3069 1562 τὴν
3111 1491 3263 1556 τάξιν
3310 1493 3654 1564 Μελχισεδέκ.

2098 1580 2235 1651 Περὶ
2257 1572 2319 1633 οὑ
2349 1580 2516 1644 πολὺς
2551 1583 2581 1634 6
2604 1580 2781 1649 λόγος,
2814 1581 2930 1635 ἀλλ’
2956 1583 3021 1636 οὑ
3047 1580 3145 1635 τοῦ
3174 1583 3464 1653 παρόντος.
3502 1586 3658 1657 Πρόσ-

2098 1689 2212 1742 εχε,
2254 1671 2589 1745 παρακαλῶ*
2627 1668 2736 1726 Ἦν
2789 1674 2848 1728 ὲν
2887 1674 2966 1745 τῷ
3017 1675 3169 1749 νόμῳ
3221 1678 3655 1749 ὁλοκαυτώματα,

2099 1764 2261 1818 θυσία
2304 1764 2431 1835 περὶ
2468 1765 2769 1837 ἁμαρτίας,
2816 1768 3131 1839 προσφοράκ
3186 1768 3355 1823 ἐλθὼν
3399 1770 3431 1823 6
3486 1770 3656 1839 Σωτὴρ

2100 1857 2263 1909 παύει
2291 1855 2391 1919 τὰς
2418 1856 2657 1920 τυπικάς
2691 1857 3029 1930 προσφορὰς,
3056 1861 3153 1913 καὶ
3185 1864 3329 1914 ποιεῖ
3346 1860 3406 1913 τὸ
3438 1860 3658 1925 αῶματὸ

2100 1947 2229 2001 ῖδιον
2266 1948 2387 2002 ἀντὶ
2417 1947 2597 2019 πάσης
2626 1948 2835 2013 θυσίας.
2862 1949 3027 2019 Λέγει
3049 1949 3256 2015 Παῦλος
3284 1952 3533 2021 περὶτοῦ
3564 1952 3657 2003 Σω-

2098 2040 2263 2111 τῆρος
2283 2058 2296 2072 ο
2330 2040 2430 2096 Διὸ
2482 2042 2899 2112 εἰσερχόμενος
2938 2044 3025 2108 εἱς
3071 2041 3178 2096 τόν
3210 2043 3445 2111 κόσμον
3475 2043 3653 2110 λέγει·

2102 2133 2334 2187 Θυσίαν
2365 2130 2466 2186 καί
2492 2132 2847 2203 προσφορὰν
2872 2133 2982 2187 οὐκ
3017 2132 3322 2202 ἠθέλησας
3346 2148 3360 2161 ’
3402 2132 3579 2203 σῶμα
3602 2134 3657 2186 δὲ

2099 2225 2433 2293 κατηρτίσω
2474 2240 2607 2294 μοι’
2659 2224 3119 2294 ὁλοκαυτώματα
3164 2225 3264 2278 καὶ
3320 2225 3459 2292 περὶ
3494 2227 3653 2295 ἁμαρ

2098 2315 2230 2381 τίας
2261 2316 2373 2369 οὐκ
2419 2314 2760 2384 εὐδόκησας
2789 2327 2811 2356 ο
2834 2332 2848 2347 ⁸
2900 2318 3032 2371 τότε
3073 2312 3275 2371 εἱπον·
3316 2316 3470 2371 Ἰδοὺ
3514 2317 3649 2385 ἧκαν

2097 2407 2167 2461 ἐν
2193 2406 2469 2476 κεφαλίδι
2495 2408 2740 2472 βιϐλίου
2764 2408 3081 2480 τέτραπται
3110 2409 3243 2477 περὶ
3270 2409 3440 2478 ἐμοῦ.
3488 2409 3651 2464 Εἰπὸν

2098 2499 2197 2570 τὴν
2238 2498 2569 2570 προφητείαν
2615 2499 2847 2565 Παῦλος,
2904 2500 2999 2554 καὶ
3036 2500 3295 2572 εἱρηκὼς,
3342 2504 3430 2556 ὅτι
3474 2503 3652 2556 Θυσίαν

2100 2592 2194 2645 καὶ
2240 2591 2557 2663 προσφορὰν
2594 2593 2689 2645 καὶ
2740 2593 2869 2664 περὶ
2904 2592 3177 2662 ἁμαρτίας
3225 2594 3324 2646 οὑκ
3380 2593 3653 2664 ἠθέλησας.

2096 2681 2219 2734 τότε
2249 2677 2420 2747 εἷπον,
2453 2680 2583 2735 Ἰδοὺ
2610 2682 2749 2752 ἥκω,
2777 2683 2987 2754 ἀναιρεῖ
3013 2682 3075 2735 τὸ
3102 2682 3334 2753 πρῶτον,
3360 2682 3449 2736 ἵνα
3471 2684 3533 2737 τὸ

2099 2790 2256 2846 τερον
2281 2775 2475 2847 στήσῃ.
2507 2773 2618 2827 Kal
2647 2773 2750 2827 ποῦ
2779 2775 2814 2845 ἡ
2843 2773 3002 2827 θυσία
3028 2774 3121 2829 καὶ
3145 2776 3178 2845 ἡ
3212 2778 3501 2848 προσφορά
3535 2778 3654 2846 56p!-

2104 2880 2291 2918 σκεται
2328 2863 2386 2917 ὲν
2435 2861 2516 2933 τῷ
2566 2862 2779 2934 σώματι
2826 2862 2919 2916 τοῦ
2954 2862 3228 2935 Χριστοῦς
3277 2860 3483 2929 Καθὼς
3528 2865 3653 2933 λέγει

2100 2956 2130 3009 6
2165 2953 2462 3017 ἀπόστολος
2516 2953 2756 3017 Παῦλοςο
2823 2953 3156 3023 Παρακαλῶ
3188 2953 3361 3024 ὑμᾶς,
3397 2956 3653 3025 ἀδελφοὶ.

2101 3046 2202 3102 διὰ
2225 3045 2344 3101 τῶν
2373 3046 2691 3117 οἰκτιρμῶν
2719 3046 2825 3101 τοῦ
2872 3047 3042 3112 Θεοῦ,
3066 3047 3147 3113 ὡς
3170 3046 3347 3101 τέκνα
3376 3048 3653 3117 ἀγαπητὰ.

2103 3137 2473 3207 περιπατεῖτε
2500 3139 2569 3192 ὲν
2595 3136 2818 3207 ἀγάπῃ,
2850 3136 3043 3205 καθὼς
3070 3137 3168 3191 καὶ
3201 3139 3234 3192 ὁ
3256 3139 3514 3206 Χριστὸς
3532 3139 3654 3207 ἠτά-

2104 3243 2305 3296 πησεν
2331 3226 2512 3296 ἡμᾶς,
2558 3226 2657 3280 καί
2688 3224 3031 3294 παρέδωκεν
3061 3225 3277 3280 ἑαυτὸν
3312 3227 3474 3296 ’ὑπὲρ
3514 3226 3656 3296 ἡμῶν

2105 3321 2327 3375 θυσίαν
2373 3319 2471 3373 καὶ
2520 3319 2874 3387 προσφορὰν
2916 3317 2998 3383 τῷ
3043 3316 3193 3385 Θεῷ,
3224 3320 3311 3385 είς
3338 3319 3547 3388 ὀσμὴν
3576 3322 3654 3373 εἰς·

2106 3411 2303 3478 ωδίας.
2328 3410 2427 3465 Διά
2467 3411 2526 3466 σὲ
2557 3410 2866 3482 ἀρχιερεὺς,
2896 3410 2960 3464 δι’
2991 3410 3179 3464 ἑαυτὸν
3208 3411 3358 3476 Θεός.
3387 3413 3483 3483 Μὴ
3512 3413 3656 3483 μετά-

2108 3500 2268 3554 ϐαλλε
2301 3502 2523 3575 ῥήματα
2560 3500 2695 3554 Θεοῦ
2731 3500 2952 3565 ζῶντος.
2990 3501 3084 3566 Εἰς
3122 3502 3340 3575 Πατέρα
3388 3506 3486 3558 καὶ
3532 3505 3654 3559 Υῐὸν.

2107 3594 2199 3648 καὶ
2229 3593 2381 3664 ἅγιον
2418 3593 2640 3665 Πνεῦμα
2683 3592 3051 3664 ὲϐαπτίσθης·
3100 3593 3153 3646 τί
3196 3595 3440 3667 ἀναιρεῖς
3470 3596 3537 3649 τὰ
3563 3596 3654 3647 ὄνά-

2111 3706 2255 3761 ματα
2282 3688 2349 3743 τὰ
2374 3688 2571 3756 ζῶντα,
2598 3688 2690 3743 καὶ
2715 3688 2955 3756 είσάγεις
2982 3687 3242 3759 ὀνόματα,
3263 3689 3544 3761 λογισμῶν
3558 3708 3656 3758 γεν-

2106 3783 2343 3852 νήματα,
2367 3780 2561 3849 λέγων,
2586 3779 2906 3851 Ἀγέννητος
2930 3779 3024 3832 καὶ
3045 3781 3317 3851 γεννητὸς.
3340 3781 3558 3845 κτιστὸς
3582 3782 3656 3834 καὶ

2106 3875 2379 3941 ἄκτιστος,
2406 3872 2482 3928 ὣν
2520 3873 2608 3926 ἀεὶ
2651 3872 2747 3925 καὶ
2780 3871 2855 3943 μὴ
2901 3872 2977 3926 ὢν
3021 3872 3145 3935 ἀεί;
3179 3872 3397 3926 Τούτων
3423 3874 3654 3944 ἀνέχεται

2107 3965 2241 4030 Θεὸς
2259 3966 2367 4019 τῶν
2387 3964 2631 4036 ματαίων
2658 3963 2953 4035 ρημάτωνς
2981 3966 3078 4017 Ἓν
3105 3964 3256 4036 ῥῆμα
3283 3965 3369 4019 ἱνα
3400 3966 3655 4037 μεταϐάλῃ

2108 4046 2394 4130 προφήτης
2423 4055 2574 4122 ποτὲ,
2608 4054 2979 4109 ἐκινδύνευσεν
3009 4054 3334 4109 ἀπολέσθαι·
3376 4056 3473 4111 καὶ
3517 4057 3653 4126 βλέπε

2109 4147 2353 4218 ῥήματος
2391 4144 2589 4215 μικροῦ
2624 4144 3008 4216 ἀκριϐολογίαν
3026 4162 3038 4176 ·
3064 4144 3145 4198 Ta
3167 4147 3386 4217 ῥήματα
3415 4147 3525 4201 τῶν
3548 4162 3653 4216 xpo-

2110 4236 2295 4310 φητῶν
2338 4252 2481 4299 τινες
2516 4234 2744 4288 ἐκάλουν
2779 4234 2883 4288 ὑπὸ
2921 4235 3195 4305 ἀπειρίας,
3230 4235 3420 4307 λῆμμα
3449 4237 3649 4307 Κυρίου.

2107 4329 2271 4397 Λέγει
2320 4329 2349 4381 6
2389 4325 2520 4389 Θεὸς
2570 4325 2658 4378 διὰ
2699 4324 2988 4397 Ἰερεμίου·
3030 4326 3164 4379 Ἐὰν
3205 4326 3479 4395 ἐρωτήσῃ
3525 4344 3595 4380 σε
3628 4328 3652 4376 ό

2107 4417 2275 4483 λαὸς,
2312 4418 2351 4485 ἢ
2377 4418 2409 4469 ό
2434 4414 2645 4483 ἱερεὺς,
2680 4416 2718 4483 ἢ
2751 4417 2784 4469 ό
2814 4416 3143 4484 προφήτης,
3175 4416 3273 4469 καὶ
3297 4417 3436 4484 eum
3465 4433 3579 4479 σοι,
3608 4416 3654 4468 Τι’

2107 4508 2175 4562 τό
2211 4506 2453 4576 λῆμμα;
2509 4506 2640 4560 είπὲ
2692 4506 2915 4571 αὐτοῖς,
2956 4505 3042 4559 ὅτι
3082 4506 3152 4561 Τὸ
3201 4505 3409 4576 λῆμμα
3457 4509 3654 4574 Κυρίου

2106 4598 2278 4668 ὑμεῖς
2304 4598 2462 4653 ἐστε.
2492 4597 2770 4667 Λήψομαι
2796 4596 2907 4668 γὰρ
2935 4596 3091 4666 ὑμᾶς
3118 4596 3343 4667 λῆμμα,
3375 4598 3477 4651 καί
3512 4599 3655 4667 ῥάξω

2111 4690 2283 4761 ὑμᾶς,
2306 4692 2407 4746 ἵνα
2445 4691 2531 4761 μὴ
2570 4690 2785 4759 λέγητε
2833 4688 3060 4759 λῆμμα.
3090 4690 3183 4745 Ἓν
3209 4691 3359 4761 ῥῆμα
3388 4691 3477 4742 ἶνα
3515 4707 3655 4760 μετα·

2040 4782 2050 4791 ”
2108 4783 2330 4854 ποιηθῇ,
2359 4781 2572 4837 ἀπειλεῖ
2601 4782 2629 4834 ὁ
2651 4780 2782 4843 Θεός
2809 4795 2822 4811 ’
2863 4780 2955 4833 καὶ
2986 4779 3050 4832 σὺ
3085 4777 3371 4851 ὁλόκληρον
3392 4780 3653 4850 δογμάτων

2110 4874 2264 4948 [415]
2301 4873 2587 4946 ἀκρίϐειαν
2627 4870 2992 4943 διαστρέφεις,
3048 4870 3257 4943 Πατρὺς
3292 4872 3464 4942 ὄνομα
3501 4888 3653 4941 παραυ

2106 4967 2474 5041 γραφόμενος,
2544 4963 2676 5019 Υἱοῦ
2741 4963 2897 5031 ἀξίαν
2960 4963 3310 5034 ἀρνούμενος,
3362 4963 3650 5033 Πνεύματιις

2113 5060 2271 5129 ἀγίου
2309 5058 2465 5122 δόξαν
2510 5055 2751 5122 aena»;
2782 5050 2928 5128 ’Λρα
2964 5052 3224 5125 διαφεύξῃ
3254 5053 3351 5116 τὰς
3391 5053 3487 5107 τοῦ
3541 5049 3649 5105 Θειῦ

2108 5154 2326 5222 χεῖρας;
2379 5150 2527 5222 Βαρὺ
2572 5149 2668 5202 xal
2708 5146 2935 5218 φοϐερὸν
2979 5142 3295 5216 διαστρέψαι
3341 5142 3500 5212 λόγον
3540 5140 3648 5194 Θεοῦ

2110 5243 2328 5308 ζῶντος,
2369 5240 2576 5313 Κυρίου
2612 5238 2709 5293 τοῦ
2750 5236 2885 5291 Θεοῦ
2918 5235 3094 5307 ἡμῶν.
3132 5234 3321 5301 Λόγων
3356 5234 3648 5304 διαστρεφο-

2113 5338 2288 5411 μένων
2331 5335 2629 5403 ἀγανακτεῖ
2670 5331 2828 5394 Θεός·
2884 5328 3166 5399 δογμάτων
3204 5326 3679 5397 διαστρεφομένων

2104 5410 2209 5486 οὑκ
2241 5429 2568 5498 ἀγανακτεῖς
2613 5424 2704 5493 Μὴ
2737 5420 3039 5490 σοφώτερος
3067 5414 3119 5471 εἴ
3142 5416 3237 5470 τοῦ
3278 5418 3553 5488 Σωτῆροςς
3592 5410 3649 5483 μὴ
3676 5458 3677 5461 η

2109 5519 2497 5593 ἀκριϐέστερος
2544 5511 2596 5568 εἱ
2629 5512 2723 5567 τοῦ
2766 5509 3124 5580 Εὑαγγελίου;
3173 5506 3445 5579 Φοϐήθητι
3506 5507 3677 5577 κρίμα1

2174 5735 2198 5764 ε
2245 5732 2369 5782 Tres
2389 5743 2505 5779 mss.
2536 5728 2624 5776 οὐκ
2649 5726 2894 5782 ἐζήτησας.

3322 5820 3359 5835 ..δ
