3704 6274
18 303 119 361 ωε

14 422 255 493 naniam
289 419 477 475 creavit
506 415 753 475 Dandum
780 415 992 473 salutem
1020 415 1170 482 (Jer.
1190 417 1280 473 5|.
1307 415 1372 469 21
1403 415 1442 485 ).
1490 412 1601 468 Ila-

1163 295 1445 358 IIOMILIA
1486 295 1577 354 DE
1612 293 2108 356 LEGISLATORE.

3194 312 3296 365 406

1711 410 1957 467 Christus
1998 412 2291 469 secundum
2341 415 2627 471 sacerdotii
2673 419 2832 473 vestri
2885 420 3127 477 ordinem
3179 437 3296 477 sar-

18 529 116 569 nus
132 522 195 568 et
221 512 479 567 humeros
506 525 602 580 pro
629 509 927 564 actionibus
968 507 1160 577 accipit
1202 506 1497 574 Scriptura,
1543 511 1604 559 ut
1706 502 1885 558 rexit?
1934 504 2090 573 Apud
2142 518 2238 560 vos
2291 505 2505 575 quidem
2554 523 2775 578 regnum
2832 520 2887 566 et
2932 513 3291 568 sacerdotium

14 620 132 661 cum
153 604 223 659 de
243 602 439 659 Davide
463 602 608 667 dicit,
634 599 698 654 Et
718 602 769 655 in
787 600 1111 656 intellectibus
1139 613 1377 653 ntanuum
1395 612 1602 651 suarum

16 696 228 750 deduxit
260 711 348 749 eos
372 692 507 766 (Ps.
534 694 622 747 77.
651 693 772 763 72).
805 692 1069 762 Numquid
1120 692 1171 746 in
1228 691 1475 745 manibus
1517 698 1601 745 est

15 788 315 843 intellectus
340 786 489 842 ?Sed
521 787 573 841 in
620 785 973 841 intellectibus
992 784 1122 840 dicit
1163 784 1397 853 ipsarum
1432 782 1599 836 actio-

15 894 156 933 num.
186 878 255 933 Et
285 879 334 932 in
379 887 594 947 pectore
618 877 912 945 accipiebat
943 876 1192 933 sacerdos
1211 876 1508 939 oraculum,
1540 875 1593 928 in

14 985 113 1040 quo
131 969 416 1025 duodecim
434 978 587 1025 erant
607 968 808 1040 lapides
833 968 1100 1037 insculpti,
1123 966 1224 1021 hoc
1238 976 1340 1034 est,
1364 966 1592 1033 sardius,

14 1061 274 1130 topazius,
298 1060 623 1130 smaragdus,
657 1058 1036 1125 carbunculus,
1072 1057 1372 1127 sapphirus,
1396 1056 1587 1127 jaspis,

13 1150 351 1221 hyacinthus,
388 1150 628 1215 achates,
659 1148 1015 1219 amethystus,
1055 1146 1438 1218 chrysolitbus,
1491 1147 1592 1204 be-

13 1241 193 1310 ryllus,
241 1240 561 1312 onychinus.
590 1238 648 1295 ln
675 1239 957 1295 duodecim
1010 1238 1274 1308 lapidibus
1309 1238 1591 1294 duodecim

13 1332 177 1386 tribus
202 1330 579 1386 dividebantur
607 1348 621 1385 :
653 1345 812 1401 grave
836 1330 1055 1385 dictum.
1099 1330 1271 1401 Supra
1295 1330 1510 1400 quidem
1535 1331 1588 1385 in

13 1424 246 1479 humeris
274 1439 377 1479 una
399 1423 630 1493 lapidum
653 1434 771 1479 erat
794 1432 981 1478 natura
999 1437 1105 1477 uno
1115 1422 1390 1493 designata
1414 1425 1588 1478 nomi-

13 1530 89 1581 ne,
121 1513 470 1584 smaragdos;
502 1513 554 1568 in
572 1524 786 1584 pectore
804 1522 984 1569 autem
1015 1512 1151 1567 infra
1182 1513 1383 1584 lapides
1410 1514 1588 1570 diver-

13 1608 67 1661 si.
96 1606 237 1675 Quid
267 1606 370 1660 hoc
383 1605 484 1660 sibi
515 1605 663 1659 vult?
682 1604 1106 1676 quandoquidem
1135 1619 1240 1659 una
1275 1619 1373 1660 nos
1400 1617 1585 1661 natura

13 1698 330 1768 procreavit,
350 1698 561 1753 diversa
585 1710 715 1753 vero
737 1710 834 1751 nos
863 1695 1083 1751 consilia
1115 1703 1171 1751 et
1190 1696 1472 1766 opiniones
1499 1695 1583 1751 di-

13 1790 265 1855 viserunt,
293 1787 398 1844 hoc
421 1786 635 1858 quidem
660 1787 895 1857 opinioni
928 1787 1132 1854 tribuit,
1157 1786 1285 1842 illud
1316 1802 1447 1843 vero
1485 1802 1587 1842 na-

13 1891 154 1935 turze.
177 1880 311 1935 Erat
352 1878 513 1949 igitur
534 1877 625 1932 Dei
649 1892 843 1933 nomen
869 1877 1035 1932 virtus
1062 1876 1113 1932 in
1142 1877 1353 1933 actione
1389 1876 1581 1945 posita,

13 1986 115 2040 quae
137 1985 235 2041 per
261 1970 519 2025 rationem
548 1982 611 2023 ac
639 1968 919 2023 veritatem
942 1967 1203 2022 subsistit.
1235 1967 1301 2022 Et
1357 1968 1411 2021 in
1463 1968 1581 2021 tim-

13 2063 111 2117 hria
154 2062 476 2123 sacerdotis,
506 2076 626 2131 quae
654 2060 850 2115 dicitur
885 2074 1001 2126 ora,
1036 2058 1195 2115 ﬂores
1223 2060 1349 2114 mali
1381 2060 1579 2129 punici,

13 2154 136 2208 mala
152 2154 351 2225 punica
369 2168 554 2221 aurea,
567 2162 619 2209 et
636 2152 1009 2208 tintinnabula.
1029 2152 1164 2220 Quid
1188 2152 1301 2207 hrcc
1324 2153 1378 2206 in
1400 2168 1582 2208 sacer-

14 2248 123 2302 iote
162 2247 267 2302 sibi
296 2245 590 2302 volebant?
619 2245 874 2316 numquid
905 2245 1044 2301 Deus
1069 2245 1150 2299 his
1192 2244 1411 2301 ﬁoribus
1433 2245 1580 2302 dele-

13 2341 278 2401 :tahatur?
301 2355 429 2395 num
454 2340 679 2395 terrenis
700 2338 919 2394 tioribus
944 2339 1175 2394 cinctum
1197 2353 1317 2395 esse
1333 2340 1583 2396 sacerdo-

13 2446 102 2490 tem
134 2432 501 2490 volebat?Sed
529 2433 580 2486 in
610 2433 803 2488 vestitu
836 2432 1127 2488 sacerdotis
1172 2431 1391 2489 virtutes
1421 2432 1577 2489 efﬁn-

13 2531 87 2600 git.
115 2530 291 2598 Supra
332 2526 547 2597 quidem
570 2526 620 2581 in
647 2526 821 2595 capite
860 2541 1051 2581 nomen
1090 2525 1223 2591 Dei;
1271 2527 1321 2580 in
1364 2538 1580 2598 pectore

14 2620 271 2674 oraculum
308 2635 324 2673 :
362 2616 498 2673 infra
528 2632 655 2673 vero
682 2615 842 2673 ﬂores
867 2626 920 2673 et
948 2618 1169 2683 fructus,
1202 2619 1453 2674 virtutum
1495 2634 1578 2676 rc-

13 2720 79 2764 :te
124 2708 283 2775 facta,
312 2724 432 2779 quae
450 2716 574 2763 sunt
601 2709 960 2778 eleemosyna,
992 2709 1213 2778 justitia,
1262 2711 1577 2782 benignitas.

65 2802 119 2855 5.
164 2799 350 2854 Flore:
377 2800 664 2870 spirituales
692 2800 982 2854 sacerdotis.
1015 2799 1244 2856 Christus
1271 2804 1504 2857 sacerdos
1531 2814 1578 2857 et

13 2895 244 2964 sontifex.
258 2921 336 2931 —
352 2890 459 2945 Nos
484 2891 643 2961 igitur
668 2889 863 2946 habere
882 2899 1094 2961 oportet
1114 2899 1168 2946 et
1183 2891 1433 2948 tlorentes
1458 2894 1575 2963 pul-

14 2984 324 3040 :hritndines
353 2990 404 3038 et
432 2981 721 3051 completas
746 2990 905 3053 atque
931 2992 1180 3038 maturas.
1214 2982 1398 3039 Flores
1419 3000 1578 3054 porro

13 3084 116 3129 sunt
142 3072 460 3139 sacerdotis,
482 3087 822 3143 congressus,
851 3073 1193 3145 colloquium,
1221 3073 1347 3131 boni
1375 3091 1572 3145 mores,

14 3167 137 3220 nitis
174 3180 378 3229 sermo,
408 3164 560 3229 ﬁdes,
594 3166 753 3229 fama,
780 3164 995 3231 veritas,
1031 3165 1265 3236 iustitia;
1297 3174 1351 3222 et
1380 3167 1463 3224 his
1497 3168 1577 3223 in-

14 3258 213 3329 crjecta
263 3257 636 3325 tintinnabula,
686 3260 969 3315 consensio
1016 3260 1264 3316 nimirum
1309 3261 1569 3318 bonorum

14 3365 235 3418 sperum.
264 3347 452 3404 Omnis
489 3349 632 3404 enim
677 3351 845 3405 virtus
889 3364 1078 3406 sonum
1120 3352 1402 3423 quemdam
1441 3354 1571 3409 edit.

13 3442 143 3498 Unde
171 3442 367 3497 Paulus
393 3441 467 3497 ait
502 3459 516 3496 :
560 3444 604 3496 Α
648 3442 781 3497 vobis
809 3444 943 3498 enim
968 3460 1131 3498 sermo
1178 3444 1269 3499 Dei
1312 3448 1575 3514 personuit

20 3535 65 3588 l.
93 3533 273 3589 Thess.
308 3534 361 3588 1.
391 3532 473 3604 8).
492 3533 562 3588 At
582 3533 842 3589 undenam
872 3534 1071 3607 incepit
1089 3536 1289 3591 sonus?
1316 3536 1570 3594 Circuibat

13 3626 159 3693 (esus,
191 3627 288 3693 ait,
320 3626 502 3681 docens
525 3642 724 3681 omnem
743 3628 991 3689 civitatem
1016 3637 1064 3682 et
1094 3645 1290 3684 omnem
1313 3629 1494 3698 vicum,
1521 3640 1570 3687 et

13 3735 173 3774 rurans
202 3735 401 3772 onlnem
426 3717 685 3783 morbum,
720 3727 765 3772 et
807 3735 1005 3773 onmem
1030 3719 1371 3788 inﬁrmitatem
1395 3722 1447 3775 in
1475 3740 1571 3791 po-

14 3812 110 3864 mlo
139 3810 352 3880 (Matth.
382 3809 434 3864 9.
466 3809 556 3879 35)
590 3825 606 3863 :
635 3817 690 3866 et
714 3810 876 3865 exivit
905 3824 1067 3864 sonus
1093 3809 1159 3865 de
1183 3827 1248 3867 eo
1275 3812 1326 3867 in
1356 3827 1569 3869 onmem

14 3917 206 3956 erram.
258 3900 491 3957 Attende
538 3900 834 3971 diligenter.
879 3899 1147 3956 Virtutum
1193 3911 1440 3958 ornatum
1494 3905 1574 3959 vi-

13 3994 147 4050 listi?
180 3994 276 4049 ille
303 3995 418 4064 ipse
445 3994 696 4049 sacerdos
723 3992 919 4048 Christi
953 3993 1118 4063 ﬁgura
1147 4003 1280 4049 erat.
1319 3995 1415 4051 llic
1449 3997 1569 4065 qui-

14 4084 107 4139 lem
154 4084 290 4139 nihil
331 4083 475 4139 velut
523 4098 621 4154 per
660 4083 965 4153 allegoriam
1015 4084 1419 4154 eXplicaremus,
1468 4087 1568 4141 nisi

14 4176 181 4231 >auius
220 4173 377 4230 nobis
405 4189 588 4230 ansam
618 4175 882 4244 prmbcrct
922 4192 935 4228 :
981 4183 1035 4230 et
1081 4176 1182 4231 nisi
1227 4175 1419 4232 Paulus
1461 4178 1565 4230 vim

13 4268 126 4321 lL1m
152 4267 383 4338 iustitia:
418 4266 573 4321 nobis
598 4267 938 4337 explicasset,
970 4282 1068 4323 nos
1107 4281 1236 4323 sane
1262 4267 1378 4324 hmc
1408 4285 1565 4323 num-

13 4374 139 4426 [nam
167 4359 385 4428 assequi
410 4358 787 4427 potuissemus.
808 4357 957 4415 Hanc
976 4362 1045 4417 ob
1064 4374 1175 4415 rem
1200 4359 1396 4414 Paulus
1426 4360 1566 4417 hunc

14 4448 318 4504 scerdotem
345 4447 543 4503 Christi
577 4449 793 4519 ﬁguram
834 4450 1102 4521 proponit,
1149 4460 1204 4505 et
1240 4450 1316 4506 ait
1346 4466 1365 4503 :
1400 4469 1418 4503 ί
1451 4450 1563 4507 Non

14 4543 122 4595 rnim
167 4542 221 4595 in
261 4551 442 4596 sancta
487 4542 785 4597 manufacta
821 4542 1056 4597 introivit
1085 4542 1351 4611 Christus,
1385 4559 1565 4600 exem-

13 4633 143 4687 daria
190 4648 460 4699 verorum,
500 4632 594 4688 sed
640 4633 694 4687 in
738 4633 909 4702 ipsum
954 4634 1163 4699 crelum,
1207 4642 1266 4689 ut
1311 4644 1566 4706 appareat

13 4740 122 4780 tunc
152 4725 323 4779 vultui
362 4724 458 4781 Dei
503 4739 601 4795 pro
644 4725 796 4780 nobis
827 4743 846 4778 ι
902 4724 1083 4797 (Hebr.
1124 4725 1177 4781 9.
1225 4725 1342 4795 24).
1392 4728 1565 4797 Atque

13 4831 94 4869 nec
121 4813 339 4883 quidem
379 4828 467 4869 res
510 4814 758 4870 seditioni
792 4815 932 4870 inter
970 4814 1188 4870 Juda:os
1225 4817 1559 4872 occasionem

14 4909 271 4974 mbebat,
304 4909 375 4963 ita
403 4916 459 4963 ut
483 4906 551 4964 de
575 4909 822 4963 inusitata
854 4907 994 4962 inter
1024 4923 1082 4963 sc
1110 4908 1407 4979 quaestione
1434 4924 1562 4963 con-

14 5003 280 5057 enderent.
312 5000 445 5057 Cum
475 5001 617 5057 enim
648 5001 873 5071 apostoli
904 5011 1250 5068 servatorem,
1277 5009 1332 5056 et
1361 5016 1558 5071 regem,

15 5093 410 5160 tsacerdotem,
444 5102 498 5148 et
524 5093 839 5163 prophetam
867 5092 1241 5163 praedicarent,
1275 5091 1444 5149 Judaei
1472 5093 1559 5147 in-

14 5199 55 5237 er
83 5199 143 5239 se
175 5183 593 5247 contendebant,
636 5183 811 5238 allatis
850 5183 900 5238 in
941 5183 1174 5238 medium
1216 5184 1303 5249 iis,
1348 5200 1468 5254 quae
1506 5184 1559 5238 in

13 5290 87 5345 :ge
130 5275 375 5344 ipsorum
422 5275 617 5344 scripta
667 5283 841 5329 erant.
892 5276 1027 5342 Alia,
1070 5275 1336 5342 dicebant,
1389 5275 1560 5331 tribus

13 5369 145 5435 agni,
170 5374 226 5420 et
252 5365 352 5420 alia
377 5365 681 5421 sacerdotii.
707 5365 940 5421 Levitica
966 5365 1202 5436 quidem,
1235 5366 1514 5422 sacerdotii
1542 5384 1557 5421 :

14 5459 141 5514 ribus
168 5473 299 5513 vero
328 5456 487 5523 Juda,
520 5458 691 5527 regni.
722 5458 779 5515 Si
817 5458 978 5528 igitur
1006 5456 1251 5513 Christus
1280 5473 1395 5524 rex,
1429 5473 1559 5529 ergo

16 5565 78 5602 on
122 5546 383 5603 sacerdos
429 5564 443 5600 :
484 5547 565 5601 sin
609 5562 734 5603 vero
776 5547 1050 5614 sacerdos,
1100 5562 1229 5618 ergo
1275 5562 1380 5602 non
1434 5563 1554 5602 rex.

13 5638 247 5695 .dversus
274 5653 412 5709 quos
440 5637 641 5694 Paulus
665 5654 849 5710 agens,
878 5639 1022 5694 omni
1043 5639 1287 5694 oratione
1313 5637 1380 5694 ad
1408 5653 1559 5694 ever-

14 5732 185 5787 endam
220 5732 359 5786 hanc
388 5732 694 5801 opinionem
722 5741 1051 5804 comparata,
1082 5733 1156 5788 ait
1182 5748 1195 5787 :
1230 5731 1364 5787 Num
1397 5732 1556 5803 igitur

1705 592 1954 649 distincta
1980 604 2106 649 sunt
2134 612 2149 648 :
2178 597 2231 650 in
2260 596 2476 652 Christo
2494 607 2785 670 utrumque
2812 602 3154 673 conjunctum
3186 617 3287 660 est.

1707 683 1784 739 Tu
1811 686 1978 752 enim,
2008 688 2105 753 ait,
2133 689 2368 743 sacerdos
2394 705 2446 743 es
2471 691 2524 745 in
2548 701 2811 757 aeternum,
2839 695 3116 750 secundum
3144 698 3289 750 ardi-

1702 794 1818 832 nem
1843 777 2175 834 Melchisedec
2215 780 2383 849 (Psal.
2434 782 2557 837 109.
2604 783 2680 854 4).
2714 783 2895 854 Itaque
2943 787 3287 844 ratiocinatur

1703 870 1914 935 Paulus,
1947 880 2003 926 et
2029 872 2104 926 ait
2146 890 2159 926 :
2206 872 2262 928 Si
2305 874 2448 930 enim
2496 876 2724 944 primum
2770 876 2898 931 illud
2928 879 3282 935 sacerdotium

1700 972 1816 1018 erat
1845 964 2335 1035 irreprehensibile,
2373 968 2498 1038 quid
2540 969 2822 1039 oportebat
2862 970 3061 1037 dicere,
3091 988 3284 1029 secun-

1699 1054 1828 1111 dum
1852 1057 2096 1114 ordinem
2122 1059 2476 1117 Melchisedec
2505 1063 2838 1120 sacerdotem
2868 1077 3229 1122 surrecturum
3260 1086 3280 1123 .-

1698 1158 1753 1204 et
1776 1164 1883 1205 non
1926 1152 2218 1207 secundum
2258 1154 2503 1210 ordinem
2534 1156 2752 1210 Aaron?
2793 1157 2992 1213 Etenim
3035 1164 3279 1214 translato

1695 1241 1998 1306 sacerdotio,
2026 1258 2226 1298 necesse
2252 1254 2325 1298 est
2351 1253 2407 1298 ut
2433 1244 2557 1316 legis
2586 1248 2851 1301 translatio
2878 1249 2969 1317 ﬁat
2996 1248 3179 1317 (llebr.
3222 1250 3275 1305 7.

1697 1333 1808 1402 12).
1839 1334 1980 1403 Ergo
1997 1334 2248 1391 Servator
2272 1345 2455 1393 noster
2481 1352 2722 1393 summus
2747 1347 2829 1393 est
2857 1339 3091 1409 pontifex
3126 1358 3139 1394 :
3170 1357 3277 1397 non

1694 1427 1904 1482 ratione
1938 1427 2233 1484 divinitatis
2277 1445 2410 1495 sum,
2452 1430 2544 1485 sed
2584 1431 2653 1485 ob
2699 1431 2918 1502 ﬁguram
2960 1434 3138 1488 carnis
3176 1451 3190 1487 :
3225 1435 3276 1490 in

1693 1519 1938 1586 supernis
1965 1519 2033 1575 ad
2062 1520 2339 1578 dexteram
2366 1522 2457 1576 Dei
2488 1522 2775 1579 considens
2805 1535 3022 1594 propter
3059 1540 3177 1591 nos,
3226 1538 3280 1581 et

1692 1624 1932 1665 summus
1979 1610 2251 1681 pontifex,
2302 1612 2591 1668 secundum
2639 1614 2877 1670 ordinem
2925 1615 3279 1674 Melchisedcc

1695 1701 1855 1773 (Ibid.
1884 1703 1941 1759 5.
1978 1702 2090 1775 11).
2142 1704 2218 1761 De
2251 1720 2359 1775 quo
2400 1706 2564 1761 nmlta
2607 1706 2710 1762 dici
2750 1718 2988 1778 possent,
3018 1710 3113 1766 sed
3164 1727 3268 1766 non

1690 1801 1816 1848 sunt
1854 1790 2011 1862 hujus
2053 1793 2175 1849 loci.
2220 1796 2470 1850 Animum
2517 1796 2732 1863 adhibe,
2769 1815 2969 1870 quasso.
3014 1802 3175 1857 Erant
3219 1804 3271 1857 in

1692 1882 1807 1953 lege
1841 1885 2009 1940 veteri
2046 1884 2489 1954 holocautomata,
2520 1900 2634 1945 erat
2672 1891 2985 1946 sacriﬁcium
3019 1909 3113 1963 pro
3144 1910 3269 1964 pec-

1688 1983 1829 2060 cato,
1858 1984 1975 2031 erat
1993 1976 2192 2035 oblatio
2222 1996 2237 2033 :
2263 1979 2517 2035 Scrvator
2543 1992 2719 2035 autem
2748 1982 2835 2037 ubi
2865 1984 2915 2037 in
2945 1984 3083 2039 lmuc
3111 2001 3271 2041 mun-

1688 2068 1813 2122 dum
1866 2069 2098 2135 advenit,
2157 2072 2433 2127 sacriﬁciis
2482 2073 2590 2128 illis
2635 2072 2830 2144 ﬁguras
2878 2075 3266 2141 referentibus,

1689 2158 1847 2215 ﬁnem
1874 2161 2118 2230 imponit,
2152 2164 2366 2233 proprio
2395 2178 2497 2218 suo
2523 2178 2748 2235 corpore
2777 2180 2874 2234 pro
2898 2166 3041 2220 omni
3069 2167 3269 2223 sacriﬁ-

1686 2254 1771 2309 cio
1795 2254 2099 2311 substituto.
2128 2256 2203 2310 De
2226 2271 2331 2327 quo
2360 2255 2591 2311 Paulus:
2621 2275 2641 2309 ι
2667 2258 2731 2311 Ει
2751 2257 3021 2328 ingressus
3044 2260 3094 2315 in
3117 2270 3271 2315 mun-

1686 2348 1834 2414 dum,
1860 2348 1989 2404 dicit
2015 2366 2028 2404 :
2061 2348 2387 2405 Sacriﬁcium
2417 2359 2471 2405 et
2497 2349 2817 2405 oblationem
2849 2351 3062 2406 noluisti
3098 2370 3112 2406 :
3143 2367 3264 2407 cor-

1687 2455 1786 2510 pus
1812 2449 1988 2496 autem
2023 2441 2214 2510 aptasti
2258 2440 2386 2495 mihi
2417 2458 2430 2492 :
2464 2440 2889 2495 holocautomata
2917 2450 2971 2496 et
3008 2458 3105 2512 pro
3144 2457 3269 2512 pec-

1686 2540 1807 2587 cato
1848 2546 1953 2587 non
1982 2531 2282 2601 postulasti.
2308 2532 2457 2587 Tunc
2479 2532 2611 2597 dixi,
2640 2531 2780 2587 Ecce
2809 2534 2986 2599 venio,
3021 2534 3073 2588 in
3095 2534 3271 2603 capite

1686 2623 1803 2678 libri
1832 2623 2083 2692 Scriptum
2111 2632 2193 2679 est
2218 2623 2285 2678 de
2315 2639 2400 2677 me
2434 2643 2453 2675 ι
2486 2622 2668 2695 (Hebr.
2699 2624 2785 2679 10.
2815 2625 2965 2689 5.-7;
2997 2625 3143 2680 Psal.
3176 2626 3267 2682 59.

1686 2716 1738 2770 7.
1763 2715 1841 2788 8).
1862 2716 2054 2770 Paulus
2078 2732 2204 2786 ergo
2224 2731 2344 2770 cum
2372 2716 2438 2770 de
2460 2715 2770 2785 prophetico
2788 2732 3006 2772 munere
3027 2717 3265 2780 dixisset,

1684 2826 1786 2865 nec
1812 2824 1916 2864 non
1946 2807 2069 2863 illud
2099 2822 2330 2877 quoque,
2359 2807 2492 2861 Cum
2519 2806 2834 2862 sacriﬁcium
2865 2817 2920 2862 et
2945 2808 3266 2864 oblationem

1682 2913 1731 2957 et
1766 2916 1861 2970 pro
1886 2908 2105 2971 peccato
2132 2899 2489 2969 repudiasses,
2533 2907 2659 2953 tunc
2702 2897 2832 2965 dixi,
2879 2899 3019 2953 Ecce
3055 2901 3212 2955 venio
3250 2918 3265 2955 :

1687 2994 1823 3049 tollit
1854 2994 2103 3062 primum,
2138 3000 2196 3045 ut
2230 2990 2525 3046 secundum
2565 2990 2814 3046 stabiliat.
2844 2992 2913 3045 At
2937 2992 3150 3047 ubinam
3178 3009 3265 3047 sa-

1685 3087 1939 3143 criﬁcium
1988 3095 2043 3140 et
2098 3084 2296 3139 oblatio
2351 3084 2404 3137 in
2448 3097 2673 3152 corpore
2717 3081 2914 3138 Christi
2965 3083 3267 3139 invenitur?

1684 3174 2143 3243 Quemadmodum
2169 3173 2441 3244 apostolus
2463 3172 2657 3227 Paulus
2683 3182 2939 3228 testatur:
2978 3192 2996 3224 ι
3031 3174 3266 3229 Obsecro

1682 3284 1799 3335 vos,
1834 3268 2047 3333 fratres,
2082 3283 2178 3334 per
2215 3265 2633 3321 misericordiam
2666 3265 2761 3321 Dei
2790 3274 2849 3320 ut
2878 3277 3142 3336 tamquam
3171 3268 3260 3321 ﬁlii

1682 3359 1858 3413 dilecti
1914 3357 2197 3413 ambuletis
2259 3357 2310 3411 in
2374 3356 2593 3410 caritate
2642 3373 2656 3410 :
2716 3356 3159 3426 quemadmodum
3211 3370 3264 3412 et

1680 3450 1922 3506 Christus
1957 3448 2139 3504 dilexit
2169 3462 2298 3514 nos,
2326 3457 2380 3503 et
2404 3448 2746 3516 semetipsum
2790 3463 2887 3517 pro
2916 3448 3069 3504 nobis
3113 3449 3262 3504 dedit

1679 3538 1994 3595 sacriﬁcium
2017 3547 2072 3593 et
2089 3538 2409 3593 oblationem
2434 3539 2563 3604 Deo,
2596 3538 2650 3592 in
2681 3538 2897 3593 odorem
2929 3539 3207 3594 suavitatis
3238 3561 3257 3592 ι

1684 3633 1898 3706 (Ephes.
1945 3632 2000 3687 5.
2042 3632 2094 3686 1.
2138 3632 2217 3702 2).
2265 3632 2491 3702 Propter
2530 3640 2581 3686 te
2618 3628 2862 3685 Christus
2904 3646 3146 3686 summus
3180 3643 3263 3687 est

1679 3727 1923 3801 pontifex
1951 3740 1964 3777 :
2000 3732 2217 3793 prepter
2243 3723 2474 3793 seipsum
2515 3722 2687 3781 Deus.
2712 3722 2827 3777 Noli
2861 3732 3065 3777 mutare
3094 3723 3251 3777 verba

1678 3816 1773 3872 Dei
1816 3815 1945 3871 vivi.
1986 3815 2040 3869 In
2082 3814 2315 3876 Patrem,
2362 3814 2575 3879 Filium,
2621 3822 2675 3868 ct
2717 3814 2971 3883 Spiritum
3020 3828 3259 3869 sanctum

1678 3908 1972 3978 baptizatus
1996 3922 2053 3962 es
2083 3924 2097 3960 :
2125 3922 2221 3960 cur
2247 3905 2470 3961 sublatis
2501 3904 2803 3959 nominibus
2831 3904 3150 3969 viventibus,
3182 3906 3262 3959 in~

1677 3998 1828 4054 ducis
1859 3998 2075 4053 nomina
2102 3996 2398 4067 excogitata
2428 3996 2627 4059 dicens,
2658 3995 2922 4065 ingenitus
2950 4002 3003 4048 et
3029 3995 3259 4064 genitus,

1675 4098 1886 4144 creatus
1905 4098 1959 4144 et
1980 4088 2263 4152 increatus,
2287 4087 2374 4156 qui
2400 4101 2615 4156 semper
2634 4094 2715 4139 est
2739 4095 2792 4139 et
2812 4085 2899 4154 qui
2924 4100 3133 4153 semper
3154 4101 3259 4139 non

1675 4181 1793 4236 est?
1817 4180 2064 4236 Hmccine
2094 4179 2234 4234 Deus
2261 4177 2433 4233 inania
2465 4177 2626 4233 verba
2656 4177 2883 4232 tolerat?
2912 4178 3130 4233 Unicum
3163 4195 3261 4232 νος

1676 4270 1922 4326 cabulum
1952 4284 2071 4325 cum
2115 4268 2399 4338 aliquando
2436 4267 2692 4338 propheta
2736 4268 3059 4335 immutaret,
3098 4270 3256 4325 etiam

1673 4360 1742 4416 de
1771 4363 1873 4415 vita
1905 4359 2228 4431 periclitatus
2254 4368 2337 4415 est
2376 4378 2390 4414 :
2422 4359 2637 4416 attende
2674 4360 2829 4415 unius
2870 4360 3070 4416 voculae
3098 4377 3248 4417 accu-

1674 4453 1957 4508 rationem.
1989 4450 2212 4519 Quidam
2243 4451 2620 4523 prephetarum
2651 4452 2812 4508 verba
2839 4452 3103 4523 imperitia
3130 4470 3258 4524 qua-

1672 4543 1794 4598 dam
1814 4542 2545 4612 appellabantsumptionem,
2568 4551 2755 4611 λῆμμα,
2782 4543 3009 4599 Domini.
3029 4545 3099 4600 At
3120 4545 3260 4602 Deus

1672 4650 1768 4705 per
1793 4635 2077 4691 Jeremiam
2109 4654 2121 4688 :
2158 4653 2177 4686 ‹
2211 4635 2269 4690 Si
2301 4635 2649 4707 interrogabit
2678 4645 2729 4691 te
2768 4637 3015 4706 populus,
3046 4638 3128 4691 vel
3168 4653 3257 4692 sa-

1670 4726 1880 4792 cerdos,
1910 4728 2310 4796 autprophcta,
2350 4736 2401 4780 et
2439 4725 2635 4781 dixerit
2664 4725 2757 4780 tibi
2787 4744 2801 4780 :
2830 4726 3081 4792 Quaenam
3112 4742 3257 4782 sum-

1672 4816 1803 4886 ptio,
1838 4816 2041 4884 λῆμμαῖ
2068 4816 2156 4870 dic
2204 4816 2331 4885 ipsis
2375 4815 2530 4871 :V'os
2578 4815 2706 4870 estis
2749 4817 2981 4885 sumptio
3026 4818 3254 4872 Domini.

1670 4906 1890 4977 Rapiam
1916 4907 2060 4963 enim
2090 4920 2186 4961 vos
2215 4908 2478 4975 rapinam,
2508 4917 2561 4962 et
2582 4922 2825 4977 rumpam
2858 4922 2971 4971 vos,
3007 4923 3073 4962 ne
3102 4908 3257 4961 dein-

1670 5013 1798 5067 ceps
1834 4997 2025 5053 dicatis
2053 4998 2410 5066 sumptionem
2446 5015 2464 5049 s
2513 4996 2643 5067 (Jer.
2686 4996 2776 5053 ‘25.
2827 4997 2943 5067 35).
2985 4996 3041 5053 Si
3082 4998 3259 5067 itaque

1668 5105 1832 5145 unum
1865 5089 2086 5144 verbum
2111 5089 2438 5153 imrnntetur,
2463 5088 2603 5143 Deus
2625 5087 3016 5143 comminatur:
3048 5097 3102 5143 tu
3129 5104 3258 5143 vero

1668 5180 2129 5252 integerrimorum
2165 5179 2469 5250 dogmatum
2514 5180 2908 5234 accurationem
2957 5181 3259 5249 pervertis?

1667 5273 1840 5329 Patris
1870 5288 2063 5328 nomen
2091 5272 2487 5328 circumscribis
2527 5290 2540 5327 :
2567 5272 2688 5327 Filii
2716 5271 3025 5343 dignitatem
3052 5271 3256 5327 inﬁcia-

1666 5364 1761 5431 ris,
1794 5366 1962 5419 sancti
1995 5364 2224 5434 Spiritus
2250 5365 2471 5435 gloriam
2501 5363 2763 5434 abrogas?
2790 5380 2914 5418 num
2945 5379 3131 5418 manus
3162 5364 3253 5419 Dei

1664 5458 1925 5529 effugies?
1952 5457 2125 5515 Grave
2168 5467 2249 5514 est
2294 5462 2350 5513 et
2396 5457 2669 5523 horribile,
2715 5458 2935 5512 verbum
2983 5457 3078 5512 Dei
3125 5456 3249 5521 vivi,

1668 5548 1879 5604 Domini
1907 5548 2005 5604 Dei
2032 5549 2223 5615 nostri,
2269 5557 2592 5619 pervertere.
2639 5546 2693 5604 Si
2734 5547 2893 5602 verba
2925 5546 3099 5616 aliqua
3133 5560 3253 5614 per-

1664 5650 1960 5706 vertantur,
1992 5640 2137 5696 Deus
2168 5640 2472 5711 indignatur
2503 5659 2517 5694 :
2547 5650 2601 5696 et
2626 5638 2958 5711 dogmatibus
2983 5637 3252 5692 subversis

1665 5746 1771 5788 non
1794 5732 2090 5789 irascetur?
2112 5732 2259 5788 Tune
2284 5735 2566 5791 Servatore
2592 5731 2921 5805 sapientior?
2940 5742 3068 5788 teun
3085 5729 3252 5789 Evan-
