3720 6276
398 312 500 369 ιοτ

399 430 539 502 gelio
563 415 1260 483 accuratiori‘Pertimesee
1286 414 1540 488 judicium
1562 413 1659 469 Dei
1687 428 1703 466 :
1733 408 1860 465 illud
1883 416 1989 465 tre-

402 520 653 581 mendum
698 531 892 573 nomen
937 510 1244 573 reformida,
1289 507 1544 563 malitiam
1575 516 1846 568 aversare,
1880 512 1995 570 ρωο

404 613 682 674 nitentiam
721 610 817 667 tibi
844 621 1105 681 propone,
1133 614 1187 661 et
1212 602 1345 658 lides
1369 601 1595 655 salutem
1624 595 1717 651 tibi
1744 593 1992 665 spondet.

408 703 723 764 Pmnitentia
752 700 895 758 enim
924 697 1153 755 salutem
1194 693 1353 767 parit,
1383 698 1438 747 et
1464 690 1553 755 iis,
1581 688 1671 760 qui
1711 686 1764 741 in
1804 683 1995 741 haeresi

412 807 713 862 versantur,
744 793 941 867 quique
966 790 1104 847 adeo
1132 787 1186 844 in
1215 785 1335 842 aliis
1363 780 1603 854 peccatis
1631 776 1958 833 volutantur.

476 891 534 949 6.
551 888 869 948 Ρωηίιιηιίω
888 882 1084 940 laudes.
1107 878 1358 951 Martyres
1372 886 1421 933 et
1440 873 1607 946 angeli
1626 880 1773 928 orant
1794 885 1886 942 pro
1906 885 2001 924 no-

406 988 503 1042 bis.
547 1010 617 1028 -—
668 976 987 1039 Pmnitentia
1027 973 1177 1031 radix
1217 969 1430 1043 pietatis
1467 975 1569 1023 est.
1602 963 1999 1034 Resipiscamus

407 1095 559 1151 ergo,
587 1078 861 1147 Deumque
889 1088 985 1145 per
1033 1066 1396 1141 paenitentiam
1434 1073 1735 1120 exoremus,
1766 1064 1825 1111 ut
1863 1054 1998 1110 bella

408 1142 638 1232 attlerat,
666 1142 922 1222 barbaros
954 1160 1280 1228 exstinguat,
1309 1152 1542 1210 hostium
1568 1146 1903 1204 incursiones
1932 1142 2000 1197 ad

412 1260 635 1315 nihilum
677 1254 884 1326 redigat
909 1270 925 1309 :
948 1258 1007 1309 ct
1047 1249 1204 1306 nobis
1228 1245 1476 1302 omnibus
1511 1241 1664 1296 bonis
1691 1240 1860 1293 libere
1900 1235 2001 1290 frui

411 1348 689 1406 concedat.
729 1343 863 1403 Cum
880 1340 1004 1415 quis
1029 1355 1098 1397 ex
1121 1340 1301 1395 animo
1319 1335 1585 1408 penitens
1597 1332 1663 1386 ad
1692 1330 1860 1386 Deum
1881 1340 2007 1383 sese

412 1440 721 1513 contulerit,
746 1433 1061 1511 poenitentia
1094 1433 1258 1488 Deum
1288 1426 1575 1485 admodum
1592 1424 1787 1496 placat.
1808 1421 2007 1476 Exem-

418 1540 490 1609 pli
542 1535 710 1608 gratia
751 1549 770 1590 :
814 1528 1057 1603 peccavit
1102 1520 1391 1596 aliquando
1439 1519 1691 1594 populus,
1739 1513 2002 1585 panituit,

416 1604 583 1692 licvit,
613 1624 784 1697 inquit
812 1624 955 1679 Deus
980 1636 998 1676 :
1028 1636 1050 1673 ι
1076 1615 1311 1675 Audiens
1327 1612 1504 1670 audivi
1525 1610 1781 1681 gemitum
1806 1604 2008 1675 Ephrao

416 1726 490 1779 im
517 1696 859 1775 lamentantis
885 1723 941 1768 et
960 1709 1227 1767 dicentis:
1253 1702 1537 1775 Castigasti
1560 1715 1669 1763 me,
1694 1696 1935 1760 Domine,
1954 1702 2011 1749 et

420 1825 526 1867 non
555 1806 870 1867 emendatus
894 1784 1036 1869 cuni,
1052 1799 1150 1857 sed
1177 1799 1343 1853 tactus
1367 1809 1486 1850 sum
1511 1791 1655 1848 velut
1692 1789 1892 1844 vitulus
1913 1799 2009 1856 pe-

422 1904 599 1960 tulans
628 1918 642 1957 :
670 1905 925 1956 converte
953 1909 1062 1959 me,
1088 1901 1142 1948 et
1164 1899 1453 1948 convertar
1478 1904 1500 1941 ι
1526 1885 1657 1959 (Jer.
1686 1881 1915 1952 51.18).
1947 1880 2012 1934 Et

422 1994 549 2068 quid
580 1994 723 2049 Deus
749 1990 818 2046 ad
841 1987 1058 2059 ipsum?
1089 1984 1165 2040 Eo
1199 1982 1337 2056 quod
1377 1992 1632 2036 sermones
1673 1973 1773 2029 mei
1814 1972 1868 2027 in
1900 1972 2012 2043 ipso

423 2063 565 2155 sunt,
591 2098 909 2158 nequaquam
951 2076 1253 2135 recordabar
1279 2075 1414 2143 ejus,
1458 2080 1507 2127 et
1540 2069 1701 2143 ipsius
1746 2063 2016 2119 miserebor

428 2180 592 2256 (Ibid.
630 2196 679 2235 υ.
714 2177 835 2249 20).
876 2174 956 2233 Ne
984 2172 1104 2245 quis
1128 2180 1183 2226 te
1216 2171 1557 2228 conterreat,
1581 2176 1688 2217 non
1716 2158 1876 2220 fama,
1907 2170 2015 2209 non

428 2248 584 2330 cunei
635 2248 1006 2329 barbarorum,
1035 2272 1090 2319 et
1126 2261 1291 2318 densa
1320 2256 1510 2313 nebula
1541 2271 1558 2310 :
1586 2249 1798 2309 etiamsi
1837 2248 2019 2302 hostes

429 2365 601 2423 nostri
648 2357 1064 2418 innumerabiles
1106 2355 1215 2410 sint
1243 2348 1599 2412 multitudine,
1630 2342 1882 2401 defensor
1917 2353 2019 2394 no-

416 2467 546 2515 .ster
574 2456 733 2525 longe
761 2450 951 2509 fortior
973 2455 1077 2505 est.
1125 2445 1185 2502 Si
1213 2444 1281 2500 de
1329 2438 1669 2497 multitudine
1719 2433 2020 2503 suspicans,

439 2549 651 2613 timeas,
675 2523 911 2601 —Elisa2us
937 2537 1197 2612 propheta
1242 2535 1335 2590 tibi
1364 2532 1514 2597 dicit,
1544 2527 1627 2585 Ne
1661 2536 1875 2601 metuas,
1908 2523 2023 2596 plu-

433 2658 513 2696 res
540 2638 795 2694 nobiscum
822 2641 958 2699 sunt,
980 2646 1133 2704 quam
1155 2644 1268 2683 cum
1287 2625 1391 2681 illis
1415 2624 1494 2693 (ι.
1520 2621 1650 2694 Reg.
1679 2620 1735 2676 ϐ.
1764 2618 1879 2688 16).
1910 2615 2024 2671 Illic

435 2731 649 2803 quidem
688 2726 1036 2783 barbarorum
1081 2717 1384 2782 multitudo,
1413 2715 1500 2768 hic
1544 2709 1857 2781 angelorum
1893 2704 2025 2777 pha-

436 2798 559 2877 lanx
591 2828 691 2875 est.
716 2817 845 2874 Nam
869 2829 969 2886 pro
992 2812 1093 2885 piis
1118 2808 1424 2865 hominibus
1448 2812 1502 2860 et
1521 2801 1791 2874 angelicas
1814 2798 2023 2853 excrci-

440 2923 526 2967 tus
577 2915 796 2981 pugnat,
822 2915 877 2962 et
915 2902 1291 2976 prophetarum
1318 2898 1538 2960 chorus,
1563 2902 1619 2949 et
1663 2890 2025 2962 apostolorum

441 3012 699 3075 potestas,
725 3009 780 3056 et
808 3007 1102 3072 martyrum
1125 3003 1335 3065 preces.
1377 2987 1497 3047 Noli
1527 2984 1670 3040 enim
1692 2981 2024 3046 existimare,

444 3072 707 3170 martyres
737 3100 939 3147 tantum
962 3103 1059 3159 pro
1081 3085 1236 3142 nobis
1253 3095 1411 3138 orare
1438 3092 1457 3133 :
1481 3078 1611 3151 quin
1644 3084 1699 3131 et
1717 3072 1912 3144 angeli,
1941 3084 2030 3125 re-

445 3191 543 3245 bus
575 3185 769 3243 nostris
796 3181 1055 3247 adversis,
1085 3191 1182 3250 pro
1234 3174 1390 3231 nobis
1433 3170 1827 3241 deprecantur;
1856 3176 2033 3233 neque

444 3282 616 3337 solum
644 3278 1018 3350 deprecantur,
1041 3269 1135 3328 sed
1166 3276 1221 3324 et
1253 3275 1570 3335 responsum
1598 3276 1629 3316 a
1659 3258 1899 3315 beneﬁca
1925 3255 2031 3310 Do-

447 3375 593 3431 mino
620 3371 905 3443 accipiunt.
927 3362 1217 3422 Zacharias
1244 3358 1502 3431 propheta
1527 3354 1603 3410 ait
1631 3371 1645 3409 :
1674 3371 1694 3405 ι
1723 3352 2034 3421 Etrespon-

446 3466 522 3520 dit
551 3442 894 3534 angelus,qui
924 3454 1157 3527 loquitur
1186 3451 1238 3507 in
1268 3455 1436 3515 me,et
1461 3445 1594 3502 dixit
1620 3443 1687 3498 ad
1718 3442 2030 3498 Duminttms

350 3546 355 3551 ’⁷
451 3531 646 3627 (ΖηεΙιί
660 3554 711 3607 1.
742 3551 799 3607 9.
824 3557 879 3604 et
905 3543 994 3619 12)
1024 3561 1040 3601 :
1069 3543 1195 3599 llree
1244 3549 1422 3595 autem
1448 3534 1621 3607 angeli
1661 3533 1756 3587 luit
1777 3531 2029 3603 precatio.

459 3665 478 3698 ι
517 3642 742 3700 Domine
768 3641 1119 3701 exercituum,
1147 3643 1421 3703 usquequo
1460 3637 1517 3683 tu
1546 3643 1653 3681 non
1694 3621 2039 3679 misereberis

452 3737 771 3798 Jerusalem,
803 3741 858 3789 et
885 3730 1094 3786 urbium
1113 3726 1270 3788 Juda,
1296 3737 1431 3795 quas
1450 3719 1748 3793 despexisti
1766 3717 1790 3772 Ἰ
1808 3716 2037 3786 lstejam

453 3828 875 3902 septuagesimus
902 3837 1073 3878 annus
1104 3829 1207 3876 est.
1238 3837 1257 3871 ι
1282 3815 1420 3886 Quid
1460 3813 1655 3884 igitur?
1675 3810 2043 3881 repudiavitne

455 3928 600 3982 Deus
625 3922 918 3979 orationem
945 3914 1151 3987 angeli?
1171 3911 1387 3968 Minime
1418 3909 1470 3965 id
1499 3906 1738 3979 quidem.
1769 3904 1906 3973 Quid
1938 3902 2043 3972 igi-

454 4032 545 4077 tur
600 4014 839 4088 responsi
889 4009 1069 4068 dedit!
1096 4003 1396 4075 Respondit,
1428 3999 1623 4072 inquit,
1679 3997 1928 4053 Dominus
1976 3995 2046 4049 ad

457 4109 695 4182 angelum
715 4106 995 4178 loquentem
1015 4101 1068 4155 in
1098 4113 1176 4153 me
1193 4096 1343 4153 verba
1368 4090 1745 4157 consolatoria,
1774 4095 1822 4144 et
1850 4102 2045 4143 sermo-

458 4221 547 4260 nos
589 4198 951 4257 consolatorios
980 4191 1144 4264 (Ibid.
1176 4206 1225 4247 ιι.
1268 4189 1383 4261 15).
1433 4186 1793 4242 Obsecremus
1816 4196 1946 4253 ergo
1993 4188 2053 4236 et

460 4311 561 4353 nos
606 4292 889 4349 Dominum
926 4285 1259 4358 angelorum,
1288 4291 1344 4337 et
1379 4277 1577 4351 legahit
1605 4292 1768 4332 unum
1795 4290 1861 4330 ex
1889 4288 2050 4344 ange-

463 4390 529 4444 lis
558 4385 648 4457 qui
674 4391 836 4439 totam
862 4379 1174 4451 phalangem
1202 4372 1435 4427 hostium
1457 4367 1755 4438 dissipabit.
1783 4365 1897 4435 Ego
1919 4378 2050 4418 vero

464 4489 518 4533 et
545 4455 803 4548 picturam
828 4486 892 4526 ex
918 4482 1040 4524 cera
1067 4466 1257 4520 tactam
1278 4460 1542 4525 adamavi,
1565 4458 1762 4528 pietate
1773 4455 2048 4511 refertam.

468 4570 525 4624 In
548 4546 801 4635 imagine
832 4558 936 4615 vidi
976 4556 1261 4627 angelum,
1292 4550 1641 4607 barbarorum
1674 4547 1819 4602 illam
1853 4546 2050 4600 nubem

467 4658 834 4733 proliigantera
862 4649 963 4726 (a),
992 4648 1099 4704 vidi
1120 4645 1374 4702 barbaras
1401 4647 1586 4712 gentes
1628 4637 1970 4701 conculcari,
2000 4647 2053 4693 et

471 4729 724 4808 Davidcm
757 4761 881 4803 vere
901 4742 1202 4799 exclamare
1232 4753 1247 4793 :
1278 4732 1577 4801 Domine,in
1591 4730 1792 4785 civitate
1817 4739 1903 4783 tua
1926 4729 2057 4782 ium-

535 4930 607 4992 (α)
644 4929 727 4992 mc
746 4924 886 4975 locus
904 4921 1114 4992 iubetur
1135 4917 1185 4992 ιιι
1202 4904 2057 4992 δεεὲηὲθὲἏἏΑὲλὲλ

1578 5094 1700 5143 Itera
1721 5094 2062 5152 interpretatio

472 4970 975 5048 ιιιὲἲῖοὲἰὶιῖξὲρὸξει
1007 4970 1404 5048 cera
1434 4970 1589 5048 dilexi

470 5040 667 5117 rm
693 5061 711 5099 ε
731 5040 982 5117 edient?!
1002 5040 1532 5117 emelueiciesti'fe

472 5107 585 5178 runt
607 5122 798 5178 amcos.
823 5109 986 5178 Pergit
1007 5110 1179 5178 [route
1216 5107 1455 5178 Bulaeus“:
1469 5113 1512 5178 ns

472 5155 678 5237 ἓῖιῖᾁίιξῖ
686 5155 954 5221 ’ἇιὶιίέιιιυίῑ
966 5202 982 5227 ,
998 5174 1105 5237 ﬁgo
1123 5172 1177 5237 et_
1190 5174 1256 5237 ea;
1274 5156 1612 5237 cerahlitsilelu
1618 5155 1855 5237 picture:

1856 5164 1999 5200 ι.ου

473 5151 778 5247 iiigiﬁiu'
785 5151 984 5227 habuit,
1008 5151 1105 5229 Ego
1123 5151 1170 5215 et
1190 5174 1256 5213 ea:
1274 5172 1391 5212 cera
1413 5156 1604 5221 ﬂuitem
1633 5151 1873 5218 picturam
1890 5186 1906 5212 ,
1930 5151 2065 5261 quod

473 5244 661 5289 rectius
701 5244 871 5296 quam.»
885 5228 1013 5293 quod
1051 5226 1198 5296 apud_
1214 5231 1348 5296 toan.
1387 5221 1968 5296 DeWQDJUEI‘BE£1.-
1996 5212 2063 5296 de

472 5274 1407 5362 ἔξιτεῘῶδῗιξῖῖὲᾗγιῖὲῗῖιηζξει-ῇριιιναῃι,
1423 5287 1516 5362 aut
1531 5278 1676 5362 apud
1684 5275 1972 5362 Hadrianum
2004 5274 2062 5335 Ι,

473 5335 1508 5429 ἓὲὶόθὲὶὲἒῖιίίῖιῗὶὶὲἀῆῖ’ἄίέέέξιῖέίῐιςιξιὶ²κάπέ
1885 5344 2067 5394 ne“

476 5401 571 5476 ῗιῗνξ
582 5401 942 5486 ,ᾐεξῖῖᾗιᾶἶὰἦι
957 5401 1103 5486 ¹ςέιῑινιιε
1139 5401 1460 5486 immersam:
1468 5401 1680 5486 caecis“
1688 5401 2067 5486 erumnymm

858 5463 939 5529 {iis
954 5463 1097 5527 tit—ex
1123 5463 1269 5523 ceris.
1294 5466 1521 5529 solebant
1551 5463 1681 5529 enim
1715 5474 1779 5529 ex
1790 5463 1942 5529 _c_eris
1965 5463 2069 5529 pina

636 5523 1012 5612 Egnatii-aui
1025 5523 1234 5612 inurere
1251 5568 1270 5603 ,_
1288 5539 1344 5581 ut
1363 5524 1706 5612 docet‘llliniu‘s
1730 5523 1764 5612 t:
1777 5524 1937 5612 .553’0.
1966 5523 2020 5612 it
2048 5536 2064 5573 :

475 5491 665 5552 pictura
689 5490 766 5533 est
783 5494 853 5552 ,_q

636 5583 2068 5673 suumauriauri-semesae

480 5652 978 5746 iiéiiifiiiuéohum
1270 5652 1757 5726 Aristidisinventtan
1778 5652 1948 5719 putum
1976 5659 1994 5696 :
2016 5653 2069 5719 et

482 5733 566 5774 tm.
598 5734 650 5774 tt
675 5771 685 5774 _
709 5744 816 5774 mn.
843 5728 903 5774 M
923 5766 936 5774 .
960 5739 1053 5774 scrt
1092 5731 1129 5773 tt
1146 5734 1311 5773 ceram
1333 5728 1492 5767 varios
1524 5728 1573 5763 ιιι
1593 5708 1785 5763 colores
1804 5716 2069 5772 pigmentis

482 5733 568 5784 lib.
598 5728 653 5782 tt
673 5771 687 5789 ,
709 5728 903 5793 cap.“
922 5766 936 5793 _,
960 5728 1053 5793 seri

1092 5708 1311 5773 itceram
1333 5717 1492 5767 varios
1524 5714 1573 5763 in
1593 5708 1788 5763 colores
1804 5710 2071 5772 pigmentis

484 5778 691 5846 trahi—ad
714 5778 989 5842 reddendas
1010 5784 1368 5843 similitudines,
1392 5778 1524 5829 unde
1556 5789 1758 5837 ιηροιντιῖν
1797 5778 1875 5822 est
1904 5782 2069 5822 ceram

1445 288 1715 353 iNCER‘l‘I
1755 286 2029 349 ιιοιιιιιι

2154 285 2164 342 :
2202 282 2702 347 ιεςιειιινιηιιε.
3570 288 3660 347 ιω

2104 408 2270 479 ginem
2292 407 2521 478 ipsorum
2555 407 2627 463 ad
2655 406 2868 463 tribuum
2894 407 3091 479 redigas
3113 404 3285 479 (Psat.
3314 406 3402 462 72.
3422 406 3538 477 ΞΟ).
3570 407 3687 465 εωι

2102 508 2155 553 et
2181 514 2323 555 nunc
2347 499 2535 555 beatus
2561 498 2724 554 David
2750 498 2989 555 donabis
3003 498 3145 554 dicat
3175 515 3191 553 :
3223 497 3343 553 Fiat
3359 500 3441 552 oio
3458 501 3665 569 ipsorum

2106 591 2321 646 teneat-te
2339 601 2385 645 et
2413 592 2589 662 lapsus
2605 630 2624 659 ,
2649 599 2698 647 et
2721 591 2931 663 angelus
2956 587 3165 645 Domini
3189 601 3515 663 persequatur
3547 593 3687 659 ipsos,

2107 684 2279 757 (Psat.
2322 686 2413 744 54.
2436 686 2517 758 6).
2548 687 2688 741 Deus
2708 687 2884 741 varias
2909 686 3220 741 occasiones
3238 725 3252 749 ,
3278 696 3338 740 ut
3360 684 3543 739 hostes
3562 700 3663 753 pes:

2105 793 2224 832 sum
2271 786 2420 845 eant,
2450 791 2741 847 procurare
2769 776 2939 831 novit.
2990 775 3149 831 Acies
3190 774 3277 830 illa
3301 774 3663 838 Sennacuen'b,

2108 870 2248 939 regis
2273 870 2638 940 Assyriorum,
2667 868 2858 938 ingens
2877 874 3016 936 erat,
3040 874 3097 920 et
3122 881 3259 921 unus
3294 865 3517 936 angelus
3543 865 3666 935 lega-

2108 969 2193 1013 tus
2223 968 2437 1015 centum
2462 959 2727 1028 octogiuta
2755 958 2989 1029 quinque
3008 955 3170 1012 millia
3194 956 3427 1010 hostium
3448 964 3665 1027 prostra-

2107 1052 2183 1105 vit
2213 1051 2288 1122 (4.
2315 1050 2445 1122 Reg.
2496 1049 2611 1120 19).
2656 1048 2765 1104 Nos
2818 1047 3064 1104 homines
3113 1045 3363 1102 humanis
3399 1046 3666 1101 rationibus

2109 1142 2286 1196 omnia
2313 1148 2501 1196 eventa
2528 1140 2802 1205 metimur,
2831 1137 3216 1208 nobiscumque
3242 1137 3506 1192 dicimus:
3534 1136 3663 1202 Quid,

2112 1232 2156 1286 si
2208 1231 2261 1285 in
2307 1232 2506 1286 nostris
2532 1230 2774 1301 partibus
2796 1230 2976 1285 nullus
3000 1228 3156 1284 miles
3181 1228 3522 1283 inveniatur?
3545 1228 3663 1296 quid,

2111 1322 2157 1376 si
2188 1321 2493 1393 priusquam
2518 1321 2786 1376 exercitus
2811 1319 2921 1376 dux
2950 1319 3149 1386 veniat,
3175 1333 3364 1375 omnes
3409 1334 3511 1375 nos
3546 1319 3673 1374 deva-

2111 1413 2300 1468 stent?
2322 1411 2451 1484 quid
2474 1411 2730 1468 faciemus
2746 1412 2773 1467 ‘t
2794 1410 2932 1468 Num
2948 1410 3109 1481 igitur
3122 1409 3246 1481 quia
3275 1418 3329 1464 tu
3361 1410 3687 1481 praevenirisu

2115 1504 2472 1575 pnevenietur
2500 1503 2638 1559 Deus
2653 1503 2679 1557 t
2704 1518 2831 1557 num
2853 1503 2975 1574 quia
3003 1510 3059 1557 tu
3090 1515 3198 1556 non
3222 1501 3422 1571 ubique
3446 1515 3526 1569 es,
3558 1501 3687 1563 Domi

2115 1611 2221 1653 non
2250 1596 2445 1667 ubique
2480 1597 2597 1652 est?
2623 1612 2748 1651 num
2777 1595 2934 1667 igitur
2961 1595 3105 1650 Deus
3131 1593 3233 1649 hoc
3258 1593 3475 1666 quidem
3505 1584 3687 1664 potest“

2117 1689 2246 1745 illud
2273 1705 2401 1745 vero
2429 1703 2533 1745 non
2565 1698 2738 1760 potest
2755 1689 2782 1743 t
2804 1689 2948 1744 Mare
2971 1688 3317 1744 inanimatum
3347 1687 3401 1742 ei
3422 1682 3687 1757 obtempe-3

2118 1781 2276 1845 ravit,
2307 1788 2362 1837 et
2384 1780 2640 1836 demersit
2669 1798 2685 1835 :
2710 1780 2849 1835 bruti
2882 1780 3056 1851 pisces
3081 1793 3203 1834 sese
3228 1778 3518 1851 capiendos
3541 1779 3687 1832 Peu-o‘

2117 1871 2381 1939 obtulere,
2410 1880 2465 1927 et
2489 1873 2732 1942 angelus,
2763 1872 2808 1925 si
2834 1872 2970 1925 Deus
3005 1871 3251 1940 imperet,
3279 1884 3472 1925 omnes
3494 1869 3660 1924 verita-

2120 1966 2189 2021 tis
2212 1965 2395 2021 hostes
2435 1981 2543 2021 non
2590 1964 2825 2020 funditus
2851 1963 3088 2019 delebit?
3135 1963 3247 2019 Nos
3280 1972 3485 2019 tantum
3528 1964 3669 2018 sobrie

2121 2066 2176 2112 et
2224 2058 2471 2114 modeste
2522 2058 2763 2113 vivamus
2794 2074 2809 2112 :
2843 2066 3049 2112 tantum
3077 2056 3241 2111 Deum
3271 2071 3522 2127 rogemus
3548 2046 3687 2126 eique1

2121 2149 2503 2220 supplicamus.
2536 2148 2818 2218 Imperavit
2845 2147 2984 2219 apud
3011 2155 3221 2203 veteres
3247 2145 3355 2202 dux
3384 2147 3670 2217 prmstantisc

2122 2239 2313 2306 simus,
2344 2254 2504 2310 quem
2534 2255 2634 2309 ego
2662 2238 2928 2293 commttni
2958 2237 3173 2292 nomine
3199 2236 3443 2308 dcsigno,
3467 2246 3522 2291 ut
3539 2236 3687 2291 omuir

2125 2330 2224 2386 bus
2253 2331 2551 2387 innotescat
2577 2348 2592 2383 :
2620 2330 2715 2385 luit
2736 2369 2754 2396 ,
2780 2329 2993 2402 inquam
3011 2370 3027 2397 ,
3048 2329 3156 2385 dux
3184 2329 3589 2400 alienigenarum
3610 2328 3687 2381 Si-l

2123 2436 2243 2482 sara
2276 2418 2428 2494 (Iud.
2456 2423 2516 2493 4)
2547 2439 2563 2477 :
2594 2424 2748 2493 cujus
2784 2424 2943 2477 etiam
2975 2421 3141 2477 David
3168 2422 3496 2478 mentionem
3539 2422 3639 2474 facit
3658 2435 3675 2470 :

2134 2517 2243 2572 Fac
2271 2517 2396 2590 ipsis
2431 2516 2561 2572 sicut
2592 2514 2809 2570 ladian
2829 2524 2875 2570 et
2904 2515 3119 2579 Sisara,
3158 2515 3289 2570 sicut
3310 2513 3490 2569 labini
3529 2515 3577 2567 in
3600 2525 3675 2566 m-

2128 2621 2270 2667 rcnte
2317 2608 2494 2667 Cisson
2519 2607 2694 2681 (Psal.
2722 2605 2813 2663 82.
2840 2605 2954 2678 l0).
2983 2605 3157 2663 Jabim
3207 2605 3425 2677 quidem
3471 2621 3559 2661 rex
3592 2604 3687 2667 erat}

2128 2705 2549 2776 aliemgenarum
2576 2718 2593 2758 :
2620 2702 2800 2758 Sisara
2825 2717 2955 2757 vero
2980 2700 3087 2756 dux
3115 2700 3411 2755 exercitus.
3437 2700 3589 2754 Erant
3608 2714 3673 2751 au-

2134 2809 2239 2856 tem
2271 2799 2369 2869 ipsi
2398 2812 2591 2855 currus
2625 2795 2786 2853 ferrei
2832 2794 3144 2866 octingenti,
3166 2801 3220 2848 et
3257 2807 3451 2847 manus
3493 2790 3687 2869 inﬁnita,

2135 2893 2368 2963 Populus
2386 2891 2565 2963 itaque
2582 2888 2891 2945 Judaeorum
2908 2884 3462 2956 extimuit,conspexit
3481 2876 3687 2953 ingentes;

2136 2986 2253 3043 illas
2302 2984 2506 3055 copias,
2536 2991 2591 3039 et
2632 2980 2933 3039 exhorruit.
2974 2979 3111 3049 Quid
3137 2979 3295 3051 igitur
3321 2978 3671 3033 amantissimus

2136 3077 2413 3134 hominum
2454 3075 2593 3131 Deus
2631 3087 2730 3144 per
2775 3071 3163 3143 prophetissam
3218 3068 3483 3125 Deboram
3530 3066 3669 3123 delen-

2137 3172 2246 3227 sori
2265 3170 2477 3242 pietatis
2502 3168 2744 3225 indicat?
2774 3165 2858 3223 Ne
2896 3175 3109 3232 metuas,
3136 3164 3212 3219 ait
3241 3181 3257 3220 :
3297 3180 3414 3218 ecce
3458 3158 3673 3217 tradittiii

2137 3266 2306 3336 ipsum
2332 3261 2581 3317 Dominus
2606 3260 2660 3316 in
2697 3254 2877 3315 manus
2904 3268 3015 3314 tuas
3046 3256 3243 3331 (Judic.
3268 3256 3325 3313 ι.
3358 3254 3475 3327 ﬂ),
3495 3269 3584 3310 nec
3606 3246 3687 3336 erit:

2142 3355 2347 3411 facinus
2375 3353 2502 3409 illud
2535 3366 2725 3407 manus
2751 3361 2856 3405 tua:
2878 3392 2894 3417 ,
2935 3349 3029 3405 sed
3056 3328 3248 3403 manus
3284 3345 3573 3403 muliebris.
3600 3328 3687 3398 Ad?

2140 3458 2309 3515 verte,
2338 3446 2608 3520 quomodo
2637 3447 2777 3502 Deus
2797 3441 3152 3516 arrogantiam
3193 3441 3452 3497 coercuit.
3480 3438 3581 3494 Viri
3607 3448 3687 3490 nou

2142 3542 2526 3606 sustinuerant,
2557 3547 2611 3593 et
2632 3537 2824 3594 mulier
2846 3536 3141 3592 exercitum
3160 3532 3333 3589 duxit.
3358 3532 3677 3604 lugressusest

2140 3635 2318 3693 Sisara
2339 3632 2407 3688 ad
2435 3631 2735 3697 mulierem,
2766 3645 2885 3701 quae
2913 3628 3026 3685 Jael
3052 3626 3348 3693 dicebatur,
3370 3638 3426 3681 et
3450 3640 3565 3681 cum
3586 3630 3677 3677 :csltt

2146 3728 2435 3790 laboraret,
2458 3739 2650 3797 aquam
2681 3724 2750 3778 ah
2778 3723 2888 3793 ipsa
2918 3721 3053 3793 petit
3081 3737 3095 3775 :
3125 3719 3216 3775 illa
3244 3733 3375 3775 vero
3413 3718 3493 3773 lac
3529 3717 3572 3773 ei
3595 3726 3678 3785 por-

2146 3819 2304 3874 rexit.
2358 3816 2492 3873 Vide
2514 3816 2827 3886 sapientiam
2856 3812 3114 3868 mulieris.
3142 3810 3275 3867 Cum
3302 3811 3446 3867 enim
3474 3810 3548 3865 lac
3566 3806 3687 3864 retur

2147 3908 2369 3980 gerandi
2405 3908 2510 3962 vim
2545 3907 2817 3973 obtineat,
2840 3915 2894 3960 et
2917 3918 3163 3961 somnum
3202 3904 3474 3970 conciliet,
3493 3902 3599 3956 ideo
3625 3896 3687 3965 ιω)

2151 4004 2250 4077 ipsi
2302 4002 2478 4069 ailert,
2505 4010 2562 4055 ut
2602 4000 2877 4070 Scriptura
2917 4013 3044 4052 vere
3086 3997 3417 4067 pronuntiat,
3440 4011 3550 4066 qua:
3589 3992 3675 4043 ait:

2155 4102 2348 4168 Aquam
2376 4096 2438 4150 ab
2484 4094 2597 4167 ipsa
2630 4094 2800 4165 petiit,
2832 4102 2878 4146 et
2911 4091 3002 4146 illa
3026 4090 3104 4145 lac
3144 4088 3323 4144 obtulit
3349 4086 3508 4159 (Ibid.
3532 4102 3573 4138 υ.
3599 4082 3673 4147 l9),

2154 4202 2211 4249 ut
2230 4190 2386 4248 simul
2418 4197 2472 4245 et
2500 4188 2643 4243 sitim
2673 4186 3046 4255 restingueret,
3077 4192 3133 4238 et
3174 4180 3502 4251 consopiret.
3533 4174 3677 4231 Deinde

2154 4286 2454 4342 dormiente
2478 4282 2796 4353 alienigena,
2840 4278 3066 4349 arripuit
3112 4276 3200 4331 illa
3229 4276 3422 4330 mulier
3448 4274 3625 4329 clawm
3646 4274 3678 4318 et

2155 4377 2429 4440 malleum,
2451 4382 2506 4430 et
2524 4372 2593 4428 ad
2621 4371 2829 4427 hostem
2852 4368 3103 4425 accurrit.
3133 4365 3263 4421 Vide
3283 4364 3581 4435 sapientiam
3603 4371 3679 4412 nut-

2157 4468 2321 4524 lieris.
2352 4464 2459 4521 Cur
2483 4464 2570 4519 illa
2592 4479 2697 4519 non
2714 4461 2887 4533 potius
2907 4459 3141 4531 gladium
3162 4466 3255 4512 aut
3282 4456 3605 4514 tuachmram,
3620 4445 3679 4502 sn!

2159 4560 2408 4631 paxillum
2441 4555 2701 4627 arripuit?
2743 4552 3009 4609 Metuebat
3030 4592 3046 4617 ,
3073 4550 3314 4612 scilicet,
3343 4558 3403 4624 ut
3433 4545 3620 4607 mulier,
3641 4554 3680 4591 ne

2161 4654 2249 4709 ille
2277 4658 2619 4721 experrectus
2662 4643 3088 4716 deprehenderet
3130 4642 3297 4707 illam,
3322 4639 3546 4710 gladium
3568 4644 3679 4688 manu

2162 4752 2452 4801 tenentem.
2484 4727 2633 4796 lianc
2672 4739 2742 4792 ob
2782 4751 2997 4792 causam
3029 4734 3119 4789 illa
3156 4734 3357 4789 nullum
3383 4731 3532 4787 virile
3568 4725 3681 4780 telnm

2164 4835 2408 4903 arripuit,
2439 4832 2531 4888 sed
2573 4831 2872 4886 institutum
2919 4826 3180 4882 muliebre
3202 4822 3505 4893 assumpsit.
3553 4816 3682 4873 Solent

2164 4933 2305 4988 enim
2333 4928 2585 4985 mulieres
2603 4923 2891 4979 succinctae
2920 4919 3173 4991 paxillum
3191 4916 3243 4972 in
3266 4916 3517 4986 parietem
3539 4921 3680 4982 pange-

2167 5040 2245 5090 re,
2270 5033 2324 5078 et
2348 5022 2425 5076 sic
2445 5033 2602 5076 suum
2625 5031 2760 5087 opus
2785 5014 3059 5083 suscipere
3084 5020 3138 5067 et
3155 5007 3395 5081 aggredi.
3427 5008 3550 5063 item
3576 5001 3680 5071 igitur

2165 5116 2268 5170 alia
2312 5113 2395 5168 via
2436 5110 2687 5173 instituit,
2710 5116 2767 5161 ut
2787 5115 2935 5161 extra
2964 5117 3178 5159 omnem
3203 5101 3549 5171 suspicionem
3571 5098 3678 5148 esst“!-

2168 5200 2301 5263 Cum
2326 5218 2453 5260 vero
2483 5203 2626 5259 Dens
2656 5198 3025 5262 auxiliaretur,
3054 5194 3145 5250 Dei
3169 5206 3381 5263 quoque
3410 5197 3535 5254 erat,
3561 5176 3687 5239 oratr?

2171 5302 2277 5356 lum
2310 5297 2436 5354 illud
2458 5294 2524 5349 ad
2550 5294 2749 5349 exitum
2783 5289 3052 5345 deducere
3093 5304 3107 5341 :
3137 5299 3311 5356 neque
3336 5283 3476 5337 enim
3505 5269 3687 5351 mulieris

2171 5395 2276 5449 hoc
2323 5394 2650 5458 stratagema
2696 5390 2853 5451 erat,
2898 5380 2992 5436 sed
3027 5377 3120 5433 Dei
3146 5376 3420 5432 oraculum
3454 5373 3551 5427 :Iu
3581 5374 3680 5419 nam

2173 5483 2397 5541 mulieris
2423 5479 2518 5535 erit
2558 5493 2694 5532 mors
2742 5487 2829 5530 tua
2874 5469 3071 5549 (Iudic.
3094 5470 3144 5524 4.
3162 5468 3235 5539 9).
3269 5466 3410 5521 Deus
3460 5474 3570 5532 ergo
3603 5460 3687 5537 cum

2175 5642 2377 5706 tundere
2397 5643 2444 5689 ει
2466 5634 2673 5700 “quam
2694 5647 2721 5677 ν
2748 5635 2995 5706 eius!!!
3012 5608 3681 5706 eguiw‘maﬁﬂ

2176 5672 2995 5765 KZFE'p'reu'uﬁi'ésT
3012 5672 3182 5737 nulline
3225 5686 3298 5736 sic
3342 5684 3391 5732 in
3438 5687 3563 5732 textu
3578 5672 3683 5721 σεο)

2177 5762 2309 5829 legi-5
2338 5779 2402 5825 trs.
2423 5776 2483 5812 nat
2505 5778 2572 5823 tua
2591 5774 2782 5824 κηρὸχιηον
2806 5766 2937 5817 γενεὴν
