3704 6274
47 338 124 397 l09
453 382 459 388 .
1468 324 1510 378 Μ

453 382 459 388 .
1468 321 1808 381 MONITUM.

45 451 326 508 nlminister
351 447 492 504 illius
512 445 761 502 facinoris
787 452 949 507 esset,
973 456 1163 498 somno
1192 441 1401 497 hostem
1439 440 1588 496 illum

46 544 252 601 levinxit
275 561 293 597 :
317 550 377 597 et
397 540 614 603 mulier,
638 538 835 609 paxillo
857 545 1070 605 arrepto
1105 543 1159 589 et
1188 533 1403 599 malleo,
1416 532 1596 604 adegit

46 654 115 707 aer
154 645 394 704 tempora
434 634 540 687 ictu
587 642 693 684 tam
736 628 855 682 forti
880 670 893 692 ,
925 637 981 682 ut
1009 628 1167 682 etiam
1202 636 1394 681 terram
1426 640 1591 694 pene-

53 734 181 781 raret
208 742 220 778 :
251 734 307 781 et
334 724 410 779 sic
435 722 649 793 quidem
691 721 781 775 ille
826 720 961 774 intra
993 718 1156 788 pedes
1187 716 1424 772 mulieris
1449 731 1593 771 mor-

43 834 138 876 tuus
159 825 259 874 est.

90 914 138 965 7.
178 908 296 963 Non
339 906 534 962 desunt
578 905 685 958 Deo
724 902 1053 965 occasiones,
1083 908 1284 956 etcum
1315 899 1429 970 ipse
1455 898 1587 964 vult,

42 1002 146 1059 nihil
188 1000 355 1055 refert
401 1012 498 1052 nos
546 997 707 1051 etiam
752 995 1021 1049 sociorum
1069 993 1281 1048 auxiliis
1329 992 1589 1048 destitui:

42 1092 113 1147 Dei
157 1074 324 1151 arma,
372 1088 467 1142 Dei
501 1088 671 1145 miles.
702 1085 794 1139 Dei
848 1085 1036 1149 virtus,
1091 1084 1238 1138 solus
1286 1092 1445 1139 nutus
1496 1083 1591 1138 Dei

42 1182 189 1236 Jmnia
219 1187 461 1249 possunt.
486 1176 597 1231 Hoc
615 1176 827 1231 Christo
854 1175 1095 1229 dicamus
1119 1190 1131 1226 :
1157 1174 1253 1228 Dic
1274 1173 1514 1237 verbum,
1538 1180 1594 1225 et

42 1278 194 1324 hostes
220 1270 296 1323 tui
317 1267 720 1338 dissipabuntur
745 1283 759 1318 :
789 1264 873 1319 dic
909 1265 1152 1325 verbum,
1184 1272 1239 1317 et
1284 1263 1591 1318 misericor-

40 1365 103 1419 dia
149 1363 418 1419 civitatem
452 1369 598 1415 tuam
648 1359 845 1414 aflicies
878 1375 891 1409 :
925 1356 1010 1413 die
1056 1356 1297 1421 verbum,
1329 1365 1383 1410 et
1410 1354 1589 1409 mundi

40 1458 98 1509 lui
138 1453 499 1509 misereberis.
531 1452 777 1505 Dicamus
824 1450 933 1513 illi,
970 1447 1101 1502 Ecce
1126 1449 1288 1501 hostes
1313 1447 1385 1500 tui
1411 1462 1592 1501 sonue-

39 1555 154 1609 runt,
176 1558 223 1599 et
247 1546 333 1615 qui
357 1553 403 1598 te
422 1542 653 1607 oderunt,
685 1542 990 1595 sustulerunt
1010 1549 1161 1610 caput
1194 1538 1363 1611 (Psal.
1397 1537 1486 1593 8‘2.
1508 1536 1587 1608 '5).

38 1638 176 1691 \‘isue
201 1636 421 1690 alterius
462 1634 699 1689 ediscere
727 1632 966 1686 mulieris
992 1641 1334 1701 strategema,
1358 1629 1497 1699 quod
1538 1638 1593 1685 et

38 1733 184 1796 ipsum
225 1727 408 1783 divina
452 1725 725 1781 voluntaté
772 1718 1133 1794 perpetratum
1159 1725 1273 1779 est?
1299 1723 1428 1778 Erat
1452 1723 1590 1778 alius

37 1820 295 1889 quiquam,
327 1819 543 1873 nomine
566 1815 899 1881 Abimelcch,
929 1816 1017 1886 qui
1050 1814 1347 1869 interfectis
1376 1824 1592 1880 Septua-

35 1916 156 1981 ginta
178 1912 451 1977 fratribus,
474 1919 691 1981 totoque
744 1910 938 1979 pepulo
967 1923 1061 1979 per
1095 1906 1197 1962 hoc
1240 1905 1587 1961 fratricidium

35 2006 74 2057 in
108 2019 251 2056 suam
294 2010 611 2073 potestatem
650 2000 897 2064 redacto,
937 1999 1213 2069 oppidum,
1240 1997 1467 2053 admotis
1495 2012 1591 2052 co-

35 2098 133 2162 piis,
156 2111 465 2166 oppugnare
484 2095 641 2162 cmpit
665 2093 722 2163 (.1
729 2091 867 2146 ndic.
894 2087 949 2159 9)
980 2109 994 2145 :
1022 2098 1078 2145 et
1095 2090 1347 2147 omnibus
1372 2090 1437 2145 ad
1461 2090 1587 2146 belli

33 2188 195 2239 faciem
233 2186 473 2239 attonitis
498 2193 552 2240 et
573 2183 903 2253 stupefactis,
934 2182 1075 2236 Deus
1122 2181 1314 2236 iterum
1344 2181 1588 2236 mulieris

33 2294 220 2332 manum
244 2278 533 2343 roboravit,
566 2290 790 2345 eamque
824 2290 855 2329 e
884 2274 1149 2329 moenibus
1176 2266 1409 2342 conspici
1434 2288 1590 2328 cura-

33 2371 107 2435 uit,
130 2385 246 2438 qua:
272 2367 364 2423 ubi
394 2369 618 2422 frustum
639 2366 707 2422 de
734 2365 905 2437 lapide
933 2365 1123 2420 molari
1156 2365 1502 2433 arripuisset,
1533 2364 1585 2418 in

31 2470 162 2529 caput
188 2460 400 2531 tyranni
428 2458 670 2527 projecit,
698 2464 959 2526 caputque
982 2454 1249 2511 contrivit.
1273 2454 1377 2511 Sed
1402 2455 1587 2510 obser-

31 2566 75 2602 ta
105 2551 366 2620 ingentem
399 2548 614 2618 superbi
645 2547 784 2601 illius
820 2546 1109 2616 nequitiam
1128 2560 1248 2599 cum
1290 2546 1405 2615 ipso
1434 2559 1583 2599 com-

31 2641 339 2696 morientem.
388 2639 525 2693 Dicit
550 2637 763 2693 satelliti
795 2636 1021 2692 adstanti
1048 2679 1063 2703 ,
1114 2636 1317 2706 Stringe
1354 2636 1585 2708 gladium

31 2746 163 2799 lmtm,
196 2742 240 2788 et
269 2750 348 2788 me
383 2742 602 2803 percute,
642 2748 704 2785 ne
734 2731 923 2795 dicant,
974 2730 1161 2784 Mulier
1199 2730 1365 2800 ipsum
1400 2729 1585 2783 occidit

30 2826 165 2880 llbid.
188 2843 234 2880 υ.
262 2828 340 2896 ι).
368 2826 573 2895 Corpus
609 2824 939 2879 moriebatur
964 2864 978 2888 ,
1011 2822 1259 2892 superbia
1285 2822 1535 2877 manebat
1564 2836 1577 2874 :

29 2920 162 2973 vitam
202 2919 296 2974 ille
351 2918 563 2987 quidem
607 2934 727 2972 cum
774 2924 946 2971 morte
984 2916 1392 2982 commutabat,
1431 2931 1581 2970 vanae

29 3012 181 3075 gloria:
231 3008 466 3064 studium
516 3023 619 3062 non
675 3008 1055 3062 commutabat.
1106 3006 1171 3061 Et
1216 3006 1429 3078 quidem
1481 3005 1581 3060 hac

28 3109 155 3153 rtate
200 3115 307 3154 non
348 3099 500 3154 deest
528 3099 633 3153 Deo
658 3099 887 3164 Debora,
936 3111 1045 3155 non
1083 3096 1238 3152 deest
1294 3097 1404 3152 Deo
1437 3095 1574 3152 Jael.

27 3193 261 3247 Habemus
288 3200 343 3247 et
372 3207 470 3245 nos
498 3200 733 3245 sanctam
755 3187 1031 3260 Virginem
1051 3205 1114 3245 ac
1141 3190 1234 3245 Dei
1265 3190 1579 3261 genitricem

27 3284 209 3337 llariam
233 3326 245 3345 ,
275 3299 394 3353 qua:
424 3298 519 3351 pro
546 3281 699 3337 nobis
732 3279 1031 3338 intercedit.
1064 3280 1120 3337 Si
1146 3281 1288 3337 enim
1318 3282 1517 3351 qumvis
1547 3297 1578 3337 e

27 3378 152 3445 m‘go
172 3377 365 3431 mulier
388 3375 665 3430 victoriam
692 3375 921 3430 obtinuit
944 3416 960 3442 ,
991 3384 1190 3445 quanto
1225 3375 1392 3443 magis
1416 3374 1577 3429 Citri-

27 3468 71 3521 sti
101 3477 258 3522 mater
294 3466 474 3522 hostes
499 3450 735 3521 veritatis
761 3464 1073 3520 confundit?
1104 3464 1284 3520 Hostis
1311 3464 1398 3519 ille
1426 3464 1575 3520 omni

28 3573 263 3613 armorum
316 3574 510 3629 genere
561 3558 872 3622 instructus,
896 3557 1098 3627 putavit
1145 3557 1425 3611 mulierem
1455 3571 1576 3612 esse

27 3650 111 3701 risu
130 3649 360 3721 dignam,
394 3656 449 3704 et
472 3647 673 3703 invenit
716 3647 906 3704 ducem
935 3655 1249 3704 certantem.
1280 3647 1396 3702 Non
1420 3656 1575 3717 puta-

27 3742 78 3793 rit
104 3757 155 3797 se
183 3757 349 3814 prope
372 3742 680 3813 sepulcrum
716 3755 836 3797 esse
859 3781 875 3807 ,
904 3750 958 3797 et
987 3742 1259 3797 inventum
1289 3751 1370 3797 est
1393 3742 1463 3795 illi
1494 3756 1570 3798 se-

3184 322 3290 390 tto'
3314 364 3325 371 νγ

1700 441 1943 511 pulcrum
1976 458 1989 495 :
2017 451 2281 497 mortuam
2310 443 2454 498 illam
2484 443 2857 510 existimabat,
2886 453 2939 499 et
2967 444 3034 500 ab
3058 445 3168 515 ipsa
3202 447 3281 501 in-

1701 532 1951 588 terfectus
1978 542 2079 587 est.
2113 532 2381 589 Habemus
2424 534 2705 590 Dominam
2758 544 2999 591 nostram
3021 546 3283 595 .sanctam

1698 621 1916 675 Mariam
1938 623 2217 691 Deiparam
2251 640 2264 677 :
2293 623 2386 679 sed
2409 633 2463 678 et
2486 625 2844 694 apostolorum
2879 627 3128 695 precibus
3148 643 3281 696 opus

1698 721 1798 766 est.
1832 712 2078 768 Dicamus
2107 723 2161 767 et
2188 728 2287 768 nos
2326 714 2511 779 Paulo,
2538 715 2982 785 quemadmodum
3029 727 3081 771 et
3124 721 3281 787 prisci

1698 805 1775 859 illi
1808 824 1820 859 :
1854 805 1980 860 Cum
1999 806 2051 859 in
2074 805 2424 861 Macedoniam
2456 810 2803 878 pertransieris
2830 851 2844 875 ,
2870 810 3010 863 nobis
3037 810 3293 863 auxiliare

1698 898 1832 966 (Act.
1866 898 1953 953 l6.
1996 898 2073 970 9).
2126 898 2393 955 Habemus
2444 902 2734 970 apostolos,
2786 916 2853 956 ne
2895 910 3280 971 torpescamus.

1698 987 1986 1046 Habemus.
2015 990 2250 1059 inquam,
2277 987 2545 1045 dominam
2564 1001 2799 1047 nostram
2819 1000 3058 1046 sanctam
3085 993 3279 1061 Deipa-

1698 1096 1831 1145 ram,
1860 1090 1915 1135 et
1934 1095 2145 1152 semper
2167 1079 2436 1151 Virginem
2461 1082 2700 1148 Mariam,
2730 1098 2796 1137 ne
2821 1083 3148 1154 pigritemur.
3182 1083 3279 1137 lla-

1698 1173 1885 1227 bemus
1913 1171 2135 1227 chorum
2157 1184 2473 1245 martyrum,
2505 1189 2572 1229 ne
2608 1173 2825 1229 desides
2871 1176 3057 1231 simus.
3100 1174 3283 1245 Neque

1696 1277 1824 1317 vero
1851 1271 2053 1318 tantum
2082 1278 2394 1333 precemur,
2426 1264 2543 1330 sed,
2567 1264 2611 1318 si
2634 1264 2864 1331 videtur,
2895 1264 3054 1321 etiam
3078 1264 3280 1335 jejuna-

1697 1370 1835 1408 mus.
1878 1354 2054 1410 Satius
2106 1364 2190 1411 est
2227 1354 2469 1425 jejunare
2511 1356 2768 1427 jejunium
2819 1357 3090 1424 desiderii,
3122 1373 3280 1427 quam

1697 1445 1850 1501 famis
1883 1465 1896 1499 :
1928 1446 2114 1513 satius,
2146 1446 2405 1515 jejunium
2434 1447 2733 1502 dilectionis
2755 1489 2770 1513 ,
2803 1464 2959 1517 quam
2994 1449 3301 1503 necessita-_

1698 1538 1784 1591 tis.
1817 1538 2068 1593 Servator
2086 1537 2153 1593 de
2176 1538 2507 1594 daemonibus
2531 1539 2604 1593 ait
2629 1557 2641 1590 :
2676 1538 2843 1593 Genus
2879 1540 2971 1593 hoc
3000 1557 3101 1594 non
3131 1540 3277 1613 ejici-

1697 1641 1779 1684 tur
1801 1631 1899 1685 nisi
1917 1631 1970 1684 in
1998 1631 2282 1684 orationeet
2299 1630 2499 1700 jejunio
2526 1630 2737 1701 (Matth.
2767 1632 2855 1686 17.
2886 1630 3002 1703 20).
3025 1631 3208 1687 Oratio
3227 1642 3288 1687 et’

1690 1722 1947 1792 jejunium
1972 1719 2244 1777 dmmones
2270 1721 2513 1791 profligat
2541 1740 2553 1775 :
2587 1732 2641 1777 et
2668 1722 2928 1777 barbaros
2957 1738 3063 1776 non
3097 1722 3279 1792 profli-

1694 1812 1878 1881 gabit?
1900 1810 2053 1880 Quod
2073 1820 2197 1868 ante
2221 1811 2327 1867 dixi
2354 1826 2539 1867 rursus
2578 1812 2734 1868 dico:
2768 1827 3016 1882 rogemus
3041 1822 3279 1868 sanctam

1694 1902 1981 1974 gloriosam
2002 1903 2271 1973 Virginem
2319 1912 2373 1958 et
2418 1902 2697 1973 Deiparam
2748 1904 3003 1958 Mariam:
3033 1918 3280 1975 rogemus

1693 2003 1907 2052 sanctos
1957 2005 2013 2053 et
2053 1995 2339 2065 prteclaros
2397 1996 2668 2065 aposmlos
2714 2013 2726 2048 :
2774 2011 3023 2067 rogemus
3066 2006 3279 2052 sanctos

1694 2098 1977 2159 martyres.
2006 2087 2063 2144 Si
2090 2087 2209 2159 quis
2238 2088 2553 2142 necessitate
2581 2086 2805 2155 quadam
2832 2088 3070 2151 adactus,
3103 2088 3279 2143 subito

1695 2179 1761 2234 ad
1811 2181 2043 2251 aliquem
2094 2179 2448 2250 potentiorem
2477 2176 2769 2248 confugiat,
2820 2178 2865 2233 is
2914 2194 3018 2234 non
3051 2179 3279 2233 libenter

1692 2273 1866 2343 ipsum
1918 2271 2132 2343 excipit.
2174 2273 2314 2327 Ante
2344 2272 2745 2338 necessitatem,
2774 2271 2942 2342 inquit
2961 2313 2975 2338 ,
3005 2272 3278 2326 nesciebas

1693 2367 1823 2421 mihi
1878 2366 2137 2421 honorem
2185 2374 2239 2419 et
2262 2364 2463 2418 cultum
2513 2372 2789 2433 praestare,
2822 2363 2913 2418 sed
2965 2364 3279 2419 necessitate

1692 2459 1999 2530 compulsus
2024 2459 2076 2514 id
2107 2459 2240 2527 agis.
2274 2458 2435 2512 Extra
2478 2458 2849 2513 necessitatem
2871 2456 3046 2513 honor
3074 2458 3163 2513 ille
3188 2474 3279 2513 su-

1690 2560 1906 2621 spectus
1936 2564 2038 2605 non
2064 2558 2166 2604 est.
2198 2548 2253 2603 Si
2292 2558 2415 2603 ante
2447 2549 2819 2603 necessitatem
2846 2548 3079 2617 judiccm
3108 2550 3277 2617 colas,

1692 2645 1743 2697 iu
1776 2643 2093 2697 necessitate
2128 2640 2423 2711 adiutorem
2452 2642 2708 2711 reperies.
2740 2640 3057 2696 Novitenim
3091 2652 3141 2696 te
3171 2658 3278 2697 non

1690 2735 2026 2799 necessitate,
2058 2733 2151 2788 sed
2200 2747 2381 2787 amore
2426 2732 2527 2802 agi.
2574 2731 2754 2788 Simus
2784 2732 2961 2803 itaque
2984 2742 3276 2805 martyrum

1688 2826 1867 2893 amici,
1898 2842 2001 2879 non
2059 2842 2123 2881 ex
2170 2826 2507 2891 necessitate,
2556 2826 2648 2880 sed
2698 2840 2765 2880 ex
2805 2824 3301 2882 dilectibnezaote”

1689 2926 2077 2988 tempestatem,
2110 2929 2165 2973 ut
2217 2919 2621 2988 tempestatibus
2663 2918 2848 2973 afflicti
2892 2919 3186 2985 doleamus,
3220 2928 3305 2975 ut‘

1688 3012 1739 3067 in
1770 3019 2082 3081 tempestate
2107 3027 2199 3066 ver
2220 3011 2572 3066 inveniamus.
2605 3011 2733 3067 Hmc
2762 3012 3010 3073 dicimus,
3035 3027 3140 3068 non
3172 3013 3275 3067 im-

1686 3112 1971 3174 perantes,
2016 3102 2111 3157 sed
2156 3100 2463 3167 hortantes;
2521 3116 2627 3155 non
2664 3102 2835 3171 legem
2884 3100 3145 3167 ferentes,
3178 3103 3274 3158 sed

1686 3196 2027 3249 obsecrantes
2054 3207 2084 3247 ':
2134 3208 2414 3262 precamur
2443 3202 2497 3245 ut
2527 3206 2713 3246 omnes
2744 3192 2921 3247 sobrie
2942 3194 3139 3247 vivant.
3169 3192 3274 3246 Po-

1686 3297 1987 3343 testantem
2022 3286 2183 3352 Deus,
2218 3293 2411 3354 przeter
2450 3284 2626 3349 fidem,
2662 3293 2854 3353 praeter
2893 3285 3155 3339 rationem
3184 3284 3309 3337 ho-.

1685 3391 1793 3435 διε-ε
1824 3377 2109 3448 ignominia
2149 3376 2382 3442 afficere,
2411 3376 2556 3430 orbis
2594 3374 2833 3431 misereri
2866 3418 2881 3442 ,
2913 3375 3269 3445 imperatores

1686 3474 1888 3527 honore
1918 3470 2155 3533 afficere,
2187 3470 2467 3539 imperium
2495 3468 2730 3535 firmare,
2754 3484 3012 3538 suamque
3047 3468 3271 3538 gloriam

1684 3567 1950 3621 illustrare
1973 3565 2024 3619 in
2047 3563 2260 3618 Christo
2281 3562 2404 3618 Jcsu
2435 3561 2659 3617 Domino
2680 3570 2884 3630 nostro,
2909 3561 2992 3617 cui
3019 3560 3186 3632 gloria
3212 3559 3266 3615 in

1682 3655 1898 3711 saecula.
1926 3656 2117 3710 Amen.

48 3946 3250 3994 Μ

1068 4188 1152 4249 IN
1213 4188 1626 4252 HOMILIAM
1687 4190 2188 4265 SEQUENTEM.

27 4400 193 4470 prima,
227 4411 281 4457 et
310 4399 549 4491 Joannis,
569 4398 699 4455 item
734 4397 931 4491 prima,
961 4415 1082 4469 quae
1115 4407 1235 4491 erat
1258 4399 1444 4491 Opinio
1491 4402 1750 4473 Syrorum
1777 4414 1832 4460 et
1859 4404 2115 4462 Ecclesiae
2140 4406 2515 4478 Antiochense,
2564 4411 2615 4467 id
2668 4414 2811 4485 quod
2857 4415 3059 4473 ibidem
3090 4420 3260 4491 pluri-

27 4493 110 4543 bus
132 4489 700 4546 commonstravimus.
752 4488 882 4544 Inde
908 4505 1039 4545 vero
1071 4490 1334 4545 asseritur
1373 4490 1514 4547 hanc
1543 4493 1842 4559 homiliam,
1874 4495 1918 4550 si
1966 4510 2077 4550 non
2120 4494 2515 4568 Chrysostomi,
2573 4504 2726 4574 cujus
2780 4522 2977 4563 nomen
3017 4488 3257 4581 praefert,

27 4584 223 4655 alicujus
255 4592 409 4640 certe
442 4599 505 4638 ex
543 4581 889 4654 presbyteris,
944 4581 1116 4653 ipsius
1161 4583 1455 4649 sodalibus,
1486 4600 1641 4651 esse;
1688 4586 1741 4641 id
1770 4587 1933 4642 etiam
1959 4588 2102 4653 inde
2130 4591 2409 4660 probatur,
2441 4595 2586 4664 quod
2614 4598 2991 4657 admirandum
3019 4614 3253 4674 patrem,

27 4678 65 4731 id
94 4688 169 4732 est
199 4679 519 4749 episcopum
554 4676 893 4743 Flavianum,
933 4677 1086 4774 quasi
1113 4688 1435 4748 prmseutem
1484 4682 1839 4738 concionator
1859 4696 2253 4742 commemoret
2280 4697 2335 4743 et
2366 4700 2554 4746 contra
2584 4694 2877 4751 Anomceos
2907 4710 3128 4771 pugnet,
3162 4705 3255 4774 qui

27 4778 119 4822 tum
144 4770 461 4841 frequentes
511 4777 669 4824 erant
696 4767 1020 4822 Antiochiae.
1069 4768 1440 4839 Chrysostomi
1496 4781 1645 4827 certe
1693 4789 1802 4828 non
1831 4790 1953 4829 esse
1997 4777 2173 4847 arguit
2219 4780 2530 4835 omnimoda
2576 4784 2697 4854 styli
2747 4767 3054 4855 diversitas,
3105 4767 3256 4851 tanta
3342 4802 3343 4805 ‘

27 4866 490 4936 scilicetquantam
517 4864 605 4920 vix
639 4862 766 4919 alibi
819 4878 1076 4933 umquam
1109 4864 1508 4935 deprehendas.
1554 4867 1735 4925 lnnuit
1776 4868 2177 4938 Tillemontius,
2227 4889 2388 4944 posse
2435 4875 2717 4935 Severiani
2747 4896 2888 4949 esse,
2936 4885 3029 4954 qui
3073 4902 3258 4945 coram

28 4958 387 5028 Shrysostomo
433 4960 846 5028 archiepiscopo
888 4958 1510 5031 Constantinopolitano,
1547 4972 1674 5020 tunc
1717 4966 2026 5037 episcopus,
2070 4968 2521 5039 concionaretur;
2571 4975 2667 5030 sed
2710 4992 2819 5032 non
2872 4979 3258 5042 animadvertit

28 5052 379 5141 lillemontius
415 5053 531 5108 haec
564 5053 617 5107 in
648 5053 891 5109 Ecclesia
924 5055 1158 5123 quadam
1184 5056 1328 5117 dicta
1363 5057 1550 5124 fuissm
1594 5062 1682 5117 ubi
1706 5060 1935 5117 Joannis
1965 5065 2203 5121 secunda
2244 5075 2299 5121 et
2332 5069 2489 5123 tertia
2519 5070 2756 5141 Epistoia
2781 5074 2924 5131 inter
2959 5078 3257 5139 canonicos

36 5138 163 5241 ibros
188 5159 300 5241 non
339 5142 787 5241 admittebantur,
810 5142 863 5241 id
886 5144 1029 5212 quod
1053 5145 1119 5199 de
1149 5145 1489 5201 Antiocltena
1512 5150 1752 5206 Ecclesia
1782 5168 1991 5219 verum,
2015 5163 2225 5210 certum
2248 5138 2697 5233 exploratumque
2732 5176 2838 5233 est,
2877 5177 2935 5223 ut
2969 5170 3082 5241 jam
3115 5138 3258 5231 vidi?

28 5250 117 5287 nus
150 5236 206 5289 in
237 5236 484 5291 Diatriba
514 5236 568 5290 in
593 5235 866 5307 Synopsin
892 5253 1092 5309 supra;
1122 5238 1190 5294 dc
1219 5238 1820 5313 Constantiuopolitana
1857 5263 1987 5303 vero
2026 5246 2268 5306 Ecclesia
2298 5267 2481 5321 nemo,
2520 5258 2663 5326 quod
2707 5260 2896 5329 sciam,
2929 5235 3083 5319 dixit.
3113 5266 3253 5326 Hinc

28 5343 153 5383 »οτι-ο
179 5338 393 5385 certum
426 5331 642 5386 videtur
681 5332 824 5386 hanc
852 5332 1130 5387 homiliam
1176 5333 1477 5389 Antiochia:
1518 5334 1777 5394 Flaviano
1820 5340 2078 5412 episcopo
2125 5356 2392 5413 praesente
2447 5353 2854 5419 pronuntiatam
2890 5356 3079 5415 fuisse,
3137 5359 3253 5416 sub

28 5420 153 5520 luem
175 5420 414 5528 homilia:
442 5420 531 5477 hic
557 5421 805 5528 quisquis
843 5421 913 5527 sit
950 5423 1303 5479 concionator
1341 5441 1461 5481 sese
1490 5440 1738 5499 purgata
1780 5433 2105 5501 quibusdam
2137 5436 2237 5492 sibi
2277 5438 2523 5510 objectis.
2551 5443 2686 5500 Cum
2718 5448 2861 5503 enim
2901 5451 3081 5528 aliqua
3118 5467 3252 5507 con-

28 5512 261 5613 tionando
291 5514 523 5571 dixisset
560 5516 643 5613 ab
672 5516 1016 5573 auditoribus
1043 5517 1184 5572 male
1228 5529 1474 5589 excepta,
1505 5521 1635 5577 hinc
1678 5535 1866 5581 exorto
1913 5544 2149 5596 rumore,
2190 5530 2244 5585 in
2281 5535 2528 5605 sequenti
2574 5539 2835 5595 concione
2876 5512 3086 5613 objecta
3140 5542 3245 5599 sibi
3319 5534 3323 5537 Α

28 5605 223 5679 lepulit,
258 5617 315 5664 et
341 5624 400 5665 se
423 5608 608 5663 omnia
630 5618 883 5665 accurate
917 5609 1216 5667 secundum
1240 5610 1576 5668 Catholicam
1603 5614 1763 5673 fidem
1793 5617 1991 5677 dixisse
2023 5624 2413 5693 comprobavit.
