3704 6274
31 264 133 320 ιιι

1047 272 1112 329 ΙΝ
1154 271 1383 342 ιιιυυ,
1424 274 1493 331 IN
1532 272 1672 342 QUA
1710 274 2146 347 PB’I‘ESTATE,
2185 274 2339 336 ETC.

3217 284 3323 340 8H

47 560 3316 619 Μ

805 957 1034 1047 ΤΟΥ
1105 962 1246 1046 ΕΝ
1316 963 1680 1050 ΑΓΙΟΙΣ
1752 964 2186 1052 ΠΑΤΡΟΣ
2260 964 2583 1051 ΗΜΩΝ

31 1277 1085 1458 ΙΩΑΝΝΟΥ
1142 1283 1583 1456 ΤΟΥ
1618 1282 3320 1462 ΧΡΥΣΟΣΤΟΜΟΥ

653 1697 894 1811 ΕΙΣ
965 1695 1174 1812 ΤΟ
1261 1693 1781 1813 ΡΗΤΟΝ
1880 1694 2088 1813 ΤΟ

1269 1693 1781 1813 ΡΗΤΟΝ
1880 1694 2088 1813 ΤΟ
2167 1690 2732 1839 ΛΕΓΟΝ,

1166 1996 1269 2050 Ἐν
1305 1998 1447 2063 ποίᾳ
1485 1996 1736 2065 ἐξουσίᾳ
1776 1997 1959 2052 ταῦτα
1998 1996 2227 2064 ποιεῖς;

122 2981 201 3031 αι,
235 2975 410 3047 Ἀρχὴ
459 2973 734 3049 σωτηρίας
770 2972 1072 3047 ἀνθρώπων
1109 2973 1137 3026 ὁ
1170 2971 1262 3027 τοῦ
1295 2971 1431 3027 Θεοῦ
1462 2973 1645 3044 φόϐος.

52 3064 151 3117 καὶ
187 3062 322 3135 ῥίζα
351 3063 570 3118 πάντων
597 3064 704 3117 τῶν
734 3062 793 3117 ἐν
824 3063 955 3132 ἡμῖν
975 3060 1197 3129 ἀγαθῶν
1229 3063 1258 3115 ὁ
1282 3058 1376 3113 τοῦ
1406 3060 1539 3114 Θεοῦ
1563 3061 1649 3114 νό-

56 3167 181 3220 μος,
210 3150 342 3204 οὔτε
372 3150 429 3205 δὲ
456 3149 593 3204 Θεοῦ
622 3150 784 3222 νόμος
811 3150 938 3205 ἀνευ
964 3149 1152 3220 φόϐου,
1180 3148 1304 3201 οὐτε
1338 3148 1499 3217 φόϐος
1520 3148 1647 3201 ἀνευ

56 3240 251 3308 νόμου.
302 3239 361 3293 '0
409 3238 519 3311 γὰρ
571 3238 735 3308 νόμος
790 3236 899 3291 τῶν
949 3236 1337 3307 ἐπιταγμάτων
1368 3235 1648 3307 ὑπηρέτην

54 3333 170 3395 ἔχει
208 3328 305 3379 τὸν
334 3326 496 3395 φόϐον
520 3342 534 3356 ’
557 3328 586 3380 ό
620 3325 676 3378 δὲ
723 3324 885 3396 φόϐος
918 3324 1027 3379 τῶν
1058 3324 1542 3395 προστεταγμένων
1572 3323 1649 3377 δι-

56 3416 276 3486 καστὴν
307 3414 421 3486 εχει
466 3414 557 3469 τὸν
591 3413 774 3485 νόμον.
839 3414 896 3467 Ὀ
945 3413 1043 3485 μὲν
1070 3409 1162 3467 οῦν
1214 3412 1362 3485 φόϐῳ
1393 3412 1470 3484 τῷ
1500 3414 1649 3485 νόμῳ

59 3503 527 3576 προσερχόμενος,
556 3504 650 3557 καὶ
693 3502 769 3573 τῷ
805 3501 896 3555 τὸν
939 3502 1103 3572 νόμον
1129 3501 1269 3555 δόντι
1301 3501 1438 3572 Θεῷ,
1473 3501 1650 3572 ἁγίοις

58 3590 504 3661 ἐμπολιτεύεται,
537 3590 633 3645 καὶ
674 3591 841 3654 ὁσίοις
892 3590 1267 3662 ἀναγράφεται
1289 3605 1303 3619 ³
1334 3591 1363 3643 ό
1389 3589 1444 3642 δὲ
1478 3607 1650 3644 κατα·-

59 3678 281 3749 τολμῶν
312 3677 408 3730 τοῦ
443 3677 587 3731 θείου
619 3677 805 3745 φόϐου,
841 3677 937 3730 καὶ
968 3678 1106 3748 μετά
1140 3677 1454 3742 ἀλαζονείας
1482 3694 1650 3750 προσ-

62 3762 291 3836 έρχεται
319 3762 397 3834 τῷ
438 3762 567 3835 θείῳ
616 3763 785 3834 νόμῳ,
816 3762 939 3816 οὔτε
983 3765 1080 3835 τῆς
1130 3764 1349 3835 χάριτος
1381 3764 1645 3830 ἀξιοῦται.

62 3851 202 3904 ἀλλά
226 3849 328 3904 καὶ
358 3849 455 3919 τῆς
486 3850 763 3914 εὐσεϐείας
794 3850 1133 3905 ἐκϐάλλεται.
1166 3853 1268 3905 Διά
1292 3852 1448 3906 τοῦτο
1475 3854 1525 3905 οί
1550 3853 1648 3925 μὲν

63 3939 216 4012 φόϐῳ
240 3940 339 3994 καὶ
369 3939 518 4011 πόθῳ
551 3940 865 4011 προσιόντες
897 3939 974 4012 τῷ
1000 3941 1126 4011 θείῳ
1167 3941 1338 4013 νόμῳ,
1372 3941 1510 4013 μετά
1541 3945 1649 3996 πά-

64 4047 163 4100 σης
191 4028 492 4099 εὐθύτητος
522 4028 860 4083 διδάσκονται
893 4030 987 4083 κα)⁸
1021 4030 1365 4099 φωτίζονται,
1392 4030 1486 4085 καὶ
1518 4031 1649 4104 παρ’

63 4119 238 4189 αὐτῆς
260 4117 363 4187 τῆς
388 4116 642 4188 ἀληθείας
667 4118 836 4189 αὐτὴν
861 4117 1199 4172 παιδεύονται
1223 4119 1321 4189 τὴν
1344 4119 1645 4173 εὐσέϐειαν·

64 4207 439 4260 ὑποπίπτουσι
472 4206 582 4275 γάρ
605 4204 739 4276 αὐτῇ
770 4207 835 4276 τῇ
870 4207 1018 4276 πηγῇ
1051 4204 1151 4276 τῆς
1176 4204 1449 4275 ἀληθείας,
1475 4204 1649 4273 λέγον·

62 4314 152 4361 τες
171 4314 186 4326 ·
231 4295 582 4366 Εὐλογητὸς
606 4291 679 4360 εἴ,
705 4296 881 4363 Κύριε
901 4314 913 4326 ·
937 4295 1188 4361 δίδαξον
1204 4313 1283 4365 με
1314 4296 1386 4350 τὰ
1414 4295 1649 4350 δικαιώ-

63 4388 222 4454 ματὰ
251 4402 391 4440 σου.
444 4383 581 4437 Ἀλλ’
615 4384 663 4438 οί
695 4384 791 4455 μὲν
818 4384 960 4453 άγιοι
991 4383 1164 4449 οὕτως
1208 4383 1475 4449 εὐλαϐεῖς,
1509 4383 1652 4437 οῦτω

67 4472 332 4543 φιλόθεοι,
391 4469 534 4525 οῦτω
571 4473 700 4543 παρ’
734 4470 905 4541 αὐτῆς
952 4470 1123 4541 αὐτὴν
1177 4469 1505 4541 μανθάνουσι
1552 4469 1651 4541 τὴν

66 4563 331 4633 ἀλήθειαν
350 4578 364 4593 ο
387 4563 435 4616 οί
469 4561 524 4616 δὲ
551 4560 653 4631 τῆς
702 4559 959 4632 ἀληθείας
1002 4559 1206 4631 ἐχθροὶ,
1240 4558 1439 4630 μᾶλλον
1464 4559 1520 4612 δὲ
1552 4559 1653 4631 τῆς

69 4653 286 4707 ἑαυτῶν
314 4651 461 4721 ζωῆς
510 4650 772 4719 πολέμιοι,
834 4648 1151 4713 ἀλαζονείαν
1185 4648 1278 4701 καὶ⁸
1329 4648 1497 4717 τῦφον
1550 4648 1654 4719 τῆς

69 4741 378 4812 ἁπλότητος
411 4740 864 4810 προτιμήσαντες,
893 4736 1197 4808 τυραννικῷ
1226 4737 1461 4807 σχήματι
1485 4753 1653 4807 προσ-

70 4831 329 4900 έρχονται
355 4827 433 4897 τῷ
455 4826 555 4895 τῆς
583 4823 864 4886 εὐσεϐείας
891 4822 1214 4895 διδασκάλῳ.
1247 4826 1310 4876 Ὃ
1331 4824 1394 4895 δὴ
1424 4824 1655 4895 πεποιή-

69 4933 203 4971 κασι
234 4915 331 4968 καὶ
370 4912 638 4967 Ἰουδαίων
686 4911 892 4975 παῖδες,
924 4911 998 4975 ὡς
1029 4912 1231 4983 ἀρτίως
1263 4912 1327 4963 ἐκ
1360 4910 1467 4965 τῶν
1490 4912 1655 4981 εὐαγ-

69 5004 310 5075 γελικῶν
328 5001 504 5070 λόγων
531 4998 824 5071 ἀκηκόατε.
870 4997 960 5069 Τῷ
993 4998 1102 5069 γάρ
1137 4997 1327 5067 Κυρίῳ
1353 4997 1513 5067 ἡμῶν
1548 4997 1654 5068 ἰη-

72 5092 193 5152 σοῦ,
216 5088 298 5160 τῷ
328 5086 538 5158 βασιλεῖ
562 5089 670 5140 τῶν
697 5085 887 5155 ἁγίων,
914 5085 1298 5155 ἐνδιατρίϐοντι
1320 5084 1378 5136 ἐν
1410 5083 1488 5155 τῷ
1519 5084 1653 5156 ναῶ,

72 5180 473 5253 προσέρχονται
495 5177 551 5228 ἐν
578 5174 725 5244 αὐτῷ
750 5173 828 5244 τῷ
860 5171 993 5243 ναῷ.
1025 5174 1084 5226 οὐ
1121 5173 1259 5245 μετά
1281 5171 1376 5226 τοῦ
1417 5173 1657 5243 πρέπον-

69 5282 167 5332 τος
213 5266 379 5335 φόϐου
406 5304 420 5328 ι
455 5265 554 5335 οὐχ
585 5261 736 5336 [418]
768 5262 843 5326 ὡς
894 5261 1099 5315 οἰκέται
1135 5260 1368 5332 δεσπότῃ
1394 5303 1407 5323 ,
1443 5262 1542 5332 οὐχ
1581 5262 1657 5327 ὡς

71 5356 357 5427 ἂνθρωποι
405 5352 545 5423 Θεῷ,
606 5348 715 5405 ἀλλ’
749 5349 868 5403 οὐδὲ
907 5349 982 5413 ὡς
1032 5348 1268 5420 μαθηταὶ
1330 5348 1653 5420 διδασκάλῳ.

81 5441 308 5513 Ἐχθροὶ
344 5439 443 5510 τῆς
477 5437 753 5509 ἀληθείας,
783 5436 874 5490 καὶ
903 5436 1135 5508 θηραταὶ
1160 5435 1377 5502 κακίας,
1412 5437 1509 5509 τὴν
1539 5440 1659 5491 ἐαυ.

72 5528 187 5583 τῶν
216 5524 617 5595 ἐνδεικνύμενοι
648 5523 934 5594 πονηρίαν,
974 5524 1253 5594 λογισμοῖς
1296 5524 1657 5595 ἀνθρωπίνοις

75 5614 381 5687 ἐπειρῶντο
412 5612 771 5685 περιγράφειν
802 5609 900 5681 τὴν
921 5609 1111 5679 σοφίαν
1135 5610 1234 5680 τὴν
1262 5611 1653 5682 ὐπερκόσμιον.

77 5699 446 5776 Προσῆλϐον
472 5699 603 5771 γὰρ,
632 5698 797 5771 φησιν
820 5737 837 5765 ,
865 5697 936 5753 ἐν
972 5695 1053 5764 τῷ
1074 5695 1207 5766 ιερῷ
1237 5697 1319 5765 τῷ
1366 5698 1561 5768 Ἰησοῦ
1603 5703 1660 5756 οί

1752 2969 1929 3040 ιερεῖς
1952 2971 2045 3025 καί
2076 2974 2132 3025 οι
2156 2973 2539 3042 πρεσϐύτεροι
2567 2974 2673 3029 τοῦ
2691 2973 2844 3029 ,ιαοῦ
2871 2974 3183 3045 λέγοντες·
3230 2976 3335 3033 Ἔν

1749 3059 1893 3128 ποίςι
1938 3059 2191 3129 ἐξουσίᾳ
2228 3061 2412 3114 ταῦτα
2437 3061 2626 3128 ποιεῖς
2650 3078 2670 3126 ;
2712 3062 2813 3115 καί
2857 3065 2949 3129 τίς
2996 3080 3096 3116 σοι
3144 3062 3333 3119 ἔδωκε

1750 3145 1865 3213 τὴν
1889 3145 2183 3211 ἐξουσίαν
2209 3148 2436 3215 ταύτην
2451 3163 2472 3211 ;
2505 3148 2568 3201 Ὢ
2593 3150 2692 3218 τῆς
2719 3149 2924 3219 ἀφόϐου
2954 3150 3208 3222 καρδίαςι
3231 3152 3335 3206 ὅσα

1749 3232 1950 3305 τολμᾷί
1978 3234 2078 3287 ὅσα
2104 3234 2428 3304 φθέγγεταιι
2455 3236 2555 3289 ὃσα
2579 3234 2714 3306 πρὸς
2739 3235 3055 3302 ἀλαζονείαν
3087 3238 3330 3310 αἴρεταιι

1754 3321 1819 3373 Ὠ
1852 3321 1953 3392 τῆς
1978 3320 2086 3374 τῶν
2128 3319 2382 3392 πονηρῶν
2431 3323 2653 3387 ἀνοίαςι
2708 3322 2754 3376 ὣ
2803 3324 2904 3394 τῆς
2942 3324 3036 3379 τοῦ
3082 3325 3335 3397 Σωτῆρος

1750 3407 2126 3473 ἀνεξικακίαςί
2160 3408 2454 3478 Φθέγγεται
2477 3409 2701 3463 τοιαῦτα
2733 3409 2922 3481 πηλὸς,
2956 3412 3050 3466 καὶ
3082 3412 3334 3482 ἀνέχεται

1749 3497 1779 3551 ὁ
1806 3496 2051 3568 πλάστης
2070 3513 2085 3527 ο
2115 3497 2400 3569 ἐπαίρεται
2424 3497 2568 3552 κατά
2603 3496 2697 3550 τοῦ
2731 3497 3066 3570 δημιουργοῦ
3102 3500 3162 3552 τὸ
3193 3499 3333 3553 πλά-

1752 3604 1887 3657 σμα,
1917 3587 2010 3640 καὶ
2030 3585 2344 3651 ἀνεξικακεί
2370 3590 2399 3640 ό
2431 3587 2727 3658 εὐεργέτης
2760 3589 2788 3640 ό
2810 3587 3101 3653 ἀνεύθυνος
3124 3605 3137 3619 ·
3171 3589 3335 3643 ἀπαι-

1748 3673 1901 3727 τοῦσι
1927 3673 2083 3741 λόγον
2112 3673 2263 3745 παρά
2283 3673 2375 3728 τοῦ
2410 3674 2545 3728 Θεοῦ
2576 3675 2773 3743 Λόγου,
2820 3675 2911 3728 καὶ
2950 3675 3050 3746 τὴν
3086 3677 3333 3743 ἐξουσίαν

1753 3764 2293 3836 πολυπραγμονοῦσι,
2328 3764 2429 3836 τὴν
2463 3765 2708 3837 κορυφὴν
2740 3765 2838 3836 τῆς
2888 3765 3189 3829 αὐθεντίας.
3244 3768 3335 3821 Εἴ-

1753 3870 1942 3922 πωμεν
1971 3852 2239 3923 εὐκαίρως
2261 3853 2352 3907 καὶ
2379 3855 2540 3923 ἡμεῖς
2563 3852 2632 3905 τά
2662 3852 2756 3905 τοῦ
2794 3853 2958 3922 σοφοῦ
2984 3869 2997 3883 ο
3030 3849 3100 3906 Ὦ
3129 3855 3337 3926 ἀνθρω-

1752 3962 1841 4006 πε,
1869 3943 1935 3998 TI
1956 3941 2298 4004 ἁλαζονεύει
2327 3941 2404 4014 γῆ
2428 3942 2525 3999 καί
2551 3944 2809 4010 σποδός;
2841 3943 2972 3997 Θεὸν
2991 3945 3220 4016 ἐρωτᾷς,
3239 3946 3333 4001 καὶ

1750 4032 1907 4100 λόγον
1941 4033 2187 4095 ἀπαιτεῖς
2220 4033 2348 4103 παρ’
2377 4031 2541 4084 αὐτοῦ
2565 4032 2672 4085 τῶν
2698 4032 2842 4085 ἰδίων
2864 4033 3060 4104 ἔργων,
3096 4034 3189 4086 καὶ
3211 4034 3333 4086 τολ-

1757 4121 1863 4191 μᾷς
1898 4118 2079 4185 λέγειν
2128 4119 2265 4191 πρὸς
2314 4119 2414 4189 τὴν
2459 4118 2829 4189 ὐπερκόσμιον
2888 4119 3174 4185 ἐξουσίαν’
3229 4121 3336 4174 Ἔν

1754 4207 1896 4273 ποίᾳ
1946 4206 2196 4274 ἐξουσίᾳ
2225 4204 2411 4258 ταῦτα
2438 4204 2663 4268 ποιεῖςς
2697 4202 2850 4258 Διατί
2898 4204 2954 4258 δὲ
2992 4206 3128 4270 ὅλως
3174 4207 3333 4262 αὐτὸν

1753 4295 1982 4366 ἐρωτᾷς,
2044 4294 2136 4344 καὶ
2167 4293 2266 4345 οὐκ
2326 4291 2498 4362 αὐτὴν
2558 4289 2657 4362 τὴν
2715 4290 3055 4361 πραγμάτων
3106 4291 3334 4363 δύναμιν

1752 4381 1974 4453 ἐρευνᾷς
1995 4397 2009 4445 ;
2046 4379 2327 4434 Ἐεέτασον
2357 4379 2518 4443 αὐτὸς
2539 4378 2780 4448 ἀκριϐῶς
2810 4381 2867 4432 ὲν
2890 4378 2967 4449 τῷ
2991 4381 3215 4451 κρυπτῷ
3236 4383 3333 4451 τῆς

1751 4473 1926 4543 ψυχῆς
1955 4472 2342 4544 βουλευτηρίῳ,
2371 4470 2470 4542 τὴν
2498 4470 2605 4524 τῶν
2638 4469 2982 4542 πραγμάτων
3018 4470 3179 4538 φύσιν
3210 4472 3332 4522 ἐπι-

1754 4562 2114 4633 σκεψάμενος,
2154 4563 2203 4615 εί
2258 4561 2606 4632 ἀνθρωπίνης
2656 4561 2802 4613 ἐστὶν
2830 4559 3037 4623 ἐννοίας
3086 4561 3157 4613 τὰ
3186 4559 3333 4627 γινό-
3450 4604 3453 4607 .

1757 4669 1914 4722 μενα,
1936 4650 1970 4721 ἦ
1994 4649 2144 4710 θείας
2172 4648 2457 4712 αὐθεντίας
2484 4648 2551 4702 τά
2575 4648 2652 4719 τῷ
2681 4646 2869 4719 Κυρίῳ
2900 4646 3331 4718 κατορθούμενα.

1767 4738 2072 4809 Ἐρώτησυν
2100 4738 2195 4790 καὶ
2242 4736 2457 4799 φύσεως
2490 4735 2708 4804 νόμους,
2751 4735 2845 4788 καὶ
2876 4733 3123 4799 ἐξουσίας
3149 4735 3329 4804 ὅρους,

1754 4827 1848 4879 καὶ
1878 4825 2153 4895 λογισμῶν
2186 4824 2526 4888 ἀκολουθίαν,
2564 4824 2695 4876 ποία
2724 4822 2943 4887 ἐξουσία
2984 4823 3206 4876 δύναται
3248 4839 3333 4876 νε-

1755 4913 1921 4984 κροὺς
1946 4913 2175 4982 ἐγεῖραι,
2192 4908 2540 4981 ἀνθρώπωνῆ
2556 4908 2691 4963 Θεοῦ
2711 4924 2727 4974 ;
2749 4908 2843 4971 Τίς
2862 4907 3084 4964 δύναται
3098 4908 3334 4981 λεπροὺς

1756 4999 2059 5071 καθαίρειν,
2088 4998 2183 5052 καὶ
2209 4998 2398 5062 νόσους
2423 4995 2768 5061 ἀπελαύνειν,
2807 4996 2903 5049 καὶ
2937 4998 3116 5052 πᾶσαν
3143 4997 3334 5069 ψυχῶν

1756 5089 1852 5143 καὶ
1882 5088 2150 5159 σωμάτων
2177 5087 2489 5160 ἀρρωστίαν
2517 5085 2661 5156 λόγῳ
2690 5085 2837 5157 μόνῳ
2866 5083 3117 5153 ὃιώκειν;
3156 5082 3288 5140 Εἶτα
3314 5129 3328 5152 ,

1755 5178 1839 5241 τίς
1863 5176 2084 5231 δύναται
2112 5175 2219 5230 ἀπὸ
2249 5174 2423 5247 πηλοῦ
2454 5173 2765 5244 ὀφθαλμοὺς
2798 5171 3113 5239 διαπλάσαι,
3136 5173 3269 5237 Θεὸς
3296 5176 3335 5247 ἦ

1756 5264 2075 5336 ἀνθρωπος;
2101 5263 2254 5317 Διατί
2304 5264 2378 5335 μὴ
2402 5263 2505 5334 τὴν
2536 5261 2698 5331 φύσιν
2738 5261 2907 5333 αὐτὴν
2933 5261 3043 5315 τῶν
3076 5265 3337 5334 πραγμά-

1755 5372 1864 5409 των
1892 5354 2119 5425 ἐρωτᾷς,
2153 5351 2289 5407 ἀλλά
2323 5352 2462 5423 μετά
2491 5349 2828 5422 θρασύτητος
2856 5350 2947 5404 τὸν
2975 5350 3214 5421 ἐργάτην
3234 5368 3333 5405 πο.

1757 5442 2159 5513 λυπραγμονεῖς
2210 5440 2385 5509 λέγων
2406 5481 2423 5507 ,
2469 5440 2572 5494 Ἐν
2621 5438 2764 5505 stola
2833 5436 3088 5505 ἐξουσίᾳ
3142 5437 3335 5492 ταῦτα

1762 5529 1985 5596 ⁴ιιτοιιςῖςς
2029 5528 2495 5599 Ἐπαναλαμϐἀνω
2521 5526 2630 5599 γάρ
2655 5526 2724 5581 τά
2772 5524 2994 5597 ῥήματα
3031 5524 3194 5578 πάλιν
3224 5525 3336 5580 τῶν

1763 5618 1830 5672 τὰ
1851 5617 2028 5671 πάντα
2050 5617 2250 5688 ῥᾳδίως
2275 5614 2618 5687 τολμίιντων,
2647 5611 2754 5666 τῶν
2779 5608 3155 5666 ἀπαιτούντων
3174 5612 3334 5681 λόγου

1766 5706 1855 5761 τὸν
1882 5705 1972 5759 τοῦ
1999 5704 2135 5760 Θεοῦ
2164 5705 2354 5774 Λόγον,
2389 5704 2481 5758 καὶ
2511 5700 2870 5776 περιγράφειν
2905 5699 3183 5773 λογισμοῖς
3216 5704 3333 5757 ἐπι-
