3720 6276
412 303 519 361 ιιε

410 416 736 491 χειρούντων
760 415 852 469 τὸν
877 416 1242 485 δρασσόμενον
1273 413 1395 477 τοὺς
1428 416 1622 484 σοφοὺς
1666 415 1724 469 ἐν
1756 417 1820 485 τῇ
1849 430 1984 466 παν-

411 506 607 576 ουργία
628 504 827 557 αὐτῶν.
855 504 920 554 Ὢ
939 502 1040 572 τῆς
1068 502 1249 565 ἀνοίας
1274 504 1287 556 ί
1319 502 1438 572 Θεῴ
1461 504 1619 573 Λόγῳ
1650 502 1984 574 προσάγουσι

414 595 610 660 πεῖραν
638 590 828 658 λόγων,
878 581 924 655 ᾧ
954 591 1105 641 πάσα
1139 589 1301 659 τέχνη
1336 589 1509 656 λόγων
1552 588 1840 651 εὐάλωτος,
1890 589 1986 641 καὶ

414 681 561 731 πᾶσα
589 675 865 746 λογισμῶν
893 675 1306 753 μεμελετημένη
1327 676 1520 745 πλοκή.
1546 675 1609 728 Τί
1639 676 1747 746 γάρ
1776 674 1987 745 ἀνθρὼ-

414 783 567 828 πινος
603 764 775 834 ίσχύει
809 764 964 830 λόγος
1005 762 1140 832 πρὸς
1182 763 1314 814 Θεὸν
1352 762 1560 829 Λόγον;
1591 762 1645 814 τί
1684 763 1741 815 δὲ
1771 779 1987 831 σεσοφι-

414 854 588 923 σμένη
616 850 781 904 κακία
806 850 941 919 πρὸς
974 848 1341 919 ὐπερκόσμιον
1372 848 1560 917 σοφίαν
1585 865 1600 914 ;

497 940 593 992 Ἐν
619 939 758 1005 ποίᾳ
790 937 1042 1004 ἐξουσίᾳ
1070 936 1252 990 ταῦτα
1280 936 1503 1002 ποιεῖς;
1543 935 1848 1007 Ἐρώτησον
1893 936 1985 989 τὸν

414 1025 805 1096 παραλυτικὸν,
834 1024 919 1076 διά
955 1022 1112 1086 ποίας
1152 1022 1400 1087 ἐξουσίας
1444 1024 1523 1085 εἰς
1555 1022 1719 1093 ρῶσιν
1762 1023 1975 1076 ἀνακλί·

413 1129 597 1165 νεταιο
656 1110 928 1181 ἐρώτησον
966 1109 1239 1178 θαύματα,
1299 1110 1392 1163 καὶ
1428 1109 1502 1179 μὴ
1543 1110 1983 1181 πολυπραγμόνει

411 1200 504 1252 τοῦ
560 1189 960 1269 θαυματοποιοῦ
1005 1198 1102 1269 τὴν
1157 1198 1420 1264 ἐξουσίαν.
1476 1201 1589 1253 Οὐκ
1632 1200 1983 1270 ἀποκρίνεται

410 1290 539 1358 ὑμῖν
569 1291 602 1359 ή
651 1288 772 1342 θεία
823 1288 1000 1358 χάρις,
1051 1287 1301 1353 ἀναξίους
1352 1288 1695 1359 ἀποκρίσεως
1725 1290 1982 1356 κρίνουσα

407 1379 533 1440 τούς
558 1375 743 1438 κακῶς
767 1375 1101 1446 ἐρωτῶντας.
1136 1374 1387 1441 Τοιοῦτος
1407 1378 1513 1449 γάρ
1541 1380 1568 1431 ό
1593 1378 1685 1431 τοῦ
1719 1376 1853 1431 Θεοῦ
1881 1378 1983 1432 A6-

408 1482 534 1533 70;°
566 1467 695 1517 ὅταν
747 1464 830 1535 ἴδη
885 1464 1061 1534 ψυχὴν
1113 1463 1330 1517 σκολιὰν
1376 1467 1471 1518 καὶ
1518 1464 1978 1535 διεστραμμένην,

406 1552 718 1606 ἀποσείεται
747 1552 914 1622 αὐτὴν
942 1552 1017 1614 ὡς
1048 1551 1272 1617 ἀναξίαν
1300 1551 1402 1623 τῆς
1430 1552 1670 1623 χάριτος,
1696 1553 1789 1606 καὶ
1810 1552 1981 1606 πολλὰ

408 1640 665 1703 πολλάκις
692 1638 1009 1703 σπουδάζων
1050 1638 1362 1709 μανθάνειν,
1394 1640 1653 1710 ἀλήθειαν
1691 1640 1751 1693 οὐ
1785 1640 1980 1711 τυγχάο

403 1746 484 1782 νει
521 1726 671 1800 παρὰ
697 1727 793 1796 τῆς
840 1724 1116 1796 ἀληθείας.
1165 1725 1472 1797 Ἐρωτῶσιν
1518 1726 1755 1780 Ἰουδαῖοι
1784 1726 1979 1780 πολλά-

402 1835 510 1881 κις,
536 1818 629 1870 καὶ
647 1816 767 1869 οὐδέ
797 1816 942 1881 ἅπαξ
977 1816 1359 1885 μανθάνουσιν,
1394 1817 1580 1889 ἐπειδὴ
1623 1819 1806 1881 κακῶς
1840 1820 1979 1889 ἐρω-

400 1905 581 1958 τῶσιν.
614 1905 703 1967 EE;
729 1902 981 1957 τοσοῦτον
1007 1903 1186 1957 αὐτῶν
1219 1903 1317 1966 τάς
1348 1904 1525 1975 ψυχὰς
1552 1905 1869 1970 ἐϐασάνιζεν
1896 1907 1976 1970 ek

399 1992 589 2063 όδύνην
615 1993 647 2062 ή
676 1991 770 2045 τοῦ
793 1992 1040 2063 Σωτῆρος
1069 1993 1269 2063 σιωπὴ,
1294 1992 1370 2056 ὡς
1390 1995 1564 2047 εἰπεῖν
1582 1994 1703 2048 τότε
1728 1994 1789 2047 τὸ
1810 2012 1976 2066 πονη-

404 2080 494 2149 ρὸν
524 2082 697 2133 ἐκεῖνο
731 2079 1003 2150 συνέδριον
1024 2097 1037 2109 ο
1073 2080 1228 2146 Ἕως
1246 2082 1391 2135 πότε
1420 2080 1537 2149 τὴν
1563 2080 1777 2151 ψυχὴν
1803 2080 1977 2151 ήμῶν

401 2167 555 2240 [419]
582 2169 800 2237 αῖρεις;
830 2172 896 2222 Εἰ
920 2168 1002 2221 σὺ
1034 2164 1091 2222 εί
1115 2171 1149 2222 ό
1175 2169 1445 2237 Χριστὸς,
1479 2169 1611 2223 sua}
1646 2169 1792 2239 ἡμῖν
1812 2162 1976 2239 παῤ-

394 2258 603 2325 ρησίςι.
651 2257 787 2309 Ἀλλ’
825 2256 945 2309 οὐδὲ
986 2256 1122 2326 μετά
1159 2256 1363 2327 ταύτην
1412 2257 1597 2321 αὐτοῖς
1644 2257 1741 2329 τὴν
1790 2258 1974 2329 φωνὴν

399 2344 755 2412 ἀποκρίνεται
776 2362 789 2375 ο
824 2344 1030 2409 ἀνάξιοι
1054 2346 1162 2416 γάρ
1184 2341 1322 2416 ἦσαν
1352 2346 1695 2417 ἀποκρίσεως
1716 2349 1765 2400 οί
1788 2347 1975 2411 κακῶς

401 2430 731 2501 ἐρωτῶντες.
772 2432 836 2484 Τί
874 2428 967 2484 οῦν
1015 2432 1152 2504 πρὸς
1196 2432 1395 2495 αὐτοὺς
1425 2436 1455 2486 6
1503 2434 1732 2506 Σωτήρ;
1782 2431 1975 2489 Εἶπον

400 2519 561 2587 ὑμῖν,
585 2518 685 2572 καί
701 2521 811 2574 οὐκ
832 2519 1134 2587 ἠκούσατε
1151 2534 1166 2549 ο
1189 2520 1247 2573 τί
1266 2520 1454 2575 πάλιν
1477 2521 1681 2576 θέλετε
1696 2524 1972 2587 ἀκούειν;

406 2609 484 2662 Τὰ
504 2608 665 2677 ἔργα,
698 2607 737 2662 ἂ
764 2608 878 2677 ἐγὼ
914 2608 1092 2674 ποιῶ,
1121 2609 1309 2664 ταῦτα
1341 2611 1625 2679 μαρτυρεῖ
1645 2613 1776 2680 περὶ
1799 2611 1967 2681 ἐμοῦ.

409 2698 573 2770 Ὁρᾷς
598 2699 680 2752 ὅτι
719 2698 964 2767 βούλεται
991 2698 1059 2752 τά
1098 2699 1234 2770 ἔργα
1263 2700 1591 2770 ἐρωτᾶσθαι.
1632 2701 1727 2757 καὶ⁹
1775 2702 1848 2774 μὴ
1873 2702 1971 2774 τὴν

399 2785 645 2852 ἐξουσίαν
703 2785 1312 2857 πολυπραγμονεῖσθαι;
1383 2788 1688 2859 Ἐρωτῶσιν
1723 2792 1773 2843 οί
1842 2792 1972 2845 ἰου-

397 2873 556 2936 δαῖοι,
596 2876 665 2927 El
694 2873 775 2927 σὺ
808 2871 867 2928 εἴ
902 2878 935 2927 ὁ
961 2875 1233 2942 Χριστὸς,
1265 2876 1398 2930 εἰπὲ
1436 2875 1583 2945 ἡμῖν
1620 2878 1928 2947 παρρησίᾳ
1951 2896 1966 2910 θ

396 2959 507 3026 ἕως
546 2961 689 3013 πότε
711 2960 823 3029 τὴν
859 2961 1071 3031 ψυχὴν
1100 2964 1267 3032 ήμῶν
1287 2964 1506 3032 αῖρεις;
1538 2964 1633 3020 καὶ
1676 2966 1739 3018 οὐ
1789 2965 1969 3020 δίδωσι

397 3051 461 3119 τῇ
490 3048 791 3120 ἀμφιϐολίᾳ
821 3042 973 3103 λύσιν
992 3068 1005 3080 ·
1042 3048 1267 3121 ήρὼτων
1317 3053 1425 3123 γάρ
1454 3053 1551 3123 οὐχ
1580 3054 1666 3107 ἵνα
1703 3053 1966 3124 μάθωσιν,

397 3136 617 3190 ἀλλ’ἵνα
644 3139 1109 3209 κατηγορήσωσιν.
1150 3140 1207 3192 ὐ
1238 3140 1294 3193 δὲ
1322 3141 1611 3214 ἀρχιερέας
1640 3142 1913 3212 Καϊάφας,
1940 3144 1969 3197 6

394 3228 493 3296 τῆς
532 3227 853 3297 συναγωγῆς
883 3227 1096 3297 ἐκείνης
1124 3226 1292 3294 ἄξιος,
1325 3231 1404 3294 είς
1431 3230 1681 3285 τοσοῦτον
1703 3226 1832 3303 ἦλθε
1860 3249 1968 3303 μα-

393 3315 533 3380 νίας,
575 3314 650 3380 ὡς
694 3316 898 3371 εἰπεῖν’
949 3316 1184 3386 Ὁρκίζω
1231 3333 1305 3372 σε
1344 3318 1495 3372 κατὰ
1529 3319 1635 3374 τοῦ
1675 3320 1822 3375 Θεοῦ
1860 3321 1968 3376 τοῦ

394 3402 626 3469 ζῶντος,
653 3404 783 3458 εἰπὲ
811 3404 1040 3473 ἠμῖν,εὶ
1070 3405 1152 3459 σὺ
1178 3401 1236 3460 εί
1258 3410 1290 3461 ό
1320 3408 1449 3473 Υἱὸς
1470 3406 1576 3461 τοῦ
1596 3408 1966 3478 Εὑλογητοῦ.

406 3491 462 3544 '0
478 3491 534 3544 δὲ
551 3492 741 3563 Σωτὴρ
761 3491 1023 3546 διδάσκων
1042 3495 1191 3564 ἡμᾶς
1206 3495 1331 3557 τοὺς
1346 3495 1535 3562 λόγους
1553 3496 1669 3566 μετ’
1686 3496 1969 3562 εὐλαϐείας

392 3578 662 3648 δέχεσθαι,
700 3578 835 3649 πρὸς
865 3576 966 3649 μὲν
998 3580 1088 3634 τὸν
1136 3582 1295 3651 ὅρκον
1336 3583 1707 3654 ἀποκρίνεται,
1740 3584 1875 3653 πρὸς
1910 3584 1967 3638 δὲ

393 3665 454 3719 τὸ
486 3665 955 3736 άμφιϐαλλόμενον
976 3666 1127 3721 λύσιν
1165 3670 1265 3723 οὐκ
1313 3670 1532 3724 ἔδωκεν.
1570 3673 1737 3735 Εἰπὲ,
1780 3673 1965 3743 φησὶν,

397 3752 559 3821 ἡμῖν,
590 3755 643 3806 ει
668 3752 748 3807 σὺ
768 3747 826 3807 εἴ
855 3756 887 3807 ό
919 3754 1052 3821 Υἱὸς
1082 3754 1185 3809 τοῦ
1224 3756 1595 3827 Εὑλογητοῦ.
1631 3757 1792 3829 Λέγει
1831 3760 1967 3832 πρὸς

394 3840 556 3894 αὐτὸν
579 3841 607 3894 6
628 3839 830 3913 Κύριος
854 3856 868 3872 ο
898 3840 981 3895 Σὺ
1030 3836 1203 3909 εἶπας
1221 3858 1234 3872 ·
1270 3843 1363 3898 καὶ
1394 3843 1484 3898 τὸν
1505 3846 1664 3917 ὅρκον
1708 3846 1966 3919 ἐτίμησεν

390 3927 748 4001 ὁμολογήσας,
791 3926 887 3981 καὶ
906 3927 1003 4000 τὴν
1024 3927 1222 3984 κακίαν
1258 3930 1359 3985 οὐκ
1390 3931 1823 4004 ὲπληροφόρησε,
1849 3935 1967 4005 βδε-

390 4014 689 4087 λυξάμενος
716 4015 816 4088 τήν
848 4018 1200 4089 πανουργίαν.
1264 4018 1565 4093 Ἐζήτησαν
1612 4022 1663 4075 οι
1725 4023 1967 4077 Ἰουδαῖοι

391 4103 577 4169 κακῶς
599 4143 614 4170 ,
666 4104 762 4158 καὶ
812 4104 1159 4177 ἀποκρίσεως
1201 4106 1301 4160 οὐκ
1328 4106 1515 4178 ἔτυχον
1539 4127 1553 4142 ο
1589 4110 1684 4163 καὶ
1717 4110 1865 4180 μάλα
1901 4129 1965 4180 γε

391 4192 644 4257 εἰκότως’
670 4193 875 4248 σκολιοὶ
894 4193 1003 4267 γάρ
1029 4195 1277 4267 λογισμοὶ
1301 4198 1626 4269 χωρίζουσιν
1672 4198 1782 4253 ἀπὸ
1804 4199 1962 4255 Θεοῦ.

389 4282 503 4334 Οὐκ
530 4281 827 4353 ἐπέτρεπεν
857 4282 1022 4337 αὐτοῦ
1050 4285 1149 4355 τὴν
1181 4285 1373 4355 σοφίαν
1401 4288 1513 4350 τοῖς
1542 4286 1723 4350 κακῶς
1750 4288 1849 4359 τὴν
1878 4306 1968 4344 σο-

389 4370 518 4438 φίαν
541 4367 705 4422 αὐτοῦ
733 4368 1296 4440 πολυπραγμονοῦσιν.
1330 4374 1432 4439 Et;
1470 4375 1837 4444 κακότεχνον
1856 4375 1966 4447 γὰρ

389 4456 601 4527 ψυχὴν
621 4459 733 4512 οὐκ
761 4460 1172 4514 είσελεύσεται
1199 4461 1405 4530 σοφία.

462 4581 529 4651 β’.
558 4581 667 4635 Καὶ
694 4582 743 4636 οἱ
772 4582 873 4653 μὲν
906 4584 1164 4650 πολλάκις
1187 4587 1544 4659 ζητήσαντες,
1586 4591 1684 4661 οὐχ
1729 4585 1885 4663 εῦρον
1905 4595 1965 4648 τὸ

390 4669 721 4741 ζητούμενον
742 4686 761 4703 ·
794 4670 927 4743 γυνὴ
959 4670 1017 4725 δέ
1047 4690 1132 4736 τις
1171 4673 1373 4739 ἀδόλως
1420 4677 1511 4730 καὶ
1535 4678 1734 4749 γνησίᾳ
1784 4678 1963 4733 πίστει

389 4758 780 4830 προσελθοῦσα,
809 4760 870 4813 οὐ
911 4760 1221 4832 πειράσασα
1265 4762 1366 4834 τὴν
1397 4763 1778 4835 ἀκατάληπτον
1803 4765 1962 4819 δύνα-

391 4865 504 4920 μιν,
531 4848 666 4904 ἀλλά
695 4848 789 4902 καὶ
826 4849 884 4903 ἐν
908 4849 1172 4921 ἁπλότητι
1207 4850 1288 4922 τῷ
1329 4853 1520 4926 Κυρίῳ
1546 4854 1918 4925 προσελθοῦσα
1941 4893 1963 4924 ,

387 4937 482 4990 καὶ
512 4936 641 5008 ψιλῇ
677 4937 774 5007 μὲν
801 4940 866 5008 τῇ
893 4937 1056 5006 λέξει,
1095 4940 1295 5012 γνησίᾳ
1325 4941 1385 4995 δὲ
1432 4947 1499 5015 τῇ
1530 4944 1708 4998 πίστει
1739 4946 1962 5017 φήσασα

389 5024 525 5096 πρὸς
547 5026 709 5078 αὐτόν
723 5041 738 5055 ·
767 5027 1021 5096 οιόαμεν
1044 5029 1133 5083 ὅτι
1156 5030 1304 5087 ὅταν
1322 5034 1468 5100 ἔλθῃ
1498 5036 1772 5100 Μεσσίας
1805 5038 1838 5088 ὁ
1862 5037 1962 5087 λε-

388 5112 637 5180 γόμενος
658 5114 928 5182 Χριστὸς,
967 5118 1152 5183 αὐτὸς
1172 5119 1315 5188 ἡμῖν
1334 5120 1570 5175 ἅπαντα
1602 5122 1924 5191 ἀναγγελεῖ
1939 5142 1955 5158 ο

388 5197 589 5262 εὐθέως
612 5200 809 5270 ήκουσε
838 5203 988 5272 παρά
1013 5203 1107 5258 τοῦ
1131 5206 1452 5272 ἀγαπῶντος
1474 5210 1751 5280 ἁπλότητα
1767 5227 1781 5242 ⁸
1810 5211 1960 5279 Ἐγώ

384 5288 503 5358 ειμι
553 5290 589 5343 ὁ
632 5290 838 5344 λαλῶν
885 5307 1003 5346 σοι.
1055 5293 1281 5348 Οὐδέπω
1307 5296 1577 5367 ἠρώτησε,
1617 5299 1711 5352 καὶ
1757 5299 1957 5365 εὐθέως

386 5375 618 5448 ἔμαθενο
648 5378 859 5433 οὐδέπω
881 5380 972 5434 τὸν
1007 5381 1107 5450 τῆς
1142 5381 1379 5446 πίστεως
1397 5383 1619 5457 ἔσπειρε
1651 5386 1827 5456 λόγον,
1861 5390 1955 5443 καὶ

386 5465 586 5531 εὐθέως
628 5467 719 5522 τὸν
752 5468 961 5539 καρπὸν
1001 5469 1102 5540 τῆς
1133 5470 1412 5535 εὐσεϐείας
1466 5471 1728 5543 ἐθέρισεν.
1767 5477 1956 5546 Ἄγιος

385 5555 493 5625 γάρ
522 5557 551 5608 6
585 5555 736 5621 Θεὸς,
766 5557 955 5621 ἁπλοῖς
992 5558 1083 5611 καὶ
1106 5558 1282 5628 ἁγίοις
1305 5560 1806 5633 ἐπαναπαυόμενος,
1825 5566 1954 5621 ὅταν

385 5642 662 5713 ἁπλότητα
701 5645 782 5715 ῖδῃ
806 5645 897 5698 τοῦ
925 5648 1362 5719 προσερχομένου
1387 5689 1402 5713 ,
1452 5652 1613 5705 ἁπλοῖ
1657 5654 1752 5707 καὶ
1788 5655 1952 5719 αὐτὸς

387 5729 488 5799 τῆς
505 5730 697 5786 ἑαυτοῦ
716 5733 901 5803 σοφίας
917 5734 1012 5805 τὴν
1031 5736 1346 5809 εὐεργεσίαν
1367 5756 1381 5772 ⁸
1400 5740 1531 5796 ὅταν
1554 5742 1638 5813 ἴδῃ
1658 5741 1947 5812 διεστραμ-

1872 298 2193 356 mrm;
2294 304 2299 343 ὲ

3546 311 3645 367 414

2093 411 2262 482 μένην
2297 417 2465 489 κακίᾳ
2494 418 2692 490 ψυχὴν,
2722 422 2921 475 κωλύει
2955 417 3051 489 τὴν
3084 424 3429 495 εὐεργεσίαν,
3468 424 3567 476 καὶ
3590 427 3646 476 οὐ

2085 500 2367 567 προσίεται
2419 505 2515 575 τὴν
2552 506 2920 565 διδασκαλίαν.
2961 510 3158 564 Ἄκουε
3193 509 3357 565 αὐτοῦ
3404 509 3648 577 λέγοντος

2082 582 2174 636 διά
2198 586 2471 652 manu);
2489 606 2505 622 ο
2540 592 2682 645 Ἐὰν
2701 594 2868 661 ὑμεῖς
2896 596 3231 664 πορεύησθε
3275 595 3429 666 πρός
3451 613 3529 664 με
3562 596 3647 662 ὀρ·

2084 674 2199 737 θοί,
2240 673 2402 743 κάγὼ
2425 677 2574 745 πρὸς
2593 678 2749 748 ὑμᾶς
2773 681 2946 747 ὀρθός
2970 700 2984 714 ο
3008 682 3104 735 ἐὰν
3129 683 3185 735 δὲ
3219 684 3375 754 ὑμεῖς
3408 680 3646 747 πλάγιοι.

2086 759 2240 828 κάγὼ
2272 765 2542 835 χρήσομαι
2575 766 2701 835 ὑμῖν
2730 767 2886 838 θυμῷ
2915 768 3125 839 πλαγίῳ
3145 786 3163 802 ο
3182 771 3281 838 οὐχ
3301 770 3379 822 ὅτι
3408 769 3509 839 τὴν
3528 770 3645 820 ἐαυ-

2085 847 2185 917 τῆς
2214 850 2484 923 εὐθύτητα
2512 853 2796 922 πλαγιάζει
2831 857 2863 926 ή
2904 856 3022 910 θεία
3048 857 3241 927 φύσις,
3268 857 3380 911 ἀλλ’
3424 858 3508 911 ὅτι
3544 862 3646 919 τοῖς
3690 850 3691 915 Ῐ

2086 941 2341 1007 πονηροῖς
2367 942 2486 992 κατ’
2515 940 2728 995 εὐθεῖαν
2752 941 2819 995 τὰ
2844 942 2994 1015 παρά
3025 943 3121 1013 τῆς
3148 944 3404 1014 ἀληθείας
3433 946 3538 997 οὐκ
3561 944 3643 1014 ἔρ-
3690 946 3691 985 ἲ

2084 1042 2258 1095 χεται.
2301 1028 2403 1081 Ἑν
2435 1032 2575 1097 ποίᾳ
2604 1030 2857 1097 ἐξουσίᾳ
2900 1033 3084 1087 ταῦτα
3113 1033 3299 1099 ποιεῖς
3321 1049 3339 1096 ;
3364 1034 3403 1101 ἢ
3436 1033 3531 1098 τίς
3558 1050 3644 1087 σει

2083 1113 2267 1166 ἔδωκε
2302 1113 2416 1183 τὴν
2440 1115 2729 1181 ἐξουσίαν
2764 1120 3022 1186 tacitur;
3072 1119 3203 1172 Ὀδέ
3236 1120 3428 1191 Σωτὴρ
3449 1120 3639 1183 αὐτοῖς.

2093 1198 2359 1256 Ἐνταῦθα
2382 1203 2637 1275 πρόσεχε,
2669 1205 2785 1269 πῶς
2813 1207 2936 1278 ὅρον
2976 1208 3103 1277 ήμῖν
3147 1208 3237 1260 καὶ
3266 1208 3471 1260 κανόνα
3513 1208 3644 1260 διδα-

2084 1288 2308 1351 σκαλίας
2347 1289 2660 1345 ὑποτίθεται
2705 1294 2733 1345 6
2765 1294 2980 1346 πάντων
3014 1291 3228 1365 Κύριος.
3266 1294 3361 1357 Τίς
3411 1293 3473 1347 δὲ
3503 1288 3643 1357 οὗτός

2082 1376 2197 1428 ἐστι
2223 1393 2238 1442 ;
2268 1376 2525 1431 Βούλεται
2557 1380 2703 1449 ἡμᾶς
2730 1378 2869 1431 ὥστε
2904 1384 3017 1443 τοῖς
3044 1383 3296 1450 πονηροῖς
3326 1382 3640 1450 αίρετικοῖς,

2092 1462 2363 1529 Ἰουδαίοις
2383 1464 2415 1535 ἢ
2438 1464 2717 1537 Ἕλλησιν,
2741 1468 2774 1537 ἢ
2811 1467 3016 1538 ἐτέροις
3055 1467 3195 1520 τισὶν
3230 1467 3644 1538 ἀπεσχισμένοις

2079 1548 2178 1619 τῆς
2197 1550 2495 1618 εὐσεϐείας,
2522 1552 2597 1624 μὴ
2626 1554 3015 1625 ἀποκρίνεσθαι
3040 1554 3214 1609 πάντα
3238 1554 3372 1624 πρὸς
3393 1555 3501 1617 τάς
3524 1556 3643 1625 ἐρω-

2078 1637 2285 1707 τήσεις.
2320 1640 2477 1693 Ἐστι
2506 1640 2634 1712 γάρ,
2663 1640 2776 1694 ἐστι
2806 1641 3060 1705 πολλάκις
3110 1642 3379 1713 ἐρωτῆσαι
3412 1642 3642 1717 ἀποκρίο

2080 1742 2217 1790 σεως
2237 1727 2337 1780 οὐκ
2363 1728 2490 1795 ἀξια
2517 1746 2532 1761 ο
2563 1731 2659 1783 καὶ
2688 1729 2770 1783 δεῖ
2797 1729 2947 1802 1420]
2976 1729 3190 1794 πάντως
3224 1730 3359 1800 πρὸς
3379 1730 3485 1793 τάς
3513 1733 3644 1798 φαύ-
3694 1762 3695 1767 η

2076 1809 2202 1875 λους
2226 1813 2428 1878 ταύτας
2474 1814 2583 1869 τῶν
2622 1817 3015 1887 ἐπερωτήσεων
3065 1818 3430 1889 ἀντερωτήσει
3467 1818 3645 1882 δικαίᾳ

2075 1898 2272 1967 λέγειν.
2304 1901 2403 1954 Διά
2423 1901 2582 1955 τοῦτό
2616 1921 2748 1975 φησι
2773 1905 2908 1976 πρὸς
2926 1905 3121 1968 αὐτοὺς
3150 1907 3180 1959 6
3208 1905 3411 1976 Κύριος
3432 1920 3448 1935 ⁸
3480 1906 3641 1972 ἐρω-

2075 1987 2240 2053 nimo
2267 1987 2422 2058 ὑμᾶς
2447 1988 2608 2060 κάγὼ
2632 1991 2837 2061 λόγον,
2878 1992 2952 2045 ὃν
2987 1992 3066 2047 ἂν
3095 1993 3302 2060 εἷπητέ
3322 2010 3450 2062 μοι,
3493 1994 3645 2060 κάγὼ

2074 2077 2217 2146 ὑμῖν
2239 2077 2689 2148 ἀποκρινοῦμαι.
2725 2079 2796 2133 T6
2832 2079 3101 2134 Ἰωάννου
3121 2080 3462 2150 βάπτισμα,
3495 2081 3638 2150 φησὶ,

2074 2167 2258 2220 πόθεν
2273 2163 2388 2237 ἦν;
2413 2167 2483 2232 ἐξ
2513 2169 2791 2236 οὐρανοῦ,
2830 2169 2868 2238 ἢ
2902 2169 2972 2234 ἐξ
2999 2169 3357 2237 ἀνθρώπων;
3380 2170 3531 2240 Ὅρα
3562 2187 3641 2238 μοι

2072 2255 2172 2325 τὴν
2194 2256 2373 2327 πηγὴν
2394 2256 2492 2325 τῆς
2511 2258 2725 2326 σοφίας,
2748 2260 2815 2329 τῇ
2839 2259 3173 2331 ἐπερωτήσει
3198 2259 3259 2313 τὸ
3281 2257 3480 2328 ψεῦδος
3502 2259 3641 2326 ἐλέγο

2072 2358 2271 2410 χουσαν
2293 2357 2307 2372 ·
2339 2344 2440 2415 ὅρα
2474 2361 2564 2415 μοι
2620 2346 2710 2399 τὸν
2749 2345 2843 2399 τοῦ
2876 2345 3010 2400 Θεοῦ
3056 2347 3227 2415 Λόγον
3272 2346 3641 2417 συλλογισμοῖς

2071 2431 2170 2501 τὴν
2192 2432 2390 2485 κακίαν
2419 2432 2791 2503 ἀνατρέποντα
2810 2452 2824 2465 ο
2863 2434 3132 2505 σκόπησον
3179 2434 3236 2487 δὲ
3286 2436 3380 2487 καὶ
3434 2435 3540 2506 τὴν
3564 2453 3643 2488 κα·

2071 2518 2216 2581 κίαν,
2257 2519 2375 2583 πῶς
2399 2523 2511 2579 τοῖς
2545 2520 2694 2583 ίδίοις
2730 2521 3078 2575 ἀναλίσκεται
3118 2521 3320 2592 βέλεσι,
3374 2523 3474 2574 καὶ
3529 2526 3641 2585 ταῖς

2071 2606 2297 2669 οἰκείαις
2329 2610 2777 2676 συγκατασπᾶται
2800 2608 3197 2680 κακοτεχνίαις.
3233 2610 3302 2662 Τὸ
3324 2606 3641 2678 βάπτισμα

2083 2691 2364 2748 Ἰωάννου
2390 2698 2577 2750 πόθεν
2595 2692 2709 2767 ἦν;
2736 2696 2806 2762 ἐξ
2834 2696 3115 2763 οὐρανοῦ,
3132 2696 3170 2763 ἣ
3189 2695 3259 2760 ἐξ
3284 2694 3639 2763 ἀνθρώπων;

2083 2788 2310 2841 Ἐκεῖνοι
2337 2785 2467 2857 παρ’
2501 2786 2716 2849 ἑαυτοῖς
2758 2782 3073 2849 ἐϐασάνιζον
3101 2783 3195 2837 τοῦ
3248 2785 3501 2854 ῥήματος
3552 2785 3638 2854 τὴν

2068 2873 2319 2945 δύναμιν,
2348 2873 2442 2927 καί
2473 2888 2670 2942 φασιν*
2724 2872 2867 2925 Ἐὰν
2912 2872 3189 2939 εῑπωμεν,
3228 2869 3328 2933 Ἐξ
3356 2868 3637 2936 οὐρανοῦ,

2069 2962 2193 3031 ἐρεῖ
2205 2961 2368 3031 ἡμῖν,
2412 2961 2569 3017 Διατί
2596 2955 2709 3014 οὖν
2725 2960 2811 3027 μὴ
2845 2958 3273 3020 ἐπιστεύσατε;
3301 2953 3456 3010 Οἶδεν
3484 2959 3521 3029 ή
3550 2975 3637 3010 κα-

2071 3050 2167 3103 κία
2194 3050 2282 3102 τὸν
2309 3050 2506 3119 ἑαυτῆς
2530 3046 2739 3101 ὄλισθον
2759 3063 2772 3077 ·
2805 3042 2944 3099 οἶδεν
2972 3046 3053 3099 ὃτι
3090 3041 3169 3109 οἷς
3200 3045 3497 3116 προτείνει,
3530 3044 3638 3097 τού-

2068 3154 2180 3201 τοις
2213 3137 2548 3205 ἀφανίζεται.
2611 3135 2825 3207 Ἐπειδὴ
2878 3134 2951 3206 μὴ
3005 3134 3316 3203 ὑπήκουσαν
3368 3132 3635 3195 Ἰωάννου,

2069 3223 2359 3295 ἐφοϐοῦντο
2382 3226 2574 3288 εἰπεῖν,
2600 3224 2682 3277 ὅτι
2707 3224 2771 3276 ἐκ
2788 3222 2941 3283 Θεοῦ,
2971 3222 3055 3276 ἵνα
3085 3220 3159 3293 μὴ
3181 3220 3507 3291 παραπόδας
3528 3221 3638 3273 ἀκο-

2066 3312 2304 3383 λουθήσῃ
2333 3314 2361 3366 6
2389 3310 2624 3382 ἔλεγχος.
2662 3310 2797 3364 Ἐὰν
2823 3308 2889 3363 δὲ
2910 3309 3185 3378 εἴπωμεν,
3207 3307 3276 3372 ἐξ
3291 3308 3634 3377 ἀνθρώπων,

2067 3401 2401 3470 φοϐούμεθα
2427 3399 2534 3452 τὸν
2555 3398 2760 3467 ὄχλον,
2787 3395 2873 3467 μὴ
2907 3392 3299 3465 λιθασθῶμεν.
3329 3394 3437 3447 Καὶ
3470 3396 3581 3466 γάρ
3606 3398 3633 3463 ἡ

2067 3488 2196 3563 περὶ
2221 3487 2310 3542 τὸν
2336 3487 2543 3541 δίκαιον
2594 3486 2862 3559 πρόληψις
2906 3484 3274 3555 ἀπαραίτητον
3306 3483 3428 3537 καθ’
3488 3483 3636 3553 ἡμῶν

2067 3575 2203 3630 οἴσει
2231 3576 2328 3648 τὴν
2354 3575 2528 3648 δίκην.
2588 3575 2703 3638 Πᾶς
2752 3575 2861 3645 γάρ
2895 3575 2923 3627 6
2950 3573 3075 3637 λαὸς
3104 3568 3216 3643 εἶχε
3254 3572 3344 3625 τὸν
3386 3571 3636 3641 Ἰωάννην

2065 3664 2141 3728 ὡς
2170 3666 2472 3735 προφήτην.
2522 3663 2635 3717 Οὐκ
2665 3661 2952 3731 ἠϐούλοντο
2978 3656 3070 3714 οῦν
3098 3659 3156 3712 τὸ
3207 3658 3403 3729 ἀληθὲς
3441 3660 3633 3720 εἰπεῖν,

2066 3752 2147 3805 δτι
2176 3752 2241 3805 ἐκ
2260 3749 2394 3804 Θεοῦ
2413 3767 2428 3781 ο
2456 3750 2813 3804 ἀπεσείσαντο
2832 3749 2942 3821 γὰρ
2966 3747 3060 3801 τοῦ
3076 3747 3210 3801 Θεοῦ
3236 3746 3331 3817 τήν
3361 3745 3633 3817 ἀλήθειαν,

2067 3838 2161 3894 κάλ.
2192 3839 2252 3893 τὸ
2272 3838 2463 3909 ψεῦδος
2484 3839 2658 3891 εἰπεῖν
2677 3837 2775 3891 οὐκ
2794 3836 3034 3908 ἐτόλμων
3053 3854 3067 3867 ·
3095 3834 3194 3905 τῆς
3222 3835 3331 3904 γάρ
3352 3834 3636 3905 ἀναισχυνο

2065 3929 2184 3991 τίας
2214 3925 2471 3998 δικαστὴν
2501 3921 2647 3997 εἶχον
2680 3924 2772 3979 τὸν
2815 3924 3002 3993 φόϐον,
3035 3923 3129 3977 καὶ
3156 3922 3344 3976 τοῦτον
3383 3921 3445 3976 οὐ
3475 3922 3631 3983 θεῖον,

2065 4014 2201 4069 ἀλλά
2236 4012 2595 4085 ἀνθρώπινον.
2630 4013 2742 4068 Καὶ
2771 4011 2879 4083 γάρ
2916 4010 3090 4076 οὕτως
3111 4010 3254 4081 ἔχει·
3292 4009 3478 4064 πολλοὶ
3516 4010 3634 4062 πολι

2065 4102 2223 4173 λάκις
2250 4102 2384 4156 Θεοῦ
2420 4101 2585 4171 φόϐον
2610 4103 2711 4156 οὐκ
2738 4101 2972 4173 ἔχοντες,
3003 4099 3325 4172 ἀνθρωπίνῳ
3350 4099 3503 4169 φόϐῳ
3521 4100 3635 4152 δουο

2064 4190 2329 4245 λεύουσιν.
2369 4186 2689 4259 Ἐφοϐοῦντο
2712 4188 2803 4242 τὸν
2823 4187 2969 4245 λαόν.
2996 4187 3122 4242 Εἴθε
3144 4187 3234 4240 τὸν
3257 4186 3414 4249 Θεὸν,
3442 4189 3538 4240 καὶ
3567 4186 3633 4255 μή

2063 4277 2156 4331 τὸν
2179 4276 2338 4331 λαόν·
2372 4276 2432 4330 τὸ
2484 4275 2585 4347 μὲν
2613 4275 2722 4346 γάρ
2777 4275 3041 4340 εὐσεϐεῖν,
3086 4274 3146 4327 τό
3182 4273 3237 4328 δέ
3267 4273 3509 4329 ἀσεϐεῖν.
3537 4274 3633 4327 Λέ-

2065 4381 2251 4435 γουσιν
2281 4363 2449 4435 αὐτῷ,
2487 4365 2609 4418 Οὐκ
2638 4362 2901 4432 οἴδαμεν.
2929 4363 3072 4434 ’τΟρα
3115 4361 3231 4424 πῶς
3260 4363 3293 4432 ή
3333 4362 3502 4415 κακία
3530 4365 3632 4423 τοῖς

2066 4454 2320 4525 πονηροῖς
2353 4450 2656 4524 ἐμφωλεύει
2681 4468 2694 4483 ·
2724 4452 2827 4524 δρα
2878 4450 2994 4515 πῶς
3033 4450 3230 4520 ἑαυτῆς
3265 4449 3363 4521 τὴν
3409 4448 3633 4502 ἀτοπίαν

2061 4545 2097 4615 ή
2128 4542 2353 4597 ἀσέϐεια
2382 4541 2661 4613 κηρύττει.
2685 4541 2895 4613 Ὠσπερ
2922 4539 3029 4612 γάρ
3061 4539 3194 4611 ἔχις,
3240 4539 3275 4610 ή
3313 4556 3363 4592 τι
3397 4538 3506 4591 τῶν
3539 4556 3632 4592 πο·

2063 4631 2375 4703 νηροτάτων
2429 4629 2664 4703 θηρίων,
2720 4631 2831 4693 τοῖς
2886 4628 3170 4699 ὑπονόμων
3227 4636 3247 4658 ⁸
3296 4627 3629 4698 ἐμφωλεῦον,

2061 4719 2245 4790 ἡρέμα
2275 4718 2577 4790 προκύπτει
2605 4717 2706 4788 τῆς
2727 4716 3093 4783 καταδύσεως,
3131 4714 3221 4769 καί
3252 4715 3434 4769 τέλεον
3466 4733 3627 4787 προσ-

2062 4808 2233 4861 ελθεῖν
2260 4808 2359 4861 οὐκ
2384 4806 2555 4859 ἐθέλει
2574 4821 2587 4835 °
2624 4804 2766 4859 οῦτω
2812 4805 2906 4859 καὶ
2935 4805 2985 4857 οἱ
3026 4804 3285 4869 Ἰουδαῖοι,
3339 4802 3417 4873 τῷ
3444 4802 3627 4872 φωλεῷ

2060 4896 2158 4968 τῆς
2184 4895 2383 4957 κακίας
2409 4893 2694 4959 συζῶντες,
2720 4894 2797 4956 είς
2823 4892 2938 4963 φῶς
2955 4892 3051 4964 τὴν
3081 4892 3286 4945 ἐαυτῶν
3315 4891 3374 4944 οὐ
3403 4892 3631 4963 προσφέ-

2062 5003 2215 5060 ρουσι
2249 4984 2495 5056 γνώμην.
2527 4983 2617 5037 Διὸ
2647 4985 2738 5037 καὶ
2766 4984 2795 5035 6
2820 4982 3023 5053 Κύριος
3056 4982 3190 5052 πρὸς
3220 4980 3445 5044 αὐτούς·
3483 4980 3629 5035 Οὐδὲ

2057 5073 2172 5144 ἐγὼ
2199 5073 2356 5143 λέγω
2388 5072 2549 5142 ὑμῖν.
2579 5072 2721 5143 Ὅρα
2742 5070 2857 5135 πῶς
2877 5072 2912 5142 ή
2940 5069 3118 5140 σιωπὴ
3140 5069 3234 5139 τὴν
3266 5069 3469 5122 ἄτοπον
3497 5066 3627 5139 ἐρώ-

2056 5178 2212 5232 τησιν
2241 5160 2498 5215 ἐκόλασεν
2518 5177 2531 5190 ·
2564 5161 2664 5232 ὅρα
2693 5158 2811 5223 πῶς
2838 5158 2935 5229 τὴν
2974 5156 3167 5211 κακίαν
3194 5156 3293 5209 οὐκ
3331 5155 3625 5228 ἐπληροφό-

2058 5266 2245 5321 ρησεν,
2278 5247 2390 5301 ἀλλ’
2414 5248 2719 5319 ἀπέστησεν
2754 5246 2948 5310 αὐτοὺς
2976 5247 3033 5299 ἐν
3058 5245 3207 5315 μέσῳ
3232 5243 3342 5297 τῶν
3386 5244 3623 5314 συλλογι-

2057 5335 2232 5406 σμῶν.
2262 5336 2372 5389 Καὶ
2404 5336 2541 5406 ὅπερ
2570 5334 2738 5389 ἔπαθέ
2780 5351 2909 5388 ποτε
2936 5335 2969 5404 ή
2997 5333 3115 5397 δνος
3144 5332 3234 5385 τοῦ
3267 5331 3517 5403 Βαλαάμ,
3552 5331 3619 5401 μὴ

2055 5423 2345 5495 δυνηθεῖσα
2371 5422 2614 5478 ἐκκλῖναι
2630 5421 2779 5489 δεξιά
2802 5422 2836 5493 ἢ
2860 5421 3144 5494 ἀριστερά,
3166 5420 3254 5474 διά
3279 5419 3371 5472 τὸν
3397 5418 3619 5488 ἄγγελον

2053 5502 2141 5567 τὸν
2162 5512 2557 5583 ἀντιστήσαντα
2588 5511 2788 5585 ταύτῃ·
2821 5508 2993 5573 οὕτως
3044 5507 3242 5561 ἔπαθεν
3282 5508 3317 5578 ή
3362 5505 3617 5574 ἰουδαῖκή

2114 5682 2131 5704 ⁸
2183 5681 2478 5743 Ὓπονόμων,
2524 5694 2636 5738 vnx,
2684 5686 2738 5729 ut
2778 5678 2993 5740 videtur,
3043 5682 3287 5740 corrupta.
3346 5676 3615 5729 Cotelerius

2057 5745 2323 5810 legendum
2340 5744 2592 5794 existimat
2613 5743 2881 5805 ὑπονόμοις.
