3704 6274
13 325 119 383 “3

12 444 135 496 tiam
191 435 482 492 verborum
524 427 791 488 offerunt,
814 437 846 477 a
874 433 981 492 quo
1020 429 1075 474 et
1114 430 1274 473 omne
1314 411 1602 468 verborum

11 529 328 593 artiﬁcium,
356 535 412 581 et
446 521 622 580 omnis
650 522 978 589 praeparatus
1015 507 1417 566 ratiociniorum
1451 516 1604 558 com-

1021 303 1088 361 ΙΝ
1123 300 1350 368 ILLUD,
1391 296 1457 355 lN
1496 289 2098 363 QUAzPOTESTATE,
2138 291 2294 348 ETC.

3191 290 3325 346 ΑΗ.

1711 405 2009 460 doctrinam
2033 404 2249 460 emittit.
2282 403 2419 459 Audi
2441 403 2569 475 quid
2595 403 2710 475 ipse
2727 402 2868 461 dicat
2888 418 2987 473 per
3002 402 3246 476 lloys‘em
3280 423 3296 460 :
3330 432 3335 439 ι

1711 496 1773 552 Si
1796 513 1884 551 vos
1910 496 2283 551 ambularet-itis
2301 512 2424 567 erga
2449 513 2529 550 me
2563 497 2706 563 recti,
2748 507 2796 550 et
2828 513 2921 567 ego
2963 513 3082 567 erga
3107 512 3194 550 vos
3210 512 3301 550 tre-

13 626 201 694 plexus
231 586 391 675 facile
421 586 726 687 percipitur:
760 607 897 676 Quid
934 605 1078 661 enim
1108 607 1286 666 potest
1313 597 1603 653 humanum
1704 589 1912 659 ctus(a)
2136 587 2228 643 26.
2254 587 2345 643 23.
2371 586 2487 657 24);
2507 587 2551 642 si
2568 596 2747 643 autem
2770 603 2863 643 vos
2882 587 3102 659 obliqui,
3126 595 3182 642 et
3200 603 3301 657 ego

13 686 239 769 verbum
276 686 464 767 contra
510 705 741 762 Verbum
776 698 986 757 Deum?
1025 694 1153 766 quid
1191 686 1609 762 sophismatibus

17 807 280 860 instructa
306 797 587 873 sapientia,
608 802 794 851 contra
820 790 1089 846 ctelestem
1119 780 1473 852 sapientiam?

88 898 269 967 Opera
299 869 410 964 ipsa
431 898 721 961 potestatem
754 882 905 939 Verbi
937 880 1029 934 Dei
1057 876 1287 949 probant.
1316 900 1388 914 —-
1415 869 1484 924 In
1510 884 1612 941 qua

19 999 269 1061 potestate
298 988 405 1042 hcet:
438 981 605 1056 facis?
626 980 897 1048 Interroga
928 969 1297 1043 paralyticum,
1328 980 1425 1035 per
1452 976 1611 1032 quam

19 1054 344 1152 potestatem
379 1054 540 1129 sanus
585 1067 902 1126 recumbat:
940 1063 1211 1130 interroga
1250 1054 1527 1118 miracula,
1560 1059 1615 1107 et

20 1142 351 1229 inirabilium
397 1161 689 1222 Patratoris
718 1164 1033 1229 potestatem
1059 1150 1270 1206 curiose
1308 1161 1375 1201 ne
1398 1142 1613 1215 perqui-

21 1281 129 1320 ras.
159 1262 289 1318 Non
320 1255 607 1327 respondet
641 1251 792 1306 vobis
816 1248 992 1303 divina
1028 1242 1231 1314 gratia,
1267 1235 1617 1307 responsione

24 1355 281 1426 indignos
313 1325 556 1422 judicans
592 1359 687 1401 eos
722 1341 813 1413 qui
842 1350 1121 1409 perperam
1152 1334 1498 1399 interrogant.
1544 1325 1617 1380 lta
1646 1382 1647 1385 η

26 1422 159 1504 solet
201 1445 301 1501 Dei
330 1442 606 1498 Verbum:
643 1450 766 1491 cum
805 1430 949 1487 videt
988 1429 1221 1483 animam
1263 1422 1530 1491 obliquam
1565 1425 1621 1473 et

29 1550 363 1611 perversam,
392 1530 612 1601 erpellit
638 1541 779 1593 eam,
817 1532 876 1579 ut
903 1520 1069 1593 gratia
1095 1516 1387 1586 indignam,
1417 1522 1469 1568 et
1496 1525 1620 1567 eum

29 1605 191 1686 inulta
219 1642 369 1698 saepe
403 1625 610 1678 discere
646 1624 889 1681 conetur,
930 1610 1206 1668 veritatem
1235 1622 1341 1662 non
1378 1605 1625 1674 impetrat

30 1740 57 1778 a
82 1694 341 1777 veritate.
373 1716 708 1784 lnterrogant
733 1707 903 1765 Judaei
929 1719 1092 1775 smpe,
1122 1718 1185 1757 ac
1215 1716 1284 1756 ne
1308 1698 1474 1755 semel
1500 1694 1622 1766 qui-

31 1815 155 1869 dem
180 1813 421 1875 discunt,
451 1807 573 1878 quia
598 1804 735 1859 male
761 1801 1110 1868 interrogant.
1141 1794 1318 1863 Usque
1346 1790 1482 1845 adeo
1502 1788 1623 1843 illo-

34 1924 147 1963 rum
179 1905 396 1961 animos
431 1899 707 1957 cruciabat
743 1892 1042 1951 Servatoris
1080 1886 1375 1951 silentium,
1408 1892 1465 1938 ut
1504 1892 1628 1937 tunc

34 2000 244 2054 diceret
272 1996 445 2051 malus
472 1992 563 2046 ille
599 1999 929 2044 consessus:
965 1982 1237 2050 Quousque
1273 1977 1497 2031 animum
1533 1989 1628 2027 no-

35 2104 191 2146 stram
219 2088 403 2143 tollis?
431 2085 493 2141 Si
520 2094 572 2138 tu
599 2098 653 2137 es
679 2079 934 2143 Christus,
961 2075 1044 2128 dic
1073 2072 1217 2127 nobis
1246 2069 1418 2141 palam
1445 2065 1625 2137 (Joan.

36 2186 123 2241 l0.
154 2182 275 2253 24).
302 2181 408 2238 Sed
435 2192 612 2246 neque
640 2182 759 2244 post
799 2172 939 2229 hanc
964 2181 1150 2222 vocem
1184 2164 1288 2218 illis
1315 2157 1629 2230 respondet,

36 2276 156 2347 quia
178 2271 533 2344 responsione
556 2266 700 2337 digni
726 2278 832 2319 non
860 2267 1035 2320 erant.
1057 2256 1147 2328 qui
1176 2254 1313 2309 male
1332 2254 1631 2320 interroga-

37 2345 251 2422 verunt.
278 2362 418 2431 Quid
446 2364 623 2430 itaque
664 2357 745 2412 eis
779 2350 1065 2409 Servator?
1108 2347 1230 2402 Dixi
1260 2345 1416 2409 vobis,
1445 2351 1491 2397 et
1531 2357 1657 2395 non.

38 2458 298 2520 audistis;
323 2454 444 2526 quid
471 2454 651 2506 iterum
674 2447 824 2503 vultis
847 2444 1028 2498 audire
1060 2439 1225 2511 (Ibid.
1248 2438 1303 2494 9.
1340 2436 1471 2507 2'7)?
1495 2433 1632 2503 0pc-

41 2569 117 2615 ra,
148 2565 269 2620 gnte
304 2562 397 2619 ego
433 2545 585 2614 facio,
628 2543 744 2612 ipsa
781 2535 1117 2592 testimonium
1158 2530 1416 2601 perhibent
1460 2528 1522 2581 de
1558 2541 1637 2580 me

44 2643 206 2715 (Ibid.
241 2642 333 2698 10.
372 2639 489 2706 25).
525 2635 686 2692 Vides
709 2633 849 2689 velle
876 2645 998 2687 eum
1028 2637 1086 2683 ut
1112 2640 1273 2695 opera
1300 2625 1663 2690 interrogen-

44 2706 149 2802 tur,
179 2750 287 2789 non
329 2741 389 2787 ut
413 2731 480 2786 de
518 2734 780 2799 petestate
809 2719 1145 2794 inquiratur?
1186 2717 1517 2785 lnterrogant
1539 2706 1637 2768 Ju-

44 2826 186 2881 daei:
233 2824 296 2880 Si
343 2833 398 2877 tu
435 2838 488 2877 es
526 2818 775 2881 Christus,
815 2815 897 2868 dic
937 2813 1080 2867 nobis
1121 2808 1337 2881 palam;
1382 2819 1640 2877 quousque

46 2919 270 2973 animant
297 2922 522 2968 nostram
561 2909 697 2963 tollis
724 2905 906 2978 (Joan.
934 2903 1022 2958 10.
1057 2901 1194 2970 2i)?
1231 2913 1331 2954 nec
1357 2894 1639 2967 qttmstionl

46 3015 137 3070 dat
155 3011 481 3068 solutionem
506 3024 519 3061 :
550 3000 949 3072 interrogabant
967 2998 1112 3053 enim
1136 3009 1241 3049 non
1262 2990 1523 3057 discendi,
1546 2986 1640 3044 sed

48 3103 338 3161 accusandi
380 3113 563 3156 causa.
608 3094 835 3164 Caiphas
875 3099 1053 3146 autem
1105 3088 1350 3157 princeps
1391 3079 1645 3136 sacerdo-

52 3209 477 3269 tum,synagoga
505 3191 593 3246 illa
634 3188 844 3257 dignus,
887 3183 940 3237 in
982 3189 1180 3237 tantam
1220 3177 1506 3230 amentiam
1542 3171 1642 3227 de-

51 3264 295 3355 venerat,
328 3296 386 3342 ut
412 3286 654 3341 diceret:
696 3278 892 3349 Adiuro
930 3284 979 3329 te
1020 3289 1110 3341 per
1147 3270 1312 3325 Deum
1348 3269 1535 3331 vivum,
1563 3264 1646 3319 dic

52 3384 215 3449 nobis,
269 3382 318 3434 si
361 3388 416 3433 tu
462 3393 515 3432 es
557 3373 726 3429 Filius
759 3367 1019 3424 Benedicti
1057 3363 1271 3436 (Matth.
1310 3359 1400 3416 26.
1432 3358 1544 3429 65).
1576 3357 1648 3412 At

53 3478 313 3531 Servator
336 3470 537 3527 docens
566 3480 665 3521 nos
692 3475 972 3519 sermones
1005 3472 1127 3513 cum
1160 3455 1358 3526 pietate
1378 3452 1645 3521 accipere,

55 3564 323 3636 adjuranti
370 3561 583 3633 quidem
628 3553 951 3626 respondet,
992 3564 1165 3619 neque
1211 3557 1385 3603 tamen
1428 3544 1648 3600 dubium

57 3659 232 3713 solvit.
294 3655 394 3709 Dic
442 3652 606 3717 nobis,
655 3647 859 3718 inquit,
899 3645 945 3699 si
980 3653 1032 3698 tu
1079 3658 1130 3696 es
1180 3639 1349 3695 Filius
1389 3636 1651 3692 Benedicti

59 3745 515 3823 (Hatth.26.6l).
542 3742 631 3799 Ait
657 3741 729 3796 illi
757 3737 1012 3795 Dominus
1038 3751 1053 3789 :
1082 3732 1159 3788 Tu
1187 3731 1407 3789 dixisti:
1424 3729 1653 3799 acjura-

61 3854 302 3900 mentum
325 3856 421 3910 per
446 3836 837 3894 confessionem
867 3827 1166 3893 honoravit,
1196 3839 1371 3894 neque
1395 3822 1651 3878 malitiam

59 3937 348 3993 certiorem
390 3932 536 3995 fecit,
568 3927 818 3984 astutiam
856 3921 1216 3977 abominatus.
1256 3915 1397 3971 Male
1423 3912 1653 3985 quaesie-

59 4040 180 4087 rant
207 4028 530 4092 Judaei,nec
551 4034 869 4091 responsum
898 4016 1001 4071 illis
1037 4021 1120 4068 est
1154 4029 1168 4064 :
1208 4010 1368 4080 idque
1393 4008 1514 4078 jure
1537 4020 1654 4061 me-

60 4125 196 4188 rito;
225 4137 353 4176 nam
378 4118 608 4187 obliqua:
640 4111 992 4185 cogitationes
1025 4122 1055 4160 a
1100 4107 1209 4161 Deo
1237 4109 1507 4172 separant.
1537 4098 1654 4155 Non

62 4215 245 4271 emisit
269 4208 586 4281 sapientiam
614 4220 766 4262 suam
797 4203 863 4257 iis
888 4198 979 4270 qui
1008 4196 1149 4252 male
1178 4195 1322 4250 illam
1348 4192 1660 4247 serutaban-

64 4321 169 4365 tur.
205 4306 275 4362 In
304 4301 603 4359 malevolam
621 4296 753 4353 enim
776 4293 998 4348 attimam
1025 4305 1128 4343 non
1156 4286 1380 4341 introibit
1408 4281 1660 4355 sapientia

68 4406 225 4480 (Sap.
257 4402 309 4456 1.
340 4396 419 4471 4).

132 4465 193 4549 2..
226 4465 405 4562 Atque
443 4487 520 4544 illi
564 4492 688 4557 post
723 4481 1029 4550 frequentes
1066 4470 1390 4544 quaestiones
1428 4467 1480 4523 id
1519 4465 1661 4538 quod

67 4588 384 4661 qtuerebant
407 4597 511 4639 non
541 4583 889 4635 invenerunt:
912 4570 1104 4626 mulier
1118 4582 1244 4622 vero
1257 4563 1523 4636 quazdam,
1542 4575 1662 4632 qua:

69 4686 190 4739 sine
211 4680 342 4738 dolo
362 4688 418 4735 et
443 4691 564 4732 cum
600 4673 807 4728 sincera
855 4665 959 4721 (ide
992 4668 1310 4723 accesserat,
1340 4672 1444 4713 non
1468 4665 1527 4710 ut
1548 4666 1664 4709 ten-

70 4781 210 4830 taret
248 4772 398 4827 illam
442 4756 1031 4833 incomprehensibilem
1069 4753 1318 4807 virtutem
1346 4787 1364 4813 ,
1408 4745 1503 4802 sed
1541 4758 1665 4800 cum

70 4864 418 4937 simplicitate
439 4859 720 4915 Dominum
745 4852 951 4916 adiens,
977 4846 1211 4903 dictione
1232 4840 1399 4906 tenui,
1423 4838 1517 4896 sed
1541 4852 1670 4907 pura

74 4929 393 5015 Iide'dicens
416 4970 431 5007 :
459 4951 663 5007 Scimus
689 4944 826 5017 quod
850 4959 965 4998 cum
989 4938 1176 4996 uenerit
1206 4933 1449 4999 (Messias,
1484 4930 1572 5001 qui
1592 4929 1674 4983 di-

73 5052 209 5104 citur
238 5045 488 5107 Christus,
531 5041 641 5110 ipse
684 5034 827 5091 nobis
860 5028 1177 5087 annuntiabit
1205 5024 1375 5080 omnia
1407 5020 1589 5092 (Joan.
1615 5019 1671 5073 4.

72 5145 168 5215 25)
202 5158 219 5196 :
260 5138 441 5194 statim
480 5131 681 5189 audivit
725 5129 794 5184 ab
833 5133 1074 5180 amatore
1122 5115 1477 5188 simplicitatis
1516 5130 1529 5167 :
1562 5110 1674 5182 Ego

74 5208 192 5294 sunt
220 5235 310 5305 qui
343 5233 522 5300 loquor
559 5236 722 5281 tecum
742 5220 903 5294 (Ibid.
934 5235 981 5273 υ.
1009 5213 1128 5286 26).
1155 5210 1400 5268 Nondum
1449 5208 1677 5262 interro-

74 5297 321 5399 gaverat,
344 5297 600 5380 ct—statim
623 5315 808 5372 didicit
832 5328 848 5378 ;
876 5309 1112 5368 nondum
1135 5303 1257 5360 ﬁdei
1277 5301 1497 5358 verbum
1518 5297 1677 5353 semi~

77 5393 330 5482 paverat,
361 5423 416 5470 et
440 5412 621 5471 statim
650 5409 874 5463 fructum
906 5400 1115 5474 pietatis
1136 5393 1423 5465 decerpsit.
1454 5393 1679 5449 Sanctus

78 5516 287 5587 quippe
315 5510 461 5565 Deus
482 5505 535 5560 in
562 5499 895 5572 simplicibus
918 5504 973 5552 et
993 5492 1193 5549 sanctis
1217 5486 1525 5559 requiescit,
1555 5496 1678 5538 eum

78 5577 393 5661 accedetttis
422 5595 813 5667 simplicitatem
844 5588 1073 5652 viderit;
1104 5583 1334 5654 explicat
1372 5580 1531 5634 etiam
1570 5577 1682 5645 ipse

82 5696 365 5771 sapientia:
386 5707 500 5749 sate
525 5684 927 5745 beneﬁcentiam
957 5698 973 5734 :
1005 5694 1126 5735 eum
1146 5674 1337 5731 viderit
1363 5679 1540 5726 autem
1570 5667 1683 5721 ani-

89 5760 232 5851 mam
280 5783 516 5855 nequitia
558 5791 898 5854 perversam,
945 5768 1261 5829 beneﬁcium
1303 5760 1539 5828 cohibet,
1586 5772 1684 5814 nec

1713 689 1832 735 utar
1858 678 2010 735 vobis
2041 677 2225 735 furore
2250 678 2498 748 obliquo;
2536 694 2641 734 non
2667 678 2808 749 quod
2837 678 3015 735 divina
3054 690 3240 735 natura
3266 695 3299 734 a

1713 780 1860 828 recto
1881 770 2141 836 declinet;
2169 770 2265 827 sed
2288 770 2428 841 quod
2453 770 2732 840 improbis,
2758 786 2820 826 ea
2841 787 2960 841 quae
2985 788 3047 826 ex
3077 773 3301 829 veritate

1715 861 2145 932 proﬁciscuntur,
2181 877 2286 917 non
2318 870 2461 918 recta
2491 862 2803 932 procedant.
2835 861 2902 917 In
2929 882 3029 935 qua
3057 874 3302 934 potestate

1716 955 1825 1010 haec
1851 954 2026 1026 facis?
2063 963 2153 1007 aut
2195 955 2307 1024 quis
2343 953 2432 1007 tibi
2468 953 2606 1008 dedit
2633 957 2766 1008 hanc
2804 956 3133 1023 patestatem?
3166 956 3303 1012 Tum

1718 1048 1971 1104 Servator
2007 1047 2105 1103 eis.
2136 1047 2234 1103 llic
2255 1048 2493 1113 attende,
2521 1063 2677 1118 quam
2710 1048 2862 1103 nobis
2890 1049 3147 1105 doctrina:
3181 1066 3305 1104 nor-

1720 1155 1861 1194 mam
1915 1148 1970 1195 et
2022 1139 2260 1210 regulam
2310 1151 2574 1209 proponat
2617 1140 2985 1196 universorum
3029 1142 3304 1196 Dominus.

1720 1232 1974 1300 Quaenam
2009 1232 2123 1287 haec
2149 1232 2263 1286 est?
2302 1230 2422 1285 Vult
2451 1245 2547 1285 nos
2594 1231 2851 1301 improbis
2890 1232 3176 1297 haereticis,
3215 1232 3311 1287 Ju-

1723 1325 1876 1389 dzeis,
1907 1323 2213 1394 gentilibus,
2244 1324 2329 1379 vel
2356 1322 2479 1378 aliis
2510 1323 2602 1393 qui
2638 1338 2667 1376 a
2712 1324 2795 1393 pia
2840 1324 3097 1395 religione
3140 1324 3312 1381 desci-

1722 1419 1917 1485 verint,
1943 1433 2050 1473 non
2075 1416 2401 1486 respondere
2416 1430 2628 1485 semper
2649 1416 3021 1487 interrogatos.
3045 1415 3314 1488 Contingit

1723 1513 1887 1573 enim,
1936 1509 2193 1580 contingit
2226 1524 2389 1579 saepe,
2432 1510 2899 1580 interrogationem
2937 1526 3042 1566 non
3070 1526 3192 1568 esse
3229 1527 3347 1569 re-.

1724 1602 2013 1672 sponsione
2045 1601 2258 1672 dignam
2289 1618 2302 1656 :
2334 1611 2492 1672 atque
2523 1617 2617 1671 par
2651 1611 2734 1657 est
2766 1603 2983 1658 omnino
3011 1603 3316 1674 huiusmodi

1726 1693 2229 1765 interrogationibus
2291 1693 2464 1764 justas
2528 1694 2972 1765 interrogationes
3025 1713 3315 1767 opponere.

1728 1786 1852 1840 Ideo
1871 1786 1946 1840 ait
1966 1785 2070 1840 illis
2097 1785 2354 1839 Dominus
2385 1802 2398 1839 :
2436 1784 2768 1856 Inlerrogabo
2798 1803 2882 1841 vos
2922 1798 2969 1840 et
3007 1804 3097 1858 ego
3125 1804 3318 1843 sermo-

1729 1893 1863 1945 nem,
1901 1893 2049 1945 quem
2086 1877 2131 1931 si
2172 1876 2401 1931 dixeritis
2428 1877 2572 1944 mihi,
2610 1887 2658 1932 et
2702 1894 2792 1948 ego
2819 1878 2955 1933 vobis
2990 1879 3320 1949 respondebo.

1728 1968 1947 2023 Joannis
1976 1968 2276 2039 baptismus,
2320 1969 2509 2039 inquit,
2534 1970 2668 2023 unde
2692 1970 2842 2024 erat?
2883 1987 2947 2025 ea:
2983 1973 3127 2037 cwlo,
3164 1989 3231 2026 an
3261 1989 3349 2031 es.

1732 2061 2017 2117 hominibus
2038 2060 2250 2133 (Matth.
2282 2061 2372 2116 2l.
2398 2060 2489 2116 24.
2525 2062 2646 2133 25)?
2678 2061 2811 2117 Vide
2837 2062 2967 2117 mihi
3006 2063 3202 2117 fontem
3230 2078 3321 2117 sa-

1734 2155 1968 2224 pientitc,
2014 2163 2074 2209 ut
2113 2154 2528 2225 interrogatione
2567 2154 2903 2213 mendacium
2945 2165 3131 2226 arguat
3160 2173 3175 2222 ;
3204 2157 3351 2217 vide.

1734 2244 1864 2299 tnihi
1893 2245 2123 2300 Verbum
2170 2245 2286 2311 Dei,
2325 2245 2467 2315 quod
2497 2246 2820 2318 syllogismis
2849 2249 3136 2317 nequitiam
3168 2264 3328 2304 ever-

1737 2337 1823 2392 tit:
1853 2336 1973 2391 vide
1998 2352 2210 2406 quoque
2237 2336 2515 2404 malitiam,
2559 2338 2827 2407 quomodo
2855 2339 2966 2394 suis
2996 2340 3114 2394 telis
3139 2340 3327 2395 conto-

1736 2431 1950 2495 diatur,
1994 2446 2059 2485 ac
2100 2431 2211 2485 suis
2250 2431 2427 2499 pravis
2476 2430 2680 2487 artibus
2733 2431 3011 2486 avellatur.
3063 2431 3355 2501 Bnptisma.

1736 2524 1954 2579 Joannis
1982 2523 2116 2578 unde
2131 2533 2236 2579 erat
2257 2524 2283 2577 .9
2308 2539 2373 2577 ea:
2391 2522 2535 2589 cazlo,
2560 2540 2627 2578 an
2652 2540 2715 2578 ea:
2738 2524 3023 2580 hominibus
3043 2527 3069 2581 .9
3096 2526 3175 2580 llli
3197 2543 3331 2596 quo-

1738 2634 1842 2687 que
1878 2617 2019 2687 apud
2046 2632 2105 2671 se
2133 2617 2397 2671 sermonis
2425 2616 2532 2671 vim
2569 2616 2937 2687 explorabant,
2966 2628 3021 2674 et
3052 2622 3200 2674 aiunt
3227 2638 3241 2675 :
3270 2621 3359 2676 Si.

1741 2710 2038 2775 dixerimus,
2060 2706 2142 2761 Ea:
2163 2707 2304 2773 caelo,
2329 2708 2460 2761 dicet
2497 2708 2659 2774 nobis,
2689 2706 2792 2761 Cur
2814 2726 2934 2779 ergo
2973 2726 3074 2765 non
3108 2712 3332 2765 credidi-

1741 2807 1830 2855 stis
1861 2799 2022 2871 (Ibid.
2055 2816 2104 2853 v.
2147 2798 2286 2871 26)?
2330 2799 2487 2854 Novit
2532 2798 2844 2870 improbitas
2882 2801 3105 2857 exitium
3141 2819 3331 2868 suum;

1744 2892 1889 2947 novit
1912 2906 1971 2947 se
2003 2907 2098 2962 per
2134 2906 2253 2961 qua:
2287 2890 2575 2962 protendit,
2613 2905 2710 2961 per
2737 2906 2798 2947 ea
2824 2892 3048 2948 destrui.
3084 2894 3215 2962 Quia
3239 2894 3334 2951 Jo-

1743 2986 1866 3041 anni
1898 3002 2001 3040 non
2038 2984 2557 3055 obtemperaverant,
2598 2986 2920 3041 verebantur
2954 2987 3133 3043 dicere
3160 2988 3334 3058 ipsum

1747 3094 1814 3132 ex
1843 3077 1950 3132 Deo
1971 3092 2114 3144 esse,
2142 3094 2210 3133 ne
2232 3093 2262 3132 e
2292 3078 2515 3148 vestigio
2549 3086 2863 3147 sequeretur
2889 3080 3251 3149 reprehensio.
3274 3082 3336 3137 Si
3362 3120 3369 3129 ρ

1745 3181 1911 3226 autem
1939 3173 2235 3235 dixerimus,
2272 3170 2355 3225 Ea:
2381 3170 2700 3234 hominibus,
2737 3172 2967 3226 timemus
3005 3174 3235 3237 turbam,
3276 3191 3371 3229 ne-

1749 3265 2035 3335 lapidemur
2061 3262 2214 3335 (Luc.
2257 3262 2347 3317 20.
2391 3261 2467 3333 6).
2514 3260 2647 3315 Nam
2689 3274 3058 3333 prteoecupata
3091 3264 3158 3319 de
3191 3265 3361 3334 justo.

1748 3356 1929 3424 opinio
1973 3354 2352 3409 inexorabilem
2394 3352 2676 3407 adversum
2730 3368 2830 3407 nos
2881 3352 3018 3409 feret
3057 3355 3338 3413 ultionem.

1755 3446 1931 3499 Omnis
1950 3446 2082 3499 enim
2111 3444 2329 3515 populus
2358 3442 2568 3513 habebat
2598 3440 2851 3497 Joannem
2888 3444 3019 3498 sicut
3045 3446 3343 3515 prophetam

1756 3537 1968 3610 (Matth.
1997 3537 2087 3591 21.
2114 3532 2228 3608 26).
2278 3534 2573 3590 Noluerunt
2612 3549 2742 3604 ergo
2769 3549 2893 3589 vera
2921 3535 3121 3603 dicere,
3151 3552 3344 3608 nempe

1752 3630 1893 3701 quod
1932 3646 1996 3685 ex
2043 3630 2156 3685 Deo
2200 3638 2385 3685 esset:
2417 3628 2514 3683 Dei
2556 3642 2785 3698 namque
2818 3628 3097 3684 veritatem
3136 3629 3347 3699 abjece-

1753 3732 1895 3790 runt,
1925 3738 1987 3778 ac
2011 3719 2346 3781 mendacium
2377 3718 2555 3775 dicere
2576 3734 2683 3772 non
2701 3718 2816 3773 ausi
2851 3728 3012 3784 sunt;
3040 3718 3348 3789 impruden-

1758 3818 1845 3872 tiae
1883 3815 2027 3871 enim
2073 3812 2304 3884 iudicem
2346 3810 2616 3865 habebant
2646 3811 2914 3876 timorem,
2960 3809 3211 3880 hancque
3240 3804 3347 3866 non

1757 3909 2016 3970 divinum,
2042 3904 2139 3962 sed
2167 3904 2479 3960 humanum.
2509 3902 2640 3956 Nam
2672 3902 2741 3956 ita
2764 3916 2824 3957 se
2844 3916 2931 3958 res
2969 3901 3128 3957 habet
3152 3919 3170 3968 ;
3195 3903 3349 3958 multi

1758 4015 1900 4069 stupe
1929 3997 2023 4052 Dei
2042 3998 2234 4052 timore
2255 4010 2359 4049 non
2383 3994 2612 4065 praediti,
2637 3994 2868 4048 humano
2887 3994 3125 4049 serviunt
3149 3994 3347 4051 timori.
3372 4050 3377 4051 ,

1760 4090 2044 4148 Timebant
2071 4088 2303 4159 plebem.
2344 4085 2554 4142 Utinam
2595 4085 2779 4149 Deum,
2815 4098 2921 4139 non
2953 4084 3191 4153 plebem!
3223 4085 3351 4139 illud

1762 4197 1993 4255 namque
2020 4180 2353 4250 pietatis-est,
2388 4177 2489 4232 hoc
2513 4175 2818 4245 impietatis.
2844 4175 3044 4233 Dicunt
3072 4177 3138 4239 ei,
3168 4175 3352 4230 Nesci-

1763 4294 1875 4332 mus
1900 4274 2094 4346 (Marc.
2122 4273 2209 4327 ll.
2232 4269 2345 4340 55).
2382 4268 2512 4323 Vide
2532 4266 2799 4338 quomodo
2819 4265 3051 4337 nequitia
3074 4267 3125 4321 in
3155 4266 3356 4337 impro-

1764 4372 1850 4427 bis
1880 4369 2085 4424 latitet:
2114 4365 2234 4421 vide
2275 4362 2543 4434 quomodo
2568 4360 2949 4416 absurditatem
2979 4375 3131 4415 suam
3162 4362 3356 4431 impie-

1769 4475 1850 4520 tas
1889 4462 2170 4535 praedicat.
2217 4458 2349 4513 Nam
2393 4458 2532 4513 sicut
2574 4457 2790 4527 vipera,
2839 4464 2933 4510 aut
2973 4455 3373 4511 immanissima.

1769 4574 1994 4631 qumque
2021 4557 2152 4619 fera,
2185 4555 2235 4609 in
2265 4550 2499 4608 latibulis
2524 4550 2743 4620 degens,
2767 4548 2965 4605 sensim
2987 4564 3019 4604 c
3044 4564 3207 4618 specu
3234 4563 3380 4618 pro-.

1773 4652 1873 4718 dit,
1905 4665 2005 4707 nec
2038 4647 2258 4702 omnino
2282 4644 2398 4699 vult
2433 4642 2687 4714 prodire:
2719 4640 2799 4695 sic
2832 4650 2886 4695 et
2916 4639 3087 4694 Judmi
3126 4640 3177 4694 in
3207 4648 3359 4694 antro

1774 4742 2048 4815 pravitatis
2074 4745 2370 4804 versantes,
2418 4733 2735 4789 sententiam
2763 4746 2915 4786 suam
2962 4733 3014 4785 in
3054 4731 3226 4794 lucem
3254 4748 3362 4787 non

1773 4836 2070 4909 proferunt.
2094 4829 2449 4900 Quamobrem
2474 4825 2729 4880 Dominus
2748 4823 2823 4878 ait
2845 4823 2949 4878 illis
2970 4841 2984 4878 :
3010 4823 3120 4878 Nec
3140 4839 3231 4895 ego
3251 4823 3365 4878 dico

1774 4928 1911 4985 vobis
1933 4924 2146 4997 (Matth.
2175 4922 2266 4977 21.
2294 4919 2407 4991 27).
2436 4916 2569 4974 Vide
2595 4914 2867 4987 quomodo
2888 4915 3157 4970 silentium
3182 4916 3368 4972 absur-

1776 5022 1899 5078 dam
1921 5015 2387 5086 interrogationem
2418 5010 2757 5082 castigaverit
2786 5026 2801 5064 :
2829 5008 2952 5065 vide
2976 5008 3245 5079 quomodo
3275 5026 3370 5066 ne-

1778 5113 1959 5186 quitia:
1996 5125 2103 5165 non
2142 5106 2330 5164 fecerit
2367 5105 2520 5169 satis,
2563 5101 2659 5158 sed
2697 5099 2952 5156 averterit
2979 5114 3073 5155 eos
3107 5100 3161 5155 in
3192 5100 3374 5157 medio

1780 5206 2202 5265 ratiociniorum.
2234 5201 2301 5257 Et
2322 5197 2463 5271 quod
2493 5196 2619 5252 olim
2659 5189 2880 5265 contigit
2921 5193 3087 5249 asina:
3113 5192 3385 5256 Balaami,

1783 5312 1840 5359 ut
1865 5316 1964 5357 nee
1982 5298 2051 5354 ad
2073 5298 2371 5360 dexteram,
2400 5305 2499 5347 nec
2536 5288 2602 5345 ad
2626 5288 2897 5343 sinistram
2935 5294 3116 5356 posset
3138 5285 3373 5340 declina-

1784 5412 1864 5459 re,
1911 5399 2129 5462 propter
2169 5384 2437 5456 angelum,
2484 5380 2573 5451 qui
2616 5379 2806 5434 obvius
2834 5377 3009 5432 stabat
3054 5373 3243 5446 (Num.
3281 5373 3372 5427 22.

1783 5486 1877 5556 26)
1923 5502 1937 5536 :
1979 5482 2033 5538 id
2069 5479 2264 5536 accidit
2299 5474 2536 5533 Judaicte
2580 5468 2940 5541 improbitati,
2985 5481 3104 5537 qua:
3156 5479 3255 5520 nec
3307 5463 3375 5522 ad

1785 5579 2061 5635 dexteram
2106 5570 2342 5629 veritatis
2384 5581 2513 5622 ausa
2551 5572 2634 5620 est
2675 5560 2976 5633 rcSpiccre,
3017 5557 3086 5613 ob
3122 5555 3374 5611 Servato-

1851 5760 1931 5824 (a)
1960 5765 2071 5809 llaec
2095 5768 2191 5806 non
2214 5753 2271 5803 ad
2297 5751 2505 5804 verbum
2529 5760 2591 5798 ex
2617 5746 2859 5808 Scriptura
2879 5738 3135 5801 desumpta
3155 5740 3286 5784 sunt.
