3704 6274
386 271 494 327 415

381 479 571 547 plebis.

457 589 722 647 llrrreticis
748 596 1000 663 quomodo
1031 596 1459 664 respondendum.
1491 598 1681 653 Contra
1706 601 1973 655 Anomaeos
2013 630 2021 637 ο

379 684 648 751 agitan—
672 685 897 753 Oportet
921 686 1082 756 igitur
1105 703 1201 742 nos
1242 704 1475 758 quoque,
1520 691 1732 758 fratres,
1761 693 1861 747 hac
1884 710 1968 749 re-

376 773 497 840 guia
523 789 552 827 a
578 774 800 829 Domino
825 786 1064 845 accepta,
1109 793 1214 831 non
1244 781 1420 835 omnia
1451 782 1713 837 ltzeretieis
1741 784 1971 838 interro—

375 864 624 933 gantibus
651 865 848 921 dicere.
872 866 1010 922 Cum
1038 869 1178 924 male
1202 869 1611 942 iuterrogaverit
1656 874 1963 944 hereticus,

379 958 544 1010 altera
562 956 703 1026 justa
737 958 1153 1029 interrogatione
1178 961 1461 1016 absurdam
1481 965 1596 1033 ejus
1617 969 1963 1035 quaestionem

375 1050 541 1104 solve.
571 1052 726 1119 Saepe
748 1062 1088 1121 percontatur
1113 1052 1395 1109 hmreticns
1423 1073 1437 1109 :
1466 1056 1612 1111 Nosti
1642 1058 1811 1114 Deum
1829 1103 1843 1123 ,
1895 1077 1963 1116 an

376 1157 482 1195 non
515 1141 694 1196 nosti?
714 1142 769 1197 Si
800 1144 1020 1211 dixeris,
1054 1143 1208 1213 Novi,
1230 1148 1406 1201 statim
1428 1152 1639 1218 reponit
1665 1168 1678 1204 :
1704 1151 1845 1221 Ergo
1865 1168 1955 1207 no-

372 1234 440 1286 sti
462 1234 601 1303 quod
622 1235 791 1290 colis?
815 1235 975 1302 Sane,
1004 1237 1175 1308 inquit
1214 1239 1351 1309 pius.
1377 1239 1505 1307 Quis
1535 1243 1676 1297 enim
1703 1245 1962 1301 sustineat

370 1323 572 1391 dicere,
603 1340 662 1381 se
686 1326 738 1380 id
767 1328 946 1383 colere
970 1329 1113 1399 quod
1152 1344 1257 1385 non
1285 1332 1472 1387 novit?
1499 1333 1664 1390 instat
1694 1335 1781 1391 ille
1806 1356 1820 1394 :
1846 1338 1958 1394 No-

371 1418 436 1470 sti
467 1433 597 1488 ergo
625 1418 713 1473 Dei
741 1420 1117 1476 substantiam?
1145 1421 1199 1477 Si
1224 1430 1275 1476 te
1294 1425 1431 1478 scire
1454 1427 1747 1495 negaveris,
1774 1431 1955 1485 statim

367 1509 554 1580 objicit
583 1528 595 1564 :
630 1512 768 1583 Ergo
796 1527 898 1566 non
926 1515 1067 1568 nosti
1098 1514 1148 1569 id
1179 1516 1319 1585 quod
1351 1517 1500 1571 colis.
1543 1517 1673 1574 Vide
1704 1521 1832 1575 mihi
1863 1522 1959 1578 de-

370 1611 506 1656 torta
533 1605 725 1668 verba;
756 1604 875 1660 vide
897 1606 1247 1676 malignorum
1302 1610 1629 1678 serpentium
1672 1614 1952 1669 versutias.

373 1694 763 1750 Videszverum
796 1697 993 1753 turbari
1017 1712 1119 1753 non
1138 1709 1367 1769 oportet.
1393 1701 1520 1756 illud
1542 1704 1707 1772 enim,
1740 1707 1951 1775 fratres,

365 1787 639 1843 sciendum
668 1798 771 1855 est,
804 1791 1000 1846 multos
1028 1807 1149 1847 esse
1174 1793 1375 1848 sciendi
1400 1796 1605 1851 modos.
1633 1798 1815 1853 Potest
1835 1801 1954 1870 quis

359 1879 501 1933 seire
522 1879 683 1934 Deum
704 1896 844 1945 esse,
876 1897 973 1937 nec
995 1891 1169 1939 tamen
1193 1885 1335 1941 scire
1361 1888 1630 1957 quomodo
1662 1892 1752 1945 sit.
1774 1891 1953 1958 Quan-

363 1969 648 2039 doquidem
675 1972 836 2026 etiam
860 1974 998 2043 apud
1028 1990 1125 2030 nos
1144 1977 1387 2033 homines
1414 1981 1593 2035 multa:
1621 1990 1743 2035 sunt
1769 1985 1951 2054 cogni-

359 2062 522 2117 tionis
553 2064 672 2119 viaa.
704 2064 836 2119 Novi
870 2067 1011 2123 hunc
1033 2068 1301 2125 hominem
1338 2071 1390 2126 in
1414 2072 1515 2129 ista
1553 2074 1685 2130 urbe
1708 2092 1946 2147 manere,

360 2168 460 2210 nec
508 2166 683 2212 tamen
718 2159 840 2213 novi
867 2176 1024 2230 quam
1064 2171 1237 2219 artem
1281 2178 1571 2223 exerceat:
1619 2172 1739 2225 novi
1784 2173 1946 2228 alium

356 2246 518 2301 talem
542 2257 882 2306 exercentem
909 2262 1099 2321 artem,
1128 2271 1226 2310 nec
1256 2258 1377 2312 novi
1407 2257 1546 2315 unde
1568 2275 1739 2331 genus
1764 2263 1944 2320 ducat.

356 2338 553 2395 Partim
586 2334 788 2413 'nempe
816 2360 1116 2416 cognosco,
1150 2350 1341 2419 partim
1386 2352 1595 2423 ignoro.
1627 2355 1683 2410 ln
1712 2373 1943 2428 summa,

355 2435 690 2504 particularis
705 2439 937 2510 cognitio
951 2456 1057 2497 non
1089 2442 1292 2499 inducit
1318 2445 1612 2516 perfectam
1641 2452 1940 2519 scientiam,

353 2540 527 2598 neque
583 2546 691 2585 non
740 2533 918 2588 omnia
965 2549 1328 2607 cognoscere,
1382 2542 1751 2610 particularem
1807 2547 1945 2604 tollit

350 2620 727 2687 cognitionem.
759 2623 895 2690 Quid
925 2626 1095 2698 ergo?
1122 2625 1254 2683 Novi
1277 2643 1399 2686 esse
1444 2631 1631 2702 Deum,
1687 2634 1943 2708 illumque

352 2709 574 2776 bonum,
605 2711 984 2783 immortalem,
1025 2717 1482 2790 incorruptibilem
1503 2766 1517 2790 ,
1550 2741 1709 2796 quem
1741 2730 1941 2800 cogita-

350 2800 495 2856 tione
519 2817 714 2873 capere
745 2821 848 2860 non
883 2808 1170 2876 possimus,
1206 2810 1828 2886 incomprehensibilem,
1858 2821 1940 2876 in-

346 2904 692 2960 corporeum,
720 2894 1126 2955 immutabilem.
1150 2900 1276 2957 Hcee
1295 2905 1471 2960 omnia
1500 2909 1645 2978 novi,
1671 2921 1725 2966 et
1748 2927 1939 2983 cogno-

344 2993 504 3036 scens
551 2984 740 3040 adoro.
771 2989 1051 3054 Quomodo
1078 3001 1257 3047 autem
1294 2995 1364 3051 sit
1392 3012 1496 3052 non
1544 3003 1707 3065 novi,
1763 3019 1937 3077 neque

342 3071 563 3129 edoctus
578 3090 696 3132 sum
710 3080 991 3150 exquirere
1011 3086 1281 3154 quomodo
1297 3088 1384 3154 sit,
1408 3091 1499 3145 sed
1515 3094 1659 3163 quod
1674 3095 1765 3152 sit.
1791 3071 1935 3169 Apo-

340 3165 479 3217 stolo
507 3167 649 3222 enim
679 3170 936 3240 majorem
967 3176 1233 3232 neminem
1261 3180 1477 3235 invenio
1500 3183 1800 3255 doctorem,
1841 3190 1932 3260 qui

340 3259 509 3327 possit
532 3263 792 3332 majorem
824 3266 953 3321 mihi
981 3269 1233 3339 pietatem
1255 3275 1595 3345 suppeditare
1624 3294 1638 3332 :
1667 3281 1758 3350 qui
1788 3259 1931 3339 clara

338 3363 471 3405 voce
495 3366 624 3407 usus
652 3352 719 3408 ad
744 3353 886 3410 hunc
906 3359 1119 3414 modum
1143 3361 1300 3417 docet
1331 3381 1345 3418 :
1374 3364 1589 3422 Credere
1612 3371 1744 3423 enim
1774 3387 1930 3444 opor-

334 3447 402 3494 tet
426 3442 744 3498 accedente»:
773 3446 841 3499 ad
869 3447 1055 3515 Deum,
1078 3452 1196 3521 quia
1243 3463 1319 3508 est
1344 3454 1529 3523 (Hebr.
1561 3459 1649 3513 11.
1682 3460 1736 3532 6)
1774 3442 1926 3517 :vuou

334 3535 603 3601 quoutodo
618 3545 722 3600 est,
750 3539 844 3593 sed
873 3541 1007 3608 Quia
1032 3553 1124 3610 est,
1155 3556 1203 3600 et
1225 3548 1591 3618 inquirentibus
1614 3570 1668 3607 se
1693 3571 1925 3611 remune-

334 3634 477 3678 rator
493 3637 585 3682 est.
603 3627 785 3700 Itaque
801 3632 941 3701 quod
963 3635 1084 3689 novi
1107 3638 1244 3693 colo.
1269 3638 1382 3694 Non
1398 3640 1554 3697 didici
1570 3642 1660 3701 Dei
1678 3646 1926 3704 substan-

333 3719 457 3772 tiam
490 3721 790 3789 explorare.
819 3725 1051 3783 Credere
1074 3728 1255 3797 didici,
1278 3730 1509 3802 fratres;
1538 3736 1781 3805 credere,
1817 3756 1921 3797 non

332 3810 576 3864 scrutari.
596 3810 737 3882 Lege
761 3813 1149 3873 confessionem
1171 3829 1336 3889 tuam,
1363 3824 1631 3891 haeretica,
1658 3829 1709 3882 in
1727 3846 1923 3887 arcano

329 3909 381 3953 et
399 3902 677 3957 tremendo
692 3906 950 3976 mysterio
972 3909 1253 3978 prolatam.
1267 3912 1490 3981 Quando
1506 3919 1571 3973 ad
1600 3919 1919 3990 baptismum

326 3992 620 4058 at-cessisti,
653 3996 780 4065 quid
806 3997 1027 4054 dixisti?
1054 4018 1121 4056 an
1153 4019 1419 4074 quazrens,
1465 4024 1533 4065 an
1579 4014 1790 4069 curiose
1826 4033 1919 4071 ex-

326 4082 563 4153 plorans,
598 4087 681 4142 vel
710 4090 963 4147 credens?
988 4094 1104 4148 Alia
1131 4097 1438 4157 conditione
1469 4104 1684 4171 venisti,
1715 4116 1768 4161 et
1793 4124 1915 4164 cum

325 4174 435 4230 alio
455 4188 608 4246 pacto
640 4178 717 4253 (a)
743 4182 989 4253 dignatus
1012 4202 1071 4241 es
1102 4187 1188 4242 illa
1213 4192 1404 4259 gratia.
1454 4196 1532 4250 Ae
1556 4196 1600 4251 si
1644 4198 1760 4256 haec
1788 4216 1915 4257 sen-

324 4269 463 4325 tiens
492 4272 664 4343 gratia
688 4276 918 4333 donatus
946 4295 1026 4347 es,
1061 4280 1218 4337 iidem
1247 4292 1302 4340 et
1325 4297 1475 4355 pacta
1500 4290 1746 4360 violasti,
1774 4305 1829 4350 et
1860 4297 1912 4352 in

322 4364 619 4420 tremendis
643 4366 856 4435 quidem
902 4370 1290 4445 horrendisque
1331 4383 1599 4450 mysteriis
1625 4384 1783 4441 fidem
1813 4388 1913 4443 ob-

322 4454 513 4521 tulisti,
532 4467 679 4511 extra
708 4462 959 4531 mysteria
982 4479 1111 4518 vero
1135 4467 1475 4540 constitutus,
1496 4472 1651 4529 fidem
1679 4477 1911 4534 circum-

319 4545 535 4613 scribis,
564 4557 618 4603 et
643 4553 989 4619 quaestionem
1017 4572 1218 4612 moves.

392 4637 447 4694 5.
479 4639 836 4698 Anommorunt
877 4646 1109 4716 objectio.
1158 4648 1329 4721 Opera
1374 4652 1470 4709 Dei
1505 4673 1606 4713 non
1656 4662 1906 4733 capimus,

317 4743 507 4804 quanto
553 4734 722 4790 niinns
766 4736 1111 4795 Deum—At
1160 4742 1279 4799 vide
1307 4746 1432 4816 quid
1472 4748 1616 4805 dicat
1658 4751 1909 4813 inimicus

317 4824 579 4882 veritatis.
609 4826 746 4883 Num
777 4828 970 4886 frustm
1004 4832 1145 4890 Deus
1183 4837 1463 4895 ratiocinia
1495 4843 1647 4899 nobis
1678 4846 1908 4903 indidit?

316 4932 443 4971 num
491 4917 683 4974 frustra
730 4923 1035 4993 accepimus
1072 4926 1258 4996 jndicii
1307 4928 1908 5009 facultatem?0portet

316 5008 611 5064 rationibus
649 5011 969 5082 investigare
1002 5015 1182 5082 fidem,
1210 5034 1309 5074 nec
1336 5022 1453 5077 sine
1491 5008 1745 5084 examine,
1774 5032 1904 5086 reli-

314 5100 526 5169 gionem
557 5117 697 5159 esse.
740 5104 1152 5191 Recte..\'erum
1192 5114 1453 5169 examinis
1500 5133 1739 5175 normam
1783 5139 1904 5180 esse

313 5200 527 5261 oportet
576 5193 755 5250 divina
795 5197 1040 5268 eloquia,
1094 5204 1411 5276 regnlasque
1456 5209 1669 5278 pietatis
1706 5229 1738 5268 a
1792 5217 1903 5272 Deo

316 5283 473 5341 nobis
526 5286 768 5343 traditas.
812 5289 894 5346 Tu
933 5307 1062 5349 vero
1106 5297 1320 5367 regulas
1363 5308 1750 5375 transgressus,
1794 5323 1900 5365 non

374 5469 1263 5563 Si'L‘mgn‘trirsaemeeaee
1275 5489 1365 5563 se
1384 5484 1646 5563 ξςίςξεθσυε
1664 5487 1730 5563 9°.
1751 5493 1904 5563 sapu-

310 5593 510 5644 raritati
522 5593 770 5659 prolerunt
793 5593 1105 5663 angelicam":
1129 5601 1321 5655 nomina
1345 5593 1900 5673 'pisﬁiaoioi'ﬁiibii

309 5653 623 5717 excunqu
654 5659 790 5718 vita,
814 5674 908 5711 non
928 5675 959 5712 a
981 5662 1185 5725 quolibet
1216 5665 1405 5721 homine
1425 5711 1439 5729 ,
1473 5672 1560 5723 sed
1590 5688 1623 5725 a
1650 5678 1900 5739 superiore

309 5716 498 5768 relatis
511 5725 757 5783 potestate.
783 5722 1018 5776 Veterum
1039 5724 1382 5783 Analectorum
1401 5741 1536 5787 Tom.
1556 5737 1607 5789 5.
1630 5737 1833 5793 cateia.

1883 278 2155 338 meum

383 403 499 443 rem
526 388 869 459 abnegatam,
901 403 1073 460 neque
1106 388 1176 445 ad
1217 391 1489 447 sinistram
1510 391 1801 460 mendacii,
1829 404 1974 451 metu
2008 434 2009 437 η

3570 307 3661 365 M6

2084 398 2314 456 inimus
2340 401 2538 459 divinis
2565 403 2853 475 Scripturis
2873 449 2889 472 ,
2932 410 3024 467 sed
3053 411 3230 469 divina
3268 417 3559 487 scrutaris,
3614 434 3663 477 et

2079 491 2187 546 vim
2225 493 2391 549 infers
2415 497 2661 563 veritati;
2704 509 2761 554 et
2786 502 2982 571 ubique
3003 505 3224 562 affectas
3251 511 3524 567 rationum
3558 531 3663 569 ma-

2077 583 2157 651 gis
2182 585 2335 654 sequi
2377 586 2648 654 Salebras,
2675 606 2838 660 quam
2891 593 3013 657 fidei
3069 598 3304 669 servire,
3344 603 3503 671 quasi
3542 606 3663 658 alio-

2079 692 2194 730 rum
2222 680 2465 747 peritiam
2508 681 2727 749 habt-as,
2758 697 2848 743 aut
2875 689 3127 759 aliorum,
3154 708 3349 765 nempe
3370 715 3502 767 qua:
3546 717 3662 756 eer—

2076 780 2294 831 nuntur.
2324 774 2731 839 experientiam.
2789 778 3057 838 Beuuntia
3079 786 3210 843 mibi
3257 790 3662 849 ratiocinionun

2072 861 2211 916 serie
2233 862 2419 930 fultus,
2442 869 2713 936 quomodo
2725 873 2912 928 ea-lum
2931 876 3099 944 stetit,
3119 878 3171 935 in
3189 889 3335 937 tanta
3354 883 3660 953 altitudine,

2072 951 2124 1007 in
2153 963 2258 1008 tam
2294 955 2551 1012 immensa
2581 965 2934 1033 eoncavitate,
2963 978 3025 1024 et
3055 971 3260 1028 nullum
3291 975 3345 1030 in
3378 985 3537 1033 tanto
3556 995 3663 1033 ain-

2072 1044 2180 1100 bitu
2208 1045 2430 1103 fulcrum
2458 1050 2693 1109 habens?
2711 1056 2989 1123 Quomodo
3015 1064 3183 1127 stetit,
3211 1082 3242 1121 a
3269 1084 3381 1139 quo
3400 1081 3657 1141 gestator,

2068 1153 2188 1208 quae
2236 1141 2578 1199 fundamenta
2619 1159 2745 1204 sunt
2786 1154 2979 1221 quibus
3025 1157 3247 1215 nititur?
3294 1179 3401 1234 qua
3455 1170 3659 1224 ratione

2069 1245 2165 1300 per
2215 1242 2418 1288 tantum
2464 1246 2669 1308 tempus
2716 1258 2820 1297 non
2862 1247 3088 1304 solvitur
3139 1253 3509 1322 pulchritudo,
3559 1277 3655 1317 tum

2065 1325 2204 1394 perit
2226 1341 2519 1385 concentus
2539 1333 2693 1403 ejus?
2717 1335 2951 1395 Ostende
2969 1342 3244 1401 columnas
3268 1363 3392 1418 qua:
3417 1350 3654 1418 iniciant,

2063 1417 2286 1473 ostende
2312 1420 2480 1476 basim
2510 1433 2674 1479 tanta:
2700 1429 2825 1484 moli
2853 1432 3168 1502 subjectam.
3199 1417 3407 1509 Ecquid
3439 1442 3513 1499 de
3532 1417 3654 1501 calo

2063 1510 2289 1580 loquor,
2324 1530 2429 1570 non
2454 1516 2525 1573 de
2566 1528 2703 1574 terra
2747 1537 2908 1592 quam
2939 1527 3127 1582 calca?
3163 1531 3404 1588 Primum
3449 1538 3652 1606 explica

2063 1602 2191 1657 mihi
2239 1614 2397 1662 terra:
2422 1611 2882 1671 constitutionem.
2910 1617 3063 1686 Quod
3101 1622 3245 1677 enim
3275 1638 3446 1695 super
3490 1644 3651 1699 aquas

2060 1694 2276 1750 fundata
2326 1700 2396 1755 sit
2434 1699 2719 1771 (Psal.25.
2751 1706 2831 1776 2),
2864 1707 2967 1764 hoc
3016 1723 3074 1768 et
3098 1728 3201 1785 ego
3243 1694 3453 1787 accepi,
3506 1694 3565 1776 et
3603 1735 3651 1777 tu

2058 1787 2354 1844 conﬁteris.
2381 1793 2449 1846 At
2487 1798 2757 1863 quomodo
2786 1813 2947 1869 super
2998 1818 3164 1875 aquas
3190 1807 3402 1864 firmata
3425 1813 3521 1875 sit.
3561 1830 3650 1868 ex.

2060 1891 2218 1946 pone.
2256 1879 2335 1935 Ne
2362 1882 2673 1952 simpliciter
2696 1903 2999 1947 sermonem
3040 1897 3297 1966 excipias,
3327 1900 3425 1957 sed
3450 1908 3650 1973 quaesi-

2058 1977 2233 2025 torum
2255 1973 2515 2029 rationem
2534 1977 2700 2034 redde
2724 1997 2737 2035 :
2766 1984 3037 2050 quomodo
3053 1995 3131 2042 tot
3154 1991 3398 2062 tantique
3413 2005 3644 2059 montes.

2054 2063 2238 2129 colles,
2287 2066 2453 2121 valles
2504 2084 2667 2138 super
2712 2085 2879 2142 aquas
2929 2075 3190 2135 ferantur.
3238 2083 3335 2139 Die
3374 2090 3649 2154 quomodo

2054 2168 2202 2210 ntare
2226 2168 2530 2227 separatum
2562 2164 2664 2226 sit;
2694 2163 2782 2219 die
2812 2181 2922 2235 quo
2958 2180 3114 2239 pacto
3144 2182 3221 2228 tot
3249 2176 3510 2235 ﬂuctibus
3535 2184 3644 2252 agi-

2054 2255 2241 2315 tatum,
2264 2261 2319 2304 ct
2341 2252 2393 2305 in
2416 2252 2732 2311 immensam
2750 2273 2979 2331 surgens
2994 2264 3350 2335 altitudinem,
3375 2287 3506 2328 eum
3525 2289 3639 2329 are-

2052 2354 2175 2395 nam
2205 2342 2417 2414 attingit
2439 2347 2699 2415 solvatur,
2728 2358 2783 2404 et
2812 2352 3133 2423 legislatoris
3160 2362 3449 2420 terminum
3490 2382 3642 2421 rere-

2049 2442 2249 2487 reator.
2301 2434 2678 2506 Interpretare,
2728 2441 2911 2511 frater,
2941 2450 3211 2517 quomodo
3251 2468 3377 2509 eum
3423 2471 3535 2511 una
3578 2461 3642 2514 sit

2050 2532 2208 2588 terra,
2244 2542 2344 2582 una
2373 2540 2563 2596 mater,
2617 2531 2844 2590 diversae
2894 2538 3091 2607 planta:
3144 2543 3273 2611 sint,
3328 2548 3477 2603 unde
3505 2552 3639 2605 radi-

2046 2628 2137 2668 ces
2162 2631 2388 2685 amarze,
2412 2620 2554 2676 unde
2592 2622 2779 2680 dulces
2803 2668 2819 2695 ,
2849 2628 2990 2684 unde
3031 2631 3300 2691 fructuum
3329 2640 3638 2696 varietates.

2050 2706 2163 2762 Una
2195 2717 2334 2764 terra
2360 2714 2666 2783 germinans
2694 2725 2800 2786 est,
2836 2737 2974 2778 unus
2994 2723 3168 2780 imber
3191 2728 3285 2782 alit
3316 2746 3330 2781 :
3358 2732 3510 2787 unde
3532 2735 3638 2788 dif-

2044 2799 2295 2857 ferentia?
2317 2805 2534 2876 Expliea
2562 2810 2703 2866 unde
2724 2813 3037 2882 prodierunt
3056 2818 3249 2886 fontes,
3274 2833 3331 2878 et
3354 2840 3421 2881 ex
3443 2829 3640 2897 quibus

2042 2891 2251 2965 abyssis
2283 2913 2296 2949 :
2326 2913 2430 2967 qua
2456 2901 2663 2957 ratione
2706 2902 2821 2959 h:rc
2849 2910 3055 2976 possint
3090 2891 3501 2985 comprehendi.
3538 2921 3637 2977 Ve-

2042 3002 2160 3041 rum
2206 2991 2420 3059 quando
2462 2993 2529 3048 de
2558 2994 2643 3050 his
2685 2996 3142 3072 dubitaverimus,
3176 3023 3332 3064 unam
3377 3009 3637 3070 habemus

2040 3094 2222 3135 veram
2246 3093 2301 3136 et
2323 3084 2463 3154 piam
2488 3090 2846 3157 quaestionum
2876 3095 3223 3155 solutionem.
3248 3108 3426 3175 Atque
3443 3105 3635 3163 beatis

2038 3172 2207 3229 David
2255 3178 2455 3234 cecinit
2484 3180 2566 3237 his
2610 3184 2835 3241 verbis:
2884 3186 3018 3254 Quia
3063 3203 3257 3249 rectum
3299 3172 3374 3253 est
3427 3203 3632 3255 verqu

2041 3263 2265 3333 Domini,
2288 3276 2336 3322 et
2354 3272 2524 3325 omnia
2542 3288 2696 3343 opera
2715 3277 2827 3348 ejus
2845 3280 2897 3332 in
2922 3279 3028 3349 ﬁde
3053 3282 3225 3354 (Psal.
3252 3286 3435 3359 32.4).
3454 3289 3629 3362 Opera

2034 3359 2151 3414 sine
2172 3361 2277 3418 ﬁde
2302 3366 2681 3435 comprehendi
2707 3383 3000 3442 nequeunt,
3027 3385 3083 3432 et
3110 3377 3252 3435 Deus
3270 3381 3388 3437 sine
3413 3359 3524 3441 fide
3552 3387 3632 3439 in.

2037 3452 2202 3507 veniri
2233 3456 2464 3524 poterit?
2499 3456 2673 3528 Opera
2698 3474 2805 3517 non
2827 3464 2945 3520 sine
2972 3464 3096 3531 fide,
3119 3477 3177 3524 et
3201 3469 3370 3528 Filius
3396 3475 3628 3531 demon-

2032 3545 2332 3600 stratione?
2363 3547 2499 3614 Quia
2526 3559 2720 3606 rectum
2748 3564 2822 3608 est
2853 3560 3055 3612 uerbum
3076 3557 3320 3630 Domini,
3366 3574 3415 3619 et
3452 3572 3627 3621 omnia

2031 3654 2186 3708 opera
2210 3642 2323 3711 ejus
2349 3642 2402 3695 in
2428 3644 2551 3710 fide.
2584 3644 2779 3701 Verum
2802 3663 2925 3717 nos,
2953 3651 3157 3709 relictis
3185 3656 3425 3713 veritatis
3453 3661 3626 3716 hosti-

2030 3729 2150 3792 bus.
2183 3731 2249 3785 ad
2275 3744 2461 3789 sanam
2491 3744 2770 3808 tutamque
2794 3739 2955 3797 ﬁdem
2973 3743 3277 3813 redeamus,
3298 3750 3511 3821 piatque
3539 3769 3624 3808 re-

2029 3821 2241 3892 ligionis
2254 3826 2492 3895 regulam
2502 3828 2868 3898 ostendamus,
2889 3832 3002 3903 ipsa
3016 3835 3239 3893 veritate
3250 3839 3619 3911 eli'ulgentem.

2030 3914 2172 3971 Inter
2199 3927 2407 3974 veteres
2424 3918 2606 3992 Moyse
2632 3937 2792 3980 nemo
2813 3924 2919 3982 ﬁde
2942 3927 3193 3998 dignior:
3222 3932 3276 3987 in
3302 3940 3619 3993 recentiori-

2025 4010 2124 4064 bus
2148 4025 2307 4066 nemo
2354 4012 2519 4069 Paulo
2543 4016 2853 4086 sapientior.
2884 4018 3080 4086 Quzere
3106 4032 3341 4081 veterem
3390 4038 3615 4097 statum,

2021 4109 2078 4156 et
2105 4104 2373 4158 neminem
2396 4104 2575 4177 Moyse
2600 4108 2857 4178 majorem
2886 4113 3123 4181 reperies
3149 4133 3163 4169 :
3189 4132 3310 4171 nam
3363 4121 3500 4178 Novi
3543 4135 3613 4190 te,

2021 4204 2069 4246 et
2099 4194 2330 4249 invenisti
2373 4198 2590 4266 gratiam
2615 4216 2723 4270 pra:
2748 4203 3009 4258 onmibus‘
3035 4205 3242 4277 (Exod.
3273 4210 3365 4266 53.
3390 4213 3508 4284 12).
3558 4217 3616 4270 In

2021 4300 2161 4341 novo
2198 4287 2542 4344 Testamento
2588 4307 2748 4346 nemo
2775 4293 2941 4350 Paulo
2970 4297 3299 4365 perfectior:
3335 4302 3441 4358 Vas
3468 4308 3616 4362 enim

2018 4378 2274 4434 electionis
2296 4391 2367 4435 est
2389 4382 2526 4451 (Act.
2554 4382 2605 4439 9.
2634 4384 2748 4454 15),
2768 4385 3143 4461 Christumque
3166 4392 3325 4450 habet
3354 4397 3408 4451 in
3430 4402 3618 4470 seipse

2019 4471 2345 4542 loquentem.
2391 4475 2467 4531 Ne
2496 4479 2955 4549 praetergrediaris
3003 4485 3262 4542 terminos
3311 4489 3513 4560 Moysis
3560 4508 3615 4547 et

2018 4563 2189 4619 Pauli.
2218 4565 2356 4632 Quid
2389 4567 2596 4624 invenit
2623 4569 2861 4642 Moyses,
2892 4576 3429 4646 comprehensionem
3482 4586 3617 4640 sub.

2014 4660 2245 4725 stantiae,
2274 4674 2342 4715 an
2379 4661 2605 4731 gloriam
2636 4662 2775 4719 Dei?
2831 4666 3064 4739 Moyses,
3120 4669 3335 4739 fratres,
3366 4678 3510 4733 venit
3553 4680 3610 4733 in

2014 4751 2498 4822 concupiscentiam
2531 4754 2645 4819 Dei,
2670 4766 2727 4810 ut
2749 4755 2911 4813 homo
2934 4760 3239 4833 religiosus,
3265 4775 3320 4820 et
3344 4768 3612 4839 ignoravit

2012 4859 2074 4899 se
2104 4845 2182 4898 rei
2210 4845 2551 4915 impossibilia
2571 4846 2840 4903 desiderio
2869 4853 3037 4907 teneri
3065 4870 3081 4907 :
3112 4865 3351 4913 attamen
3380 4877 3477 4929 per
3502 4878 3568 4919 ea
3587 4904 3604 4930 ,

2011 4952 2132 5008 qua:
2154 4937 2302 5006 petiit
2317 4954 2347 4994 a
2376 4939 2502 5007 Deo,
2526 4939 2651 5011 quid
2671 4941 3002 5001 desideraret
3024 4949 3278 5004 ostendit.
3300 4950 3440 5018 Quid
3460 4956 3606 5012 enim

2009 5029 2121 5082 ait?
2151 5028 2388 5098 Obsecro,
2421 5030 2657 5099 Domine,
2704 5034 2749 5087 si
2775 5034 2940 5089 inveni
2967 5039 3187 5107 gratiam
3232 5042 3287 5095 in
3331 5058 3604 5115 conspecta

2010 5132 2115 5186 tuo,
2147 5126 2411 5195 manifeste
2446 5126 2643 5181 uideam
2683 5138 2752 5195 te,
2788 5132 2991 5186 ostende
3039 5142 3087 5187 te
3113 5135 3237 5189 mihi
3283 5136 3602 5208 (Exod.35.

2011 5215 2124 5288 l3).
2154 5217 2341 5274 Frater
2386 5228 2506 5274 erat
2539 5220 2584 5274 is
2637 5220 2865 5293 Philippi
2893 5222 3121 5280 dicentis
3148 5241 3163 5279 :
3200 5227 3424 5285 Ostende
3459 5235 3605 5289 nobis

2010 5308 2237 5377 Patrem,
2262 5322 2307 5366 et
2333 5314 2512 5383 δαμεὶς
2535 5314 2675 5368 nobis
2695 5312 2875 5385 (Joan.
2905 5317 2994 5373 Η.
3011 5317 3090 5390 8).
3116 5319 3361 5390 Domine,
3383 5334 3441 5379 tu
3466 5328 3604 5380 dixi-

2007 5408 2110 5471 sti,
2135 5406 2382 5463 Invenisti
2403 5410 2619 5480 gratiam
2663 5412 2717 5465 in
2760 5422 3032 5481 conspectu
3060 5430 3170 5469 meo
3194 5431 3217 5471 :
3242 5419 3454 5472 ostende
3478 5423 3602 5473 mihi

2008 5502 2344 5573 temetipsum,
2375 5512 2434 5558 nt
2458 5504 2720 5576 manifeste
2746 5506 2944 5560 videam
2968 5516 3036 5562 te.
3062 5507 3203 5565 Vidit
3227 5510 3447 5581 quidem
3474 5530 3600 5571 eum

2072 5674 2525 5754 ἒίὲεθδπίίραωει
2553 5676 2688 5754 ¹⁷⁶ε
2723 5681 2841 5754 ετρὸς
2869 5682 3090 5754 timeas.
3116 5685 3133 5746 t
3150 5684 3184 5754 τε
3220 5688 3353 5750 παρά
3381 5690 3593 5754 πάντας)

2010 5737 2279 5801 ἀνθρώπους
2310 5739 2455 5799 ἔγνων
2480 5755 2556 5801 σε,
2591 5742 2671 5788 καὶ
2696 5737 2825 5805 suos;
2845 5745 2981 5806 χάριν
3010 5737 3209 5797 omits»;
