3720 6276
54 282 179 338 US

43 392 261 455 κακία.
290 390 415 449 οὔτε
467 392 607 466 πρὸς
640 392 711 448 τά
746 394 898 462 δεξιά
922 395 1023 468 τῆς
1049 398 1307 470 ἀληθείας
1330 400 1651 471 τολμήσασα

51 483 218 547 ἰδεῖν,
282 482 374 538 διά
416 483 516 556 τὴν
566 486 665 539 τοῦ
706 486 956 559 Σωτῆρος
985 488 1235 561 ἄρνησιν,
1264 490 1390 545 οὐτε
1417 490 1554 561 πρὸς
1581 489 1652 544 τά

47 575 337 647 ἀριστερά
358 576 451 630 τοῦ
468 576 718 647 ψεύδους,
752 579 841 634 διά
870 580 963 636 τὸν
994 581 1089 635 τοῦ
1115 583 1251 637 λαοῦ
1271 584 1453 652 φόϐον.

133 731 234 781 Δεῖ
265 728 446 783 τοίνυν
473 732 569 785 καὶ
621 733 789 804 ἡμᾶς,
831 735 1071 805 ἀδελφοὶ,
1097 736 1286 790 τοῦτον
1307 738 1399 791 τὸν
1452 737 1649 791 κανόνα

56 823 223 893 παρά
244 822 341 875 τοῦ
365 824 571 895 Κυρίου
601 823 996 895 λαμϐάνοντας,
1032 827 1105 898 μὴ
1153 827 1328 881 πάντα
1370 831 1491 892 ταῖς
1519 828 1655 899 ἐρω-

54 916 265 985 τήσεσι
283 913 396 967 τῶν
423 916 715 986 αίρετικῶν
737 917 956 973 διδόναι.
989 915 1159 972 Ὅταν
1189 919 1371 983 κακῶς
1403 921 1651 990 ἐρωτήσῃ

56 1007 382 1078 αἱρετικδς,
411 1008 776 1079 ἀντερωτήσει
815 1008 1000 1080 δικαίᾳ
1041 1008 1201 1062 λῦσον
1236 1009 1384 1080 αὐτῷ
1407 1009 1505 1081 τὴν
1536 1010 1652 1063 ἄτο-

54 1116 171 1151 πον
198 1097 417 1152 πεῦσιν.
464 1097 799 1152 Πυνθάνεται
853 1100 1112 1163 πολλάκις
1152 1100 1452 1166 αίρετικός·
1494 1096 1655 1164 Οἶδας
1696 1112 1699 1115 ·

56 1191 159 1244 τὸν
189 1190 350 1256 Θεὸν,
391 1191 423 1261 ἢ
457 1191 559 1244 οὐκ
584 1189 758 1257 οἷδας;
807 1192 935 1245 Ἐἀν
953 1193 1135 1263 εἴπῃς,
1170 1187 1415 1259 ὂτιοῖδα,
1449 1191 1655 1256 εὐθέως

60 1284 274 1352 ἐπάγει
299 1300 312 1313 ’
343 1279 504 1348 Οἶδας
527 1278 620 1338 οῦν
641 1284 671 1337 δ
703 1284 977 1348 εὐσεϐεἶς;
1001 1285 1130 1346 N01.
1163 1286 1325 1356 φησὶν
1354 1287 1382 1339 0
1405 1284 1652 1355 εὐσεϐής.

62 1376 171 1437 Τίς
198 1376 315 1446 γὰρ
340 1378 488 1439 ὅπως
517 1376 778 1445 ὑπομένει
802 1375 999 1445 λέγων,
1026 1378 1109 1430 ὅτι
1140 1378 1206 1429 Ὃ
1233 1375 1309 1447 μὴ
1337 1372 1453 1429 οἶδα
1476 1375 1653 1440 σέϐως

64 1463 250 1517 Πάλιν
278 1463 473 1532 ἐπάγει
493 1481 508 1495 ·
540 1461 701 1528 Οἶδας
728 1460 821 1519 οὖν
855 1465 949 1521 τοῦ
981 1464 1115 1519 Θεοῦ
1142 1466 1239 1535 τὴν
1263 1466 1483 1529 οὐσίαν;
1527 1465 1653 1519 Ἑάν

64 1552 261 1624 εῐπῃς,
288 1554 369 1607 ὅτι
398 1554 510 1608 Οὐκ
540 1549 677 1622 οἶδα,
705 1554 904 1619 εὐθέως
933 1556 1288 1628 ἀντιτίθησιν·
1324 1556 1530 1610 Οὐκοῦν
1558 1557 1657 1610 οὐκ

73 1642 232 1709 οἶδας
256 1647 310 1698 τί
342 1646 539 1711 σέϐεις.
568 1646 710 1718 Ὅρα
755 1666 845 1719 μοι
886 1647 1032 1720 [421]
1070 1648 1141 1702 τά
1164 1648 1353 1702 σκολιά
1392 1649 1611 1720 ῥήματα
1642 1660 1656 1675 ⁸

72 1734 185 1805 ὅρα
246 1753 338 1806 μοι
371 1736 478 1789 τῶν
508 1737 759 1809 πονηρῶν
790 1738 964 1809 ὄφεων
992 1739 1090 1803 τὰς
1119 1739 1409 1802 ποικιλίας.
1460 1738 1659 1809 Ὀρᾷςς

72 1826 197 1880 ἀλλ’
222 1827 285 1880 ού
318 1827 400 1881 δεῖ
426 1829 803 1901 ταράττεσθαι.
853 1832 1059 1884 Ἐκεῖνο
1092 1829 1220 1901 γὰρ,
1263 1829 1499 1898 ἀδελφοὶ,
1527 1829 1661 1882 είδέ-

69 1935 169 1969 ναι
199 1917 332 1989 χρὴ,
362 1918 443 1972 ὅτι
473 1919 567 1972 τοῦ
602 1920 799 1974 εἰδέναι
838 1918 1019 1974 πολλοὶ
1073 1921 1284 1993 τρόποι.
1319 1919 1547 1973 Δύναταί
1578 1934 1661 1983 τις

74 2002 407 2063 εἰδέναι’ὅτι
428 2010 540 2063 εστι
579 2010 730 2075 Θεὸς,
766 2011 825 2065 οὐ
856 2010 918 2065 10
948 2012 1063 2076 πῶς
1095 2014 1229 2065 ἐστι.
1276 2011 1432 2066 Ἐπεὶ
1460 2011 1553 2065 καὶ
1577 2011 1661 2079 ἐφ’

72 2100 243 2170 ἡμῶν
264 2101 705 2181 τῶνάνθρώπων
734 2104 924 2156 πολλαὶ
950 2104 1051 2173 τῆς
1095 2102 1349 2172 γνώσεως
1378 2103 1505 2156 ὁδοί.
1532 2101 1664 2155 Οἶδα

72 2191 236 2244 τόνδε
279 2192 372 2246 τὸν
420 2192 705 2264 ἄνθρωπον
732 2197 791 2249 ἐν
819 2194 947 2265 τῇδε
991 2197 1057 2267 τῇ
1095 2194 1246 2248 πόλει
1290 2193 1568 2262 διάγοντα,
1598 2192 1659 2246 οὐ

79 2285 196 2356 μὴν
224 2280 348 2338 οἶδα
373 2285 468 2339 καὶ
489 2285 648 2339 ποίαν
674 2287 993 2358 μετέρχεται
1021 2286 1285 2354 ἐργασίαν
1304 2301 1319 2315 ·
1342 2281 1456 2341 οἶδα
1476 2285 1663 2355 ἕτερον

74 2376 245 2446 τήνδε
283 2377 533 2447 μετιόντα
560 2378 661 2449 τήν
686 2377 951 2448 ἐργασίαν
969 2416 984 2441 ,
1018 2377 1081 2431 οὐ
1111 2377 1218 2448 μὴν
1236 2370 1353 2429 οἶδα
1381 2374 1473 2429 καὶ
1500 2374 1665 2427 πόθεν

79 2469 245 2539 φέρει
281 2468 345 2521 τὸ
374 2468 549 2537 γένος,
572 2470 690 2523 Καὶ
736 2469 892 2541 μέρει
922 2468 1030 2541 γὰρ
1078 2466 1351 2537 γινώσκω,
1406 2465 1563 2536 μέρει
1607 2464 1666 2519 ἃ

80 2561 293 2628 ἀγνοῶ.
322 2561 430 2615 Καὶ
448 2560 686 2625 πάντως,
708 2559 831 2615 οὐτε
863 2562 898 2632 ή
925 2560 1125 2632 μερική
1148 2558 1349 2628 γνῶσις
1375 2555 1668 2628 ὀλόκληρον

82 2652 303 2720 εἰσάγει
329 2652 552 2720 γνῶσιν,
582 2650 706 2706 οὐτε
732 2651 794 2705 10
832 2651 908 2723 μὴ
943 2650 1084 2706 κατά
1130 2651 1308 2706 πάντα
1353 2647 1665 2718 γινώσκειν,

80 2744 189 2813 τὴν
218 2744 453 2815 μερικὴν
482 2744 699 2815 ἀναιρεῖ
729 2743 953 2812 γνῶσιν.
988 2741 1053 2796 Τί
1075 2738 1206 2808 06v;
1256 2736 1386 2796 Οἶδα
1415 2739 1508 2794 τὸν
1535 2739 1668 2794 Θεὸν

82 2838 173 2889 ὃτι
203 2836 374 2899 ἐστιν,
407 2836 491 2889 ὅτι
531 2834 735 2904 ἀγαθός
772 2836 944 2900 ἐστιν,
977 2835 1060 2889 ὅτι
1092 2833 1358 2896 ἀθάνατός
1387 2834 1553 2894 ἔστιν,
1586 2831 1668 2885 ὃτι

92 2930 375 3001 ἄφθαρτός
407 2933 580 2998 ἐστιν,
612 2931 692 2984 ὅτι
724 2928 1082 3003 ἀπερινόητός
1123 2929 1290 2993 ἔστιν,
1321 2927 1404 2981 ὅτι
1459 2925 1668 2981 ἀκατά-

84 3023 299 3095 ληπ-τός
342 3024 511 3089 ἐστιν,
544 3022 834 3095 ἀσώματός
885 3023 1034 3076 ἐστιν
1061 3064 1076 3088 ,
1122 3018 1482 3083 ἀναλλοίωτός
1527 3019 1668 3073 ἐστι.

87 3111 283 3167 Ταῦτα
313 3114 492 3167 πάντα
519 3109 653 3179 οἶδα,
687 3114 783 3167 καὶ
819 3112 974 3177 εἰδὼς
1003 3110 1314 3184 προσκυνῶ.
1341 3109 1414 3162 T0
1444 3107 1501 3162 δὲ
1553 3106 1673 3171 πῶς

90 3206 246 3258 ἑστιν
274 3204 375 3257 οὐκ
403 3199 542 3266 οἶδα,
598 3203 719 3257 οὐδὲ
764 3201 1046 3273 ἐδιδάχθην
1098 3200 1573 3271 πολυπραγμονεῖν
1610 3197 1674 3250 10

92 3298 217 3360 πῶς
240 3298 408 3361 ἐστιν,
427 3296 541 3351 ἀλλ’
569 3298 650 3350 ὃτι
678 3296 844 3351 ἐστιν.
868 3294 977 3349 T06
1002 3293 1113 3367 γὰρ
1136 3293 1458 3348 Ἀποστόλου
1487 3290 1675 3346 οὐδένα

95 3389 344 3461 εὐρίσκω
370 3388 591 3458 μείζονα
605 3388 941 3453 διδάσκαλον,
961 3385 1255 3458 δυνάμενόν
1279 3402 1371 3457 μοι
1392 3384 1676 3457 κρείττονα

96 3481 201 3550 τὴν
234 3479 514 3533 εὐσέϐειαν
547 3478 895 3533 ὑποτίθεσθαι
915 3493 930 3510 ⁶
973 3477 1032 3542 ὃς
1059 3477 1288 3549 λαμπρᾷ
1335 3475 1679 3548 χρησάμενος

97 3575 170 3645 τῇ
209 3574 363 3643 φωνῇ
410 3564 512 3625 ὧδέ
556 3589 632 3643 πη
662 3570 904 3625 διδάσκει
941 3569 1146 3639 λέγων’
1191 3567 1521 3623 Πιστεῦσαι
1567 3565 1678 3637 γὰρ

101 3665 203 3719 δεῖ
223 3664 332 3719 τὸν
356 3664 841 3735 προσερχόμενον
860 3661 1001 3729 Θεῷ,
1030 3662 1119 3716 ὅτι
1151 3661 1325 3716 ἐστιν
1344 3678 1359 3690 ’
1396 3659 1456 3714 οὐ
1481 3659 1543 3713 τὸ
1564 3658 1682 3723 πῶς

106 3759 280 3821 ἐστιν,
309 3755 425 3809 ἀλλ’
457 3755 584 3808 Ὅτι
613 3754 765 3821 ἐστι,
800 3752 899 3808 καὶ
944 3751 1070 3819 τοῖς
1106 3748 1461 3818 ἐκζητοῦσιν
1496 3749 1685 3804 αὐτὸν

102 3846 555 3919 μισθαποδότης
612 3849 856 3917 γίνεται.
923 3846 1083 3900 Ὥστε
1120 3844 1149 3899 δ
1186 3839 1303 3898 οἴδα
1351 3842 1511 3898 σέϐω.
1570 3841 1685 3895 Οὐκ

108 3941 315 4012 ἔμαθον
341 3940 528 3994 οὐσίαν
555 3939 690 3994 Θεοῦ
718 3939 1194 4011 πολυπραγμονεῖν
1210 3952 1225 3966 σ
1249 3935 1524 3990 πιστεύειν
1551 3932 1686 4005 ἐμα-

109 4034 228 4096 θον,
274 4033 524 4099 ἀδελφοί·
558 4031 853 4097 πιστεύειν,
882 4032 944 4085 οὐ
973 4029 1467 4101 πολυπραγμονεῖν.
1533 4022 1689 4080 Ἀνά-

112 4124 286 4194 γνωθί
314 4141 407 4178 σου
436 4124 535 4195 τὴν
552 4121 857 4194 ὁμολογίαν,
876 4120 1137 4195 αίρετικδ,
1165 4119 1264 4193 τήν
1288 4120 1346 4173 ὲν
1362 4118 1441 4189 τῷ
1462 4117 1689 4192 κρυπτῷ

112 4219 213 4274 καὶ
266 4217 482 4289 φοϐερῷ
534 4215 816 4288 μυστηρίῳ
848 4213 1322 4287 συμφωνηθεῖσαν.
1356 4213 1485 4265 Ὅτε
1517 4226 1689 4284 προσ-

110 4310 285 4380 ῆλθες
307 4307 689 4380 βαπτισθῆναι,
745 4307 803 4361 τί
845 4302 1033 4373 είπσςς
1068 4304 1275 4379 ζητῶν,
1302 4304 1693 4377 πολυπραγμο-

114 4398 270 4452 νείαν
300 4395 537 4467 ἐρευνῶν
595 4408 646 4461 ι,
682 4395 717 4466 ἦ
762 4396 1069 4462 πιστεύωνς
1128 4394 1338 4459 ’Δλλως
1369 4390 1553 4467 ἦλθες,
1598 4392 1694 4447 καὶ

118 4488 265 4560 μετά
290 4487 464 4543 ἀλλων
495 4488 779 4559 συνθηκῶν
801 4487 1143 4560 κατηξιώθης
1165 4487 1267 4559 τῆς
1297 4486 1518 4559 χάριτος
1548 4483 1695 4539 ὲκεί-

116 4596 238 4650 νης.
282 4577 350 4632 Εί
374 4595 437 4649 γε
469 4578 805 4649 κατηξίωσαι
847 4578 1069 4634 τοιαῦτα
1106 4580 1337 4651 φρονῶν,
1392 4577 1490 4633 καὶ
1549 4592 1694 4647 παρ·-

118 4670 460 4742 εσπόνδησας
487 4671 585 4734 τὰς
611 4670 902 4743 συνθήκας,
934 4670 1029 4725 καὶ
1054 4671 1147 4725 ἰπὶ
1184 4670 1283 4742 μὲν
1313 4669 1422 4725 τῶν
1450 4668 1696 4741 φοϐερῶν

118 4765 217 4820 καὶ
252 4763 493 4834 φρικτῶν
517 4763 828 4835 μυστηρίων
853 4763 951 4835 τὴν
984 4764 1164 4818 πίστιν
1192 4763 1561 4836 προσήγαγες,
1592 4760 1696 4827 ἔξω

119 4857 178 4911 δὲ
196 4855 305 4909 τῶν
329 4855 640 4928 μυστηρίων
659 4855 969 4928 γενόμενος,
988 4856 1346 4930 περιγράφεις
1366 4855 1468 4928 τήν
1493 4855 1694 4920 πίστιν,

119 4947 221 5002 καὶ
240 4946 572 5019 προσφέρεις
603 4946 849 5018 ζήτησιν.

194 5111 267 5173 γ’.
307 5101 449 5156 Ἀλλ’
476 5103 579 5173 ὅρα
605 5102 656 5156 τί
681 5119 846 5174 φησιν
872 5103 903 5156 0
934 5101 1126 5175 ὶχθρδς
1151 5103 1256 5173 τῆς
1303 5101 1578 5171 ἀληθείας.
1606 5099 1699 5172 Μὴ

122 5198 236 5267 γὰρ
259 5194 447 5267 ἀργῶς
482 5196 615 5266 ήμίν
646 5196 675 5249 0
697 5195 831 5259 Θεὸς
873 5194 1074 5248 δέδωκε
1112 5195 1439 5267 λογισμούς;
1489 5194 1563 5266 μή
1591 5193 1701 5264 γὰρ

122 5287 317 5351 ἁπλῶς
346 5287 650 5357 είλήφαμεν
682 5286 778 5342 τοῦ
810 5285 903 5341 νοῦ
930 5286 991 5341 τὸ
1018 5289 1340 5359 κριτήριονς
1366 5289 1459 5341 Δεῖ
1489 5288 1584 5341 καὶ
1615 5286 1703 5340 λο-

124 5381 347 5450 γισμοῖς
379 5379 605 5450 ὲρευνᾷν
629 5378 728 5449 τὴν
748 5378 951 5446 πίστιν,
970 5380 1064 5433 καὶ
1087 5377 1161 5451 μή
1186 5377 1541 5445 ἀνεξέταστον
1562 5373 1702 5432 εἶναι

122 5470 230 5542 τὴν
261 5469 564 5526 εὐσέϐειαν.
612 5470 829 5536 Καλῶς.
891 5470 1051 5526 Ἀλλά
1098 5471 1199 5541 τῆς
1236 5470 1537 5537 ἐξετάσεως
1578 5470 1704 5542 ὅρον

196 5706 221 5734 ⁸
250 5701 401 5755 Forte
421 5703 841 5767 πολυπραγμονῶν,
866 5705 1079 5768 ἐρευνῶν.
1100 5704 1335 5757 Cornum.

1048 283 1116 341 IN
1157 285 1384 353 ILLUD,
1428 286 1491 342 IN
1530 284 1673 353 QUA
1714 282 2141 351 POTESTATE,
2184 283 2335 339 ETC.

3226 286 3339 344 ιισ

1754 392 1900 450 εἶναι
1935 393 2153 467 [δεῖ]τά
2179 394 2299 449 θεῖα
2332 394 2507 465 λόγια,
2538 395 2632 449 x01
2668 395 2795 461 τούς
2836 394 2968 466 παρ’
2997 392 3161 450 αὐτοῦ
3200 395 3335 467 ἡμῖν

1754 494 2006 559 δοθέντας
2029 494 2130 564 τῆς
2156 494 2438 559 εὐσεϐείας
2464 496 2713 560 κανόνας.
2754 497 2826 550 Σὺ
2863 495 2921 549 δὲ
2943 497 3071 561 τούς
3098 498 3331 565 κανόνας

1757 589 2122 662 ὑπερϐαίνων,
2154 590 2215 645 οὐ
2238 593 2471 662 στοιχεῖς
2496 593 2618 655 ταῖς
2660 591 3037 658 θεοπνεύστοις
3064 596 3332 666 Γραφαῖς,

1759 685 1894 740 ἀλλά
1925 686 2403 757 πολυπραγμονεῖς
2442 687 2511 741 τὰ
2548 688 2686 751 θεῖα,
2716 688 2811 743 καὶ
2839 687 3044 758 βιάζεις
3070 691 3172 763 τήν
3203 691 3336 764 ἀλή-

1759 780 1932 844 θειαν,
1968 782 2064 836 καὶ
2092 781 2366 853 πανταχοῦ
2398 780 2648 847 σπεύδεις
2682 783 2776 836 καὶ
2805 783 3081 854 λογισμῶν
3107 786 3333 857 ἀνωμα-

1757 876 1850 949 λίᾳ
1881 876 2080 949 μᾶλλον
2112 877 2498 949 ἀκολουθῆσαι,
2530 877 2769 949 ἢπίστει
2799 878 3103 945 δουλεῦσαι,
3148 881 3336 953 ὥσπερ

1757 974 1865 1028 τῶν
1884 974 2058 1029 ἄλλων
2085 974 2429 1047 κατειληφὼς
2473 976 2571 1046 τὴν
2606 976 2824 1047 πεῖραν,
2854 975 2889 1046 ἢ
2921 976 3029 1031 τῶν
3070 977 3245 1033 ἀλλων
3278 981 3336 1034 ὲν

1760 1070 1926 1141 πείρα
1975 1070 2263 1140 γενόμενος
2315 1070 2423 1123 τῶν
2453 1061 2779 1142 ὁρωμένωνξ
2816 1071 3179 1142 ,Ἄπάγγειλόν
3225 1091 3334 1146 μοι,

1758 1164 2038 1237 λογισμῶν
2066 1165 2356 1240 ἀκολουθίᾳ
2387 1168 2754 1240 χρησάμενος,
2788 1168 2905 1235 πῶς
2930 1169 3160 1243 ἔστηκεν
3189 1172 3219 1225 0
3244 1173 3337 1227 οὐ·

1765 1260 1941 1332 ρανδς,
1974 1262 2056 1325 είς
2086 1262 2338 1316 τοσοῦτον
2365 1263 2497 1334 ὕψος
2532 1263 2935 1336 κοιλαινόμενος
2960 1265 3203 1339 ἄπειρον,
3244 1268 3339 1322 καὶ

1766 1354 1932 1424 μηδὲν
1970 1356 2029 1408 ὲν
2053 1354 2290 1428 τοσαύτῃ
2318 1360 2633 1429 περιγραφῇ
2655 1357 2714 1411 τὸ
2735 1358 3015 1431 ὑπερεῖδον
3043 1361 3199 1436 ἔχων,
3224 1361 3339 1427 πῶς

1766 1450 2019 1521 ιστηκεν,
2049 1450 2157 1505 τίνι
2186 1450 2532 1521 βαστάζεται,
2571 1451 2713 1517 τίνες
2738 1456 2793 1508 αί
2838 1458 3097 1528 κρηπῖδες
3146 1458 3230 1527 ἐφ’
3263 1450 3340 1513 ῶν

1765 1551 2129 1622 ἑστήρικταις
2165 1552 2283 1616 πῶς
2323 1553 2382 1607 ἐν
2434 1553 2673 1626 τοσούτῳ
2722 1557 2899 1629 χρόνῳ
2946 1557 3005 1611 οὐ
3056 1558 3239 1614 λύεται
3278 1559 3341 1614 τὸ

1762 1647 1977 1712 κάλλος,
2011 1648 2112 1702 οὐκ
2139 1647 2461 1719 ἀφανίζεται
2482 1654 2516 1722 ή
2549 1651 2824 1721 ἁρμονίας
2864 1655 3047 1720 Δεῖξον
3082 1657 3207 1721 τοὺς
3240 1654 3341 1729 βα-

1760 1747 2057 1813 στάζοντας
2088 1748 2290 1816 κίονας,
2324 1747 2474 1822 [422]
2525 1749 2698 1817 δεῖξον
2741 1753 2841 1824 τὴν
2893 1754 3209 1827 ὐποϐάθραν
3240 1757 3341 1829 τήν

1762 1848 2035 1914 τοσούτοις
2061 1849 2244 1919 ὄγκοις
2268 1851 2653 1923 ὑποκειμένην.
2688 1854 2754 1907 Τί
2781 1854 2836 1907 δὲ
2878 1855 2988 1927 ἐρῶ
3020 1857 3149 1929 περὶ
3177 1859 3342 1929 οὐρα-

1763 1940 1879 2006 νοῦ,
1906 1942 1998 1996 καὶ
2018 1942 2080 1996 οὐ
2111 1943 2241 2014 περὶ
2272 1942 2378 2013 γῆς
2407 1944 2475 2015 ἢν
2517 1945 2708 2011 πατῶ;
2735 1947 2964 2018 Πρῶτον
3005 1950 3341 2022 ἑρμήνευσόν

1768 2049 1860 2103 μοι
1886 2033 1986 2104 τῆς
2016 2037 2117 2105 γῆς
2156 2034 2255 2107 τήν
2275 2036 2630 2091 κατάστασιν.
2670 2038 2793 2091 Ὅτι
2821 2039 2921 2111 μὲν
2960 2039 3070 2113 γὰρ
3101 2042 3194 2097 ἐπὶ
3219 2041 3344 2097 ὐδά-

1766 2138 1875 2177 των
1901 2122 2313 2197 τεθεμελίωται,
2335 2126 2493 2181 τοῦτο
2515 2127 2672 2197 κάγὼ
2701 2130 3029 2202 παρέλαϐον,
3060 2133 3155 2187 καὶ
3181 2135 3344 2199 αὐτὸς

1766 2215 2071 2286 ὁμολογεῖς.
2107 2216 2231 2282 Πῶς
2259 2217 2318 2271 δὲ
2346 2218 2563 2274 ἐπὶτῶν
2582 2220 2789 2289 ὐδάτων
2810 2222 3150 2293 ἀστήρικται,
3177 2226 3347 2298 ίρμή-

1766 2322 1976 2361 νευσον.
2000 2306 2093 2379 Μὴ
2129 2306 2315 2372 ἁπλῶς
2352 2307 2721 2384 ἀκολουθήσῃς
2750 2310 2827 2382 τῷ
2854 2311 3015 2383 λόγῳ,
3053 2314 3187 2368 ἀλλά
3208 2315 3349 2386 λογιο

1770 2396 1906 2467 σμδν
1936 2392 2133 2460 ἀπόδος
2154 2395 2260 2449 τῶν
2300 2397 2646 2470 ζητουμένων
2669 2414 2684 2428 °
2717 2398 2835 2464 πῶς
2860 2400 2959 2472 ὅρη
2997 2402 3234 2457 τοσαῦτα
3253 2405 3347 2459 καὶ

1767 2484 2091 2559 τηλικαῦτα,
2125 2487 2221 2541 καὶ
2268 2485 2447 2557 βουνοὶ
2472 2487 2568 2543 καὶ
2597 2490 2848 2555 πεδιάδες
2875 2492 2969 2545 ἐπὶ
3006 2488 3225 2548 ὐδάτων
3254 2496 3349 2565 φέ-

1772 2593 1992 2651 Ρονταιζ
2025 2577 2162 2632 Εἰπὲ
2187 2577 2306 2643 πῶς
2333 2579 2368 2650 ἡ
2399 2578 2643 2635 θάλασσα
2668 2581 2996 2655 ἀφώρισται·
3031 2585 3149 2639 εἰπὲ
3174 2584 3291 2650 πῶς
3310 2587 3345 2658 ή

1768 2668 2044 2733 τοσούτοις
2104 2671 2401 2743 μαινομένη
2448 2672 2654 2743 κύμασι
2705 2675 2801 2727 καὶ
2838 2675 2918 2738 είς
2961 2674 3094 2747 ὕψος
3126 2678 3349 2749 ἄπειρον

1769 2762 2173 2833 κορυφουμένη,
2207 2763 2426 2817 ἔπειδάν
2453 2765 2730 2837 πλησιάσῃ
2784 2768 2851 2837 τῇ
2880 2766 3111 2840 ψάμμῳ.
3140 2766 3348 2832 λύεται,

1773 2854 2000 2909 αίδεῖται
2026 2853 2119 2908 τὸν
2148 2856 2274 2927 ὅρον
2309 2854 2406 2909 106
2432 2857 2744 2928 νομοθέτου.
2780 2859 3167 2933 Ἐρμήνευσον,
3196 2861 3350 2916 ἀδελ-

1773 2945 1865 3014 φὶ,
1899 2945 2016 3010 πῶς
2049 2947 2177 3019 μιᾶς
2216 2946 2323 3018 γῆς
2352 2946 2540 3021 οὔσης,
2590 2952 2718 3021 μιᾶς
2759 2952 2999 3024 μητρὸς,
3031 2951 3260 3026 διάφορα
3284 2954 3353 3009 τά

1776 3036 2164 3109 βλαστήματα,
2199 3037 2364 3092 πόθεν
2392 3040 2450 3092 αί
2504 3042 2701 3112 πικραὶ
2728 3041 2893 3112 ῥίζαι,
2926 3042 3089 3097 πόθεν
3131 3047 3187 3098 αῖ
3223 3044 3354 3113 γλυο

1775 3132 1941 3191 κεῖαι,
1975 3129 2137 3183 πόθεν
2160 3129 2272 3184 τῶν
2315 3131 2543 3202 καρπῶν
2581 3133 2638 3186 0!
2670 3132 2943 3205 διαφοραί.
2978 3135 3091 3188 Μία
3116 3136 3186 3207 γῆ
3221 3135 3352 3206 βλα-

1777 3219 2062 3286 στάνουσα,
2088 3215 2169 3286 εἷς
2216 3221 2420 3292 ὄμϐρος
2448 3225 2478 3276 0
2518 3222 2750 3294 τρέφων,
2814 3223 2977 3276 πόθεν
3007 3224 3043 3295 ή
3082 3224 3352 3297 διαφοράς

1790 3312 2152 3384 Ἐρμήνευσον
2182 3312 2345 3366 πόθεν
2370 3313 2629 3384 προῖεσαν
2662 3314 2719 3369 αἱ
2754 3316 2950 3385 πηγαὶ,
2975 3316 3071 3369 καὶ
3100 3318 3164 3369 ἐκ
3185 3316 3359 3371 ποίων

1779 3404 2065 3468 ἀϐύσσων,
2090 3403 2208 3467 πῶς
2233 3402 2406 3457 ταῦτα
2424 3404 2647 3458 δυνατὸν
2678 3406 3027 3464 καταλαϐεῖν.
3069 3408 3208 3463 Ἀλλ’
3227 3410 3357 3467 ὅταν

1783 3494 1911 3566 περὶ
1938 3491 2109 3547 ταῦτα
2140 3494 2528 3566 ἀπορήσωμεν,
2556 3495 2752 3568 ἔχομεν
2783 3497 2911 3568 μίαν
2933 3498 3114 3571 ἀληθῆ
3147 3501 3241 3556 καὶ
3264 3504 3357 3558 εὐ-

1784 3586 1916 3655 σεϐῆ
1972 3585 2080 3638 τῶν
2115 3587 2506 3658 ἀπορουμένων
2537 3586 2635 3660 τὴν
2683 3588 2857 3645 λύσιν.
2886 3591 2993 3646 K01
3022 3594 3052 3647 0
3088 3596 3360 3666 μακάριος

1783 3676 1945 3732 Δαυῒδ
1973 3676 2310 3750 ὲμελῴδησεν
2341 3672 2444 3733 ὧδέ
2474 3697 2551 3753 πη
2572 3679 2747 3750 λέγων
2767 3697 2781 3711 ’
2816 3683 2945 3738 Ὀτι
2990 3684 3172 3753 εὐθὺς
3197 3689 3231 3742 ό
3255 3689 3364 3744 λό-

1785 3788 1889 3841 γος
1912 3770 2018 3824 τοῦ
2041 3771 2285 3840 Κυρίου,
2310 3772 2408 3826 καί
2454 3773 2650 3827 πάντα
2674 3774 2746 3828 τὰ
2784 3774 2928 3846 ἔργα
2959 3777 3143 3833 αὑτοῦ
3164 3777 3234 3833 ἐν
3264 3781 3363 3834 πί-

1786 3878 1937 3918 στει.
1969 3863 2052 3917 Τά
2094 3862 2230 3936 ἔργα
2279 3864 2406 3919 ἀνευ
2440 3865 2673 3929 πίστεως
2713 3866 2813 3920 οὐκ
2870 3866 2983 3921 ἐστι
3015 3869 3364 3938 καταλαϐεῖν,

1787 3948 1885 4008 καὶ
1913 3954 2045 4008 Θεὸν
2073 3954 2200 4009 ἀνευ
2226 3958 2460 4019 πίστεως
2483 3957 2661 4027 εὐρεῖν
2686 3957 2907 4012 δυνατόν
2928 3976 2944 4021 ;
2972 3959 3053 4012 Τά
3078 3960 3213 4033 ἔργα
3232 3962 3367 4018 ἀνευ

1789 4045 2044 4111 πίστεως,
2078 4047 2175 4100 καὶ⁵
2195 4046 2224 4098 0
2248 4046 2373 4110 Υἱὸς
2403 4048 2461 4099 ὲν
2490 4047 2791 4115 ἀποδείξεις
2832 4050 2959 4104 Ὀτι
2987 4050 3167 4119 εὐθὺς
3191 4056 3225 4107 ὁ
3257 4055 3364 4108 λό-

1792 4154 1898 4209 γος
1916 4138 2023 4191 τοῦ
2049 4137 2292 4205 Κυρίου,
2318 4137 2414 4190 καὶ
2447 4137 2642 4192 πάντα
2683 4140 2754 4194 τὰ
2783 4139 2927 4211 ἔργα
2958 4144 3142 4198 αὑτοῦ
3164 4144 3234 4198 ἐν
3263 4146 3363 4199 πί-

1793 4250 1942 4289 στει.
1980 4231 2139 4286 Ἀλλὰ
2166 4231 2274 4302 γάρ
2309 4233 2436 4296 τοὺς
2464 4232 2692 4305 ἐχθροὺς
2734 4234 2832 4306 τῆς
2855 4236 3110 4307 ἀληθείας
3134 4239 3367 4309 ἀφέντες

1794 4328 1976 4398 ἡμεῖς,
2005 4326 2100 4379 ἐπὶ
2123 4324 2223 4397 τήν
2276 4324 2403 4397 ὐγιή
2443 4326 2537 4380 καὶ
2572 4327 2787 4399 ἀσφαλῆ
2834 4328 2932 4401 τῆς
2976 4330 3210 4396 πίστεως
3241 4332 3361 4407 (εἰς)

1795 4419 2200 4490 ἐπανέλθωμεν,
2224 4417 2318 4474 καὶ
2336 4418 2600 4489 δείξωμεν
2616 4419 2706 4473 τὸν
2724 4422 2926 4477 κανόνα
2939 4425 3040 4495 τῆς
3068 4424 3371 4493 εὐσεϐείας,

1795 4514 1865 4568 δι’
1892 4511 2060 4583 αὐτῆς
2083 4510 2182 4583 τῆς
2201 4508 2463 4582 ἀληθείας
2489 4510 2857 4585 ὲκλάμποντα.
2878 4514 3069 4578 Οὐδεὶς
3092 4510 3401 4583 Μωῦσέως¹

1798 4606 1854 4659 ὲν
1883 4606 1992 4667 τοῖς
2012 4602 2258 4675 ἀρχαίοις
2278 4599 2739 4674 ἀξιοπιστότερος,
2758 4602 2931 4666 οὐδεὶς
2949 4602 3162 4659 Παύλου
3183 4605 3241 4658 εν
3258 4607 3371 4671 τοῖς

1796 4696 1940 4760 νέοις
1975 4693 2295 4767 σοφώτερος.
2350 4692 2672 4765 Ἐρεύνησον
2699 4693 2797 4766 τήν
2826 4694 3058 4749 παλαιὰν
3099 4697 3369 4752 κατάστα-

1802 4804 1907 4852 σιν,
1934 4787 2027 4841 καὶ
2054 4785 2330 4850 Μωῦσέως
2351 4784 2541 4840 οὐδένα
2570 4785 2790 4858 μείζονα
2820 4785 3073 4858 εὑρήσεις
3096 4803 3109 4817 ·
3139 4788 3376 4857 Ἔγνων

1800 4878 1908 4949 γάρ
1936 4894 2030 4941 σε,
2056 4875 2155 4931 καί
2173 4871 2347 4945 εὗρες
2367 4876 2543 4945 χάριν
2562 4876 2721 4946 παρὰ
2743 4874 2991 4944 πάντας.
3019 4878 3205 4944 Οὐδεὶς
3230 4880 3373 4934 Παύ-

1801 4971 1895 5023 λου
1922 4971 1979 5022 ὲν
2004 4971 2070 5040 τῇ
2101 4968 2217 5041 Νέᾳ
2247 4969 2575 5041 τελειότερος
2598 4984 2612 4999 ·
2644 4966 2867 5034 Σωῦος
2884 4968 2991 5040 γάρ
3018 4969 3188 5024 ἐστιν
3203 4970 3375 5026 ἐκλο-

1804 5061 1935 5133 τῆς,
1971 5061 2064 5113 καὶ
2091 5059 2354 5115 λαλοῦντα
2382 5059 2520 5131 ἔχων
2546 5061 2605 5114 ὲν
2653 5059 2831 5130 ιαυτῷ
2854 5060 2947 5113 τδν
2995 5060 3249 5133 Χριστόν.
3283 5062 3377 5136 Μή

1804 5151 2049 5224 ὐπερϐῇς
2079 5153 2206 5216 τούς
2232 5150 2325 5206 τοῦ
2362 5152 2643 5217 Μωῦσέως
2688 5153 2848 5224 δρους
2889 5153 2986 5206 καὶ
3013 5152 3106 5207 τοῦ
3136 5154 3376 5211 Παύλου.

1805 5244 1871 5298 Τί
1902 5239 2028 5313 εὗρε
2065 5243 2305 5316 Μωῦσῆς
2332 5284 2347 5307 ,
2386 5244 2688 5317 κατάληψιν
2721 5245 2929 5309 οὐσίας.
2957 5244 2991 5317 ἦ
3018 5246 3177 5313 δόξαν
3209 5245 3375 5310 Θεοῦς

1805 5335 2064 5408 Μωῦσῆς,
2099 5334 2338 5404 ἀδελφοὶ,
2372 5330 2535 5406 ἦλθεν
2563 5338 2643 5400 είς
2674 5334 2973 5408 ἐπιθυμίαν
2998 5334 3156 5401 Θεοῦ,
3180 5335 3256 5397 ὥς
3286 5334 3381 5389 ἀν-

1811 5430 2028 5501 θρωπος
2059 5425 2324 5497 φιλόθεος,
2356 5426 2449 5480 καὶ
2469 5427 2701 5497 ἠγνόησε
2734 5428 2850 5499 μὲν,
2869 5428 2952 5482 ὅτι
2972 5426 3229 5480 ἀδύνατον
3280 5425 3381 5479 ιπ-

1809 5520 2028 5592 εθύμει·
2063 5520 2213 5591 ὅμως
2232 5518 2289 5573 δὲ
2317 5518 2385 5574 δι’
2422 5512 2497 5575 ὧν
2529 5518 2730 5591 ᾔτησεν
2755 5518 2846 5573 τδν
2877 5518 3030 5582 Θεδν,
3064 5515 3284 5583 ἔδειξεν.
3313 5518 3381 5574 Τί

1811 5614 1919 5686 γάρ
1942 5628 2107 5685 φησι;
2130 5612 2362 5683 Δέομαι,
2386 5612 2579 5682 Κύριε,
2608 5613 2660 5666 εί
2674 5610 2899 5680 εὕρηκα
2926 5608 3107 5678 χάριν
3122 5607 3382 5664 ἐνώπιόν

1819 5719 1956 5772 σου,
2004 5702 2293 5774 τιοωστῶς
2345 5702 2449 5757 ιδω
2496 5717 2593 5769 σε,
2634 5698 2966 5772 ἐμφάνισόν
2988 5717 3089 5770 μοι
3127 5701 3376 5757 σαυτόν.
