3720 6276
402 253 507 311 417

416 366 666 436 Ἀδελφδς
686 362 756 440 ἦν
775 360 925 435 οὗτος
949 371 1043 427 τοῦ
1064 374 1330 432 Φιλίππου
1348 378 1442 432 τοῦ
1460 380 1707 449 λέγοντος
1730 394 1746 410 ⁶
1771 382 1978 447 Δεῖξον

401 469 547 540 ἡμῖν
564 472 670 525 τὸν
693 474 943 542 Πατέρα,
968 479 1067 532 καὶ
1092 480 1265 547 ἀρκεῖ
1282 483 1447 552 ἡμῖν.
1482 485 1673 557 Κύριε,
1701 487 1765 540 σὺ
1794 483 1975 551 εἶπας,

402 577 484 631 ὅτι
533 573 721 646 Εὖρος
770 580 944 648 χάριν
989 583 1249 638 ἐνώπιόν
1303 605 1446 655 μου,
1506 590 1844 659 ὲμφάνισόν
1876 610 1977 662 μοι

402 682 684 746 σεαυτὸν,
705 682 865 749 ὅπως
892 685 1173 753 γνωστῶς
1197 688 1300 742 ιδω
1327 705 1422 745 σε.
1456 688 1575 745 Εἵδε
1607 694 1704 763 μὲν
1740 696 1847 767 γάρ
1881 696 1978 750 αὐ-

385 785 494 838 τὸν
523 786 615 837 καὶ⁵
641 787 734 838 ἐπὶ
761 788 857 857 τῆς
897 788 1081 871 βάτου,
1115 787 1253 846 εἶδεν
1281 795 1441 849 αὑτὸν
1476 797 1567 850 καὶ
1599 797 1663 851 ἐκ
1691 798 1784 853 τοῦ
1817 800 1976 871 ὅρους

403 889 555 955 Σινᾶ,
574 885 710 942 εἶδεν
733 890 895 945 αὐτὸν
921 866 1015 946 καὶ
1036 895 1100 947 ἐκ
1119 896 1391 969 διαφόρων
1417 900 1749 969 ἐπιφανέντα
1774 866 1971 972 τόπων,

404 994 499 1047 καὶ
528 994 798 1067 διαφόρως
832 998 932 1070 τὴν
982 1000 1302 1070 ἐπιφάνειαν
1361 1005 1525 1058 αὑτοῦ
1558 1006 1928 1080 ἐνδειξάμενον
1951 1028 1967 1043 ·

404 1100 518 1154 ἀλλ’
546 1104 574 1155 6
601 1105 870 1175 μακάριος
885 1108 1103 1172 ’ἐκεῖνος
1135 1111 1376 1181 Μωῦσῆς
1430 1113 1592 1168 αὑτὸν
1628 1115 1753 1171 ἰδεῖν
1790 1118 1975 1173 ἐπόθει

401 1208 502 1277 τῆς
540 1206 754 1275 φύσεως
779 1210 869 1263 τὸν
898 1216 1249 1287 χαρακτῆραο
1294 1216 1578 1289 ἄνθρωπος
1623 1218 1719 1287 ὢν,
1764 1221 1972 1293 ἀνθρὼ-

403 1327 532 1363 πινα
559 1311 687 1382 περὶ
714 1313 812 1383 τῆς
838 1306 1204 1388 ὑπερκοσμίου
1227 1319 1507 1392 δυνάμεως
1534 1324 1879 1391 ἐφαντάζετο.
1916 1327 1973 1380 '0

402 1415 459 1469 δὲ
496 1414 627 1479 Θεὸς
649 1413 741 1467 τὸν
768 1418 869 1490 μὲν
903 1420 1052 1493 [423]
1089 1421 1257 1476 πόθον
1292 1424 1386 1478 τοῦ
1417 1426 1607 1480 πιστοῦ
1647 1428 1973 1500 θεράποντος

402 1517 645 1584 ἐδέξατο·
697 1522 874 1575 πείθει
924 1523 1020 1596 τὴν
1049 1526 1394 1601 ἀνθρωπίνην
1428 1530 1605 1600 ὄρεξιν
1636 1533 1744 1587 τῶν
1760 1530 1970 1590 ’ἀδυνά-

399 1638 509 1675 των
530 1623 918 1693 ἐπιθυμοῦσαν.
950 1625 1015 1679 Τί
1043 1627 1151 1699 γάρ
1196 1646 1328 1701 φησι
1360 1630 1496 1703 πρὸς
1540 1622 1731 1700 αὐτόνς
1766 1636 1973 1704 Οὐδεὶς

401 1721 611 1791 ὄψεται
646 1725 712 1780 τὸ
740 1728 1064 1796 πρόσωπόν
1086 1748 1207 1799 μου
1226 1772 1242 1798 ,
1276 1733 1375 1787 καί
1409 1732 1665 1801 ζήσεται.
1697 1738 1773 1792 Οὐ
1806 1742 1974 1809 χωρεῖ

400 1825 731 1897 ποθούμενον
777 1830 810 1900 ἡ
866 1829 975 1884 τῶν
1025 1832 1330 1888 ποθούντων
1390 1835 1648 1907 δύναμις,
1704 1839 1766 1892 οὐ
1816 1840 1971 1912 φέρει

401 1928 568 2000 θνητὴ
594 1929 715 2000 ὄψις
738 1931 835 2003 τὴν
860 1932 1124 1990 ἀθάνατον
1158 1936 1339 2005 φύσιν.
1365 1938 1430 1991 Τί
1463 1936 1588 2004 οὖν,
1625 1934 1671 1994 ὧ
1704 1940 1969 2007 Δέσποτα,

399 2031 831 2102 καταλιμπάνεις
863 2033 953 2086 τὸν
1003 2034 1164 2089 πόθον
1211 2038 1665 2109 ἀπαραμύθητον,
1720 2042 1814 2095 καὶ
1849 2043 1970 2096 οὐδέ

399 2130 559 2184 σκιὰν
590 2132 847 2203 παρέχεις
882 2134 979 2203 τῆς
1000 2134 1294 2207 ἐπιθυμίας
1322 2137 1400 2208 τῷ
1435 2140 1822 2213 φανταζομὲνῳ
1849 2159 1971 2196 τοσ-

397 2232 553 2287 οῦτον
587 2232 790 2301 πόθον;
820 2232 983 2289 Ὅθεν
1009 2237 1143 2309 φησί
1165 2254 1179 2270 ·
1231 2238 1434 2309 Τίθημί
1474 2254 1548 2295 σε
1584 2245 1673 2309 εἰς
1711 2243 1825 2313 τὴν
1864 2245 1971 2299 πέ-

397 2348 564 2402 τραν,
592 2334 688 2387 καί
714 2333 987 2396 σκεπάζω
1011 2334 1088 2406 τῇ
1103 2340 1258 2407 χειρί
1271 2357 1392 2409 μου
1412 2357 1427 2372 ·
1448 2340 1545 2396 καί
1571 2341 1642 2395 ἐν
1658 2341 1737 2407 τῷ
1762 2344 1970 2413 παρέρ-

396 2439 606 2503 χεσθαι
634 2434 746 2505 τὴν
778 2435 967 2502 δόξαν
991 2457 1111 2509 μου
1134 2440 1254 2510 ὄψῃ
1285 2442 1358 2495 τὰ
1387 2444 1649 2509 ὀπίσθια,
1681 2445 1754 2498 τὰ
1779 2445 1846 2499 δὲ
1868 2447 1968 2517 ἐμ-

395 2537 656 2605 πρόσθια
673 2539 782 2591 οὐκ
817 2538 959 2610 ὄψῃ.
1002 2542 1103 2595 Ἐν
1121 2541 1201 2607 τῷ
1221 2543 1639 2613 παρέρχεσθαι,
1669 2549 1769 2602 οὐκ
1791 2545 1966 2615 εἶπεν,

396 2637 549 2709 Ἐμὲ,
577 2638 731 2704 ἀλλά,
756 2640 873 2709 Τὴν
893 2641 1079 2707 δόξαν
1092 2660 1233 2712 μου
1253 2645 1311 2697 οὐ
1336 2645 1442 2718 γὰρ
1462 2646 1627 2714 ἐστιν,
1657 2649 1967 2720 ὑπερϐάντα

394 2734 493 2805 τὴν
527 2735 703 2801 δόξαν,
734 2736 918 2790 οὐσίαν
950 2738 1148 2809 εὑρεῖν.
1188 2740 1430 2812 Μωῦσῆς
1460 2742 1612 2797 οὐδὲν
1649 2738 1776 2818 εὗρε
1806 2747 1966 2801 πλέον

394 2832 573 2902 δόξης,
605 2832 699 2887 καὶ
730 2834 929 2904 ταύτην
959 2834 1058 2890 οὐκ
1090 2831 1229 2890 εἶδεν
1258 2840 1338 2902 είς
1374 2838 1686 2913 ὁλόκληρον,
1730 2844 1865 2898 ἀλλά
1897 2846 1966 2900 τά

394 2931 540 2984 νῶτα
558 2947 570 2960 ⁸
598 2931 698 2985 οὐκ
728 2931 912 3002 ἐπειδὴ
934 2930 1122 2997 νώτοις
1148 2935 1238 2989 καὶ
1261 2934 1483 3007 στήθεσι
1511 2938 1906 3013 διαγέγραπται
1930 2947 1962 3016 ὴ

396 3027 514 3081 θεία
541 3027 699 3097 φύσις
715 3045 729 3059 ’
752 3027 895 3099 ἁπλῆ
921 3030 1029 3100 γάρ
1052 3031 1168 3085 ἐστι
1194 3033 1289 3085 καὶ
1308 3034 1622 3100 ἀσύνθετος·
1649 3039 1762 3091 ἀλλ’
1779 3041 1964 3113 ἐπειδὴ

392 3126 422 3179 6
446 3124 576 3188 Θεὸς
604 3125 793 3178 ἐαυτὸν
812 3123 954 3178 οὕτω
980 3127 1255 3199 γνωρίζει,
1281 3131 1341 3184 οὐ
1370 3134 1510 3187 κατά
1537 3133 1639 3205 τὴν
1666 3136 1813 3207 αὐτῴ
1838 3138 1967 3208 πρέ-

394 3238 601 3277 πουσαν
625 3220 803 3286 ἀξίαν,
823 3222 959 3276 ἀλλά
986 3224 1126 3278 κατὰ
1149 3227 1248 3297 τὴν
1273 3228 1499 3300 δύναμιν
1522 3231 1629 3285 τῶν
1666 3234 1965 3303 μελλόντων

391 3318 683 3373 ἀπολαύειν
705 3320 805 3390 τῆς
827 3319 1021 3389 δψεως.
1050 3323 1287 3394 Μωῦσῆς
1315 3324 1471 3391 δόξαν
1497 3327 1722 3398 ἔφθασε,
1752 3332 1843 3384 xal
1865 3332 1964 3405 τὴν

388 3413 549 3479 δόξαν
571 3415 669 3485 οὐχ
696 3414 958 3487 ὑπερέϐη.
978 3418 1085 3469 Καὶ
1109 3417 1194 3484 σύ,
1220 3420 1481 3490 αἱρετικὲ,
1507 3424 1605 3493 τὴν
1629 3424 1785 3490 δόξαν
1806 3427 1966 3499 ὑπερο

391 3512 513 3578 ϐἀς,
534 3512 722 3566 οὐσίαν
744 3513 879 3568 Θεοῦ
906 3514 1378 3589 πολυπραγμονεῖς
1402 3540 1416 3586 ;
1456 3522 1737 3593 Ἐλθωμεν
1758 3528 1851 3579 καὶ
1872 3528 1964 3580 ἐπὶ

392 3608 485 3661 τὸν
514 3609 780 3680 μακάριον
798 3611 1025 3666 Παῦλον.
1058 3613 1268 3679 Παῦλος
1294 3618 1350 3669 ἐν
1377 3619 1443 3688 τῇ
1464 3619 1577 3691 Νέᾳ
1594 3622 1959 3688 Καταστάσει,

392 3705 634 3776 ἐγκύψας
686 3710 935 3780 μερικαῖς
976 3726 1115 3763 τισιν
1158 3711 1487 3782 οἰκονομίαις
1520 3715 1614 3768 τοῦ
1668 3717 1823 3779 Θεοῦ.
1868 3721 1962 3775 καὶ

378 3803 580 3875 ’ὥσπερ
610 3804 915 3874 ἰλιγγιάσας
943 3805 1012 3859 τὰ
1037 3804 1174 3877 βάθη
1206 3807 1306 3879 τῆς
1333 3810 1560 3877 ἐννοίας,
1584 3812 1683 3885 τὴν
1718 3815 1961 3890 μεγάλην

392 3903 607 3975 ἐκείνην
647 3904 742 3956 καὶ
785 3902 1102 3974 ἐκπλήξεως
1134 3905 1410 3976 γέμουσαν
1452 3910 1713 3983 ἀνεϐόησε
1744 3915 1958 3986 φωνὴν,

390 3995 494 4057 ὧδέ
550 4019 626 4074 πη
672 4002 881 4071 λέγων’
924 3997 992 4056 Ὦ
1031 4002 1225 4071 ,βάθος
1274 4008 1543 4062 πλούτου
1590 4014 1811 4081 σοφίας
1858 4015 1958 4070 καί

390 4105 664 4177 γνώσεως
694 4098 841 4160 Θεοῦ
855 4105 877 4157 .'
902 4106 982 4171 ὠς
1012 4106 1448 4178 ἀνεξερεύνητα
1480 4110 1552 4166 τὰ
1582 4115 1834 4183 κρίματα
1854 4120 1960 4172 αὑ-

387 4206 515 4273 τοῦ,
538 4205 639 4259 καί
662 4205 1105 4274 ἀνεξιχνίαστοι
1124 4210 1183 4260 αι
1199 4207 1324 4262 ὁδοί
1339 4212 1552 4267 αὐτοῦ]
1568 4215 1663 4281 Τίς
1680 4216 1791 4287 γὰρ
1807 4218 1959 4290 ἔγνω

386 4308 539 4364 νοῦν
564 4308 822 4377 Κυρίου;
851 4308 888 4376 ἣ
916 4310 1006 4374 τίς
1030 4311 1375 4379 σύμϐουλος
1400 4314 1587 4370 αὐτοῦ
1615 4317 1890 4386 ἐγένετο;
1916 4320 1955 4393 ἢ

381 4413 479 4479 ,τίς
505 4410 841 4480 προέδωκεν
857 4404 1038 4478 αὐτῷ,
1063 4413 1163 4465 καί
1191 4415 1739 4485 ἀνταποδοθήσεται
1766 4424 1954 4492 αὺτῷ;

386 4512 497 4568 Καὶ
524 4511 587 4564 τὸ
613 4510 764 4574 τέλος
789 4511 883 4564 τοῦ
916 4511 1077 4581 λόγου
1094 4529 1108 4543 ·
1139 4514 1267 4569 Ὅτι
1300 4516 1371 4581 ἐξ
1397 4519 1584 4573 αὐτοῦ
1611 4524 1708 4577 καί
1750 4524 1826 4579 δι’
1852 4529 1957 4582 αὑ-

386 4614 493 4669 τοῦ
515 4613 613 4670 καί
631 4615 719 4680 είς
742 4616 927 4668 αὐτὸν
945 4614 1018 4668 τὰ
1045 4616 1241 4671 πάντα
1255 4634 1268 4649 ·
1297 4618 1458 4686 αὐτῷ
1474 4622 1513 4691 ή
1537 4623 1685 4690 δόξα
1704 4630 1792 4694 εἰς
1817 4628 1957 4696 τοὺς

384 4712 624 4781 αἰῶνας.
663 4714 824 4787 Ὁρᾷς
851 4716 931 4769 ὃτι
962 4717 1040 4781 είς
1068 4717 1165 4788 τὴν
1189 4718 1343 4787 δόξαν
1371 4720 1537 4778 ἐλθὼν
1560 4725 1655 4779 τοῦ
1680 4725 1835 4796 Θεοῦ,
1866 4729 1955 4784 τὸν

383 4811 503 4883 ὅρον
521 4812 580 4865 οὐ
585 4831 619 4883 χ
641 4812 912 4885 ὑπερέϐη;
935 4816 1043 4869 Kal
1065 4818 1118 4870 τί
1141 4818 1267 4890 περὶ
1284 4819 1584 4892 ἀνθρώπων
1607 4822 1750 4895 λέγω
1768 4843 1782 4893 ;
1801 4826 1957 4882 Ἀνά-

370 4918 511 4990 ϐηθι
548 4918 685 4990 πρὸς
712 4921 781 4973 τά
810 4922 1157 4995 ὐπερκόσμια
1191 4929 1254 4998 τῇ
1288 4928 1494 5000 ἐννοίᾳ·
1527 4931 1800 5005 ἐρώτησον
1828 4938 1955 5001 τοὺς

296 5000 303 5006 ’
381 5025 641 5096 οὐρανοὺς
658 5027 751 5079 καὶ
766 5028 907 5081 ειπέο
931 5029 995 5081 Τί
1022 5046 1111 5099 μοι
1134 5031 1261 5100 περὶ
1278 5033 1411 5087 Θεοῦ
1430 5000 1780 5105 ἀναγγέλλειν
1795 5000 1946 5094 δύναέ

383 5130 511 5195 σθε;
540 5131 778 5201 οὐρανοὶ,
804 5133 1131 5203 διηγήσασθέ
1155 5153 1244 5207 μοι
1266 5141 1511 5205 ποταπὸς
1533 5144 1561 5195 6
1584 5142 1714 5207 Θεός
1730 5161 1744 5175 ·
1775 5145 1954 5213 ἀπαγ-

379 5224 595 5295 γείλατέ
627 5242 716 5295 μοι
745 5227 796 5279 τί
826 5229 972 5283 ἐστιν
991 5231 1149 5304 οὐσίᾳ
1170 5236 1199 5287 6
1224 5239 1375 5297 Θεὸς.
1415 5237 1554 5290 Ἀλλ’
1582 5239 1682 5291 οὐκ
1719 5240 1950 5313 ἀποκρί-

379 5338 561 5379 νονται
592 5322 642 5376 οί
686 5323 925 5394 οὐρανοὶ,
956 5328 1085 5399 περὶ
1130 5330 1239 5382 τῶν
1278 5331 1553 5389 ἀδυνάτων
1584 5336 1947 5415 ἐρωτώμενοι.

391 5423 550 5479 ⁹Λλλά
574 5422 679 5479 κᾶν
711 5424 885 5479 ταῦτά
910 5426 1197 5499 τολμηρῶς
1230 5433 1612 5509 ἐπερωτήσῃς,
1645 5438 1948 5512 ἀποκριθή-

377 5541 532 5579 σεται
554 5526 645 5581 διά
672 5527 768 5582 τοῦ
796 5529 1096 5602 θαυμασίου
1127 5533 1389 5606 Ἰερεμίου
1415 5538 1475 5594 τὸ
1502 5539 1643 5595 θεῖον
1666 5545 1841 5600 ἐκεῖνο
1864 5547 1950 5602 λό-

379 5634 533 5687 γιονο
573 5624 858 5695 Ἕφριξεν
906 5630 1162 5698 οὐρανὸς
1211 5632 1306 5688 ἐπὶ
1354 5636 1544 5696 τοῦτο.
1581 5641 1793 5713 Φρῖττει
1841 5647 1946 5719 γὰρ

1922 263 2033 320 1Νο
2043 263 2198 322 ERTI

3563 289 3669 346 U8

2083 387 2311 456 οὐρανὸς
2343 391 2580 464 ἀληθῶς,
2598 395 2728 451 ὅταν
2753 396 2837 470 ἴδῃ
2868 399 2966 469 τὴν
2992 399 3142 457 θείαν
3170 401 3665 476 πολυπραγμονού-

2083 484 2253 554 μένην
2281 487 2465 554 φύσιν.
2506 492 2874 565 Ἀντικρούσει
2902 496 2959 551 δὲ
2988 500 3082 554 καὶ
3109 502 3137 554 6
3170 502 3442 573 μακάριος
3474 504 3666 565 Δαυῖδ,

2078 580 2177 651 τὴν
2198 582 2433 656 ἄμετρον
2449 587 2981 665 πολυπραγμοσύνην
2999 594 3264 662 κολάζων,
3278 601 3371 652 καὶ
3386 600 3528 670 ἐρεῖ,
3548 602 3666 677 Οὐξι

2078 677 2335 747 ἡκούσας,
2378 682 2459 735 δτι
2500 687 2566 739 οι
2606 689 2851 756 οὐρανοὶ
2876 689 3219 761 διηγοῦνται
3292 696 3454 765 φύσιν
3494 698 3663 761 Θεοῦ,

2078 771 2232 838 ἀλλά,
2286 778 2478 842 Δόξαν
2534 783 2699 838 Θεοῦ.
2754 786 2866 840 Οὐκ
2919 789 3075 853 αὐτός
3101 807 3184 843 σοι
3212 792 3297 845 διὰ
3351 795 3452 863 τῆς
3494 795 3665 861 ἁγίας

2079 869 2307 939 κιθάρας
2324 874 2635 947 ἀνεϐόησεν,
2652 879 2733 932 ὅτι
2756 884 2819 933 Οἱ
2842 884 3085 952 οὐρανοί
3102 885 3447 955 διηγοῦνται
3468 888 3664 953 δόξαν

2079 966 2246 1032 Θεοῦ,
2264 969 2325 1021 οὐ
2356 970 2517 1038 φύσιν
2542 972 2707 1041 Θεοῦ;
2731 978 2846 1031 Οὐκ
2866 979 3054 1034 οὐσίαν
3081 982 3497 1053 ἑρμηνεύουσιν,
3518 986 3661 1039 ἀλλὰ

2043 1061 2232 1126 ’δόξαν
2278 1064 2412 1119 Θεοῦ
2465 1068 2903 1139 ἀναγγέλλουσιν.
2945 1076 3102 1131 Ἀλλά
3148 1079 3221 1149 μὴ
3276 1081 3509 1154 νομίζῃς
3560 1084 3659 1147 τὰς

2076 1158 2475 1233 ὐπερκοσμίους
2522 1166 2781 1239 δυνάμεις
2814 1171 3006 1227 εἰδέναι
3038 1191 3090 1227 τι
3121 1175 3301 1229 πλέον.
3344 1178 3656 1249 Ἐρώτ-ησον

2074 1259 2358 1329 ἀγγέλους,
2398 1264 2672 1337 ἐρώτησον
2697 1269 2860 1339 λέγω,
2886 1272 2985 1327 οὐκ
3025 1275 3211 1348 ἐπειδὴ
3255 1279 3655 1351 ἐπιτέτραπταί

2077 1358 2228 1433 [ηε]
2250 1380 2331 1416 σοι
2354 1367 2703 1438 προσομιλεῖν
2719 1374 2841 1437 ταῖς
2862 1374 2977 1428 ἀνω
2991 1376 3303 1448 δυνάμεσιν,
3324 1379 3441 1433 ἀλλ’
3464 1382 3656 1453 ἐπειδὴ

2073 1461 2139 1513 ἐκ
2166 1463 2263 1532 τῆς
2294 1464 2516 1538 Γραφῆς
2543 1468 2687 1540 ἔχεις
2715 1472 2782 1525 τὰ
2815 1474 3107 1547 φάρμακα,
3142 1479 3235 1531 καὶ
3269 1478 3339 1532 τὰ
3372 1482 3657 1554 ἐπιστομί-

2073 1559 2233 1624 ζοντά
2263 1582 2354 1619 σου
2380 1569 2478 1641 τὴν
2501 1569 2829 1645 θρασύτητα.
2859 1577 3161 1651 Ἐρὼτησον
3188 1583 3315 1647 τούς
3346 1584 3620 1653 ἀγγέλους
3638 1606 3653 1619 ν

2073 1660 2347 1735 ἐρώτησον
2391 1668 2519 1722 ὅταν
2560 1671 2675 1745 ἴδῃς
2725 1677 2923 1742 αὐτοὺς
2965 1677 3058 1733 ἐπὶ
3096 1682 3200 1752 γῆς
3249 1683 3582 1754 χορεύοντας
3620 1688 3651 1759 ἢ

2074 1763 2461 1835 ἀνυμνοῦντας.
2498 1772 2634 1828 Εἰπὲ
2676 1776 2878 1843 αὐτοῖς·
2916 1780 2980 1833 Τί
3026 1782 3207 1838 καινὸν
3244 1784 3568 1851 διδάσκετες
3601 1787 3653 1840 τί

2073 1862 2220 1930 ξένον
2241 1867 2642 1941 ἀπαγγέλλετε;
2671 1877 2764 1930 καὶ
2794 1878 2992 1944 εὐθέως
3016 1882 3044 1934 6
3068 1881 3208 1947 θεῖος
3230 1884 3388 1956 χορὸς
3414 1887 3655 1957 ἀποκρι-

2072 1958 2296 2030 θήσεταί
2316 1981 2397 2017 σοι
2428 1965 2513 2020 διὰ
2542 1968 2648 2024 τῶν
2668 1971 2826 2027 θείων
2846 1975 3189 2045 Εὐαγγελίων
3207 1998 3221 2011 ·
3242 1982 3489 2045 Δόεαέν
3517 1985 3653 2052 ὑψί-

2071 2074 2240 2125 στοις
2287 2061 2427 2127 Θεῷ,
2477 2064 2575 2119 καί
2630 2066 2729 2122 ἐπὶ
2777 2068 2888 2138 γῆς
2916 2072 3159 2141 ειρήνη,
3206 2075 3276 2129 ἐν
3314 2078 3651 2146 ἀνθρώποις

2070 2153 2334 2209 εὐδοκία.
2355 2152 2559 2213 *Ηλθον
2585 2161 2679 2215 ἐπὶ
2711 2164 2814 2235 γῆς
2843 2166 3083 2235 ἄγγελοι,
3110 2170 3204 2223 καὶ
3225 2171 3325 2241 τῆς
3343 2171 3505 2241 δόξης
3522 2176 3647 2238 τούς

2070 2249 2227 2320 ὄρους
2256 2252 2353 2322 οὐχ
2384 2254 2761 2328 ὑπερέϐησαν
2794 2262 2886 2315 καὶ
2922 2264 3186 2334 αἱρετικοὶ
3224 2266 3449 2332 τούτους
3482 2271 3647 2338 ὑπερ-

2072 2345 2278 2400 ϐαίνειν
2299 2349 2398 2404 οὐκ
2429 2349 2703 2425 ὤκνησαν.
2734 2356 2893 2412 Ἀλλά
2925 2360 3000 2429 μή
3023 2376 3077 2412 τι
3113 2363 3166 2413 αί
3200 2362 3464 2416 ἀνωτάτω
3489 2364 3647 2418 δυνά-

2072 2459 2219 2512 μεις,
2240 2446 2297 2498 αἱ
2327 2446 2467 2519 ὑπὲρ
2490 2450 2616 2513 τοὺς
2643 2451 2941 2520 ἀγγέλους;
2967 2454 3113 2525 λέγω
3137 2457 3203 2528 δὴ
3226 2458 3282 2511 αί
3306 2459 3412 2512 τῶν
3437 2461 3646 2530 ἀρχαγ-

2068 2537 2263 2605 γὲλων.
2292 2541 2415 2596 Είσὶ
2444 2543 2502 2598 δὲ
2542 2546 2747 2601 ἐκεῖναι
2783 2548 2973 2619 φύσεις
3003 2551 3427 2624 διακεκριμέναι.
3478 2554 3643 2627 Ἐρώ-

2067 2652 2229 2706 τησον
2263 2639 2331 2692 τά
2374 2641 2672 2715 Χερουϐὶμ,
2710 2645 2801 2699 τόν
2826 2647 3100 2718 βασιλικὸν
3136 2651 3356 2721 θρόνον·
3395 2654 3463 2706 '0
3500 2656 3643 2708 καθ-

2066 2730 2285 2801 ήμενος
2307 2735 2404 2789 ἐπὶ
2434 2738 2553 2792 τῶν
2578 2742 2882 2813 Χερουϐὶμ,
2908 2744 3220 2814 ὲιιςράνηθι.
3248 2747 3555 2820 Ἐρώτησον
3576 2748 3641 2801 τὰ

2066 2827 2346 2901 Χερουϐὶμ
2378 2833 2453 2896 ὡς
2492 2835 2677 2906 θρόνον
2711 2840 3086 2912 σαπφείρινον,
3120 2843 3213 2895 καὶ
3252 2843 3308 2896 ἐν
3348 2843 3427 2914 τῷ
3469 2844 3641 2916 θρόνῳ

2066 2924 2374 2995 καθήμενον
2417 2930 2493 2993 ὡς
2521 2931 2771 3004 ὁμοίωμα
2806 2934 2937 2989 Υίοῦ
2982 2937 3286 3008 ἀνθρώπου.
3329 2940 3445 2994 Kal
3492 2941 3640 3011 φωνὴ

2066 3021 2281 3089 ἐγένετο
2324 3026 2432 3078 τῶν
2465 3026 2774 3102 Χερουϐὶμ,
2816 3033 2891 3097 ὡς
2934 3034 3140 3089 ὑδάτων
3178 3035 3384 3091 πολλῶν
3419 3036 3636 3107 βοιῖισα·

2065 3120 2455 3191 Εὐλογημένη
2475 3124 2512 3191 ἡ
2536 3123 2684 3190 δόξα
2711 3130 2930 3196 Κυρίου
2955 3130 3023 3185 ἐκ
3048 3132 3149 3187 τοῦ
3176 3134 3361 3188 τόπου
3390 3133 3603 3202 αὐτῆς.

2132 3214 2174 3269 δ’
2180 3257 2193 3271 .
2237 3217 2399 3289 Ὁρᾷς
2422 3221 2515 3274 xal
2542 3223 2650 3277 τῶν
2670 3226 2947 3297 Χερουϐὶμ
2970 3228 3066 3299 τὴν
3093 3228 3375 3285 εὐλάϐειαν
3398 3248 3413 3295 ;
3441 3231 3637 3298 Ἕφθα-

2066 3329 2156 3366 σεν
2185 3314 2265 3377 εἰς
2292 3314 2469 3381 δόξαν,
2504 3321 2599 3372 καὶ
2627 3322 2723 3392 οὐχ
2770 3323 3011 3397 ὑπερέϐη
3057 3326 3147 3380 τὸν
3177 3328 3320 3398 ὅρον.
3360 3329 3633 3397 Εὐλογη-

2057 3410 2210 3481 μένη
2253 3412 2291 3480 ἡ
2337 3414 2487 3479 δόξα
2525 3418 2762 3486 Κυρίου.
2794 3421 2904 3475 Kal
2958 3422 3103 3487 πῶς;
3146 3424 3245 3477 Ἐκ
3293 3423 3401 3479 τοῦ
3446 3424 3634 3479 τόπου

2062 3507 2251 3577 αὐτῆς
2269 3526 2284 3539 °
2308 3510 2393 3563 ἵνα
2421 3511 2566 3584 δείξῃ
2595 3531 2696 3577 σοι,
2723 3516 2803 3569 ὅτι
2823 3517 2916 3571 καὶ
2938 3517 2996 3570 ἐν
3017 3520 3128 3581 τοῖς
3153 3518 3423 3589 οὐρανίοις
3449 3520 3637 3582 τόποις

2064 3604 2361 3670 αὐλίζεται,
2391 3606 2483 3661 καὶ
2513 3610 2645 3663 πολὺ
2677 3612 3011 3685 ὑψηλοτέραν
3043 3614 3150 3667 τῶν
3186 3614 3449 3686 οὐρανίων
3478 3615 3632 3669 δυνά·

2066 3718 2211 3771 μεων
2241 3702 2335 3755 καὶ
2376 3700 2622 3776 ἀοράτων
2660 3707 2981 3781 ὑπέρκειται
3018 3710 3113 3781 τὴν
3148 3708 3322 3774 ἀξίαν.
3354 3711 3433 3764 Οὐ
3470 3711 3622 3780 φθέγο

2061 3814 2247 3867 γονται
2274 3799 2349 3863 ὡς
2379 3801 2787 3872 πλησιάζοντες,
2818 3805 2933 3860 ἀλλ’
2960 3805 3035 3870 ὡς
3056 3807 3243 3879 τοόρρω
3261 3810 3631 3878 ἀφεστηκότες

2059 3894 2157 3965 τῆς
2178 3894 2326 3959 θείας
2348 3896 2502 3962 ἀξίας
2516 3916 2531 3930 ο
2552 3901 2943 3971 Εὐλογημένη
2970 3905 3005 3971 ἡ
3026 3903 3175 3969 δόξα
3194 3906 3412 3985 Κυρίου
3438 3905 3510 3959 ἐκ
3531 3904 3633 3960 τοῦ

2059 3994 2247 4046 τόπου
2278 3994 2488 4062 αὐτῆς.
2514 3997 2624 4067 οὐχ
2646 3999 2727 4052 ὅτι
2750 4000 2912 4055 τόπον
2945 4000 3058 4071 ἔχει
3079 4018 3092 4033 ·
3129 4002 3305 4055 πάντα
3340 4001 3452 4071 γὰρ
3481 4019 3633 4074 περι·-

2058 4090 2258 4159 γράφει
2290 4092 2452 4148 τόπον
2471 4110 2484 4123 °
2506 4094 2642 4150 ἀλλά
2672 4096 2835 4152 τόπον
2862 4098 2995 4153 Θεοῦ
3023 4099 3177 4154 καλεῖ
3197 4100 3292 4171 τὴν
3322 4103 3454 4171 περὶ
3473 4104 3631 4155 αὐτον

2059 4182 2235 4248 ἀξίαν.
2251 4183 2405 4253 Εἶδες
2429 4191 2823 4264 τῶνΧερουϐὶμ
2841 4195 2933 4248 καὶ
2954 4196 3136 4267 φωνήν
3155 4212 3169 4260 ;
3185 4197 3578 4266 Εὐλογημένη
3596 4199 3629 4265 ἠ

2057 4277 2210 4345 δόξα
2228 4285 2470 4353 Κυρίου.
2501 4287 2610 4342 Kal
2636 4288 2786 4342 οὐδὲν
2813 4290 2973 4344 πλέον
2994 4291 3299 4363 ἀνήγγειλε.
3318 4293 3412 4345 Δεῖ
3432 4294 3545 4364 γάρ
3575 4310 3627 4345 σε

2060 4376 2243 4451 κύκλῳ
2282 4383 2627 4453 παρεστῶτα,
2659 4385 2857 4441 εἰδέναι
2891 4387 2960 4440 τά
2986 4388 3078 4441 τοῦ
3103 4387 3239 4441 Θεοῦ
3276 4388 3623 4457 καταγγέλια.

2061 4477 2142 4532 Τὰ
2178 4477 2286 4549 γάρ
2319 4479 2579 4550 Σεραςοίμ
2603 4480 2865 4550 εἱστήκει
2886 4483 3093 4549 κύκλῳ
3123 4470 3327 4539 αὐτοῦ.
3357 4484 3425 4537 Τί
3454 4484 3627 4537 τοίνυν

2060 4576 2249 4644 μαθεῖν
2276 4576 2388 4629 εστι
2409 4579 2538 4648 παρ’
2566 4578 2751 4649 ὑμῶν;
2776 4579 2867 4652 Μὴ
2895 4578 3195 4651 κωλύσητε.
3227 4580 3365 4633 Ἀλλ’
3395 4582 3513 4653 ἐρεῖ
3532 4581 3624 4634 κά-

2054 4674 2229 4737 κεῖνα,
2258 4673 2340 4727 ὅτι
2367 4672 2471 4727 κᾶν
2505 4674 2860 4747 ὑπερέχωμεν
2892 4677 2991 4747 τὴν
3021 4675 3193 4743 ἀξίαν,
3227 4675 3342 4729 ἀλλ’
3372 4675 3624 4746 ἐπιγινώ-

2058 4793 2259 4847 σκομεν
2283 4777 2440 4849 ήμῶν
2471 4779 2570 4850 τῆς
2596 4778 2810 4849 φύσεως
2845 4781 2971 4845 τοὺς
2996 4780 3175 4853 ὄρους,
3211 4782 3304 4835 καὶ
3332 4781 3432 4853 οὐχ
3464 4784 3620 4854 ὑπερ-

2055 4882 2314 4954 πηδῶμεν
2351 4884 2420 4937 τὰ
2461 4884 2634 4957 μέτρα
2663 4884 2760 4957 τῆς
2798 4885 3049 4955 γνώσεως
3072 4904 3085 4915 ·
3127 4887 3187 4940 οὐ
3220 4887 3618 4959 πολυπραγμο-

2054 4979 2252 5050 νοῦμεν
2295 4980 2450 5052 ἡμῶν
2479 4980 2571 5036 τὸν
2608 4982 2887 5045 κτίσαντα,
2928 4981 2989 5035 οὐ
3029 4984 3504 5055 περιεργαζόμεθα
3534 4984 3615 5037 τὸν

2053 5076 2377 5146 τιμήσαντα.
2407 5076 2639 5149 Οἴδαμεν
2660 5078 2759 5150 τὴν
2789 5077 3171 5147 ἀκατάληπτον
3195 5077 3380 5147 φύσιν,
3414 5082 3496 5134 ὅτι
3527 5080 3612 5148 οὐχ

2053 5170 2411 5228 ὑποϐάλλεται
2445 5171 2666 5246 ζητήσει
2682 5188 2732 5238 ι,
2761 5175 2822 5228 οὐ
2845 5174 3082 5229 δουλεύει
3109 5175 3386 5246 λογισμῶν
3407 5178 3611 5232 ἀκολου-

2052 5266 2193 5331 Diae;
2209 5284 2225 5299 ο
2251 5268 2506 5340 ὑπερέχει
2538 5272 2719 5324 πᾶσαν
2744 5271 2879 5342 ὁμοῦ
2908 5270 3002 5325 καὶ
3034 5272 3330 5344 ἀγγελικὴν
3352 5274 3606 5328 κατάστα-

2052 5380 2136 5417 σιν
2166 5364 2260 5417 καὶ
2293 5364 2661 5437 ὑπερκόσμιον
2684 5365 2889 5421 ἔννοιαν
2915 5368 3008 5421 καὶ
3028 5370 3206 5421 πᾶσαν
3231 5369 3337 5422 ὑπε
3347 5371 3605 5441 ρουράνιον

2048 5458 2274 5530 δύναμιν
2304 5461 2338 5531 ἡ
2371 5459 2497 5528 δόξα
2527 5459 2620 5515 τοῦ
2663 5462 3156 5534 προσκυνουμένου.
3202 5464 3302 5520 Διά
3331 5464 3490 5519 τοῦτο
3525 5460 3602 5517 καὶ

2108 5658 2135 5688 ⁸
2157 5658 2273 5711 Cod.
2308 5660 2517 5719 ζήτησιν.
2540 5659 2697 5712 Colel.
2728 5661 2858 5724 conj.
2886 5662 3156 5720 ζητήσεσιν.
