3704 6274
58 280 149 335 ιιι

57 400 102 469 in
125 396 283 461 rubo,
317 393 445 450 vidit
478 407 601 449 eum
627 404 692 447 ex
720 398 903 447 monte
932 389 1081 458 Sina,
1115 392 1244 445 vidit
1271 406 1392 447 etim
1415 387 1640 444 diversis

56 490 101 542 in
130 488 263 541 locis
290 494 661 558 apparentem,
685 494 737 541 et
752 485 913 541 variis
937 484 1109 540 modis
1126 484 1462 555 przesentiam
1491 497 1639 537 suam

54 580 400 647 indicantem,
431 590 487 634 at
515 579 701 635 beatus
750 578 841 633 ille
881 577 1092 651 Moyses
1138 578 1308 651 ipsam
1337 576 1518 631 videre
1548 590 1643 628 cu-

54 672 223 741 piebat
251 680 461 726 natura:
490 671 735 726 l'ormam.
760 668 892 724 Nam
915 669 1078 724 homo
1092 684 1211 724 cum
1228 676 1393 734 esset,
1412 666 1639 722 humana

54 766 113 820 de
138 780 377 835 superna
400 764 487 820 illa
529 764 726 820 virtute
746 764 1152 835 imaginabatur.
1185 762 1324 817 Deus
1348 769 1524 816 autem
1547 761 1641 815 de-

54 858 306 912 siderium
338 856 512 912 ﬁdelis
542 856 721 911 famuli
763 854 1114 926 approbavit,
1152 851 1405 924 ﬂexitque
1452 851 1641 906 huma-

53 964 170 1002 num
195 948 450 1004 allectum
492 946 840 1018 impossibilia
870 945 1195 1017 cupientem.
1238 944 1375 1014 Quid
1408 945 1550 1000 enim
1566 946 1642 999 ait

52 1040 161 1095 illi?
192 1039 367 1097 Nemo
414 1039 597 1095 uidebit
626 1040 807 1114 faciem
840 1055 1002 1093 nteant
1044 1047 1092 1093 et
1135 1042 1263 1093 viret
1312 1035 1517 1109 (Exod.
1547 1037 1636 1091 5'5.

50 1133 154 1204 20).
188 1134 561 1190 Desideratum
616 1148 721 1188 non
771 1133 914 1203 capit
962 1134 1130 1187 virtus
1174 1130 1636 1188 desiderantium:

51 1239 149 1276 non
188 1222 295 1277 l'ert
324 1224 567 1278 mortalis
596 1224 783 1278 oculus
811 1222 1165 1277 immortalem
1196 1230 1463 1276 naturam.
1497 1219 1635 1288 Quid

50 1327 188 1384 ergo,
221 1314 757 1385 Domine?relinquis
786 1314 902 1368 sine
932 1313 1124 1368 solatio
1170 1327 1432 1380 amorem,
1464 1327 1527 1366 ac
1572 1326 1639 1365 ne

52 1410 287 1461 umbram
343 1408 557 1477 quidem
612 1407 819 1475 praebes
862 1405 1148 1472 desiderii,
1196 1408 1244 1461 ei
1294 1406 1383 1477 qui
1435 1414 1636 1460 tantum

50 1514 280 1552 amorem
322 1501 504 1553 animo
543 1497 829 1569 concepit?
874 1497 1231 1566 Quamobrem
1259 1500 1333 1552 ait
1366 1513 1381 1551 :
1409 1496 1557 1553 Pono
1584 1500 1638 1552 in

51 1599 205 1659 petra,
237 1598 287 1643 et
333 1604 542 1661 protego
568 1605 722 1642 manu
759 1605 869 1644 mea
896 1604 916 1642 :
944 1598 990 1643 et
1031 1605 1145 1643 cum
1192 1589 1423 1644 transibit
1472 1590 1639 1661 gloria

49 1698 170 1746 mea,
199 1681 395 1735 videbis
437 1682 715 1750 posteriora
754 1696 779 1731 .'
831 1681 1089 1735 anteriora
1130 1696 1246 1736 vero
1301 1698 1402 1736 non
1451 1683 1639 1738 videbis

51 1774 236 1833 (Exod.
263 1774 357 1829 33.
381 1773 472 1827 22.
497 1773 614 1845 25).
642 1772 760 1829 Non
781 1773 934 1838 dixit,
971 1772 1103 1828 Cum
1135 1774 1487 1843 pertransibo,
1518 1773 1634 1841 sed,

51 1866 165 1920 Cum
190 1868 430 1921 transibit
456 1867 619 1938 gloria
646 1882 775 1920 mea.
805 1865 920 1920 Non
952 1867 1097 1921 enim
1122 1867 1269 1934 licet,
1320 1878 1639 1938 praetergre-

51 1959 238 2013 diendo
282 1960 512 2030 gloriam
539 1999 554 2023 ,
601 1959 886 2014 essentiam
940 1958 1201 2029 reperire.
1250 1959 1461 2031 Moyses
1504 1959 1637 2015 nihil

48 2052 158 2120 plus
186 2067 352 2121 quam
376 2050 601 2121 gloriam
631 2051 855 2116 invenit,
906 2065 1080 2121 neque
1102 2050 1250 2105 illam
1282 2057 1448 2105 totam
1477 2051 1633 2116 vidit,

47 2144 133 2197 sed
156 2144 420 2198 dorsum:
455 2158 560 2198 non
588 2142 729 2214 quod
760 2143 923 2197 dorso
948 2151 1003 2197 et
1030 2151 1247 2212 pectore
1272 2141 1536 2198 delineata
1564 2144 1635 2198 sit

46 2238 217 2291 divina
240 2248 434 2292 natura
468 2252 484 2291 :
515 2237 738 2307 simplex
763 2237 905 2292 enim
933 2244 1093 2293 estet
1123 2237 1508 2307 incomposita;
1539 2237 1633 2292 sed

47 2331 160 2399 quia
181 2330 328 2385 Deus
347 2330 423 2383 sic
440 2343 498 2384 se
513 2329 942 2399 cognoscendum
962 2328 1188 2398 prtebet,
1216 2344 1320 2383 non
1340 2328 1633 2384 secundum

48 2421 138 2475 sibi
163 2429 553 2489 congruentem
581 2418 914 2490 dignitatem,
945 2418 1040 2473 sed
1081 2419 1375 2474 secundum
1417 2419 1636 2475 faculta-

48 2521 145 2565 tem
173 2525 390 2577 eorum,
419 2511 505 2580 qui
533 2510 705 2581 ipsum
732 2510 897 2564 visuri
918 2518 1060 2564 sunt.
1087 2509 1296 2582 Moyses
1324 2509 1388 2565 ad
1410 2510 1631 2580 gloriam

48 2604 279 2674 pertigit,
308 2612 365 2657 et
385 2602 609 2673 gloriam
637 2616 743 2656 non
775 2612 1154 2672 supergressus
1184 2611 1266 2657 est
1296 2611 1389 2657 :at
1418 2611 1494 2669 tu,
1526 2603 1636 2656 ha:-

50 2696 230 2758 retioe,
257 2694 487 2765 gloriam
516 2702 899 2764 transgressus,
928 2693 1282 2748 substantiam
1309 2693 1402 2749 Dei
1422 2695 1634 2750 curiose

46 2788 338 2843 scrutaris?
378 2788 665 2843 Veniamus
705 2798 759 2843 et
795 2787 862 2842 ad
890 2787 1100 2842 beatum
1140 2788 1381 2843 Paulum.
1435 2788 1633 2843 Paulus

47 2883 99 2935 in
120 2881 270 2937 Novo
291 2879 671 2945 Testamento,
720 2894 840 2934 cum
870 2880 1237 2936 consideraret
1282 2882 1632 2953 particulares

43 2974 299 3045 quasdam
340 2973 433 3029 Dei
477 2973 920 3043 dispensationes,
950 2972 1102 3044 quasi
1141 2975 1403 3044 vertigine
1442 2982 1632 3044 captus

47 3070 95 3121 in
123 3066 392 3137 profundo
419 3065 776 3137 cogitationis,
803 3076 1023 3135 stupore
1044 3067 1253 3135 plenam
1284 3080 1467 3121 vocem
1492 3067 1631 3121 emi-

44 3162 108 3212 sit
134 3160 220 3213 his
246 3159 474 3214 verbis:
512 3176 532 3211 ι
567 3156 611 3213 0
638 3156 863 3212 altitudo
902 3156 1205 3212 divitiarum
1253 3157 1530 3227 sapientia:
1577 3166 1631 3212 et

45 3252 278 3306 scientize
314 3253 427 3316 Dei,
457 3266 617 3322 quam
665 3248 1225 3319 incomprehensibilia
1254 3258 1379 3303 sunt
1427 3248 1627 3318 judicia

44 3348 262 3416 ejus,et
288 3342 687 3413 investigabiles
710 3342 808 3396 viae
844 3341 993 3411 ejus!
1021 3341 1153 3408 Quis
1188 3341 1332 3396 enim
1381 3342 1631 3410 cognovit

43 3456 254 3493 sensum
286 3438 537 3494 Domini?
565 3446 660 3493 aut
696 3435 816 3507 quis
843 3434 1181 3491 consiliarius
1225 3438 1342 3503 ejus
1368 3432 1498 3488 fuit?
1540 3444 1632 3489 aut

44 3537 154 3605 quis
176 3537 327 3605 prior
344 3533 495 3589 dedit
520 3533 595 3586 illi
615 3573 631 3599 ,
653 3539 708 3587 et
738 3529 1063 3586 retribuetur
1080 3527 1131 3585 ei
1162 3547 1182 3581 s
1215 3526 1392 3600 (Rom.
1420 3529 1447 3583 1
1463 3530 1480 3583 l
1496 3568 1509 3581 .
1530 3528 1630 3583 55·

45 3632 181 3699 56)?
242 3627 498 3698 Finisque
543 3624 849 3681 sermonis:
886 3640 907 3675 ι
939 3621 1201 3692 Quoniam
1259 3637 1326 3676 ex
1373 3621 1490 3691 ipso
1538 3636 1632 3691 per

48 3724 210 3789 ipsum
237 3730 295 3775 et
322 3720 374 3774 in
402 3718 518 3790 ipso
538 3725 662 3772 sunt
689 3715 868 3771 omnia
895 3731 912 3780 ;
957 3714 1058 3785 Ipsi
1086 3713 1254 3784 gloria
1280 3713 1334 3767 in
1360 3712 1578 3769 saecula.
1604 3730 1625 3765 ι

52 3813 228 3867 \‘iden‘
257 3825 533 3869 eumeum
559 3808 627 3864 ad
670 3807 895 3879 gloriam
936 3807 1031 3863 Dei
1058 3806 1310 3874 venisset,
1344 3806 1629 3862 terminum

46 3921 145 3959 non
173 3901 513 3959 excessisse?
564 3900 768 3971 Ecquid
796 3900 863 3955 de
898 3900 1203 3955 hominibus
1228 3899 1391 3955 dico?
1415 3898 1631 3971 Cogita-

47 3999 184 4052 tione
222 3994 457 4051 ascende
491 3994 558 4050 ad
604 3993 869 4060 cmlestia;
900 3994 1169 4064 interroga
1199 3993 1360 4048 caelos
1400 4001 1455 4048 et
1499 3993 1628 4048 die:

43 4090 173 4155 Quid
193 4089 327 4143 mihi
354 4088 425 4144 de
449 4088 556 4143 Deo
578 4100 797 4141 narrare
818 4085 1075 4154 potestis?
1098 4084 1238 4152 caeli,
1260 4092 1473 4140 narrate
1500 4082 1629 4137 mihi

44 4183 212 4251 qualis
240 4181 315 4235 sit
343 4179 485 4235 Dens
502 4219 519 4248 ,
546 4178 847 4233 renuntiate
868 4176 997 4231 mihi
1025 4192 1144 4248 quze
1164 4178 1235 4232 sit
1258 4176 1487 4232 essentia
1516 4175 1629 4231 Dei.

48 4273 239 4327 Verum
264 4287 372 4326 non
401 4271 728 4341 respondent
747 4269 968 4335 catli,de
983 4268 1048 4323 iis
1063 4283 1183 4339 qua:
1204 4282 1390 4322 eorum
1412 4266 1635 4321 faculta-

46 4378 146 4421 tem
192 4374 453 4436 superant
482 4364 813 4435 interrogati.
845 4362 950 4418 Sed
979 4363 1027 4418 si
1053 4361 1169 4417 haec
1194 4361 1450 4416 audacter
1488 4376 1634 4431 quai-

43 4461 217 4524 sieris,
247 4456 592 4529 respondebit
622 4472 719 4527 per
742 4455 1109 4511 admirabilem
1133 4454 1455 4521 Jeremiam,
1487 4454 1631 4509 divi-

46 4571 170 4608 num
239 4552 372 4607 illud
424 4551 704 4622 proferens
758 4549 1078 4621 eloquium:
1134 4548 1397 4603 Inhorruit
1452 4546 1634 4603 caelum

42 4664 194 4717 super
224 4646 322 4700 Itoc
351 4643 483 4718 (Jer.
511 4644 569 4699 2.
599 4645 708 4714 12).
743 4643 1066 4698 lnhorrescit
1090 4646 1233 4699 enim
1258 4659 1383 4698 vero
1420 4644 1632 4710 ozelum,

43 4741 125 4795 tibi
157 4738 351 4794 viderit
376 4748 617 4793 naturam
637 4737 870 4793 divinam
900 4736 1160 4807 indagari.
1180 4736 1257 4791 Ex
1274 4736 1521 4808 apposito
1546 4751 1635 4791 ca-

44 4842 128 4887 net
165 4832 356 4888 beatus
387 4830 572 4895 David,
607 4831 944 4885 temerariam
981 4828 1345 4883 curiositatem
1377 4828 1633 4898 plectens,

41 4934 93 4977 et
115 4924 304 4979 dicet:
334 4920 451 4977 Non
478 4922 671 4977 audisti
696 4921 841 4985 illud,
870 4918 995 4976 Gali
1031 4929 1309 4987 enarrant,
1342 4936 1447 4972 nott
1478 4927 1635 4973 natu-

43 5032 153 5071 ram
183 5014 299 5079 Dei,
325 5014 423 5071 sed
441 5013 656 5087 gloriam
682 5013 797 5067 Dei.
820 5013 1009 5069 Nonne
1040 5013 1154 5083 ipse
1170 5012 1263 5067 tibi
1281 5027 1377 5082 per
1400 5020 1635 5066 sanctam

41 5108 309 5163 citharam
335 5106 627 5171 clamavit,
652 5104 776 5160 Gali
802 5116 1043 5160 enarrant
1068 5105 1287 5176 gloriam
1318 5102 1409 5158 Dei
1441 5103 1461 5176 (
1485 5102 1634 5158 Psal.

42 5202 128 5258 l8.
167 5201 243 5274 Ι).
275 5200 391 5255 Non
420 5208 663 5254 naturam
693 5199 807 5265 Dei,
836 5215 941 5253 non
969 5199 1319 5253 substantiam
1342 5197 1634 5265 declarant,

38 5294 135 5350 sed
163 5294 390 5363 gloriam
431 5292 523 5347 Dei
551 5292 890 5346 annuntiant.
919 5292 1183 5346 (ἔξιθι-πω
1214 5306 1283 5346 ne
1304 5300 1457 5361 putes
1483 5291 1641 5347 ctele-

38 5398 155 5444 stes
178 5387 409 5442 virtutes
426 5384 551 5456 quid
572 5385 711 5441 ultra
740 5399 1087 5457 cognoscere.
1115 5384 1381 5455 interroga
1398 5384 1636 5455 angelos,

42 5483 342 5551 interroga,
370 5480 612 5549 inquam,
641 5494 747 5533 non
774 5476 915 5548 quod
946 5476 1041 5531 tibi
1062 5491 1377 5531 concessum
1405 5475 1475 5529 sit
1507 5489 1630 5529 cum

40 5572 293 5645 supernis
325 5568 613 5625 virtutibus
641 5568 928 5638 congredi,
969 5568 1063 5623 sed
1092 5566 1213 5638 quia
1253 5583 1318 5622 ex
1365 5566 1638 5640 Scriptura

44 5640 285 5720 remedia
310 5663 503 5727 habes,
547 5675 773 5732 qumque
815 5659 1091 5715 audaciam
1134 5669 1278 5716 tuam
1325 5640 1654 5731 reprimant:

45 5759 320 5828 Interroga
374 5753 641 5824 angelos:
697 5753 965 5819 interroga
1019 5765 1113 5807 eos
1174 5767 1299 5808 cum
1348 5750 1546 5807 videris
1576 5750 1632 5803 in

1052 271 1115 328 IN
1156 272 1379 340 ILLUD,
1422 271 1486 328 IN
1523 262 1661 338 om
1704 267 2130 335 POTESTATE,
2172 267 2327 325 mc.
2414 238 2431 255 κ

3231 278 3334 341 ιω

1753 397 1892 441 terra
1920 388 2146 442 choreas
2172 395 2413 457 agentes,
2432 397 2525 444 aut
2554 388 2782 462 hymnos
2817 376 3092 451 canentes.
3123 396 3217 452 Dic
3265 400 3333 453 il—

1747 477 1831 544 lis,
1871 478 2010 545 Quid
2039 478 2162 533 novi
2192 477 2436 534 docetis?
2462 480 2587 550 quid
2628 481 2826 536 insoliti
2846 486 3337 543 annuntiatiststa-

1747 570 1950 641 tlmque
1974 569 2187 625 divinus
2211 572 2409 626 chorus
2432 586 2524 640 per
2551 582 2738 627 sancta
2789 577 3059 646 evangelia
3106 593 3333 640 respon-

1744 659 1894 716 debit
1921 661 2014 716 tibi
2046 678 2062 716 :
2086 658 2265 719 Gloria
2292 665 2345 718 in
2373 668 2631 721 altissimis
2665 666 2790 732 Deo,
2819 680 2867 722 et
2891 671 3101 725 interra
3129 688 3250 740 pax,
3280 677 3333 725 in

1746 754 2034 811 hominibus
2058 756 2427 827 beneplacitum
2450 759 2601 828 (Luc.
2628 761 2686 815 2.
2716 761 2823 831 14).
2855 760 3128 819 Venerunt
3153 765 3204 818 in
3234 776 3335 820 ter-

1745 862 1859 902 ram
1887 848 2083 918 angeli,
2109 855 2167 905 et
2178 848 2365 920 gloriae
2390 851 2648 906 terminos
2672 867 2779 907 non
2796 853 3161 924 prmtergressl
3186 867 3332 918 sunt;

1732 938 1989 996 haeretici
2017 955 2147 996 vero
2173 940 2274 996 bos
2303 943 2601 1014 transgredi
2646 959 2751 999 non
2782 944 3178 1002 dubitaverunt.
3226 948 3332 1004 Sed

1745 1046 1873 1085 num
1899 1030 2036 1087 forte
2065 1047 2313 1102 superna:
2334 1034 2580 1101 virtutes,
2607 1051 2726 1105 quae
2753 1050 2919 1105 super
2944 1039 3161 1108 angelos
3187 1040 3334 1094 sunt?

1743 1124 2112 1195 Archangelos
2131 1125 2253 1181 dico
2279 1142 2296 1180 :
2323 1138 2449 1182 sunt
2476 1137 2653 1183 autem
2686 1128 2789 1183 ill:e
2813 1136 3015 1185 natura:
3038 1130 3327 1186 distinctae.

1747 1215 2020 1287 interroga
2049 1216 2357 1284 Cberubim,
2394 1221 2598 1289 regium
2620 1220 2811 1276 solium
2841 1238 2857 1275 :
2890 1221 2989 1289 Qui
3015 1224 3156 1278 sedes
3182 1240 3335 1295 super

1744 1308 2363 1382 Cherubim,manifeslare
2390 1311 2562 1384 (Psal.
2593 1312 2679 1367 79.
2706 1312 2782 1382 2).
2817 1312 3088 1386 interroga
3128 1315 3333 1371 Cheru-

1744 1401 1874 1466 bim,
1906 1403 2151 1457 thronum
2183 1403 2573 1475 sapphirinum,
2598 1415 2653 1462 et
2696 1406 2751 1461 in
2793 1407 2987 1462 throno
3028 1408 3331 1478 sedentem,

1743 1496 1888 1550 velut
1926 1496 2466 1556 similitudinemFilii
2492 1500 2725 1557 hominis
2752 1500 2963 1573 (Eseeli.
3001 1503 3087 1558 l0.
3122 1504 3168 1559 l.
3199 1516 3244 1559 et
3276 1507 3331 1561 l.

1742 1588 1833 1645 26.
1866 1588 1982 1661 2i).
2016 1590 2078 1644 Et
2110 1606 2211 1645 vox
2235 1590 2368 1646 facta
2396 1600 2483 1647 est
2505 1592 2958 1662 Cherubinorum,
2986 1596 3136 1667 quasi
3164 1613 3330 1669 aqua-

1744 1695 1861 1734 rum
1884 1680 2191 1746 multarum,
2221 1681 2460 1737 clamans
2491 1699 2507 1738 :
2536 1680 2809 1738 Benedicta
2835 1685 3000 1757 gloria
3026 1685 3233 1742 Domini
3268 1687 3331 1743 de

1742 1772 1852 1826 loco
1882 1789 1974 1826 suo
2000 1772 2160 1844 (Ibid.
2184 1773 2238 1829 5.
2262 1773 2378 1846 12).

1814 1866 1870 1921 ι.
1902 1864 2059 1921 Vides
2089 1865 2513 1923 Cherubinorum
2542 1869 2897 1926 reverentiam
2920 1870 2945 1925 ‘l
2965 1871 3331 1928 Pervenerunt

1740 1956 1805 2010 ad
1850 1956 2111 2028 gloriam,
2152 1968 2206 2013 et
2244 1959 2382 2014 intra
2424 1960 2711 2016 terminum
2758 1972 3073 2018 manserunt
3110 1980 3123 2019 :
3164 1962 3328 2019 Bene-

1740 2048 1877 2103 dicta
1903 2048 2067 2119 gloria
2086 2048 2312 2104 Domini.
2336 2051 2657 2120 Quomodo?
2683 2052 2760 2108 De
2786 2052 2898 2109 loco
2925 2071 3017 2109 suo
3032 2072 3053 2109 :
3078 2066 3133 2110 nt
3149 2067 3331 2112 osten-

1738 2140 1963 2198 deretur
2012 2142 2131 2210 tibi,
2159 2158 2277 2197 eam
2305 2144 2358 2198 in
2387 2144 2694 2200 cmlcstibus
2740 2145 2873 2202 lucis
2902 2149 3245 2212 commorari,
3274 2158 3329 2203 et

1739 2231 1894 2304 longe
1920 2233 2164 2289 altiorem
2195 2249 2316 2291 esse
2345 2234 2600 2307 dignitate
2635 2236 2763 2307 ipsis
2790 2238 3092 2294 caelesﬁbus
3116 2252 3168 2296 et
3196 2241 3331 2295 invi-

1739 2323 1981 2379 sibilibus
2014 2324 2314 2380 virtutibus.
2343 2325 2459 2381 Non
2499 2328 2788 2397 loquuntur
2811 2330 2961 2400 quasi
2989 2346 3155 2402 prope
3182 2341 3329 2386 stan-

1739 2422 1842 2481 tes,
1871 2414 1967 2470 sed
1996 2426 2051 2470 ut
2079 2415 2235 2488 longe
2258 2432 2289 2471 a
2333 2416 2513 2472 divina
2546 2417 2801 2490 dignitate
2824 2419 3081 2478 distantes
3105 2437 3123 2477 :
3162 2419 3329 2478 Bene-

1737 2506 1874 2561 dicta
1912 2507 2080 2579 gloria
2107 2507 2313 2563 Domini
2334 2507 2399 2564 de
2422 2510 2534 2565 loco
2562 2527 2676 2566 suo.
2709 2510 2825 2568 Non
2853 2512 2997 2583 quod
3025 2512 3199 2569 locum
3227 2514 3325 2569 ha-

1737 2596 1897 2665 beat;
1939 2614 2154 2656 omnem
2181 2601 2324 2656 enim
2357 2600 2746 2657 circumscribit
2789 2603 3000 2670 locum;
3031 2605 3125 2661 sed
3154 2607 3326 2661 locum

1739 2690 1833 2747 Dei
1861 2700 2016 2746 vocat
2042 2707 2161 2747 eam
2186 2707 2306 2764 qua:
2338 2693 2475 2749 circa
2507 2710 2629 2749 eum
2659 2704 2741 2751 est
2765 2695 3096 2767 dignitatem.
3138 2697 3327 2752 Vidisti

1736 2783 2158 2840 Cherubinorum
2170 2784 2388 2842 vocem?
2402 2784 2672 2841 Benedicta
2686 2786 2851 2859 gloria
2868 2785 3094 2843 Domini.
3111 2788 3178 2844 Et
3195 2788 3326 2845 nihil

1736 2878 1966 2949 amplius
2000 2878 2466 2935 annuntiaverunt.
2499 2881 2718 2950 Oportet
2748 2881 2892 2937 enim
2924 2891 2975 2938 te
2993 2883 3191 2938 circum
3219 2884 3318 2938 ad-

1737 2979 1987 3038 stantem,
2019 2987 2176 3029 nosse
2200 2988 2262 3029 ea
2292 2989 2410 3045 qua:
2430 2989 2461 3029 a
2495 2976 2602 3030 Deo
2632 2976 2969 3031 nuntiantur.
3000 2974 3134 3032 Nam
3166 2978 3325 3033 Sera-

1738 3064 1879 3135 pliim
1920 3066 2122 3119 stabant
2147 3067 2201 3121 in
2240 3066 2455 3121 circuitu
2497 3070 2607 3139 ejus
2637 3066 2790 3139 (lsai.
2819 3067 2873 3124 6.
2898 3067 2981 3142 2).
3009 3070 3145 3138 Quid
3195 3087 3327 3142 ergo

1735 3169 1767 3209 a
1794 3155 1943 3209 vobis
1967 3155 2274 3213 discemus?
2297 3156 2472 3212 Nolite
2502 3159 2801 3228 prohibere.
2849 3160 3045 3217 Verum
3076 3162 3162 3217 illa
3190 3179 3328 3233 quo-

1733 3262 1840 3317 que
1875 3247 2053 3303 dicent
2082 3264 2099 3305 :
2124 3249 2379 3315 Quamvis
2424 3249 2680 3321 dignitate
2722 3252 3125 3322 praecellamus.
3177 3255 3329 3309 novi-

1734 3354 1854 3394 mus
1883 3349 2061 3395 tamen
2087 3351 2292 3395 natura:
2322 3349 2520 3396 nostrae
2546 3341 2699 3409 lines,
2723 3358 2819 3398 nec
2839 3344 3162 3416 cognitionis
3178 3361 3329 3401 men-

1734 3445 1914 3486 suram
1942 3431 2408 3503 praetergredimur
2430 3450 2445 3487 :
2470 3448 2575 3487 non
2604 3435 2813 3488 curiosa
2842 3445 3140 3491 scrutamur
3158 3436 3327 3494 Crea-

1737 3533 1907 3580 torem
1927 3534 2166 3580 nostrum
2187 3565 2206 3593 ,
2226 3540 2334 3581 non
2360 3525 2701 3596 exploramus
2728 3542 2849 3583 eum
2879 3530 2969 3602 qui
3000 3546 3099 3586 nos
3123 3531 3326 3587 honore

1736 3614 1936 3671 affecit.
1978 3613 2238 3675 Novimus
2285 3616 2883 3688 incomprehettslbilem
2926 3629 3171 3677 naturam
3218 3639 3326 3678 non

1735 3708 1926 3780 subjici
1974 3710 2379 3781 qumstionibus,
2407 3724 2508 3767 nec
2545 3710 2829 3767 obnoxiam
2860 3728 2980 3769 esse
3018 3716 3329 3773 ratiocinio-

1735 3816 1857 3857 rum
1884 3802 2079 3868 seriei;
2120 3810 2336 3873 superat
2380 3816 2597 3859 omnem
2638 3804 2934 3875 angelicum
2980 3816 3176 3862 statum
3205 3823 3327 3863 om-

1735 3910 1966 3967 nemque
2008 3896 2115 3952 vim
2144 3894 2412 3952 ca'lestem
2438 3894 2607 3966 gloria
2632 3894 2751 3965 ejus
2778 3899 2866 3969 qui
2895 3898 3167 3954 aduratur.
3204 3899 3327 3959 ideo

1735 3996 1790 4042 et
1814 4001 1913 4042 nos
1933 4002 2039 4042 non
2068 3986 2488 4042 transcendimus
2516 3989 2791 4043 terminos.
2815 3988 2933 4045 Non
2960 3992 3329 4060 ptmtcriernnt

1735 4077 2026 4136 Cheruhim
2056 4076 2170 4152 (ιι),
2214 4079 2308 4134 sed
2355 4094 2477 4135 cum
2522 4080 2667 4135 omni
2718 4083 3013 4137 reverentia
3053 4085 3325 4142 caelestem

1801 4212 1879 4326 (α)
1906 4219 2056 4264 Totus
2073 4212 2195 4264 ordo
2214 4217 2449 4289 orationis
2485 4214 2717 4288 ptatulat
2733 4216 3006 4292 εριοαιιιιίιιι2
3029 4223 3324 4295 quamvisln

1801 4289 1843 4326 se
1881 4275 2015 4326 sitiat.
2033 4281 2087 4326 et
2100 4273 2409 4326 Cherubmos
2423 4289 2509 4326 oro
2525 4277 2801 4326 Set-nolimus
2812 4289 3029 4326 nosuent
3049 4280 3324 4326 l’hllasll'ms

1737 4273 1843 4326 loco
1856 4273 2015 4342 Isaia},
2033 4281 2087 4326 et
2100 4273 2409 4342 Cherubinos
2422 4273 2509 4339 pro
2525 4277 2801 4342 seraphinis
2812 4273 3029 4342 posuerit
3048 4273 3328 4334 i’ltilastrins

1736 4339 1922 4389 ﬂarent
1943 4336 2137 4406 _ult_._,_sc
2156 4336 2385 4406 Paulinus
2420 4336 2655 4406 Natali-9;
2676 4353 2725 4402 p.
2748 4336 2858 4401 605,
2890 4341 3098 4406 ipseque
3121 4343 3327 4406 Chryso-

1736 4400 1993 4464 stomusiu
2017 4400 2153 4464 illud.
2179 4397 2385 4464 Patef,_si
2405 4397 2752 4464 possibile'c'st,
2795 4397 2921 4463 etc.,'
2948 4412 3001 4455 et
3016 4397 3329 4458 Cherubinos

1735 4461 2013 4529 seraphinis
2028 4463 2202 4529 jungat
2223 4460 2511 4529 Epiphanius
2532 4460 2758 4529 Ancorati
2780 4460 2985 4529 capJO,
3009 4466 3087 4525 26,
3113 4481 3224 4517 cum
3246 4477 3329 4518 Sc-

1737 4523 1941 4575 veriano
1960 4523 2092 4576 Orat.
2117 4523 2147 4574 2
2166 4523 2238 4587 de
2257 4523 2412 4574 δηιΜί
2442 4526 2716 4587 creatione,
2758 4532 2813 4578 et
2839 4523 3104 4579 ‘t‘hilastrio
3146 4532 3329 4582 Haeresi

1738 4594 1962 4660 extrema
1984 4593 2037 4637 et
2058 4585 2340 4660 penultima,
2368 4588 2648 4658 pariterque
2670 4585 2877 4652 hymnus
2895 4588 3203 4642 Cherubieus
3227 4605 3321 4656 sp-

1738 4647 3328 4762 ammismmmammam

1812 4711 2127 4775 erubinorutn
2146 4708 2297 4775 Exodi
2320 4708 2374 4760 et
2393 4708 2671 4775 Paralipom.
2965 4714 3329 4766 substituuntur

1738 4771 1997 4835 Actione;
2014 4771 2183 4835 synodi
2200 4770 2309 4835 νη,
2331 4784 2426 4820 seu
2458 4773 2509 4820 in
2530 4770 2855 4835 disputatione
2896 4773 2994 4823 illic
3036 4775 3222 4835 prolata
3244 4785 3329 4826 .In-

1740 4786 1945 4822 Acuone
1966 4786 1997 4821 ο
2014 4786 2182 4843 synodi
2208 4786 2310 4844 vu,
2331 4786 2426 4820 seu
2458 4786 2509 4820 tn
2524 4786 2855 4884 mutatione
2896 4786 2994 4839 nnc
3016 4786 3222 4886 ’protata
3244 4786 3329 4826 Ju-

1740 4832 2189 4904 dagi_et_(1hrist.iani
2208 4834 2501 4904 (ubitamen
2626 4840 2801 4904 ._Reg.
2845 4834 2983 4904 102d,
3037 4872 3051 4886 .
3076 4837 3186 4904 356,
3210 4838 3330 4904 gite-

1740 4847 1835 4884 utet
1855 4847 1907 4883 et
1930 4847 2189 4885 Uirtsuant
2208 4847 2314 4896 tum
2336 4847 2501 4883 tamen
2524 4847 2641 4884 wn.
2685 4847 2715 4881 κ
2788 4870 2801 4885 .
2845 4847 2983 4895 tum,
3016 4847 3051 4886 Ι.
3076 4847 3186 4898 alio,
3210 4847 3330 4890 Cita-

1740 4894 1901 4958 rttbitn
1924 4895 2089 4958 habet,
2117 4899 2173 4958 ut
2203 4903 2254 4945 et
2274 4847 2785 4958 alterinterpretntig
2819 4904 2872 4947 et
2906 4898 2971 4947 ab
3005 4899 3191 4949 Andrea
3214 4898 3332 4952 Cre-

1741 4957 1870 5008 tensi
1890 4956 2118 5020 Oratione
2143 4957 2176 5005 5
2198 4956 2610 5020 indormitionetn
2634 4956 2852 5020 nam
2873 4971 2889 5009 :
2908 4971 3100 5011 necnon
3124 4960 3333 5013 thronus

1740 5017 2027 5083 seraphicns
2058 5017 2207 5083 instar
2229 5016 2491 5071 Cherubici
2513 5018 2564 5083 in
2588 5016 2973 5083 eodemgandre‘a
2992 5020 3178 5083 logitnr
3197 5031 3330 5075 Orat.

1741 5078 1978 5145 iuramus
2009 5078 2294 5145 palmarum,
2330 5087 2479 5143 atque
2510 5079 2563 5131 in
2596 5080 2893 5145 Theophane
2922 5078 3163 5136 Ceraiteo
3194 5093 3329 5137 Hom.

1740 5141 1820 5214 δερ
1844 5141 2123 5214 assam
2142 5152 2165 5194 ι
2184 5154 2275 5202 om
2304 5141 2709 5214 minutum
2735 5141 2921 5214 ξιιμ»
2940 5160 3210 5214 mw...
3239 5148 3332 5214 ιιος

1743 5201 2149 5283 ἓνλξείιλξέέξῆ
2161 5201 2349 5283 ER???
2366 5201 2817 5283 EGFLWAEP.
2838 5201 3283 5283 sam-nim-
3304 5210 3331 5283 ἒ

1740 5266 2029 5379 arma
2051 5266 2112 5316 ad
2132 5266 2344 5316 Laudem
2363 5268 2600 5315 tamin.
2626 5267 2824 5319 Accedit
2855 5266 2984 5341 nuc,
3003 5270 3131 5334 quod
3167 5266 3332 5321 notavi

1741 5327 1800 5402 ad
1974 5334 2243 5402 ιιικιρωιον
2274 5326 2541 5402 (stemma
2574 5333 2639 5402 ,οι
2656 5329 2917 5402 seruolum
2944 5332 3334 5402 οοιιςυωειρικι

1742 5388 1983 5456 Cyl-illuni
1996 5385 2473 5456 met‘osoly'mitanum
2505 5385 2773 5456 catedicsi
2785 5385 3208 5456 'tnystagogia___5,
3233 5385 3333 5456 :cui

1742 5449 1872 5522 nime
1892 5450 2042 5522 addas
2062 5449 2326 5522 [eliminat
2349 5451 2706 5522 cognominem
2724 5449 3100 5522 alexandrinum
3117 5449 3205 5503 lib.
3226 5454 3334 5522 9_et

1745 5511 1806 5565 10
1819 5512 2198 5575 deAAdoratione
2238 5510 2284 5563 in
2320 5510 2490 5575 spiritu
2524 5521 2579 5564 et
2600 5514 2945 5575 veritate,_nbi
2979 5516 3128 5565 etiam
3150 5516 3333 5564 nomini

1742 5573 1991 5638 seraphitn
2013 5577 2095 5625 dat
2116 5573 2570 5638 interpretationem
2590 5576 2799 5638 nominis
2817 5573 3095 5633 Cherublm,
3116 5589 3227 5625 eum
3248 5590 3335 5627 re-

1743 5633 1873 5687 otius
1892 5633 2338 5699 interpretetnr'ad
2375 5633 2516 5699 Isaia
2533 5644 2680 5699 caput
2698 5637 2749 5695 ὅ,
2774 5640 2826 5686 et
2849 5637 2908 5688 ad
2938 5641 3132 5689 Joannis
3155 5638 3236 5698 12,
3255 5640 3333 5696 Η,

1744 5703 1847 5761 tum
1873 5696 2172 5761 narrationes
2188 5698 2566 5761 deginventione
2592 5696 2649 5747 's.
2688 5699 2863 5759 uncis,
2895 5699 3023 5761 apud
3057 5696 3337 5749 metsérum

1750 5771 1798 5807 e.
1826 5759 1965 5818 1697,
1991 5760 2130 5823 1706,
2155 5759 2295 5823 1707,
2324 5760 2459 5820 1714,
2484 5765 2585 5808 tum
2619 5759 3165 5812 Anastasium’sinaitam
3196 5763 3252 5812 12
3290 5766 3337 5812 in
