3720 6276
91 339 207 396 διο

69 454 248 524 ἡμεῖς
268 451 371 523 οὐχ
396 451 797 523 ὑπερϐαίνομεν
833 453 956 517 τοὺς
985 453 1162 525 ὅρους.
1186 453 1298 525 Οὐχ
1328 451 1569 524 ὑπερέὸη
1597 450 1668 504 τά

68 550 391 621 Χερουϐὶμ,
420 550 557 603 ἀλλά
587 548 726 620 μετὰ
760 550 942 620 πάσης
973 549 1257 613 εὐλαϐείας
1291 549 1383 603 τὸν
1420 548 1671 619 οὐράνιον

69 648 293 700 ἐκεῖνον
324 645 492 717 ὕμνον
520 646 825 717 άναμέλπει
848 667 861 679 -
888 647 1102 717 Ἄγιος,
1125 646 1310 715 ἅγιος,
1333 645 1522 715 ἅγιος,
1552 643 1671 699 Κύ-

60 760 212 810 ριος
235 741 393 815 [ιίὅ]
427 743 693 807 Σαϐαὼθ,
720 743 959 811 πλήρης
989 742 1159 799 πᾶσα
1182 744 1221 811 ἡ
1246 740 1320 813 γῆ
1349 737 1460 811 τῆς
1488 742 1673 808 δόξης

72 840 299 894 αὐτοῦ.
346 840 422 893 Οὐ
453 838 694 894 δυσωπεῖ
732 856 792 892 σε
833 839 1045 905 Παῦλος
1083 840 1180 893 καὶ
1221 840 1483 908 Μωῦσῆς,
1514 839 1673 904 δόξαν

74 940 160 1008 μῆ
201 938 664 1010 ὑπερδαίνοντες;
699 940 1020 1005 Δυσωπήσει
1062 954 1121 991 σε
1165 940 1193 991 6
1234 937 1481 1008 οὐρανὸς,
1514 936 1672 1003 δόξαν

72 1034 471 1102 ἀπαγγέλλων.
508 1034 649 1087 Ἀλλ’
676 1035 738 1086 ού
766 1033 941 1086 πείθει
973 1051 1031 1086 σε
1060 1034 1089 1085 6
1115 1034 1341 1103 ούρανός
1365 1049 1379 1097 ;
1412 1033 1673 1101 Δυσωπήο

76 1147 276 1184 σουσιν
309 1132 548 1200 ἄγγελοι.
598 1130 736 1183 Ἀλλ’
778 1130 1023 1198 ἀγγέλων
1070 1133 1464 1199 καταφρονεῖςς
1496 1128 1671 1200 Φοϐή-

74 1238 212 1307 θητι
252 1238 321 1291 τά
360 1239 658 1308 Χερουϐίμ.
698 1238 856 1290 Ἀλλὰ
905 1238 1195 1291 καὶταῦτα
1230 1238 1576 1308 ύπερϐαίνεις
1604 1240 1671 1308 τῇ

74 1338 296 1410 τόλμης
323 1340 711 1410 Σωφρονιξέτω
733 1356 791 1391 σε
813 1338 879 1391 τὰ
906 1338 1174 1410 Σεραφίμ.
1205 1339 1342 1392 Ἀλλ’
1363 1338 1485 1391 οὔτε
1515 1341 1675 1410 ὑπερ-

78 1439 354 1508 κοσμίοις,
387 1436 510 1493 οὔτε
540 1438 931 1509 ὑποδείγμασιν
960 1440 1221 1507 ἐπιγείοις
1251 1440 1445 1513 πείθῃς
1490 1440 1675 1503 Ἐκτὸς

77 1537 249 1606 γενοῦ
286 1538 395 1590 τῶν
431 1538 588 1609 ἱερῶν
621 1537 817 1609 χορῶν,
856 1537 1097 1610 ἐξόρισον
1130 1540 1353 1592 σεαυτὸν
1379 1540 1486 1594 τῶν
1517 1540 1674 1595 θείων

77 1639 288 1693 αύλῶν.
313 1640 388 1691 υύ
409 1639 536 1710 δύνῃ
560 1640 667 1710 γὰρ
691 1638 821 1691 Θεὸν
850 1640 1344 1711 πολυπραγμονεῖν,
1368 1643 1462 1694 καὶ
1486 1642 1542 1693 ἐν
1562 1644 1673 1704 τοῖς

80 1741 301 1801 πιστοῖς
339 1739 704 1809 ἀριθμεῖσθαι.
757 1739 866 1792 Καὶ
911 1738 963 1791 τί
1004 1738 1147 1808 λέγω
1183 1741 1310 1810 περὶ
1347 1740 1517 1806 Θεοῦ;
1560 1741 1675 1793 Οὐκ

78 1834 259 1904 οἶδας,
288 1841 371 1893 ὅτι
401 1841 628 1911 φοὸερὸν
667 1840 727 1894 τὸ
774 1829 1118 1912 κατατολμᾷν
1154 1842 1247 1895 καὶ
1279 1843 1504 1912 ὲρευνᾷν
1539 1840 1672 1895 Θεοῦ

79 1939 291 2009 φύσιν;
322 1939 456 1994 Ούδὲ
497 1941 635 1995 αὐτὰ
669 1941 737 1996 τά
767 1941 904 2013 ἔργα
931 1941 1025 1995 τοῦ
1056 1940 1190 1994 Θεοῦ
1223 1939 1289 1995 ἂν
1321 1940 1479 2012 θέλῃς
1509 1942 1672 1997 πολυ-

79 2046 498 2115 πραγμονῆσαι,
541 2044 689 2110 ἄξιόν
728 2061 789 2097 σε
837 2047 866 2099 6
903 2044 1035 2107 Θεὸς
1073 2047 1289 2116 ήγεῖται
1332 2046 1430 2115 τῆς
1476 2045 1670 2098 ἐαυτοῦ

76 2141 440 2213 οἰκειότητος,
462 2142 576 2197 ἀλλ’
603 2144 858 2197 ἐκϐάλλει
892 2146 1131 2215 μακρὰν.
1160 2144 1235 2208 ὡς
1258 2144 1365 2198 τῶν
1400 2146 1673 2199 ἀδυνάτων

78 2242 538 2314 κατατολμῶντα.
585 2246 829 2315 Μωῦσῆς
871 2247 899 2299 6
946 2246 1188 2309 τοιοῦτος
1236 2247 1329 2299 καὶ
1360 2247 1675 2319 τηλικοῦτος

88 2339 260 2412 ἀνὴρ,
279 2340 309 2393 6
328 2338 436 2392 τῶν
460 2339 728 2394 τοσούτων
750 2341 1038 2412 θαυμάτων
1066 2342 1323 2413 ἐργάτης,
1339 2345 1367 2397 6
1390 2346 1675 2415 γενόμενος

94 2441 331 2511 μεσίτης
364 2440 496 2494 Θεοῦ
528 2442 622 2494 καὶ
642 2440 963 2513 ἀνθρώπων,
998 2436 1042 2511 ᾧ
1074 2442 1295 2515 διῃρέθη
1328 2442 1588 2507 θάλασσα,
1617 2444 1676 2507 ὃς

81 2545 150 2598 τὸ
185 2546 365 2616 μάννα
396 2546 453 2613 ἐξ
487 2545 733 2618 οὐρανῶν
760 2548 1067 2619 ἐπήγαγενο
1102 2542 1276 2613 οὗτος,
1313 2550 1377 2604 ἶν’
1404 2552 1462 2604 ἓν
1484 2568 1539 2604 τι
1566 2550 1675 2604 τῶν

56 2641 196 2697 ὑπὸ
245 2642 380 2696 Θεοῦ
420 2644 817 2698 κελευσθέντων
850 2645 1125 2716 τολμήσας
1161 2646 1484 2721 ἀνθρωπίνῳ
1526 2649 1675 2718 λογι-

85 2743 215 2816 σμῷ
240 2744 530 2816 μετρῆσαι,
550 2746 642 2799 καὶ
676 2746 752 2817 μὴ
773 2749 837 2818 τῇ
866 2747 984 2819 θείᾳ
1007 2747 1233 2819 δυνάμει
1255 2753 1672 2824 παραχωρῆσαι,
1734 2802 1739 2805 .

82 2845 465 2916 ἀπαραίτητον
506 2846 663 2917 ἔσχεν
700 2848 798 2920 τὴν
836 2849 1013 2921 δίκην.
1047 2849 1134 2914 Ὠς
1174 2851 1283 2922 γάρ
1315 2851 1545 2921 ἔφθασεν
1582 2855 1675 2907 ἐπὶ

80 2947 189 3019 τὴν
216 2947 443 3019 πέτραν,
467 2948 611 3017 λέγει
635 2950 768 3022 πρὸς
804 2950 894 3005 τὸν
926 2951 1083 3005 λαόν·
1119 2947 1187 3004 Ὦ
1227 2951 1377 3018 λαὸς
1409 2952 1675 3020 σκληρὸς

84 3048 191 3103 καὶ
215 3049 489 3118 ἀπειθὴς,
512 3051 595 3120 μὴ
623 3051 691 3105 ἐκ
718 3049 829 3120 τῆς
854 3051 1074 3120 πέτρας
1095 3054 1318 3121 ταύτης
1337 3053 1674 3123 δυνήσομαι

86 3150 240 3220 ὑμῖν
295 3150 509 3206 δοῦναι
561 3152 753 3221 ὕδωρ;
801 3155 910 3208 Καὶ
962 3154 1015 3207 τί
1063 3153 1199 3224 πρὸς
1241 3152 1400 3207 αὑτὸν
1443 3156 1471 3208 6
1512 3154 1671 3222 666;;

98 3254 254 3309 ’Aro’
285 3250 374 3308 ὦν
408 3257 519 3309 οὐκ
545 3255 845 3323 ἐδόξασάς
871 3273 948 3326 με
978 3258 1232 3310 ἐνώπιον
1260 3255 1368 3325 τῆς
1401 3272 1673 3328 συναγω-

83 3356 240 3427 γῆς,
287 3359 398 3412 οὐκ
457 3360 780 3427 εὶσελεύσῃ
835 3364 924 3426 είς
954 3359 1066 3428 τὴν
1118 3359 1273 3430 γῆν,
1332 3360 1405 3429 ἢν
1448 3362 1673 3431 ὤμοσα,

100 3467 372 3523 Ἐνταῦθά
411 3486 501 3539 μοι
535 3470 767 3540 πρόσεχε
811 3470 902 3523 τὸν
931 3468 1055 3523 νοῦν
1097 3470 1369 3542 ἀκριϐῶςο
1419 3472 1561 3527 Ἆγίν
1590 3466 1677 3525 ὧν

87 3575 209 3629 οὐκ
236 3573 536 3640 ἐδόξασάς
568 3593 666 3644 με.
698 3576 763 3627 Τί
784 3576 891 3647 γάρ
915 3570 982 3645 ῆν
1004 3575 1064 3628 τὸ
1089 3575 1339 3643 δοξάσαις
1366 3576 1437 3630 Τὸ
1467 3578 1640 3632 εἰπεῖν
1659 3595 1672 3608 ·

88 3676 289 3731 Πάντα
314 3675 537 3730 δύναται
574 3678 602 3729 6
628 3676 782 3740 Θεός.
813 3678 1083 3748 Ἀμαρτία
1121 3676 1227 3747 γάρ
1261 3677 1407 3731 ἐστιν
1430 3680 1510 3741 είς
1543 3679 1675 3733 Θεὸν

86 3776 156 3832 τὸ
182 3776 464 3848 λογισμοῖς
491 3775 763 3843 ἐξετάζειν
797 3778 864 3830 τά
911 3778 1040 3845 παρ’
1075 3775 1240 3829 αὐτοῦ
1266 3778 1545 3848 γινόμενα,
1584 3782 1677 3835 καὶ

90 3882 174 3953 μὴ
217 3884 285 3952 τῇ
338 3880 459 3951 θείᾳ
503 3880 730 3951 δυνάμει
785 3882 1166 3952 παραχωρεῖν,
1199 3881 1340 3951 ὑπὲρ
1393 3884 1569 3938 πάντα
1608 3885 1676 3938 τά

87 3982 294 4053 ἑαυτῆς
330 3978 697 4054 ἐργαζομένη.
739 3980 1111 4048 Ἀπολογεῖται
1144 3979 1307 4034 Δαυῖδ
1339 3962 1481 4051 ὑπὲρ
1515 3985 1677 4039 Μωῦ-

88 4081 235 4145 σέως
258 4080 574 4151 σφαλέντος,
615 4080 677 4133 ού
707 4080 936 4152 διανοίᾳ,
974 4081 1112 4134 ἀλλά
1138 4079 1372 4153 γλώττῃ.
1410 4082 1533 4135 Τῶν
1564 4084 1674 4153 γὰρ

84 4179 319 4237 δικαίων
346 4181 724 4251 ἁμαρτήματα
762 4181 891 4251 περὶ
922 4182 989 4234 τά
1030 4180 1184 4251 χείλη
1202 4198 1214 4210 ·
1244 4180 1351 4235 τῶν
1378 4181 1434 4235 δὲ
1463 4182 1676 4237 ἀσεϐῶν

84 4284 164 4338 τὰ
189 4283 500 4355 ἀδικήματα
527 4284 654 4355 περὶ
682 4282 780 4354 τὴν
804 4283 1059 4339 διάνοιαν.
1078 4283 1187 4337 Καὶ
1206 4283 1394 4355 ὥσπερ
1421 4286 1448 4337 6
1471 4285 1677 4356 ἀσεϐὴς

86 4383 502 4454 άπεσχοίνισται
534 4383 632 4454 μὲν
669 4386 736 4456 τῇ
771 4382 1000 4454 διανοίᾳ,
1023 4382 1168 4437 δοκεῖ
1202 4382 1259 4436 δέ
1302 4400 1417 4445 πως
1444 4383 1675 4453 πλησιά-

88 4490 210 4559 ζειν
226 4490 305 4563 τῷ
331 4490 451 4563 Θεῷ
470 4492 599 4563 περὶ
624 4491 694 4546 τά
717 4491 866 4562 χείλη
886 4508 900 4521 ο
940 4492 995 4543 Ὀ
1031 4493 1180 4556 λαὸς
1216 4488 1323 4562 γάρ
1352 4485 1529 4557 οὗτος
1552 4490 1676 4559 τοῖς

87 4597 331 4669 χείλεσι
351 4613 428 4666 με
451 4595 608 4666 τιμᾷ,
634 4597 671 4665 ἠ
702 4595 769 4649 δὲ
799 4594 1011 4664 καρδία
1036 4594 1222 4649 αὑτοῦ
1251 4596 1446 4664 πόρρω
1466 4597 1677 4667 ἀπέχει

87 4704 195 4761 ἀπ’
232 4701 415 4772 ἐμοῦ’
468 4701 639 4766 οὕτως
690 4703 719 4754 6
760 4700 991 4770 εὐσεϐὴς
1035 4700 1352 4771 ἐρρωμένην
1391 4701 1529 4771 ἔχων
1576 4703 1674 4774 τήν

86 4807 345 4881 καρδίαν,
372 4806 661 4861 ὀλισθαίνει
698 4806 957 4870 πολλάκις
988 4807 1116 4877 περὶ
1145 4805 1244 4876 τὴν
1275 4806 1544 4875 γλῶσσαν.
1576 4808 1674 4861 Διά

86 4909 255 4965 τοῦτο
279 4911 308 4964 ὁ
330 4908 495 4966 Δαυῒδ
520 4909 866 4977 ἀπολογεῖται
896 4908 1035 4979 ὑπὲρ
1056 4909 1191 4962 Μωῦ
1202 4907 1356 4971 σέως,
1393 4910 1673 4981 προφήτης

89 5018 237 5089 ὑπὲρ
261 5018 539 5087 προφήτου
555 5032 569 5046 ’
598 5016 708 5070 Καὶ
731 5013 1113 5084 παρώργισαν
1143 5013 1328 5068 αὐτὸν
1347 5014 1439 5083 ἐφ’
1457 5014 1675 5083 ὓδατος

84 5124 462 5192 ἀντιλογίας,
495 5120 594 5175 καί
622 5119 892 5188 ἐκακώθη
926 5118 1189 5189 Μωυσῆς
1216 5119 1291 5174 δι’
1321 5122 1544 5188 αὐτούς
1566 5138 1581 5150 °
1609 5124 1672 5177 ού

83 5230 159 5284 δι’
184 5226 396 5285 ἑαυτόν.
430 5227 497 5279 Τί
522 5226 579 5279 δέ
603 5226 720 5279 ἐστι
760 5225 839 5287 t6,
874 5225 954 5278 Δι’
992 5226 1212 5292 αὐτούς
1232 5243 1250 5290 ;
1283 5226 1357 5279 Οὐ
1397 5229 1548 5299 παρὰ
1573 5229 1673 5300 τὴν

90 5333 235 5388 ίδίαν
274 5331 501 5403 γνώμην
531 5330 631 5403 τὴν
676 5329 934 5385 ἀπιστίαν
976 5327 1174 5396 ἔδειξεν
1197 5372 1212 5396 ,
1251 5330 1390 5385 ἀλλά
1420 5330 1674 5399 θολωθεὶς

86 5440 202 5497 ὑπὸ
234 5441 333 5511 τῆς
371 5436 682 5505 ἀντιλογίας
709 5436 804 5490 τοῦ
843 5434 973 5489 λαοῦ
995 5477 1010 5501 ,
1042 5435 1224 5490 ούκέτι
1255 5430 1379 5508 εὗρε
1414 5437 1504 5490 τὸν
1529 5437 1674 5507 λογι-

86 5546 233 5617 σμὸν
263 5542 523 5616 καθαρὸν,
573 5542 650 5607 ὡς
681 5543 739 5595 ἐν
788 5540 1067 5612 συγχύσει.
1102 5540 1287 5597 Ταῦτα
1330 5541 1567 5613 ἐλάλησα
1605 5544 1671 5597 τά

86 5651 201 5708 51:6
218 5647 313 5704 Ιτοῦ
345 5649 706 5720 ἐργαστηρίου
735 5649 832 5720 τῆς
855 5648 1067 5712 ἀδικίας
1096 5649 1533 5719 προσφερόμενα.
1562 5648 1670 5703 Ποῦ

87 5760 332 5831 ἤκουσας
365 5753 653 5826 ἀγέννητον
686 5754 775 5807 καὶ
803 5751 1097 5823 γεννητόν;
1133 5751 1234 5807 ποῦ
1259 5752 1493 5823 ήκουσας
1526 5751 1670 5807 ἐκεί-

417 5861 686 5920 Ρλτιιοι..
730 5855 848 5915 Gn.
902 5851 1051 5912 LVI.

1073 336 1141 393 IN
1179 336 1404 404 ILLUD,
1440 334 1682 403 IN.QL'A
1721 332 2155 399 POTESTATE',
2185 328 2336 387 ETC.

1728 490 1733 493 τ
1771 468 1866 513 νας
1880 450 1980 521 τῆς
1998 451 2134 504 πολυ
2142 447 2341 520 μανοῦς
2365 448 2458 502 καὶ
2480 442 2951 514 πολυφαντάστους
2968 441 3343 512 διαλέκτουςις

3242 328 3346 389 ιεο

1772 556 2123 625 Περιεγράφη
2150 554 2218 607 τὰ
2238 552 2333 606 τοῦ
2356 551 2693 622 Πνεύματος,
2712 551 2808 603 καὶ
2835 548 3161 620 ἀντεισήχθη
3190 547 3343 622 [6%]

1770 660 1838 713 τά
1863 658 1956 712 τοῦ
1981 657 2249 714 διαϐόλου.
2282 657 2345 710 Εἰ
2376 655 2549 711 ταῦτα
2575 654 2777 725 ζητεῖς,
2804 654 3013 708 Παῦλον
3036 654 3125 708 διὰ
3147 655 3199 709 τί
3228 657 3350 709 ἐπι-

1771 763 2004 837 γράψεις
2039 763 2385 831 διδάσκαλον;
2417 763 2479 815 Εἰ
2508 760 2684 815 ταῦτα
2715 761 3208 830 πολυπραγμονεῖς,
3239 762 3346 815 Πέ-

1771 886 1899 939 τρον
1927 867 1980 921 τί
2033 866 2285 938 σεμνύνει
2331 867 2506 936 ἓχεινς
2548 868 2815 937 Ἀρνησαι
2855 864 2953 937 τὴν
2992 865 3209 931 πίστιν,
3252 870 3349 921 καὶ

1771 976 2104 1046 προσένεγκε
2137 976 2384 1046 ζήτησιν.
2431 974 2570 1027 Ἀλλ’
2599 973 2699 1027 οὐκ
2740 974 3030 1046 ἀναχωρῶ,
3060 976 3213 1044 φησὶ,
3248 975 3347 1045 τῆς

1774 1079 2027 1149 Γραφῆς,
2086 1079 2159 1151 μὴ
2189 1080 2417 1147 γένοιτο.
2469 1079 2690 1151 Ἐχθρὸς
2730 1081 2824 1133 καὶ
2967 1079 3213 1151 μαθητὴς
3256 1083 3350 1133 καὶ

1771 1182 2047 1254 λογισμῶν
2074 1184 2368 1255 είσηγητής
2389 1202 2403 1250 ;
2427 1183 2797 1254 Ἐρμήνευσόν
2830 1202 2920 1253 μοι
2957 1184 3201 1255 λογισμῷ
3230 1185 3349 1238 δου-

1771 1288 1987 1351 λεύσας,
2025 1288 2141 1351 πῶς
2172 1291 2200 1341 ὀ
2241 1289 2431 1359 Σωτὴρ
2459 1288 2854 1358 κεκλεισμένων
2878 1288 2985 1341 τῶν
3020 1289 3197 1360 θυρῶν
3234 1291 3349 1342 είσ-

1773 1398 1935 1467 ῆλθε;
1969 1398 2064 1461 Τίς
2088 1397 2247 1468 χρεία
2276 1399 2403 1469 περὶ
2431 1397 2497 1451 τὰ
2527 1396 2660 1452 ἄλλα
2680 1398 3054 1468 ἀσχολεῖσθαι;
3090 1399 3349 1463 πολλάκις

1774 1503 1881 1574 γάρ
1904 1503 2103 1575 ζημίαν
2138 1504 2229 1556 καὶ
2253 1505 2363 1566 τοῖς
2391 1503 2606 1572 λέγουσι
2627 1505 2717 1557 καὶ
2748 1507 2856 1567 τοῖς
2884 1504 3135 1558 ἁκούουσιν
3170 1504 3347 1577 φέρει.

1775 1610 1847 1662 Ού
1871 1609 2031 1678 λέγω·
2059 1609 2190 1679 Περὶ
2215 1609 2311 1679 τῆς
2341 1609 2572 1680 ἀοράτου
2600 1609 2812 1678 φύσεως
2836 1611 3197 1683 ἐρμήνευσονο
3230 1612 3349 1677 πῶς

1775 1717 2063 1787 ἐγέννησεν
2089 1718 2116 1770 6
2143 1716 2329 1787 Πατὴρ
2346 1754 2361 1780 ,
2400 1717 2484 1779 τίς
2511 1719 2540 1770 6
2575 1717 2675 1786 τῆς
2702 1717 2851 1780 θείας
2892 1694 3197 1789 γεννήσεως
3224 1721 3348 1791 τρό-

1776 1839 1875 1885 πος
1895 1838 1908 1853 ο
1936 1820 1998 1874 τὸ
2024 1822 2125 1891 τῆς
2154 1822 2466 1892 οἰκονομίας
2496 1824 2732 1877 ἀπαιτῶ.

1845 1979 1905 2026 ε’.
1939 1971 2096 2036 Εἰπὲ,
2120 1971 2235 2036 πῶς
2264 1972 2443 2041 θυρῶν
2473 1971 2872 2042 κεκλεισμένων
2906 1970 3150 2043 εἰσῆλθεν
3176 1975 3204 2026 6
3234 1973 3346 2025 Σω-

1772 2078 1895 2150 τὴρ.
1926 2079 2041 2143 πῶς
2069 2078 2285 2149 εἰσῆλθε
2314 2078 2373 2132 τὸ
2417 2077 2597 2150 σῶμα.
2648 2078 2711 2131 Ἠ
2760 2077 2854 2132 τοῦ
2891 2078 3138 2150 σώματος
3184 2078 3345 2150 φύσις

1773 2186 2017 2256 ἀρνεῖται
2148 2182 2218 2236 τά
2250 2183 2571 2251 Εὐαγγέλια.
2628 2183 2751 2237 Ἐἀν
2787 2186 2854 2254 τῇ
2895 2184 3073 2238 πίστει
3121 2184 3346 2238 ἀκολου-

1775 2292 1945 2363 θήσω,
1975 2293 2213 2367 ἀψευδὴς
2256 2292 2288 2361 ἡ
2330 2292 2577 2361 ἀλήθεια.
2609 2293 2735 2357 Πῶς
2775 2291 2989 2363 εἰσῆλθε
3028 2292 3346 2363 κεκλεισμέ-

1774 2412 1880 2448 νων
1911 2397 2019 2451 τῶν
2056 2398 2271 2469 θυρῶν;
2316 2397 2389 2452 Ού
2430 2398 2537 2468 γὰρ
2573 2392 2642 2467 ἦν
2687 2397 2721 2466 ή
2762 2394 3049 2466 ἀσώματος
3090 2394 3268 2465 φύσις,
3296 2386 3345 2466 ’ἡ

1746 2503 1991 2557 πάντων
2037 2504 2105 2557 τά
2152 2503 2379 2576 σώματα
2435 2504 2736 2574 τέμνουσαο
2790 2502 2902 2556 ἀλλ’
2940 2497 3007 2573 ἦν
3067 2503 3203 2573 μετά
3250 2502 3347 2573 τῆς

1774 2609 2065 2679 ἀσωμάτου
2114 2608 2175 2663 τὸ
2222 2608 2419 2682 σῶμα’
2455 2609 2547 2664 καὶ
2593 2607 2750 2661 τοῦτο
2799 2600 2867 2679 ῆν
2904 2608 3001 2679 τῆς
3055 2607 3347 2677 ἀσωμάτου

1776 2714 1988 2783 φύσεως
2018 2716 2268 2788 ὄργανον.
2294 2715 2463 2770 Τοῦτο
2488 2716 2596 2786 γάρ
2620 2712 2733 2786 εἶχε
2765 2714 2826 2768 τὸ
2852 2715 3010 2786 σῶμα
3047 2715 3104 2769 τὸ
3140 2713 3349 2785 ανθρώ-

1776 2841 1928 2878 πινον
1955 2826 1983 2877 6
2011 2824 2220 2897 Σωτήρ.
2255 2824 2469 2896 ’Δμέλει
2499 2823 2630 2893 γοῦν
2654 2824 2705 2876 οί
2735 2824 2832 2893 μὲν
2862 2821 3100 2894 μαθηταὶ
3132 2821 3266 2893 πρὸς
3288 2821 3350 2874 τὸ

1777 2928 1927 2992 ξένον
1975 2928 2070 2982 τοῦ
2114 2927 2393 2999 θαύμαπος
2443 2928 2876 2993 ἀποϐλέποντες,
2922 2927 3175 2998 ἐνόμισαν
3220 2924 3348 2997 [ὅτι]

1776 3034 1993 3105 πνεῦμά
2025 3036 2172 3088 ἐστιν
2190 3051 2202 3063 ·
2230 3034 2416 3105 ἐπειδὴ
2444 3035 2542 3105 τὴν
2562 3034 2655 3087 τοῦ
2678 3032 2924 3104 σώματος
2936 3032 3096 3102 φύσιν
3121 3031 3270 3086 ἐνίκα
3287 3032 3351 3085 τὸ

1776 3140 2152 3210 προκείμενον.
2194 3139 2252 3193 ’0
2277 3139 2335 3161 "‘
2371 3156 2480 3210 μει,
2517 3137 2663 3206 λέγει
2696 3137 2832 3207 πρὸς
2869 3136 3347 3207 ἀμφιϐάλλονταςο

1784 3243 2187 3311 Ψηλαφήσατέ
2213 3260 2309 3312 με,
2341 3243 2438 3297 καὶ
2456 3240 2738 3307 βλέπετε,
2775 3242 2863 3296 ὅτι
2892 3240 3125 3310 πνεῦμα
3155 3240 3351 3309 σάρκα

1777 3350 1873 3403 καὶ
1901 3349 2082 3403 ὀστέα
2121 3352 2232 3403 οὐκ
2262 3350 2407 3420 ἔχει,
2448 3347 2641 3415 καθὼς
2672 3347 2777 3418 ἐμὲ
2823 3345 3084 3415 θεωρεῖτε
3109 3345 3346 3415 ἔχοντα.

1779 3453 1903 3517 Πῶς
1932 3453 2210 3525 είσῆλθεν;
2253 3450 2361 3526 ἆρα
2387 3454 2444 3523 αί
2491 3436 2697 3515 σανίδες
2726 3452 2882 3524 δίκην
2916 3450 3075 3522 ἀέρος
3101 3449 3348 3515 διεὶύθη-

1780 3576 1914 3621 σαν;
1943 3560 2058 3612 ἀλλ’
2088 3554 2198 3631 ἀρα
2221 3558 2283 3612 τὸ
2309 3557 2466 3629 σῶμα
2498 3556 2818 3628 ὲλεπτύνθη,
2847 3556 2942 3610 καὶ
2973 3556 3143 3619 οὕτως
3166 3555 3349 3626 διῆλθε

1776 3670 1878 3742 τὴν
1907 3668 1998 3723 τοῦ
2028 3668 2186 3736 ξύλου
2226 3669 2545 3739 παχύτητα;
2580 3666 2720 3720 Ἀλλ’
2741 3666 2864 3721 ούτε
2901 3668 2966 3721 αὖ
2996 3665 3128 3737 δύνῃ
3153 3668 3347 3727 εἰπεῖν,

1776 3775 1900 3829 οῦτε
1932 3775 2043 3844 ἐγὼ
2069 3775 2403 3847 ἑρμηνεῦσαι
2428 3774 2625 3845 ἰσχύωο
2661 3774 2815 3827 ούδὲν
2852 3790 2942 3844 μοι
2975 3774 3183 3827 τούτων
3212 3791 3351 3844 παρο

1777 3888 1977 3941 έδωκεν
2014 3888 2048 3958 ή
2088 3887 2277 3959 Γραφή
2302 3902 2316 3916 ο
2358 3887 2421 3940 ού
2458 3884 2930 3956 πολυπραγμονῶο
2969 3879 3052 3949 οἷς
3084 3882 3351 3955 ἐκήρυξεν

1776 3994 2073 4057 ἀκολουθῶ,
2109 3995 2214 4048 κᾶν
2256 3993 2329 4064 μὴ
2351 3993 2509 4047 θέλω.
2536 3994 2658 4045 ’Ὁτι
2686 3991 2901 4062 εἰσῆλθε
2928 3990 3185 4050 πιστεύω,
3209 3988 3270 4043 τὸ
3291 3990 3350 4043 δὲ

1778 4100 1895 4164 πῶς
1941 4100 2002 4152 οὐ
2053 4099 2515 4171 πολυπραγμονῶ.
2551 4099 2642 4171 Μὴ
2677 4099 2906 4168 νομίσῃς
3025 4095 3133 4149 τῶν
3170 4097 3348 4167 θυρῶν

1778 4204 2045 4275 εἰσῆλθεν.
2069 4204 2183 4258 Οὐκ
2216 4200 2387 4267 εἶπεν,
2416 4202 2804 4275 ’Λραιωθείσης
2826 4201 2859 4259 ἦ
2881 4199 3224 4271 διαλυθείσης
3250 4200 3349 4271 τῆς

1777 4312 1948 4383 θύρας
1987 4310 2261 4383 εἰσῆλθεν,
2302 4310 2473 4376 ἀλλὰ,
2516 4310 2985 4379 Κεκλεισμένων.
3021 4308 3095 4363 Τὸ
3127 4309 3349 4378 γεγονὸς

1776 4416 2039 4488 ἐκήρυξε·
2081 4416 2163 4479 τίς
2214 4418 2242 4469 6
2288 4416 2485 4487 τρόπος
2521 4414 2616 4468 τοῦ
2662 4413 2941 4483 γεγονότπ
2990 4414 3091 4467 ούκ
3130 4414 3345 4481 ἔδειξεν.

1790 4522 2012 4592 Ἐξῆλθε
2039 4522 2240 4593 Πέτρος
2269 4521 2377 4575 ἀπὸ
2403 4519 2650 4592 φυλακῆς
2668 4535 2682 4550 ο
2706 4518 2819 4573 ἀλλ’
2847 4517 3171 4589 ἠνοίχθησαν
3201 4520 3349 4588 αύτῷ

1776 4630 1832 4682 αἱ
1854 4628 2039 4692 πύλαι,
2073 4629 2167 4682 καί
2196 4628 2229 4699 ἡ
2254 4626 2445 4699 Γραφὴ
2488 4626 2870 4694 ἐπεσημήνατο
2901 4623 3154 4691 λέγουσα,
3175 4622 3259 4675 ὅτι
3289 4623 3351 4678 Ἠ

1776 4732 1995 4802 σιδηρᾶ
2023 4733 2186 4799 πύλη
2215 4730 2512 4800 αὐτομάτη
2538 4729 2749 4798 ἠνοίγη
2786 4727 3017 4791 αὐτοῖς·
3044 4728 3144 4780 οὐκ
3173 4724 3344 4791 εἶπεν,

1774 4840 2064 4911 Αύτομάτη
2100 4839 2315 4902 ἐδέξατο
2350 4837 2556 4907 Πέτρον
2597 4835 2973 4906 διερχόμενον·
3011 4831 3348 4905 ἀνθρώπινον

1775 4943 1882 5015 γάρ
1913 4940 1979 5015 ἦν
2005 4943 2064 4996 τὸ
2094 4943 2271 5013 σῶμα,
2311 4943 2404 4996 καὶ⁵
2432 4941 2490 5007 ἐξ
2530 4939 2866 5012 ἀνθρωπίνου
2902 4937 3238 5009 φυράματος.
3273 4935 3347 4989 Τὸ

1772 5050 1829 5102 δὲ
1866 5048 1958 5101 τοῦ
1989 5046 2223 5120 Χριστοῦ
2248 5045 2586 5117 ἀνθρώπινον
2627 5044 2746 5115 μὲν,
2775 5043 2862 5097 διά
2901 5042 2999 5109 τὴν
3032 5042 3164 5114 πρὸς
3199 5042 3347 5113 ἡμᾶς

1775 5144 2094 5224 συγγένειαν
2113 5170 2128 5186 ο
2162 5153 2304 5207 θεῖον
2328 5153 2385 5207 δέ
2405 5151 2495 5206 διά
2521 5167 2580 5204 τε
2614 5150 2712 5223 τὴν
2738 5150 2875 5222 πρὸς
2903 5152 2995 5205 τὸν
3021 5149 3153 5205 Θεὸν
3175 5151 3347 5219 Λόγον

1773 5262 1986 5328 ἕνωσιν,
2022 5262 2116 5316 καὶ
2140 5260 2230 5315 διά
2256 5260 2353 5331 τὴν
2388 5259 2546 5329 ξένην
2580 5258 2745 5313 ὠδῖνα
2766 5257 2865 5327 τῆς
2904 5255 3195 5328 παρθένου.
3222 5255 3342 5319 Πῶς

1773 5369 1990 5441 εἰσῆλθε
2035 5367 2433 5438 κεκλεισμένων
2461 5365 2569 5418 τῶν
2613 5363 2828 5433 θυρῶν;
2867 5362 2985 5426 πῶς
3015 5360 3208 5430 ἀνῆλθε
3246 5376 3342 5414 κε-

1772 5474 2105 5546 κλεισμένων
2134 5474 2240 5527 τῶν
2268 5470 2546 5544 ούρανῶν;
2572 5470 2635 5521 Ὢ
2663 5468 2761 5540 τῆς
2790 5465 3019 5529 ἀτοπίας
3037 5463 3143 5518 τῶν
3166 5462 3339 5516 ταῦτα

1836 5704 1861 5733 ⁸
1907 5701 1989 5750 Sic
2019 5698 2104 5749 Ms.
2142 5710 2417 5760 perperam.
2451 5694 2739 5760 Legengum
2781 5691 2923 5753 forte,
2946 5690 3029 5746 τὰς
3059 5689 3345 5754 πολυμανεῖς

1771 5766 1851 5817 καὶ
1872 5756 2282 5826 πολυφαντάστους
2306 5756 2591 5813 διαλέκτους.
2617 5756 2849 5807 Cornua.

2926 5841 3006 5903 26
