3704 6274
38 346 126 404 ιρι
1022 325 1089 381 ΙΝ
1126 321 1352 386 ILLUD,
1391 318 1457 376 IN
1495 316 1633 386 QUA
1674 310 2097 379 POTESTATE,
2140 305 2290 366 ETC.

34 457 311 515 dentium!
340 469 375 510 o
412 453 665 523 pietatem
689 452 878 502 cuncta
920 436 1292 497 credentium!
1341 430 1445 489 Sed
1489 425 1615 499 quid

37 552 107 608 ait
124 544 514 604 adversarius?
544 541 660 597 Non
686 535 984 593 invenimus
1010 530 1169 585 ﬁdem
1196 526 1392 595 ubique
1418 528 1618 582 tutam;

41 640 345 712 reperimus
369 652 489 692 eam
518 633 807 701 collapsam
832 646 847 683 :
876 641 983 682 non
1006 628 1217 693 oportet
1239 619 1353 673 sine
1378 612 1622 669 examine

38 709 283 797 credere,
301 727 399 785 sed
419 741 540 783 cum
560 721 802 794 diligenti
829 715 1230 789 perquisitione.
1259 709 1419 764 Multa
1452 716 1617 775 porro

40 835 262 879 externa
302 821 372 876 iis
394 823 739 873 concurrunt.
771 812 910 869 Sunt
952 808 1095 864 enim
1132 803 1310 859 afﬁnia
1342 796 1623 855 haeretico-

41 933 155 973 rum
189 923 248 969 et
268 912 547 984 gentilium
578 921 733 963 sensa
761 922 773 959 :
805 904 894 958 illa
924 900 1226 957 daemonum
1250 895 1485 954 inventa,
1508 887 1625 941 hmo

40 982 351 1063 dasmonum
380 1001 618 1059 doctrina
647 1007 789 1053 sunt.
824 996 1016 1051 Dicunt
1037 1005 1165 1061 ergo
1197 986 1410 1058 quidam
1432 982 1623 1038 adver-

40 1103 312 1158 sariorum
340 1095 481 1161 lidei,
517 1091 735 1148 noxium
770 1090 825 1145 in
855 1088 945 1142 illa
971 1099 1092 1141 esse
1132 1082 1184 1136 id
1223 1078 1364 1150 quod
1406 1073 1625 1131 ratiocio

43 1194 143 1248 niis
182 1206 299 1245 non
325 1186 639 1255 subjiciatur
668 1200 685 1236 :
714 1189 769 1238 et
790 1179 895 1234 nisi
919 1177 1041 1232 ﬁdei
1070 1174 1387 1242 adjungatur
1408 1164 1627 1223 rationis

43 1297 299 1342 examen.
330 1278 532 1333 nullum
559 1272 798 1330 credenti
830 1270 1032 1324 lucrum
1072 1263 1284 1318 aﬁ‘erre.
1311 1258 1459 1317 Unde
1486 1256 1627 1329 enim

42 1375 141 1439 vis,
170 1371 371 1440 inquit,
416 1378 658 1422 naturam
701 1361 825 1417 ﬁdei
864 1354 1208 1414 examinare?
1238 1352 1409 1417 visne,
1436 1346 1627 1416 inquit,

46 1481 73 1519 a
103 1462 394 1534 principio,
425 1458 492 1513 ab
522 1459 633 1528 ipsa
655 1451 840 1509 mundi
868 1445 1175 1506 creatione?
1219 1442 1430 1512 luquire
1449 1439 1515 1494 de
1540 1452 1627 1502 eo,

46 1531 207 1626 quem
244 1550 450 1607 vocatis
477 1546 883 1620 protoplastum.
923 1539 1142 1595 Invenio
1170 1536 1317 1591 illum
1341 1547 1372 1588 a
1402 1531 1506 1586 ﬁde
1541 1543 1630 1584 ce-

46 1620 571 1702 cidisse.Considera
599 1635 812 1707 maligni
842 1630 1101 1688 daemonis
1131 1628 1311 1691 verba,
1336 1624 1427 1695 qui
1450 1620 1630 1677 omnia

48 1737 205 1792 facile
233 1734 395 1789 audet
422 1729 657 1802 aggredi,
700 1725 873 1798 qualia
921 1723 1137 1787 audeat,
1168 1732 1411 1788 quaenam
1440 1716 1631 1784 loqua-

48 1839 155 1896 tur,
183 1839 435 1897 quanam
462 1819 733 1877 obtendat.
752 1818 862 1872 Vos
882 1815 1077 1878 dicitis,
1111 1811 1300 1882 inquit,
1328 1816 1633 1877 serpentem

51 1921 122 1976 illi
146 1917 386 1975 dixisse’
415 1935 429 1971 :
460 1914 783 1982 Quocumque
807 1910 888 1963 die
918 1904 1250 1967 comederitis,
1287 1900 1478 1970 inquit,
1497 1897 1634 1952 eritis

50 2011 175 2063 sicut
203 2008 277 2061 dii
302 2006 511 2061 scientes
538 2004 720 2057 bonum
748 2008 795 2053 et
819 1997 1010 2052 malum
1052 1994 1204 2067 (Gen.
1228 1994 1280 2048 5.
1299 1990 1377 2061 5).
1398 1986 1637 2044 Credidit

51 2100 317 2170 serpenti,
365 2095 506 2167 quod
547 2092 861 2150 credidisset
904 2088 1080 2160 periit.
1131 2082 1455 2150 Principium
1500 2091 1635 2157 ergo

52 2192 323 2246 malorum
349 2197 435 2244 est
454 2183 608 2241 ﬁdes.
647 2184 773 2239 Haec
797 2181 865 2236 ad
895 2196 992 2235 nos
1023 2178 1097 2232 illi
1129 2174 1371 2232 veritatis
1412 2170 1630 2234 inimici,

53 2284 157 2354 pia:
185 2280 461 2352 religionis
506 2278 708 2334 hostes.
731 2273 834 2330 Sed
866 2275 1110 2343 ignorant
1137 2266 1282 2337 impii
1302 2278 1485 2319 veram
1512 2259 1636 2354 ﬁdei

54 2353 449 2441 deﬁnitionem,
490 2370 735 2427 nesciunt
770 2366 895 2437 quid
936 2363 1208 2435 objicient.
1241 2360 1354 2414 Non
1385 2356 1527 2411 enim
1552 2353 1635 2409 di-

54 2471 251 2533 cimus,
288 2466 579 2538 quemlibet
605 2463 695 2534 qui
726 2457 974 2517 omnibus
995 2454 1196 2519 credat,
1226 2451 1385 2507 ﬁdem
1415 2447 1635 2513 habere,

56 2578 118 2617 ac
142 2561 368 2617 ﬁdelem
402 2556 710 2627 prmdicari;
762 2565 935 2622 neque
976 2563 1101 2604 eum
1126 2545 1216 2616 qui
1259 2543 1417 2598 obvio
1465 2538 1640 2595 cuivis

57 2654 251 2718 credit,
282 2667 404 2709 esse
448 2650 693 2713 ﬁdelem;
726 2645 820 2702 sed
866 2658 990 2700 eum
1014 2640 1102 2712 qui
1133 2653 1260 2694 vere
1294 2637 1405 2692 Deo
1444 2630 1635 2689 credit.

57 2746 195 2801 Num
222 2743 505 2799 ostendisti
548 2740 809 2796 Adamum
852 2733 995 2806 quod
1024 2733 1135 2788 Deo
1174 2727 1488 2786 credidisset
1513 2739 1640 2795 per-

58 2837 232 2892 iisse?
276 2834 428 2904 Quod
473 2832 685 2888 diabolo
740 2826 1060 2891 crediderit,
1112 2824 1293 2893 lapsus
1332 2828 1443 2885 est;
1499 2816 1641 2889 quod

58 2928 172 2982 Deo
216 2940 329 2981 non
374 2923 690 2983 crediderit,
741 2916 954 2975 cecidit.
999 2914 1107 2971 Cur
1150 2912 1289 2968 dicta
1339 2906 1641 2981 pervertis?

57 3018 199 3073 Audi
229 3016 517 3073 Jeremiam
542 3014 808 3069 dicentem
840 3032 853 3067 :
886 3009 1070 3064 Audite
1086 3022 1185 3071 me,
1204 3005 1288 3075 qui
1308 3003 1425 3057 odio
1453 3000 1642 3055 habetis

53 3111 331 3180 judicium,
357 3109 441 3178 qui
478 3106 646 3161 omnia
677 3113 812 3159 recta
848 3100 1124 3173 pervertitis
1145 3096 1284 3171 (Ima
1302 3094 1462 3149 Mich.
1490 3094 1543 3147 5.
1560 3090 1638 3164 9).

61 3201 225 3271 Atqui
252 3198 437 3255 dicere
464 3193 1074 3269 oportuit,_Principium
1112 3189 1372 3245 malorum
1397 3183 1645 3240 incredu-

59 3294 206 3348 litas.
236 3291 370 3346 Nam
404 3290 449 3345 si
487 3288 803 3344 credidisset
825 3285 937 3341 Deo
962 3283 1182 3347 dicenti,
1218 3279 1541 3349 Quocumque
1564 3276 1646 3329 die

61 3383 403 3447 comederitis,
426 3391 585 3435 morte
610 3377 889 3435 moriemini
916 3374 1068 3450 (Gen.
1100 3373 1156 3427 2.
1185 3372 1299 3443 Π),
1332 3386 1438 3425 non
1466 3370 1645 3438 lapsus

63 3476 276 3541 fuisset,
319 3472 413 3529 sed
461 3471 735 3527 habuisset
780 3469 963 3535 ﬁdem,
994 3466 1176 3534 ﬁdem,
1207 3464 1443 3535 inquam,
1478 3468 1643 3515 tutam

62 3570 131 3626 ad
174 3569 426 3625 salutem.
458 3566 578 3621 Noli
621 3578 870 3634 umquam
902 3561 1025 3617 ﬁdei
1068 3573 1264 3615 nomen
1310 3554 1642 3612 calumniari.

63 3662 184 3718 Non
211 3661 355 3717 enim
387 3659 474 3713 ille
495 3658 584 3728 qui
619 3656 840 3712 cuilibet
864 3653 1053 3718 credit,
1078 3650 1249 3706 ﬁdelis
1276 3659 1386 3714 est;
1418 3646 1513 3703 sed
1556 3644 1646 3715 qui

65 3755 179 3809 Deo
205 3750 395 3814 credit,
414 3750 459 3805 is
482 3747 655 3804 ﬁdelis
676 3754 758 3802 est
779 3755 833 3802 et
861 3744 1071 3801 dicitur.
1091 3741 1309 3797 Abstine
1339 3755 1369 3795 a
1394 3743 1647 3810 quaestio-

64 3845 255 3908 nibus,
283 3851 337 3897 et
362 3840 685 3910 amplectere
714 3836 892 3892 ﬁdem.
944 3834 1102 3890 Fides
1141 3832 1317 3888 omnia
1362 3829 1645 3893 illuminat,

66 3940 203 3994 ﬁdes
229 3934 409 3992 omnia
437 3931 753 3996 sanctiﬁcat,
776 3929 909 3984 ﬁdes
937 3927 1139 3997 Spiritu
1167 3931 1355 3980 sancto
1379 3923 1646 3993 dignatur.

63 4030 203 4086 Nam
234 4027 527 4095 Stephanus
550 4023 727 4094 plenus
747 4020 911 4092 gratia
940 4028 988 4073 et
1010 4015 1307 4088 fortitudine
1329 4014 1462 4087 (Act.
1490 4011 1543 4067 6.
1568 4012 1647 4082 8).

64 4121 183 4177 Nisi
228 4118 559 4190 pmluxisset
590 4114 743 4178 ﬁdes,
779 4108 1034 4167 fortitudo
1075 4109 1130 4162 in
1177 4114 1362 4161 sancto
1398 4106 1513 4159 viro
1545 4118 1649 4156 non

66 4221 296 4284 sequuta
325 4211 529 4265 fuisset.
548 4206 649 4263 Ubi
676 4204 829 4272 ﬁdes,
854 4203 963 4259 illic
982 4210 1037 4258 et
1057 4202 1226 4257 virtus
1248 4213 1341 4254 seu
1366 4196 1647 4261 fortitudo;

66 4306 161 4362 ubi
199 4301 561 4365 incredulitas,
592 4298 700 4353 illic
744 4294 1047 4351 inﬁrmitas.
1099 4290 1427 4359 Principium
1479 4289 1651 4344 bono-

68 4413 215 4461 rum,
265 4394 433 4458 ﬁdes;
477 4391 599 4447 fons
642 4390 926 4450 bonorum,
973 4385 1127 4441 ﬁdes.
1172 4384 1456 4440 Sumamus
1504 4394 1651 4436 arma

68 4488 279 4544 salutis.
322 4485 430 4540 Cur
475 4479 798 4538 dictionibus
826 4476 1016 4540 servis,
1065 4484 1120 4530 et
1158 4473 1437 4530 veritatem
1479 4471 1652 4542 fugis?

70 4596 169 4634 cur
197 4576 408 4649 profers
432 4590 515 4641 ea,
541 4588 657 4644 quae
678 4586 748 4627 ne
776 4569 1086 4641 angelorum
1111 4556 1329 4638 quidem
1358 4576 1544 4621 natura
1575 4564 1655 4619 iu-

70 4672 339 4741 vestigare
368 4665 566 4723 audet?
604 4663 741 4733 Quid
768 4662 895 4718 dico
922 4660 1231 4731 angelorum
1254 4657 1482 4713 natura?
1523 4656 1654 4725 Qua:

70 4779 141 4819 ne
165 4762 440 4818 daemones
473 4755 686 4827 quidem
715 4754 931 4810 audent.
963 4752 1077 4807 Non
1103 4750 1184 4805 vis
1212 4749 1361 4819 sequi
1402 4748 1654 4803 Petrum?

70 4870 181 4909 non
203 4853 284 4907 vis
306 4850 457 4922 sequi
485 4847 745 4905 Paulum?
782 4861 891 4901 non
925 4842 1180 4914 angelos?
1208 4857 1312 4897 non
1332 4838 1655 4896 Cherubim?

72 4961 182 5001 non
223 4940 548 5012 Seraphim?
602 4940 728 4995 Esto
760 4938 950 4993 saltem
997 4936 1299 4991 daemonum
1344 4933 1652 5003 discipulus.

72 5036 335 5093 Viderunt
355 5034 628 5090 daemones
651 5030 1008 5094 Servatorem,
1034 5037 1088 5084 et
1116 5028 1331 5083 aiebant
1359 5026 1434 5081 illi
1462 5043 1475 5079 :
1510 5025 1652 5091 Sine,

70 5129 197 5201 quid
217 5127 363 5183 nobis
391 5135 438 5180 et
464 5126 572 5192 tibi,
600 5124 706 5179 Fili
733 5122 829 5177 Dei
867 5121 1077 5191 (Matth.
1106 5121 1159 5175 8.
1201 5119 1333 5191 29)?
1377 5119 1657 5175 Daemones

73 5219 270 5275 Filium
291 5219 628 5281 conﬁtentur,
656 5223 713 5271 et
735 5221 810 5281 tu,
841 5213 1108 5277 haeretica,
1140 5211 1511 5281 blasphemas?
1548 5210 1657 5265 dae-

138 5402 155 5431 ¹
190 5401 305 5449 Post
335 5398 442 5447 haec
463 5395 632 5455 verba,
662 5392 737 5445 illi
767 5391 968 5452 dixisse,
992 5392 1250 5455 sequentia
1274 5390 1506 5455 leguntur
1528 5391 1653 5453 apud

69 5470 276 5524 Lupum,
309 5467 378 5509 De
404 5459 560 5524 trlbus
590 5453 958 5524 quastionibus,
985 5453 1081 5503 sub
1116 5453 1337 5524 initium:
1362 5454 1655 5524 Adjectoeo,

69 5512 199 5575 scire
226 5512 731 5581 Deum(nibilmi1to),
748 5516 875 5581 quod
895 5512 1272 5581 si'cmtedissent
1288 5512 1659 5581 undeprohibiti

68 5590 249 5644 metu,
272 5593 389 5653 mox
404 5575 706 5653 operireiuur'
871 5592 1052 5653 eorum,
1069 5575 1340 5653 similesque
1357 5575 1453 5626 dtis
1465 5577 1660 5653 estsine-

70 5634 201 5697 ξω.
227 5634 417 5713 Scilicet
508 5642 845 5713 numerositate
860 5711 866 5713 _
878 5640 1083 5713 deorum
1118 5634 1288 5713 saltem
1325 5651 1491 5713 eorum
1512 5634 1659 5701 ﬁdem

71 5711 424 5778 corrumperet,
448 5704 491 5754 si
513 5704 577 5753 ad
600 5702 967 5755 inobedientiam
986 5700 1151 5753 tentati
1172 5701 1296 5765 gnta:
1319 5699 1430 5751 uitio
1451 5699 1542 5750 non
1558 5712 1657 5751 crs-

73 5776 262 5818 sassent.
286 5773 496 5818 Coteter.
1258 5805 1285 5816 ..

286 5775 496 5818 Cotetcr.

3203 302 3304 359 422

1733 440 1919 481 mones
1933 424 2189 495 aequalem
2217 421 2435 485 faciunt,
2449 428 2502 476 et
2523 428 2577 475 tu
2601 418 3013 490 inaequalitatem
3039 418 3296 477 ads;ruis.

1728 516 1932 588 Ecquid
1981 516 2191 579 faciam,
2224 514 2297 568 ait
2336 513 2638 577 haereticus,
2668 526 2788 566 cum
2826 511 3081 566 Dominus
3128 510 3306 566 dicat:

1733 607 1800 663 Ut
1834 616 2140 678 cognoscant
2183 614 2230 660 te
2273 603 2439 659 solum
2479 618 2649 656 verum
2677 600 2840 656 Deum
2886 600 3063 672 (Joan.
3097 602 3185 657 l7.
3217 602 3307 671 5)?

1730 700 1912 755 Solum
1941 697 2101 763 dixit,
2132 696 2304 753 solum
2333 695 2642 765 przedicavit
2671 709 2852 749 verum
2885 693 3053 748 Deum
3079 694 3312 749 Patrem.

1732 791 2022 847 Veritatem
2050 796 2226 845 sector
2253 804 2350 860 per
2379 790 2544 844 Deum
2576 788 2959 842 annuntiatam.
2990 786 3189 842 Vocem
3221 803 3314 843 so-

1731 883 1834 938 lius
1862 883 2106 948 sectaris,
2136 891 2192 937 et
2220 882 2388 937 literae
2414 880 2620 935 servis?
2651 879 2817 935 Serva
2846 878 3103 935 terminos
3147 881 3198 935 in
3229 898 3315 935 ru-

1731 990 1851 1029 rum
1878 974 2270 1044 disquisitione.
2306 973 2440 1028 Dicit
2477 972 2618 1027 Deus
2656 986 2752 1041 per
2781 970 3094 1041 prophetam
3134 988 3150 1031 :
3204 971 3319 1043 Ego

1733 1081 1847 1119 sum
1886 1065 2100 1133 primus,
2129 1074 2174 1118 et
2202 1080 2293 1137 ego
2322 1073 2514 1133 postea,
2549 1072 2591 1117 ct
2613 1063 2743 1117 alius
2768 1072 2948 1133 praeter
2976 1077 3055 1117 me
3090 1080 3192 1118 non
3222 1075 3314 1117 est.

1733 1154 1913 1209 Justus
1960 1165 2004 1209 et
2033 1155 2255 1209 salvator
2294 1164 2477 1225 praeter
2511 1170 2591 1207 me
2631 1170 2731 1207 non
2757 1162 2850 1208 est.
2880 1152 2946 1206 Et
2975 1155 3320 1209 convertimini

1734 1245 1801 1299 ad
1826 1262 1926 1310 me,
1954 1256 2000 1299 et
2024 1245 2151 1300 salvi
2177 1246 2316 1299 eritis
2345 1244 2407 1298 ab
2437 1245 2671 1299 extremis
2702 1254 2866 1298 terrm.
2899 1243 3011 1315 Ego
3032 1262 3145 1298 sum
3179 1245 3318 1300 Deus

1734 1348 1782 1392 et
1809 1354 1911 1391 non
1931 1347 2005 1391 est
2029 1337 2183 1391 alius.
2211 1335 2313 1390 Per
2346 1336 2691 1405 memetipsum
2707 1336 2850 1407 juro.
2891 1333 3006 1406 Ego
3031 1335 3245 1405 primus,
3270 1346 3319 1390 et

1735 1445 1825 1499 ego
1846 1438 1957 1499 post
1982 1429 2089 1484 lucc
2109 1445 2131 1485 :
2156 1438 2316 1498 atque
2344 1428 2543 1495 intulit,
2572 1426 2639 1480 Et
2668 1443 2770 1480 non
2796 1437 2867 1481 est
2891 1427 3023 1480 alius
3043 1437 3224 1497 printer
3240 1444 3320 1482 me

1738 1520 1890 1591 (Isai.
1936 1521 2026 1576 44.
2058 1520 2111 1576 6.
2157 1529 2203 1574 et
2241 1520 2333 1576 45.
2377 1520 2469 1574 21.
2520 1519 2611 1574 22.
2654 1518 2771 1589 25).
2820 1518 3007 1575 Videte
3050 1520 3318 1589 quomodo

1737 1614 1987 1670 ostendat
2035 1611 2328 1669 solitariam
2384 1622 2648 1680 naturam,
2685 1627 2803 1683 quae
2854 1611 2985 1667 nihil
3034 1627 3320 1668 commune

1738 1703 1931 1761 habeat
1962 1720 2083 1761 cum
2133 1705 2235 1759 alia
2266 1712 2455 1759 natura
2486 1711 2751 1773 separata.
2802 1702 2927 1758 llaec
2974 1718 3134 1773 porro
3176 1704 3317 1761 Deus

1738 1797 1814 1852 ait
1843 1815 1856 1855 :
1889 1796 2000 1868 Ego
2029 1813 2163 1863 sum,
2205 1807 2251 1850 et
2278 1812 2378 1850 non
2407 1804 2481 1850 est
2524 1795 2691 1860 alius;
2733 1793 2822 1864 qui
2869 1808 2963 1863 per
3006 1792 3320 1864 prophetam

1739 1889 1850 1943 ait:
1880 1888 2101 1943 Extendi
2130 1888 2308 1943 cretum
2356 1889 2494 1941 solus
2543 1885 2697 1957 (Isai.
2729 1887 2816 1941 44.
2847 1885 2965 1957 26).
3006 1886 3236 1943 Attende
3266 1898 3319 1941 tu

1739 1981 1855 2035 voci
1875 1980 2050 2046 Solus,
2069 1979 2496 2050 quandoquidem
2518 1977 2725 2049 profers
2743 1977 2923 2033 Solum
2942 1994 3113 2033 verum
3133 1978 3315 2035 Deum.

1743 2071 1965 2126 Extendi
1996 2072 2179 2127 cretum
2202 2071 2360 2126 solus.
2393 2070 2649 2126 Similiter
2677 2084 2889 2139 quoque
2920 2069 3025 2137 hic,
3058 2068 3171 2142 Ego
3208 2089 3319 2127 sum

1741 2172 1787 2216 et
1817 2178 1918 2216 non
1945 2173 2017 2217 est
2036 2162 2168 2216 alius
2187 2176 2206 2215 :
2227 2177 2315 2231 per
2331 2160 2674 2230 memetipsum
2688 2160 2833 2228 juro.
2855 2159 3106 2214 Animum
3127 2160 3323 2215 adhibe

1742 2256 1947 2326 pariter
1988 2255 2288 2309 auctoritati
2317 2263 2371 2309 et
2396 2254 2649 2323 potentia:
2688 2253 2974 2323 loquentis,
3002 2252 3141 2321 quod
3172 2253 3323 2309 dixe-

1743 2348 1833 2414 rit,
1866 2346 1990 2401 Non
2015 2356 2088 2401 est
2114 2345 2285 2412 alius;
2313 2354 2387 2410 et,
2421 2343 2578 2401 Solus
2600 2360 2734 2409 sum,
2756 2353 2809 2398 et
2840 2343 2961 2410 hoc,
2994 2343 3098 2397 Per
3124 2355 3326 2399 memet-

1742 2439 1909 2508 ipsum
1961 2439 2177 2509 juravi;
2230 2437 2603 2508 signiﬁcatque
2650 2436 2917 2492 nemiuem
2971 2451 3030 2492 se
3078 2437 3328 2507 loquente

1744 2530 2001 2600 majorem
2044 2545 2185 2586 esse.
2215 2529 2369 2586 Unde
2411 2530 2487 2584 ait
2529 2530 2688 2584 etiam
2726 2529 3045 2600 Apostolus:
3075 2530 3327 2595 Quoniam

1746 2621 1995 2676 neminem
2022 2620 2230 2687 habuit,
2263 2638 2353 2691 per
2400 2636 2548 2691 quem
2578 2621 2804 2690 juraret,
2833 2621 3097 2691 majorem,
3133 2622 3328 2691 juravit

1747 2729 1835 2781 per
1861 2712 2184 2782 semetipsum
2213 2711 2398 2784 (Hebr.
2428 2712 2482 2767 6.
2516 2712 2629 2781 15).
2656 2710 2769 2766 Νοη
2811 2711 2970 2766 habet
2993 2727 3120 2782 ergo
3155 2713 3328 2784 majo-

1746 2820 1861 2860 rem
1889 2805 1981 2876 qui
2014 2804 2145 2860 dicit
2170 2821 2183 2858 :
2219 2804 2323 2858 Per
2345 2805 2689 2873 memetipsum
2709 2804 2854 2873 jura,
2885 2803 2930 2857 si
2954 2803 3155 2873 quidem
3183 2820 3328 2875 egre-

1747 2896 1913 2951 dietur
1946 2896 2009 2951 de
2033 2912 2119 2950 ore
2140 2912 2248 2951 meo
2271 2896 2496 2966 justitia,
2521 2911 2773 2948 sermones
2796 2894 2893 2949 mei
2922 2911 3023 2949 non
3047 2904 3331 2950 avertantur

1748 2988 1903 3059 (Isai.
1934 2990 2023 3046 45.
2052 2987 2171 3061 25).
2218 2989 2287 3044 Ει
2327 2989 2452 3059 quid
2483 2989 2669 3058 juras?
2702 2988 2833 3054 Quia
2876 2988 3001 3042 mihi
3046 2989 3332 3044 curvabitur

1748 3098 1895 3136 omne
1921 3097 2053 3153 genu
2075 3082 2174 3153 (a),
2206 3090 2253 3135 et
2291 3081 2452 3135 omnis
2493 3080 2667 3150 lingua
2713 3079 3031 3148 conﬁtebitur
3056 3079 3221 3134 Deum
3248 3096 3331 3134 ve-

1747 3189 1862 3227 rum
1900 3171 2055 3243 (Isai.
2087 3173 2175 3228 45.
2207 3172 2322 3243 24).
2348 3172 2477 3239 Quis
2507 3171 2624 3226 ba'c
2647 3170 2797 3237 dicit,
2843 3170 3130 3227 hteretice?
3173 3172 3332 3227 Pater

1749 3282 1815 3321 an
1842 3266 2045 3321 Filius?
2079 3265 2235 3336 Apud
2262 3280 2346 3320 me
2373 3264 2604 3330 ﬁdelem,
2632 3272 2961 3334 cunctosque
2993 3266 3128 3334 pios,
3159 3264 3332 3321 Patris

1750 3366 1834 3415 est
1860 3357 2110 3429 dignitas,
2138 3366 2193 3412 et
2239 3356 2361 3411 Filii
2405 3356 2713 3411 auctoritas.
2746 3354 2859 3411 lloc
2886 3355 3028 3410 enim
3077 3356 3333 3412 observes

1752 3452 1932 3516 velim,
1962 3451 2130 3506 multa
2169 3466 2354 3506 eorum
2388 3464 2507 3520 qua:
2545 3448 2796 3513 dicimus,
2824 3449 3192 3520 pugnantium,
3225 3466 3331 3505 non

1740 3544 2056 3607 docentium
2102 3560 2254 3599 more
2292 3542 2589 3615 praedicari.
2622 3542 2748 3597 una
2774 3541 2987 3597 ﬁrmum
3016 3549 3118 3597 stat
3139 3543 3333 3615 dogma

1751 3640 1984 3710 pietatis,
2022 3647 2078 3694 et
2115 3637 2334 3692 cuilibet
2358 3635 2523 3702 ﬁdeli,
2552 3650 2744 3706 nempe
2792 3636 2881 3691 ubi
2905 3635 3053 3691 solus
3100 3636 3335 3706 loquitur

1752 3732 1932 3796 Pater,
1980 3730 2049 3785 ibi
2098 3726 2481 3797 comprehendi
2530 3726 2692 3783 etiam
2735 3724 2925 3781 Filium
2973 3735 3030 3781 et
3079 3725 3333 3797 Spiritum
3430 3756 3443 3779 ο

1752 3833 2016 3880 sanctum.
2042 3821 2138 3877 Ubi
2168 3821 2335 3875 Filius
2368 3819 2623 3889 loquitur,
2650 3817 2723 3873 ibi
2762 3817 2935 3872 Patris
2962 3816 3114 3873 adest
3148 3827 3335 3873 aucto-

1753 3918 1919 3981 ritas;
1968 3915 2055 3969 ubi
2108 3914 2265 3968 Pater
2312 3910 2683 3967 auctoritatem
2730 3918 2965 3975 exercet,
2997 3910 3067 3965 ibi
3109 3910 3229 3965 Filii
3255 3921 3339 3966 est

1754 4014 2027 4078 potestas;
2081 4005 2171 4060 ubi
2200 4004 2432 4074 Spiritus
2461 4010 2679 4058 sanctus
2703 4008 2975 4069 operatur,
3006 4000 3181 4056 Patris
3208 4016 3338 4071 cpe-

1753 4100 1893 4155 ratio
1918 4106 2014 4153 est.
2049 4096 2165 4151 Non
2210 4094 2468 4151 scinditur
2494 4101 2695 4148 sancta;
2737 4091 3015 4148 Trinitatis
3047 4092 3216 4163 gloria
3236 4094 3334 4166 (b),

1819 4277 1890 4340 (a)
1925 4274 2066 4324 Illum
2100 4280 2291 4323 textum
2335 4271 2425 4323 hor
2467 4276 2605 4334 pacto
2625 4271 2822 4318 citatum
2845 4271 3071 4317 invenies
3093 4271 3143 4317 in
3164 4271 3335 4332 Operi-

1756 4339 1848 4387 bus
1892 4337 2150 4401 Athanasii,
2186 4334 2377 4401 Dialogo
2412 4330 2444 4382 5
2474 4332 2540 4381 de
2575 4332 2825 4401 'trinitate,
2858 4336 2910 4378 Τ.
2944 4328 2991 4388 2,
3025 4343 3074 4392 p.
3099 4328 3222 4390 215;
3246 4346 3339 4401 seu

1756 4400 1939 4450 Maximi
1961 4405 2012 4446 Τ.
2034 4398 2083 4455 2,
2103 4391 2152 4458 p.
2176 4396 2269 4446 459
2283 4410 2303 4458 γε
2317 4391 2423 4445 Ἰιει-
2447 4391 2920 4458 memetipsumjuro,
2939 4391 3080 4441 amen
3104 4392 3331 4452 egredie-

1756 4468 1835 4511 tur
1864 4461 1926 4512 de
1946 4473 2030 4510 ore
2051 4451 2156 4520 meo
2168 4457 2396 4520 justitta;
2418 4468 2513 4506 non
2547 4451 2683 4504 exitu
2716 4451 3071 4520 fraudabantur
3096 4451 3349 4505 sermones.

1758 4523 1869 4586 mei,
1896 4520 2009 4586 quin
2032 4517 2151 4586 mihi
2168 4513 2447 4586 curvabitur
2470 4529 2604 4586 onme
2626 4513 2767 4586 genu.
2794 4513 3006 4586 Coteler.

1823 4577 2026 4654 (ως-κρυ
2050 4584 2116 4654 ita
2135 4584 2317 4654 pridem
2339 4581 2473 4654 edita
2495 4577 2695 4654 fuerunt
2716 4591 2830 4654 cura
2856 4584 2908 4654 et
2929 4577 3089 4654 stpdip
3110 4577 3339 4654 stephani

1758 4636 1947 4703 Balniii,
1972 4636 2181 4694 hominis
2211 4644 2271 4693 ad
2290 4643 2555 4703 editionum
2578 4638 2772 4689 labores
2794 4639 2910 4703 nati,
2937 4636 3021 4703 lib.
3041 4638 3073 4686 4
3110 4636 3341 4703 miscella-

1758 4700 1980 4765 neorum,
2015 4706 2112 4755 duo
2141 4704 2430 4754 Theodoreti
2474 4700 2745 4765 fragmenta
2776 4701 2852 4765 ad
2873 4701 3156 4765 Trinitatem
3180 4702 3338 4765 perti—

1760 4772 1944 4820 nentia.
1968 4760 2030 4816 lia
2053 4768 2201 4829 gestit
2224 4767 2414 4829 animus
2433 4760 2609 4814 cursim
2640 4763 2719 4811 hic
2741 4761 2944 4829 meliora
2982 4760 3340 4829 facere.'Unde

1759 4822 2082 4893 conjecturas
2098 4826 2396 4893 solummodo
2434 4837 2723 4893 promnam,
2770 4822 3091 4893 conferendas
3126 4835 3265 4893 vero_
3288 4831 3341 4893 et

1762 4884 2106 4953 examinandas
2142 4884 2459 4953 diligentibus
2504 4884 2791 4953 relinquam:
2842 4890 2968 4953 Lego
3012 4884 3177 4953 igitur.
3202 4884 3340 4934 initio

1760 4951 2212 5026 priorisfragmenti
2227 4943 2410 5026 Esaias
2442 4943 2695 5026 gnequ
2713 4943 3229 5026 scientia—egﬁlentis;
3253 4959 3340 5026 ea:-

1760 5006 1966 5067 sistentis
1983 5006 2093 5063 vero
2106 5010 2319 5071 scientia,
2338 5018 2405 5062 est
2434 5010 2555 5069 Dei;
2584 5018 2707 5059 Deus
2730 5006 3213 5071 autemest
3240 5011 3339 5056 Stth

1761 5066 1949 5137 initium
1987 5081 2151 5137 autem
2192 5066 2471 5137 posterioris
2501 5066 2615 5137 :_'t:t
2658 5077 2818 5137 autem
2848 5066 3335 5137 clare_in_telligatur,

1761 5136 1984 5208 exemplo
2019 5130 2229 5208 quodam
2245 5135 2388 5208 tenui
2426 5133 2528 5196 (vel
2564 5134 2689 5196 tene)
2712 5130 3211 5208 istiuspntefacianuis
3234 5145 3340 5182 sen-

1762 5214 1887 5252 sum
1903 5191 1987 5249 'Ait
2175 5191 2450 5268 trinitatem
2487 5191 2802 5268 persmu'trum
2835 5191 3195 5268 subsistentium
3217 5207 3320 5268 esse

1764 5272 1941 5314 Nomen
1965 5267 2151 5319 Petrus,
2192 5253 2558 5323 inibaptismate
2592 5269 2703 5307 vero
2742 5256 2975 5323 andreas,
3012 5262 3057 5323 e_t
3086 5253 3138 5304 in
3168 5254 3339 5323 militia

1767 5323 1981 5375 Thomas.
2007 5328 2061 5371 Et
2084 5316 2209 5384 p.'5,
2234 5316 2405 5384 lin.'l,
2442 5324 2493 5384 in
2526 5333 2680 5384 marg.
2722 5326 2910 5368 neuter.
2941 5319 2992 5384 β,
3021 5316 3072 5366 4.
3108 5322 3225 5384 Post.
3248 5326 3340 5379 per

1762 5385 1974 5455 titulum,
2001 5376 2235 5455 adversus
2259 5376 2868 5455 Arrium_impium,_atque
2891 5393 2917 5427 a
2941 5378 3068 5455 lin?
3091 5390 3104 5425 :
3131 5376 3225 5455 sed
3249 5376 3340 5427 ne-

1763 5436 2023 5500 cessarium
2043 5444 2238 5506 quidem
2265 5450 2351 5503 est,
2376 5452 2426 5494 ut
2448 5436 2556 5494 tres'
2579 5436 2903 5506 subsisteittias
2926 5436 3211 5506 conﬁtendo,
3237 5451 3337 5506 rna-

1766 5498 1864 5579 tum
1886 5498 2067 5579 sectam
2088 5506 2215 5557 errii
2251 5498 2518 5579 fugiamus.
2536 5502 2863 5579 fonti-ariam.
2886 5498 3240 5579 cnimlsaﬂbﬂel‘t‘t‘o
3250 5500 3313 5562 ju

1765 5559 1979 5639 daizanti
1997 5582 2198 5639 pergens
2217 5559 2360 5639 riam,
2376 5573 2422 5619 et
2444 5562 2993 5639 fugiet-tspwnarchiam‘,
3015 5559 3342 5639 inrmuttormn

1763 5635 1985 5702 deorum.
1998 5623 2294 5701 'paganicant
2497 5623 2787 5702 "ouationem
2820 5623 3141 5702 subsisteluias
3161 5628 3342 5673 sanctae

1770 5684 2020 5747 Trinitatis
2033 5684 2093 5741 at
2106 5706 2249 5741 unam
2289 5691 2479 5742 deitatis
2511 5684 2820 5741 substantimn
2847 5699 2939 5736 non
2966 5684 3232 5745 intendens,
3254 5692 3341 5735 sed

1768 5746 1962 5811 iuturus
1984 5761 2027 5806 et
2052 5754 2335 5807 substantias
2356 5762 2611 5805 extraneas
2643 5750 2880 5814 adjectus
2901 5746 3163 5809 alterutris,
3188 5755 3341 5800 Deum

2467 4276 2605 4334 pacto
2625 4269 2822 4334 citatum
2845 4268 3071 4334 invenies
3093 4268 3149 4334 in
3163 4271 3335 4334 ρρθι-ί-
