3704 6274
400 340 506 399 ⁵423

404 456 529 526 quia
576 468 681 508 non
727 452 987 507 scinditur
1032 451 1290 507 doctrinae
1335 450 1545 507 veritas.
1581 450 1657 507 Ne
1684 451 1989 507 conﬁtearis

411 562 573 601 unum
620 560 862 615 regnum.

468 638 521 693 6.
557 636 679 691 11ωο
706 652 735 689 a
764 652 851 691 me
878 636 1019 690 dicta
1050 646 1193 701 sunt,
1226 638 1345 706 quia
1386 634 1593 690 hostem
1633 650 1879 699 exerceo,
1908 650 1977 690 ne

406 732 544 787 forte
592 731 807 801 quidam
858 730 1200 801 sycophanta
1253 728 1438 783 dicant
1484 746 1497 781 :
1544 727 1675 782 Vide
1723 727 1988 796 quomodo

401 823 617 882 dixerit.
651 821 829 876 omnia
859 836 977 875 esse
1006 820 1148 887 Filii,
1181 830 1233 873 et
1260 819 1449 873 Filium
1477 818 1638 887 loqui,
1672 828 1723 871 et
1752 818 1987 871 ostendit

404 914 619 985 quidem
667 912 893 967 alienam
944 927 1062 966 esse
1109 912 1437 981 prophetiam
1486 910 1686 973 Patris,
1721 910 1987 979 prepriam

404 1022 534 1063 vero
560 1005 697 1061 Filii.
726 1004 840 1059 Stat
865 1004 991 1057 mihi
1020 1005 1332 1057 inconcussa
1361 1001 1477 1054 Filii
1519 1011 1677 1055 meta.
1706 1001 1987 1054 Certamen

397 1107 479 1152 est
502 1097 616 1150 hate
636 1095 964 1149 exercitatio.
996 1092 1091 1146 llic
1118 1091 1341 1146 ostendo
1365 1090 1553 1145 Filium
1584 1091 1907 1159 loquentem,
1936 1099 1989 1143 et

401 1204 523 1244 eum
554 1187 643 1241 tibi
674 1199 1007 1255 persnasero,
1037 1184 1164 1237 mihi
1192 1184 1351 1237 etiam
1396 1196 1731 1250 persuasero,
1775 1180 1985 1234 Patrem

401 1280 569 1350 loqui,
587 1276 1103 1347 Filiumprzedicare,
1122 1276 1371 1344 Spiritum
1390 1283 1627 1328 sanctum
1648 1273 1858 1326 oracula
1877 1273 1987 1326 fun-

395 1370 553 1435 dere,
604 1388 621 1421 ι
645 1368 755 1438 Ego
790 1368 1037 1435 pritnum,
1079 1381 1176 1435 ego
1202 1375 1255 1418 et
1287 1374 1407 1433 post
1437 1364 1643 1428 ha'e,et
1688 1370 1880 1430 prmter
1901 1377 1985 1417 me

395 1462 539 1517 Deus
556 1476 660 1515 non
678 1468 778 1515 est.
797 1460 899 1513 Per
910 1458 1427 1527 memetipsumjuro.
1454 1476 1471 1508 ι
1488 1456 1615 1523 Quis
1632 1466 1712 1510 est
1728 1458 1815 1526 qui
1834 1456 1981 1522 dicit,

398 1554 545 1625 «Ego
561 1568 676 1609 sum
692 1561 747 1607 et
766 1566 871 1604 non
894 1560 975 1605 est
995 1550 1126 1603 alius
1141 1550 1193 1602 ?»
1219 1558 1289 1612 et,
1316 1566 1333 1599 ι
1349 1549 1421 1602 De
1441 1563 1533 1602 ore
1553 1562 1672 1601 meo
1686 1548 1986 1615 egredietur

392 1646 593 1715 iustitia
610 1661 623 1708 ;
640 1664 658 1695 ι
682 1654 754 1708 et,
778 1641 1095 1697 «Sermones
1112 1640 1215 1695 mei
1238 1656 1342 1693 non
1364 1648 1667 1693 avertentnr
1687 1656 1700 1691 :
1720 1639 1837 1705 quia
1856 1638 1985 1692 mihi

394 1737 718 1792 curvabitse
763 1750 921 1788 omne
958 1748 1126 1803 genu,
1156 1741 1209 1787 et
1244 1732 1417 1787 onmis
1445 1732 1615 1799 lingua
1651 1729 1984 1785 conﬁtebitur

395 1830 564 1886 Deum
584 1827 805 1882 verum?
826 1845 845 1879 ι
868 1825 1143 1895 Quomodo
1166 1828 1313 1895 ponis
1334 1824 1531 1877 dictum
1552 1824 1574 1875 ’ἰ
1592 1825 1642 1876 in
1662 1838 1815 1892 quem
1832 1837 1983 1877 assu-

396 1924 498 1977 mis
515 1920 741 1975 nomen?
760 1918 865 1974 Sed
887 1927 941 1972 tu
962 1932 1030 1973 ne
1048 1917 1193 1971 dicas
1210 1931 1271 1969 ca
1292 1931 1410 1985 qute
1431 1916 1669 1985 ignoras;
1694 1930 1864 1983 neque
1884 1928 1983 1983 ego

394 2012 535 2083 quod
574 2027 679 2066 non
711 2010 833 2064 novi
880 2008 1066 2063 effero.
1114 2006 1411 2076 Sequemur
1462 2006 1773 2074 magistrum
1820 2004 1981 2072 spiri-

393 2106 627 2168 tualem,
658 2103 749 2173 qui
793 2116 891 2156 nos
943 2100 1207 2155 deducere
1255 2098 1427 2151 valeat
1472 2098 1536 2150 ad
1587 2098 1855 2165 pietatem.
1906 2095 1983 2149 Ne

394 2198 555 2268 igitur
580 2212 645 2251 ex
676 2209 761 2248 me
787 2192 970 2247 audias
991 2233 1004 2256 ,
1040 2191 1135 2245 sed
1160 2190 1280 2243 audi
1325 2203 1553 2243 mecum.
1584 2188 1693 2257 Ego
1732 2186 1982 2241 ecclesia-

400 2290 655 2343 sticarum
706 2285 1010 2355 dogmatum
1062 2281 1279 2335 Paulum
1332 2280 1452 2334 novi
1501 2278 1793 2331 doctorem.
1850 2277 1981 2331 Cum

395 2377 618 2433 Paulum
648 2374 788 2440 dico,
816 2373 1084 2429 Christum
1116 2371 1379 2442 praedico;
1414 2373 1527 2439 ipse
1554 2370 1695 2422 enim
1736 2376 1849 2422 erat
1891 2367 1980 2437 qui

394 2472 448 2526 in
480 2469 647 2525 Paulo
672 2467 1005 2538 loquebatur,
1025 2464 1312 2519 secundum
1342 2463 1470 2517 illud
1492 2463 1692 2517 dictum
1720 2479 1732 2514 :
1760 2463 1868 2514 «An
1892 2477 1984 2514 ex-

394 2564 747 2635 perimentum
772 2559 1009 2629 quieritis
1032 2559 1163 2627 ejus,
1185 2557 1274 2626 qui
1292 2558 1344 2610 in
1366 2571 1450 2609 me
1469 2556 1699 2624 loquitur
1719 2551 1910 2607 Christi
1925 2553 1975 2605 ἲ»

397 2656 471 2724 (2.
491 2653 683 2710 Cani?)
697 2652 774 2720 .5)
792 2646 934 2704 llanc
949 2648 1105 2719 igitur
1125 2648 1447 2718 prmmissam
1464 2646 1612 2701 Isaite
1630 2643 1977 2714 prophetiam:

402 2766 421 2797 ι
455 2748 563 2815 Ego
584 2760 703 2798 sum
724 2752 777 2798 et
803 2758 906 2797 non
932 2752 1012 2797 est
1047 2742 1217 2803 alius;
1251 2760 1268 2791 ι
1319 2748 1391 2803 et,
1445 2758 1462 2789 ι
1494 2739 1593 2793 Per
1613 2736 1982 2802 memetipsum

394 2842 536 2911 juro,
559 2839 679 2908 quia
703 2836 828 2889 mihi
850 2834 1087 2889 curvabit
1107 2849 1164 2888 se
1182 2847 1338 2887 omne
1362 2847 1519 2902 genu,
1537 2841 1589 2885 et
1610 2829 1781 2883 omnis
1807 2828 1982 2897 lingua

401 2930 741 2986 conﬁtebitur
763 2929 925 2983 Deum
949 2941 1157 2993 verum,
1190 2946 1207 2978 ι
1236 2925 1430 2979 Paulus
1450 2924 1516 2978 de
1535 2922 1747 2977 Christo
1767 2921 1978 2991 accipit.

406 3022 476 3076 Et
531 3022 619 3075 ubi
669 3021 805 3074 hanc
846 3019 1051 3073 invenis
1102 3014 1651 3071 demonstrationem?
1680 3013 1757 3067 Ad
1786 3012 1984 3066 Roma-

400 3128 499 3168 nos
526 3111 764 3167 scribens
808 3110 919 3163 ait:
950 3127 968 3161 ι
997 3108 1076 3164 'l‘u
1121 3116 1296 3162 autem
1345 3105 1469 3176 quid
1518 3104 1721 3173 judicas
1765 3102 1981 3156 fratrem

397 3205 586 3259 tuum?
638 3212 728 3257 aut
800 3211 852 3255 tu
909 3215 1072 3270 quare
1124 3198 1333 3270 spernis
1385 3198 1599 3249 fratrem
1652 3194 1838 3248 tuum?
1888 3207 1984 3246 cur

395 3298 623 3352 invicem
666 3294 951 3364 judicatis?
987 3292 1185 3347 Omnes
1247 3290 1386 3345 enim
1439 3289 1695 3342 stabimus
1742 3294 1864 3340 ante
1891 3285 1984 3339 tri-

400 3388 565 3444 hunal
606 3385 822 3442 Christi.
880 3385 1145 3455 Scriptum
1192 3390 1275 3436 est
1320 3381 1461 3436 enim
1495 3378 1671 3433 :Vivo
1698 3394 1818 3448 ego,
1858 3376 1986 3430 dicit

398 3482 679 3543 Dominus,
730 3479 977 3549 quoniam
1030 3475 1161 3529 mihi
1216 3473 1460 3551 flectetur
1515 3485 1673 3525 omne
1716 3484 1877 3539 genu,
1929 3475 1985 3522 et

398 3574 574 3627 omnis
595 3573 768 3641 lingua
794 3569 1127 3625 conﬁtebitur
1152 3568 1316 3621 Deum
1344 3580 1558 3619 verum»
1584 3562 1757 3633 (Rom.
1788 3562 1982 3618 14.10.

399 3666 493 3720 13.
519 3663 575 3718 ii
601 3663 641 3733 ).
681 3661 772 3716 Ille
804 3669 887 3715 est
925 3660 1013 3726 qui
1063 3658 1157 3723 ait,
1185 3674 1203 3707 ε
1228 3656 1342 3725 Ego
1363 3670 1499 3721 sum,
1523 3664 1577 3709 et
1602 3669 1705 3708 non
1728 3665 1809 3710 est
1827 3655 1981 3722 alius;

404 3774 504 3829 per
561 3754 934 3822 memetipsum
973 3751 1129 3820 juro,
1156 3750 1279 3819 quia
1328 3746 1458 3801 mihi
1495 3746 1802 3801 curvabitur
1827 3761 1986 3803 omne

402 3866 561 3921 genu.
591 3868 611 3902 ι
638 3848 695 3904 Si
721 3861 848 3915 ergo
891 3844 1084 3899 Paulus
1135 3840 1466 3911 praphetiam
1514 3838 1729 3893 Christo
1778 3839 1979 3895 refert:

401 3947 492 4017 qui
531 3953 706 4000 autem
747 3939 883 4011 apud
931 3936 1243 4009 prophetam
1292 3934 1524 4004 loquitur
1571 3941 1653 3987 est
1701 3930 1981 4000 Christus;

402 4198 627 4251 utagmen
653 4180 951 4251 deﬁnienset
970 4190 1169 4250 parvum
1190 4183 1239 4251 et
1251 4174 1507 4251 Δηιίηἱηιειλη
1522 4188 1539 4235 ;
1552 4181 1613 4251 et
1637 4172 1985 4251 infraLnllegtt-

405 4236 507 4310 ait:
528 4264 571 4311 p.
601 4236 768 4297 vero'5
786 4260 806 4311 _:
836 4243 907 4311 ait
930 4236 1056 4291 enim
1094 4238 1391 4311 cantil0quus
1421 4239 1517 4311 trs.
1552 4236 1633 4311 38,
1660 4237 1731 4306 7),
1764 4236 1913 4311 Etiam
1938 4238 1985 4311 in

406 4297 619 4372 imagine
643 4305 854 4357 ambulat
877 4305 1046 4372 homo,
1067 4314 1166 4372 non
1190 4308 1239 4349 ut
1263 4298 1482 4372 consistgt
1689 4297 1747 4372 in
1763 4297 1875 4372 hoc,
1895 4299 1986 4372 seti

401 4358 646 4437 ᾶαςιπέιυτ
670 4375 821 4419 mente
855 4380 886 4414 α
906 4364 1202 4437 samum
1225 4363 1289 4437 est,
1326 4358 1661 4437 metiente;

407 4420 682 4483 Stt’nnismus
705 4436 861 4492 autem
885 4440 992 4476 vere
1014 4432 1081 4474 est
1104 4422 1297 4492 scientia
1320 4420 1654 4492 inenarrabilis
1676 4427 1856 4492 sancta:
1884 4420 1987 4492 Tri-

411 4480 573 4543 itittttis
602 4506 618 4541 :
637 4506 723 4555 per
745 4491 867 4555 hunc
890 4495 1101 4555 stmctam
1391 4482 1449 4531 ab
1472 4481 1745 4555 ignorantia.
1760 4480 1987 4555 litteratiu-

410 4555 564 4611 homo,
588 4543 744 4618 gr'att'a
774 4550 903 4618 ﬁlius
940 4550 1024 4598 Dei
1046 4554 1239 4596 vocatur
1276 4558 1301 4618 ί
1322 4551 1372 4614 et
1410 4543 1585 4618 multis
1606 4543 1901 4618 interiectis,
1919 4543 1985 4593 de

413 4602 613 4666 homine
636 4602 657 4663 :7
677 4602 784 4663 καί
807 4611 990 4661 alienus
1013 4617 1170 4658 autem
1210 4621 1238 4655 a
1270 4605 1354 4654 Dei
1392 4604 1652 4668 cognitione
1681 4602 1767 4660 est,
1794 4602 1901 4652 licet
1924 4617 1988 4653 ea:

409 4665 504 4729 non
526 4674 876 4730 eximentibus,
924 4674 1125 4723 donante
1155 4678 1395 4719 Creatore.
1436 4665 1704 4715 intellectus
1741 4672 1918 4723 autem,
1942 4672 1988 4715 et

410 4741 498 4791 iste
542 4739 803 4789 secundum
847 4734 1123 4786 interiorem
1168 4730 1404 4779 hominem
1439 4741 1531 4791 non
1575 4732 1716 4791 extra
1755 4734 1988 4775 rationem

411 4789 657 4868 agentibus
685 4814 701 4851 :
725 4811 927 4867 namque
952 4804 1017 4866 est
1034 4793 1297 4868 intellectus
1318 4790 1535 4868 rationis.
1559 4789 1650 4868 sed
1673 4794 1989 4868 nequeut-egro

411 4853 638 4928 δξέξηιιιηι
668 4876 684 4912 ;
708 4868 776 4928 est
799 4853 926 4928 enim
965 4854 1231 4928 intellectus
1276 4853 1556 4928 intelligens,
1582 4856 1625 4928 e‘t
1649 4854 1772 4928 ratio
1794 4853 1989 4928 ratioci-

412 4911 887 4989 ἶᾶιξῆξπξξενερὶιίὶιιιδ
911 4920 1069 4989 palam
1094 4918 1359 4989 [arietiset
1382 4911 1990 4989 coittentpltttotl;‘etltqt‘ttm

415 4971 827 5046 Emathion
846 4971 1236 5046 proprietatibus.
1266 4986 1393 5027 Mens
1435 4971 1573 5046 enim;
1599 4988 1683 5046 seu
1705 4971 1986 5046 intellectus,

416 5034 559 5099 Pater
589 5034 745 5105 Periti,
772 5034 909 5093 habet
934 5034 1060 5092 enim
1091 5041 1308 5106 Verbum,
1344 5045 1439 5106 et_c.
1486 5036 1608 5085 Vide
1633 5034 1988 5106 Theodoretum

417 5114 593 5167 tgttasst.
634 5109 696 5157 20
721 5100 767 5155 in
786 5106 1025 5154 Genesim.
1069 5110 1191 5169 At_p.
1217 5102 1245 5148 7
1273 5100 1585 5169 {quievere
1620 5100 1848 5169 interest
1874 5104 1989 5143 rer-

420 5162 547 5220 6tmt.
574 5169 644 5219 Ibi
666 5169 793 5218 enim
834 5180 941 5216 vere
964 5172 1031 5215 est
1056 5162 1211 5227 imitus
1240 5162 1496 5215 Trinitatis,
1542 5166 1608 5227 et
1637 5162 1839 5227 Trt'nt‘tqs
1856 5169 1989 5227 iocre

420 5218 755 5283 estmunitatis.
804 5234 1058 5289 PrOpterea
1097 5223 1241 5289 enitn_
1280 5228 1419 5289 Ifater
1463 5219 1694 5289 enisistens
1736 5218 1989 5289 antistite!!-

417 5279 499 5353 tt'ti,
531 5279 647 5352 etc.,
676 5300 727 5340 et
751 5298 855 5353 post
878 5279 1044 5353 multa,
1080 5279 1667 5353 selectis-tumscientia
1688 5279 1989 5353 profundita-

418 5343 513 5407 téiit
528 5343 550 5418 ,4
572 5369 618 5418 p.
637 5343 859 5418 denique
876 5343 1056 5406 ultima,
1079 5346 1346 5418 Secundum
1367 5343 1483 5418 quid
1505 5354 1668 5418 ,ῳξᾳηι
1692 5343 1892 5418 ’πῃκὲ
1917 5352 1991 5418 ξε-

419 5400 630 5468 Staieni:
644 5400 785 5479 'q—ut‘df
795 5412 889 5462 tria
912 5400 1058 5479 unum
1074 5406 1290 5479 ,jrsccund
1296 5418 1371 5453 um
1382 5400 1516 5479 "qnod
1530 5400 1893 5479 initttntttltiIiter
1911 5400 1992 5479 Ita-

422 5482 495 5531 bet
526 5481 590 5530 ad
623 5468 925 5540 semetipsum
957 5471 1159 5523 Trinitas
1186 5473 1487 5540 una_natura
1517 5468 1991 5540 ea'st'stenstpropter

419 5525 508 5592 Ῐιόὲ
527 5525 711 5601 Lua—,5;
731 5525 941 5601 Trinitas
964 5547 1107 5597 porro
1122 5530 1390 5601 secundum
1405 5525 1532 5601 quod
1548 5537 1749 5601 nonaria
1773 5536 1989 5601 persona,

420 5588 508 5653 iiii
531 5588 722 5653 tres-.71“!
735 5600 875 5651 initas
894 5588 1001 5647 vere
1036 5602 1106 5645 est
1145 5594 1315 5648 unitas,
1347 5597 1440 5637 etc.
1470 5588 1735 5653 invenitur,
1764 5595 1988 5653 etc._sap.

426 5648 954 5727 iri-atqueibrevem
977 5661 1098 5707 hanc
1116 5654 1481 5727 digressionem
1515 5651 1661 5727 amori
1679 5659 1814 5727 'crga
1835 5648 1990 5727 Theo-

424 5709 989 5786 doretu—ntjwmeoﬁpostulo
1007 5709 1289 5786 condonari;
1315 5715 1451 5774 cujus
1476 5709 1803 5786 ergo‘c-ull‘ant
1818 5710 1897 5771 del
1916 5724 1991 5759 re-

550 5770 925 5851 {timiditate
938 5770 1029 5845 est,
1049 5794 1191 5845 quam
1212 5770 1352 5839 culpa
1372 5770 1563 5825 vacare.
1590 5770 1789 5823 Cotcler.

1899 340 2167 396 lNCERTl

3582 344 3673 402 ΕΙ

2097 454 2225 508 dicit
2264 468 2394 508 vero
2436 451 2698 517 Christus,
2725 453 2836 523 Ego
2858 469 2970 507 sum
3012 455 3169 517 solus,
3200 465 3247 508 et
3277 471 3376 509 non
3397 466 3473 509 est
3499 460 3637 510 altus
3665 476 3674 514 :

2096 559 2226 614 ergo
2249 544 2455 598 Patrem
2478 544 2622 613 ejicit
2645 544 2957 598 divinitate?
2978 546 3135 613 Atqui
3165 559 3271 599 non
3292 548 3468 613 ejicit;
3494 564 3674 603 revera

2097 651 2326 704 namque
2371 651 2476 688 non
2507 636 2685 703 ejicit;
2720 634 2986 689 individua
3014 637 3154 688 enim
3183 644 3266 690 est
3292 637 3487 706 gloria.
3536 639 3676 707 Ergo

2094 728 2241 782 clare
2269 727 2692 780 demonstratum
2722 736 2803 780 est
2823 767 2839 791 ,
2865 726 3310 795 quemadmodum
3342 729 3512 784 Filius
3563 745 3675 782 cura

2094 818 2243 879 dicit,
2272 816 2383 887 Ego
2423 834 2535 871 sum
2574 820 2734 880 solus,
2788 831 2891 871 non
2921 818 3065 885 ejicit
3092 818 3336 883 Patrem;
3387 820 3461 872 ita
3510 836 3678 884 neque

2093 924 2214 963 cum
2246 910 2313 964 de
2354 910 2509 963 Patre
2562 909 2713 973 dicit,
2760 908 2828 962 Ut
2875 918 3174 977 cognoscant
3212 919 3260 961 te
3294 911 3462 962 solum
3506 928 3678 963 rerum

2095 1002 2297 1066 Deum,
2333 1002 2566 1069 scipsum
2597 1003 2877 1070 sejungere
2908 1017 2935 1053 a
2967 1001 3207 1055 veritate.
3239 1002 3422 1072 Neque
3468 1005 3575 1056 hoc
3600 1021 3677 1057 so-

2095 1093 2203 1145 lum
2253 1093 2534 1145 salubriter
2578 1092 2796 1145 docetur
2838 1109 2851 1155 ;
2901 1092 2993 1145 sed
3039 1092 3195 1144 etiam
3235 1092 3511 1146 Christum
3564 1110 3677 1148 esse

2091 1197 2277 1236 verum
2316 1182 2481 1236 Deum
2520 1198 2584 1235 ex
2623 1182 2740 1249 ipso
2777 1183 3077 1235 testimonio
3120 1182 3362 1236 infertur.
3389 1184 3675 1255 Suhjtmgi

2094 1275 2255 1335 enim.
2285 1274 2350 1328 Et
2376 1291 2537 1329 omnis
2572 1275 2743 1345 lingua
2768 1276 3084 1343 confitebitur
3112 1276 3273 1329 Deum
3299 1294 3495 1331 verum.
3548 1280 3675 1331 Pro-

2090 1366 2218 1420 inde
2240 1368 2327 1435 qui
2357 1365 2503 1429 dicil,
2533 1365 2647 1436 Ego
2674 1368 2832 1428 solus,
2857 1377 2902 1418 et
2921 1383 3011 1437 ego
3041 1382 3203 1431 verus,
3233 1368 3405 1422 Filius
3432 1380 3540 1424 εει.
3574 1371 3678 1426 Cur

2090 1472 2219 1527 ergo
2235 1457 2508 1511 contendit
2522 1456 2589 1511 de
2608 1457 2803 1522 verbis,
2820 1458 2909 1511 ubi
2928 1459 3190 1512 consentit
3205 1460 3434 1513 veritas?
3455 1461 3569 1514 Cur
3597 1463 3678 1515 ita-

2090 1565 2195 1620 que
2224 1550 2432 1613 dixerit,
2467 1550 2536 1602 Te
2561 1551 2723 1603 solum
2746 1567 2913 1606 verum
2938 1549 3122 1612 Deum,
3146 1550 3342 1613 edisoe,
3366 1562 3421 1605 et
3450 1569 3520 1606 ne
3551 1568 3675 1606 con-

2092 1651 2261 1696 certa.
2282 1640 2536 1695 Servator
2560 1650 2854 1709 praeceptor
2878 1652 2961 1695 est
2988 1641 3187 1706 mundi,
3206 1653 3484 1697 corrector
3506 1645 3673 1703 mltis,

2090 1732 2181 1802 qui
2205 1734 2348 1802 lapsa
2370 1732 2543 1802 erigit,
2570 1731 2798 1786 errantia
2828 1732 3029 1786 reducit
3044 1742 3097 1788 et
3112 1733 3399 1788 inveterata
3431 1747 3671 1791 renovat.

2086 1828 2225 1893 Quia
2272 1834 2495 1881 noverat
2528 1840 2826 1880 sermonem
2874 1840 3027 1881 suum
3072 1842 3466 1894 processurum,
3496 1840 3555 1881 et
3588 1844 3677 1897 per

2090 1930 2259 1976 totum
2290 1920 2471 1975 orbem
2514 1920 2903 1989 prOpagandum
2942 1918 3009 1973 ad
3051 1920 3422 1990 corrigendum
3467 1922 3677 1990 gentili.

2091 2013 2220 2068 tium
2252 2026 2510 2077 errorem,
2537 2022 2587 2065 ct
2614 2009 2681 2064 ad
2707 2010 3090 2080 coarguendam
3118 2010 3390 2065 Judaicam
3418 2013 3676 2066 inereJu-

2090 2103 2297 2162 litatcm
2323 2145 2338 2167 ,
2370 2103 2621 2172 utrinque
2661 2111 2818 2156 acuto
2864 2116 2991 2155 usus
3014 2113 3094 2155 est
3119 2116 3400 2168 sermone;
3446 2114 3505 2157 ut
3551 2105 3673 2158 dum

2086 2194 2238 2258 dicit,
2279 2193 2462 2247 Verum
2492 2202 2537 2263 et
2566 2194 2730 2247 solum
2774 2192 2958 2255 Deum,
2995 2192 3172 2262 plures
3223 2193 3495 2263 falsosque
3546 2196 3673 2249 deos

2087 2284 2411 2349 traduceret,
2437 2299 2666 2353 cumque
2694 2284 2890 2349 subdit,
2926 2283 2991 2337 Et
3018 2301 3161 2353 quem
3187 2286 3365 2338 misisti
3389 2284 3671 2350 Christum,

2086 2375 2210 2432 illos
2230 2376 2318 2444 qui
2348 2376 2763 2429 incarnationem
2785 2385 3102 2443 negaverant
3127 2375 3445 2430 confutaret.
3474 2378 3674 2432 Praedi-

2085 2477 2172 2526 cat
2193 2468 2362 2523 solum
2387 2484 2569 2522 verum
2586 2469 2781 2531 Deum;
2807 2483 2911 2521 non
2928 2470 3223 2537 separando
3247 2484 3325 2536 se,
3349 2471 3446 2524 sed
3474 2472 3676 2524 instru-

2088 2568 2267 2614 menta
2306 2560 2504 2613 erroris
2555 2557 2907 2612 destruendo.
2955 2560 3127 2627 Atque
3157 2568 3213 2611 tit
3238 2558 3438 2623 discas,
3472 2559 3673 2621 frater.

2089 2654 2261 2722 ipsum
2288 2667 2407 2707 esse
2430 2660 2482 2706 et
2502 2665 2685 2705 verum
2711 2651 2894 2715 Deum,
2929 2660 2982 2703 et
3000 2650 3109 2704 veri
3141 2650 3232 2705 Dei
3263 2650 3485 2715 Filium,
3514 2652 3675 2706 Joan-

2086 2760 2188 2800 nes
2235 2744 2552 2813 evangelista
2597 2744 2649 2796 in
2700 2757 2807 2811 quo
2850 2741 2964 2796 htec
3007 2742 3200 2811 scripta
3246 2752 3369 2796 sunt
3403 2765 3417 2799 :
3451 2761 3585 2797 nam
3630 2747 3674 2798 in

2082 2834 2679 2907 Evangeliosecundum
2697 2834 2951 2888 Joannem
2978 2833 3200 2887 habetur
3224 2852 3237 2889 :
3267 2834 3335 2889 Ut
3358 2851 3674 2905 cognoscant

2088 2937 2138 2981 te
2161 2928 2320 2981 solum
2340 2942 2508 2979 verum
2533 2924 2694 2977 Deum
2716 2924 2906 2991 (Joan.
2943 2925 3026 2976 17.
3057 2925 3126 2993 5)
3149 2942 3162 2986 ;
3189 2924 3325 2977 idem
3353 2926 3445 2979 ille
3473 2942 3673 2995 prm,

2088 3021 2178 3089 qui
2209 3019 2322 3073 hinc
2362 3017 2697 3086 praedicavit,
2730 3016 2781 3069 in
2813 3015 3049 3084 Epistola
3097 3030 3192 3069 sua
3237 3017 3424 3071 scribit
3457 3034 3472 3070 :
3503 3020 3673 3086 prima

2088 3120 2264 3165 autem
2294 3110 2527 3178 Epistola
2551 3110 2689 3162 inter
2716 3122 2778 3162 ea
2806 3124 2922 3178 qurc
2961 3109 3011 3161 in
3054 3108 3285 3163 Ecclesia
3313 3110 3674 3179 recipiuntur,

2087 3217 2196 3255 non
2241 3202 2379 3255 inter
2407 3199 2708 3271 apocrypha
2731 3208 3042 3255 recensetur
3069 3198 3146 3272 (α)
3180 3217 3193 3253 :
3224 3216 3345 3254 nam
3379 3203 3675 3258 secundam

2089 3304 2145 3348 et
2190 3294 2397 3349 tertiam
2444 3302 2621 3363 patres
2649 3301 2797 3346 extra
2854 3307 3109 3346 canonem
3166 3303 3387 3360 ponunt.
3442 3293 3677 3349 Primam

2086 3400 2217 3439 vero
2270 3385 2561 3454 Epistolam
2616 3384 2833 3439 Joannis
2886 3398 3042 3447 esse,
3098 3399 3283 3439 omnes
3308 3389 3673 3441 consentiunt.

2086 3475 2227 3541 Quid
2258 3476 2413 3545 igitur
2438 3475 2527 3530 ille
2554 3485 2770 3530 sanctus
2795 3490 2890 3544 per
2910 3476 3189 3544 epistolam
3217 3475 3283 3530 de
3312 3476 3423 3530 Deo
3450 3479 3677 3548 loquens

2088 3568 2341 3637 praedicet
2364 3567 2782 3621 animadvertere
2801 3581 3019 3621 necesse
3037 3577 3136 3621 est.
3163 3568 3421 3636 «Scimus,
3435 3587 3455 3619 ι
3483 3570 3677 3641 inquit,

2095 3677 2116 3709 ι
2145 3659 2391 3727 quoniam
2416 3657 2579 3712 Filius
2608 3656 2701 3713 Dei
2734 3658 2897 3721 venit,
2925 3666 2981 3712 et
3000 3656 3147 3712 dedit
3169 3657 3323 3712 nobis
3345 3673 3608 3726 sensum,
3634 3674 3683 3714 ut

2088 3764 2473 3820 cognoscamus
2500 3750 2646 3803 illum
2686 3751 2773 3819 qui
2801 3764 2956 3803 verus
2983 3759 3098 3812 est,
3131 3760 3186 3803 et
3228 3752 3394 3805 simus
3436 3752 3493 3807 in
3526 3770 3676 3817 vero,

2089 3842 2145 3897 in
2183 3842 2319 3896 Filio
2344 3844 2459 3911 ejus
2478 3841 2603 3896 Jesu
2625 3840 2857 3895 Christo.
2888 3840 2983 3894 Hic
3002 3847 3086 3894 est
3111 3856 3268 3895 verus
3289 3841 3451 3907 Deus,
3485 3854 3546 3897 et
3575 3846 3674 3898 vita

2088 3945 2287 3991 mterna
2319 3953 2337 3986 ι
2367 3936 2384 4003 (
2410 3936 2461 3988 1.
2488 3933 2643 3988 Joan.
2673 3935 2726 3989 5.
2751 3931 2875 4004 20).
2912 3934 3031 3999 lste,
3065 3933 3289 4001 fratres,
3320 3944 3373 3989 et
3402 3937 3493 3991 illa
3522 3938 3675 3995 dixit.

2089 4036 2146 4084 et
2168 4027 2281 4082 haec
2309 4026 2631 4096 praedicavit.
2680 4025 2886 4092 Adhuc,
2920 4025 2963 4079 si
2995 4025 3186 4094 placet,
3217 4025 3286 4081 de
3330 4041 3470 4082 voce
3522 4028 3680 4083 Solus

2090 4117 2525 4189 philosophemur
2568 4125 2626 4171 et
2669 4115 3020 4184 disputemus.
3075 4116 3349 4171 Adversus
3392 4118 3675 4173 inﬁdelem

2089 4210 2270 4265 multa:
2296 4209 2501 4279 sagittae
2546 4208 2841 4273 mittantur,
2890 4222 2996 4261 non
3020 4214 3078 4261 ut
3103 4220 3328 4276 corpora
3365 4207 3678 4269 vulnerent.

2090 4300 2185 4355 sed
2232 4308 2291 4354 ut
2336 4298 2627 4353 sententias
2674 4297 2961 4366 corrigam.
3014 4296 3336 4351 Emittantur
3386 4300 3560 4352 verba
3620 4300 3681 4353 ad

2092 4391 2292 4453 ﬁdeles,
2317 4389 2521 4459 sagitta:
2554 4402 2680 4442 vero
2719 4387 2783 4442 ad
2818 4387 3074 4442 inﬁdeles.
3097 4386 3228 4441 Nam
3258 4388 3477 4457 Sagitta:
3503 4399 3687 4459 potel-

2093 4485 2156 4537 tis
2200 4492 2386 4543 acutte,
2417 4479 2592 4549 populi
2629 4480 2719 4531 sub
2760 4489 2806 4531 te
2839 4478 3018 4531 cadent
3062 4477 3172 4549 (b),
3201 4480 3255 4531 in
3302 4479 3457 4532 corde
3502 4482 3684 4534 inimi-

2091 4591 2263 4628 corum
2294 4571 2481 4641 (Psat.
2507 4572 2597 4625 44.
2630 4570 2725 4641 6).
2757 4570 2845 4623 Ait
2867 4585 2996 4639 ergo
3022 4570 3206 4625 beatus
3225 4569 3487 4625 Jeremias
3506 4614 3525 4637 ,
3573 4576 3683 4627 sive

2092 4667 2265 4735 potius
2292 4662 2518 4726 Baruch,
2543 4663 2628 4732 qui
2650 4662 2936 4731 discipulus
2963 4661 3101 4715 illius
3142 4661 3257 4726 fuit,
3286 4661 3423 4716 sicut
3450 4663 3685 4719 Elismus

2092 4758 2259 4811 Elian:
2293 4776 2312 4807 ι
2336 4757 2434 4823 Qui
2481 4758 2792 4825 preparavit
2832 4763 3024 4809 terram
3066 4755 3117 4808 in
3151 4763 3408 4809 :eternum
3441 4766 3682 4827 tempus,

2092 4851 2317 4919 replevit
2366 4866 2482 4905 eam
2536 4851 2788 4919 jumentis
2837 4859 2891 4903 et
2942 4848 3371 4918 quadrupedibus
3424 4865 3438 4901 :
3497 4853 3685 4905 emisit

2080 4943 2290 5009 llumen,
2321 4952 2374 4997 et
2402 4942 2577 5006 vadit;
2619 4943 2828 4997 vocavit
2854 4940 2979 4996 illud
3000 4982 3014 5006 ,
3042 4948 3097 4995 et
3124 4940 3355 4994 obedivit
3382 4941 3459 4995 illi
3489 4942 3547 4996 in
3576 4954 3684 4998 tre-

2094 5053 2262 5092 more.
2298 5037 2477 5092 Stellte
2518 5044 2693 5090 autem
2737 5034 2998 5088 fulserunt
3051 5034 3105 5087 in
3154 5033 3414 5088 custodiis
3460 5035 3603 5101 suis,
3636 5047 3684 5089 et

2094 5129 2284 5183 lzetataa
2298 5137 2441 5192 sunt;
2464 5128 2670 5187 vocavit
2690 5127 2829 5196 ipsas
2844 5124 3041 5189 stellas,
3055 5142 3073 5175 ι
3092 5123 3283 5193 inquit,
3303 5142 3322 5174 ι
3333 5132 3391 5179 et
3402 5124 3679 5183 dixerunt.

2096 5220 2403 5274 Adsumus:
2437 5228 2491 5273 et
2538 5217 2795 5272 fulserunt
2824 5217 2876 5270 in
2906 5215 3086 5272 laetitia
3128 5215 3176 5269 ei
3224 5215 3314 5284 qui
3355 5214 3486 5271 fecit
3529 5216 3676 5271 illas»

2161 5399 2231 5459 (η)
2267 5398 2390 5446 Vide
2414 5408 2557 5459 supra
2580 5398 2630 5444 in
2644 5396 2843 5459 rMonito.

2159 5451 2230 5521 (b3
2264 5460 2318 5508 In
2342 5451 2520 5508 mendo
2542 5464 2619 5507 est
2642 5458 2774 5521 locus
2796 5454 2954 5521 Cyrilli
2970 5453 3292 5521 _Alexandrini
3626 5454 3681 5501 ad

2097 5514 2363 5585 Zachariam
2382 5534 2430 5569 ιι.
2454 5520 2531 5578 60,
2553 5521 2602 5585 in
2626 5514 2952 5580 exquisitione
2970 5516 3113 5585 hujus
3126 5522 3295 5585 teatus
3314 5529 3327 5563 :
3562 5516 3681 5574 ejus,

2099 5584 2359 5646 Itysmgoqi
2378 5618 2393 5641 ,
2517 5576 2600 5643 qui
2620 5576 2787 5631 errant
2809 5591 2972 5646 verant
2995 5576 3085 5627 Dei
3114 5582 3345 5646 nattq'arn
3671 5610 3684 5631 ν

2098 5636 2390 5708 ρῶτιιίἱιάπιζ
2411 5642 2508 5693 illis
2530 5636 2623 5691 non
2646 5649 2848 5708 mortem
2858 5636 3238 5708 Δαπενσεηιεελιᾳά
3261 5636 3555 5708 duritatem
3581 5650 3687 5708 qua

2098 5700 2167 5756 est
2191 5707 2240 5755 in
2263 5700 2476 5759 curiata.
2512 5712 2563 5752 ut
2591 5704 2680 5768 sub
2711 5703 2815 5768 ipso
2844 5700 3017 5765 feriant
3060 5702 3309 5763 Quinimo,
3333 5700 3547 5763 cadmei,
3569 5707 3689 5750 su

2102 5776 2154 5818 et
2177 5782 2304 5817 caeo
2328 5775 2476 5830 t-atet.
2502 5766 2702 5817 Coteler.
