3720 6276
49 296 158 355 ηδ

129 443 204 500 ς’.
259 432 478 502 Ἐπειδὴ
507 431 597 485 τὸν
625 430 819 502 ἐχθρὸν
851 428 1132 500 γυμνάζω,
1161 425 1334 481 ταῦτά
1365 443 1454 498 μοι
1479 427 1629 495 sim-

51 543 178 590 ται,
212 525 302 580 ἵνα
335 524 470 596 μηδέ
497 539 639 586 τινες
664 522 771 575 τῶν
799 520 1102 576 διαϐάλλειν
1133 519 1426 590 φιλούντων
1464 518 1634 572 είπω-

57 636 163 671 σιν·
195 619 339 690 Ὅρα
369 616 482 682 πῶς
503 611 676 679 εἶπεν,
695 616 775 668 ὅτι
803 615 978 668 πάντα
997 613 1090 667 τοῦ
1119 611 1246 666 Υἱοῦ
1275 613 1409 677 ἐστι,
1429 612 1540 678 καὶ,
1573 610 1633 664 '0

55 711 184 774 Υἱὸς
201 709 517 779 φθέγγεται,
537 708 627 762 καὶ
650 705 927 770 ἀπέδειξεν
955 704 1053 777 μὲν
1070 702 1351 774 ἀλλοτρίαν
1376 701 1472 773 τὴν
1502 719 1635 774 προ-

59 801 292 873 φητείαν
321 798 414 854 τοῦ
438 799 668 870 Πατρὸς,
689 797 834 870 [429]
861 797 994 852 ίδίαν
1012 795 1068 848 δέ
1095 795 1189 848 τοῦ
1217 793 1360 851 Υίοῦ.
1397 791 1634 865 Ἔστηκέ

57 911 148 964 μοι
197 892 495 954 ἀσάλευτος
526 892 554 942 6
585 890 711 961 ὄρος
757 888 856 958 τῆς
899 888 1152 951 πίστεως.
1212 886 1384 955 Ἀγών
1413 888 1529 940 ἐστι
1573 885 1635 940 τὸ

53 984 483 1055 γυμναζόμενον.
513 982 772 1052 Δείκνυμι
799 979 1030 1034 ἐνταῦθα
1056 979 1147 1033 τὸν
1174 979 1300 1032 Υίδν
1331 978 1636 1048 φθεγγόμε-

53 1095 168 1139 νον,
194 1079 290 1132 καὶ
315 1078 444 1130 ὅταν
473 1093 532 1128 σε
556 1075 750 1138 πείσω,
780 1074 901 1128 τότε
929 1073 1164 1142 ἐμαυτὸν
1192 1071 1382 1136 πείθω,
1414 1070 1636 1142 Πατέρα

51 1165 322 1222 λαλοῦντα
341 1205 356 1228 ,
391 1165 519 1218 Υίὸν
547 1163 904 1236 κηρύττοντα,
931 1163 990 1216 τὸ
1017 1162 1239 1233 Πνεῦμα
1262 1162 1323 1215 τὸ
1357 1163 1511 1230 ἀγιον
1553 1161 1635 1214 Oe-

55 1258 272 1321 σπίζον.
322 1256 470 1325 Ἐγὼ
505 1255 760 1323 πρῶτον,
791 1254 905 1324 ἐγὼ
936 1253 1034 1307 καί
1077 1255 1228 1323 μετὰ
1281 1253 1498 1318 ταῦτα,
1533 1253 1633 1308 καί

52 1344 228 1409 πλὴν
274 1343 422 1412 ἐμοῦ
455 1343 598 1408 Θεὸς
639 1345 751 1397 οὐκ
797 1342 988 1398 ἐστιν.
1041 1346 1178 1398 Κατ’
1221 1343 1367 1413 ἐμοῦ
1414 1345 1634 1413 ὀμνύω.

53 1434 154 1496 Τίς
187 1435 336 1486 ἐστιν
367 1433 396 1485 6
437 1432 631 1500 λέγων,
675 1433 758 1486 ὅτι
815 1431 961 1502 Ἐγώ
995 1435 1145 1502 ειμι,
1175 1433 1277 1488 καί
1309 1436 1419 1488 οὐκ
1466 1434 1637 1488 ἐστιν

54 1526 292 1588 duae;
343 1524 436 1577 καὶ
473 1525 554 1576 ὅτι
613 1523 708 1576 Ἐκ
749 1525 1048 1593 στόματός
1093 1541 1212 1595 μου
1253 1525 1637 1600 ἐξελεύσεται

52 1617 447 1685 (Summam;
479 1617 595 1680 καὶ,
643 1619 708 1670 οι
741 1617 908 1686 λόγοι
945 1635 1065 1686 μου
1104 1620 1216 1673 οὐκ
1249 1620 1638 1690 ἀποστραφή-

53 1724 292 1763 σονται·
342 1709 430 1762 ὅτι
479 1709 608 1778 ἐμοὶ
659 1708 881 1779 κάμψει
926 1708 1050 1764 πᾶν
1095 1711 1275 1780 γόνυ,
1325 1710 1423 1766 καὶ
1468 1711 1636 1767 πᾶσα

53 1799 310 1872 γλῶσσα
333 1799 840 1871 ἐξομολογήσεται
868 1800 1018 1856 Θεὸν
1042 1801 1149 1855 τὸν
1167 1803 1490 1870 άληθινόν;
1511 1804 1636 1868 Πῶς

52 1892 211 1963 τίθης
234 1892 298 1945 τὸ
323 1891 504 1962 ρἧα;
532 1893 611 1956 είς
632 1892 752 1945 τίνα
773 1891 1129 1964 ἐκλαμϐάνεις
1148 1893 1209 1947 τὸ
1233 1893 1400 1966 ὄνομα
1420 1914 1436 1964 ;
1477 1896 1637 1951 Ἀλλά

59 1985 197 2055 μήτε
219 1985 286 2038 σὺ
313 1983 486 2052 φράξε
515 1983 552 2038 ἃ
583 1983 660 2054 μὴ
698 1981 844 2046 οἶδας
865 2024 880 2048 ,
914 1983 1048 2054 μήτε
1095 1982 1204 2052 ἐγὼ
1233 1984 1634 2057 ἐπαγγέλλομαι

55 2075 92 2128 ἃ.
126 2074 203 2145 μὴ
244 2072 562 2144 ἐπίσταμαι.
608 2070 1086 2140 Ἀκολουθήσωμεν
1130 2071 1431 2142 διδασκάλῳ
1467 2089 1634 2124 πνευ-

57 2165 308 2237 ματικῷ,
353 2164 632 2236 δυναμένῳ
658 2165 806 2234 ἡμᾶς
837 2165 1114 2234 στοιχῆσαι
1157 2163 1296 2234 πρὸς
1335 2163 1633 2217 εὐσέϐειαν.

54 2261 146 2330 Μὴ
188 2259 370 2312 τοίνυν
406 2259 568 2313 ἄκουε
597 2258 724 2326 παρ’
753 2256 922 2328 ἐμοῦ,
950 2257 1063 2310 ἀλλ’
1108 2257 1271 2311 ἄκουε
1315 2257 1432 2327 μετ’
1476 2255 1632 2327 ἐμοῦ.

67 2353 210 2422 Ἐγὼ
255 2354 364 2408 τῶν
420 2350 886 2422 ἐκκλησιαπικῶν
948 2351 1230 2423 δογμάτων
1282 2351 1374 2406 τὸν
1425 2351 1636 2406 Παῦλον

52 2441 172 2499 οῖδα
201 2445 539 2500 διδάσκαλον.
589 2446 756 2500 ’Ὅταν
788 2444 999 2500 Παῦλον
1043 2443 1182 2498 εἴπω
1205 2485 1220 2509 ,
1259 2446 1493 2519 Χριστὸν
1535 2464 1636 2517 κη-

57 2538 258 2609 ρύττω·
294 2539 454 2601 αὐτὸς
482 2537 590 2608 γὰρ
619 2532 686 2607 ἦν
711 2539 740 2591 6
771 2538 828 2590 ἐν
862 2536 1056 2607 Παύλῳ
1081 2536 1468 2608 φθεγγόμενος,
1497 2537 1638 2592 κατά

53 2631 114 2684 τὸ
159 2630 479 2701 εἰρημένον·
529 2631 599 2684 El
647 2627 904 2698 δοκιμὴν
963 2627 1179 2696 ζητεῖτε
1229 2629 1338 2683 τοῦ
1393 2631 1462 2685 ἐν
1505 2631 1634 2701 ἐμοὶ

54 2723 398 2787 λαλοῦντος
423 2721 678 2791 Χριστοῦ
701 2739 721 2788 ;
741 2721 954 2793 Ταύτην
979 2721 1154 2775 τοίνυν
1183 2722 1282 2793 τὴν
1303 2724 1636 2795 προφητείαν

64 2814 291 2869 Ἡσαΐου
325 2814 423 2882 τὴν
457 2813 879 2884 προειρημένην,
921 2813 1003 2877 τὸ,
1047 2811 1192 2881 Ἐγώ
1218 2815 1330 2884 ειμι
1353 2855 1367 2879 ,
1397 2813 1494 2867 καί
1526 2816 1637 2868 οὐκ

51 2906 227 2960 ἐστιν
257 2904 472 2970 ἄλλος·
507 2905 600 2956 καὶ
619 2943 634 2968 ,
663 2905 800 2959 Κατ’
833 2904 1091 2974 ἐμαυτοῦ
1120 2906 1318 2973 ὀμνύω
1339 2944 1353 2963 .
1389 2905 1474 2958 ὅτι
1507 2903 1637 2974 ἐμοι

52 2999 279 3067 κάμψει
316 2995 441 3051 πᾶν
467 2997 631 3066 γόνυ,
667 2997 764 3052 καὶ
795 2995 964 3051 πᾶσα
995 2995 1248 3066 γλῶσσα
1275 2996 1636 3066 ἐξομολογήο

51 3105 224 3143 σεται
256 3088 364 3141 τὸν
397 3089 548 3143 Θεὸν
577 3088 684 3143 τὸν
713 3087 1022 3157 ἀληθινὸν,
1064 3086 1271 3150 Παῦλος
1298 3089 1377 3151 είς
1402 3087 1636 3159 Χριστὸν

51 3179 444 3250 ἀναλαμϐάνει.
480 3181 590 3234 Καὶ
620 3179 723 3233 ποῦ
754 3179 956 3248 ταύτην
987 3179 1260 3251 εὑρίσκεις
1293 3179 1388 3249 τὴν
1420 3179 1635 3232 ἀπόδει-

53 3273 136 3338 ξιν
167 3290 182 3339 ;
224 3271 585 3326 Ἐπιστέλλων
624 3273 914 3342 Ῥωμαίοις
945 3272 1096 3342 φησί·
1128 3271 1211 3326 Σὺ
1237 3271 1306 3324 δὲ
1335 3272 1391 3324 τί
1417 3272 1636 3338 κρίνεις

51 3365 162 3418 τὸν
197 3362 468 3433 ἀδελφόν
511 3379 663 3427 σου;
707 3363 746 3432 ἢ
781 3365 904 3418 καὶ¹
933 3365 1016 3419 σὺ
1063 3365 1120 3418 τί
1161 3363 1500 3430 ἐξουθενεῖς
1531 3365 1637 3417 τὸν

49 3455 323 3524 ἀδελφόν
349 3469 490 3512 εσου
507 3473 527 3521 ;
559 3457 617 3509 τί
646 3456 960 3523 ἀλλήλους
979 3457 1208 3525 κρίνετε
1227 3473 1245 3520 ;
1265 3456 1493 3522 Πάντες
1526 3455 1635 3524 γὰρ

49 3551 567 3618 παραστησόμεθα
618 3548 699 3615 τῷ
749 3549 976 3618 ,βήματι
1025 3550 1134 3604 τοῦ
1189 3549 1469 3618 Χριστοῦ.
1525 3547 1631 3602 Γέ-

50 3657 306 3712 γραπται
331 3639 461 3710 γάρ·
492 3641 583 3696 Ζῶ
607 3641 742 3712 ἐγὼ,
769 3641 931 3712 λέγει
955 3642 1193 3709 Κύριος,
1218 3640 1305 3694 ὅτι
1336 3640 1463 3709 ἐμοὶ
1490 3640 1636 3710 κάμ-

50 3737 155 3802 ψει
183 3733 308 3786 πᾶν
333 3734 498 3800 γόνυ,
517 3733 617 3787 καί
645 3732 814 3789 πᾶσα
840 3732 1094 3803 γλῶσσα
1123 3734 1633 3804 ἐξομολογήσεται

49 3822 164 3876 τὸν
202 3822 354 3876 Θεὸν
384 3821 492 3876 τὸν
534 3824 841 3890 ἀληθινόν.
909 3824 1141 3887 Ἐκεῖνος
1169 3826 1196 3878 6
1238 3824 1447 3893 λέγων·
1490 3825 1635 3894 Ἐγώ

48 3917 190 3983 ειμι,
233 3915 334 3967 καί
373 3915 484 3968 οὐκ
507 3915 680 3968 ἐστιν
704 3915 913 3981 ἄλλος·
951 3915 1079 3970 κατ’
1117 3916 1374 3984 ἐμαυτοῦ
1413 3918 1631 3986 ὀμνύω,

48 4007 144 4062 ὅτι
174 4007 303 4076 ἐμοι
335 4006 559 4076 κάμψει
593 4006 718 4063 πᾶν
747 4009 913 4078 γόνυ.
943 4010 1006 4062 El
1037 4009 1214 4063 τοίνυν
1241 4012 1270 4064 6
1308 4011 1516 4074 Παῦλος
1555 4013 1634 4076 είς

48 4100 291 4172 Χρ¹ιστὸν
319 4098 578 4171 ἀναφέρει
611 4101 709 4171 τὴν
747 4101 1100 4171 προφητείαν·
1135 4103 1164 4156 ὁ
1199 4103 1256 4156 δέ
1288 4105 1345 4156 ἐν
1377 4103 1455 4174 τῷ
1499 4120 1632 4174 προ-

47 4195 200 4264 φήτῃ
230 4193 600 4264 φθεγγόμενος
628 4194 861 4262 Χριστός
892 4196 1032 4258 ἐστι,
1071 4194 1221 4264 λέγει
1245 4196 1300 4248 δὲ
1325 4198 1352 4250 6
1377 4197 1629 4268 Χριστός·

60 4284 215 4352 Ἐγώ
233 4286 351 4352 είμι
376 4285 588 4352 μόνος,
610 4283 708 4338 καὶ
736 4286 847 4338 οὐκ
884 4284 1057 4340 ἔστιν
1088 4285 1297 4351 ἄλλος·
1329 4286 1523 4340 οὐκοῦν
1549 4290 1633 4342 ἐκ·

50 4375 240 4432 ϐάλλει
267 4374 358 4428 τὸν
387 4375 604 4444 Πατέρα
625 4375 727 4444 τῆς
751 4376 1032 4447 θεότητος;
1069 4377 1206 4430 Ἀλλ’
1235 4377 1334 4431 οὐκ
1362 4378 1630 4436 ἐκϐάλλει.

47 4468 242 4538 ὥσπερ
263 4464 358 4520 οὖν
377 4467 476 4520 οὐκ
499 4466 767 4521 ἐκϐάλλει·
799 4468 1090 4540 ἀμέριστος
1124 4469 1232 4539 γάρ
1259 4471 1292 4541 ἡ
1327 4470 1470 4536 δόξα.
1494 4471 1633 4524 Οὐκ-

47 4556 146 4610 οῦν
168 4556 542 4610 ἀποδέδεικται
578 4557 784 4624 σαφῶς,
806 4558 888 4610 ὅτι
902 4557 1051 4611 ὥσπε
1059 4577 1090 4629 ρ
1117 4560 1146 4612 6
1167 4559 1292 4623 Υἱὸς
1316 4560 1442 4614 ὅταν
1463 4559 1630 4628 λέγει.

60 4651 207 4719 Ἐγώ
230 4651 348 4718 ειμι
377 4651 586 4719 μόνος,
624 4651 724 4705 οὐκ
751 4651 998 4705 ἐκϐάλλει
1030 4652 1120 4705 τὸν
1153 4654 1392 4724 Πατέρα·
1438 4655 1631 4722 οὕτως,

45 4744 174 4797 οὐδὲ
219 4745 348 4796 ὅταν
382 4745 510 4814 περὶ
555 4743 767 4815 Πατρδς
800 4743 977 4813 λέγει,
1023 4745 1148 4798 Ἵνα
1179 4747 1520 4815 γινώσκωσί
1559 4767 1632 4804 σε

45 4837 160 4889 τὸν
197 4835 395 4904 μόνον
439 4835 732 4901 ἀληθινὸν
784 4835 951 4900 Θεὸν,
1008 4837 1197 4891 ἐαυτὸν
1234 4839 1483 4910 ἀφορίζει
1532 4840 1632 4909 τῆς

45 4926 332 4997 ἀληθείας.
362 4927 472 4980 Καὶ
493 4926 556 4979 οὐ
584 4925 742 4980 τοῦτο
773 4929 931 4998 μόνον
960 4930 1125 4992 ἰᾶται,
1154 4929 1288 4984 ἀλλὰ
1314 4932 1422 5003 γὰρ
1452 4933 1546 4985 καὶ
1574 4933 1634 4986 τὸ

45 5015 195 5073 εἶναι
223 5017 478 5089 ἀληθινὸν
503 5017 634 5072 Θεὸν
665 5019 756 5074 τὸν
784 5021 1036 5092 Χριστὸν,
1069 5021 1130 5087 ἐξ
1165 5023 1333 5093 αὐτῆς
1361 5023 1460 5093 τῆς
1490 5041 1631 5094 μαρο

45 5109 246 5179 τυρίας
271 5109 623 5181 προφέρεται·
655 5111 846 5181 ἐπάγει
872 5111 981 5182 γάρ
1004 5129 1018 5143 ·
1048 5114 1157 5167 Καὶ
1187 5113 1354 5168 πᾶσα
1383 5114 1632 5184 γλῶσσα

43 5201 563 5268 ἐξομολογήσεται
585 5200 694 5254 τὸν
719 5202 866 5256 Θεὸν
897 5203 1006 5257 τὸν
1029 5203 1340 5270 ἀληθινόν.
1375 5205 1582 5259 Ούκοῦν
1604 5208 1632 5260 6

44 5299 249 5364 λέγων,
289 5297 434 5366 Ἐγὼ
449 5297 659 5364 μόνος,
686 5299 784 5351 καὶ
815 5298 931 5367 ἐγὼ
949 5300 1254 5367 ἀληθινὸς,
1281 5303 1311 5355 6
1337 5303 1462 5366 Υίός
1489 5305 1627 5357 ἐστι.

42 5394 112 5446 Τί
142 5392 322 5447 τοίνυν
349 5391 592 5464 διαφέρει
613 5394 739 5465 περὶ
762 5395 828 5448 τά
855 5396 1094 5466 ῥήματα,
1121 5399 1512 5470 συμφωνούσης
1535 5403 1632 5470 τῆς

40 5488 346 5558 ἀληθείας;
386 5488 535 5541 Διατί
575 5484 667 5542 οῦν
705 5485 847 5557 εἷπε,
881 5491 959 5544 Σέ
991 5491 1098 5544 τὸν
1124 5495 1317 5562 μόνον
1343 5494 1634 5564 ἀληθινὸν

41 5585 223 5648 Θεὸν,
258 5583 549 5648 παιδεύου,
580 5586 673 5638 καὶ
696 5585 772 5658 μὴ
803 5586 999 5657 μάχου.
1048 5588 1106 5642 '0
1132 5589 1322 5660 Σωτὴρ
1340 5593 1633 5665 παιδευτής

39 5685 170 5737 ἐστι
208 5679 308 5737 τοῦ
363 5680 604 5753 κόσμου,
651 5682 945 5755 διορθωτὴς
976 5685 1074 5755 τῆς
1129 5687 1471 5759 οἰκουμένης,
1511 5693 1540 5746 6
1564 5691 1632 5746 τὰ

1035 287 1102 346 IN
1139 286 1365 354 ILLUD,
1401 284 1467 341 IN
1505 282 1650 352 (ξοΛ
1687 282 2114 352 POTESTATE,
2151 282 2300 339 ETC.

3189 276 3330 334 ηις

1736 425 2059 476 πεπτωκότα
2121 423 2373 492 ἐγείρων,
2431 420 2460 473 6
2505 417 2573 473 τὰ
2622 418 3012 491 πεπλανημένα
3058 419 3310 492 ἐπιστρέ-

1731 532 1867 585 φων,
1913 515 2006 570 καὶ
2053 514 2122 568 τὰ
2170 510 2600 582 πεπαλαιωμένα
2643 511 3025 575 ἀνακαινίζων.
3091 511 3348 584 Ἐπειδὴ,

1730 608 1846 679 ⁴ᾔδει
1879 608 1970 660 τὸν
2011 607 2203 660 ἐαυτοῦ
2255 605 2411 674 λόγον
2460 607 2717 676 προϊόντα
2773 605 2868 658 καὶ
2901 604 3196 674 ἰσχύσαντα
3229 608 3308 668 είς

1731 701 1910 754 πᾶσαν
1934 699 2030 772 τὴν
2054 698 2145 752 ὑπ’
2165 697 2414 768 οὐρανὸν,
2447 700 2526 761 είς
2546 695 2828 767 διόρθωσιν
2855 696 2956 768 τῆς
2991 697 3308 768 Ἑλληνικῆς

1731 788 1972 860 πλάνης,
2025 788 2119 842 καὶ
2149 787 2228 851 είς
2262 785 2478 856 ἐλεγχον
2511 785 2609 855 τῆς
2653 783 2948 853 Ἰουδαϊκῆς
2995 784 3306 849 ἀπειθείας,

1728 866 1979 952 δίστομον
2009 880 2272 951 προφέρει
2303 877 2394 932 τὸν
2420 877 2574 946 λόγον
2593 893 2608 907 ·
2642 877 2728 930 ἵνα
2773 875 2839 929 δι’
2870 877 2970 947 ἐμὲ
3022 876 3132 931 Τὸν
3162 877 3308 944 ἀλη-

1731 971 1902 1027 θινὸν
1927 984 1952 1012 ι
1992 973 2089 1026 καί
2119 973 2311 1040 μόνον
2348 972 2523 1024 εἰπεῖν
2558 970 2663 1023 τὸν
2695 967 2864 1032 Θεὸν,
2911 969 3037 1030 τοὺς
3083 966 3309 1030 πολλοὺς

1731 1064 1826 1118 καὶ
1850 1063 2232 1134 ψευδωνύμους
2275 1061 2615 1132 στηλιτεύσῃ·
2660 1059 2749 1112 διά
2787 1060 2843 1113 δὲ
2873 1059 2935 1112 τὸ
2985 1059 3306 1126 ἐπαγαγεῖν,

1733 1157 1842 1211 Καὶ
1866 1153 2306 1220 ὂνάπέστειλας
2328 1153 2606 1224 Χριστὸν,
2623 1153 2749 1215 τοὺς
2770 1151 3219 1223 ἠρνημένουςτὴν
3239 1152 3310 1203 ot-

1732 1250 1987 1321 κονομίαν
2006 1248 2220 1322 ἐλέγξῃ.
2244 1249 2328 1319 Κη
2337 1247 2517 1318 ρύττει
2541 1247 2699 1318 μόνον
2715 1245 2964 1316 ἀληθινὸν
2988 1242 3138 1315 1450]
3154 1244 3304 1297 Θεόν·

1731 1343 1827 1414 οὐχ
1873 1342 2063 1396 ἑαυτὸν
2089 1341 2380 1414 ἀφορίζων,
2415 1341 2548 1394 ἀλλὰ
2585 1338 2681 1392 καὶ
2718 1337 2927 1410 ὄργανα
2968 1338 3066 1408 τῆς
3101 1337 3309 1408 πλάνης

1731 1433 2026 1502 ἀφανίζων.
2055 1431 2164 1485 Καὶ
2193 1432 2280 1484 ἵνα
2312 1429 2507 1502 μάθῃς,
2537 1427 2754 1497 ἀδελφέ,
2776 1428 2857 1481 ὅτι
2884 1426 3047 1490 αὐτός
3070 1429 3184 1481 ἐστι
3214 1428 3308 1480 καὶ

1731 1522 1980 1594 ἀληθινὸς
2011 1523 2173 1588 Θεὸς,
2205 1522 2298 1576 καὶ
2327 1519 2579 1592 ἀληθινοῦ
2615 1518 2751 1573 Θεοῦ
2781 1520 2910 1583 Υἱὸς
2932 1558 2947 1585 ,
2984 1519 3236 1590 Ἰωάννης
3281 1520 3310 1572 6

1731 1612 2154 1686 Εὐαγγελιστὴς,
2192 1615 2249 1667 ἐν
2295 1607 2339 1682 ᾧ
2373 1612 2545 1666 ταῦτα
2578 1612 2886 1684 γέγραπται
2925 1612 3025 1683 (ὲν
3071 1610 3178 1682 γὰρ
3229 1609 3312 1680 τιῖί

1732 1705 2046 1778 Εὐαγγελίῳ
2063 1706 2139 1778 τῷ
2163 1705 2304 1760 κατά
2335 1705 2583 1774 Ἰωάννην
2604 1707 2798 1758 κεῖται·
2813 1704 2946 1758 Ἵνα
2968 1702 3310 1773 γινώσκωσί

1731 1814 1803 1852 σε
1815 1798 1921 1852 τὸν
1933 1799 2125 1868 μόνον
2143 1796 2432 1865 ἀληθινὸν
2455 1797 2644 1865 Θεὸν),
2665 1795 2826 1859 αὐτὸς
2843 1795 3047 1858 ἐκεῖνος
3066 1796 3094 1847 6
3115 1791 3306 1865 κῆρυξ,

1730 1891 1760 1943 6
1784 1888 1956 1943 ταῦτα
1999 1887 2267 1957 κηρύξας,
2292 1888 2450 1950 αὐτὸς
2481 1888 2542 1939 ἐν.
2568 1889 2634 1958 τῇ
2682 1885 2970 1956 Ἐπιστολῇ
3010 1887 3074 1956 τῇ
3111 1883 3306 1937 ἐαυτοῦ

1731 1981 1976 2053 γράφων·
2007 1981 2114 2033 τῶν
2139 1980 2196 2034 δέ
2221 1977 2743 2048 ἐκκλησιαζομένων,
2771 1977 2830 2030 ού
2850 1976 2958 2029 τῶν
2975 1975 3324 2047 ἀποκρύφωνι

1733 2075 1832 2144 μὲν
1860 2074 1892 2144 ἡ
1918 2070 2106 2144 πρώτη
2149 2071 2456 2141 Ἐπιστολή·
2479 2070 2575 2142 τὴν
2599 2070 2708 2141 γὰρ
2733 2069 2986 2140 δευτέραν
3009 2069 3100 2122 καὶ
3119 2068 3274 2139 τρίτη
3290 2087 3306 2118 ι

1730 2171 1779 2224 οί
1801 2169 2042 2240 Πατέρες
2063 2167 2532 2233 ἀποκανονίζουσι.
2557 2167 2668 2238 Τὴν
2708 2165 2891 2237 μέντοι
2917 2165 3141 2238 πρώτην
3167 2167 3304 2220 Ἐπιτ

1733 2259 1924 2330 στολὴν
1938 2260 2174 2322 ἅπαντες
2189 2255 2324 2312 εἶναι
2341 2258 2584 2311 Ἰωάννου
2617 2255 2920 2327 συμφώνως
2941 2257 3306 2327 ἀπεφήναντο.

1732 2349 1798 2406 Τί
1825 2347 1917 2404 οὖν
1946 2353 2150 2416 ἐκεῖνος
2181 2353 2210 2404 6
2239 2353 2389 2422 ἆγιος
2422 2349 2510 2404 διὰ
2549 2349 2652 2420 τῆς
2696 2350 3014 2422 Ἐπιστολῆς
3049 2351 3309 2422 κηρύττει

1732 2443 2014 2513 θεολογῶν,
2052 2444 2338 2516 προσέχειν
2362 2445 2674 2514 ἀναγκαῖον.
2708 2443 2983 2514 Οἴδαμεν,
3017 2445 3309 2517 φησὶν,ἇτι

1733 2539 1766 2591 ό
1812 2538 1943 2603 Υἱὸς
1966 2538 2072 2592 τοῦ
2112 2539 2258 2594 Θεοῦ
2288 2537 2441 2606 ἥκει,
2478 2537 2576 2592 καὶ
2603 2538 2827 2592 ἔδωκεν
2849 2537 2992 2607 ἡμῖν
3016 2537 3306 2600 διάνοιαν,

1731 2631 1832 2684 ἵνα
1867 2629 2250 2700 γινώσκωμεν
2287 2631 2393 2684 τὸν
2425 2631 2736 2698 ἀληθινόν·
2767 2631 2863 2684 καί
2896 2629 3092 2699 ἐσμὲν
3128 2630 3198 2684 ἐν
3230 2627 3322 2695 τῷ.

1731 2719 2028 2789 ἀληθινῷ..
2045 2721 2115 2774 ἐν
2131 2721 2212 2788 τῷ
2241 2721 2350 2787 Υιῷ
2372 2721 2559 2777 αὐτοῦ
2613 2721 2806 2788 Ἰησοῦ
2830 2720 3076 2790 Χριστῷ.
3121 2717 3312 2786 Οὗτός

1731 2813 1901 2868 ἐστιν
1927 2817 1960 2868 ό
1988 2815 2274 2882 ἀληθινὸς
2315 2818 2491 2881 Θεὸς,
2537 2817 2637 2869 καὶ
2676 2813 2787 2883 ζωὴ
2826 2815 3081 2880 αἰώνιος.
3110 2808 3314 2879 Οὗτος,

1731 2904 1968 2975 ἀδελφοὶ,
2017 2908 2242 2960 κάκεῖνα
2270 2903 2427 2971 εἷπε,
2476 2909 2572 2962 καὶ
2621 2906 2796 2962 ταῦτα
2824 2907 3110 2980 ἐκήρυξεν.
3155 2908 3308 2963 Ἐπι⁹

1732 2996 1913 3052 πλεῖον
1947 2999 1995 3052 εί
2042 2998 2188 3051 δοκεῖ
2227 2999 2305 3062 είς
2341 3000 2402 3051 τὸ
2425 3042 2438 3065 ,
2463 3001 2672 3068 μόνος,
2715 2999 3184 3071 φιλοσοφήσωμεν,
3216 3001 3314 3054 καί⁸

1731 3089 2146 3160 ἀγωνισώμεθα.
2177 3091 2318 3162 Πρὸς
2342 3091 2434 3144 τὸν
2463 3092 2688 3146 ἄπιστον
2715 3091 2884 3146 πολλὰ
2911 3092 2980 3145 τὰ
3009 3091 3136 3164 βέλη
3171 3111 3312 3164 πεμ-

1733 3181 1944 3236 πέσθω·
1983 3182 2143 3252 βέλη,
2176 3183 2274 3253 οὐχ
2313 3184 2401 3236 ἵνα
2444 3183 2629 3257 τρώσῃ
2673 3185 2740 3238 τά
2775 3185 3031 3256 σώματα,
3066 3186 3181 3239 ἀλλ’
3222 3187 3310 3241 ἵνα

1729 3273 1998 3348 διορθώσῃ
2055 3275 2122 3328 τὰ
2172 3277 2513 3346 φρονήματα.
2583 3277 2890 3348 Πεμπέσθω
2935 3279 3153 3349 ῥήματα
3210 3281 3310 3348 μὲν

1731 3367 1865 3437 πρὸς
1909 3369 2035 3431 τοὺς
2081 3370 2337 3432 πιστοὺς,
2387 3368 2513 3440 βέλη
2559 3368 2614 3422 δὲ
2661 3369 2796 3441 πρὸς
2850 3372 2974 3436 τοὺς
3025 3371 3305 3435 ἀπίστους.

1737 3459 1811 3513 Τὰ
1863 3459 2020 3528 ,ϐέλη
2055 3460 2084 3500 ὶι
2119 3461 2226 3532 γὰρ
2278 3459 2384 3515 τοῦ
2440 3460 2700 3515 δυνατοῦ
2747 3462 3123 3532 ἠκονημένα,
3178 3465 3309 3522 λαοί

1729 3550 2006 3606 ὑποκάτω
2039 3567 2155 3605 σου
2185 3552 2536 3616 πεσοῦνται,
2571 3553 2639 3605 ἐν
2667 3553 2879 3622 καρδίᾳ
2912 3553 3030 3607 τῶν
3058 3555 3306 3624 ἐχθρῶν.

1730 3641 1893 3710 Λέγει
1956 3642 2135 3696 τοίνυν
2199 3642 2228 3694 ὁ
2291 3644 2558 3713 μακάριος
2630 3642 2937 3715 Ἱερεμίας,
2997 3645 3195 3716 μᾶλλον
3251 3645 3308 3698 δὲ

1729 3731 1942 3803 Βαροὺχ
1995 3733 2024 3784 6
2072 3731 2317 3804 μαθητὴς
2375 3733 2577 3797 αὑτοῦ,
2633 3735 2708 3796 ώς
2753 3737 2782 3788 6
2849 3735 3148 3800 Ἐλισσαῖος
3213 3737 3310 3789 τοῦ

1743 3829 1945 3893 Ἰίλίου,
1989 3830 2051 3883 '0
2083 3830 2540 3896 κατασκευάσας
2572 3830 2686 3898 τήν
2717 3829 2834 3900 γῆν
2861 3834 2946 3896 εἰς
2991 3832 3097 3885 τὸν
3125 3833 3314 3887 αἰῶνα

1731 3928 1973 3994 χρόνον,
2016 3925 2357 3993 ἐνέπλησεν
2383 3927 2578 3994 αὐτὴν
2608 3927 2842 3995 κτηνῶν
2874 3945 2936 3982 τε
2975 3930 3072 3984 καί
3107 3947 3309 3998 τετρα-

1731 4019 1951 4074 πόδων·
1983 4020 2303 4075 ἀπέστειλε
2340 4023 2404 4074 τὸ
2435 4020 2596 4090 φῶς,
2644 4025 2740 4078 καὶ
2780 4024 3129 4090 πορεύεται·
3165 4024 3307 4078 ἐκάε-

1727 4119 1913 4170 λεσεν
1949 4116 2118 4178 αὐτὸ,
2151 4116 2252 4170 καὶ
2295 4117 2648 4184 ὑπήκουσεν
2693 4119 2854 4185 αὺτῷ
2892 4121 3104 4190 τρόμῳ.
3131 4125 3212 4174 οι.
3240 4121 3324 4175 δὲ·

1729 4211 1979 4280 ἀστέρες
2017 4212 2301 4280 ἔλαμψαν
2344 4213 2415 4266 ἐν
2453 4213 2582 4280 ταῖς
2609 4216 2912 4284 φυλακαῖς
2955 4216 3173 4280 αὐτῶν,
3210 4219 3308 4271 και

1729 4307 2172 4377 εὐφράνθησαν.
2225 4309 2554 4363 Ἐκάλεσεν
2581 4311 2804 4378 αὐτοὺς
2832 4312 2976 4380 τοὺς
3011 4314 3272 4383 ἀστέρας
3287 4356 3302 4378 .

1731 4403 1865 4473 φησὶ
1885 4442 1900 4468 ,
1928 4402 2026 4456 καί
2061 4399 2259 4465 εἶπαν,
2299 4403 2637 4475 Πάρεσμεν·
2667 4408 2764 4460 καὶ
2793 4410 3076 4479 ἔλαμψαν
3111 4411 3182 4464 ἐν
3207 4414 3308 4465 σὺ·

1731 4501 2006 4569 φροσύνῃ
2032 4499 2111 4566 τῷ
2137 4501 2459 4569 ποιήσαντι
2491 4505 2736 4570 αὐτούς.
2770 4507 2881 4559 Καὶ
2909 4507 3147 4562 τοσαῦτα
3195 4509 3310 4562 θεο-

1730 4599 1963 4669 λογήσας
1983 4637 1996 4660 ,
2030 4598 2213 4669 φησίν·
2239 4594 2426 4665 Οὗτος
2453 4603 2486 4652 ό
2523 4600 2666 4666 Θεὸς
2693 4600 2881 4669 ήμῶν,
2911 4605 2984 4657 οὐ
3022 4606 3309 4674 λογισθή-

1731 4713 1899 4750 σεται
1941 4695 2142 4764 ἓτερος
2183 4695 2334 4762 πρὸς
2369 4697 2576 4749 αὐτόν.
2614 4697 2852 4768 Πρόσεχε
2883 4700 3158 4769 ἀκριϐῶςς
3194 4703 3310 4766 πῶς

1731 4791 2007 4845 ἀποκλείει
2033 4791 2108 4861 τῷ
2137 4792 2325 4861 ἑτέρῳ.
2351 4793 2434 4844 Οὺ
2475 4792 2900 4861 λογισθήσεται
2937 4795 3134 4866 ἔτερος
3158 4799 3308 4866 πρὸς

1730 4887 1934 4940 αὐτόν.
1986 4887 2217 4955 Ἐξεῦρε
2237 4886 2446 4942 πᾶσαν
2473 4889 2617 4941 όὸὸν
2645 4889 3008 4960 ἐπιστήμης,
3044 4893 3143 4947 καὶ
3165 4893 3308 4947 ἔδω-

1731 5001 1838 5037 κεν
1863 4985 2059 5050 αὐτὴν
2104 4984 2310 5038 Ἰακὼό
2349 4985 2430 5050 τῷ
2455 4986 2618 5039 παιδὶ
2647 4989 2870 5052 αὑτοῦ,
2918 4990 3014 5044 καί
3062 4992 3330 5060 Ἰσραὴλ-

1730 5079 1810 5145 τῷ
1832 5081 2187 5152 ἠγαπημένῳ
2205 5083 2306 5136 ὑπ’
2327 5082 2531 5137 αὐτοῦ.
2559 5085 2720 5140 Μετὰ
2743 5085 2923 5141 ταῦτα
2940 5089 3037 5142 ἐπὶ
3062 5087 3171 5160 τῆς
3193 5089 3332 5161 γῆς⁴
3365 5105 3390 5130 ο

1725 5383 1730 5388 δ
1795 5335 1820 5396 9
1863 5335 2079 5384 Coleler.
2101 5333 2223 5396 conj.
2251 5335 2328 5382 διά
2348 5335 2430 5396 μὲν
2449 5336 2504 5383 τὸ
2526 5353 2568 5384 τ.
2605 5337 2680 5385 ἀλ.

1792 5395 1821 5436 δ
1852 5397 2036 5458 Αεγτῑιι.
2079 5395 2248 5453 Μελίη
2279 5395 2356 5458 ,ἱιι
2389 5399 2722 5458 exquisitione
2774 5398 2918 5458 hujus
2952 5404 3119 5448 textus
3142 5419 3153 5447 :
3179 5400 3303 5455 Βέλη

1732 5455 1879 5521 αῦτοῦ
1905 5455 1955 5504 οἱ
1982 5457 2310 5521 μυσταγωγοί·
2355 5455 2544 5514 τοὺσδὲ
2584 5477 2636 5519 γε
2668 5455 3079 5521 πεπλανημένους,
3107 5461 3187 5507 καὶ
3224 5461 3300 5506 τὸν

1763 5517 1868 5566 ὐσει
1887 5535 1940 5567 τε
1969 5517 2048 5567 καὶ
2071 5517 2256 5576 ἀληθῶς
2287 5521 2406 5568 θεὸν
2437 5521 2524 5568 οὐκ
2558 5517 2756 5578 εἰδότας,
2783 5517 3090 5578 πλήττουσιν.
3123 5522 3208 5568 οὐκ
3243 5522 3305 5576 εἰς

1771 5579 1958 5654 ἱνατογ,
1973 5580 2162 5654 ἀλλ”είς
2183 5580 2370 5654 ἀγάπην
2382 5581 2888 5654 αύτρὺςηάπρφέροντες
2916 5584 3000 5654 τῂν
3024 5583 3076 5654 ἐν·
3095 5582 3304 5643 Χριστῷ,

1730 5642 1807 5688 ἵνα
1842 5642 1923 5688 καὶ
1941 5641 2168 5688 ὑποκάτω
2190 5640 2409 5690 τύπτοιεν
2443 5641 2604 5690 αὐτοῦ.
2649 5640 2743 5693 Ubi
2791 5640 3162 5693 rescribendum
3195 5640 3330 5694 essm.

1733 5702 1966 5764 πίπτοιεν,
1994 5703 2071 5752 vel
2097 5714 2225 5752 caeco
2251 5709 2403 5764 patet.
2424 5703 2658 5754 Cornum.
