3704 6274
421 342 613 410 ὤφθη,
638 338 737 393 καί
764 346 884 406 τοῖς
906 341 1233 409 ἀνθρώποις
1260 344 1725 417 συνανεστράρη
1758 361 1804 402 ι.
1829 343 1997 413 0610;

420 428 450 479 6
475 426 605 489 Θεὸς
632 426 808 497 ἡμῶν,
837 428 970 497 πρὸς
996 428 1054 480 ὃν
1083 431 1164 483 Οὐ
1184 431 1610 500 λογισθήσεται
1630 434 1827 503 ἔτερος
1850 436 1999 505 πρὸς

418 511 740 579 αὺτὸν,ἐπί
761 510 866 580 τῆς
894 513 1203 584 γῆςᾶψθη,
1229 516 1468 583 καὶτοῖς
1492 521 1820 589 ἀνθρώποις
1848 538 1997 576 συν-

418 598 765 668 ανεστράςρη
787 601 939 670 μετὰ
974 602 1179 658 ταῦτα.
1228 604 1391 676 Ὁρᾷς
1420 606 1518 677 τὴν
1549 607 1803 678 ἀλήθειαν
1823 609 1998 678 ἠσφα-

418 689 679 760 λισμένην
702 707 716 755 ;
744 690 886 761 Ὅρα
909 690 1025 755 πῶς
1045 692 1106 745 06
1126 692 1309 746 δίδωσι
1330 695 1684 763 παρείσδυσιν
1711 700 1776 768 τῇ
1801 697 1995 771 πλάνῃ,

420 777 505 830 ἴνα
525 776 600 848 μὴ
637 778 889 842 Ἰουδαῖος
905 781 1278 852 συκοφαντήσῃ
1306 780 1403 852 τὴν
1428 783 1704 852 ἀλήθειαν,
1729 784 1823 838 καὶ
1846 785 1995 856 εἴπῃ,

419 865 501 917 ὅτι
533 866 562 918 6
594 864 726 928 Θεὸς
757 863 910 936 ὤφθη
934 865 1011 936 τῷ
1041 866 1264 938 Μωῦσῇ·
1284 860 1447 940 ὤφθη
1477 870 1585 941 γὰρ
1607 870 1739 934 Θεὸς
1769 874 1826 925 ἐν
1859 871 1994 942 δρει.

421 951 559 1021 11a9‘
596 949 758 1003 a616v
791 951 891 1004 οὐκ
938 952 1083 1005 ἐστιν
1114 952 1295 1016 ἄλλος’
1341 956 1436 1008 καὶ
1477 955 1577 1009 υύκ
1622 956 1872 1011 ἐκϐάλλει
1907 957 1999 1013 τὸν

421 1036 641 1108 Πατέρα
667 1037 767 1108 τῆς
795 1038 979 1109 θεῖκῆς
1024 1038 1199 1104 ἀξίας.
1228 1041 1419 1113 Πατὴρ
1468 1043 1563 1097 ἐὰν
1605 1042 1777 1116 κληθῇ
1817 1043 1996 1115 μόνος,

420 1126 650 1197 ἐξορίζει
688 1126 779 1179 τὸν
826 1126 952 1180 Υίὸν
995 1128 1093 1197 τῆς
1138 1130 1196 1182 ἐν
1239 1128 1313 1199 τῷ
1356 1128 1627 1201 ἀξιώματι
1673 1133 1995 1199 κοινωνίας;

420 1213 589 1267 Ὅταν
613 1214 746 1286 λέγῃ
768 1216 800 1267 6
823 1214 976 1279 Θεὸς,
1002 1215 1164 1268 αὐτὸν
1195 1211 1332 1270 εἶναι
1363 1217 1457 1270 καὶ
1493 1217 1653 1289 μόνον
1676 1219 1803 1285 ἕνα,
1832 1220 1860 1272 6
1887 1220 1999 1273 Πα-

416 1300 540 1372 τὴρ,
568 1301 602 1373 ἢ
634 1302 663 1353 6
712 1302 856 1366 Υἱὸς,
886 1304 949 1356 ού
976 1302 1074 1373 τὴν
1104 1303 1239 1360 ίδίαν
1267 1304 1511 1376 ἀρνεῖται
1537 1307 1634 1376 τῆς
1675 1308 1887 1375 φύσεως
1921 1310 1997 1361 0E—

418 1390 976 1465 κειότητα.ἱ451]ούχ
1002 1394 1030 1445 6
1060 1394 1249 1465 Πατὴρ
1270 1395 1358 1447 τὸν
1387 1394 1516 1448 Υίὸν
1546 1394 1816 1461 ἐκϐάλλει,
1850 1396 1947 1467 οὐχ
1968 1398 1996 1450 6

420 1479 547 1543 Υἱὸς
564 1478 750 1533 ἀθετεῖ
768 1481 858 1535 τὸν
874 1481 1111 1552 Πατέρα·
1132 1482 1246 1536 ἀλλ’
1267 1482 1394 1536 ὅταν
1410 1482 1479 1536 τὰ
1509 1482 1732 1537 τοιαῦτα
1752 1483 1993 1554 λέγηται,

418 1568 559 1638 πρὸς
580 1568 680 1640 τὴν
714 1569 922 1640 πλάνην
953 1571 1052 1640 τὴν
1081 1570 1192 1624 τῶν
1223 1570 1455 1625 είδώλων
1486 1572 1514 1626 6
1543 1571 1720 1640 λόγος.
1753 1572 1819 1625 Τί
1858 1573 1998 1627 κατὰ

416 1656 512 1709 τοῦ
535 1657 869 1725 Μονογενοῦς
889 1657 1235 1729 βλασφημίαν
1259 1659 1688 1723 κατασκευάζεις
1709 1677 1723 1724 ;
1746 1659 1999 1723 Εἰδώλοις

415 1742 478 1796 οὐ
513 1742 727 1797 δίδωσιν
750 1745 779 1797 6
803 1744 933 1799 Θεὸς
957 1744 1056 1816 τὴν
1084 1744 1241 1810 δόξαν
1273 1745 1458 1807 αὑτοῦ,
1489 1746 1522 1817 ἢ
1550 1746 1669 1800 οὐδὲ
1698 1746 1776 1818 τῷ
1815 1748 1874 1813 ἐξ
1902 1748 1998 1803 a6-

414 1829 510 1884 τοῦ
537 1830 849 1902 γεννηθέντι
882 1831 1099 1897 δίδωσι;
1138 1833 1247 1887 Καὶ
1278 1832 1488 1886 δίδωσιν
1513 1833 1540 1872 δ
1562 1872 1576 1898 ,
1608 1833 1668 1885 οὐ
1720 1834 1857 1887 κατά
1897 1833 1997 1903 χά-

418 1934 521 1982 οιν,
552 1918 689 1973 ἀλλά
718 1920 814 1977 καὶ
854 1920 995 1976 κατά
1032 1920 1131 1991 τὴν
1169 1919 1270 1989 τῆς
1308 1920 1521 1989 φύσεως
1553 1920 1855 1974 κοινωνίαν.
1888 1921 1997 1974 Καὶ

415 2005 579 2059 πόθεν
628 2008 661 2077 ή
698 2006 968 2073 ἀπόδειξις
997 2007 1078 2059 ὅτι
1105 2007 1367 2077 λαμϐάνει
1388 2005 1544 2072 δόξαν
1580 2007 1792 2079 Πατρὸς
1819 2010 1847 2060 6
1868 2009 1998 2078 Χρι-

416 2093 572 2156 στός;
603 2088 739 2149 Είπε
771 2093 879 2166 γάρ
902 2109 916 2123 ·
958 2093 1162 2161 Ἑτέρῳ
1193 2094 1307 2160 τὴν
1336 2094 1527 2157 δόξαν
1550 2112 1669 2163 μου
1702 2097 1775 2149 οὐ
1804 2094 1993 2150 δώσω.

490 2181 559 2244 ζ’.
608 2181 805 2234 ¹Ἀκουε
841 2180 956 2246 πῶς
1002 2181 1164 2244 αὐτὸς
1196 2184 1224 2234 6
1252 2182 1443 2253 Σωτὴρ
1482 2181 1861 2252 διαλεγόμενος
1887 2184 1999 2244 τοῖς

417 2266 759 2331 ’Λποστόλοις
780 2267 933 2339 φησί’
961 2256 1146 2321 Ὅταν
1172 2268 1316 2337 ἔλθῃ
1346 2271 1379 2322 ό
1402 2267 1532 2334 Υἱὸς
1556 2267 1663 2322 τοῦ
1685 2266 1999 2336 ἀνθρώπου

414 2355 487 2407 ἐν
521 2352 597 2421 τῇ
625 2353 774 2422 δόξῃ
809 2354 914 2408 τοῦ
946 2355 1178 2422 Πατρός
1205 2353 1413 2418 αὑτοῦ,
1440 2354 1647 2409 ἐκείνου
1673 2356 1999 2426 προειρηκό-

420 2460 530 2511 ὀς,
550 2443 633 2498 ὄτι
664 2446 781 2512 Τὴν
801 2443 988 2508 δόξαν
1016 2461 1128 2512 μου
1150 2442 1326 2512 ἑτέρῳ
1348 2445 1422 2499 οὐ
1448 2443 1639 2499 δώσω.
1675 2443 2000 2516 Ἐρεύνησον

414 2531 475 2582 τὸ
501 2529 674 2606 ῥῆμα,
696 2529 795 2584 καὶ
809 2530 1062 2601 εὑρήσεις
1083 2530 1143 2583 τὸ
1163 2530 1360 2607 νόημα.
1390 2531 1509 2600 Τὴν
1526 2530 1715 2597 δόξαν
1733 2551 1874 2602 μου,
1900 2534 2000 2586 οὐκ

414 2613 559 2679 εἷπε,
581 2602 659 2688 τῷ
686 2615 801 2687 Υίῷ
825 2634 928 2686 μου
947 2617 1008 2670 οὐ
1032 2602 1206 2680 δώσω,
1227 2617 1362 2683 ἀλλ’,
1380 2616 1591 2686 Ἑτέρφ
1615 2621 1688 2674 οὐ
1712 2619 1903 2675 δώσω.
1927 2619 2001 2672 Τὸ

415 2704 474 2757 δὲ
497 2703 682 2776 ἕτερόν
706 2705 822 2757 ἐστι
845 2703 907 2756 τὸ
931 2706 1030 2776 τῆς
1054 2703 1385 2775 οίκειότητος
1423 2704 1727 2776 ἀλλότριον,
1775 2705 1869 2759 καὶ
1897 2704 2000 2776 τῆς

416 2789 633 2857 φύσεως
660 2790 1161 2861 ἀπεσχοινισμένον
1188 2792 1216 2844 6
1247 2790 1304 2845 δὲ
1339 2790 1466 2855 Υίὸς
1493 2793 1593 2845 οὐκ
1621 2791 1768 2845 ἐστιν
1791 2792 1996 2863 ἕτερος-⁸

323 2944 335 2956 ⁸
429 2879 577 2949 Ἐγὼ
600 2880 708 2951 γὰρ
729 2880 826 2934 καὶ
858 2883 892 2934 ό
920 2878 1122 2947 Πατὴρ
1142 2880 1212 2933 ἓν
1229 2881 1432 2946 ἐσμεν.
1476 2881 1872 2938 Ἀποδέδεικται
1891 2881 2000 2935 τοί-

416 2985 516 3022 νυν
530 2968 815 3037 σαφῶς,τὸ,
825 2968 948 3022 ’Ἰν-α
961 2966 1302 3037 γινώσκωσί
1312 2982 1385 3022 σε
1401 2967 2000 3037 τὸνμόνονάληθινὸν

420 3055 587 3115 Θεὸν,
616 3054 715 3108 οὐκ
746 3056 988 3126 ἀναιρεῖν
1017 3054 1079 3107 τὸ
1107 3050 1247 3109 εἶναι
1284 3054 1372 3107 τὸν
1413 3054 1539 3108 Υἱὸν
1565 3055 1696 3109 Θεὸν
1723 3054 1994 3127 ἀληθινόν.

414 3142 509 3215 Μὴ
538 3142 871 3215 συνεκϐάλῃς
895 3142 985 3196 τὸν
1002 3142 1158 3210 λόγον
1178 3144 1258 3206 είς
1281 3142 1552 3213 διαϐολὴν,
1578 3142 1654 3207 ὡς
1679 3143 1773 3197 τοῦ
1800 3146 1998 3216 νοήμα-

414 3245 507 3295 τος
537 3228 813 3301 μετεώρου
841 3227 1310 3297 καταλειφθέντοςο
1352 3230 1489 3301 ὅπερ
1518 3229 1819 3284 πεπόνθασι
1852 3248 1997 3294 τινες

414 3318 524 3370 τῶν
556 3316 801 3387 ἀδελφῶν
837 3316 966 3387 περὶ
1005 3316 1097 3370 τοῦ
1128 3316 1411 3388 ποτηρίου.
1456 3317 1543 3380 Ὠς
1578 3318 1685 3388 γὰρ
1727 3317 1878 3371 λύσιν
1920 3318 1995 3389 μὴ

413 3402 670 3467 λαβόντος
710 3403 802 3461 τοῦ
829 3406 1127 3476 νοήματος,
1168 3405 1341 3469 οὕτως
1379 3405 1659 3476 ἐπήγαγον
1695 3404 1765 3460 τά
1795 3405 1994 3476 ἐγκλή-

420 3508 588 3562 ματα.
627 3492 908 3563 Ἐκκρεμῆ
940 3492 1049 3564 γὰρ
1069 3531 1084 3554 ,
1120 3494 1254 3564 φησὶ
1274 3532 1288 3557 ,
1315 3493 1408 3546 καὶ
1442 3493 1714 3563 μετέωρον
1739 3492 1995 3547 κατέλιπε

415 3578 516 3651 τὴν
550 3578 811 3659 ἐξέτασιν.
855 3580 920 3632 Τί
970 3579 1028 3633 δέ
1068 3576 1159 3650 ἦν,
1192 3580 1444 3649 ἀδελφοὶ,
1489 3580 1650 3633 πλέον
1688 3582 1895 3648 είπεῖν;
1942 3580 1994 3634 τί

416 3667 554 3739 πρὸς
579 3667 853 3734 ἀπόδειξιν
880 3667 985 3721 ἔδει
1008 3670 1121 3731 τοῖς
1146 3670 1598 3740 προειρημένοις;
1637 3668 1860 3739 Πρῶτον
1896 3668 1995 3739 μὲν

416 3757 549 3827 γάρ,
588 3757 658 3811 El
701 3755 982 3819 δυνατὸν,
1029 3754 1373 3821 παρελθάτω
1403 3754 1505 3808 ἀπ’
1542 3754 1689 3823 ἐμοῦ
1713 3757 1777 3809 τὸ
1810 3754 1993 3822 ποτή-

408 3858 566 3909 ριονο
618 3841 714 3894 καὶ
754 3842 891 3913 πρὸς
932 3840 994 3894 τὸ
1037 3841 1142 3893 ὑπὸ
1177 3840 1278 3911 τῆς
1318 3840 1515 3907 λέξεως
1560 3841 1994 3913 ύποὸαλλόμενον

417 3931 587 3997 (δοκεῖ
615 3933 724 4003 γάρ
749 3950 867 3996 πως
903 3934 937 4004 ἡ
975 3932 1121 3998 λέξις
1161 3932 1253 4001 ὑφ’
1281 3931 1472 4001 ἑτέραν
1506 3930 1751 3997 ἐξουσίαν
1781 3931 1994 3985 τάττειν

413 4019 506 4073 τὸν
541 4019 882 4089 ἱκετεύοντα)
918 4018 1269 4089 παρεθέμεθα
1308 4017 1409 4087 τὴν
1437 4018 1618 4086 φωνὴν
1651 4017 1867 4087 ἐκείνην
1892 4018 1993 4086 τὴν

412 4105 510 4161 τοῦ
535 4106 739 4179 Κυρίου
758 4147 773 4172 ,
804 4107 986 4177 πάσης
1012 4106 1089 4167 ὡς
1117 4104 1333 4175 ἀληθῶς
1363 4104 1550 4174 θεῖκῆς
1582 4102 1867 4167 αὑθεντίας
1896 4103 1992 4172 γέ-

417 4212 646 4264 μουσαν,
696 4196 789 4250 καὶ
823 4195 923 4266 τὴν
967 4193 1065 4248 τοῦ
1107 4193 1355 4261 λέγοντος
1398 4190 1556 4258 ἀξίαν
1595 4191 1948 4266 παριστῶσαν
1973 4208 1987 4224 ο

428 4283 746 4347 Ἐξουοιίαν
771 4284 888 4352 ἔχω
912 4281 1098 4337 θεῖναι
1134 4279 1249 4348 τὴν
1280 4278 1492 4349 ψυχήν
1513 4296 1655 4349 μου,
1692 4278 1794 4333 καί
1824 4279 1989 4344 ἐξου-

408 4371 562 4425 σίαν
583 4369 703 4439 ἔχω
732 4369 941 4426 λαϐεῖν
964 4368 1159 4435 αὑτήν
1182 4384 1196 4398 ο
1229 4367 1321 4423 καὶ
1341 4367 1423 4423 ὅτι
1445 4366 1507 4419 τὸ
1535 4366 1654 4436 μὲν,
1684 4366 1859 4434 Ἕχω,
1889 4367 1989 4437 τῆς

415 4459 667 4528 θεότητος
694 4457 845 4522 ἴδιον,
877 4456 940 4510 τὸ
968 4457 1023 4509 δὲ
1043 4494 1059 4519 ,
1096 4458 1165 4511 El
1192 4454 1474 4517 δυνατὸν,
1502 4454 1848 4522 παρελθάτω
1882 4456 1985 4510 ἀπ’

412 4542 561 4612 ἐμοῦ
592 4542 657 4596 τὸ
678 4541 965 4611 ποτήριον
995 4542 1203 4604 τοῦτο,
1245 4542 1309 4595 ἐκ
1336 4540 1628 4615 προσώπου
1658 4540 1757 4610 τῆς
1785 4542 1986 4612 σαρκὸς

416 4629 654 4701 ἐλέγετο,
685 4631 779 4687 καὶ
797 4631 897 4685 οὐκ
920 4631 985 4682 ἐκ
1013 4628 1304 4700 προσώπου
1329 4629 1427 4704 τῆς
1459 4628 1708 4700 θεότητος
1734 4645 1747 4658 ·
1779 4630 1871 4682 καὶ
1895 4631 1988 4683 ἐπὶ

320 4776 323 4792 ι
414 4715 619 4772 τούτων
651 4717 820 4787 αὐτὴν
847 4717 1010 4771 πάλιν
1033 4717 1130 4793 τὴν
1152 4716 1482 4786 Δεσποτικὴν
1507 4716 1814 4785 ἐστήσαμεν
1848 4734 1987 4787 μαρ-

411 4804 604 4875 τυρίαν
631 4786 1126 4875 ἐπισφραγίζουσαν
1150 4822 1161 4833 ·
1189 4802 1270 4856 διὸ
1290 4802 1458 4871 ἔλεγε,
1489 4802 1560 4857 Τό
1582 4801 1817 4871 πνεῦμα
1845 4786 1987 4871 πρό-

324 4884 325 4887 “
412 4896 622 4961 θυμον,
657 4892 695 4959 ἡ
732 4890 800 4943 δὲ
827 4889 985 4961 σὰρξ
1022 4889 1316 4957 ἁσθενής’
1360 4889 1454 4943 καὶ
1483 4890 1981 4961 ἐπεσημηνάμεθα,

412 4980 493 5031 ὅτι
522 4977 586 5047 δὴ
615 4978 723 5031 τῶν
750 4978 1116 5033 ἀτοπωτάτων
1144 4978 1315 5039 ἐστὶν.
1344 4978 1505 5032 αὐτοῦ
1532 4978 1623 5030 τοῦ
1652 4980 1856 5050 Κυρίου
1886 4981 1986 5049 τῆς

334 5074 357 5099 ⁸
417 5064 615 5137 σαρκὸς
643 5065 1055 5135 ἐπιγράφοντος,
1086 5068 1230 5136 ἡμᾶς
1252 5069 1319 5136 τῇ
1344 5066 1596 5137 αὑθεντίᾳ
1615 5068 1711 5137 τῆς
1733 5068 1984 5137 θεότητος

414 5152 756 5222 ἐπιρῤίπτειν
789 5152 882 5203 τοῦ
919 5154 1158 5222 ῥήματος
1189 5152 1286 5222 τὴν
1334 5152 1623 5206 εὐτέλειαν.
1669 5154 1806 5205 Ἀλλ’
1844 5154 1984 5207 ὥστε

414 5239 507 5293 καὶ
553 5238 643 5290 τὸν
689 5238 889 5290 σκοπὸν
934 5237 1027 5290 τοῦ
1071 5239 1276 5313 Κυρίου
1329 5240 1787 5315 παραστήσωμεν,
1839 5239 1983 5303 τίνος

474 5403 501 5431 ⁸
534 5400 897 5464 Intolerandum
921 5400 1171 5464 mendum,
1217 5401 1702 5464 mva19epépevoc,_
1728 5403 1779 5464 _in
1808 5402 1985 5458 Catena

474 5418 501 5431 “
534 5418 897 5450 IuwIeranaum
921 5418 1171 5456 mvnuum,
1217 5418 1418 5450 συνανατ
1449 5418 1686 5464 εφομενος,
1728 5418 1779 5448 Ill
1808 5418 1982 5458 balenq

414 5465 581 5523 Marci,
615 5463 675 5524 ad
720 5475 823 5524 Cap.
864 5463 911 5520 2,
936 5475 1067 5510 vers.
1115 5462 1185 5510 I0.
1231 5465 1372 5524 Apud
1413 5418 1645 5521 (gyrinmn
1692 5461 1826 5510 lib.8
1866 5477 1982 5510 cou-

411 5533 484 5574 u'a
526 5523 798 5588 Julianum:
822 5538 889 5588 pL
911 5524 1019 5588 286,
1064 5528 1489 5588 OU‘fsd-TQ’I’W‘EH'O
1530 5524 1898 5586 συνανεστράφη,
1932 5531 1982 5581 et

414 5587 766 5647 Glaphymrum
786 5585 837 5635 in
860 5586 1074 5635 Exodum
1099 5585 1178 5634 lib.
1200 5585 1247 5641 2,
1271 5585 1317 5647 ρ.
1341 5585 1445 5636 296.
1473 5588 1702 5637 Cornum.

473 5647 500 5695 υ
523 5646 808 5711 Legenddm
835 5648 1028 5697 videtur
1050 5648 1157 5707 Nai,
1186 5646 1394 5697 δίδωσιν.

3561 271 3658 325 ινδ

2102 371 2285 425 ἕνεκεν
2322 374 2470 443 ἔλεγε
2491 415 2505 439 ,
2548 377 2900 444 Παρελθὰτω
2931 380 3031 434 ἀπ’
3062 378 3208 450 ἐμοῦ
3239 380 3307 435 τό
3342 381 3657 451 ποτήριον-

2098 459 2172 522 ὡς
2204 460 2263 512 οὗ
2295 461 2508 530 φεύγων
2532 463 2623 516 τοῦ
2652 467 2885 535 σταυροῦ
2913 466 3011 537 τὴν
3038 469 3347 540 οἰκονομίαν
3374 476 3661 541 παρῃτεῖτο

2098 545 2187 599 τὸν
2217 546 2462 611 θάνατον,
2490 549 2623 605 ἀλλά
2645 550 2736 605 διὰ
2760 553 2822 605 16
2850 555 2975 616 106;
3009 554 3264 626 ἀπείρους
3286 559 3353 627 τῇ
3388 557 3663 625 οἰκονομία

2102 633 2312 703 μέλλειν
2336 636 2427 689 ἐπὶ
2445 637 2523 707 τῷ
2550 636 2768 710 σταυρῷ
2794 640 3255 704 σκανδαλίζεσθαι.
3278 641 3447 713 ταύτῃ
3472 644 3660 713 κέχρη-

2097 739 2184 774 ται
2214 725 2280 793 τῇ
2303 728 2473 796 φωνῇ.
2501 726 2612 780 Καὶ
2642 727 2801 781 πάλιν
2829 728 3158 799 ἠκολούθησε
3184 730 3358 801 ταύτῃ
3387 733 3451 801 τῇ
3487 732 3660 801 ἐννοίᾳ

2096 811 2130 880 ἡ
2164 810 2453 883 μαρτυρία.
2488 804 2946 884 Προσεύχεσθε,
2989 817 3090 870 ἶνα
3115 817 3202 886 μὴ
3231 816 3547 885 είσέλθητε
3582 821 3662 885 είς

2098 900 2448 967 πειρασμόν.
2495 902 2712 973 Ἐτεροι
2754 902 2811 957 δέ
2859 905 3325 976 ἐσυκοφάντησαν,
3381 904 3458 968 ὡς
3512 907 3663 975 ήμῶν

2097 984 2425 1056 εἰρηκότων·
2459 989 2506 1041 εί
2548 989 2817 1059 ἐνδέχεται
2865 992 3040 1061 ἑτέρῳ
3079 992 3265 1063 τρόπῳ
3304 991 3537 1046 θανάτου
3568 995 3661 1063 την

2096 1072 2403 1143 οίκονομίαν
2440 1074 2811 1147 ἐκπληρῶσαι.
2841 1076 3013 1131 Τοῦτο
3041 1078 3097 1132 δέ
3124 1079 3247 1132 οὔτε
3278 1082 3517 1151 εἴρηται,
3548 1080 3660 1133 οὔτε

2097 1154 2439 1229 λεχθήσεται.
2476 1161 2588 1213 Οὐκ
2640 1158 2811 1226 εἶπον,
2860 1164 3033 1236 ἑτέρῳ
3065 1165 3313 1238 θανάτῳ’
3347 1166 3463 1220 ἀλλ’
3495 1168 3659 1233 εἶπον,

2098 1245 2268 1316 ἐτέρῳ
2315 1247 2500 1319 τρόπῳ
2524 1251 2620 1319 τὴν
2648 1252 2954 1322 οἰκονομίαν
2978 1252 3346 1325 πληρωθῆναι·
3369 1255 3662 1318 τουτέστιν,

2097 1331 2252 1395 ἐκτὸς
2285 1332 2536 1389 θανάτου.
2582 1336 2654 1389 T6
2681 1337 2788 1407 γὰρ
2825 1340 3087 1411 ποτήριον
3119 1342 3441 1412 ἡρμήνευσα
3465 1358 3481 1372 ·
3516 1343 3578 1394 τὸ
3611 1343 3663 1395 δὲ

2098 1417 2316 1489 ἑτέρως,
2338 1420 2414 1484 ὡς
2440 1422 2501 1475 16
2520 1422 2677 1487 ἐκτὸς
2705 1423 2953 1479 θανάτου.
2984 1428 3092 1481 Καὶ
3115 1428 3272 1481 τοῦτο
3298 1429 3538 1497 ἐγένετο,
3573 1430 3663 1497 οὐχ

2097 1505 2171 1569 ὼς
2213 1507 2425 1585 άληθῶς
2462 1513 2890 1583 παραιτουμένου
2935 1512 3029 1567 τοῦ
3072 1516 3276 1585 Κυρίου
3314 1521 3408 1570 τὸν
3440 1516 3662 1570 θάνατοι

2098 1580 2254 1665 ὑπὲρ
2270 1594 2361 1647 τοῦ
2390 1580 2617 1666 κόσμου,
2658 1580 2805 1671 [432]
2834 1600 2973 1654 ἀλλὰ
3014 1601 3113 1672 τὴν
3140 1580 3237 1671 τῆς
3272 1603 3474 1673 σαρκὸς
3509 1604 3663 1658 ἀσθέ-

2097 1696 2245 1734 νειαν
2274 1685 2656 1754 πιστουμένου,
2692 1687 2774 1739 ὅτι
2805 1686 2942 1759 σάρξ
2973 1684 3040 1759 ἦν
3069 1688 3286 1759 ἀληθῶς
3318 1691 3381 1743 16
3411 1690 3524 1744 δειλ
3538 1690 3663 1758 ωῦν,

2096 1766 2155 1819 τὸ
2192 1770 2605 1840 ταραττόμενον.
2652 1773 2722 1826 Τὸ
2751 1772 2859 1844 γάρ
2890 1775 3125 1844 πνεῦμα
3162 1779 3496 1846 πρόθυμον,
3524 1778 3563 1846 ἡ
3604 1778 3663 1831 δὲ

2097 1853 2250 1923 σὰρξ
2284 1856 2568 1924 ἀσθενής.
2608 1859 2686 1931 Τῇ
2729 1862 2891 1930 σαρκὶ
2918 1862 2987 1915 τά
3016 1865 3233 1934 ῥήματα
3264 1864 3361 1935 1?};
3385 1866 3663 1927 ἀσθενείας

2097 1942 2426 2013 ἐπέγραψεν,
2474 1946 2535 1998 οὐ
2565 1947 2662 2016 τῆς
2706 1946 2958 2019 θεότητος
2987 1949 3082 2020 τὴν
3113 1951 3397 2004 αὐθεντίαν
3438 1952 3661 2023 ἔτρωσε.

2097 2030 2161 2082 Τί
2188 2028 2494 2096 διαϐάλλεις
2537 2031 2575 2086 ἀ
2604 2034 2679 2105 μὴ
2711 2034 2883 2103 λέγω;
2911 2037 2963 2089 τί
2991 2041 3343 2105 συκοφαντεῖς
3388 2039 3424 2092 ἀ
3466 2040 3543 2111 μὴ
3575 2058 3665 2109 κη’

2100 2117 2279 2188 ρύττω
2303 2134 2316 2182 ;
2349 2118 2535 2186 ἕτερον
2564 2120 2762 2190 τρόπον
2796 2119 2949 2175 εἷπον
2970 2139 2983 2154 ·
3008 2125 3069 2176 06
3097 2125 3350 2189 θανάτου,
3389 2127 3511 2180 ἀλλ’
3538 2130 3666 2181 οίκο-

2098 2204 2309 2275 νομίας.
2354 2205 2429 2258 Οὐ
2456 2206 2564 2279 γὰρ
2614 2208 2849 2278 εἴρηται·
2885 2210 2947 2262 Εί
2975 2211 3224 2275 δυνατὸν,
3256 2214 3585 2285 ἀμειφθήτω
3612 2216 3664 2266 τὸ

2098 2295 2357 2364 ποτήριον
2386 2294 2564 2350 τοῦτο.
2613 2296 2723 2366 Τῆς
2758 2296 3017 2370 σαρκὸςή
3064 2299 3312 2354 ἀσθένεια
3340 2340 3355 2363 ,
3388 2303 3493 2372 τῆς
3525 2305 3664 2356 ἐναν-

2098 2379 2431 2452 θρωπήσεως
2469 2382 2531 2433 τὸ
2563 2382 2754 2445 πάθος.
2803 2383 3103 2453 Φθέγγεται
3149 2388 3214 2439 τὰ
3240 2387 3340 2458 τῆς
3381 2388 3664 2454 ἀσθενείας

2100 2468 2317 2537 ῥήματα
2340 2506 2355 2532 ,
2389 2468 2477 2521 ἵνα
2504 2467 2652 2541 δείξῃ
2686 2470 2768 2522 ὅτι
2797 2469 3004 2541 ταύτην
3030 2471 3301 2527 ἐνδέδυται
3343 2474 3444 2546 τὴν
3488 2476 3662 2545 φύσιν,

2097 2554 2194 2625 τὴν
2221 2554 2503 2609 δειλιῶσαν
2529 2554 2620 2609 τὸν
2647 2556 2893 2613 θάνατον.
2923 2558 3040 2611 Ἵνα
3061 2559 3117 2613 δὲ
3145 2560 3217 2632 μὴ
3238 2561 3398 2615 πάλιν
3431 2566 3504 2635 τῇ
3535 2563 3667 2629 λέξει

2096 2642 2418 2715 δουλεύσῃς,
2448 2645 2513 2697 ἐκ
2551 2646 2869 2715 περιουσίας
2913 2648 3134 2701 κάκεῖνο
3186 2651 3538 2721 παρήγαγον,
3594 2654 3666 2704 ὅτι

2098 2732 2247 2793 ποῖος
2277 2729 2450 2799 λόγος,
2480 2732 2605 2794 τοὺς
2638 2734 2734 2803 μὲν
2788 2735 3115 2799 ἀποστόλους
3152 2738 3413 2804 γενναίως
3447 2738 3546 2792 τὸν
3578 2738 3668 2791 ea-

2097 2833 2253 2871 νατον
2286 2822 2641 2883 καταπατεῖν,
2674 2820 2765 2873 τὸν
2793 2819 2848 2873 δὲ
2884 2821 2992 2873 τῶν
3018 2822 3323 2877 ἀποστόλων
3355 2823 3570 2895 Κύριον
3590 2825 3667 2876 δε-

2096 2903 2262 2958 διέναι
2292 2905 2385 2957 καὶ
2409 2906 2630 2976 τρέμειν
2654 2906 2751 2976 τὴν
2776 2905 2870 2959 τοῦ
2909 2906 3135 2961 θανάτου
3167 2911 3394 2980 πεῖραν;
3444 2910 3592 2981 Ἐρῶ
3621 2910 3669 2963 δὲ

2101 2992 2195 3047 καὶ
2225 2992 2397 3045 ταῦτα
2430 2992 2559 3059 νῦν,
2590 2992 2827 3062 ἀδελφοί.
2867 2993 3075 3059 Παῦλος
3122 2996 3183 3048 οὐ
3218 2996 3377 3066 μόνον
3413 2997 3666 3067 δεθῆναι,

2098 3083 2236 3136 ἀλλά
2262 3084 2357 3137 καὶ
2388 3084 2675 3138 ἀποθανεῖν
2707 3084 2850 3156 ὑπὲρ
2876 3083 2971 3138 τοῦ
3000 3087 3261 3156 ὀνόματος
3301 3087 3397 3141 τοῦ
3430 3088 3670 3159 Χριστοῦ

2096 3174 2425 3229 νεανιεύεται
2452 3213 2467 3239 ,
2500 3175 2594 3228 καὶ
2640 3176 2668 3227 6
2711 3174 2923 3228 Παύλου
2956 3176 3159 3247 Κύριος
3196 3181 3550 3249 παραιτεῖται
3589 3182 3669 3232 τὸν

2098 3263 2356 3329 θάνατον;
2392 3265 2498 3320 Καὶ
2528 3264 2739 3319 Παύλου
2765 3265 2864 3336 μὲν
2884 3267 2944 3319 ού
2976 3268 3371 3340 συνθρύπτεται
3392 3271 3427 3339 ὴ
3453 3271 3669 3343 καρδία,

2098 3353 2130 3422 ἡ
2157 3352 2212 3405 δὲ
2240 3353 2334 3407 τοῦ
2354 3352 2589 3424 Χριστοῦ
2615 3353 2759 3427 ψυχὴ
2788 3355 3140 3426 ταράττεται;
3169 3359 3297 3412 Νῦν
3320 3360 3456 3429 γὰρ,
3486 3362 3670 3432 φησὶν,

2096 3446 2135 3511 ὴ
2161 3445 2329 3514 ψυχή
2359 3463 2479 3515 μου
2505 3448 2869 3514 τετάρακται.
2901 3446 3084 3502 Ταῦτα
3117 3452 3291 3504 πάντα
3320 3451 3429 3504 ὑπὸ
3462 3454 3669 3523 μάρτυ-

2099 3553 2181 3589 σιν
2205 3537 2332 3607 ύμῖν
2361 3538 2727 3610 ἐφθεγξάμην.
2773 3539 2912 3593 Ἀλλ’
2934 3541 2994 3594 06
3017 3542 3193 3595 πείθει
3217 3560 3276 3595 σε
3300 3542 3483 3598 ταῦτα
3500 3562 3518 3613 ;
3538 3547 3670 3599 ἀλλὰ

2094 3628 2173 3691 τὸ,
2200 3629 2267 3681 El
2297 3629 2574 3694 δυνατὸν,
2602 3631 2681 3686 ἔτι
2703 3633 3038 3700 σκανδαλίζει
3071 3652 3166 3702 σε;
3195 3636 3323 3701 Ναὶ,
3355 3639 3514 3708 φησί.
3540 3641 3668 3692 Συνο

2095 3720 2354 3792 έλθωμεν,
2390 3722 2627 3793 ἀδελφοὶ,
2656 3724 2732 3796 τῷ
2774 3726 3079 3799 φιλονείκῳ,
3106 3728 3583 3802 φιλονεικήσωμεν
3608 3735 3667 3804 τῇ

2093 3811 2317 3882 δυνάμει
2338 3813 2435 3883 τῆς
2456 3813 2709 3883 ἀληθείας
2735 3818 2945 3889 ἐγεῖραι
2967 3822 3091 3884 τοὺς
3118 3822 3381 3885 πεσόντας
3408 3826 3481 3893 τῇ
3504 3824 3667 3876 ἀσθεο

2093 3902 2212 3973 νείᾳ
2235 3903 2333 3973 τῆς
2359 3904 2633 3969 ἀπιστίας.
2669 3907 2733 3959 Et
2762 3904 2907 3979 εἶχεν
2941 3909 3185 3976 ἐξουσίαν
3219 3914 3247 3965 6
3271 3913 3512 3983 Χριστὸς
3531 3955 3546 3978 ,
3575 3916 3668 3967 οὐκ

2095 3993 2161 4047 ἂν
2187 3988 2307 4047 εἷπε
2328 3996 2408 4058 16,
2431 3997 2501 4050 El
2528 3995 2810 4063 δυνατὸν,
2836 4000 3197 4070 παρελθάτω.
3223 4002 3437 4057 Οὐκοῦν
3468 4006 3565 4059 καὶ
3583 4006 3669 4057 τὸν

2092 4083 2226 4137 Θεὸν
2258 4086 2521 4151 αίτίασαι,
2557 4088 2644 4141 διά
2671 4088 2762 4142 τοῦ
2794 4091 2963 4163 νόμου
2991 4094 3327 4165 κεχρημένον
3350 4097 3465 4150 τινὶ
3496 4098 3664 4164 λέξει,

2092 4176 2228 4232 πολὺ
2261 4179 2361 4248 τῆς
2404 4178 2568 4233 αὐτοῦ
2618 4181 2863 4246 ἐξουσίας
2894 4186 3295 4258 κεχωρισμένῃ.
3341 4189 3515 4258 Λέγει
3566 4193 3667 4262 γὰρ

2091 4270 2226 4339 πρὸς
2250 4271 2340 4325 τὸν
2368 4273 2603 4326 Μωῦσέα
2623 4312 2638 4336 ,
2673 4275 2760 4328 ὅτε
2789 4275 2965 4331 ἐλάλει
2988 4278 3053 4331 ἐκ
3075 4277 3166 4331 τοῦ
3196 4279 3355 4350 ὅρους
3384 4283 3526 4336 Σινᾶ
3544 4326 3559 4347 ,
3588 4285 3669 4337 διὰ

2089 4361 2190 4431 τῆς
2240 4362 2480 4433 μεγάλης
2521 4365 2735 4437 ἐκείνης
2766 4368 2859 4420 καὶ
2900 4368 3139 4439 φοϐερᾶς
3186 4371 3551 4440 ἐπιφανείας⁸
3586 4376 3670 4429 ὅτε

2092 4454 2200 4517 πᾶς
2224 4454 2254 4506 6
2278 4454 2406 4518 λαὸς
2446 4454 2697 4528 ἔτρεμεν,
2731 4458 2944 4513 ἀκούων
2970 4461 3152 4531 φωνὴν
3183 4461 3320 4516 Θεοῦ
3362 4464 3576 4530 ζῶντος
3599 4486 3615 4499 ο
3646 4469 3671 4519 6

2091 4545 2310 4599 πάντων
2347 4546 2485 4617 ἔχων
2523 4548 2623 4620 τὴν
2667 4550 2911 4616 ἐξουσίαν
2931 4591 2946 4613 ,
2978 4553 3069 4606 καὶ
3118 4553 3293 4606 πάντα
3322 4555 3531 4610 διέπων
3563 4561 3672 4621 10?;

2090 4639 2253 4701 πᾶσι,
2285 4637 2431 4706 λέγει
2461 4637 2540 4709 τῷ
2580 4640 2809 4711 Μωῦσῇ,
2843 4644 2871 4694 6
2902 4642 3033 4706 Θεὸς
3068 4645 3097 4698 6
3135 4646 3203 4697 τὰ
3238 4646 3418 4700 πάντα
3448 4648 3634 4710 διδούς
3654 4664 3667 4678 ·

2096 4727 2189 4793 Τίς
2213 4728 2389 4782 δώσει
2418 4729 2605 4794 οὕτως
2642 4726 2795 4785 εἶναι
2818 4731 2931 4800 τὴν
2961 4734 3211 4803 καρδίαν
3234 4736 3437 4789 αὐτῶν
3462 4739 3535 4791 ἐν
3565 4742 3670 4792 αὑ-

2087 4816 2210 4883 τοῑζ·
2231 4859 2244 4881 ,
2288 4816 2444 4871 ὥστε
2477 4818 2789 4887 φοϐεῖσθαί
2806 4838 2883 4889 με
2911 4823 3006 4875 καὶ
3038 4823 3428 4892 φυλάξασθαι
3464 4828 3669 4893 πάσας

2086 4905 2192 4970 τὰς
2221 4906 2465 4974 ἡμέρας,
2499 4908 2597 4959 ἵνα
2617 4902 2687 4962 εὖ
2786 4909 2989 4976 αὐτοῖς
3011 4912 3108 4966 καὶ
3144 4911 3268 4980 τοῖς
3293 4913 3537 4983 τέκνοις
3567 4921 3670 4971 αὐο

2084 4998 2233 5061 τών;
2263 4998 2422 5066 Λέγει
2456 5000 2484 5050 6
2505 5000 2633 5062 Θεός
2651 5016 2665 5029 ο
2706 5000 2805 5067 Τίς
2835 5002 3011 5058 δώσει
3039 5003 3119 5069 τῷ
3155 5004 3283 5070 λαῷ
3307 5008 3503 5073 τούτῳ
3524 5028 3667 5077 acap-

2085 5089 2258 5155 δίαν;
2280 5091 2390 5144 Καὶ
2421 5091 2524 5155 τίς.
2549 5085 2593 5145 ὦ
2621 5092 2885 5158 Δέσποτα,
2907 5094 3046 5167 ὑπὲρ
3080 5098 3138 5150 σὲ
3166 5098 3405 5169 στερεὸς,
3436 5101 3527 5154 ἶνα
3558 5102 3664 5170 δῷς

2084 5181 2146 5233 06
2181 5182 2245 5233 σὺ
2284 5178 2336 5233 εἶ
2378 5183 2406 5234 6
2440 5181 2613 5246 διδοὺς
2642 5184 2837 5249 πάντα,
2889 5188 2982 5239 καὶ
3015 5188 3248 5257 μάλιστα
3293 5191 3361 5243 τὰ
3407 5194 3489 5255 είς
3513 5194 3666 5245 εύσέο

2085 5270 2237 5325 6ειαν
2268 5271 2646 5338 συντείνοντα;
2678 5273 2740 5328 Εἰ
2777 5274 2851 5346 μὴ
2894 5277 2957 5330 σὺ
2985 5272 3128 5348 ἦσθα
3156 5281 3186 5332 6
3215 5279 3390 5345 διδοὺς
3435 5284 3663 5352 καρδίαν

2083 5366 2292 5435 ἀγαθὴν
2310 5368 2421 5429 τοῖς
2443 5365 2700 5433 άγαπῶσί
2726 5384 2807 5431 σε,
2834 5370 2882 5420 εί
2911 5368 2985 5438 μὴ
3007 5371 3070 5423 σὺ
3094 5365 3146 5422 εἶ
3164 5372 3192 5422 6
3213 5370 3413 5435 διδοὺς,
3440 5374 3559 5436 πῶς
3589 5391 3661 5426 σοι

2083 5456 2245 5509 Δαυῖδ
2285 5456 2680 5527 προσεύχεται,
2723 5458 2986 5526 Καρδίαν
3023 5463 3287 5528 καθαρὰν
3333 5466 3557 5517 κτίσον
3597 5468 3665 5517 ἐν

2082 5549 2284 5616 ἑμοί,ό
2313 5550 2493 5613 Θεός;
2537 5549 2777 5619 Καρδίαν
2807 5550 3051 5620 καθαρὰν
3088 5553 3238 5622 παρὰ
3286 5554 3383 5607 σοῦ
3417 5556 3662 5608 αἰτοῦσιν

2083 5640 2131 5693 οί
2166 5640 2473 5711 προφῆται,
2509 5640 2601 5692 καὶ
2634 5641 2701 5693 τὰ
2733 5641 2865 5694 ἄλλα
2907 5641 3055 5713 δῶρα
3086 5643 3153 5696 τά
3194 5645 3377 5713 ἀγαθά
3400 5686 3413 5711 ,
3446 5650 3539 5707 καί
3569 5647 3663 5717 τῆς
