3704 6274
76 292 185 350 825

76 413 92 477 t
118 406 348 462 Barach.
372 406 428 460 3.
459 397 705 469 51-55).
754 396 820 451 Et
839 401 958 463 post
982 401 1177 446 tantam
1203 386 1519 456 theologiam
1544 384 1650 437 ait:

82 519 101 551 ι
128 498 228 553 llic
248 507 332 552 est
354 496 493 549 Deus
531 500 732 555 noster,
751 504 855 541 non
878 482 1221 539 aastimabitur
1245 480 1382 532 alius
1400 478 1464 531 ad
1490 491 1608 530 eum
1634 493 1651 526 ι

77 589 249 655 (Ibid.
268 605 316 643 υ.
348 585 587 655 36.-58).
638 579 1013 637 Animadverte
1041 573 1342 643 diligenter,
1370 584 1477 641 quo
1506 578 1660 638 pacto

77 680 309 734 alterum
331 674 597 733 excludat.
635 692 653 724 ι
700 670 814 726 Non
844 664 1197 723 aastimabitur
1238 663 1375 716 alius
1415 660 1481 714 ad
1513 674 1655 713 eum.

77 769 292 825 Invenit
335 781 547 822 omnem
593 763 735 818 viam
786 759 1042 823 scientiae,
1082 765 1136 810 et
1177 752 1322 809 dedit
1351 767 1466 807 eam
1495 750 1660 806 .Iacob

78 876 252 931 puero
274 874 395 927 suo,
418 867 471 914 et
494 855 657 914 Israel
691 853 884 908 dilecto
913 866 1009 905 suo
1030 851 1132 921 (a).
1158 851 1283 905 Post
1309 848 1422 901 haec
1445 845 1495 898 in
1520 853 1659 897 terra

75 956 231 1008 visus
256 960 378 1015 est,
411 956 466 1004 et
500 962 621 1004 cum
648 944 948 1000 hominibus
991 950 1337 997 conversatus
1376 945 1478 993 est.
1509 954 1529 987 ι
1566 933 1661 987 llic

79 1046 224 1100 Deus
250 1050 436 1098 noster
467 1038 533 1094 ad
571 1051 728 1108 quem
755 1051 859 1090 non
885 1034 1233 1090 {estimabitur
1259 1031 1416 1093 alius,
1444 1028 1495 1081 in
1518 1036 1658 1080 terra

78 1135 228 1190 visus
253 1142 339 1189 est
366 1139 421 1187 et
446 1144 565 1186 cum
594 1126 901 1182 hominibus
947 1132 1290 1179 conversatus
1331 1129 1413 1175 est
1456 1127 1658 1187 postea.

85 1225 246 1278 Vides
273 1222 551 1277 veritatem
577 1218 941 1274 conﬁrmatam
961 1216 986 1268 ?
1015 1214 1149 1270 Vide
1182 1223 1237 1267 ut
1260 1211 1427 1266 errori
1458 1208 1658 1263 aditum

79 1315 425 1381 intercludat,
446 1330 514 1369 ne
533 1312 746 1368 Judaeus
764 1311 1039 1365 veritatem
1059 1306 1410 1362 calumnietur
1425 1312 1480 1358 et
1498 1302 1659 1366 dicat,

83 1411 228 1465 Deus
277 1408 426 1463 visus
462 1415 544 1460 est
593 1420 624 1459 a
673 1402 888 1473 Moyse;
941 1398 1185 1470 apparuit
1227 1396 1369 1452 enim
1419 1394 1558 1449 Deus
1610 1392 1664 1445 in

79 1512 291 1557 monte.
326 1500 525 1554 Przeter
551 1513 672 1553 eum
702 1510 807 1551 non
834 1504 915 1550 est
936 1494 1072 1548 alius
1099 1509 1112 1545 :
1142 1506 1241 1546 nec
1285 1488 1429 1558 ejicit
1454 1487 1663 1542 Patrem

80 1609 113 1649 a
138 1593 323 1649 divina
351 1590 626 1662 dignitate.
678 1588 835 1643 Pater
861 1587 907 1642 si
944 1586 1089 1641 solus
1135 1584 1436 1638 nominatus
1486 1580 1663 1645 fuerit,

80 1683 530 1743 exterminabitne
562 1680 752 1734 Filium
780 1693 809 1732 a
840 1677 1107 1732 communi
1135 1671 1662 1745 dignitate?Quando

82 1778 222 1833 dicit
245 1777 419 1839 Deus,
450 1774 566 1827 sive
594 1772 786 1834 Pater,
817 1768 930 1824 sive
968 1766 1168 1831 Filius,
1200 1781 1258 1819 se
1283 1764 1454 1818 solum
1503 1777 1665 1816 unum

83 1885 233 1936 esse,
263 1883 369 1922 non
392 1872 550 1934 negat
577 1872 781 1917 natura:
801 1875 911 1914 suae
929 1859 1276 1914 consortium.
1299 1856 1457 1910 Pater
1476 1853 1665 1908 Filium

83 1975 195 2015 non
222 1958 388 2028 ejicit,
416 1955 582 2010 Filius
603 1968 707 2008 non
739 1960 891 2021 negat
926 1950 1171 2015 Patrem;
1205 1947 1298 2002 sed
1330 1962 1450 2001 cum
1476 1943 1684 1999 similia?

83 2056 361 2119 dicuntur,
392 2058 575 2106 contra
615 2048 877 2103 idolorum
906 2061 1144 2102 errorem
1192 2060 1378 2099 sermo
1420 2044 1664 2098 habetur.

83 2149 199 2203 Cur
224 2154 413 2201 contra
438 2142 777 2210 Unigenitum
803 2138 1187 2210 blasphemiam
1216 2137 1483 2206 apparas?
1510 2134 1669 2189 idolis

87 2239 236 2294 Deus
261 2252 369 2291 non
396 2235 489 2290 dat
522 2233 745 2304 gloriam
784 2246 966 2295 suam;
1005 2245 1072 2284 an
1097 2244 1271 2299 neque
1309 2229 1358 2283 ei
1392 2227 1483 2281 dat
1510 2241 1668 2296 quem

87 2326 321 2400 genuit?
350 2326 447 2380 Dat
485 2332 632 2380 certe
654 2337 757 2376 non
782 2320 1071 2377 secundum
1091 2320 1335 2390 gratiam,
1358 2318 1452 2373 sed
1481 2328 1673 2371 secun-

88 2420 223 2474 dum
272 2401 490 2472 naturae.
518 2412 864 2469 consortium.
903 2410 1053 2466 Unde
1101 2425 1231 2465 vero
1278 2408 1673 2464 demonstratur

89 2509 365 2565 Christum
412 2504 632 2577 gloriam
678 2502 850 2558 Patris
890 2500 1172 2569 accipere?
1213 2500 1299 2554 Ait
1328 2500 1470 2554 enim
1499 2515 1514 2554 :
1543 2497 1670 2552 Glo-

88 2600 228 2655 riam
253 2613 414 2653 meam
455 2595 600 2650 alteri
630 2610 729 2648 non
762 2591 891 2646 dabo
917 2591 937 2663 (
959 2590 1084 2646 Isai.
1113 2590 1200 2645 42.
1228 2589 1317 2661 8).

166 2695 225 2748 τ.
267 2690 404 2746 Audi
440 2687 565 2758 quid
602 2687 718 2757 ipse
755 2685 1005 2741 Servator
1041 2699 1160 2739 cum
1204 2684 1459 2754 apostolis
1496 2682 1671 2738 disse-

95 2800 230 2842 rens
250 2784 392 2839 dicat
416 2804 428 2838 :
452 2781 576 2838 Cum
599 2781 787 2836 venerit
810 2778 976 2833 Filius
1005 2778 1219 2831 hominis
1245 2779 1295 2831 in
1320 2777 1482 2848 gloria
1506 2775 1676 2830 Patris

90 2878 177 2933 sui
205 2875 394 2946 (Marc.
421 2874 475 2929 8.
502 2873 638 2938 58);
672 2880 948 2941 postquam
982 2869 1069 2922 ille
1098 2869 1241 2938 prius
1267 2868 1518 2933 dixisset,
1550 2865 1675 2920 Glo-

93 2969 233 3023 riam
260 2981 420 3020 nteam
453 2963 599 3017 alteri
627 2978 726 3016 non
752 2960 898 3014 dabo.
929 2957 1178 3014 Scrutare
1205 2958 1425 3020 dictum,
1455 2967 1508 3011 et
1534 2958 1680 3011 iuve-

96 3061 220 3115 uies
249 3072 487 3113 sensum.
522 3054 751 3109 Gloriam
798 3068 991 3119 meam,
1024 3066 1127 3105 non
1173 3051 1339 3117 dixit,
1387 3050 1525 3104 Filio
1560 3063 1680 3103 meo

96 3168 212 3207 non
237 3148 396 3211 dabo,
423 3146 538 3212 sed,
562 3145 720 3200 Alteri
749 3161 848 3198 non
875 3144 1023 3197 dabo.
1052 3143 1289 3197 Alterum
1318 3150 1490 3196 autem
1519 3152 1599 3195 est
1626 3141 1679 3195 id

100 3241 249 3311 quod
270 3249 353 3295 est
372 3238 601 3293 alienum
629 3252 658 3290 a
682 3235 971 3300 consortio,
1001 3242 1054 3288 et
1078 3248 1105 3285 a
1135 3242 1318 3286 natura
1345 3240 1678 3300 separatum;

100 3336 279 3392 Filius
306 3341 483 3386 autem
524 3345 630 3385 non
657 3340 739 3385 est
763 3330 898 3384 alter
930 3345 943 3381 :
975 3326 1104 3382 Nam
1135 3324 1247 3397 Ego
1273 3336 1320 3379 et
1345 3325 1503 3379 Pater
1526 3342 1684 3378 unum

103 3440 304 3479 sumus.
337 3422 491 3477 Clare
512 3434 641 3491 ergo
666 3418 1084 3474 demonstratum
1108 3424 1209 3481 est,
1240 3416 1389 3481 illud,
1416 3415 1481 3471 Ut
1501 3432 1686 3486 cogno-

101 3524 311 3571 scantte
333 3513 495 3569 solani
520 3527 689 3565 verum
712 3509 871 3563 Deum
891 3508 1064 3581 (Joan.
1094 3508 1178 3563 10.
1201 3508 1316 3578 50),
1342 3522 1444 3561 non
1476 3506 1685 3562 auferre

102 3623 131 3660 a
161 3607 337 3667 Filio,
370 3619 490 3659 esse
518 3618 699 3657 verum
748 3602 933 3655 Deum.
980 3599 1056 3654 Ne
1103 3598 1349 3668 repudies
1385 3612 1685 3653 sermonem

102 3713 229 3752 cum
255 3694 544 3759 calumnia,
574 3692 722 3763 quasi
750 3704 940 3746 sensus
965 3698 1240 3758 suspectus
1264 3689 1480 3743 relictus
1499 3688 1570 3742 sit
1595 3707 1608 3740 :
1636 3688 1687 3743 id

103 3789 253 3861 quod
296 3788 434 3857 passi
477 3794 600 3842 sunt
634 3784 849 3855 quidam
891 3800 923 3839 e
968 3782 1217 3837 fratribus
1263 3783 1402 3838 circa
1444 3783 1681 3837 calicem.

105 3886 188 3937 Ac
212 3881 261 3935 si
289 3879 429 3934 enim
472 3876 731 3933 sententia
761 3875 1078 3931 solutionem
1112 3888 1215 3929 non
1257 3874 1580 3942 accepisset,
1612 3873 1690 3928 sic

106 3974 506 4031 accusationem
543 3971 855 4025 intulerunt.
891 3968 1020 4022 Nam
1047 3968 1293 4023 dixerunt
1320 3985 1334 4020 :
1364 3966 1688 4036 Suspensam

106 4076 163 4121 ct
190 4064 475 4120 sublimem
506 4062 715 4131 reliquit
739 4059 1181 4129 disquisitionem.
1201 4056 1336 4124 Quid
1361 4064 1560 4122 autem,
1590 4056 1693 4108 fra-

111 4168 252 4221 tres,
282 4153 507 4223 amplius
526 4150 809 4209 dicendum
837 4149 1188 4220 suppetebat?
1218 4147 1342 4216 quid
1370 4147 1514 4217 prius
1540 4146 1694 4199 dictis

106 4247 304 4302 deerat
327 4244 394 4300 ad
420 4241 968 4303 demonstrationem?
1012 4240 1190 4295 Primo
1215 4238 1449 4309 quidem,
1484 4237 1544 4291 Si
1575 4252 1693 4305 pos-

106 4339 263 4395 sibile
289 4346 382 4402 est,
410 4345 630 4390 transeat
653 4352 685 4388 a
713 4350 792 4388 me
818 4334 953 4387 calix
977 4333 1069 4386 iste
1099 4329 1322 4405 (Matth.
1347 4330 1437 4385 26.
1462 4329 1570 4399 59)
1601 4348 1613 4382 :
1643 4339 1697 4384 ct

108 4432 178 4486 ad
211 4430 268 4485 id
298 4428 438 4498 quod
466 4443 562 4499 per
606 4427 749 4481 illam
793 4424 1079 4480 dictionem
1124 4422 1420 4493 suggeritur
1447 4420 1696 4494 (videtur

107 4523 263 4579 enim
291 4521 456 4576 dictio
481 4519 862 4589 supplicantem
892 4517 990 4571 sub
1015 4516 1169 4570 aliam
1199 4523 1517 4585 potestatem
1549 4515 1695 4569 redi—

107 4613 326 4684 gere),
371 4611 644 4665 attulimus
673 4622 858 4663 vocem
906 4607 1050 4661 illam
1094 4605 1343 4673 Domini,
1390 4620 1509 4675 qua:
1552 4605 1697 4659 omni

107 4715 267 4762 certe
294 4704 468 4759 divina
496 4703 810 4757 auctoritate
838 4701 992 4770 plena
1019 4707 1100 4753 est
1117 4742 1130 4764 ,
1165 4699 1496 4767 dicentisque
1522 4699 1693 4770 digni-

110 4807 285 4855 tatem
328 4793 548 4849 exhibet
594 4810 607 4847 :
652 4791 959 4846 Potestatem
1005 4789 1160 4845 habeo
1213 4791 1430 4859 ponendi
1478 4790 1699 4843 animant

110 4905 305 4953 meam,
329 4898 374 4942 et
400 4895 688 4957 potestatem
713 4884 867 4938 habeo
888 4882 1117 4937 sumendi
1143 4898 1254 4935 eam
1278 4880 1454 4953 (Joan.
1480 4880 1696 4953 10.18),

112 4980 462 5048 diximusque
486 4976 615 5032 illud
636 5016 650 5037 ,
685 4974 860 5028 Habeo
879 5016 894 5041 ,
923 4973 1213 5028 divinitatis
1241 4974 1513 5044 proprium
1540 4987 1659 5028 esse
1683 4988 1697 5038 ;

112 5069 253 5129 illud
281 5087 415 5127 vero
448 5070 550 5126 :Si
588 5069 823 5141 possibile
849 5078 920 5122 est
940 5110 955 5133 ,
984 5078 1202 5122 transeat
1242 5085 1274 5120 a
1312 5085 1388 5122 me
1417 5066 1553 5122 calix
1587 5067 1696 5133 iste,

113 5165 335 5219 ratione
361 5161 536 5216 carnis
565 5160 763 5215 dictum
792 5174 912 5214 esse
934 5200 949 5221 ,
995 5175 1100 5213 non
1142 5159 1345 5213 ratione
1374 5158 1661 5213 divinitatis
1684 5200 1698 5225 ,

112 5265 284 5325 atque
342 5253 559 5321 insuper
610 5251 817 5306 Domini
874 5250 1233 5305 testimonium
1283 5249 1604 5306 adduximus
1650 5252 1700 5306 in

112 5344 630 5408 conﬁrmationem;
675 5341 1019 5412 quamobrem
1062 5340 1195 5395 dixit
1230 5359 1242 5394 :
1277 5340 1498 5411 Spiritus
1528 5359 1703 5413 prom-

183 5460 266 5523 (ιι),
296 5458 354 5508 In
375 5466 569 5515 Graeco,
601 5468 828 5518 ammte.
854 5454 1024 5523 Itaque
1046 5452 1195 5504 electo
1230 5455 1352 5523 apud
1387 5453 1706 5523 Augustinum

114 5515 205 5572 lib:
244 5515 273 5570 ’1
315 5526 481 5568 contra
518 5515 740 5567 Faustum
775 5515 1076 5565 tianichmuni
1097 5530 1240 5577 ,ieap.
1263 5515 1357 5573 ⁷45,
1384 5523 1435 5563 et
1458 5515 1504 5564 in
1530 5515 1707 5577 Vigilio

112 5582 356 5644 ‘rapsensi
381 5581 467 5644 lib.
494 5580 515 5628 1
542 5580 957 5644 eontra__Arrium,
982 5576 1241 5644 Sabellium
1282 5584 1335 5626 et
1361 5576 1619 5644 Photinum
1655 5591 1704 5626 n.

118 5638 203 5701 iri;
231 5649 286 5693 et
323 5643 405 5691 lib.
432 5642 452 5688 1
497 5648 663 5699 contra
702 5638 1023 5701 Varimadum,
1048 5651 1155 5701 cap.
1176 5638 1223 5698 2,
1249 5638 1499 5688 manifesta
1545 5652 1706 5689 corru-

117 5708 227 5776 ptio
251 5711 348 5757 eat.
375 5701 573 5753 Cotclcr.

1034 276 1097 331 IN
1135 271 1338 329 ιιι.υο
1379 311 1392 332 .
1425 266 1494 323 IN
1532 266 1672 334 QUA
1712 262 2133 329 POTESTATE,
2176 264 2329 320 ETC.

3238 266 3349 321 ηδ

1770 388 1883 448 plus
1911 389 2003 445 est,
2029 396 2148 433 caro
2176 389 2343 434 autem
2364 381 2566 448 inﬁrma
2588 380 2800 450 (Matth.
2827 379 2914 435 26.
2945 382 3036 451 11)
3062 400 3073 434 ;
3102 393 3155 436 et
3179 398 3352 437 annos

1771 470 1997 525 lavimus
2027 486 2139 524 rem
2169 485 2290 525 esse
2314 470 2771 537 absurdissimam,
2800 486 2918 526 cum
2948 471 3063 541 ipse
3088 473 3349 528 Dominus

1769 562 1914 618 carni
1945 562 2241 629 adscribat,
2274 578 2371 617 nos
2410 564 2459 617 in
2488 564 2719 618 divinam
2752 565 3081 633 majestatem
3110 565 3249 621 dicti.
3271 569 3361 620 vi—-

1770 653 1973 709 litatem
1994 654 2281 722 conjicere.
2306 653 2408 709 Sed
2433 662 2489 708 ut
2511 654 2721 709 Domini
2748 670 2967 724 scopum
2989 656 3344 724 declaremus,

1769 759 1865 800 cur
1909 761 2102 816 nempe
2149 745 2375 811 dixerit,
2418 745 2668 800 Transeat
2691 763 2724 800 a
2751 764 2829 801 me
2866 748 3003 802 calia:
3025 764 3043 801 :
3072 765 3176 803 non
3206 752 3346 819 quod

1771 835 2039 907 refugeret
2080 838 2252 893 crucis
2279 837 2748 906 dispensationem,
2778 847 3001 893 mortem
3033 841 3304 894 recusabat
3330 858 3342 903 ;

1771 928 1866 983 sed
1888 929 2011 996 quia
2034 927 2263 999 imperiti
2284 928 2425 983 circa
2445 927 2895 997 dispensationem
2920 929 3085 995 illam,
3111 932 3163 985 in
3189 946 3365 986 cruce

1771 1018 2076 1074 scandalum
2103 1019 2310 1090 passuri
2338 1026 2524 1083 erant,
2555 1017 2655 1074 hac
2681 1033 2808 1073 usus
2836 1029 2918 1074 est
2944 1035 3091 1075 voce.
3126 1022 3347 1075 lterum-

1774 1127 1878 1182 que
1904 1111 2040 1166 hanc
2069 1111 2385 1167 sententiam
2412 1120 2692 1181 sequutum
2718 1119 2801 1165 est
2829 1110 2927 1166 hoc
2952 1112 3307 1167 testimonium
3331 1131 3345 1168 :

1776 1202 1959 1269 Orate,
1990 1211 2043 1255 ut
2070 1217 2171 1255 non
2199 1201 2471 1255 intretisin
2500 1201 2819 1254 tentationem
2851 1199 3055 1271 (Ibid.).
3086 1201 3190 1256 Alii
3220 1218 3373 1255 vero.

1773 1293 2079 1349 ealumniati
2104 1302 2261 1358 sunt,
2288 1308 2352 1351 ac
2375 1293 2418 1348 si
2447 1292 2765 1347 dixissemus
2796 1314 2808 1348 :
2841 1292 2896 1347 Si
2938 1294 3050 1348 ﬁeri
3081 1304 3260 1363 posset
3292 1306 3369 1349 ut,

1772 1385 1880 1440 alio
1913 1386 2097 1439 mortis
2126 1399 2322 1455 genere
2346 1384 2711 1439 oeconomiam
2726 1384 2989 1452 impleret.
3038 1384 3167 1439 Iloc.
3189 1400 3370 1453 porro.

1774 1492 1874 1534 nec
1904 1476 2100 1533 dictum
2127 1478 2257 1540 fuit,
2275 1491 2373 1531 nec
2398 1475 2605 1530 dicetur
2630 1490 2901 1544 umquam.
2932 1475 3045 1529 Non
3076 1475 3219 1541 dixi,
3246 1477 3348 1530 alia

1774 1578 1982 1633 morte,
2012 1567 2105 1623 sed
2133 1567 2237 1621 alio
2267 1565 2425 1620 modo
2449 1565 2801 1621 teconomiam
2832 1565 3035 1634 impleri
3061 1582 3076 1630 ;
3120 1566 3220 1621 hoc
3242 1578 3365 1629 6st,;

1775 1661 1908 1714 citra
1946 1668 2194 1713 mortem.
2223 1657 2353 1711 Nam
2384 1657 2601 1712 calicem
2632 1656 3008 1727 interpretatus
3035 1672 3148 1711 sum
3177 1675 3189 1709 :
3223 1659 3371 1712 illud.

1774 1759 1951 1804 autem
1992 1749 2180 1811 aliter,
2227 1757 2514 1817 tamquam,
2558 1746 2692 1802 citra
2734 1755 2981 1801 mortem.
3032 1750 3205 1817 Atque
3250 1749 3350 1802 hoc

1778 1841 1974 1898 factum
2004 1849 2105 1903 est,
2139 1855 2245 1894 non
2272 1839 2415 1908 quod
2438 1854 2561 1894 vere
2587 1839 2845 1894 Dominus
2867 1843 3189 1895 recusaverit
3215 1843 3365 1896 mori.

1778 1947 1876 2002 pro
1904 1931 2101 1986 mundo
2127 1948 2142 1997 ;
2174 1930 2265 1986 sed
2291 1930 2430 2001 quod
2474 1930 2631 1985 ﬁdem
2662 1929 2836 1985 facere
2861 1931 3087 1986 voluerit
3125 1933 3351 1987 infirmi-

1777 2024 1867 2079 tati
1911 2023 2124 2088 carnis,
2172 2032 2329 2091 atque
2372 2021 2654 2077 ostendere
2682 2037 2895 2076 carnem
2927 2039 3051 2077 vere
3095 2024 3257 2078 fuisse
3299 2025 3367 2079 ida

1777 2115 1919 2186 quod
1944 2115 2193 2179 timebat,
2224 2121 2279 2169 et
2309 2113 2617 2167 turbabatur
2649 2133 2662 2168 :
2692 2129 2812 2167 nam
2843 2112 3063 2181 Spiritus
3093 2125 3352 2184 promptus

1776 2216 1870 2273 est,
1909 2223 2027 2260 caro
2071 2215 2235 2258 autem
2280 2205 2506 2274 inﬁrma.
2536 2204 2693 2259 Carni
2721 2205 2885 2258 verba
2914 2204 3231 2259 inﬁrmitatis
3262 2207 3377 2259 atl-.

1778 2299 1997 2362 scribit,
2032 2297 2319 2352 divinitatis
2347 2296 2681 2365 maiestatem
2712 2309 2817 2349 non
2851 2294 3002 2348 lmsit.
3037 2295 3144 2348 Cur
3168 2297 3353 2349 crimi-

1779 2389 1924 2443 naris
1952 2403 2068 2457 qua:
2106 2401 2212 2441 non
2238 2385 2400 2440 dico?
2438 2400 2535 2440 cur
2572 2384 2909 2439 calumniaris
2938 2400 3055 2453 qua:
3082 2400 3186 2439 non
3216 2401 3371 2453 pne...

1780 2481 1944 2536 dico?
1986 2481 2161 2535 Alium
2194 2464 2408 2533 modum
2437 2477 2543 2531 dixi
2569 2493 2584 2542 ;
2628 2491 2733 2530 non
2760 2480 2946 2530 mortis
2965 2517 2980 2542 ,
3013 2476 3106 2531 sed
3136 2491 3355 2531 oecono-

1784 2574 1925 2639 mite.
1947 2572 2129 2641 Neque
2150 2571 2290 2627 enim
2312 2570 2510 2624 dictum
2532 2576 2633 2634 est,
2654 2566 2707 2623 Si
2732 2567 2981 2637 possibile
3004 2576 3103 2633 est,
3124 2577 3359 2622 mutetur

1781 2666 1919 2721 calix
1965 2666 2085 2720 iste.
2136 2663 2323 2718 Carnis
2369 2671 2451 2717 est
2495 2660 2808 2726 inﬁrmitas,
2856 2660 3233 2714 incarnationis
3278 2669 3361 2715 est

1783 2755 1980 2827 passio.
2010 2754 2217 2809 Profert
2245 2751 2569 2807 inﬁrmitatis
2598 2750 2788 2816 verba,
2820 2760 2878 2809 ut
2901 2750 3147 2807 ostendat
3173 2766 3232 2805 se
3262 2750 3363 2804 hac

1786 2849 2024 2905 indutum
2056 2862 2177 2903 esse
2222 2855 2408 2901 natura
2429 2887 2444 2912 ,
2476 2860 2593 2913 qua:
2622 2852 2857 2899 mortem
2896 2842 3161 2897 formidat.
3196 2842 3267 2898 Ut
3294 2860 3362 2896 ne

1788 2952 1965 2998 autem
2008 2954 2219 2996 rursum
2262 2932 2481 2993 dictioni
2530 2936 2766 3003 servias,
2799 2950 2863 2990 ex
2906 2935 3194 2989 abundanti
3235 2934 3363 2987 illud

1787 3049 1998 3107 quoque
2044 3016 2295 3088 adduxi:
2336 3047 2454 3101 qua:
2498 3040 2580 3086 est
2623 3030 2797 3095 ratio,
2838 3029 3106 3098 apostolos
3155 3028 3381 3084 fortiter»

1788 3137 2013 3183 mortem
2043 3126 2357 3181 conculcare
2376 3165 2391 3190 ,
2422 3122 2781 3193 apostolorum
2823 3136 2950 3175 vero
2982 3121 3263 3175 Dominum
3296 3122 3383 3175 ti-.

1788 3217 1986 3272 muisse
2011 3223 2065 3270 et
2094 3215 2365 3270 horruisse
2405 3213 2589 3268 mortis
2632 3210 2948 3266 accessum?
2993 3211 3116 3265 llaec
3144 3220 3196 3264 et
3229 3226 3385 3265 nunc

1789 3309 1994 3371 dicam,
2025 3306 2236 3362 fratres.
2276 3305 2471 3360 Paulus
2498 3320 2603 3359 non
2629 3304 2800 3363 solum
2831 3303 3057 3373 alligari,
3087 3301 3180 3357 sed
3207 3302 3369 3357 etiam

1792 3400 1926 3455 mori
1958 3407 2175 3469 propter
2202 3412 2395 3451 nomen
2422 3396 2619 3453 Christi
2650 3404 2888 3466 paratum
2915 3410 2972 3450 se
3003 3405 3219 3450 strenue
3248 3411 3370 3464 pro-

1794 3495 2035 3554 nuntiat,
2069 3492 2217 3546 Pauli
2245 3505 2374 3545 vero
2399 3489 2655 3543 Dominus
2694 3489 2828 3542 mori
2858 3497 3068 3542 recusat
3101 3488 3244 3556 (Act.
3275 3488 3367 3541 2|.

1796 3585 1865 3639 15
1885 3582 1950 3655 )?
1981 3583 2049 3638 Et
2080 3582 2223 3636 Pauli
2254 3580 2466 3651 quidem
2496 3594 2590 3634 cor
2635 3593 2741 3634 non
2786 3588 3006 3642 moeret,
3039 3579 3215 3633 anima
3244 3594 3392 3637 vero.

1794 3674 1992 3731 Christi
2027 3669 2306 3728 turbatur?
2337 3671 2469 3726 Nam
2500 3672 2574 3724 ait
2603 3688 2615 3724 :
2645 3669 2798 3723 Nunc
2825 3670 2998 3723 anima
3027 3686 3135 3725 mea
3174 3669 3395 3724 turbata.

1795 3779 1865 3823 est
1887 3767 2064 3839 (Joan.
2091 3767 2177 3821 l2.
2200 3766 2313 3838 27).
2350 3764 2475 3819 Hinc
2500 3762 2673 3817 omnia
2699 3762 2846 3817 vobis
2876 3762 3098 3816 testibus
3125 3761 3374 3828 loquutus

1799 3878 1936 3917 sum.
1967 3862 2163 3916 Verum
2195 3859 2279 3913 his
2312 3873 2417 3912 non
2448 3855 2829 3925 obtemperas?
2860 3853 2952 3908 sed
2981 3853 3130 3920 illud,
3163 3853 3223 3908 Si
3252 3869 3374 3922 ροδρ

1797 3953 1941 4009 sibile
1965 3961 2056 4015 est,
2098 3950 2273 4005 adhuc
2314 3946 2633 4003 olfendiculo
2670 3954 2752 3999 est
2793 3944 2927 3999 tibi?
2971 3944 3111 3998 Sane
3136 3944 3382 4012 quidem,

1799 4046 1891 4099 ait.
1920 4042 2354 4115 Congrediamur,
2373 4040 2584 4105 fratres,
2602 4053 2722 4092 cum
2741 4037 3094 4101 contentiosa,
3113 4036 3379 4105 simulque

1801 4139 2032 4192 nitamur
2070 4135 2120 4189 vi
2165 4133 2406 4191 veritatis
2449 4131 2571 4185 illos
2613 4128 2817 4197 erigere
2858 4128 2947 4198 qui
2991 4127 3378 4182 incredulitatis

1802 4229 2109 4284 inﬁrmitate
2151 4224 2283 4295 lapsi
2323 4231 2466 4278 sunt.
2497 4222 2552 4277 Si
2585 4227 2899 4289 potestatem
2929 4218 3199 4273 habuisset
3226 4216 3382 4271 Chri-

1803 4331 1917 4377 stus
1939 4361 1954 4385 ,
1986 4334 2091 4373 non
2131 4317 2387 4381 dixisset,
2417 4314 2479 4370 Si
2507 4311 2743 4384 possibile
2762 4320 2874 4376 est,
2907 4319 3144 4364 transeat.
3174 4310 3396 4364 Accusa.

1805 4425 1934 4481 ergo
1959 4410 2118 4465 etiam
2143 4408 2334 4470 Deum,
2363 4405 2453 4475 qui
2480 4404 2677 4473 inlege
2702 4402 2767 4457 iis
2786 4401 2962 4457 verbis
2984 4416 3110 4455 usus
3131 4411 3234 4467 est,
3263 4417 3382 4470 qua:

1805 4505 1872 4560 ab
1896 4501 2011 4572 ejus
2032 4506 2297 4572 potestate
2324 4497 2479 4566 longe
2500 4494 2717 4550 distent.
2748 4493 2835 4547 Ait
2859 4493 3001 4547 enim
3027 4490 3194 4562 Moysi
3219 4491 3380 4556 Dens,

1805 4611 1925 4651 eum
1973 4594 2282 4664 loqueretur
2326 4589 2387 4644 in
2411 4596 2594 4642 monte
2639 4585 2764 4641 Sina
2791 4625 2807 4649 ,
2853 4597 3224 4653 permagnum
3254 4580 3383 4637 illud

1808 4685 2152 4754 terribileque
2169 4689 2435 4736 ostentum
2463 4695 2476 4731 :
2507 4693 2626 4731 cum
2653 4676 2827 4731 omnis
2856 4682 3108 4729 tremeret
3135 4673 3382 4742 populus,

1807 4776 2029 4832 audiens
2057 4786 2241 4829 vocem
2270 4770 2363 4825 Dei
2390 4769 2618 4824 viventis
2647 4785 2657 4819 :
2688 4768 2777 4836 qui
2803 4764 3037 4819 omnium
3064 4770 3382 4833 potestatem

1809 4869 2004 4932 habet,
2035 4873 2089 4919 et
2115 4862 2291 4919 omnia
2333 4859 2580 4914 omnibus
2605 4857 2909 4927 dispensat,
2942 4854 3017 4908 ait
3054 4854 3219 4925 Moysi
3248 4853 3388 4907 Deus

1810 4959 2046 5014 omnium
2075 4954 2295 5024 largitor
2326 4968 2340 5005 :
2382 4950 2504 5016 Quis
2534 4948 2671 5001 dabit
2694 4962 2799 5001 esse
2824 4962 2911 5000 cor
2936 4960 3105 4999 eorum
3133 4945 3183 4997 in
3212 4944 3301 5009 eis,
3333 4952 3387 4994 ut

1813 5051 2021 5104 timeant
2060 5062 2176 5112 me,
2207 5052 2253 5097 et
2283 5041 2564 5096 custodiant
2592 5038 2819 5093 euntibus
2858 5036 3032 5091 diebus
3051 5076 3065 5103 ,
3096 5046 3148 5088 ut
3180 5035 3298 5089 bene
3325 5033 3390 5087 sit

1811 5142 1902 5207 eis,
1928 5152 1973 5193 et
2006 5138 2125 5207 ﬁliis
2154 5150 2325 5187 eorum
2354 5130 2527 5203 (Deut.
2554 5130 2605 5185 5.
2632 5128 2771 5201 29)?
2802 5128 2943 5193 Dicit
2960 5128 3120 5192 Deus,
3153 5125 3276 5195 Quis
3297 5125 3392 5179 da-

1814 5234 1882 5287 bit
1909 5230 2097 5315 populo
2125 5228 2240 5281 huic
2267 5224 2399 5279 cor?
2428 5222 2495 5277 Et
2523 5222 2662 5301 quis,
2688 5219 2911 5274 Domine
2931 5262 2944 5287 ,
2974 5228 3027 5273 te
3057 5217 3301 5279 validior,
3336 5224 3392 5268 ut

1811 5325 1945 5381 det?
1973 5307 2149 5378 nonne
2176 5328 2229 5374 tu
2259 5333 2318 5373 es
2357 5316 2446 5386 qui
2487 5322 2675 5369 cuncta
2704 5312 2822 5379 das,
2844 5311 3149 5381 praesertim
3176 5323 3294 5377 quae
3324 5307 3390 5359 ad

1814 5419 2063 5487 pietatem
2111 5408 2396 5481 spectant?
2444 5406 2552 5461 Nisi
2604 5414 2656 5458 tu
2700 5419 2757 5458 es
2786 5403 2876 5472 qui
2920 5418 3015 5456 eor
3057 5402 3254 5455 bonum
3298 5397 3393 5450 das

1814 5503 2156 5575 diligentibus
2195 5509 2248 5555 te
2268 5540 2283 5566 ,
2313 5497 2412 5552 uisi
2444 5507 2499 5550 tu
2528 5509 2586 5551 es
2624 5496 2713 5565 qui
2758 5494 2966 5563 largiris
2989 5533 3004 5558 ,
3034 5504 3202 5561 quare
3230 5486 3407 5541 David:

1818 5597 1921 5650 hoc
1950 5610 1978 5648 a
2018 5602 2070 5646 te
2096 5591 2233 5662 petit
2251 5633 2265 5657 ,
2297 5588 2395 5643 Cor
2434 5586 2677 5641 mundum
2706 5601 2819 5639 crea
2857 5589 2909 5636 in
2939 5598 3030 5645 nte,
3046 5582 3179 5635 Deus
3206 5578 3391 5652 (Psal.

1819 5688 1905 5745 50.
1933 5685 2075 5756 t2)?
2103 5682 2207 5741 Cor
2232 5682 2484 5740 tnundum
2516 5698 2543 5736 a
2572 5690 2622 5736 te
2652 5678 2918 5750 postulant
2946 5676 3240 5749 propltetar,
3267 5674 3397 5731 aliae
