3704 6274
319 216 424 271 ιῖτ

315 345 420 399 que
448 329 584 381 bona
612 338 855 391 munera,
882 333 1044 395 atque
1072 322 1249 378 cordis
1277 321 1560 392 puritatem
1587 338 1599 375 :
1632 329 1688 375 et
1716 320 1905 374 huma-

318 435 383 474 na
413 429 567 473 utens
596 432 727 471 voce
761 414 918 482 dicis,
964 414 1089 482 Quis
1131 414 1270 468 dabit
1298 413 1486 484 populo
1515 412 1632 466 huic
1670 411 1799 465 cor?
1833 410 1899 464 Et

315 512 435 581 quis
484 510 603 580 plus
649 509 743 564 dat
790 523 949 577 quam
995 507 1096 561 tu?
1130 505 1501 562 Verumtamen
1535 504 1658 559 licet
1701 511 1756 557 tu
1788 516 1899 571 pm

314 603 554 657 bonitate
590 601 670 655 sic
710 600 960 670 loquutus
988 598 1063 653 sis
1081 636 1097 660 ,
1130 606 1185 651 at
1222 597 1411 651 beatus
1434 596 1643 666 Moyses
1666 607 1775 647 non
1803 591 1899 646 ad-

312 691 468 747 haesit
504 690 741 747 sermoni
771 698 861 743 tuo
881 730 895 752 ,
924 687 1020 743 sed
1050 687 1336 757 publicavit
1364 686 1696 753 maiestatem
1726 692 1894 746 tuam,

312 784 548 839 ostendit
576 782 985 847 auctoritatem,
1018 779 1269 849 patefecit
1297 779 1610 848 potentiam.
1642 777 1779 831 Dicit
1804 788 1898 844 p0-

310 877 399 948 pul
415 891 438 932 )
474 877 529 931 in
558 874 970 931 Deuteronomio
999 890 1012 927 :
1034 872 1185 927 Dedit
1213 871 1349 925 vobis
1374 869 1625 925 Dominus
1649 869 1788 924 Deus
1812 888 1899 925 cor

320 953 391 1020 ad
419 968 696 1033 sciendum,
724 975 769 1021 et
796 964 967 1019 oculos
989 964 1058 1017 ad
1093 962 1361 1016 videndum
1379 1003 1395 1027 ,
1424 972 1471 1015 et
1512 977 1659 1016 aures
1698 962 1766 1015 ad
1805 978 1899 1015 au-

311 1059 550 1112 diendum
575 1072 729 1128 usque
757 1057 811 1109 in
834 1056 967 1109 diem
995 1059 1127 1107 hanc
1156 1052 1341 1125 (Deut.
1370 1051 1460 1107 29.
1485 1052 1580 1123 4).

382 1150 437 1203 8.
483 1147 643 1203 Vides
668 1146 816 1201 illum
849 1145 976 1199 dare
1000 1159 1096 1197 cor
1116 1185 1130 1208 ,
1169 1145 1353 1198 oculos
1372 1184 1385 1208 ,
1418 1157 1573 1196 aures
1600 1149 1655 1197 et
1679 1141 1898 1195 omnia?

312 1241 412 1308 Qui
440 1254 569 1309 ergo
598 1242 643 1294 is
667 1238 757 1307 qui
784 1236 961 1291 omnia
1004 1235 1096 1290 dat
1120 1235 1361 1301 dicebat,
1392 1234 1517 1301 Quis
1541 1234 1677 1287 dabit
1708 1234 1896 1303 populo

310 1334 426 1387 huic
467 1349 555 1386 cor
596 1331 741 1385 tale!
768 1345 874 1400 quo
902 1336 1059 1398 pacto
1096 1341 1300 1390 rursus,
1332 1326 1433 1379 nisi
1464 1327 1577 1394 ipse
1602 1339 1696 1379 cor
1720 1325 1892 1389 daret,

310 1429 514 1483 diceret
547 1439 642 1495 per
663 1421 999 1477 Ezechielem
1036 1438 1049 1473 :
1084 1418 1153 1472 Et
1182 1419 1441 1473 extraham
1467 1434 1531 1472 ea:
1552 1418 1623 1470 eis
1650 1433 1737 1470 cor
1764 1417 1897 1486 lapi-

313 1521 483 1581 deum,
514 1526 561 1572 et
590 1516 722 1569 dabo
743 1514 817 1569 eis
840 1529 927 1567 cor
948 1527 1207 1577 corneum,
1233 1518 1280 1563 et
1305 1509 1521 1563 scribam
1548 1508 1709 1578 legem
1732 1523 1893 1560 meam

312 1614 365 1665 in
395 1610 634 1665 cordibus
662 1622 835 1662 eorum
865 1604 1077 1679 (Ezech.
1104 1605 1192 1658 11.
1216 1600 1311 1667 19;
1335 1600 1448 1655 Jer.
1473 1601 1562 1655 51.
1587 1600 1717 1669 33)?
1745 1599 1897 1653 Sicut

312 1718 443 1774 ergo
465 1703 571 1757 illic
598 1703 712 1770 ipse
739 1701 899 1763 Deus,
922 1699 1011 1767 qui
1033 1697 1163 1752 dare
1186 1703 1361 1766 potest
1384 1709 1480 1749 cor
1500 1694 1720 1759 bonum,
1742 1692 1891 1758 dicit,

312 1794 440 1860 Quis
463 1794 601 1848 dabit
623 1793 648 1846 Ζ)
673 1792 743 1847 ita
763 1799 819 1847 et
836 1789 1146 1860 Unigenitus
1168 1788 1361 1851 Patris,
1388 1787 1477 1856 qui
1507 1793 1770 1856 potestate
1795 1798 1892 1839 sua

311 1886 486 1955 replet
529 1883 714 1939 orbem
761 1890 1063 1946 terrarum,
1111 1878 1344 1948 dicitque
1388 1892 1509 1932 cum
1538 1877 1890 1931 auctoritate:

310 1977 621 2032 Potestatem
649 1975 806 2028 habeo
838 1972 1056 2043 ponendi
1080 1972 1302 2025 animam
1324 1986 1507 2035 meam,
1531 1979 1577 2023 et
1601 1979 1894 2040 potestatem

310 2071 467 2125 habeo
492 2068 719 2125 sumendi
737 2066 1040 2137 eam(Joan.
1072 2064 1159 2119 10.
1185 2064 1277 2134 18)
1308 2079 1323 2124 :
1356 2062 1530 2117 adhuc
1550 2061 1815 2132 responde
1839 2068 1895 2117 ct

312 2180 378 2218 ex
412 2164 641 2216 humana
672 2161 841 2214 forma
869 2167 925 2212 et
948 2156 1157 2211 ratione
1180 2155 1411 2210 carnalis
1439 2154 1780 2218 inlirmitatis,
1809 2152 1892 2208 his

310 2254 492 2309 verbis
525 2269 539 2306 :
573 2252 636 2308 Si
664 2250 899 2323 possibile
922 2258 1031 2315 est,
1071 2254 1288 2301 transeat
1316 2263 1347 2298 a
1373 2261 1451 2299 me
1491 2246 1625 2299 calix
1659 2243 1889 2317 (Matth.

313 2346 404 2400 26.
435 2346 502 2400 59
528 2346 567 2415 ).
599 2344 677 2398 Ne
705 2343 863 2414 igitur
904 2338 1300 2395 calumniemini
1331 2337 1472 2391 circa
1514 2351 1576 2390 ea
1606 2352 1724 2405 qua:
1753 2334 1893 2390 dicta

315 2456 423 2493 non
457 2442 699 2501 luerunt,
741 2434 833 2488 sed
862 2433 1118 2488 inhaerete
1145 2433 1208 2485 iis
1228 2472 1243 2495 ,
1273 2445 1391 2500 quae
1419 2428 1702 2498 praedicata
1727 2435 1849 2481 sunt
1875 2444 1891 2481 :

312 2548 379 2585 ne
401 2528 758 2585 crimiucmini
779 2528 1097 2592 doctrinam,
1121 2526 1209 2594 qui
1231 2537 1447 2579 sensum
1468 2536 1574 2577 non
1595 2521 1888 2591 percipitis.

312 2624 436 2677 Scio
472 2621 613 2676 unde
658 2622 711 2675 in
753 2620 1071 2675 calumniam
1115 2628 1432 2686 prorumpas
1459 2633 1472 2669 :
1500 2614 1612 2669 scio
1637 2611 1779 2668 unde
1815 2613 1893 2667 sic

311 2716 531 2770 allectus
559 2713 656 2769 sis.
697 2711 971 2766 Humanus
1006 2718 1090 2764 est
1117 2708 1371 2772 allectus,
1405 2706 1616 2761 invidia:
1650 2704 1889 2760 morbus.

310 2806 442 2862 Nam
487 2814 544 2859 ut
585 2806 771 2859 oculus
809 2803 852 2856 si
899 2816 1063 2872 purus
1105 2800 1194 2864 sit,
1241 2807 1428 2854 cuncta
1472 2808 1617 2852 recte
1645 2796 1788 2851 videt
1828 2810 1892 2851 ac

311 2898 610 2961 disccrnit;
657 2898 739 2952 sin
789 2895 962 2949 fumus
1007 2893 1298 2959 invaserit,
1346 2901 1401 2947 et
1445 2889 1891 2961 pulchritudinem

311 2989 461 3043 visus
498 2986 863 3051 labefactarit,
894 2994 984 3039 aut
1026 2984 1072 3039 si
1118 2983 1286 3053 pulvis
1330 2980 1613 3047 inciderit,
1648 2978 1893 3035 obtundit

310 3082 482 3135 visum
506 3097 521 3146 ;
571 3094 741 3149 neque
770 3085 915 3133 recte
943 3076 1089 3130 videt
1116 3083 1176 3130 ut
1212 3082 1336 3129 ante
1369 3091 1382 3128 :
1415 3073 1487 3126 ita
1514 3085 1655 3127 nunc
1680 3085 1893 3141 quoque

312 3173 584 3228 auditores
608 3172 825 3241 singuli,
856 3170 1029 3225 donec
1057 3182 1247 3239 purum
1278 3166 1480 3221 habent
1504 3163 1626 3220 ﬁdei
1656 3163 1888 3229 oculum,

310 3280 497 3337 puram
527 3262 769 3319 caritatis
798 3262 1121 3332 palpebram,
1155 3269 1301 3315 recte
1327 3272 1566 3329 pureque
1591 3256 1811 3322 vident;
1839 3266 1893 3310 at

314 3359 357 3413 si
389 3359 563 3412 fumus
591 3355 938 3425 blasphemia:
963 3353 1102 3408 dicta
1129 3351 1399 3415 invaserit,
1427 3359 1519 3405 aut
1547 3349 1757 3405 invidiae
1779 3349 1894 3419 pul-

312 3452 390 3503 vis
414 3450 649 3501 animum
680 3446 921 3508 subierit,
958 3445 1136 3498 turbat
1163 3445 1433 3507 intuitum,
1467 3442 1766 3511 mentisque
1795 3456 1893 3509 pu-

312 3544 522 3597 ritatem
555 3540 732 3604 tollit;
761 3553 823 3593 ac
857 3554 976 3607 qua:
1008 3552 1112 3592 non
1142 3536 1374 3601 audivit,
1417 3534 1683 3589 audivisse
1721 3542 1889 3603 putat,

312 3648 536 3704 quaeque
578 3631 812 3693 audivit,
858 3644 967 3684 non
1012 3628 1177 3697 probe
1226 3626 1508 3682 intellexit.
1557 3625 1894 3695 Quapropter

312 3740 434 3780 cum
464 3723 783 3792 prmvideret
825 3722 1000 3775 divina
1040 3719 1314 3787 Scriptura
1350 3716 1669 3771 olfendicula
1708 3732 1890 3772 eorum

313 3815 402 3884 qui
430 3815 481 3868 in
522 3814 688 3868 sacris
717 3812 886 3868 literis
911 3810 1230 3879 cogitatione
1252 3809 1547 3863 oberraturi
1575 3816 1750 3872 erant,
1779 3808 1896 3878 qui-

314 3906 437 3959 dam
481 3920 545 3959 ex
587 3902 863 3973 prOphetis
900 3901 1147 3956 clamavit
1184 3908 1305 3970 post
1343 3901 1612 3969 impletam
1655 3899 1893 3954 divinam

316 3996 747 4066 praedicationem
780 4010 796 4047 :
828 3993 955 4057 Quis
984 3993 1204 4061 sapiens,
1233 4001 1279 4045 et
1306 3992 1548 4063 intelliget
1575 3992 1680 4047 Ιιωε
1702 3992 1727 4045 .9
1749 4001 1795 4046 et
1820 3993 1897 4045 vir

315 4087 534 4158 prudens
558 4127 572 4150 ,
616 4094 663 4139 et
706 4093 967 4155 cognoscet
996 4089 1105 4136 haec
1124 4083 1151 4136 7
1195 4081 1329 4146 Quia
1358 4091 1508 4136 recta:
1546 4084 1639 4136 vita
1663 4081 1891 4148 Domini,

315 4178 436 4248 iusti
461 4176 788 4229 ambulabunt
815 4176 866 4227 in
894 4171 1132 4243 eis(Osee
1170 4173 1256 4227 11.
1287 4174 1399 4242 10).
1432 4172 1508 4227 Ne
1539 4174 1716 4243 itaque
1737 4215 1751 4236 ,
1783 4173 1894 4227 fra-

315 4278 427 4332 ter,
471 4266 629 4321 verba
675 4274 957 4320 convertas
1000 4264 1051 4318 in
1096 4262 1431 4319 offendicula.
1482 4262 1666 4318 Nudus
1695 4277 1893 4328 sermo,

317 4358 457 4412 nuda
487 4357 702 4410 veritas.
734 4354 848 4409 Non
876 4368 1013 4408 unus
1034 4395 1050 4420 ,
1082 4368 1190 4407 non
1217 4353 1323 4407 duo
1343 4394 1357 4418 ,
1388 4367 1493 4407 non
1529 4353 1714 4408 decem
1735 4393 1749 4419 ,
1791 4368 1896 4407 non

318 4459 531 4505 centum
562 4447 842 4501 audierunt
870 4487 885 4511 ,
914 4444 1198 4499 multitudo
1227 4453 1309 4498 est
1347 4445 1603 4498 immensa
1646 4453 1702 4498 et
1743 4443 1898 4498 innu-

319 4556 488 4595 mera.
540 4539 764 4607 Pelagus
806 4536 1015 4606 pietatis
1058 4546 1140 4591 est
1184 4535 1458 4602 Ecclesia,
1506 4550 1610 4589 non
1653 4534 1899 4590 fluctibus

317 4635 593 4705 agitatum,
641 4632 734 4687 sed
778 4632 882 4684 ﬁde
928 4630 1164 4699 plenum.
1211 4629 1362 4699 Apud
1406 4644 1504 4684 nos
1546 4644 1651 4683 non
1699 4630 1899 4699 patitur

319 4724 649 4793 naufragium
687 4721 884 4793 scapha
914 4721 1202 4786 doctrinae,
1230 4735 1335 4773 non
1378 4719 1612 4789 pellitur,
1646 4735 1749 4775 non
1782 4729 1897 4773 tur-

321 4820 473 4875 batur
499 4859 513 4885 ,
546 4831 652 4872 non
682 4813 1087 4885 tempestatibus
1127 4811 1388 4884 agitatur;
1434 4810 1528 4867 sed
1565 4820 1621 4866 ut
1660 4810 1727 4866 ad
1755 4818 1897 4866 tran-

1834 198 2110 261 INCERTI

3495 218 3665 277 ‘28,

2012 327 2234 395 quillum
2263 339 2471 399 portum
2497 330 2549 386 in
2576 331 2781 386 animas
2803 331 3131 404 diligentiam
3155 334 3325 391 Deum
3351 338 3602 408 appellit.

2006 417 2182 485 Atque
2237 419 2349 474 haec
2400 420 2677 476 hactenus.
2731 423 2996 479 Caeterum
3062 425 3195 481 illud
3245 429 3604 483 considerare

2003 518 2234 578 Oportet,
2262 521 2474 567 sanctos
2503 514 2595 570 Dei
2629 515 2683 568 in
2712 516 3007 571 calumnias
3035 518 3293 574 incidere.
3324 520 3472 587 Quid
3504 523 3605 575 mi-

2004 614 2120 653 rum
2149 600 2192 655 si
2232 617 2333 656 nos
2364 604 2532 669 viles,
2581 604 2827 671 humiles,
2871 608 2960 675 qui
2989 608 3121 665 nihil
3148 625 3334 665 sumus
3357 654 3376 677 ,
3422 621 3490 665 ut
3530 613 3604 666 ita

2002 689 2198 755 dicam,
2231 692 2508 749 calumniis
2541 695 2889 765 impetimur?
2932 699 3123 754 Annon
3149 702 3340 757 audisti
3375 703 3602 758 Davidis

2002 781 2184 847 verba,
2214 781 2370 852 Eripe
2396 801 2474 837 me
2498 803 2529 838 a
2553 787 2821 841 calumniis
2851 789 3109 844 hominum
3140 790 3215 865 (a)
3247 791 3270 865 (
3287 792 3440 848 Psal.
3472 794 3598 849 “8.

2006 873 2109 929 154
2141 873 2204 942 )?
2233 875 2559 930 Calumniam
2605 880 2746 948 passi
2789 890 2912 934 sunt
2937 882 3097 937 etiam
3138 887 3305 939 sancti
3333 885 3601 941 Servato-

2002 964 2078 1018 ris
2108 967 2366 1034 apostoli,
2412 977 2471 1022 ut
2511 970 2584 1023 ait
2624 979 2681 1024 et
2723 970 2909 1026 beatus
2937 973 3134 1029 Paulus
3174 992 3189 1032 :
3230 975 3298 1029 Et
3332 994 3441 1030 non
3468 978 3599 1031 sicut

2002 1054 2431 1124 blasphemamur,
2459 1068 2506 1112 et
2528 1060 2657 1112 sicut
2684 1061 2826 1114 aiunt
2853 1062 3057 1133 quidam
3085 1081 3174 1118 nos
3204 1066 3392 1130 dicere,
3421 1068 3596 1137 facia-

2001 1160 2113 1197 mus
2142 1146 2298 1212 mala,
2326 1157 2381 1201 ut
2409 1150 2609 1203 veniant
2637 1150 2766 1204 bona
2792 1150 2980 1218 (Rom.
3010 1154 3063 1209 5.
3086 1154 3181 1225 8).
3208 1156 3324 1211 Non
3354 1173 3593 1221 mtcreo,

2000 1248 2121 1287 cum
2170 1237 2368 1292 sanctis
2415 1239 2678 1293 calumnia
2728 1240 2987 1309 allectus;
3038 1245 3137 1299 etsi
3186 1246 3441 1318 indignus
3488 1250 3593 1303 sim

2001 1335 2305 1381 sanctorum
2327 1332 2621 1385 consortio.
2644 1331 2859 1388 Judices
2880 1349 2976 1389 vos
2999 1350 3189 1392 omnes
3210 1338 3405 1405 habeo,
3429 1349 3595 1410 atque

1999 1429 2126 1474 ante
2148 1435 2241 1473 vos
2267 1435 2453 1478 omnes
2477 1436 2815 1480 communem
2840 1426 3054 1483 Patrem
3077 1438 3339 1495 nostrum,
3363 1432 3459 1501 qui
3480 1446 3591 1486 non

1999 1524 2066 1564 ex
2098 1511 2437 1579 prtejudicata
2464 1515 2736 1583 opinione,
2769 1515 2864 1572 sed
2890 1532 2951 1572 re
2975 1519 3187 1589 cognita
3216 1520 3445 1590 iudicat.
3476 1521 3593 1576 No-

1999 1601 2073 1654 vit
2096 1603 2447 1671 cogitationes
2476 1616 2720 1674 nostras,
2753 1610 3027 1679 cognoscit
3049 1620 3103 1665 et
3131 1612 3315 1678 verba,
3345 1614 3495 1682 quod
3522 1616 3592 1670 ab

1999 1692 2115 1762 ipso
2145 1694 2259 1749 lucc
2298 1696 2471 1751 edocti
2520 1698 2798 1755 fuerimus.
2847 1701 3187 1760 Postulamus
3215 1719 3245 1759 a
3274 1706 3431 1761 vobis
3457 1724 3587 1762 num

1997 1784 2407 1854 reprehenderit
2435 1788 2573 1845 dicta
2594 1832 2610 1857 ,
2656 1806 2824 1861 eaque
2853 1796 3146 1851 correxerit
3182 1814 3197 1850 :
3233 1813 3421 1853 verum
3452 1800 3587 1855 nihil

1996 1880 2296 1949 suspicatus
2323 1890 2426 1936 est.
2456 1882 2616 1938 Certe
2655 1885 2698 1939 si
2744 1886 3115 1954 emendasset,
3150 1905 3255 1944 non
3287 1891 3419 1946 odio
3442 1933 3459 1957 ,
3491 1893 3585 1947 sed

1994 1975 2221 2030 caritate
2248 1985 2423 2031 motus
2453 1977 2504 2031 id
2533 1977 2770 2035 feciSSel.
2813 1980 2980 2048 Quem
3022 1982 3164 2037 enim
3207 1983 3383 2053 diligit
3409 1992 3583 2053 pater,

1996 2068 2207 2136 arguit;
2240 2083 2396 2140 quem
2426 2084 2556 2124 vero
2583 2085 2687 2124 non
2715 2072 2965 2141 corrigit,
2993 2083 3267 2129 aversatur
3296 2075 3498 2145 (Prov.
3522 2078 3574 2131 '5.

1998 2158 2111 2230 12).
2136 2158 2499 2216 Admirandus
2522 2171 2701 2216 autem
2730 2161 2818 2217 bic
2845 2172 2998 2233 pater
3024 2173 3077 2220 et
3101 2174 3247 2221 recte
3270 2166 3415 2221 dicta
3439 2183 3585 2222 como

1997 2250 2220 2319 probat,
2262 2260 2317 2305 et
2345 2267 2558 2307 errores
2600 2252 2867 2308 emendat.
2902 2254 3015 2309 Hoc
3054 2256 3209 2322 enim,
3243 2258 3417 2326 patris
3456 2272 3582 2327 pro-

1997 2344 2167 2413 prium
2195 2353 2297 2409 est,
2327 2353 2472 2399 recte
2490 2344 2630 2400 dicta
2656 2361 2720 2400 ac
2740 2361 2860 2400 cum
2890 2346 2993 2402 ﬁde
3022 2348 3309 2417 praedicata
3338 2350 3583 2407 laudibus

1994 2434 2287 2491 celebrare.
2321 2436 2527 2491 Sufﬁcit
2573 2451 2701 2506 ergo
2748 2438 2984 2492 omnium
3026 2440 3194 2494 instar
3232 2440 3353 2510 ejus
3393 2443 3584 2497 sum-a-

1994 2525 2137 2595 gium
2169 2565 2183 2591 ,
2211 2535 2369 2596 atque
2396 2527 2447 2581 in
2477 2526 2667 2596 primis
2703 2528 3020 2583 sanctissimi
3046 2528 3160 2584 Dei.
3187 2528 3459 2585 Caeterum
3485 2533 3583 2602 pia:

1996 2615 2367 2672 adhaereamus
2396 2618 2661 2687 religioni,
2692 2633 2965 2673 servemus
2997 2618 3150 2675 ﬁdem
3182 2621 3581 2677 intemeratam.

1996 2707 2211 2763 Credite
2239 2707 2492 2775 veritati,
2534 2723 2601 2764 ne
2630 2709 2977 2764 contradicite
3013 2710 3241 2765 veritati.
3291 2711 3374 2767 Ne
3425 2712 3583 2767 ﬁdem

1994 2800 2262 2855 adulteres
2282 2841 2298 2867 ,
2328 2800 2561 2855 divinam
2587 2809 2828 2855 naturam
2859 2816 2927 2856 ne
2964 2800 3171 2855 curiose
3198 2803 3451 2872 explores
3469 2845 3485 2870 ,
3514 2820 3581 2858 ne

1994 2893 2309 2948 mortalibus
2350 2894 2642 2948 ratiociniis
2691 2893 3045 2949 immortalem
3079 2893 3391 2964 dignitatem
3420 2897 3582 2967 subji-

1994 2985 2124 3039 cias.
2156 2984 2460 3039 Periculosa
2484 2994 2568 3040 est
2586 2985 3046 3040 ratiocinationum
3069 2987 3187 3052 via;
3219 2994 3331 3041 tuta
3350 2996 3409 3041 et
3430 2987 3580 3042 ﬁrma

1995 3078 2341 3148 intelligentia
2395 3077 2746 3133 confessionis
2801 3078 2943 3132 ﬁdei.
3004 3079 3137 3133 Vera
3188 3080 3453 3151 sapientia
3501 3092 3583 3136 est

1996 3168 2150 3224 ﬁdes.
2182 3169 2319 3225 Audi
2360 3170 2485 3240 quid
2528 3168 2671 3224 dicat
2710 3169 2946 3224 divinum
2976 3170 3247 3226 oraculum
3282 3172 3467 3226 :Nam
3495 3184 3583 3227 ets:

1994 3261 2105 3327 quis
2134 3262 2227 3314 erit
2258 3264 2509 3331 perfectus
2536 3261 2667 3315 inter
2705 3262 2843 3329 filios
2882 3261 3175 3325 hominum,
3208 3262 3252 3315 si
3278 3260 3465 3316 abillo
3492 3263 3583 3315 ab-

1996 3353 2147 3424 fuerit
2176 3370 2236 3406 ea
2264 3368 2379 3422 qua:
2405 3370 2436 3406 a
2462 3363 2509 3406 te
2534 3362 2604 3406 est
2632 3354 2901 3423 sapientia,
2931 3354 3000 3407 ad
3028 3354 3239 3408 nihilum
3262 3357 3583 3425 reputabitur

1996 3443 2151 3515 (Sap.
2182 3444 2234 3498 9.
2262 3444 2340 3514 6).
2373 3444 2516 3514 Fuge
2543 3445 2886 3514 qumstiones,
2915 3459 3088 3513 neque
3108 3444 3265 3499 verba
3293 3443 3420 3500 ﬁdei
3450 3460 3582 3515 prte-

1996 3536 2156 3592 l‘eras.
2190 3536 2409 3591 Paulum
2447 3536 2582 3591 habe
2609 3537 2941 3606 magistrum,
2974 3537 3184 3591 Petrum
3215 3536 3311 3591 tibi
3337 3537 3579 3591 adscribe

2001 3638 2385 3699 prmceptorem
2422 3647 2435 3682 :
2473 3628 2684 3683 illorum
2723 3628 2881 3682 ﬁdem
2929 3636 3151 3682 sectare.
3184 3629 3321 3683 Audi
3364 3628 3577 3684 Petrum

1998 3720 2265 3775 dicentem
2300 3737 2312 3773 :
2343 3718 2423 3774 Tu
2450 3736 2512 3774 es.
2525 3718 2775 3784 Christus,
2806 3720 2973 3773 Filius
3002 3719 3097 3774 Dei
3125 3721 3223 3774 vivi
3249 3720 3466 3792 (Matth.
3490 3722 3573 3777 16.

1998 3812 2089 3880 6).
2121 3811 2356 3879 Sequere
2383 3810 2602 3864 Paulum
2630 3818 2811 3879 aperte
2842 3810 3032 3863 Filium
3067 3809 3159 3866 Dei
3185 3811 3566 3874 celebrantem,

1998 3917 2060 3957 ac
2087 3902 2247 3957 modo
2273 3902 2487 3972 quidem
2528 3902 2791 3957 dicentem
2820 3900 3115 3973 :Loquutus
3151 3912 3225 3957 est
3267 3903 3415 3958 nobis
3441 3904 3572 3961 Dm

1997 3998 2049 4049 in
2076 3994 2235 4058 Filio,
2267 4012 2355 4065 per
2378 4011 2523 4065 quem
2546 3995 2664 4066 fecit
2682 4003 2729 4047 et
2756 3998 2942 4049 sarcula
2966 4011 2985 4049 :
3008 3997 3091 4065 qui
3112 4012 3223 4049 cum
3252 3996 3318 4050 sit
3343 3997 3576 4065 splendor

1998 4087 2176 4158 gloria:
2201 4128 2216 4152 ,
2245 4096 2292 4140 et
2332 4088 2498 4157 figura
2546 4086 2866 4151 substantiae,
2899 4095 3199 4156 portansque
3237 4090 3415 4140 omnia
3441 4088 3577 4142 verba

1998 4180 2199 4234 virtutis
2228 4195 2334 4233 sua:
2361 4179 2557 4251 (Hebr.
2583 4180 2634 4232 1.
2657 4178 2711 4232 2.
2736 4178 2804 4249 3)
2830 4195 2842 4229 :
2872 4177 3031 4232 modo
3058 4178 3249 4233 iterum
3285 4180 3577 4250 praedican-

2002 4283 2108 4328 tem
2132 4316 2147 4341 ,
2181 4273 2268 4327 ubi
2310 4273 2377 4327 de
2413 4273 2611 4326 Judmis
2639 4274 2747 4343 agit
2775 4288 2787 4321 :
2818 4272 3045 4339 Quorum
3084 4283 3252 4343 patres
3296 4276 3480 4339 nostri,
3520 4290 3579 4327 ea:

2001 4369 2179 4437 quibus
2222 4377 2295 4420 est
2339 4365 2572 4421 Christus
2616 4366 2891 4419 secundum
2920 4382 3155 4433 carnem,
3198 4367 3285 4436 qui
3323 4375 3398 4420 est
3436 4382 3578 4435 super

2002 4460 2171 4513 omnia
2216 4457 2351 4511 Deus
2393 4458 2674 4511 benedictus
2716 4458 2769 4510 in
2816 4457 3001 4511 saecula
3039 4457 3364 4513 sa'culorum.
3404 4459 3554 4511 Amen

2005 4552 2177 4625 (Rom.
2207 4552 2256 4609 9.
2295 4549 2372 4622 5).

2070 4752 2140 4814 (a)
2164 4751 2233 4814 Ita
2257 4745 2615 4814 quoque‘b‘ilus.
2633 4752 2700 4796 De
2722 4745 2931 4797 diversis
2952 4745 3174 4810 malignis
3196 4745 3576 4809 cogitationum,

2003 4808 2109 4879 cap.
2124 4808 2312 4862 ultimo.
2337 4808 2541 4860 Coteler.
