3720 6276
36 231 114 287 .27
1002 224 1070 281 IN
1108 224 1342 295 ILLUD,
1382 226 1450 283 ΙΝ
1482 226 1623 296 QUA
1666 227 2094 297 POTESTATE,
2134 229 2293 287 ETC.

36 347 249 418 ιαρδὶας
281 346 673 419 καθαρότητα·
720 350 815 407 καὶ
856 350 1033 420 λέγεις
1066 349 1379 422 ἀνθρωπίνῃ
1410 364 1609 417 κεχρη-

36 431 172 492 ιένος
224 432 395 499 φωνῇ
419 468 436 492 ,
476 432 571 497 Τίς
599 431 779 486 δώσει
814 431 896 497 τῷ
940 432 1070 498 λαῷ
1100 434 1287 495 τούτῳ
1325 428 1608 498 καρδίανῖ

35 510 119 563 ἰαὶ
142 510 236 574 τίς
266 512 299 563 6
328 512 517 564 πλεῖόν
547 530 638 565 σου
664 512 876 578 διδούς;
906 516 1052 585 Πλὴν
1081 515 1129 566 εί
1160 514 1341 567 καὶσὺ
1366 512 1440 575 ὼς
1474 513 1610 579 ἀγα-

36 593 97 654 πὸς
140 591 338 654 οὕτως
390 592 667 661 ἐφθέγξω,
700 595 813 649 ἀλλ’
843 595 871 646 6
911 596 1177 667 μακάριος
1226 596 1464 663 Μωῦσῆς
1510 594 1609 645 οὐκ

36 673 371 743 ικολούθησέ
402 692 494 727 σου
516 679 583 747 τῇ
613 676 776 742 λέξει,
806 679 919 732 ἀλλ’
936 679 1167 751 ἐκήρυξέ
1194 695 1288 731 σου
1307 678 1405 748 τὴν
1431 673 1605 741 ἀξίαν,

38 756 179 819 δειξε
209 757 324 825 τὴν
363 757 671 823 αὐθεντίαν,
713 761 977 830 ἐγνώρισέ
1007 780 1100 816 σου
1143 762 1240 833 τὴν
1268 759 1604 814 δυναστείαν.

35 841 171 905 λέγει
208 838 298 909 τῷ
337 839 455 909 λαῷ
496 842 555 895 ἐν
581 842 659 913 τῷ
699 844 1099 917 Δεύτερονομίῳ
1131 862 1144 877 ·
1178 844 1436 898 Ἔδωκεν
1467 842 1609 911 ὑμῖν

36 924 235 989 ῖύριος
272 926 309 977 ό
356 924 502 989 Θεὸς
533 926 785 993 καρδίαν
832 928 1081 994 ειδέναι,
1138 928 1235 982 καὶ
1263 926 1609 997 ὀφθαλμοὺς

35 1006 201 1057 ίλέπε
210 1022 299 1069 ιν,
328 1006 429 1059 καὶ
453 1003 571 1060 ὦτα
601 1008 862 1076 ἀκούειν,
881 1010 989 1077 ἕως
1001 1011 1111 1079 τῆς
1122 1010 1347 1081 ἡμέρας
1366 1011 1602 1077 ταύτης.

77 1094 150 1157 η’.
203 1089 385 1159 Ὁρᾷς
423 1092 503 1143 ὅτι
534 1092 786 1161 καρδίαν,
836 1094 929 1148 καὶ
965 1094 1306 1166 ὀφθαλμοὺς,
1335 1094 1429 1147 καὶ
1457 1088 1568 1146 ὦτα
1587 1133 1603 1157 ,

35 1171 103 1222 ια).
136 1170 209 1223 τά
246 1172 436 1225 πάντα
469 1173 498 1225 6
545 1174 707 1239 αὐτὸς
736 1175 954 1244 δίδωσι;
996 1176 1119 1241 Πῶς
1147 1173 1239 1230 οὖν
1270 1177 1299 1229 6
1329 1176 1397 1230 τά
1429 1175 1606 1228 πάντα

36 1252 188 1315 meo;
224 1255 393 1321 ἔλεγε
414 1295 428 1318 ,
482 1257 579 1322 Τίς
612 1256 790 1311 δώσει
839 1259 920 1323 τῷ
951 1258 1079 1324 λαῷ
1124 1261 1311 1327 τούτῳ
1358 1257 1607 1326 καρδίαν

35 1337 351 1404 munitur;
384 1337 536 1413 [635]
569 1339 687 1402 πῶς
716 1341 775 1394 δὲ
799 1341 981 1403 πάλιν,
1007 1345 1055 1396 ει
1087 1343 1159 1415 μὴ
1183 1343 1343 1406 αὐτὸς
1368 1338 1436 1412 ἦν
1458 1344 1486 1394 6
1523 1340 1605 1394 δι-

36 1420 130 1479 ἰοὺς
154 1419 423 1488 καρδίαν,
454 1421 606 1488 ἔλεγε
627 1422 715 1475 διά
742 1424 834 1477 τοῦ
874 1423 1131 1496 Ἰεζεκιήλ
1150 1443 1164 1457 ·
1190 1424 1299 1479 Καὶ
1317 1424 1605 1478 ὲκσπάσω

36 1500 79 1563 ἓξ
117 1500 336 1555 αὐτῶν
384 1502 501 1570 τὴν
543 1504 792 1573 καρδίαν
836 1506 952 1575 τὴν
987 1510 1246 1577 λιθίνην,
1293 1508 1392 1562 καὶ
1434 1506 1605 1561 δώσω

36 1582 222 1650 ιὺτοῖς
263 1585 519 1653 καρδίαν
564 1589 880 1656 σαρκίνην,
918 1591 1017 1644 καὶ
1052 1591 1257 1661 γράψω
1284 1590 1389 1645 τὸν
1417 1592 1605 1660 νόμον

36 1685 126 1721 ιου
162 1668 238 1721 ἐν
269 1669 403 1735 ταῖς
431 1670 700 1740 καρδίαις
731 1672 960 1737 αὐτῶν;
988 1674 1197 1747 Ὥσπερ
1237 1670 1330 1730 οὖν
1367 1676 1483 1728 ἐκεῖ
1508 1674 1597 1727 αύ-

35 1751 106 1813 :6;
133 1752 161 1803 6
190 1751 355 1815 Θεὸς,
390 1754 417 1805 6
451 1752 747 1824 δυνάμενος
782 1754 963 1808 δοῦναι
998 1757 1221 1828 καρδίαν
1251 1758 1478 1829 ἀγαθὴν,
1520 1757 1606 1812 λέ-

36 1852 103 1901 γει
123 1850 136 1862 ⁸
182 1835 285 1900 Τίς
307 1835 490 1889 δώσει
515 1855 529 1903 ;
564 1836 733 1901 οὕτως
764 1839 857 1891 καὶ
878 1840 905 1891 6
926 1839 1227 1912 Μονογενὴς
1248 1840 1340 1894 τοῦ
1370 1841 1600 1911 Πατρὸς,

35 1920 79 1970 ὲν
110 1918 339 1988 ἐξουσίᾳ
371 1918 596 1990 πληρῶν
626 1919 725 1991 τὴν
752 1921 1095 1992 οἰκουμένην,
1124 1924 1218 1976 καὶ
1261 1924 1433 1991 λέγων
1465 1923 1604 1995 μετὰ

35 1999 332 2065 ιύθεντίας,
380 2000 702 2063 Ἐεουσίαν
726 2003 844 2071 ἔχω
869 2004 1055 2058 θεῖναι
1083 2004 1199 2073 τὴν
1226 2005 1438 2075 ψυχήν
1458 2024 1601 2075 μου,

36 2084 115 2136 καὶ
152 2084 458 2148 ἐξουσίαν
483 2086 602 2154 ἔχω
630 2087 837 2141 λαϐεῖν
862 2088 1078 2157 αὐτὴν,
1120 2091 1472 2162 ἀποκρίνεται
1507 2091 1605 2145 πά-

35 2174 100 2221 Lw
125 2168 207 2239 τῷ
250 2168 582 2240 ἀνθρωπίνῳ
614 2172 885 2241 σχήματι,
914 2173 979 2225 ἐκ
1008 2172 1301 2242 προσώπου
1327 2176 1425 2245 τῆς
1464 2176 1604 2230 κατὰ

35 2252 202 2321 σάρκα
236 2251 526 2315 ἀσθενείας
565 2252 765 2321 λέγων·
798 2257 867 2309 El
914 2254 1215 2321 δυνατὸν,
1256 2257 1604 2325 παρελθάτω

36 2334 121 2386 ἀπ’
144 2334 296 2402 ἐμοῦ
332 2335 400 2389 τὸ
435 2334 740 2404 ποτήριον.
784 2337 875 2409 Μὴ
904 2338 1083 2392 τοίνυν
1128 2342 1509 2407 συκοφαντεῖτε
1533 2339 1604 2394 τὰ

35 2417 100 2513 μη
128 2417 419 2513 *λεγδμενα
436 2458 450 2481 ,
495 2420 629 2513 ἀλλά
644 2426 931 2513 -στοιχιεῖτε
978 2424 1113 2513 τοῖςΝ
1138 2425 1559 2513 κηρυττομένοις
1585 2441 1598 2455 ·

36 2500 99 2570 μὴ
124 2500 441 2554 διαϐάλλετε
464 2502 560 2571 τὴν
588 2502 954 2569 διδασκαλίαν,
991 2504 1064 2575 μὴ
1092 2500 1604 2576 καταλαμϐάνοντες

37 2586 119 2655 τὴν
150 2585 377 2639 ἔννοιαν.
421 2581 552 2638 Οἶδα
585 2586 745 2640 πόθεν
787 2589 867 2651 είς
895 2589 1147 2661 διαϐολὴν
1182 2589 1560 2654 ἐξολισθαίνεις
1585 2608 1598 2621 ·

36 2664 137 2721 ,οἶδα
163 2667 338 2721 ταῦτα
383 2669 550 2722 πόθεν
592 2668 842 2742 πάσχεις.
891 2672 1254 2744 Ἀνθρώπινον
1299 2675 1361 2727 τὸ
1407 2675 1599 2738 πάθος,

36 2751 294 2820 βασκανία
335 2754 369 2821 ἡ
407 2752 585 2815 νόσος.
637 2754 845 2825 Ὥσπερ
879 2756 987 2829 γὰρ
1033 2758 1062 2809 6
1094 2757 1401 2828 ὀφθαλμὸς,
1434 2758 1527 2811 ἐάν

36 2835 295 2906 καθαρὸς,
334 2837 508 2889 πάντα
546 2835 680 2907 ὀρθὰ
733 2838 917 2907 βλέπει
949 2841 1043 2893 καὶ
1075 2839 1374 2910 διακρίνει,
1409 2842 1504 2894 ἐὰν
1536 2840 1594 2895 δὲ

36 2920 230 2981 καπνὸς
249 2918 557 2990 ἐπεισέλθῃ,
576 2920 668 2972 καὶ
680 2919 984 2992 λυμήνηται
1003 2925 1071 2976 τά
1092 2923 1260 2995 κάλλη
1284 2924 1383 2992 τῆς
1402 2924 1597 2993 ὂψεως,

36 3000 64 3069 ἦ
98 3000 369 3070 κονιορτὸς
403 3002 617 3072 ἐμπέσῃ
636 3043 651 3067 ,
678 3002 942 3072 ἀμϐλύνει
970 3005 1070 3074 τὴν
1092 3004 1236 3074 ὄψιν,
1270 3005 1364 3058 καὶ
1389 3007 1451 3058 οὐ
1479 3004 1601 3075 βλέ-

36 3099 117 3133 πει
143 3083 342 3146 καλῶς,
370 3083 446 3146 ὡς
468 3083 572 3154 πρὸ
595 3084 783 3137 τούτου
811 3085 1037 3141 ἔϐλεπεν
1061 3088 1236 3159 ὀρθῶς
1259 3106 1274 3119 ο
1308 3087 1481 3151 οὕτως
1504 3087 1598 3141 καὶ

36 3164 123 3216 νῦν
165 3166 273 3218 τῶν
306 3166 589 3237 ἀκροατῶν
633 3168 882 3233 ἕκαστος,
915 3169 1020 3233 ἕως
1064 3171 1304 3241 καθαρὸν
1335 3171 1446 3241 ἔχει
1500 3171 1593 3223 πί-

42 3265 197 3311 στεως
225 3250 377 3317 ὄμμα
398 3287 413 3311 ,
452 3249 690 3321 καθαρὸν
713 3251 933 3323 ἀγάπης
974 3252 1269 3324 βλέφαρον,
1296 3254 1470 3325 ὀρθῶς
1505 3257 1597 3309 καὶ

40 3330 282 3401 καθαρῶς
317 3332 453 3402 όρᾷ’
482 3333 578 3385 ἐάν
606 3333 661 3386 δὲ
691 3335 896 3398 καπνὸς
930 3335 1275 3406 βλασφημίας
1307 3337 1596 3409 ἐπεισέλθῃ

42 3417 141 3477 τοῖς
187 3414 530 3485 λεγομένοις,
558 3416 590 3486 ἢ
623 3418 896 3488 κονιορτὸς
943 3420 1241 3488 βασκανίας
1287 3422 1389 3493 τὴν
1420 3421 1598 3492 ψυχὴν

43 3497 314 3570 ίιποδράμῃ
336 3538 350 3562 ,
396 3498 539 3549 θολοῖ
582 3499 681 3569 τὴν
708 3499 849 3568 ὄψιν,
882 3502 975 3554 καὶ
995 3502 1245 3569 ἀφανίζει
1279 3504 1339 3556 τὸ
1359 3504 1597 3576 καθαρὸν

43 3581 130 3649 τῆς
164 3581 425 3645 διανοίας,
474 3582 566 3635 καὶ
610 3582 646 3635 ἃ.
698 3583 773 3654 μὴ
817 3584 1069 3653 ἦκουσεν,
1114 3587 1363 3655 ἤκουσεν,
1416 3589 1511 3642 καὶ
1562 3590 1597 3644 ἃ

42 3666 289 3733 ἧκουσεν,
317 3664 376 3716 06
408 3664 585 3727 καλῶς
607 3665 845 3735 ἐνόησεν.
898 3666 1058 3720 Ὅθεν
1101 3669 1382 3739 προειδυῖα
1414 3673 1446 3741 ἡ
1477 3671 1595 3725 θεία

46 3746 220 3817 Γραφὴ
252 3747 318 3799 τὰ
362 3747 767 3819 προσ-κόμματα
812 3749 921 3803 τῶν
954 3750 1253 3820 μελλόντων
1293 3756 1357 3823 τῇ
1385 3754 1595 3826 διανοίᾳ

47 3830 390 3900 προσκόπτειν
418 3833 528 3893 τοῖς
570 3834 733 3903 ἱεροῖς
764 3837 1074 3905 γράμμασι,
1104 3834 1198 3887 καί
1243 3835 1344 3888 πού
1380 3854 1464 3900 τις
1488 3838 1595 3891 τῶν

46 3914 319 3984 προφητῶν
350 3915 497 3979 ἐϐόα,
526 3917 661 3986 μετὰ
681 3917 741 3970 τὸ
764 3917 1047 3988 πληρῶσαι
1069 3919 1127 3972 τὸ
1150 3918 1290 3973 θεῖον
1312 3923 1592 3993 κήρυγμα·

52 4000 135 4063 Τίς
160 3997 366 4066 σοφὸς,
401 3999 498 4051 καὶ
536 4000 795 4065 συνήσει
834 4002 1019 4054 ταῦτα
1031 4018 1050 4065 ;
1077 4000 1174 4055 καὶ
1211 4003 1365 4071 ἀνὴρ
1394 4008 1597 4073 φρόνι-

41 4099 162 4150 μος,
188 4082 281 4135 καί
300 4081 583 4151 γνώσεται
603 4084 789 4141 ταῦτα
811 4101 829 4148 ;
857 4086 985 4139 Ὅτι
1006 4086 1224 4141 εὐθεῖαι
1243 4090 1297 4141 οἱ
1326 4088 1448 4141 ὁδοὶ
1477 4092 1593 4142 Κυ-

44 4169 186 4233 ﬁcu,
220 4166 433 4220 δίκαιοι
467 4169 863 4234 πορεύσονται
904 4172 973 4223 ἐν
1013 4170 1241 4237 αὐταῖς.
1278 4171 1369 4242 Μὴ
1394 4171 1589 4234 τοίνυν,

49 4250 249 4319 ἀδελφέ,
277 4248 595 4320 μεθάρπαζε
632 4252 853 4321 ῥήματα
886 4254 965 4316 εἰς
999 4253 1420 4324 προσκόμματα.
1487 4254 1592 4307 Γυ-

50 4333 163 4399 μνὸς
191 4335 219 4385 6
242 4332 412 4400 λόγος,
438 4332 618 4403 γυμνὴ
638 4335 670 4403 ἡ
694 4334 937 4405 ἀλήθεια.
968 4337 1080 4402 Οὐχ
1106 4330 1203 4400 εἷς,
1233 4336 1293 4389 οὐ
1323 4335 1589 4409 δεύτερος,

47 4417 99 4467 οὐ
123 4417 332 4479 δέκατος
355 4455 370 4479 ,
410 4415 507 4485 οὐχ
547 4416 836 4480 έκατοστὸς
862 4420 889 4471 6
918 4418 1181 4483 ἀκούσας,
1214 4419 1416 4490 πλῆθός
1444 4421 1590 4474 ἐστιν

48 4497 252 4567 ἄπειρον
276 4510 323 4559 ι,
357 4497 558 4567 πλῆθος
580 4498 966 4569 ἀναρίθμητον.
998 4500 1232 4569 Πέλαγός
1264 4504 1409 4554 ἐστιν
1437 4503 1590 4554 εύσεο

50 4582 185 4646 ϐείας
218 4582 250 4654 ἡ
277 4581 587 4653 Ἐκκλησία,
614 4584 675 4635 ού
703 4584 960 4655 κυμάτων
986 4584 1430 4655 πεπληρωμένον,
1455 4585 1590 4639 ἀλλά

104 4757 128 4787 ⁸
150 4755 277 4805 Hunc
294 4756 349 4805 ad
387 4769 548 4807 sacras
569 4756 830 4807 conciones
856 4770 1143 4807 concursum
1184 4760 1455 4808 auditorum
1479 4761 1590 4807 ὠοι-

48 4818 175 4879 σμὸν,
192 4820 346 4881 Θλίψιν,
358 4820 691 4883 στενοχωρίαν,
715 4833 783 4867 σε
818 4832 845 4866 e
864 4820 1588 4882 memoraanatres,przecipue

49 4887 389 4931 noster:eoaue
409 4882 474 4929 de
496 4894 633 4929 more
651 4894 759 4929 cum
784 4833 1055 4931 Ehrisliano
1082 4881 1218 4931 Lupo
1238 4885 1420 4931 accipio
1439 4882 1588 4931 verba

49 4887 389 4943 gosler;_eoque
409 4882 474 4929 de
496 4881 633 4943 [ποτε
651 4894 759 4929 cum
784 4881 1055 4943 Christiano
1082 4881 1218 4943 Lupo
1238 4881 1420 4943 accipio
1437 4881 1589 4943 yérba

49 4939 242 4989 Nestorii
264 4962 273 4988 :
300 4942 457 5007 Pareo
484 4939 876 5007 enipz,_quoniam
898 4949 943 5007 ει
964 4955 1051 5007 ego
1071 4939 1209 5007 valde
1231 4939 1587 5007 sum‘fqtigqms

46 5008 85 5065 ει
98 5014 185 5065 ιω
202 4999 383 5065 omnino
402 4999 771 5065 comtrictifseu
784 5015 848 5051 ex
872 5004 965 5052 alia
987 4999 1228 5065 {'ersiope,
1249 4999 1589 5065 εοηδὶίρᾱιίοηε

49 5062 270 5122 laboratis,
282 5075 440 5127 graece
460 5065 631 5127 procul
645 5064 795 5115 dubio
810 5065 1125 5128 σφιγγόμενοι.
1151 5062 1424 5116 ΙοΗοιῐιίιία
1450 5065 1587 5115 Pauli

3177 244 3283 301 428

1714 347 1951 412 πίστεως
1990 350 2179 421 γέμον.
2213 342 2293 405 O6
2330 345 2557 419 ναυαγεῖ
2582 352 2712 424 παρ’
2751 352 2884 424 ἡμῖν
2912 353 2972 407 τδ
2999 356 3099 428 τῆς
3137 357 3289 415 διδα-,

1717 430 1947 494 σκαλίας
1979 435 2206 502 σκάφος,
2230 434 2291 486 οὐ
2313 432 2594 499 τύπτεται,
2617 434 2677 487 οὐ
2707 436 3053 506 ταράττεται,
3082 438 3144 493 οὐ
3176 456 3283 510 χει-

1718 512 1981 580 μάζεταιο
2029 516 2143 569 ἀλλ’
2182 516 2258 579 ὡς
2289 514 2463 569 εὖδιον
2501 515 2693 587 λιμένα
2718 519 2797 580 είς
2827 518 2927 582 τάς
2963 520 3139 589 ψυχὰς
3172 523 3285 577 τῶν

1713 593 1804 648 τὸν
1835 594 2033 666 Κύριον
2060 595 2398 665 ἀγαπώντων
2429 595 2732 666 ὁρμίζεται.
2776 598 2937 651 Ἀλλά
2974 601 3147 656 ταῦτα
3178 604 3279 674 μὲν

1714 678 1794 740 είς
1816 678 2088 736 τοσοῦτον.
2133 680 2338 733 Ἐκεῖνο
2368 679 2425 732 δὲ
2448 679 2528 731 δεῖ
2549 681 2791 745 σκοπεῖν,
2823 681 2904 734 ὅτι
2934 683 2984 735 οί
3016 684 3161 751 ἀγιοι
3185 686 3281 740 τοῦ

1714 759 1847 813 Θεοῦ
1878 762 2239 816 ὑποπίπτουσι
2261 762 2662 830 συκοφαντίαις.
2696 760 2761 814 Τί
2780 763 2840 815 τὸ
2874 763 3204 833 θαυμαστὸν,
3231 768 3282 821 εί

1714 844 1874 915 ἡμεῖς
1904 846 1953 898 οί
1981 845 2237 910 εὐτελεῖς,
2268 846 2361 899 καὶ
2383 846 2646 911 ταπεινοὶ,
2671 846 2765 899 καὶ
2794 846 2855 899 τὸ
2881 848 3065 918 μηδὲν,
3105 849 3180 915 ὡς
3205 853 3283 905 εῖ-

1713 929 1855 989 πεῖν,
1894 929 2073 991 δντες,
2100 926 2578 997 συκοφαντούμεθα
2604 944 2618 992 ;
2648 929 2719 980 Ἢ
2746 929 2847 982 οὐκ
2876 930 3113 999 ἤκουσας
3161 932 3283 996 πῶς

1712 1011 1740 1063 6
1771 1011 1932 1064 Δαυῖδ
1983 1029 2145 1082 φησι*
2189 1012 2402 1066 Ῥῦσαί
2438 1029 2515 1081 με
2564 1012 2680 1067 ἀπὸ
2719 1015 3131 1082 συκοφαντίας
3177 1016 3281 1070 ἀν-

1713 1094 1994 1162 θρώπων;
2035 1094 2587 1167 Ἐσυκοφαντήθησαν
2615 1097 2709 1168 καὶ
2729 1096 2778 1149 οί
2804 1096 2945 1164 ἀγιοι
2975 1096 3067 1150 τοῦ
3098 1098 3281 1168 Σωτῆ-

1713 1196 1804 1250 ρος
1832 1178 2138 1238 ἀπόστολοι,
2160 1179 2236 1242 ὡς
2260 1165 2410 1246 ἔλεγε
2437 1165 2529 1233 καὶ
2555 1180 2583 1232 6
2608 1165 2876 1251 μα’κάριος
2899 1178 3135 1244 Παῦλος·
3166 1165 3279 1235 κάι

1706 1260 1813 1330 μὴ,
1837 1261 2031 1327 καθὼς
2045 1263 2587 1331 βλασφημούμεθα,
2610 1262 2705 1317 καὶ
2730 1263 2921 1329 καθώς
2942 1264 3095 1332 φασί
3119 1281 3282 1333 τινες

1709 1343 1865 1413 ἡμᾶς
1890 1343 2106 1414 λέγειν,
2138 1344 2227 1398 ὅτι
2253 1345 2604 1414 Ποιήσωμεν
2624 1345 2695 1399 τὰ
2716 1347 2886 1413 κακὰ,
2915 1348 3017 1401 ἵνα
3040 1347 3188 1417 ἔλθη
3206 1352 3282 1404 τὰ

1708 1429 1918 1498 ἀγαθά.
1945 1429 2020 1481 Ού
2045 1428 2316 1498 λυποῦμαι
2344 1428 2482 1498 μετὰ
2500 1428 2609 1481 τῶν
2637 1428 2806 1496 ἁγίων
2844 1446 3280 1501 συκοφαντουμέ-

1710 1527 1798 1573 νος
1822 1549 1837 1572 ,
1871 1510 1919 1562 εί
1960 1511 2055 1564 καὶ
2092 1510 2311 1576 ἀνάξιός
2355 1511 2469 1580 εἰμι
2504 1510 2612 1564 τῶν
2646 1511 2837 1579 ἁγίων.
2884 1513 3031 1582 Ἔχω
3072 1513 3281 1579 πάντας

1710 1593 1855 1663 ὑμᾶς
1883 1593 2095 1665 κριτὰς,
2131 1594 2226 1646 καὶ
2254 1592 2360 1663 πρὸ
2394 1592 2615 1646 πάντων
2643 1594 2797 1664 ὑμῶν
2816 1594 2906 1648 τὸν
2928 1596 3102 1649 κοινὸν
3122 1597 3278 1668 ἡμῶν

1708 1676 1949 1747 Πατέρα,
1979 1674 2130 1747 [454]
2163 1676 2224 1729 ού
2251 1674 2514 1746 προλήψει
2549 1675 2818 1747 κρίνοντα,
2849 1675 2963 1728 ἀλλ’
2990 1677 3168 1751 ἐννοίᾳ
3193 1679 3276 1733 δι-

1707 1758 1962 1825 κάζοντα.
1996 1756 2149 1812 Οἶδεν
2180 1759 2337 1830 ἡμῶν
2365 1759 2433 1812 τά
2470 1760 2734 1829 νοήματα,
2779 1759 3032 1829 γνωρίζει
3074 1764 3165 1814 καὶ
3205 1761 3275 1817 τά

1708 1842 1927 1912 ῥήματα
1951 1882 1967 1907 ,
2007 1842 2088 1895 ὅτι
2129 1841 2186 1908 ἐξ
2229 1840 2393 1894 αὐτοῦ
2426 1840 2823 1913 ἐπαιδεύθημεν
2866 1841 3057 1895 ταῦτα.
3102 1843 3276 1898 Ἀντι-

1706 1924 1969 1994 ϐάλλομεν
1998 1924 2137 1996 πρὸς
2158 1924 2331 1995 ὑμᾶς,
2362 1924 2409 1975 εί
2434 1922 2721 1977 ἐπέλειπτο
2755 1924 2783 1963 ιι
2811 1925 2917 1978 τῶν
2946 1926 3271 1997 εἰρημένων,

1704 2007 1993 2078 διορθῶσαι
2031 2009 2100 2061 τά
2127 2007 2423 2079 εἰρημένα·
2453 2006 2567 2059 ἀλλ’
2590 2008 2687 2078 οὐχ
2720 2007 3038 2064 ύπελάϐετο.
3074 2011 3138 2063 Et
3163 2011 3274 2083 γὰρ

1702 2087 1797 2145 οὖν
1833 2090 2211 2161 διωρθώσατο,
2246 2091 2308 2143 οὐ
2364 2089 2556 2159 μισῶν,
2608 2090 2743 2144 ἀλλά
2777 2090 3006 2160 ἀγαπῶν
3026 2108 3041 2122 ·
3073 2092 3135 2147 δν
3163 2093 3275 2165 γὰρ

1705 2175 1898 2244 ἀγαπᾷ
1934 2175 2146 2244 Πατὴρ,
2182 2173 2393 2241 ἐλέγχει
2418 2189 2430 2203 ·
2458 2172 2519 2225 ὃν
2554 2172 2611 2226 δέ
2647 2173 2708 2226 οὐ
2745 2172 3051 2244 διορθοῦται
3075 2214 3089 2237 ,
3138 2177 3276 2230 ἀπο-

1706 2258 2019 2328 στρέφεται.
2058 2256 2117 2309 'U
2149 2256 2206 2309 δὲ
2234 2255 2532 2325 θαυμάσιος
2572 2250 2726 2318 οὗτος
2750 2256 2940 2326 Πατὴρ
2968 2258 3060 2311 καὶ
3078 2256 3148 2311 τά
3175 2274 3275 2313 κα-

1656 2380 1659 2385 ι
1702 2339 1808 2402 λῶς
1837 2338 2106 2409 λεγόμενα
2145 2338 2489 2408 ἀποδέχεται,
2519 2340 2612 2391 καὶ
2646 2342 2755 2401 τοῖς
2795 2338 3150 2409 ἐσφαλμένοις
3174 2342 3274 2393 ἐπο

1705 2422 1825 2490 ἀγει
1850 2422 1945 2491 τὴν
1969 2420 2444 2491 διόρθωσιν.Τοῦτο
2464 2419 2571 2490 γὰρ
2588 2421 2795 2491 Πατρὸς
2824 2421 2970 2484 ίδιον,
2989 2421 3272 2492 βραϐεύειν

1703 2507 1812 2565 τοῖς
1854 2504 2036 2567 καλῶς
2070 2504 2410 2573 λεγομένοις,
2446 2504 2537 2556 καὶ
2579 2502 2716 2572 μετά
2749 2503 2981 2567 πίστεως
3004 2522 3271 2575 κηρυττο-

1707 2588 1907 2656 μένοις.
1956 2588 2139 2657 ’Λρκεῖ
2164 2587 2341 2639 τοίνυν
2379 2585 2498 2638 ἀντὶ
2536 2586 2751 2638 πάντων
2782 2587 2813 2657 ἡ
2844 2586 3020 2655 ψῆφος
3062 2587 3229 2640 αὑτοῦ
3250 2627 3268 2663 ,

1703 2670 1799 2722 καὶ
1833 2669 1941 2740 πρὸ
1988 2669 2153 2722 αὐτοῦ
2187 2668 2345 2722 πάλιν
2378 2670 2410 2738 ἡ
2450 2666 2543 2720 τοῦ
2586 2668 2850 2735 παναγίου
2884 2668 3043 2724 Θεοῦ.
3106 2668 3271 2738 Ἐχώ-

1707 2752 1845 2821 μεθα
1870 2752 1925 2804 δὲ
1962 2754 2057 2821 τῆς
2089 2752 2366 2814 εὐσεϐείας
2392 2788 2405 2814 ,
2436 2749 2756 2821 φυλάξωμεν
2794 2752 2891 2820 τὴν
2929 2751 3110 2805 πίστιν
3143 2753 3271 2806 ἀσά-

1704 2833 1907 2888 λευτον.
1949 2834 2239 2886 Πιστεύετε
2278 2838 2343 2903 τῇ
2374 2832 2619 2904 ἀληθείᾳ,
2640 2832 2734 2884 καὶ
2765 2832 2839 2903 μὴ
2868 2833 3174 2901 ἀντιλέγετε
3199 2838 3267 2908 τῇ

1704 2915 1951 2988 ἀληθείᾳ.
1985 2916 2076 2987 Μὴ
2114 2917 2479 2987 παραγραφου
2504 2916 2602 2987 τὴν
2634 2913 2847 2978 πίστιν,
2890 2916 2965 2985 μὴ
2992 2916 3271 2986 πολυπρα-

1703 3002 1893 3069 γμόνει
1918 3001 2018 3070 τὴν
2038 3001 2187 3056 θείαν
2220 3001 2403 3069 φύσιν,
2436 3000 2511 3070 μὴ
2531 2999 2805 3072 ὑποϐάλῃς
2834 2999 3113 3070 λογισμοῖς
3136 3001 3268 3073 θνη-

1702 3087 1813 3146 τοῖς
1831 3083 1928 3154 τὴν
1950 3085 2214 3137 ἀθάνατον
2236 3084 2409 3148 ἀξίαν.
2450 3084 2781 3154 Ἐπισφαλὴς
2801 3086 2834 3154 ἡ
2860 3083 2969 3135 τῶν
2994 3083 3268 3154 λογισμῶν

1702 3167 1852 3231 δδός’
1888 3166 2136 3237 ἀσφαλὴς
2178 3168 2274 3220 καὶ
2312 3166 2506 3236 βεϐαία
2540 3167 2573 3236 ἡ
2622 3165 2799 3218 ἔννοια
2832 3166 2928 3237 τῆς
2976 3167 3118 3220 κατά
3163 3166 3265 3237 τὴν

1703 3251 1883 3306 πίστιν
1918 3251 2221 3321 ὁμολογίας.
2265 3251 2331 3303 Ἠ
2380 3249 2583 3320 ἀληθὴς
2632 3249 2791 3317 σοφία
2819 3250 2853 3320 ἡ
2883 3248 3065 3313 πίστις
3097 3249 3265 3303 ἐστίν.

1704 3335 1901 3395 Ἀκουε
1926 3334 1980 3386 τί
2010 3351 2141 3403 φησι
2184 3334 2243 3386 τὸ
2274 3333 2416 3387 θεῖον
2442 3333 2619 3401 λόγιον
2646 3347 2658 3361 ·
2695 3331 2822 3386 Κᾶν
2850 3333 2957 3402 γὰρ
2989 3327 3027 3403 ᾖ
3057 3350 3147 3400 τις
3172 3333 3268 3387 τέ-

1698 3418 1860 3483 λειος
1890 3417 1958 3469 ἐν
1981 3416 2133 3482 υἱοῖς
2178 3414 2522 3484 ἀνθρώπων,
2555 3412 2663 3481 τῆς
2686 3415 2844 3482 παρὰ
2886 3416 3002 3469 σοῦ
3044 3417 3266 3485 σοφίας

1698 3500 1997 3567 ἀπούσης,
2023 3501 2109 3565 εὶς
2129 3498 2308 3552 οὐδὲν
2330 3497 2772 3568 λογισθήσεται.
2806 3497 2974 3567 Φεῦγε
3006 3500 3073 3552 τά
3102 3498 3270 3571 ζητή-

1704 3600 1866 3654 ματα,
1892 3585 1986 3636 καὶ
2018 3582 2092 3653 μὴ
2116 3581 2352 3652 προτίμα
2381 3582 2481 3650 τῆς
2505 3581 2738 3644 πίστεως
2763 3581 2830 3633 τά
2856 3582 3095 3653 ῥήματα.
3126 3582 3269 3636 Παῦε

1701 3669 1788 3719 λον
1816 3666 1906 3737 ἔχε
1948 3665 2280 3728 διδάσκαλον,
2321 3665 2527 3735 Πέτρον
2557 3665 2861 3734 ἐπιγράφου
2913 3663 3265 3737 καθηγητήν·

1700 3754 1765 3822 τῇ
1790 3752 1965 3803 πίστει
1997 3749 2218 3801 ἐκείνων
2240 3745 2680 3819 ἐξακολούθησον.
2713 3748 2908 3800 ’Ᾱκουε
2940 3747 3147 3819 Πέτρου
3180 3748 3268 3801 λέ-

1701 3849 1888 3901 γοντος
1910 3849 1924 3863 ο
1962 3831 2046 3885 Σὺ
2083 3827 2141 3884 εἷ
2177 3834 2210 3885 ὁ
2238 3830 2515 3899 Χριστὸς,
2554 3833 2587 3883 ό
2643 3830 2777 3897 Υίὸς
2815 3830 2921 3884 τοῦ
2959 3830 3110 3885 Θεοῦ
3156 3831 3266 3885 τοῦ

1703 3913 1934 3980 ζῶντος.
1990 3913 2294 3967 Ἀκολούθει
2322 3914 2400 3982 τῷ
2435 3912 2660 3983 Παύλῳ,
2689 3912 2876 3978 σαφῶς
2898 3912 2989 3965 τὸν
3005 3912 3100 3965 τοῦ
3126 3911 3263 3966 Θεοῦ

1702 3998 1829 4050 Υἱὺν
1855 3997 2195 4067 ἀνυμνοῦντι,
2215 3999 2309 4049 καὶ
2338 4001 2408 4065 πῆ
2437 3998 2533 4064 μὲν
2556 3996 2787 4062 λέγοντι,
2810 3996 2891 4048 ὅτι
2927 3995 3266 4065 Ἐλάλησεν

1700 4081 1843 4148 ἡμῖν
1858 4082 1891 4133 ὀ
1910 4079 2046 4141 Θεὸς
2060 4079 2129 4133 ὲν
2151 4077 2279 4144 Υίῷ,
2299 4078 2372 4131 δι’
2386 4075 2456 4132 οὗ
2471 4077 2569 4131 καὶ
2586 4077 2727 4144 τοὺς
2742 4077 2960 4144 αἰῶνας
2979 4078 3229 4146 ἐποίησε
3245 4096 3261 4110 ·

1699 4162 1766 4227 ὃς
1798 4159 1884 4215 ὢν
1907 4161 2273 4230 ἀπαύγασμα
2302 4160 2411 4227 τῆς
2438 4158 2624 4226 δόξης
2642 4202 2655 4223 ,
2693 4160 2791 4213 καὶ
2816 4160 3120 4229 χαρακτὴρ
3149 4159 3261 4229 τῆς

1698 4245 2105 4310 ὑποστάσεως,
2130 4244 2324 4313 φέρων
2342 4262 2406 4298 τε
2436 4244 2508 4297 τὰ
2538 4242 2733 4298 πάντα
2754 4244 2832 4309 τῷ
2855 4245 3014 4313 λόγῳ
3033 4243 3144 4313 τῆς
3161 4245 3264 4300 δυ⁴

1696 4330 1924 4399 νὰμεως
1954 4328 2138 4383 αὑτοῦ
2160 4345 2174 4358 ο
2202 4331 2278 4401 πῆ
2304 4330 2359 4383 δέ
2384 4329 2546 4382 πάλιν
2579 4328 2921 4399 κηρύττοντι,
2951 4330 3010 4381 ἐν
3036 4329 3114 4400 τῷ
3133 4328 3262 4400 περὶ

1709 4415 1973 4467 Ἰουδαίων
1997 4430 2010 4442 ⁸
2041 4410 2150 4467 Ὧν
2170 4417 2221 4467 οἱ
2247 4413 2495 4481 πατέρες
2523 4412 2709 4482 ἡμῶν,
2741 4411 2810 4476 ἐξ
2840 4406 2976 4465 ὧνό
3010 4412 3263 4481 Χριστὸς

1696 4501 1843 4553 κατὰ
1867 4499 2084 4566 σάρκα,
2116 4503 2147 4553 ό
2172 4496 2255 4550 ὢν
2273 4497 2368 4551 ἐπὶ
2393 4497 2633 4551 πάντων
2656 4497 2799 4563 Θεὸς
2821 4500 3147 4569 εὐλογητὸς
3176 4498 3263 4564 εις

1694 4582 1836 4649 τοὺς
1859 4581 2077 4648 αἰῶνας
2106 4579 2222 4635 τῶν
2252 4581 2499 4635 αἰώνων.
2549 4578 2751 4648 Ἀμήν.

1692 4757 1911 4808 Emiseni
1942 4772 1952 4806 :
1981 4758 2273 4821 Στενοχωρία
2294 4760 2388 4821 τῶν
2428 4757 2683 4821 ἡμετέρων
2707 4756 2918 4821 ἀδελ-φῶν
2942 4755 3113 4821 {Eme}
3134 4756 3261 4821 ἡμᾶς

1691 4822 1786 4867 τῶν
1806 4815 2213 4880 σκαμμάτων”σιιί
2245 4820 2445 4867 adsonat
2466 4815 2748 4880 'Gre'gorius
2786 4815 3037 4880 Nysseljus
3068 4815 3261 4867 Oratio-

1691 4880 1837 4930 nibus
1857 4878 1985 4928 mw
2026 4888 2283 4938 martyres.
2313 4878 2507 4931 Consuli
2532 4878 2728 4941 qubque
2766 4878 2912 4928 velim
2939 4878 3260 4941 Sozomenum

1692 4941 1777 4991 lib.
1799 4941 1850 5001 8,
1874 4955 1977 5003 cap.
1999 4941 2047 5001 5,
2073 4941 2293 4989 et‘v’itam
2311 4939 2637 5003 Chrysoslémi
2662 4954 2753 5003 per
2770 4942 3093 5003 Anonymum.
3113 4952 3162 4990 ιι.
3178 4939 3256 4993 86.

1690 5003 1922 5053 Comum.

1752 5063 1779 5104 ιι
1802 5064 2016 5115 Coleler.
2040 5065 2166 5128 conj.
2192 5065 2458 5123 ἐπείληπτο.
