3704 6274
15 267 107 329 ise
1052 259 1142 316 DE
1185 256 1407 318 unum
1440 255 1835 317 CBEATIONE
1875 251 2130 313 onmo
2168 233 2227 308 t.‘
3152 240 3261 299 ιω

15 514 3257 572 _______________________________________._____...._._.._..

555 885 667 949 AD
708 883 865 948 SEX
906 877 1301 945 HOMILIAS
1341 871 1769 940 SEVERIANI
1810 871 1920 936 DE
1957 869 2218 935 MUNDI
2261 864 2744 933 CREATlONE.

77 1137 259 1206 Quam
285 1142 445 1193 vocat
475 1131 707 1189 Savilius
729 1127 1094 1199 eloquentiam
1138 1123 1390 1189 ferream,
1413 1136 1514 1194 ego
1541 1128 1689 1177 certe
1712 1117 1982 1190 φλυαρίαν
2012 1116 2265 1182 dixerim,
2288 1123 2345 1172 et
2373 1115 2791 1186 loquacitatem;
2815 1129 2941 1171 nam
2969 1114 3061 1170 ubi
3085 1114 3273 1171 facun-

15 1231 156 1288 diam
180 1232 303 1285 vult
338 1227 616 1289 exbbere,
665 1222 741 1279 ibi
767 1220 942 1277 iutilia
988 1217 1225 1289 loquitur
1263 1233 1277 1271 :
1310 1229 1493 1275 rerum
1534 1211 1862 1268 naturalium
1907 1208 2354 1281 perquisitionem
2380 1208 2702 1277 plerumque
2740 1207 3066 1280 aggreditur,
3118 1216 3174 1262 ει
3204 1206 3272 1261 ad

15 1338 284 1379 nauseam
326 1333 497 1389 usque
523 1314 786 1385 explorat,
824 1326 1033 1382 suoque
1063 1324 1236 1373 more,
1268 1305 1524 1361 nimirum
1554 1305 1761 1375 inepte,
1792 1300 2041 1359 edisserit
2071 1317 2085 1355 :
2116 1299 2390 1355 auditores
2418 1307 2601 1354 autem
2631 1314 2694 1354 ea
2724 1299 2793 1354 de
2832 1314 2996 1353 causa
3031 1313 3274 1368 conque-

15 1426 127 1471 stos
150 1415 409 1485 obiurgat
435 1410 659 1472 acriter;
693 1407 768 1462 ita
796 1405 863 1461 de
890 1402 1115 1468 mundo,
1148 1414 1311 1471 quem
1349 1396 1641 1453 rotundum
1680 1408 1802 1451 esse
1835 1401 2017 1464 negat,
2055 1391 2123 1448 de
2147 1391 2293 1463 igne,
2332 1390 2399 1446 de
2429 1405 2589 1460 aqua,
2623 1390 2747 1460 plus
2772 1405 2934 1459 quam
2964 1389 3096 1445 satis
3124 1396 3274 1443 esset

15 1509 144 1577 Igit.
208 1477 274 1559 l'n
309 1477 471 1559 rebus
520 1498 678 1556 seriis
727 1494 1016 1567 aliquando
1046 1500 1300 1562 nugatur,
1352 1497 1415 1544 ut
1466 1502 1593 1543 cum
1636 1485 1761 1541 inde
1813 1484 2009 1555 probat
2050 1482 2317 1538 Adamum
2362 1481 2617 1537 habuisse
2678 1479 2929 1550 spiritum
2978 1477 3276 1548 prOphetiaa

15 1600 160 1672 quod
192 1597 413 1662 dixerit,
453 1593 567 1648 Hoc
611 1607 749 1648 nunc
799 1605 854 1644 os
883 1603 949 1642 ea:
979 1585 1178 1641 ossibus
1223 1584 1373 1647 meis,
1427 1588 1534 1636 etc.
1583 1578 1720 1634 Nam
1757 1578 2048 1649 quomodo,
2106 1574 2302 1646 inquit,
2349 1573 2489 1630 scire
2517 1580 2731 1643 poterat
2786 1586 2845 1626 se
2887 1585 3010 1626 ossa
3049 1570 3272 1632 habere,

15 1698 105 1769 qui
143 1711 272 1752 ossa
302 1707 401 1748 sua
422 1703 701 1761 nunquam
726 1684 953 1748 viderat,
1002 1680 1108 1735 nisi
1138 1678 1390 1750 spiritum
1414 1673 1717 1747 prophetiae
1764 1672 2081 1728 habuisset?
2118 1670 2245 1725 Haec
2282 1670 2340 1724 in
2382 1668 2628 1724 oratione
2663 1667 2872 1737 quinta.
2921 1662 3277 1720 Tolerabilius

15 1793 258 1850 fortasse
281 1797 386 1854 est,
424 1785 526 1842 etsi
555 1782 708 1855 parvi
753 1779 934 1851 pretii,
963 1777 1018 1832 id
1042 1775 1187 1846 quod
1217 1774 1272 1829 in
1297 1774 1487 1829 eadem
1515 1771 1762 1828 oratione
1790 1769 1866 1825 ait
1895 1786 1914 1824 :
1945 1769 2068 1825 ideo
2095 1767 2285 1821 ΑΔΑΜ
2329 1780 2531 1821 nomen
2583 1762 2899 1833 impositum
2932 1776 3052 1815 esse
3097 1760 3277 1831 primo

16 1887 255 1951 homini,
286 1884 416 1957 quia
443 1854 789 1938 hocinomine
815 1883 1048 1945 quatuor
1069 1872 1284 1927 climata
1327 1884 1426 1941 per
1454 1884 1479 1939 ι]

1813 1880 1870 1921 as
1894 1864 2286 1935 designantur:
2322 1879 2377 1924 α,
2411 1856 2665 1928 ἀνατολὴ,
2697 1856 2747 1922 δ,
2775 1854 2945 1919 δύσις,
2981 1870 3016 1908 α
3055 1854 3276 1924 ἄρκτος,

19 1997 79 2050 μ,
112 1944 458 2050 paena-69m,
492 1972 685 2033 oriens,
725 1944 983 2030 occidens,
1041 1963 1344 2034 septentrio,
1386 1957 1648 2022 meridies,
1692 1972 1805 2013 non
1832 1956 2123 2011 advertens
2150 1954 2256 2008 hoc
2299 1966 2504 2007 nomen
2549 1948 2813 2004 Hebraice
2860 1944 2947 2003 vel
2990 1946 3282 2003 Chaldaico

18 2072 346 2144 impositum
380 2068 587 2124 Adamo
636 2063 826 2129 fuisse,
882 2060 1081 2131 quibus
1135 2059 1331 2131 linguis
1379 2058 1484 2113 ista
1529 2055 1807 2111 climatum
1857 2048 2180 2122 signiﬁcatio
2216 2063 2314 2118 per
2347 2046 2551 2118 primas
2597 2045 2780 2099 literas
2830 2059 2942 2097 non
2989 2041 3281 2100 indicatur,

20 2178 195 2237 atque
235 2165 373 2220 adeo
404 2178 567 2229 casu,
621 2175 733 2215 non
780 2157 1027 2222 consilio,
1076 2155 1278 2211 factum
1334 2161 1395 2208 ut
1441 2152 1498 2206 in
1541 2150 1729 2207 Graeco
1773 2146 1997 2204 nomine
2043 2152 2277 2216 quatuor
2318 2142 2597 2198 climatum
2640 2141 2831 2212 primae
2881 2138 3050 2193 litera:
3086 2137 3284 2205 depre-

25 2259 314 2314 henderen
323 2265 430 2311 tur.

102 2375 320 2429 "abitas
353 2382 482 2428 sunt
509 2374 595 2427 hae
626 2369 898 2425 orationes
957 2368 1013 2423 in
1042 2364 1482 2436 Quadragesima,
1537 2371 1598 2417 ut
1644 2374 1754 2417 non
1782 2357 1953 2417 semel
1994 2357 2050 2412 in
2079 2356 2254 2431 prima
2280 2354 2465 2409 innuit
2495 2350 2841 2407 Severianus.
2870 2346 3078 2403 Harum
3113 2346 3284 2401 inter-

28 2468 400 2538 pretationem
446 2465 693 2520 Latinam
729 2478 925 2520 novam
969 2461 1299 2534 paravimus.
1990 2452 1991 2455 “

45 2779 3301 2836 _____________________________________..

418 3044 435 3055 κ
1119 2884 2241 3082 SEVERIANI,

994 3137 1667 3211 GABALORUM
1710 3129 2188 3206 EPISCOPI
2246 3110 2364 3215 (α),

584 3308 785 3419 IN
856 3306 1448 3421 MUNDI
1519 3289 2788 3427 CBEATIONEM,

1366 3491 1669 3557 ORATIO
1709 3487 1983 3552 PRIMA.

1444 3634 1923 3713 ...ηοω-..-

1738 3795 1791 3849 in
1812 3794 1926 3862 lege
1960 3800 2013 3847 et
2058 3790 2110 3844 in
2139 3783 2411 3859 prophetis
2438 3779 2632 3850 scripta
2677 3786 2818 3833 sunt.
2862 3777 2940 3831 Ac
2965 3771 3309 3845 quemadmo‘

1736 3886 1861 3941 dum
1912 3899 2016 3939 non
2058 3889 2233 3951 potest
2273 3878 2461 3932 domus
2498 3875 2613 3927 sine
2652 3869 2992 3925 fundamento
3020 3878 3162 3922 stare
3185 3906 3200 3931 ,
3228 3864 3307 3920 sic

1737 3993 1835 4033 nec
1863 3976 2001 4030 varia
2029 3981 2389 4028 creaturarum
2418 3960 2748 4035 pulchritudo
2776 3958 3146 4027 splendescere
3163 3996 3179 4020 ,
3204 3952 3307 4007 nisi

354 3814 421 3871 In
448 3815 662 3886 primum
685 3809 816 3865 diem
838 3805 1105 3862 creationis
1135 3802 1330 3857 mundi.

124 3952 155 4005 l
170 3992 182 4003 .
206 3947 488 4019 Scriptum
512 3958 668 3999 sacra:
692 3940 910 4012 dignitas
938 3936 1238 4004 utilitasque.
1268 3930 1494 3985 Exordio
1515 3943 1627 3982 mo-

48 4042 270 4095 destiam
298 4038 524 4109 spirante
549 4034 740 4087 animos
763 4029 1071 4083 audientium
1094 4025 1188 4080 sibi
1207 4022 1439 4077 conciliat
1461 4028 1630 4075 orator

46 4143 246 4189 noster.
270 4160 347 4175 —-
371 4127 602 4198 Quodvis
646 4123 854 4195 pietatis
900 4126 1264 4190 argumentum
1285 4155 1301 4180 ,
1336 4114 1630 4167 animarum

49 4239 363 4287 nostrarum
400 4221 698 4281 emendatio
724 4226 825 4275 est.
857 4216 936 4271 Ad
966 4214 1104 4269 hanc
1148 4211 1289 4266 enim
1336 4208 1630 4263 animarum

50 4322 285 4376 salutem
325 4315 504 4373 omnia
531 4311 740 4385 pietatis
767 4307 1003 4364 instituta
1048 4302 1358 4373 respiciunt.
1389 4298 1534 4352 Hanc
1579 4303 1635 4351 et

53 4413 158 4469 Dei
183 4423 367 4467 sermo
389 4414 659 4477 operatur,
678 4403 814 4457 hanc
832 4408 887 4456 et
904 4396 1099 4469 Moysis
1123 4395 1208 4450 lex
1229 4392 1477 4457 insinuat,
1498 4388 1634 4443 hanc

53 4501 357 4574 praedicant
383 4493 685 4568 spirituales
727 4490 832 4546 illa:
863 4486 1236 4558 pr0phetarnm
1281 4482 1475 4551 lingua:
1504 4494 1517 4531 :
1549 4478 1634 4533 in-

54 4568 309 4651 cessabili
335 4604 467 4645 voce
492 4602 588 4658 pro
613 4584 713 4639 hac
734 4583 966 4639 clamant
990 4576 1236 4649 apostoli.
1258 4572 1447 4630 Omnia
1474 4568 1637 4641 siqui-

55 4687 183 4741 dem
227 4697 329 4754 pro
355 4657 544 4745 nobis,
575 4684 631 4733 et
668 4680 884 4745 pr0pter
908 4683 1049 4726 nos:
1081 4676 1139 4723 ut
1178 4667 1303 4722 dum
1341 4672 1522 4719 nostra
1568 4657 1639 4715 ad

56 4775 491 4833 emendationem
520 4773 827 4841 properant,
853 4763 1102 4833 pietatem
1129 4773 1230 4814 nos
1271 4768 1636 4826 assequamur.

58 4868 253 4925 Omnis
279 4867 459 4935 itaque
488 4869 700 4917 sanctus
726 4857 861 4912 liber
885 4853 1072 4909 salutis
1100 4858 1294 4904 nostrae
1324 4860 1480 4902 causa
1506 4843 1637 4899 scri-

58 4972 183 5030 ptus
214 4964 330 5022 est,
357 4932 415 5009 ut
456 4950 613 5007 modo
655 4946 915 5003 dicebam.
945 4943 1042 4998 Hic
1069 4952 1228 5010 porro
1260 4934 1541 4993 creationis
1578 4932 1643 4987 li-

61 5028 157 5109 ber
178 5094 195 5120 ,
231 5049 385 5119 origo
407 5089 424 5114 ,
454 5045 573 5101 fons
599 5050 657 5098 et
688 5039 857 5094 virtus
893 5042 975 5091 est
1000 5046 1184 5088 eorum
1214 5028 1453 5084 omnium
1477 5065 1493 5094 ,
1524 5038 1643 5095 qua:

125 5183 201 5247 (α)
234 5180 297 5247 In
318 5154 1646 5247 Codicﬂaﬁcaaas'lﬁ.5§9=fi1“€€ﬂ£§.“223$‘iﬁ’zz

321 5216 795 5297 ’ἷιῖἶῖἶῖἳιῶᾦῶ
807 5216 923 5297 sunt
944 5238 1005 5275 ea
1027 5216 1136 5297 quae
1163 5216 1489 5297 praecedunt).
1504 5216 1645 5297 luga

467 5275 1076 5355 sicwqoncinnavit
1109 5298 1121 5333 :
1155 5275 1647 5355 ἑευεηωξίηιέηἱεεοηί

62 5350 377 5419 insaniam.
396 5358 449 5409 in
469 5354 639 5419 mundi
656 5350 943 5419 περιεωιεηι
960 5357 1199 5419 “mw?”
1215 5352 1523 5419 $33.99")?

64 5400 694 5484 ῖέἇᾶἓῖὶὲὶιῖιὶῦέξεὶῖέ
711 5400 1039 5484 summa
1050 5400 1418 5484 ρειξιξνξίιζιένξεείξ
1436 5400 1647 5484 £29192-

785 5464 901 5521 u'sus
942 5469 1212 5549 (repetens
1242 5464 1365 5549 typis
1396 5472 1649 5531 sermones

381 5518 995 5599 Eiiuﬁhé'ciz'b'récbyuhg
1008 5518 1459 5599 Aéatrynt‘iuctario
1496 5518 1649 5599 novis-

64 5587 346 5661 gemas:
377 5587 947 5663 1Ῑ’ἰιῖἒ1¹ν,είι‹ι-.Ρ³τίε·
977 5587 1112 5647 ίδἾτλ
1133 5587 1259 5649 ῖ⁰¹·)’
1285 5587 1388 5635 haec
1406 5590 1649 5647 “mtrem

65 5674 133 5725 dc
154 5661 501 5732 Clusustomo
522 5661 688 5712 tacuit.

1737 4067 1935 4125 creatio
1958 4066 2067 4134 ipsa
2098 4062 2301 4116 initium
2330 4054 2592 4110 habuerit.
2621 4051 2742 4106 Scio
2783 4048 2976 4103 multos
3002 4062 3069 4100 ex
3111 4042 3308 4099 sanctis

1740 4158 1976 4230 patribus
1995 4155 2062 4210 de
2082 4150 2351 4208 creatione
2377 4145 2535 4201 verba
2561 4141 2768 4204 fecisse,
2787 4140 3053 4207 multaque
3080 4144 3134 4190 et
3156 4149 3310 4205 egre-

1738 4227 1820 4322 gia
1846 4249 2044 4305 dixisse
2064 4288 2079 4309 ,
2100 4254 2158 4300 ut
2197 4241 2424 4312 Spiritus
2465 4234 2647 4307 gratia:
2686 4245 2929 4287 mensura
2960 4228 3088 4298 ipsis
3119 4227 3308 4282 collata

1743 4316 1881 4398 iulit.
1911 4338 2058 4395 Licet
2097 4343 2275 4389 autem
2304 4329 2469 4385 multa
2492 4369 2508 4393 ,
2539 4323 2732 4380 eximia
2768 4330 2821 4378 et
2865 4319 3125 4374 mirabilia
3168 4316 3309 4372 dicta

1741 4433 1974 4495 fuerint,
2024 4425 2155 4483 nihil
2207 4430 2350 4479 vetat
2393 4419 2676 4491 quominus
2724 4422 2779 4469 et
2824 4421 3003 4466 nostra
3048 4408 3308 4475 dicamus,

1746 4720 1917 4767 terum
1946 4704 2161 4773 scripta,
2183 4700 2262 4756 sic
2296 4710 2397 4752 nec
2424 4694 2498 4748 illi
2521 4692 2611 4762 qui
2643 4705 2740 4744 nos
2768 4690 3188 4757 praecesserunt,
3217 4693 3314 4734 nos

1745 4800 2001 4858 arcebunt
2041 4772 2108 4849 ab
2135 4791 2394 4847 instituto.
2422 4786 2477 4841 Si
2516 4782 2728 4853 quidem
2767 4786 2822 4834 et
2866 4777 2970 4831 illis
3004 4784 3058 4829 ct
3083 4772 3235 4827 nobis
3259 4778 3316 4827 et

1746 4888 2130 4962 antiquioribus
2159 4898 2259 4938 una
2286 4890 2365 4936 est
2386 4877 2551 4948 gratia
2575 4889 2691 4944 qua:
2718 4870 2942 4940 Spiritus
2962 4867 3126 4922 sancti
3147 4865 3317 4917 virtu-

1750 4993 1855 5039 tem
1876 4961 2205 5047 suppeditet.
2239 4968 2424 5024 Omnia
2450 4966 2612 5029 enim,
2640 4961 2827 5030 inquit,
2857 4966 3095 5029 operatur
3115 4969 3247 5008 unus
3270 4962 3319 5005 et

1748 5077 1880 5131 idem
1907 5042 2150 5141 Spiritus,
2178 5062 2401 5119 dividens
2428 5054 2638 5127 singulis
2676 5059 2824 5125 prout
2859 5050 2960 5104 vult
2980 5048 3054 5117 (1.
3085 5045 3203 5100 Cor.
3229 5042 3316 5097 l2.

1751 5168 1861 5239 il).
1893 5137 2005 5221 Non
2026 5174 2154 5231 ergo
2182 5172 2246 5213 ea
2273 5167 2391 5224 qua).
2412 5166 2441 5204 a
2468 5148 2703 5219 patribus
2730 5143 2867 5199 dicta
2896 5147 3019 5196 sunt
3042 5137 3321 5192 eliminati-

1752 5232 1857 5325 tur,
1872 5257 1967 5315 sed
1993 5261 2173 5309 nostra
2200 5248 2305 5303 illis
2329 5249 2680 5313 apponuntur.
2704 5232 2955 5303 Quamvis
2980 5243 3168 5298 magna
3198 5233 3325 5280 sunt

1752 5365 1936 5409 eorum
1985 5345 2154 5406 dicta,
2188 5346 2369 5396 nostra
2413 5340 2587 5386 autem
2634 5328 2819 5396 exigua
2844 5364 2860 5390 ,
2888 5321 3003 5376 haec
3046 5327 3222 5372 tamen
3272 5315 3325 5366 in

1753 5440 1992 5499 eamdem
2032 5439 2347 5490 structuram
2389 5430 2654 5492 aptantur.
2685 5415 2757 5471 Ut
2784 5414 2923 5469 enim
2950 5407 3177 5478 lapidem
3207 5417 3320 5455 ma.

1754 5548 1915 5607 gnum
1942 5531 1993 5583 in
2024 5524 2142 5581 cubi
2173 5521 2392 5575 formam
2424 5522 2678 5582 aptatum,
2712 5508 2763 5560 in
2795 5510 3111 5558 structuram
3139 5493 3327 5547 admo-

1758 5585 1899 5691 ‘t’um,
1933 5628 1986 5677 et
2029 5616 2236 5688 paulum
2264 5616 2573 5671 nutantem,
2600 5599 2866 5670 subjectus
2908 5593 3080 5648 ﬁrmat
3108 5585 3327 5654 exiguus
