3720 6276
427 301 528 359 451

430 503 670 557 sionibus
699 502 871 571 majus
902 500 1155 556 Ecclesiae
1194 499 1473 554 :editlcium
1503 499 1847 553 constituunt.
1883 497 2012 551 Pre-

428 607 524 649 cor
544 600 723 647 autem
752 591 1026 646 caritatem
1054 599 1284 644 vestram
1305 630 1319 653 ,
1348 598 1405 642 ut
1440 588 1701 643 dictorum
1731 587 2009 642 sententiis

428 683 752 749 attendatis;
779 698 884 737 non
913 698 979 735 an
1008 697 1158 736 novae
1186 681 1311 746 sint,
1331 680 1422 734 sed
1447 696 1513 734 an
1548 695 1706 733 verae.
1730 678 1844 732 Non
1866 678 2008 733 enim

428 775 569 847 quod
597 790 693 830 usu
730 774 910 828 tritum
933 782 1034 838 est,
1066 786 1277 840 semper
1298 786 1478 824 verum
1503 787 1517 834 ;
1549 785 1721 839 neque
1744 770 1883 839 quod
1913 784 2010 824 no-

426 881 575 931 vum,
608 865 728 920 ideo
754 864 941 918 falsum
971 878 986 916 :
1014 861 1109 917 sed
1137 876 1349 929 semper
1373 856 1683 928 exploratur
1706 873 1775 913 an
1802 874 1866 914 ea
1890 873 2009 930 quin

427 956 677 1013 dicuntur
707 970 830 1011 vera
856 956 982 1021 sint,
1012 968 1078 1007 an
1106 953 1258 1007 falsa.
1288 952 1437 1021 Rogo
1473 960 1648 1005 autem
1675 967 1741 1006 ne
1769 953 1887 1021 quis
1906 992 1922 1018 ,
1951 960 2009 1006 ut

427 1051 633 1103 amicus
653 1047 719 1102 ad
739 1049 962 1118 gratiam
992 1047 1107 1100 sine
1137 1045 1380 1099 examine
1408 1058 1706 1099 sermonem
1737 1044 2003 1113 excipiat,

427 1157 565 1198 neve
588 1150 643 1195 ut
669 1139 913 1194 inimicus
939 1138 1027 1192 illa
1057 1136 1206 1207 quasi
1235 1137 1509 1207 peregrina
1538 1142 1772 1206 respuat,
1801 1135 1894 1192 sed
1924 1136 2005 1191 vi-

428 1233 553 1289 deat
581 1232 774 1302 ubique
804 1247 928 1286 num
959 1230 1153 1285 veritas
1177 1230 1328 1283 dictis
1358 1230 1583 1299 palmam
1614 1228 1827 1283 tribuat.

498 1325 554 1379 2.
586 1323 792 1379 Genesis
821 1330 997 1376 auctor
1017 1321 1217 1391 Moyses
1244 1331 1289 1375 et
1314 1320 1514 1389 Spiritu
1541 1329 1711 1373 sancto
1737 1319 2003 1374 revelaute.

430 1414 639 1486 Duplex
668 1415 859 1486 Moysis
891 1429 1090 1484 scapus.
1115 1412 1215 1467 Cur
1247 1411 1567 1466 iuvisibitium
1603 1412 1903 1465 creationem
1931 1420 2008 1466 ta-

430 1509 555 1562 cuit.
583 1536 653 1548 -â€”-
679 1505 744 1559 In
774 1505 1037 1576 principio,
1071 1503 1274 1572 inquit,
1304 1502 1419 1573 fecit
1447 1501 1581 1556 Deus
1606 1499 1784 1555 cwlum
1823 1509 1871 1556 et
1903 1511 2006 1555 ter-

429 1616 542 1653 ram
566 1597 713 1671 (Gen.
742 1597 793 1651 t.
819 1598 895 1659 1).
915 1596 1039 1651 llaec
1068 1593 1291 1648 historia
1313 1592 1507 1663 Moysis
1536 1592 1850 1663 legislatoris
1872 1607 2007 1664 opus

430 1699 531 1755 est,
556 1700 610 1745 et
636 1690 863 1759 Spiritus
889 1687 1056 1742 sancti
1085 1686 1356 1742 revelatio.
1382 1686 1630 1742 Contiuet
1656 1693 1831 1741 autem
1859 1701 2008 1741 crea-

430 1783 626 1837 tionem
656 1781 749 1836 Dei
777 1782 968 1835 virtute
993 1780 1202 1845 factam,
1226 1793 1321 1848 per
1348 1778 1707 1848 propheticam
1732 1792 1857 1834 vero
1881 1793 2006 1850 gra-

428 1874 554 1928 tiam
585 1873 748 1944 Moysi
796 1872 1105 1927 revelatam.
1134 1869 1248 1925 Non
1277 1871 1418 1926 enim
1449 1870 1564 1925 haec
1588 1870 1795 1943 Moyses
1831 1881 1891 1926 ut
1925 1871 2009 1926 hi-

427 1966 826 2039 storiographus
848 1967 1002 2031 dixit,
1026 1965 1119 2021 sed
1152 1973 1205 2019 ut
1228 1963 1505 2035 propheta.
1537 1963 1627 2019 Illa
1652 1964 1847 2035 quippe
1873 1963 2007 2020 dixit

427 2074 546 2130 quae
579 2073 683 2113 non
717 2057 955 2125 viderat,
983 2066 1039 2113 et
1078 2056 1165 2112 illa
1204 2056 1435 2111 narravit
1476 2072 1698 2126 quorum
1740 2065 2009 2127 spectator

429 2168 535 2207 non
567 2151 754 2207 luerat.
780 2151 848 2207 Ut
874 2151 1016 2206 enim
1046 2149 1253 2221 pridem
1296 2150 1393 2204 tria
1436 2163 1556 2205 esse
1593 2149 1885 2220 prophetiae
1910 2165 2006 2221 ge-

429 2262 559 2302 nera
589 2261 708 2303 esse
735 2245 987 2312 diximus,
1021 2245 1249 2315 primum
1276 2243 1441 2299 verbo
1464 2285 1479 2310 ,
1506 2244 1799 2299 secundum
1821 2257 2004 2314 opere,

427 2338 643 2393 tertium
670 2352 832 2406 opere
856 2345 912 2392 et
946 2350 1195 2391 sermone
1222 2352 1236 2389 :
1263 2335 1345 2390 sic
1367 2343 1422 2389 et
1452 2345 1559 2388 tres
1580 2334 1690 2404 jam
1716 2333 2008 2403 prophetiae

428 2439 610 2500 partes
651 2428 1023 2483 constituimus
1064 2444 1077 2480 :
1121 2426 1452 2497 prophetiam
1501 2425 1569 2480 de
1624 2424 2005 2494 praesentibus,

429 2522 760 2591 prophetiam
785 2521 851 2575 de
890 2519 1112 2585 futuris,
1143 2527 1195 2573 et
1232 2516 1561 2587 prophetiam
1597 2515 1665 2571 de
1701 2515 2005 2585 praeteritis.

427 2615 669 2683 Exempli
699 2628 861 2667 causa
908 2629 1013 2667 non
1057 2611 1241 2666 aderat
1282 2609 1444 2664 Isaias
1488 2608 1746 2678 propheta
1789 2608 1851 2661 iis
1889 2622 2006 2676 quae

406 2706 526 2779 sub
552 2705 733 2775 Moyse
760 2712 906 2775 gesta
930 2711 1055 2757 sunt
1086 2719 1099 2755 :
1128 2701 1220 2755 sed
1263 2700 1384 2770 quia
1414 2699 1632 2769 spiritus
1661 2698 1858 2768 Moysis
1895 2704 2009 2752 erat

426 2794 480 2848 in
510 2793 633 2857 illo,
663 2793 752 2863 qui
791 2808 852 2846 ea
896 2793 994 2861 ipsi
1024 2792 1316 2857 revelaret,
1362 2788 1413 2843 id
1443 2781 1716 2858 prophetia
1753 2797 1886 2842 erat.
1914 2784 2010 2842 Est

430 2887 557 2942 item
590 2885 866 2956 prophetia
897 2886 1056 2940 etiam
1085 2883 1152 2938 de
1182 2881 1572 2952 praesentibus;
1600 2892 1658 2936 ut
1682 2881 1724 2935 si
1757 2881 1873 2950 quis
1910 2895 2005 2935 co-

428 2994 543 3035 ram
576 2977 831 3047 prOpheta
868 2975 1065 3045 aliquid
1091 2975 1142 3028 in
1172 2974 1349 3027 animo
1376 2984 1595 3027 versans
1621 3011 1634 3035 ,
1662 2972 1928 3025 occultum
1956 2974 2008 3025 ei

427 3087 547 3128 esse
571 3071 716 3135 velit,
750 3078 805 3126 et
832 3069 1089 3139 propheta
1110 3068 1279 3138 ipsum
1310 3075 1513 3135 arguat,
1545 3073 1602 3119 ut
1630 3063 1853 3119 Elisazus
1884 3079 2006 3134 erga

428 3164 571 3220 Giczi
608 3162 750 3223 fecit,
782 3161 955 3215 futura
987 3158 1347 3229 praenuntiatus
1387 3169 1441 3212 et
1484 3156 1689 3211 occulta
1739 3157 2004 3211 revelans.

426 3257 640 3325 Moyses
661 3270 777 3324 qua:
806 3253 1073 3323 praeterita
1098 3261 1253 3305 erant
1275 3249 1482 3319 aperuit
1508 3266 1521 3302 :
1554 3248 1642 3302 alii
1668 3264 1787 3317 qua:
1810 3246 2003 3301 futura.

428 3352 503 3406 Ita
528 3350 684 3419 igitur
707 3357 790 3402 est
817 3347 939 3401 huic
976 3345 1211 3399 historiae
1239 3341 1639 3404 attendendum,
1672 3355 1778 3395 non
1804 3350 1861 3394 ut
1882 3355 2007 3393 nar-

428 3442 642 3505 rationi,
666 3441 759 3496 sed
789 3450 848 3495 ut
874 3440 1108 3494 historias
1144 3452 1305 3501 verte,
1337 3451 1454 3506 qua:
1484 3451 1575 3505 per
1597 3435 1851 3505 Spiritum
1879 3449 2007 3488 san-

428 3542 572 3587 ctum
616 3532 818 3601 prolata
857 3532 945 3585 sit.
975 3530 1103 3597 Quis
1134 3543 1292 3598 porro
1337 3535 1420 3581 est
1456 3525 1727 3595 propheta:
1775 3524 2008 3593 scopas?

433 3627 546 3680 Duo
572 3625 782 3696 Moyses
806 3625 856 3677 in
887 3622 1159 3693 proposito
1188 3620 1375 3685 habet,
1402 3626 1457 3674 et
1481 3618 1776 3673 doctrinam
1814 3617 2005 3683 edere,

428 3717 646 3786 etleges
671 3715 894 3770 sancire.
929 3712 1222 3783 Legislator
1247 3712 1386 3765 enim
1414 3726 1533 3764 cum
1561 3710 1667 3774 sit,
1696 3725 1800 3762 non
1832 3719 2007 3763 tamen

428 3827 459 3863 a
488 3808 689 3878 legibus
719 3806 943 3874 incepit,
969 3804 1062 3859 sed
1096 3819 1125 3858 a
1152 3802 1440 3858 creatione.
1471 3801 1576 3857 Cur
1623 3810 1796 3856 autem
1836 3803 2009 3872 primo

429 3901 592 3953 voluit
623 3899 785 3952 Deum
829 3895 1111 3951 ostendere
1147 3893 1452 3950 Creatorem
1484 3904 1537 3950 et
1568 3895 1846 3948 Dominum
1890 3895 2009 3949 uni-

428 3991 611 4047 versi?
642 3989 707 4045 Ut
741 3990 879 4044 Deus
907 4002 1025 4043 esse
1053 3987 1527 4054 demonstraretur,
1551 3986 1640 4057 qui
1670 4003 1774 4041 non
1798 3988 2006 4053 alienis,

430 4081 523 4138 sed
563 4081 673 4135 suis
713 4080 882 4148 legem
915 4088 1154 4148 poneret.
1182 4077 1293 4132 Nisi
1324 4077 1464 4133 enim
1508 4077 1654 4149 prius
1692 4078 2012 4133 ostendisset

430 4189 551 4228 eum
606 4170 788 4226 mundi
836 4170 1216 4236 Conditorem,
1266 4186 1371 4225 non
1422 4169 1525 4225 [ide
1568 4170 1756 4240 dignus
1800 4169 2011 4225 habitus

430 4266 619 4322 fuisset
665 4262 845 4318 mundi
888 4262 1202 4334 Legislator.
1241 4261 1369 4316 Nam
1417 4262 1602 4316 alienis
1639 4263 1806 4331 legem
1849 4261 2006 4326 dare,

430 4359 719 4413 violentum
744 4374 757 4423 ;
786 4373 910 4412 suos
936 4368 1113 4411 autem
1139 4355 1436 4418 instituere,
1466 4362 1879 4409 consentaneum
1905 4362 2005 4407 est.

431 4449 889 4517 Quemadmodum
914 4447 1146 4503 Joannes
1165 4445 1485 4514 evangelista
1510 4460 1613 4497 non
1648 4446 1792 4513 prius
1814 4445 1958 4514 leges
1981 4459 2012 4499 a

433 4540 647 4596 Christo
675 4542 806 4594 latas
844 4539 1055 4608 posuit,
1086 4552 1241 4606 quam
1282 4535 1396 4603 ejus
1424 4535 1748 4588 dominatum
1794 4533 2015 4588 dixisset

434 4634 517 4689 his
543 4633 717 4687 verbis
746 4648 758 4683 :
792 4631 857 4684 In
894 4629 1144 4699 principio
1170 4636 1275 4680 erat
1308 4625 1538 4687 Verbum,
1571 4635 1619 4678 et
1667 4624 1880 4679 Verbum
1908 4633 2013 4677 erat

433 4726 574 4797 apud
605 4725 767 4778 Deum
791 4765 806 4790 ,
838 4732 884 4776 et
914 4720 1054 4774 Deus
1094 4729 1198 4774 erat
1240 4718 1467 4773 Verbum.
1521 4716 1702 4772 Omnia
1733 4734 1819 4787 per
1851 4716 2014 4787 ipsum

437 4823 572 4892 facta
617 4828 733 4872 sunt
756 4856 773 4880 ,
802 4826 848 4869 et
882 4815 988 4868 sine
1018 4814 1127 4884 ipso
1153 4814 1341 4879 factum
1378 4822 1452 4867 est
1481 4813 1609 4866 nihil
1652 4812 1785 4884 quod
1823 4815 2014 4884 factum

434 4923 525 4967 est.
550 4910 617 4964 In
642 4911 752 4980 ipso
779 4909 878 4962 vita
905 4916 1034 4972 erat,
1062 4915 1107 4960 et
1137 4906 1237 4960 vita
1260 4915 1364 4960 erat
1390 4908 1480 4963 lux
1505 4907 1778 4960 hominum.
1804 4904 1869 4958 In
1898 4922 2016 4976 pro-

437 5004 553 5071 pria
580 5002 712 5055 venit
731 5041 747 5066 ,
782 5009 829 5053 et
858 4999 938 5053 sui
967 5015 1078 5051 eum
1121 5015 1221 5051 non
1263 5007 1554 5067 receperunt
1584 4996 1761 5066 (Joan.
1792 4998 1844 5051 l.
1878 4998 1927 5050 1.
1959 4998 2012 5050 '5.

436 5097 492 5149 4.
526 5092 649 5161 tt).
676 5091 808 5146 Cum
850 5090 1075 5145 dixisset
1120 5105 1240 5143 eum
1282 5088 1536 5157 Opiï¬cem
1579 5095 1633 5141 ct
1669 5086 2013 5150 Creatorem,

438 5194 565 5239 tunc
587 5183 789 5238 inducit
810 5184 953 5238 illum
980 5182 1253 5237 doctorem
1282 5191 1333 5234 et
1355 5179 1734 5248 Legislatorem
1757 5177 2018 5231 universi.

447 5280 675 5332 Rursum
707 5276 841 5331 alius
867 5274 1060 5346 Moysis
1090 5287 1301 5341 scepns.
1331 5270 1438 5325 Cur
1462 5270 1650 5325 beatus
1676 5267 1883 5338 Moyses
1908 5282 2017 5321 cae-

442 5371 548 5427 lum
579 5369 923 5433 memoravit,
960 5377 1173 5428 terram,
1208 5378 1354 5418 mare
1376 5403 1390 5428 ,
1420 5376 1582 5432 aquas
1614 5370 1667 5416 et
1698 5376 1760 5414 ea
1800 5375 1918 5431 qua:
1953 5375 2019 5415 ex

436 5464 546 5520 illis
586 5473 745 5529 sunt,
777 5462 1085 5535 angelorum
1112 5467 1325 5523 autem,
1353 5454 1789 5524 arebangelorum
1811 5493 1826 5520 ,
1862 5451 2019 5507 Sera-

441 5554 589 5627 phim
636 5564 689 5610 et
731 5554 1016 5610 Cherubim
1062 5549 1262 5605 nullam
1314 5545 1638 5601 mentionem
1690 5544 1860 5600 fecit?
1888 5544 2020 5612 Quia

443 5646 696 5709 nimirum
720 5644 1105 5713 legislationein
1132 5639 1196 5694 ad
1222 5638 1471 5708 temporis
1500 5636 1640 5691 illius
1661 5635 2022 5691 conditionem

442 5737 675 5806 aptabat.
699 5735 927 5791 Noverat
948 5734 1087 5791 enim
1115 5732 1425 5803 quibuscum
1458 5729 1784 5800 loqueretur,
1812 5743 1932 5784 cum
1955 5726 2019 5781 iis

1871 292 2237 351 SEVERlANl

336 470 341 475 ,
428 413 563 482 lapis
608 410 720 467 :sic
738 424 802 467 ea
826 424 947 480 quae
962 424 992 463 a
1010 408 1248 463 Patribus
1271 407 1410 463 dicta
1436 415 1578 471 sunt,
1600 405 1805 477 exiguis
1827 420 2009 460 acces-

3600 304 3695 359 Â£33

2120 422 2311 476 nempe
2348 407 2439 477 qui
2474 422 2542 463 ex
2578 407 2812 480 Egypto
2837 409 3035 480 egressi
3080 420 3266 473 erant,
3300 414 3391 482 qui
3419 413 3697 485 AEgyptia-

2112 513 2235 552 cum
2263 513 2522 565 errorem,
2552 501 2718 555 solem
2738 542 2753 566 ,
2784 503 2991 565 lunam.
3020 503 3223 570 stellas,
3250 504 3463 571 ï¬‚uvios,
3499 506 3692 572 fontes,

2114 605 2278 660 aquas
2304 591 2614 647 didicerant.
2643 593 2991 650 lnvisihilium
3020 610 3147 666 ergo
3175 598 3448 653 creatione
3472 600 3689 665 relicta,

2113 681 2180 735 de
2206 682 2496 737 visibilibus
2521 683 2680 738 verba
2709 683 2867 751 facit,
2892 692 2953 739 ut
2977 685 3326 754 persuaderet
3355 688 3440 742 eis
3464 690 3563 758 qui
3594 691 3693 744 hac

2113 773 2405 828 adorabant
2426 816 2440 839 ,
2466 782 2525 829 ut
2561 791 2627 830 ne
2664 776 2750 830 illa
2776 776 2907 831 deos
2943 792 3062 832 esse
3099 787 3378 847 putarent,
3405 780 3510 835 sed
3539 797 3694 849 Opera

2116 862 2231 918 Dei.
2258 863 2372 918 Non
2403 879 2622 921 necesse
2651 881 2876 937 namque
2905 876 3053 933 erat,
3080 876 3138 922 ut
3171 870 3275 925 illis
3300 871 3627 941 angelorum
3649 881 3695 929 et

2113 953 2550 1024 archangelorum
2594 957 2834 1011 notitiam
2880 958 3064 1021 daret,
3110 974 3179 1014 ne
3220 976 3435 1015 rursum
3484 963 3692 1017 illorum

2112 1047 2474 1117 aegritudinem
2503 1048 2686 1103 aleret.
2707 1049 2837 1104 Nam
2863 1051 2925 1116 si,
2956 1051 3162 1107 etiamsi
3184 1069 3287 1108 non
3313 1055 3586 1121 viderent,
3610 1073 3691 1110 an.

2113 1137 2262 1207 gelos
2289 1147 2462 1193 tamen
2496 1154 2613 1194 esse
2641 1140 2907 1208 dixerunt,
2937 1142 3105 1197 multo
3131 1145 3316 1214 magis,
3350 1145 3396 1200 si
3419 1148 3689 1201 audissent

2112 1232 2333 1302 angelos
2361 1240 2453 1287 aut
2494 1232 2841 1305 archangelos
2865 1277 2880 1300 ,
2908 1243 3180 1306 putassent
3218 1238 3340 1292 illos
3375 1254 3505 1294 esse
3548 1240 3685 1295 deos.

2113 1319 2219 1376 Sed
2265 1322 2451 1377 caelum
2498 1333 2789 1388 memorat.
2823 1335 3016 1381 terram
3044 1368 3057 1390 ,
3086 1336 3294 1383 montes
3317 1370 3335 1395 ,
3384 1345 3564 1400 aquas
3588 1373 3603 1395 ,
3646 1343 3692 1385 et

2113 1411 2287 1465 omnia
2310 1427 2427 1482 qum
2452 1428 2518 1468 ex
2543 1413 2647 1469 illis
2674 1424 2831 1481 sunt;
2855 1425 2913 1470 ut
2943 1416 3239 1473 visibilibus
3260 1419 3590 1476 invisibilem
3622 1423 3692 1474 in-

2113 1510 2451 1573 terpretetur,
2479 1516 2531 1559 et
2560 1523 2625 1561 ex
2651 1508 2903 1578 operibus
2937 1510 3194 1580 Opitlcem
3233 1512 3445 1581 prodat.
3461 1513 3554 1569 Sic
3575 1532 3691 1585 ergo

2112 1603 2271 1648 etiam
2300 1603 2406 1650 tres
2433 1597 2581 1666 pueri
2610 1598 2881 1670 Babylone
2925 1601 3178 1657 fecerunt.
3205 1602 3339 1671 Quia
3375 1606 3528 1659 enim
3560 1608 3687 1673 apud

2111 1692 2323 1754 gentem
2367 1685 2508 1741 illam
2556 1689 2902 1744 versabantur
2938 1690 3047 1746 Deo
3097 1692 3359 1749 inimicam
3392 1713 3408 1749 :
3446 1711 3552 1751 nec
3590 1710 3689 1752 erat

2113 1775 2208 1831 Dei
2237 1776 2499 1848 cognitio,
2532 1779 2626 1835 sed
2656 1779 2793 1835 idola
2839 1781 3150 1837 colebantur
3171 1826 3186 1849 ,
3219 1784 3270 1839 in
3312 1784 3539 1842 toniace
3580 1805 3686 1842 cum

2111 1878 2325 1937 essent,
2350 1870 2596 1927 dicebant
2626 1890 2639 1925 :
2666 1872 2951 1930 Benedicite
2973 1917 2987 1939 ,
3030 1878 3200 1932 omnia
3246 1896 3401 1950 opera
3446 1879 3685 1947 Domini,

2112 1960 2332 2018 Domino
2360 1961 2518 2037 (Dan.
2537 1967 2588 2021 5.
2608 1964 2719 2039 57).
2749 1965 2857 2022 Cur
2883 1985 2987 2024 non
3014 1968 3277 2037 dicebant,
3309 1974 3527 2043 Angeli,
3561 1976 3685 2035 celi,

2113 2063 2274 2121 terra,
2307 2056 2462 2127 ignis,
2485 2073 2642 2128 aqua,
2674 2060 2858 2132 frigus,
2889 2072 3068 2129 aestus,
3093 2073 3146 2119 et
3174 2064 3385 2131 similia,
3419 2068 3521 2123 sed
3548 2085 3686 2123 crea-

2113 2144 2309 2201 tionem
2340 2148 2607 2219 sigillatim
2648 2154 3009 2209 enumerant?
3035 2153 3102 2211 Ut
3137 2166 3436 2212 creaturam
3482 2174 3683 2215 omnem

2111 2236 2414 2301 abluerent.
2444 2249 2497 2295 et
2523 2250 2689 2296 totum
2711 2245 2976 2314 opiï¬cium
3008 2247 3324 2304 mundarent
3347 2291 3361 2313 ,
3385 2252 3685 2322 nullamque

2110 2329 2473 2399 relinquerent
2529 2334 2814 2405 impietatis
2874 2340 3177 2396 scintillam.
3230 2342 3685 2409 Quemadmodum

2112 2421 2271 2475 etiam
2299 2423 2398 2478 hoc
2435 2424 2553 2479 loco
2579 2426 2787 2498 Moyses
2813 2438 2869 2483 ut
2894 2445 3107 2485 omnem
3133 2431 3515 2504 Egyptiacum
3544 2452 3682 2490 em

2112 2525 2225 2565 rem
2256 2526 2285 2565 a
2315 2512 2512 2568 Iudaeis
2536 2517 2832 2571 eliminaret
2854 2559 2869 2584 ,
2901 2520 3090 2576 caelum
3120 2531 3175 2575 et
3201 2531 3392 2577 terram
3426 2534 3489 2579 ut
3518 2538 3683 2580 creata

2113 2615 2366 2659 memorat
2388 2645 2406 2673 ,
2437 2617 2491 2660 ut
2516 2606 2629 2662 haec
2671 2608 2805 2663 facta
2830 2626 2949 2665 esse
2978 2612 3314 2680 ostenderet,
3345 2625 3398 2669 et
3434 2614 3682 2687 Opiï¬eern

2113 2694 2425 2753 declararet.
2454 2698 2519 2752 In
2545 2701 2793 2771 principio
2819 2704 3003 2757 creavit
3039 2704 3177 2759 Deus
3201 2708 3376 2760 cretum
3401 2717 3455 2761 et
3485 2719 3683 2764 temur.

2182 2786 2236 2842 5.
2281 2786 2441 2843 Verba
2485 2789 2714 2861 Moysis,
2764 2794 2815 2846 in
2874 2793 3133 2863 principio
3180 2806 3328 2861 erat,
3370 2815 3494 2852 cum
3537 2803 3683 2854 certus

2111 2878 2404 2941 Joannis,in
2427 2881 2685 2951 principio
2702 2882 2843 2950 fecit,
2865 2894 3237 2956 comparantur.
3254 2887 3475 2943 Arianos
3495 2893 3683 2944 etAno-

2112 2986 2269 3025 ""208
2290 2972 2565 3043 redarguit.
2598 2973 2713 3027 Duo
2736 2973 3050 3029 Testamenta
3068 2992 3170 3029 uno
3189 2974 3503 3031 Patreorta.
3521 3011 3576 3021 â€”
3600 2981 3682 3034 Hic

2114 3060 2243 3115 mihi
2273 3062 2505 3115 animum
2528 3063 2739 3118 adhibe.
2763 3064 2875 3136 Ego
2904 3066 3068 3120 miror
3090 3067 3355 3137 quomodo
3379 3068 3622 3125 Joannes
3638 3082 3682 3126 et

2114 3154 2319 3224 Moyses
2351 3155 2488 3210 idem
2527 3156 2836 3224 principium
2876 3155 3123 3211 habeant.
3151 3158 3279 3213 Nam
3309 3159 3395 3215 hic
3420 3161 3557 3217 dicit
3585 3181 3598 3215 :
3634 3162 3683 3216 Ia

2116 3246 2363 3316 principio
2388 3248 2571 3302 creavit
2595 3265 2612 3312 ;
2645 3249 2734 3302 ille
2761 3264 2889 3302 vero
2913 3250 2987 3303 ait
3010 3267 3023 3304 :
3057 3249 3121 3304 In
3150 3252 3395 3320 principio
3423 3264 3560 3309 erat.
3588 3256 3683 3309 Ve-

2113 3352 2230 3390 rum
2257 3345 2313 3392 et
2343 3338 2430 3391 ille
2456 3338 2673 3405 utiliter,
2702 3350 2755 3394 et
2784 3338 2869 3394 hic
2892 3341 3122 3410 preprie.
3154 3341 3251 3397 Ubi
3277 3358 3514 3413 namque
3539 3362 3683 3400 crea-

2116 3429 2187 3483 tio
2209 3439 2343 3494 erat,
2370 3428 2503 3483 dixit
2528 3429 2752 3500 Moyses,
2779 3428 2958 3494 Fecit;
2987 3431 3073 3485 ubi
3098 3446 3224 3486 vero
3245 3432 3485 3499 Creator,
3519 3440 3683 3503 posuit

2115 3519 2434 3588 evangelista
2458 3561 2471 3582 ,
2506 3519 2650 3572 Erat.
2683 3519 2903 3573 Multum
2949 3531 3122 3574 autem
3162 3530 3243 3575 est
3285 3521 3613 3578 discriminis
3638 3536 3683 3577 et

2115 3609 2376 3664 intervalli
2398 3610 2536 3664 inter
2559 3609 2707 3676 illud,
2734 3609 2911 3672 Fecit;
2938 3619 2997 3685 et
3018 3610 3165 3674 illud,
3190 3609 3317 3663 Erat
3345 3627 3365 3665 :
3389 3612 3523 3667 illud
3549 3616 3683 3669 enim

2114 3718 2233 3758 cum
2279 3711 2403 3757 ante
2447 3718 2554 3756 non
2601 3712 2775 3767 esset,
2818 3701 3010 3757 factum
3055 3712 3135 3757 est
3166 3721 3179 3757 :
3208 3702 3293 3758 hic
3318 3719 3446 3759 vero
3479 3720 3683 3775 semper

2115 3806 2246 3852 erat.
2279 3795 2346 3849 In
2377 3796 2625 3865 principio
2650 3796 2799 3862 fecit,
2836 3804 2921 3860 et,
2954 3794 3021 3849 In
3058 3796 3304 3866 principio
3328 3807 3455 3851 erat.
3491 3798 3583 3852 Dei
3608 3807 3682 3853 est

2114 3904 2264 3955 esse,
2292 3896 2589 3942 creaturam
2618 3902 2745 3941 vero
2785 3885 2924 3951 ï¬eri,
2956 3896 3013 3940 ut
3036 3896 3090 3941 et
3126 3888 3449 3956 evangelista
3498 3888 3679 3943 distin-

2115 3982 2244 4052 guit.
2278 3979 2409 4034 Nam
2438 3978 2505 4034 de
2523 3980 2802 4035 Servatore
2824 3979 2899 4032 ait
2928 3994 2941 4030 :
2974 3976 3041 4031 In
3062 3977 3433 4048 principioerat
3454 3975 3683 4039 Verbum,

2114 4081 2162 4126 et
2191 4070 2403 4125 Verbum
2429 4078 2535 4125 erat
2561 4069 2699 4140 apud
2723 4068 2908 4134 Deum,
2931 4079 2977 4122 et
3007 4068 3141 4122 Deus
3169 4078 3275 4122 erat
3313 4067 3552 4122 Verbum.
3580 4066 3679 4121 Hoc

2117 4175 2221 4219 erat
2247 4164 2301 4217 in
2326 4162 2596 4233 principio.
2620 4159 2689 4215 In
2724 4161 2834 4227 ipso
2862 4160 2961 4213 vita
2990 4168 3118 4225 erat,
3144 4168 3191 4213 et
3219 4160 3318 4213 vita
3346 4168 3455 4213 erat
3485 4158 3572 4213 lux
3593 4163 3677 4211 hoc

2117 4258 2328 4310 utinam.
2346 4255 2529 4310 Sexies
2554 4254 2708 4317 dixit,
2726 4251 2872 4317 Erat,
2896 4260 2952 4307 ut
2978 4251 3261 4320 explicaret
3292 4250 3409 4320 ejus
3433 4252 3705 4305 exsistetÂ».

2119 4347 2265 4401 tiam.
2287 4346 2365 4400 De
2410 4344 2604 4399 famulo
2646 4352 2820 4397 autem
2848 4383 2862 4407 ,
2896 4317 3169 4411 postquam
3218 4317 3531 4411 praedicavit
3568 4355 3680 4393 eum

2118 4440 2209 4511 qui
2237 4448 2370 4504 erat,
2409 4447 2464 4492 et
2491 4438 2633 4492 venit
2656 4434 2722 4491 ad
2749 4450 2961 4491 servum
2985 4434 3261 4498 Joannem,
3294 4432 3427 4487 dixit
3459 4451 3472 4487 :
3504 4431 3683 4487 Factus

2118 4541 2193 4586 est
2218 4532 2386 4584 homo.
2420 4529 2561 4584 Deus
2589 4536 2721 4591 erat,
2753 4525 2913 4581 homo
2938 4534 3113 4580 autem
3141 4525 3310 4579 factus
3335 4531 3439 4578 est.
3469 4523 3616 4590 Quod
3642 4521 3680 4575 si

2119 4624 2188 4679 de
2224 4622 2509 4678 Servatore
2555 4620 2733 4675 dicere
2757 4619 2985 4674 audeant
3015 4634 3028 4670 :
3056 4618 3305 4672 Servatur
3328 4618 3488 4671 etiam
3526 4617 3683 4671 factus

2121 4724 2223 4776 est,
2253 4713 2382 4768 nihil
2412 4712 2651 4767 differret
2674 4728 2703 4764 a
2735 4720 2895 4766 terra.
2930 4708 3177 4763 Animum
3202 4707 3395 4761 adhibe
3418 4749 3433 4773 ,
3462 4721 3642 4775 quSO
3668 4722 3679 4754 :
3704 4732 3705 4741 Î¹

2121 4810 2164 4864 si
2195 4807 2337 4861 dicat
2360 4805 2639 4859 luercticus
2669 4821 2681 4857 :
2707 4801 2949 4856 Christus
2976 4798 3143 4854 factus
3167 4808 3300 4863 erat,
3324 4813 3430 4852 non
3458 4806 3575 4851 erant
3598 4812 3682 4848 an-

2121 4910 2334 4969 tequam
2363 4897 2546 4958 ï¬eret,
2575 4894 2699 4964 quid
2729 4908 2855 4963 ergo
2885 4892 3002 4962 plus
3044 4890 3284 4952 habebit,
3315 4904 3475 4959 quam
3507 4898 3637 4942 terra
3662 4890 3681 4935 ?

2124 4991 2252 5046 Nam
2279 4990 2347 5044 de
2372 4998 2512 5045 terra
2557 5001 2767 5057 quoque
2790 4986 2865 5038 ait
2901 4983 3110 5054 Moyses
3141 4997 3154 5035 :
3185 4978 3343 5034 Terra
3369 4987 3539 5032 autem
3566 4985 3677 5029 erat.

2124 5083 2177 5137 Si
2208 5082 2364 5152 igitur
2389 5078 2517 5134 illud
2546 5096 2561 5133 :
2590 5076 2656 5131 In
2688 5076 2937 5146 principio
2960 5082 3085 5138 erat,
3110 5071 3177 5126 de
3203 5068 3477 5125 creatione
3501 5067 3675 5122 intelli-

2123 5184 2272 5245 gunt,
2307 5190 2412 5227 non
2444 5172 2509 5226 de
2534 5181 2733 5224 aeterna
2763 5176 2949 5221 natura
2982 5182 2996 5233 ;
3023 5163 3155 5219 nihil
3186 5162 3304 5232 plus
3330 5161 3511 5223 habet,
3537 5170 3675 5228 quam

2127 5276 2287 5322 terra.
2317 5264 2384 5318 Et
2409 5264 2549 5318 Deus
2577 5260 2808 5315 Verbum
2835 5268 2951 5313 erat
2970 5298 2985 5321 ,
3013 5265 3069 5311 et
3115 5263 3253 5309 terra
3296 5260 3416 5306 erat
3444 5267 3457 5302 :
3488 5249 3577 5303 sed
3602 5247 3677 5299 ille

2125 5358 2333 5429 quidem
2358 5360 2407 5410 in
2431 5351 2688 5425 principio
2705 5360 2840 5412 erat,
2866 5366 2967 5402 non
2986 5349 3149 5401 tactus
3171 5358 3389 5412 semper
3400 5344 3673 5397 exsisteas:

2130 5428 2272 5504 terra
2317 5460 2444 5501 vero
2482 5444 2618 5497 facta
2653 5449 2786 5495 erat.
2821 5436 2934 5491 Non
2972 5440 3114 5489 enim
3149 5435 3298 5504 prius
3325 5433 3457 5489 dixit
3484 5428 3675 5499 legisla-

2130 5549 2231 5604 tor,
2255 5515 2425 5592 Terra.
2450 5543 2576 5597 erat,
2599 5531 2773 5587 donec
2798 5528 3033 5583 diceret:
3065 5524 3131 5579 In
3158 5525 3407 5595 principio
3427 5526 3539 5595 fecit
3560 5520 3681 5572 Dens

2129 5633 2307 5685 cretum
2345 5638 2391 5682 et
2430 5637 2651 5684 terram;
2679 5622 2903 5692 primum
2927 5617 3061 5672 dixit
3080 5657 3097 5682 ,
3125 5614 3288 5681 Fecit,
3317 5625 3496 5685 postea
3528 5623 3642 5664 vero
3662 5646 3677 5667 Î½

2139 5722 2281 5776 Erat.
2307 5718 2515 5775 Scimus
2537 5723 2686 5773 certe
2709 5754 2729 5783 ,
2753 5706 2945 5793 fratres
2965 5750 2980 5778 ,
3005 5709 3101 5765 has
3129 5708 3351 5765 subtiles
3376 5703 3705 5783 quatientes;
