3720 6276
52 317 150 372 6'5!

32 433 171 490 τούν
193 431 453 502 συνηθείᾳ
472 430 691 491 πάντως
716 425 933 497 ἀληθὲς,
963 424 1086 479 οὔτε
1119 425 1178 478 τὸ
1226 425 1373 491 ξένον
1404 424 1615 495 ψευδές·

32 517 170 573 ἀλλὰ
205 513 483 585 πανταχοῦ
531 512 775 581 ζητεῖται
812 511 862 563 εἰ
888 507 1173 580 ἀλήθειαῆ
1208 508 1402 576 ψεῦδος
1433 507 1504 560 τὰ
1534 506 1621 559 λε-

34 604 260 674 γόμενα.
319 598 481 666 ’Δξιῶ
516 598 574 651 δὲ
627 597 766 667 μήτε
806 594 882 657 ὼς
927 594 1080 662 φίλον
1127 592 1251 646 τινὰ
1294 592 1620 664 χαρίσασθαι

34 685 404 752 ἀνεξετάστως
435 680 722 751 δεχόμενον
749 679 875 741 τοὺς
900 678 1111 746 λόγους·
1154 678 1293 748 μήτε
1321 677 1395 741 ὡς
1426 676 1620 748 ἐχθρὸν

36 768 313 835 ξενίζοντα
342 764 620 819 ἐκϐάλλειν
673 761 762 814 τὸν
802 760 977 829 λόγον·
1030 760 1146 812 ἀλλ’
1176 761 1308 831 ὸρᾷν
1345 759 1619 829 πανταχοῦ

38 850 191 922 [457]
226 849 276 900 εἰ
298 846 530 918 ἀλήθειά
559 846 706 898 ἐστιν
733 845 893 915 ήτοῖς
919 842 1230 911 λεγομένοις
1258 841 1616 913 βραϐεύουσα.

111 990 174 1059 β’.
220 990 317 1041 Ἐν
341 985 519 1056 ἀρχῇ,
553 986 736 1055 φησιν,
763 984 1052 1049 ἐποίησεν
1077 985 1109 1036 ό
1148 982 1290 1047 Θεὸς
1314 981 1422 1035 τὸν
1447 982 1621 1049 οὐρα-

34 1073 150 1126 νὸν
176 1071 271 1124 καί
299 1070 414 1137 τὴν
442 1068 578 1137 γῆν.
597 1069 659 1120 'H
683 1064 1042 1137 ἰστορίααῦτη
1075 1065 1192 1116 ἐστὶ
1220 1063 1319 1133 μὲν
1342 1064 1621 1125 Μωῦσέως

32 1154 130 1208 τοῦ
182 1152 471 1223 νομοθέτου
527 1149 885 1219 σύγγραμμα,
949 1149 1043 1199 καὶ
1100 1146 1418 1215 Πνεύματος
1460 1146 1617 1214 ἁγίου

34 1236 407 1304 ἀποκάλυψις·
461 1232 704 1305 περιέχει
746 1229 801 1282 δὲ
844 1229 1201 1299 δημιουργίαν
1247 1228 1472 1298 δυνάμει
1521 1228 1619 1297 μὶν

35 1319 169 1373 Θεοῦ
203 1318 531 1388 γεναμένην,
567 1315 876 1386 προφητικῇ
932 1311 989 1363 δὲ
1022 1313 1203 1381 χάριτι
1235 1312 1457 1363 Μωῢσεῖ
1485 1311 1620 1369 ἁπατ

36 1402 423 1471 καλυφθεῖσαν.
450 1398 524 1450 Οὐ
566 1399 674 1467 γὰρ
711 1392 861 1447 εἶπεν
888 1392 1062 1471 ταῦτα
1109 1392 1347 1462 Μωῦσῆς
1374 1392 1449 1455 ὡς
1477 1394 1621 1444 ίστο-

38 1469 350 1556 ριογρᾶφος,
377 1480 491 1534 ἀλλ’
533 1479 608 1542 ὡς
655 1478 960 1548 προφήτης.
1002 1469 1139 1527 Εἶπε
1173 1474 1280 1545 γὰρ
1307 1472 1343 1527 ἃ.
1384 1474 1458 1545 μὴ
1491 1471 1617 1537 εἶδε,

36 1571 130 1621 καὶ
159 1568 463 1638 διηγήσατο
514 1558 589 1616 ὧν
640 1562 836 1631 θεατὴς
880 1561 979 1612 οὐκ
1006 1558 1238 1627 ἐγένετο.
1268 1558 1478 1629 ’Ὠσπερ
1507 1558 1617 1628 γὰρ

34 1653 162 1721 τρία
191 1650 309 1719 εῐδη
340 1644 677 1718 προφητείας
722 1645 1025 1713 εἰρήκαμεν
1057 1642 1243 1707 πάλαι,
1279 1642 1361 1694 ὅτι
1409 1640 1621 1711 πρῶτον

41 1720 137 1807 μὲν
166 1729 309 1795 εἱδος
356 1729 689 1800 προφητείας
719 1727 782 1779 τὸ
822 1728 1016 1791 εἰπεῖν,
1072 1724 1324 1795 δεύτερον
1365 1723 1421 1776 δὲ
1455 1724 1516 1777 τὸ
1549 1723 1617 1807 δι’

34 1820 220 1887 ἔργου,
254 1814 438 1885 τρίτον
463 1813 523 1866 τὸ
537 1812 602 1865 δι’
625 1812 785 1883 ἔργου
815 1810 909 1862 καὶ
936 1810 1113 1878 λόγου·
1146 1808 1402 1861 οὕτωκαὶ
1431 1806 1621 1861 ἐνταῦ-

38 1901 107 1954 θα
141 1900 270 1971 τρία
300 1896 441 1968 μέρη
469 1895 823 1967 προφητείας·
880 1893 1184 1965 προφητεία
1216 1891 1346 1962 περὶ
1387 1888 1494 1943 τῶν
1537 1892 1623 1942 ὲν-

36 1984 310 2043 εστώτων,
336 1978 638 2050 προφητεία
670 1978 794 2049 περὶ
824 1976 932 2030 τῶν
966 1975 1285 2047 μελλόντων,
1314 1973 1619 2045 προφητεία

37 2068 165 2136 περὶ
201 2064 312 2118 τῶν
367 2060 764 2133 παρελθόντων.
810 2054 957 2124 Οἷον,
994 2058 1053 2112 οὐ
1101 2057 1282 2128 παρῆν
1318 2058 1620 2127 προφήτηζρ

37 2152 167 2221 φέρε
196 2148 371 2202 εἰπεῖν
414 2145 660 2207 Ἡσαΐας,
699 2145 807 2207 τοῖς
839 2144 930 2196 ἐπὶ
976 2141 1251 2203 Μωῦσέως
1291 2140 1620 2210 γενομένοις·

39 2233 149 2286 ἀλλ’
176 2229 365 2300 ἐπειδὴ
382 2228 443 2280 τὸ
463 2227 680 2296 πνεῦμα
715 2225 992 2287 Μωῡσέως
1018 2221 1083 2296 ἦν
1114 2227 1171 2276 ὲν
1195 2223 1363 2294 αὐτῷ,
1414 2224 1616 2275 ἀποκα-

36 2316 240 2368 λύπτον
268 2311 416 2383 αύτῷ
445 2310 513 2364 τά
569 2309 854 2380 γενόμενα,
915 2308 1220 2380 προφητεία
1252 2302 1343 2377 ἦν.
1377 2307 1531 2359 Ἐστι
1565 2305 1622 2357 δὲ

40 2397 193 2462 αὖθις
219 2398 521 2468 προφητεία
557 2395 649 2446 καὶ
690 2390 919 2444 ἐπὶτῶν
965 2391 1268 2462 παρόντων·
1311 2391 1386 2453 ὼς
1423 2392 1515 2443 ἐάν
1540 2405 1623 2451 τις

38 2486 131 2536 καὶ
176 2481 273 2533 ἐπὶ
317 2477 410 2531 τοῦ
444 2475 722 2546 προφήτου
757 2473 928 2536 ἑστὼς
976 2474 1100 2544 θέλῃ
1132 2472 1334 2544 κρύψαι
1368 2490 1419 2525 τι
1448 2474 1506 2524 έν
1555 2475 1622 2543 τῇ

36 2566 267 2637 διανοίᾳ,
302 2564 395 2614 καὶ
427 2562 456 2613 ὁ
487 2560 771 2629 προφήτης
801 2558 996 2628 ἐλέγχῃ
1041 2558 1201 2609 αὑτὸν
1221 2596 1234 2618 ,
1280 2556 1356 2617 ὡς
1386 2556 1415 2607 6
1452 2554 1626 2607 Ἐλισ-

39 2653 190 2712 σαίος
244 2647 337 2700 τὸν
362 2643 534 2709 Γιεζὶ,
591 2644 661 2697 τά
694 2642 956 2713 μέλλοντα
1010 2639 1402 2710 προσημαίνων
1434 2640 1528 2691 καὶ
1556 2637 1624 2690 τὰ

40 2730 397 2803 κεκρυμμένα
425 2725 702 2801 δεικνύων.
726 2725 964 2795 Μωῦσῆς
982 2719 1102 2803 εἶπε
1130 2723 1201 2774 τὰ
1234 2720 1621 2793 προγεγονότα,

38 2802 190 2869 ἄλλοι
230 2814 300 2865 τά
359 2810 641 2864 μέλλοντα.
698 2807 881 2867 Οὕτως
941 2802 1034 2859 οὖν
1088 2806 1168 2859 δεῖ
1210 2803 1497 2876 προσέγειν
1553 2805 1620 2856 τῆ

43 2896 262 2968 ἱστορίᾳ
291 2884 484 2966 ταύτῃ,
516 2893 614 2963 οὐχ
636 2891 711 2954 ὡς
737 2890 1055 2959 διηγήματι,
1078 2887 1191 2941 ἀλλ’
1212 2887 1287 2949 ὡς
1321 2884 1625 2956 προφητείᾳ

41 2982 273 3053 ἀληθινῇ
324 2981 389 3031 ὲκ
424 2977 739 3047 Πνεύματος
781 2974 936 3041 ἁγίου
974 2970 1331 3041 λελαλημένῃ.
1379 2969 1472 3031 Τίς
1505 2969 1561 3021 δὲ
1596 2969 1625 3020 ό

42 3065 246 3128 σκοπὸς
267 3062 344 3133 τῷ
372 3063 621 3132 προφήτῃ
642 3076 656 3125 ;
674 3059 778 3112 Δύο
792 3058 1103 3129 πρόκεινται
1124 3056 1350 3109 Μωῦσεῖ
1374 3053 1621 3122 ποιῆσαι,

41 3150 138 3203 καὶ
158 3145 509 3202 διδασκαλίαν
540 3142 818 3204 ἐκθέσθαι,
860 3140 954 3192 καὶ
983 3137 1302 3208 νομοθεσίαν
1332 3135 1622 3189 ὑποτυπῶ-

42 3252 155 3286 σαι.
193 3229 511 3300 Νομοθέτης
544 3227 650 3297 γάρ
668 3225 764 3289 ὢν,
787 3225 847 3277 ού
878 3223 1090 3295 πρῶτον
1121 3223 1317 3293 ἤρξατο
1343 3223 1442 3291 τῆς
1470 3238 1626 3292 νομο-

43 3315 254 3376 θεσίας,
285 3311 423 3365 ἀλλὰ
452 3311 553 3379 τῆς
581 3306 958 3379 δημιουργίας.
991 3304 1140 3357 Διατί
1170 3304 1228 3357 δὲ
1250 3303 1463 3374 πρῶτον
1493 3302 1625 3374 ήθέ-

40 3398 175 3468 λησε
205 3394 375 3462 δεῖξαι
406 3394 499 3447 τὸν
520 3392 651 3446 Θεὸν
670 3389 1002 3475 δημιουργὸν
1017 3387 1141 3475 ,τοῦ
1174 3387 1372 3475 παντὸς
1407 3388 1501 3475 καὶ
1530 3389 1626 3475 Λε-

43 3480 286 3550 σπότην;
323 3479 440 3531 ’Ἰνα
461 3476 645 3547 δειχθῇ
674 3474 827 3537 Θεός·
855 3473 954 3526 οὐκ
981 3470 1282 3545 ἀλλοτρίοις
1299 3470 1622 3541 νομοθετῶν,

42 3562 181 3617 ἀλλὰ
211 3563 326 3625 τοῖς
377 3560 547 3624 ἰδίοις.
599 3558 664 3611 Εἰ
695 3556 772 3629 μὴ
812 3556 921 3628 γὰρ
968 3554 1185 3628 πρῶτον
1237 3554 1437 3618 ἔδειξεν
1466 3554 1626 3607 αὑτὸν

39 3644 375 3717 δημιουργὸν
404 3641 499 3695 τοῦ
546 3641 773 3711 κόσμου,
818 3641 920 3692 οὐκ
966 3639 1032 3692 ἂν
1080 3636 1386 3702 ἀξιόπιστος
1412 3636 1625 3709 ἐδείχθη

40 3730 345 3802 νομοθέτης
371 3726 466 3781 τοῦ
501 3725 727 3794 κόσμου.
749 3721 822 3774 Τὸ
842 3722 953 3790 γὰρ
983 3720 1281 3791 ἀλλοτρίοις
1297 3720 1624 3792 νομοθετεῖν,

43 3817 189 3888 βίας·
238 3814 301 3868 τὸ
354 3812 412 3865 δὲ
458 3812 585 3873 τοὺς
617 3808 781 3871 ἰδίους
813 3804 1109 3867 παιδεύειν,
1144 3804 1484 3888 ἀκολουθίας.
1517 3805 1627 3888 Καί.

40 3886 235 3970 ῶσπερ
254 3912 269 3960 ζ
280 3894 576 3962 Ἰωάννηςό
605 3888 1005 3970 Εὐαγγελιστης
1033 3888 1093 3941 ού
1119 3887 1332 3958 πρῶτον
1352 3888 1506 3950 ἔταξε
1529 3886 1624 3940 τοῦ

41 3967 283 4051 Χριστοῦ
322 3978 424 4048 τὴν
443 3974 784 4046 νομοθεσίαν,
808 3972 912 4034 ἕως
937 3967 1089 4026 εἶπεν
1120 3970 1283 4025 αὑτοῦ
1305 3971 1403 4041 τὴν
1429 3971 1625 4023 δεσπο-

40 4060 431 4127 τείαν,είπών·
478 4059 573 4111 Ἐν
611 4054 767 4125 ἀρχῇ
809 4051 888 4124 ἦν
925 4057 958 4108 ό
994 4055 1208 4124 Λόγος,
1244 4053 1340 4108 καί
1365 4057 1397 4106 ό
1436 4054 1626 4123 Λόγος

40 4146 123 4220 ἦν
156 4146 308 4215 πρὸς
328 4142 435 4197 τὸν
465 4141 632 4204 Θεὸν,
658 4140 753 4193 καὶ
782 4137 924 4203 Θεὸς
943 4132 1022 4207 ἦν
1094 4138 1303 4220 Λόγος.
1330 4134 1532 4220 Πάντα
1552 4136 1626 4220 δι’

40 4217 232 4285 αὑτοῦ
260 4225 520 4297 ἐγένετο,
553 4227 651 4278 καὶ
680 4222 857 4292 χωρίς
879 4219 1064 4273 αὑτοῦ
1097 4219 1332 4288 ἐγένετο
1358 4218 1499 4272 οὐδὲ
1534 4217 1623 4284 ἓν,

42 4314 73 4368 6
100 4315 372 4383 γέγονεν.
420 4311 522 4363 Ἐν
544 4306 703 4373 αὐτῷ
723 4305 835 4375 ζωὴ
873 4303 969 4377 ἦν,
994 4305 1091 4359 καὶ
1113 4307 1150 4373 ὴ
1186 4302 1295 4372 ζωὴ
1320 4299 1398 4373 ἦν
1418 4301 1484 4354 τὸ
1501 4299 1627 4371 φῶς

44 4397 166 4452 τῶν
193 4394 537 4462 ἀνθρώπων.
570 4394 673 4457 Είς
705 4391 776 4444 τὰ
807 4390 928 4443 ἴδια
948 4387 1115 4462 ἦλθε,
1154 4388 1253 4443 καὶ
1276 4390 1329 4441 οί
1355 4387 1488 4441 ἴδιοι
1522 4388 1628 4440 αὺ-

44 4485 156 4537 τὸν
178 4482 251 4534 οὺ
289 4476 654 4546 παρέλαϐον.
688 4476 817 4528 Ὅτε
867 4470 1020 4527 εἶπεν
1061 4475 1220 4528 αὑτὸν
1255 4472 1490 4543 Ποιητην
1533 4470 1627 4523 καὶ

44 4561 415 4635 Δημιουργδν,
440 4561 560 4613 τότε
585 4557 795 4626 εἰσάγει
827 4558 987 4611 αὐτὸν
1006 4556 1323 4612 διδάσκαλον
1341 4556 1436 4609 καὶ
1464 4570 1626 4625 νομο-

44 4652 213 4719 θέτην
250 4645 347 4700 τοῦ
402 4644 621 4707 παντός.
673 4642 841 4696 Πάλιν
890 4642 1047 4705 ἄλλος
1101 4641 1297 4704 σκοπὸς
1327 4641 1623 4705 Μωῦσέως·

40 4734 202 4788 Διατί
226 4733 256 4784 6
286 4729 550 4801 μακάριος
578 4727 820 4797 Μωῦσῆς
846 4726 1076 4796 ούρανοῦ
1102 4726 1200 4795 μὲν
1232 4726 1625 4797 ἐμνημόνευσε,

42 4820 147 4873 καὶ
179 4816 285 4885 γῆς
321 4814 416 4867 καὶ
438 4813 711 4884 θαλάσσης
732 4812 826 4866 καὶ
847 4812 1073 4873 ὑδάτων,
1110 4812 1203 4863 καὶ
1220 4811 1327 4865 τῶν
1348 4811 1408 4874 ὲξ
1427 4810 1626 4877 αὐτῶν,

48 4900 306 4971 ἀγγέλων
332 4897 391 4951 δὲ
420 4896 901 4969 ἢὰρχαγγέλων,ἢ
929 4894 1226 4967 Σεραφεὶμ,
1257 4894 1289 4964 ἢ
1323 4894 1629 4965 Χερουϐεὶμ

42 4987 152 5041 οὐκ
175 4981 619 5053 ὲμνημόνευσεν;
668 4979 884 5049 Ἐπειδὴ
908 4980 999 5031 καὶ
1017 4978 1113 5049 τὴν
1147 4978 1465 5048 νομοθεσίαν
1494 4977 1630 5046 πρὸς

41 5071 177 5133 τοὺς
215 5067 336 5120 τότε
370 5066 594 5135 καιροὺς
617 5064 875 5136 ήρμοςεν.
914 5064 1066 5135 ᾜδει
1092 5064 1199 5135 γὰρ
1234 5059 1313 5127 οἷς
1340 5063 1627 5131 διελέγετο,

42 5155 166 5216 τοῖς
196 5148 501 5215 ὲξελθοῦσιν
526 5151 591 5201 ὲκ
616 5151 711 5220 τῆς
735 5147 1031 5217 Αἰγύπτου,
1062 5150 1174 5211 τοῖς
1198 5147 1295 5220 τὴν
1335 5150 1631 5216 Αἰγυπτια-

43 5238 156 5307 κὴν
188 5233 401 5304 πλάνην
425 5231 706 5302 μαθοῦσιν,
739 5231 889 5301 ἥλιον
916 5232 1010 5284 καὶ
1051 5231 1279 5303 σελήνην
1308 5231 1400 5285 καὶ
1432 5231 1627 5301 ἄστρα,

44 5318 337 5387 ποταμοὺς
375 5317 469 5370 καὶ
498 5316 678 5386 πηγὰς
720 5315 814 5367 καὶ
846 5314 1031 5368 ὕδατα.
1068 5314 1369 5368 Κατέλιπεν
1415 5311 1506 5369 οῦν
1534 5316 1631 5387 τὴν

41 5404 162 5457 τῶν
182 5401 434 5474 ἀοράτων
464 5399 841 5471 δημιουργίαν,
871 5399 965 5452 καὶ
982 5401 1127 5452 κενοῖ
1150 5398 1239 5452 τὸν
1272 5399 1425 5468 λόγον
1446 5400 1536 5452 ἐπὶ
1562 5400 1633 5453 τὰ

44 5484 208 5562 [458]
238 5484 514 5557 ὁρώμενα,
544 5484 628 5535 ἵνα
658 5482 821 5552 πείσῃ
867 5482 993 5546 τοὺς
1021 5480 1230 5547 τούτοις
1268 5482 1634 5554 προσκυνοῦν-

41 5589 153 5636 τας
186 5570 265 5642 μὴ
289 5567 529 5640 νομίζειν
544 5566 683 5620 αὐτὰ
704 5565 879 5631 θεοὺς,
909 5565 1024 5620 ἀλλ’
1049 5567 1188 5639 ἔργα
1219 5568 1495 5621 Θεοῦ.Κα“ι
1525 5567 1634 5637 γὰρ

43 5660 156 5713 οὐκ
198 5651 271 5725 ἦν
296 5655 591 5722 ἀναγκαῖον
615 5653 736 5707 τότε
780 5653 948 5719 δεῖξαι
980 5654 1207 5718 ἐκείνοις
1232 5654 1359 5724 περὶ
1389 5653 1634 5723 ἀγγέλων

42 5742 151 5797 καὶ
185 5739 563 5812 άρχαγγέλων,
608 5739 693 5794 ἵνα
728 5737 805 5810 μὴ
836 5738 996 5798 πάλιν
1025 5738 1199 5812 θρέψῃ
1222 5739 1400 5796 αὐτῶν
1424 5740 1522 5813 τὴν
1554 5738 1633 5794 νό-

1079 313 1166 369 DE
1205 312 1421 370 MUNDI
1451 312 1844 370 CBEAI'IONE
1880 313 2134 370 ORATIO
2178 317 2215 372 Ι.

3187 318 3292 376 ιιι

1725 441 1837 478 σον.
1862 427 1925 479 Εἰ
1962 426 2073 497 γὰρ
2118 426 2193 498 μὴ
2223 426 2510 496 βλέποντες
2543 429 2803 497 ἀγγέλους
2839 426 2999 484 εἶπαν
3033 444 3082 496 ⁸,
3112 431 3291 503 πολλῷ

1723 510 1944 579 μᾶλλον,
1969 513 2017 563 εί
2043 512 2281 582 ήκουσαν
2315 513 2577 580 ἀγγέλους
2609 513 2642 583 ἢ
2693 514 3084 584 ἀρχαγγέλους,
3110 516 3291 587 ὲνόμι-

1721 610 1820 646 σαν
1847 594 2084 657 ἐκείνους
2112 594 2265 658 θεοὺς
2289 593 2448 648 εἷναι.
2498 596 2655 649 Ἀλλὰ
2697 598 3021 667 μνημονεύει
3062 597 3290 669 ούρανοῦ

1721 677 1816 730 καὶ
1841 678 1961 747 γῆς.
1992 677 2160 748 ὀρέων
2182 679 2274 730 καὶ
2292 677 2517 744 ὑδάτων,
2536 680 2754 735 καὶτῶν
2779 680 2838 745 ἐξ
2858 682 3031 734 αὐτῶν
3051 683 3288 749 πάντων,

1722 759 1807 812 ἴνα
1852 760 1959 814 ἀπὸ
1982 761 2090 813 τῶν
2118 760 2409 831 ὁρωμένων
2444 761 2757 834 ὲρμηνεύσῃ
2800 762 2891 816 τὸν
2918 763 3169 833 ἀόρατον,
3199 765 3292 817 καὶ

1721 844 1827 896 ἀπὸ
1842 842 1950 896 τῶν
1972 843 2146 913 ἔργων
2171 841 2317 915 δείξῃ
2342 842 2432 895 τὸν
2477 844 2747 915 τεχνίτην.
2778 844 2961 908 Οὕτως
2988 843 3081 899 οὖν
3113 849 3203 899 καὶ
3241 849 3290 899 οί

1719 928 1866 997 τρεῖς
1897 926 2082 990 παῖδες
2121 926 2178 979 ὲν
2212 926 2491 979 Βαϐυλῶνι
2518 927 2801 998 ἐποίησαν.
2852 928 3070 1001 Ἐπειδὴ
3097 931 3206 1002 γὰρ
3235 933 3292 983 ἐν

1719 1010 1796 1081 τῷ
1824 1010 1964 1063 ἔθνει
1991 1006 2131 1082 ἦσαν
2166 1011 2360 1079 ἐκείνῳ
2383 1011 2461 1078 τῷ
2491 1010 2764 1089 θεομάχω,
2797 1013 2892 1065 καὶ
2936 1014 3036 1066 οὐκ
3063 1010 3128 1083 ἦν
3155 1012 3290 1066 Θεοῦ

1721 1090 1938 1161 γνῶσις,
1971 1092 2085 1144 ἀλλ’
2115 1092 2307 1146 εἴδωλα
2338 1097 2745 1163 προσεκυνεῖτο,
2782 1092 2839 1147 ὲν
2879 1097 2943 1165 τῇ
2973 1098 3188 1166 καμίνῳ
3210 1096 3294 1147 ὃν-

1720 1193 1808 1239 τες
1852 1176 2120 1243 λέγουσιν·
2156 1177 2495 1246 Εὐλογεῖτε,
2545 1178 2740 1232 πάντα
2770 1176 2840 1231 τὰ
2872 1178 3015 1247 ἔργα
3047 1180 3290 1246 Kvplov,

1720 1260 1825 1312 τὸν
1846 1261 2083 1337 Κύριον.
2111 1262 2262 1314 Διατί
2291 1261 2389 1314 οὐκ
2412 1259 2583 1328 εἷπον,
2622 1263 2899 1331 Ἀγγελοι,
2927 1263 3164 1333 οὐρανοὶ,
3198 1265 3293 1334 γῆ,

1720 1342 1853 1415 πῦρ,
1914 1344 2077 1415 ὕδωρ,
2124 1344 2313 1417 ψῦχος,
2345 1347 2552 1417 καῦμα,
2610 1348 2702 1401 καὶ
2732 1348 2831 1399 ὃσα
2869 1347 3114 1410 τοιαῦτα,
3160 1347 3296 1401 ἀλλὰ

1720 1427 1816 1499 τὴν
1866 1428 2224 1499 δημιουργίαν
2275 1431 2565 1502 ἀριθμοῦσι
2612 1430 2751 1484 κατὰ
2784 1430 2983 1502 μέρος;
3014 1432 3130 1484 ἰνα
3168 1432 3295 1503 ὃλην

1722 1510 1958 1563 πλύνωσι
2019 1512 2116 1582 τὴν
2150 1512 2347 1574 κτίσιν,
2396 1514 2487 1566 καὶ
2516 1514 2642 1583 ὅλην
2672 1514 3011 1583 καθαρίσωσι
3060 1514 3159 1584 τὴν
3201 1514 3296 1585 δη-

1724 1595 2029 1665 μιουργίαν,
2062 1596 2156 1647 καὶ
2192 1596 2391 1666 μηδένα
2431 1597 2848 1669 καταλ[εἰίπωσι
2897 1597 3168 1667 σπινθῆρα
3196 1600 3297 1667 τῆς

1722 1678 1995 1741 ἀσεϐείας.
2030 1674 2239 1750 Ὥσπερ
2264 1681 2357 1733 καὶ
2389 1680 2621 1733 ἐνταῦθα
2653 1680 2895 1749 Μωῦσῆς
2929 1679 3162 1749 θελήσας
3187 1681 3296 1734 τῶν

1735 1762 2001 1815 Ἰουδαίων
2043 1763 2141 1834 τὴν
2192 1765 2566 1834 Αἰγυπτιακὴν
2596 1765 2866 1818 ἀπελάσαι
2899 1764 3126 1833 πλάνην,
3163 1782 3296 1835 μνη-

1726 1844 1937 1914 μονεύει
1967 1846 2060 1899 καὶ
2086 1846 2314 1916 ούρανοῦ
2349 1847 2442 1899 καί¹
2469 1848 2570 1916 γῆς
2589 1846 2663 1910 ὡς
2679 1847 3004 1917 γενομένων,
3038 1848 3124 1901 ἴνα
3149 1848 3297 1920 δείξῃ

1721 1928 1788 1981 τὰ
1823 1930 2182 1999 πεποιημένα,
2234 1930 2329 1983 καὶ
2391 1930 2738 2001 μνημονεύσῃ
2792 1931 2884 1983 τὸν
2936 1931 3292 2000 πεποιηκότα·

1735 2012 1831 2064 Ἐν
1854 2012 2011 2082 ἀρχῇ
2036 2014 2329 2081 ἐποίησεν
2365 2016 2397 2067 ὀ
2443 2014 2588 2079 Θεὸς
2621 2013 2729 2067 τὸν
2767 2016 3032 2083 οὐρανὸν.
3053 2015 3151 2068 καί
3182 2012 3298 2081 τὴν

1720 2112 1856 2165 την.

1792 2178 1862 2247 γ’.
1878 2173 2005 2232 Ὧδέ
2030 2196 2118 2249 μοι
2146 2179 2237 2233 τὸν
2270 2177 2415 2234 νοῦν.
2461 2177 2602 2248 Ἐγὼ
2627 2179 2891 2249 θαυμάζω
2906 2178 3020 2242 πῶς
3047 2180 3299 2249 Ἰωάννης

1722 2263 1818 2314 καὶ
1843 2262 2078 2333 Μωϋσῆς
2098 2263 2158 2315 τὸ
2178 2263 2313 2315 αὐτὸ
2331 2262 2615 2334 προοίμιον
2644 2262 2824 2332 ἔσχον.
2859 2263 2971 2315 Καὶ
3006 2261 3116 2334 γὰρ
3143 2254 3297 2324 οὗτος

1722 2346 1889 2417 λέγει·
1935 2347 2028 2401 Ἐν
2063 2346 2218 2415 ἀρχῇ
2242 2347 2509 2415 ἐποίησε·
2546 2348 2793 2408 κάκεῖνος
2818 2346 2985 2414 λέγει·
3017 2346 3118 2399 Ἐν
3140 2343 3299 2412 ἀρχῇ

1722 2428 1821 2501 ἦν.
1870 2431 2030 2485 Ἀλλὰ
2075 2434 2325 2494 κάκεῖνος
2378 2431 2686 2502 χρησίμως,
2733 2432 2827 2484 καὶ
2874 2425 3026 2495 οὗτος
3072 2429 3295 2500 κυρίως..

1726 2515 1899 2568 Ὅπου
1968 2514 2067 2585 μὲν
2132 2515 2240 2585 γὰρ
2291 2514 2651 2585 δημιουργία,
2722 2513 2879 2578 ἔταξε
2931 2514 3169 2581 Μωῦσῆς
3201 2513 3297 2573 τὸ,

1735 2598 2059 2665 Ἐποίησεν
2083 2616 2095 2627 ·
2128 2599 2262 2651 ὃπου
2307 2599 2361 2650 δὲ
2399 2597 2757 2668 δημιουργὸς,
2802 2597 2955 2663 ἔταξε
2990 2596 3082 2661 τὸ,
3112 2593 3241 2661 Ἦν,
3272 2600 3301 2649 6

1725 2680 2131 2751 εύαγγελιστής.
2166 2681 2306 2734 Πολὺ
2332 2681 2389 2734 δὲ
2421 2682 2481 2734 τὸ
2521 2683 2682 2751 μέσον
2717 2680 2830 2745 τοῦ,
2878 2680 3172 2746 Ἐποίησε,
3207 2680 3300 2733 καὶ

1722 2763 1837 2827 τοῦ,
1868 2760 1988 2816 τΗν
2006 2781 2019 2794 ·
2055 2763 2115 2815 τὸ
2147 2764 2244 2834 μὲν
2271 2764 2378 2835 γὰρ
2403 2764 2637 2832 ἐγένετο,
2671 2764 2743 2833 μὴ
2772 2763 2850 2827 ὃν,
2879 2765 2907 2817 6
2936 2763 2991 2816 δὲ
3012 2759 3080 2835 ἦν
3101 2764 3185 2815 ἀεὶ
3204 2762 3297 2814 ὥν.

1737 2848 1831 2899 Ἐν
1856 2846 2013 2916 ἀρχῇ
2039 2849 2307 2916 ἐποίησε·
2344 2849 2438 2902 καὶ
2459 2887 2473 2911 ,
2517 2851 2619 2901 Ἐν
2646 2848 2806 2918 ἀρχῇ
2830 2845 2927 2919 ἦν.
2967 2848 3102 2901 Θεοῦ
3142 2850 3205 2902 τὸ
3229 2845 3303 2899 εἷ·-

1725 2948 1830 2995 ναι,
1860 2933 2172 3002 κτισμάτων
2204 2932 2259 2984 δὲ
2288 2932 2348 2985 τὸ
2370 2933 2634 3001 γίνεσθαι,
2675 2931 2862 3003 ῶσπερ
2890 2934 2985 2985 καὶ
3016 2934 3043 2984 ὸ
3071 2931 3301 2999 εὐαγγε-

1723 3015 1907 3086 λιστὴς
1936 3015 2163 3086 μερίζει.
2192 3016 2325 3087 Περὶ
2344 3016 2441 3085 μὲν
2471 3015 2579 3085 γὰρ
2603 3015 2695 3068 τοῦ
2713 3016 2963 3087 Σωτῆρος
2981 3014 3160 3083 λέγει·
3202 3015 3304 3069 Ἐν

1722 3096 1878 3165 ἀρχῇ
1912 3093 1991 3166 ἦν
2016 3099 2048 3149 ὁ
2078 3098 2285 3165 Λόγος,
2318 3095 2416 3149 καὶ
2448 3098 2479 3149 ὀ
2508 3097 2699 3165 Λόγος
2721 3092 2801 3164 ἦν
2822 3097 2972 3162 πρὸς
2998 3096 3105 3149 τὸν
3132 3097 3300 3157 Θεὸν,

1724 3180 1823 3232 καὶ
1855 3178 1999 3245 Θεὸς
2028 3175 2106 3248 ἦν
2131 3182 2164 3233 ό
2201 3181 2409 3248 Λόγος.
2438 3176 2623 3244 Οὗτος
2649 3176 2729 3248 ἦν
2758 3179 2828 3232 ὲν
2852 3179 3030 3248 ἀρχῇ.
3072 3181 3175 3233 Ἐν
3197 3182 3304 3233 αὺ-

1725 3259 1805 3326 τῷ
1823 3259 1935 3328 ζωὴ
1966 3258 2064 3330 ἦν,
2091 3263 2191 3315 καὶ
2220 3263 2259 3329 ἡ
2290 3261 2400 3329 ζωὴ
2449 3258 2528 3331 ἦν
2549 3264 2613 3316 τὸ
2642 3261 2767 3331 φῶς
2807 3261 2925 3315 τῶν
2953 3262 3300 3327 ἀνθρώπων.

1736 3344 1995 3409 Ἐξάκιςδ
2028 3344 2177 3413 λέγει
2212 3344 2295 3408 τὸ,
2323 3340 2452 3410 Ἦν,
2484 3346 2570 3398 ἵνα
2613 3346 2924 3418 ὲρμηνεύσῃ
2958 3345 3019 3399 τὸ
3049 3347 3128 3399 6v.
3167 3348 3304 3416 Περὶ

1723 3428 1781 3482 δὲ
1801 3427 1894 3480 τοῦ
1913 3428 2143 3492 οἰκέτου,
2166 3429 2252 3481 ὅτε
2276 3428 2508 3499 ἐκήρυξε
2534 3428 2623 3481 τὸν
2645 3428 2792 3491 ὄντα,
2817 3430 2909 3482 καὶ
2927 3425 3089 3502 ἦλθεν
3106 3432 3185 3493 εἰς
3210 3430 3302 3483 τὸν

1723 3511 1908 3566 δοῦλον
1960 3512 2053 3566 τὸν
2114 3512 2393 3582 Ἰωάννην,
2441 3512 2620 3581 λέγει·
2666 3513 2935 3583 Ἐγένετο
2970 3513 3299 3583 ἄνθρωπος.

1725 3594 1857 3658 Θεὸς
1879 3592 1968 3667 ἦν,
1995 3596 2277 3668 ἄνθρωπος
2305 3596 2362 3649 δὲ
2381 3597 2616 3665 ἐγένετο.
2645 3597 2708 3649 Εἰ
2731 3597 2786 3650 δὲ
2807 3598 2899 3650 καὶ
2925 3598 3050 3668 περί
3072 3598 3164 3652 τοῦ
3191 3598 3304 3651 Σωμ-

1723 3678 1890 3750 τῆρος
1909 3680 2148 3750 τολμῶσι
2173 3679 2368 3749 λέγειν,
2397 3682 2479 3734 ὅτι
2501 3682 2595 3734 καὶ
2619 3680 2649 3732 6
2677 3681 2867 3752 Σωτὴρ
2893 3682 3181 3751 γενόμενος
3209 3676 3299 3751 ἦν,

1725 3762 1879 3815 οὐδὲν
1911 3762 2155 3835 διαφέρει
2185 3764 2281 3835 τῆς
2321 3763 2445 3835 γῆς.
2487 3765 2750 3836 Πρόσεχε,
2787 3764 3123 3836 παρακαλῶ·
3174 3764 3301 3818 Ἐὰν

1726 3844 1856 3918 εῐπῃ
1882 3848 1911 3899 6
1943 3846 2239 3917 αἱρετικὺς,
2267 3848 2348 3901 ὅτι
2378 3848 2610 3919 Χριστὸς
2639 3847 2926 3917 γενόμενος
2950 3843 3039 3913 ἦν,
3070 3848 3197 3918 πρὶν
3216 3864 3304 3916 γε·

1727 3934 1911 3987 νέσθαι
1942 3933 2040 3986 οὐκ
2072 3928 2161 4004 ἦν,
2201 3932 2254 3985 τί
2285 3931 2444 3985 πλέον
2470 3931 2580 4001 ἔχει
2608 3932 2706 4001 τῆς
2734 3931 2869 3999 γῆς;
2901 3932 3011 3985 Καὶ
3047 3931 3155 4002 γὰρ
3175 3932 3304 4003 περὶ

1726 4020 1824 4088 τῆς
1856 4019 1959 4087 γῆς
1983 4012 2101 4068 εἷπε
2130 4014 2371 4083 Μωῢσῆς
2392 4031 2405 4043 ·
2439 4015 2508 4068 Ἠ
2533 4014 2602 4067 δὲ
2625 4012 2701 4083 τῆ
2728 4010 2826 4085 ἦν.
2856 4015 2919 4067 Εἰ
2949 4010 3041 4067 οῦν
3074 4014 3153 4077 τὸ,
3202 4015 3306 4068 Ἑν

1727 4097 1885 4168 ἀρχῇ
1912 4094 2011 4168 ἦν,
2052 4099 2132 4159 εἰς
2163 4096 2380 4165 ποίησιν
2411 4095 2778 4166 λαμϐάνουσι,
2823 4098 2917 4151 καὶ
2946 4097 3007 4149 ού
3038 4095 3177 4150 κατὰ
3205 4097 3304 4168 τὴν

1728 4183 1895 4236 ἀΐδιον
1925 4181 2105 4251 φύσιν,
2137 4180 2287 4232 οὐδὲν
2321 4179 2479 4232 πλέον
2508 4180 2617 4251 ἔχει
2657 4183 2755 4250 τῆς
2791 4180 2914 4250 γῆς.
2960 4183 3068 4235 Καὶ
3112 4184 3141 4234 ὁ
3172 4181 3304 4246 Θεὸς

1727 4266 1898 4334 Λόγος
1918 4261 2007 4335 ἦν,
2037 4264 2131 4317 καὶ
2152 4266 2178 4335 ἡ
2200 4266 2269 4336 γῆ
2293 4259 2361 4335 ἦν
2377 4280 2390 4296 ·
2414 4263 2528 4317 ἀλλ’
2550 4266 2667 4318 ἐκεῖ
2685 4276 2707 4303 ο
2743 4265 2841 4337 μὲν
2862 4268 2918 4319 ὲν
2942 4267 3082 4338 ἀρχῇ
3110 4262 3197 4337 ἦν,
3229 4266 3303 4339 μὴ

1727 4348 2032 4418 γενόμενος,
2060 4347 2145 4401 ἀεὶ
2182 4347 2256 4401 ὢν
2279 4363 2294 4379 ·
2321 4348 2353 4418 ή
2383 4346 2526 4418 δὲγῆ
2551 4347 2817 4419 γενομένη
2836 4344 2924 4420 ἦν.
2957 4351 3029 4403 Οὐ
3058 4349 3165 4421 γὰρ
3185 4345 3304 4403 εἷπε

1730 4433 1942 4503 πρῶτον
1964 4434 1992 4485 6
2006 4430 2317 4501 νομοθέτης,
2347 4431 2409 4487 Ἠ
2426 4431 2494 4484 δὲ
2514 4431 2591 4500 γῆ
2608 4426 2707 4501 ἦν,
2728 4432 2831 4496 ἕως
2847 4434 2936 4487 ὅτε
2955 4432 3104 4489 εἶπεν
3118 4478 3133 4501 ,
3154 4432 3304 4506 [459]

1740 4517 1841 4569 Ἐν
1872 4514 2030 4585 ἀρχῇ
2061 4515 2347 4582 ἐποίησεν
2385 4519 2417 4568 d
2453 4515 2594 4582 Θεός
2637 4517 2743 4569 τὸν
2775 4517 3035 4585 οὐρανὸν
3062 4517 3160 4570 καὶ
3194 4517 3308 4585 τὴν

1728 4600 1873 4671 γῆν·
1917 4600 2131 4672 πρῶτον
2175 4600 2254 4663 τὸ,
2307 4601 2623 4668 Ἐποίησε,
2654 4602 2746 4653 καὶ
2771 4603 2889 4654 τότε
2920 4602 3011 4666 τὸ,
3046 4598 3175 4657 Ἦν.
3211 4602 3307 4655 Οἵ-

1726 4684 1895 4755 δαμεν
1926 4682 2050 4748 οὖν,
2083 4684 2320 4753 ἀδελφοὶ,
2359 4684 2440 4736 ὅτι
2473 4683 2542 4736 τὰ
2588 4683 2759 4736 λεπτὰ
2812 4683 2983 4737 ταῦτα
3018 4685 3308 4755 ζητήματα

1728 4767 1960 4838 δυσχερῆ
1996 4767 2242 4836 φαίνεται
2280 4768 2398 4830 ταῖς
2436 4768 2545 4819 τῶν
2576 4766 2784 4819 πολλῶν
2822 4766 3103 4829 διανοίαις.
3147 4766 3307 4820 Ἀλλὰ

1727 4850 1808 4903 δεῖ
1834 4852 1891 4902 ὲν
1917 4850 2097 4919 ἡμέρᾳ
2123 4850 2373 4919 νηστείας
2394 4848 2690 4919 νηφούσαις
2724 4849 2921 4919 μᾶλλον
2965 4851 3083 4911 ταῖς
3108 4848 3307 4918 ψυχαῖς

1729 4933 1858 5004 περὶ
1887 4933 1994 4985 τῶν
2029 4932 2341 5004 βαθυτέρων
2372 4933 2657 5005 νοημάτων
2692 4930 3057 5000 διαλέγεσθαι.
3084 4932 3186 4986 Ἐν
3211 4932 3309 5000 ἁρ-

1730 5015 1810 5085 χῇ
1841 5012 1937 5086 ἦν·
1971 5018 2087 5080 καὶ,
2131 5017 2234 5069 Ἐν
2255 5016 2412 5084 ἀρχῇ
2435 5018 2703 5083 ἐποίησε·
2740 5016 2827 5069 διὰ
2859 5015 3017 5068 τοῦτο
3040 5014 3100 5068 τὸ
3123 5014 3308 5086 προοί-

1733 5116 1855 5170 μιον
1879 5099 1991 5154 ἴσον
2016 5096 2167 5154 εἷπον
2186 5098 2235 5164 ἀ,
2268 5101 2362 5153 Ἐν
2378 5099 2559 5170 ἀρχῇ,
2581 5103 2674 5157 καὶ
2700 5102 2797 5155 Ἐν
2818 5098 2998 5169 ἀρχῇ,
3021 5101 3107 5155 ἵνα
3122 5099 3306 5171 δειχθῇ

1797 5258 1822 5287 ⁸
1848 5257 1927 5306 Sic
1944 5255 2222 5307 Vaticanus.
2254 5257 2304 5306 ln
2344 5258 2495 5307 Savil.
2520 5257 2653 5305 εἶπαν
2680 5257 2846 5316 deest,
2867 5258 2995 5318 quod
3020 5257 3100 5305 hic
3144 5262 3304 5305 tamen

1732 5318 2092 5380 necessarium,
2143 5325 2196 5366 ut
2235 5320 2339 5380 ipse
2382 5318 2704 5367 subodoralus
2733 5328 2823 5366 est.
2878 5319 2997 5365 Infra
3036 5332 3122 5379 pro
3160 5320 3307 5380 ὀρέων

1732 5379 1987 5458 (ἱοηὼθίὶξ.
2027 5384 2151 5458 legi}
2366 5380 2431 5456 Ει
2452 5381 2641 5430 duabus
2668 5388 2782 5429 ante
2801 5382 2856 5442 γ’
2880 5381 3025 5429 lmeis
3056 5379 3198 5428 idem
3220 5390 3308 5439 pro

1739 5445 2635 5574 Ὕῗῗῖιῗισῖἒέξῖξῗεξῖῗηῖιῗᾝηι,ει
2654 5505 2712 5574 in_
2727 5502 2981 5574 Cornipefiq.
3004 5500 3106 5574 sed
3133 5500 3180 5547 in
3195 5498 3308 5574 Av;-

1735 5569 1906 5628 ᾕρει)οῄ
1938 5566 2123 5628 legitur
2164 5574 2326 5628 recte;
2373 5579 2483 5615 nam
2505 5566 2563 5625 ἦν
2604 5569 2774 5615 sexies
2813 5564 2863 5613 in
2897 5563 3069 5625 primis
3095 5565 3307 5622 quatuor

1734 5626 1935 5678 Joannis
1955 5626 2174 5690 \jérsibus
2203 5626 2407 5690 legitur.

1794 5691 1820 5720 ε
1847 5687 2103 5738 ίζοῐηδεῦε.
2129 5687 2317 5745 ἐκεῖνος.

1799 5752 1826 5793 δ
1852 5752 2007 5803 Valic.
2031 5751 2138 5801 ίσον
2159 5752 2319 5801 εἰπεῖν.
2344 5751 2497 5805 Savll.
2514 5750 2626 5801 ἰσον
2638 5746 2997 5812 anomalam”,
3013 5754 3067 5799 ul
3090 5747 3287 5797 videtur
