3720 6276
464 312 570 372 653

469 432 567 505 μία
602 430 727 503 ῥίζα
767 427 864 501 τῆς
897 426 1197 495 εὐσεϐείας,
1230 431 1263 500 ἡ
1300 430 1549 485 κάκεῖνον
1572 430 1904 485 παιδεύσασα
1944 430 2037 483 τὸν

466 516 783 587 νομοθέτην,
817 517 911 569 καὶ
942 516 1131 571 τοῦτον
1154 517 1435 586 φωτίσασα
1460 518 1551 571 τὸν
1576 518 1844 586 θεολόγον.
1876 517 2047 571 Ἀδελ-

466 608 566 673 φαὶ
609 604 717 675 γὰρ
745 605 800 656 αἱ
829 602 920 656 δύο
955 604 1240 675 Διαθῆκαι,
1271 604 1331 669 ἐξ
1372 604 1489 669 ἑνὸς
1519 607 1730 676 Πατρὸς
1766 606 2003 659 τεθεῖσαι
2027 621 2043 637 ·

464 692 556 747 διὰ
585 690 744 745 τοῦτο
769 691 864 744 καὶ
890 689 1195 761 συμφώνως
1224 692 1314 746 τὸν
1341 692 1498 760 λόγον
1524 694 1856 763 προφέρουσι
1882 707 1896 721 ·
1925 708 2047 763 σχε-

465 780 555 835 δὸν
577 780 687 852 γὰρ
714 783 749 853 ἡ
782 780 918 851 αὐτὴ
944 779 1109 835 εἰκὼν
1147 779 1239 835 καὶ
1260 782 1513 852 ὁμοιότης
1529 782 1780 852 ὑπάρχει.
1807 782 1918 836 Καὶ
1938 781 2043 835 ῶσ-

464 886 573 940 περ
593 871 650 923 ὲν
676 869 930 938 ἀδελφαῖς
956 868 1016 934 ἐξ
1040 869 1156 932 ἑνὸς
1183 869 1385 940 πατρὸς
1407 870 1843 940 γεγεννημέναις,
1876 872 2046 940 πρόσ-

464 973 584 1011 εστι
622 959 723 1028 τῆς
752 956 1067 1027 ὁμοιότητος
1110 954 1179 1009 τὰ
1230 954 1513 1026 ἰδιώματα,
1545 956 1716 1022 οὕτως
1771 957 1955 1029 ἐπειδὴ
1988 959 2045 1012 αί

464 1044 560 1098 δύο
602 1043 868 1115 Διαθῆκαι
909 1042 968 1110 ἐξ
1011 1042 1130 1107 ἑνὸς
1168 1043 1382 1114 Πατρὸς
1424 1044 1813 1115 ἐγεννήθησαν,
1844 1044 2045 1117 πολλὴν

467 1132 653 1203 έχουσι
671 1131 769 1202 τὴν
790 1131 1106 1202 ἐμφέρειαν.
1144 1130 1361 1201 ’Δμέλει
1390 1132 1485 1185 καὶ
1510 1133 1567 1184 ὲν
1586 1134 1654 1202 τῇ
1682 1132 1898 1203 Παλαιᾷ
1922 1134 2045 1187 Δια-

465 1222 608 1295 θήκῃ
630 1222 952 1291 προηγεῖται
990 1219 1182 1291 νόμος,
1210 1219 1304 1273 καὶ
1340 1220 1691 1274 ἀκολουθοῦσι
1733 1223 2041 1292 προφῆται,

463 1310 559 1363 καὶ
588 1311 645 1363 ὲν
663 1311 727 1380 τῇ
763 1307 860 1379 νέα
888 1308 1069 1378 χάριτι
1108 1310 1428 1379 προηγεῖται
1456 1307 1516 1361 τὸ
1548 1308 1910 1378 Εὑαγγέλιον,
1949 1310 2045 1364 καὶ

463 1394 848 1451 ἀκολουθοῦσιν
864 1395 1167 1448 ἀπόστολοι.
1216 1396 1362 1448 Ἐκεῖ
1386 1395 1590 1449 δώδεκα
1609 1396 1901 1468 προφῆται,
1923 1396 2048 1451 έκα-

466 1500 590 1546 στος
612 1495 639 1524 ι
671 1481 780 1536 τῶν
805 1480 1039 1536 δώδεκα·
1069 1480 1275 1536 δώδεκα
1295 1482 1344 1534 οί
1374 1483 1501 1552 περὶ
1537 1480 1696 1553 Ὠσηέ
1717 1498 1731 1512 ο
1760 1483 2043 1554 τέσσαρες,

475 1570 722 1635 Ἡσαΐας,
769 1568 1056 1641 Ἱερεμίας,
1098 1568 1356 1640 Ἰεζεκιὴλ
1380 1611 1395 1637 ,
1430 1568 1648 1640 Δανιήλ.
1692 1569 1781 1623 Ἐν
1817 1572 1883 1641 τῇ
1929 1570 2046 1642 Νέᾳ

462 1661 669 1717 δώδεκα
699 1663 1003 1727 ἀπόστολοι,
1034 1662 1129 1717 καὶ
1159 1661 1422 1733 τέσσαρες
1453 1662 1854 1731 εὐαγγελισταί.
1900 1662 2047 1715 Ἐκεῖ

462 1747 627 1804 πάλιν
651 1747 840 1821 πρώτη
863 1748 1052 1819 κλῆσις
1073 1747 1207 1802 Θεοῦ
1228 1748 1335 1802 ἀπὸ
1359 1748 1599 1817 ἀδελφῶν
1623 1748 1825 1819 ἧρξατο
1845 1765 1858 1779 ·
1884 1748 2043 1802 έλαϐε

459 1834 570 1909 γάρ
596 1835 688 1888 τὸν
716 1834 959 1905 Μωῦσῆν
992 1835 1087 1889 καὶ
1122 1835 1213 1889 τὸν
1256 1834 1466 1908 Ἀαρὼν
1492 1834 1739 1907 πρώτους
1767 1837 2042 1907 κήρυκας·

458 1923 555 1976 καὶ
584 1922 642 1974 ὲν
660 1921 737 1992 τῷ
768 1922 1084 1993 Εὐαγγελίῳ
1110 1920 1334 1994 πρώτην
1358 1922 1551 1993 κλῆσιν
1581 1925 1815 1977 ποιεῖται
1836 1922 2042 1994 Πέτρου

458 2012 556 2063 καὶ
589 2011 859 2082 ’Δνδρέου.
899 2012 1077 2064 Κάκεῖ
1113 2012 1211 2082 μὲν
1245 2010 1391 2082 ἁπλῆ
1426 2011 1605 2081 χάρις,
1639 2005 1830 2067 ὦδενδὲ
1859 2011 2045 2068 διπλά-

460 2118 596 2157 σιον.
634 2102 780 2155 Ἐκεῖ
824 2101 931 2174 γὰρ
968 2101 1059 2155 δύο
1090 2101 1307 2171 ἀδελφοὶ
1339 2101 1646 2172 ἐκλήθησαν
1675 2103 1917 2174 Μωῦσῆς
1949 2106 2043 2157 καί⁸

473 2187 713 2259 Ἀαρών·
742 2189 976 2243 ἐνταῦθα
996 2190 1054 2243 δὲ
1080 2190 1239 2261 διπλῆ
1269 2188 1399 2254 δυάς
1423 2188 1691 2260 ἀδελφῶν,
1723 2191 1928 2263 Πέτρος
1950 2193 2044 2246 καὶ

471 2275 744 2345 Ἀνδρέας,
783 2275 1036 2340 Ἰάκωϐος
1060 2278 1151 2330 καὶ
1188 2278 1460 2347 Ἰωάννης.
1500 2278 1714 2350 Ἐπειδὴ
1734 2279 1995 2351 ἠθέλησεν
2014 2281 2042 2332 6

458 2363 650 2435 Σωτὴρ
683 2365 782 2433 τὴν
811 2366 951 2418 κατά
976 2364 1037 2418 τὸ
1066 2363 1220 2433 ἀγιον
1245 2364 1469 2436 Πνεῦμα
1491 2366 1712 2438 ἀγάπην
1733 2367 2042 2422 ὲντυπῶσαι

459 2451 611 2521 ἡμῖν,
645 2453 738 2504 καὶ
765 2452 1025 2521 ἀδελφοὺς
1058 2452 1282 2523 ποιῆσαι
1308 2456 1376 2525 τῇ
1409 2452 1645 2507 διαθέσει
1666 2454 1761 2507 καὶ
1783 2454 1861 2526 τῷ
1882 2456 2042 2508 πνεύο

460 2555 626 2610 ματι,
659 2538 816 2592 ἔλαϐε
852 2539 1099 2610 θεμέλιον
1133 2539 1231 2611 τὴν
1265 2540 1460 2609 φύσιν,
1502 2541 1595 2595 καὶ
1633 2541 1943 2614 προσέπηξε
1972 2541 2043 2597 τὰ

456 2628 556 2699 τῆς
584 2627 797 2697 φύσεως
831 2629 1131 2699 σπλάγχνα,
1163 2630 1259 2683 καὶ
1293 2632 1350 2683 έν
1376 2630 1559 2703 ἐκείνῃ
1585 2631 1927 2702 ἐποικοδομεῖ
1950 2631 2041 2685 τὸν

459 2716 707 2787 θεμέλιον
734 2717 834 2787 τῆς
878 2718 1221 2788 Ἐκκλησίας.
1252 2717 1471 2790 Πρῶτον
1494 2718 1717 2789 σημεῖον
1744 2719 1801 2772 ὲν
1830 2722 1895 2791 τῇ
1924 2720 2040 2773 Πα-

457 2805 584 2875 λαιᾷ
618 2806 646 2858 6
694 2805 940 2875 ποταμὸς
979 2806 1059 2869 είς
1106 2802 1246 2876 αἷμα
1292 2805 1789 2877 μεταϐαλλόμενος·
1826 2806 2041 2879 πρῶτον

458 2895 682 2963 σημεῖον
705 2894 761 2946 ὲν
788 2896 855 2964 τῇ
876 2895 1049 2963 Καινῇ
1075 2893 1139 2947 τὸν
1163 2893 1304 2965 ὕδωρ
1331 2895 1410 2958 είς
1438 2891 1601 2950 οἶνον.
1637 2895 1776 2948 Ἀλλ’
1804 2896 1905 2949 οὐκ
1923 2896 2039 2950 ἐστι

456 2980 550 3036 τοῦ
576 2980 839 3049 παρόντος
868 2980 1059 3053 καιροῦ
1093 2983 1272 3035 πᾶσαν
1297 2984 1469 3036 εἰπεῖν
1505 2982 1702 3055 ἐφεξῆς
1736 2984 1835 3054 τὴν
1860 2984 2038 3052 ὁμοιό-

454 3086 622 3141 τητα·
653 3069 733 3133 είς
758 3068 814 3122 δὲ
840 3069 900 3122 τὸ
928 3070 1287 3142 προκείμενον
1320 3070 1722 3143 ἐπανέλθωμεν.
1758 3072 1861 3126 Ἐν
1880 3071 2039 3142 ἀρχῇ

453 3158 744 3227 ἐποίησεν
772 3161 805 3212 ό
833 3158 978 3226 Θεὸς
1006 3160 1111 3214 τὸν
1137 3160 1398 3228 οὐρανὸν
1421 3160 1520 3215 καὶ
1553 3161 1668 3228 τὴν
1689 3160 1826 3231 γῆν.
1863 3162 1951 3215 Ἐν
1980 3161 2041 3228 ἓξ

453 3248 692 3318 ἡμέραις
738 3247 991 3318 εποίησεν
1026 3250 1054 3301 6
1097 3247 1226 3312 Θεὸς
1255 3248 1324 3302 τὰ
1349 3250 1544 3303 πάντα.
1603 3250 1740 3303 Ἀλλ’
1771 3251 1805 3321 ἡ
1845 3249 2035 3322 πρώτη

454 3336 637 3406 ἡμέρα
668 3335 914 3408 διαφέρει
941 3336 1049 3389 τῶν
1088 3336 1261 3391 ἄλλων
1298 3337 1404 3391 τῶν
1441 3338 1560 3407 μετ’
1593 3338 1781 3406 αὑτήν.
1827 3339 1905 3409 Τῇ
1936 3338 2037 3409 μὲν

453 3424 563 3495 γὰρ
585 3423 775 3496 πρώτῃ
802 3424 988 3496 ἡμέρᾳ
1017 3426 1273 3496 ἐποίησεν
1300 3427 1329 3478 6
1361 3425 1492 3489 Θεὸς
1508 3428 1573 3480 ὲκ
1603 3426 1679 3498 μὴ
1705 3426 1875 3481 ὄντων
1892 3444 1906 3457 ·
1928 3427 2037 3481 ἀπὸ

451 3512 510 3564 δὲ
540 3512 636 3581 τῆς
659 3511 914 3583 δευτέρας
942 3514 1156 3583 ἡμέρας
1187 3513 1340 3567 οὐδὲν
1372 3515 1624 3585 ἐποίησεν
1654 3515 1682 3567 ὁ
1701 3513 1837 3578 Θεὸς
1863 3516 1927 3568 ὲκ
1959 3514 2035 3587 μὴ

453 3598 644 3662 ὅντων,
668 3597 782 3651 ἀλλ’
806 3592 880 3652 ὧν
910 3599 1133 3670 ὲποίησε
1160 3602 1228 3671 τῇ
1265 3599 1455 3672 πρώτῃ
1484 3601 1665 3673 ἡμέρᾳ
1686 3642 1701 3667 ,
1741 3602 2035 3673 μετέϐαλεν

452 3685 529 3749 ὡς
559 3686 813 3756 ἠθέλησε.
861 3687 932 3740 Σὺ
978 3687 1037 3740 δὲ
1072 3688 1099 3741 6
1136 3687 1471 3758 σκεψάμενος
1503 3688 1598 3741 καὶ
1641 3689 1957 3760 ἐρευνήσας,
1986 3692 2035 3744 εί

456 3773 555 3843 μὲν
580 3774 857 3845 εὑρίσκεις
885 3774 1169 3847 ἀλήθειαν,
1218 3774 1579 3846 συμφώνησον
1602 3794 1617 3810 ·
1647 3779 1697 3830 εί
1723 3777 1780 3832 δὲ
1801 3779 1897 3849 οὐχ
1942 3779 2033 3832 εὑ-

454 3859 665 3933 ρίσκεις
697 3861 973 3933 ἀλήθειαν,
1013 3864 1328 3934 κατηγόρει,
1374 3865 1467 3917 καὶ
1495 3864 1720 3936 δέχομαι
1753 3865 1851 3938 τὴν
1898 3884 2033 3921 κατ-

451 3950 680 4020 ηγορίαν
700 3966 715 3981 ·
748 3950 902 4022 φέρει
926 3950 1035 4022 γάρ
1066 3968 1155 4023 μοι
1178 3951 1374 4023 πολλὴν
1401 3951 1717 4022 ἀπολογίαν.

523 4036 585 4091 δ’.
627 4037 705 4108 Τῇ
743 4037 841 4108 μὲν
872 4030 966 4091 οὖν
1000 4037 1189 4110 πρώτῃ
1220 4039 1402 4112 ἡμέρᾳ
1431 4039 1683 4111 ἐποίησεν
1715 4042 1743 4095 6
1774 4041 1905 4105 Θεὸς
1934 4041 2032 4107 τὰς

453 4126 585 4192 ὕλας
628 4127 738 4180 τῶν
784 4127 1131 4198 κτισμάτων·
1174 4131 1294 4192 ταῖς
1331 4127 1388 4182 δὲ
1419 4129 1607 4193 ἄλλαις
1650 4130 1883 4203 ἡμέραις
1930 4131 2029 4203 τὴν

450 4215 732 4287 μόρφωσιν
763 4214 857 4268 καὶ
887 4214 984 4285 τὴν
1007 4215 1365 4287 διακόσμησιν
1387 4215 1496 4270 τῶν
1521 4217 1856 4289 κτισμάτων.
1903 4212 2029 4273 Οἷόν

444 4319 498 4357 τι
523 4303 666 4371 λέγω
687 4318 701 4333 ·
748 4303 1001 4373 Ἐποίησε
1030 4302 1120 4358 τὸν
1153 4304 1378 4376 οὐρανὸν
1417 4305 1491 4376 μὴ
1528 4304 1679 4368 ὄντα,
1710 4306 1772 4360 οὐ
1804 4305 2023 4371 τοῦτον,

444 4391 582 4446 ἀλλά
613 4392 703 4445 τὸν
750 4392 1036 4462 ὑπεράνω·
1083 4386 1237 4455 οὗτος
1277 4393 1387 4464 γάρ
1415 4396 1481 4464 τῇ
1516 4392 1746 4465 δευτέρᾳ
1787 4394 2021 4463 ἐγένετο.

447 4478 600 4550 [MO]
634 4478 913 4549 Ἐποίησεν
939 4480 967 4531 6
994 4479 1127 4541 Θεὸς
1156 4479 1247 4532 τὸν
1272 4480 1495 4552 οὐρανὸν
1516 4481 1606 4535 τὸν
1633 4481 1743 4536 ἀνω
1760 4521 1773 4545 ,
1806 4484 1934 4554 περὶ
1963 4477 2023 4538 οὗ

446 4567 540 4620 καὶ
570 4568 598 4619 6
616 4564 779 4619 Δαυῒδ
805 4565 952 4634 λέγει
975 4582 991 4597 ·
1030 4566 1083 4618 '0
1108 4567 1363 4635 οὐρανὸς
1388 4567 1497 4622 τοῦ
1522 4568 1780 4637 οὐρανοῦ
1806 4569 1887 4635 τῷ
1908 4575 2023 4625 Κυ·

436 4654 571 4722 ριῳ.
634 4652 912 4724 ’Υπερῴον
955 4653 1012 4707 δέ
1054 4654 1169 4708 ἐστι
1199 4653 1375 4708 τοῦτο.
1408 4657 1518 4710 Καὶ
1568 4655 1758 4729 ῶσπερ
1788 4659 1846 4711 ὲν
1886 4659 2021 4731 οῖκῳ

441 4740 699 4813 διωρόφῳ
728 4740 1015 4812 μεσολαϐεῖ
1036 4741 1201 4813 στέγη
1215 4743 1367 4815 ,μέση
1380 4744 1409 4784 ι)
1429 4784 1444 4811 ,
1474 4743 1647 4808 οὕτως
1668 4744 1744 4809 ὡς
1762 4744 1857 4800 ἕνα
1872 4742 2020 4801 οἶκον

442 4831 633 4894 κτίσας
661 4832 690 4884 6
718 4830 921 4903 Κύριος
959 4830 1052 4885 τὸν
1081 4832 1316 4901 κόσμον,
1348 4832 1519 4905 μέσην
1550 4833 1747 4906 στέγην
1783 4834 2017 4906 ἐπέθηκε

439 4918 533 4972 τὸν
560 4918 788 4988 οὐρανὸν
818 4918 1028 4982 τοῦτον,
1050 4920 1144 4973 καὶ
1166 4920 1419 4990 ὑπεράνω
1440 4920 1508 4975 τά
1538 4920 1727 4979 ὕδατα.
1745 4922 1844 4976 Διά
1859 4922 2019 4977 τοῦτο

439 5006 586 5075 λέγει
607 5006 798 5059 Δαυῖδ·
825 5006 889 5059 '0
909 5004 1205 5075 στεγάζων
1229 5007 1409 5061 ὕδασι
1436 5008 1510 5063 τὰ
1545 5008 1785 5077 ὑπερῷα
1805 5009 2014 5064 αὑτοῦ.

452 5093 734 5163 Ἐποίησεν
752 5088 845 5147 οῦν
871 5093 962 5147 τὸν
981 5094 1206 5165 οὐρανὸν
1231 5096 1305 5167 μὴ
1322 5095 1469 5160 ὄντα,
1486 5096 1585 5168 τὴν
1608 5098 1711 5167 γῆν
1735 5097 1811 5167 μὴ
1827 5092 2013 5162 οὖσαν,

440 5180 538 5245 τὰς
566 5179 835 5244 ἀϐύσσους
867 5182 941 5252 μὴ
975 5180 1160 5247 οὔσας,
1186 5182 1438 5253 ἀνέμους,
1469 5182 1653 5254 ἀέρας,
1687 5183 1816 5255 πῦρ,
1849 5183 2011 5255 ὕδωρ.

438 5270 664 5324 Πάντων
697 5268 805 5323 τῶν
841 5270 1146 5341 γενομένων
1187 5271 1287 5340 τὴν
1329 5269 1460 5341 ὓλην
1486 5273 1553 5342 τῇ
1584 5270 1773 5343 πρώτη
1830 5271 2015 5344 ἡμέρᾳ

437 5358 712 5430 ἐποίησεν.
749 5358 910 5412 Ἀλλὰ
941 5359 1158 5422 πάντως
1191 5360 1305 5429 ἐρεῖ
1328 5373 1441 5421 τις,
1462 5356 1772 5428 Γέγραπται
1808 5359 1906 5430 μὲν
1931 5360 2013 5414 ὅτι

1920 306 2286 371 SEVERIANI

3623 317 3720 403 ‘5‘:

2344 428 2438 523 καὶ
2638 426 2697 483 οὐ
2718 423 3046 523 γέγραπται.
3070 426 3293 523 Πρῶτον
3321 424 3559 523 μὲν-οὗν,
3584 429 3720 523 ἀδελ·1

2147 518 2260 587 φοι,
2301 518 2395 587 ἀφ’
2432 510 2494 570 οῦ
2544 512 2666 569 εἷπε
2710 516 2803 569 τὸν
2847 517 3076 587 οὐρανὸν
3119 518 3214 571 καί⁵
3239 517 3338 587 τὴν
3385 517 3494 588 γῆν
3514 519 3705 587 γεγενῆ-

2138 572 2294 669 σθαι,
2320 572 2384 658 ἐκ
2411 606 2514 657 τῶν
2530 603 2894 707 περιεχόντων
2911 572 3187 676 ἡρμήνευε
3202 614 3226 643 ε
3248 572 3317 657 τά

2158 693 2247 755 Ὦς
2274 691 2383 761 γὰρ
2406 691 2504 785 61a
2531 687 2706 785 εἷπεν,
2753 691 3145 785 Ἐποίησεν-ό
3181 691 3328 785 Θεὸς
3354 691 3468 785 τόν

2146 792 2284 845 πον,
2321 779 2475 849 χοῦν
2509 778 2711 834 λαϐὼν
2741 778 2860 834 ἀπὸ
2892 777 3002 846 τῆς
3029 778 3162 848 γῆς,
3203 774 3324 831 εἷπε
3357 778 3461 849 μὲν
3506 777 3568 831 τὸ

2147 836 2282 937 σμα,
2301 836 2401 920 οῦκ
2417 867 2689 938 ἠρίθμησε
2710 866 2768 920 δὲ
2793 867 2861 920 τὰ
2886 836 3051 938 μέλη,
3219 836 3375 920 εἶπεν
3393 882 3407 895 ⁸
3448 836 3720 938 Ἐποίησενι

2146 932 2341 1018 ὁἾΘεὸς
2369 932 2700 1027 ὀφθαλμοῦς,
2741 956 2836 1013 καὶ
2871 932 3020 1018 6:16,-
3042 956 3137 1010 καὶ
3171 958 3292 1028 ῥῖνα
3317 970 3330 983 ·
3367 953 3511 1009 ἀλλά
3541 932 3720 1024 τῷεῶ

2148 1046 2269 1097 πεῖν
2300 1044 2389 1097 τὸν
2423 1044 2707 1115 ἄνθρωπον
2738 1043 2835 1098 ὅλα
2859 1043 3262 1116 συμπεριέλαϐε
3278 1042 3346 1097 τὰ
3377 1043 3538 1115 μέλη·
3563 1032 3720 1105 οὖτως¹

2145 1128 2461 1198 είπὼν,Τὸν
2478 1131 2739 1199 οὐρανὸν
2763 1131 2861 1185 καὶ
2900 1128 3013 1199 τὴν
3042 1129 3159 1199 τῆν
3188 1132 3535 1198 ἑποίησενό
3568 1131 3701 1195 Θεεὶς,

2148 1218 2551 1289 συμπεριέλαϐε
2585 1218 2784 1283 πάντα,
2813 1219 2907 1271 καὶ
2936 1219 3294 1288 συνεισήγαγε
3323 1219 3424 1271 καὶ
3451 1217 3517 1269 τὸ
3540 1217 3701 1278 σκότος

2146 1306 2240 1359 καὶ
2286 1305 2385 1370 τὰς
2427 1305 2696 1369 ἀϐύσσους
2748 1306 3149 1377 γεγενημένας·
3200 1306 3428 1369 Σκότος
3470 1306 3581 1375 γὰρ
3627 1300 3702 1372 ἦν.

2146 1393 2336 1464 φησὶν.
2365 1393 2570 1448 ἐπάνω
2597 1393 2707 1462 τῆς
2732 1394 3031 1449 ἀϐύσσου.
3080 1392 3351 1457 Ἀϐυσσος
3398 1394 3458 1447 δὲ
3486 1393 3720 1447 καλεῖταιῑ

2145 1482 2208 1536 τὸ
2236 1482 2440 1556 πλῆθος
2465 1483 2572 1537 τῶν
2599 1484 2826 1539 ὑδάτων.
2848 1484 2970 1538 Ὀτι
2997 1483 3057 1537 δὲ
3084 1484 3178 1536 καὶ
3197 1482 3426 1538 ἄϐυσσοι
3456 1483 3704 1551 ἐγένοντο,

2150 1571 2490 1643 μαρτυρεῖὴ
2536 1571 2725 1642 Γραφὴ
2759 1571 3026 1639 λέγουσα·
3068 1570 3187 1638 Πρὸ
3220 1570 3329 1624 τοῦ
3371 1569 3482 1635 τὰς
3535 1571 3707 1624 d666-

2144 1676 2296 1726 σους
2318 1658 2587 1728 ποιῆσαι,
2611 1659 2724 1728 πρὸ
2753 1659 2857 1713 τοῦ
2872 1659 2985 1728 τὴν
3000 1658 3116 1728 γῆν
3134 1658 3433 1727 γενέσθαι.
3452 1658 3618 1710 ’Ὥστε
3632 1658 3705 1709 καὶ

2144 1747 2369 1802 ἄϐυσσοι
2393 1747 2655 1816 ἐγένοντο.
2676 1742 2807 1800 Εἶτα
2829 1746 2923 1800 καὶ
2941 1747 2969 1800 6
2989 1746 3098 1817 ἀὴρ
3118 1746 3248 1798 πότε
3272 1744 3509 1814 ἐγένετο,
3528 1744 3701 1798 ἄκουε·

2144 1835 2253 1889 Καὶ
2287 1835 2522 1904 πνεῦμα
2554 1835 2701 1889 Θεοῦ
2726 1834 3043 1905 ἐπεφέρετο
3081 1832 3282 1887 ἐπάνω
3320 1830 3442 1886 τῶν
3467 1831 3700 1888 ὑδάτων.

2145 1924 2372 1995 Πνεῦμα
2392 1924 2449 1976 δὲ
2471 1924 2530 1976 οὐ
2560 1923 2621 1977 τὸ
2651 1924 2805 1993 ἆγιον
2833 1924 2979 1992 λέγει
3018 1922 3249 1977 ἐνταῦθα
3268 1938 3282 1953 ·
3312 1921 3373 1974 οὑ
3395 1920 3506 1991 γάρ
3526 1922 3596 1990 τῇ
3619 1918 3720 1971 κτίοι

2146 2030 2227 2066 σει
2259 2012 2665 2084 συναριθμεῖται
2711 2013 2772 2067 τὸ
2815 2014 3070 2069 ἄκτιστον
3096 2028 3111 2044 ·
3148 2009 3284 2065 ἀλλά
3312 2008 3531 2079 πνεῦμα
3573 2008 3720 2067 nhil

2144 2099 2242 2172 τὴν
2268 2100 2361 2154 τοῦ
2387 2100 2551 2171 ἀέρος
2580 2099 2815 2171 κίνησιν.
2854 2101 2965 2154 Καὶ
2998 2098 3188 2171 ὥσπερ
3218 2100 3279 2151 ὲν
3322 2098 3399 2166 τῷ
3441 2096 3602 2167 Ἠλία
3632 2094 3720 2163 γέοι

2144 2204 2385 2261 γραπται
2410 2188 2488 2261 τῷ
2505 2190 2755 2260 προφήτῃ
2771 2204 2783 2216 °
2803 2186 2912 2242 Kal
2934 2189 2966 2241 ὀ
2988 2186 3246 2256 οὐρανὸς
3264 2185 3703 2240 συνεσκότασεν

2142 2276 2213 2330 ἐν
2230 2276 2457 2346 νεφέλῃ
2488 2275 2585 2330 καί
2612 2276 2902 2345 πνεύματι
2924 2289 2940 2305 ·
2963 2272 3109 2328 οὕτω
3128 2274 3221 2327 καὶ
3249 2272 3484 2327 ἐνταῦθα
3508 2271 3703 2340 πνεῦμα

2142 2362 2243 2433 τὴν
2270 2363 2366 2416 τοῦ
2404 2364 2570 2435 ἀέρος
2611 2362 2757 2432 λέγει
2796 2363 2979 2433 φύσιν.
3010 2360 3208 2415 Λοιπὸν
3248 2360 3495 2414 λείπεται
3521 2360 3720 2426 δεῖξαι,ἰ

2144 2452 2247 2507 ποῦ
2276 2453 2338 2507 τὸ
2362 2452 2473 2523 πῦρ
2508 2453 2745 2522 ὲγένετο.
2777 2448 2942 2506 Εἶπεν
2971 2452 3001 2505 6
3039 2451 3172 2515 Θεός
3189 2468 3202 2482 ·
3229 2448 3550 2517 Γενηθήτω
3576 2447 3720 2518 φῶς.-

2143 2542 2237 2594 καὶ
2271 2541 2489 2611 ἐγένετο
2523 2545 2556 2613 ἡ
2596 2541 2691 2595 τοῦ
2712 2540 2885 2612 πυρὸς
2918 2538 3080 2609 φύσις
3101 2553 3115 2568 °
3146 2539 3206 2592 οὐ
3231 2537 3341 2611 γὰρ
3376 2537 3537 2608 μόνον
3569 2536 3720 2617 τοῦτεε

2142 2628 2204 2682 τὸ
2226 2628 2338 2700 πῦρ
2380 2630 2527 2683 ἐστιν
2551 2669 2566 2695 ,
2599 2628 2735 2682 ἀλλὰ
2776 2629 2870 2682 καλ⁵
2899 2628 2955 2681 αἱ
2994 2628 3107 2682 ἀνω
3147 2626 3405 2697 δυνάμεις
3441 2625 3556 2697 πῦρ
3596 2629 3720 2687 εἰπε,

2143 2718 2239 2772 καὶ⁵
2267 2718 2527 2787 συγγενές
2551 2717 2668 2771 ἐστι
2691 2717 2753 2770 τὸ
2772 2717 2885 2771 ἀνω
2913 2715 3024 2786 πῦρ
3062 2714 3252 2769 τούτου
3280 2714 3374 2768 τοῦ
3403 2715 3537 2786 παρ’
3572 2716 3720 2785 ήμῖτι.Ι

2142 2807 2363 2876 Ζητεῖτε
2409 2804 2466 2858 δὲ
2489 2845 2505 2869 ,
2538 2806 2620 2858 ὅτι
2661 2804 2724 2858 τὸ
2769 2804 2869 2875 μὲν
2917 2803 3239 2869 σϐέννυται,
3264 2803 3324 2857 τὸ
3367 2802 3425 2857 δὲ
3474 2803 3535 2858 οὐ
3574 2804 3720 2871 σϐέν-¹

2142 2911 2319 2951 νυται.
2380 2893 2535 2947 Ἐπεὶ
2591 2893 2687 2947 καὶ
2728 2893 2855 2957 τοὺς
2900 2892 3167 2962 ἀγγέλους
3205 2893 3465 2963 ἐποίησεν
3508 2894 3538 2945 6
3595 2892 3701 2953 ea;

2144 2983 2450 3054 πνεύματα,
2476 2983 2570 3037 καὶ
2603 2982 2701 3047 τὰς
2725 2981 2903 3053 ψυχὰς
2932 2981 3091 3054 ἡμῶν
3123 2980 3429 3051 πνεύματα,
3462 2980 3603 3033 ἀλλὰ
3627 2984 3701 3040 1'1;

2146 3070 2244 3143 μὲν
2279 3071 2457 3142 ψυχάς
2488 3070 2644 3142 ἡμῶν
2672 3073 2729 3126 ὲν
2755 3070 2991 3141 σώμασι,
3018 3070 3143 3135 τοὺς
3165 3069 3220 3123 δὲ
3258 3068 3525 3137 ἀγγέλους
3563 3068 3699 3128 ὲκτὲς

2144 3159 2433 3230 σωμάτων.
2468 3158 2679 3229 Ὥσπερ
2714 3154 2807 3212 οῦν
2836 3159 2929 3211 ἐπὶ
2957 3157 3068 3212 τῶν
3093 3155 3283 3227 ψυχῶν
3312 3157 3406 3209 καί
3434 3154 3545 3209 τῶν
3567 3155 3720 3237 ἀγγέθᾖ

2140 3246 2271 3312 λων,
2301 3245 2445 3299 οὕτω
2471 3247 2564 3299 καὶ
2584 3246 2677 3299 ἐπὶ
2712 3244 2804 3298 τοῦ
2838 3244 3010 3317 πυρὸς
3057 3244 3202 3297 ἔστιν
3237 3244 3383 3297 ίδεῖν.
3420 3242 3498 3295 Τὸ
3524 3244 3637 3313 πῦρ
3660 3240 3720 3327 τὸί

2141 3336 2254 3390 ἀνω
2275 3334 2405 3390 ἀνευ
2439 3335 2593 3406 ὕλης,
2621 3335 2685 3388 τὸ
2708 3335 2819 3407 πῦρ
2844 3335 2906 3389 τὸ
2948 3335 3099 3390 κάτω
3131 3332 3270 3406 μετά
3302 3331 3434 3403 ὕλης
3456 3349 3473 3364 ·
3508 3332 3570 3385 τὸ
3614 3334 3720 3402 γὰρ,

2140 3425 2253 3478 ἀνω
2283 3423 2395 3493 πῦρ
2424 3423 2682 3493 συγγενὲς
2724 3423 2929 3477 τούτων
2961 3423 3128 3486 ἐστὶν,
3159 3421 3344 3493 ὥσπερ
3372 3421 3471 3474 καὶ
3504 3423 3537 3493 ἡ
3570 3421 3700 3490 ψυχὴ

2140 3514 2296 3585 ἡμῶν
2339 3515 2607 3586 συγγενὴς
2637 3513 2885 3583 ἀγγέλων
2907 3531 2921 3547 ·
2955 3514 3090 3567 καθὸ
3134 3514 3375 3567 κάκεῖνοι
3402 3506 3720 3586 πνεύματί

2138 3608 2232 3663 καὶ
2254 3601 2413 3663 αῦται
2440 3608 2744 3679 πνεύματα,
2768 3608 2844 3673 ὼς
2873 3610 2965 3662 καὶ
2996 3608 3046 3662 οἱ
3076 3611 3221 3681 τρεῖς
3251 3607 3435 3672 παῖδες
3461 3580 3720 3707 λέγουσι’ἱ

2137 3703 2476 3773 Εὐλοτεῖτε,
2503 3704 2811 3772 πνεύματα
2836 3703 2933 3757 καὶ
2962 3702 3153 3772 ψυχαὶ
3191 3702 3434 3756 δικαίων
3452 3718 3466 3732 ⁸
3504 3704 3598 3756 καὶ

2136 3795 2253 3850 λιν·
2302 3796 2356 3849 Ὀ
2401 3795 2587 3850 ποιῶν
2624 3796 2766 3863 τοὺς
2810 3795 3102 3867 ἀγγέλους
3146 3796 3332 3851 αὐτοῦ
3381 3798 3720 3887 πνεύματα.Ι

2137 3889 2275 3943 Οὔτε
2302 3884 2393 3943 οῦν
2418 3888 2565 3959 ψυχὴ
2590 3889 2718 3944 ἀνευ
2741 3887 2991 3958 σώματος
3013 3889 3280 3959 φαίνεται,
3303 3888 3424 3943 οὔτε
3454 3889 3566 3961 πῦρ

2138 3980 2454 4047 στυππείου,
2482 3982 2516 4051 ἢ
2548 3980 2895 4052 κληματίδος,
2926 3981 2960 4052 ἢ
2990 3981 3183 4052 ἑτέρας
3211 3980 3343 4053 ὕλης
3375 3981 3524 4035 ἐστιν
3563 3974 3720 4059 ἰδίη,

2136 4075 2254 4129 ’Ἰνα
2277 4074 2334 4128 δὲ
2360 4074 2542 4145 δειχθῇ
2567 4075 2646 4128 ὅτι
2674 4073 2735 4127 τὸ
2762 4074 2873 4145 πῦρ
2900 4073 3055 4128 τοῦτο
3085 4075 3186 4128 οὐκ
3223 4073 3369 4128 ἐστιν
3409 4075 3695 4146 ἀλλότριον,
3718 4134 3720 4151 ἰ

2134 4168 2169 4238 ἡ
2212 4165 2388 4229 κτίσις
2435 4166 2696 4221 διδάσκει.
2729 4164 2922 4219 Πολλοὶ
2971 4167 3079 4237 γὰρ
3127 4166 3388 4230 πολλάκις
3417 4168 3570 4239 παρᾶ
3613 4161 3695 4219 τοῦ

2134 4258 2285 4331 ἡλίου
2310 4255 2641 4323 δανείζονται
2673 4258 2805 4328 πῦρ,
2836 4258 2929 4311 καὶ
2970 4257 3231 4311 ἅπτουσιν
3249 4274 3265 4288 ·
3298 4258 3347 4310 εί
3376 4257 3431 4311 δὲ
3457 4238 3527 4329 ἦν

2131 4367 2300 4423 τριον,
2326 4349 2443 4414 πῶς
2468 4348 2526 4403 τὸ
2546 4347 2824 4419 ἀλλότριον
2850 4348 2907 4416 ἐξ
2928 4347 3090 4403 αὑτοῦ
3114 4349 3474 4420 ἐλαμϐάνετο;
3503 4351 3720 4447 ’ἌλλωςΙ

2134 4441 2284 4516 [441]
2317 4443 2373 4497 δὲ
2400 4441 2572 4506 οὕτως
2598 4443 2657 4496 ὲν
2684 4441 2762 4513 τῷ
2787 4439 3000 4516 οὐρανῷ
3027 4441 3139 4511 πῦρ
3172 4443 3317 4497 ἐστιν
3349 4443 3512 4498 ἀῦλον
3542 4445 3696 4513 μέγα.
3718 4439 3720 4455 ⁵

2130 4535 2207 4599 ὡς
2238 4534 2332 4587 καὶ
2358 4533 2417 4586 ὲν
2434 4532 2514 4605 τῷ
2540 4533 2655 4604 ὸρει
2683 4534 2813 4604 Σινᾷ
2840 4532 2951 4604 πῦρ
2977 4533 3231 4605 φανῆναι,
3252 4520 3425 4606 6:159d
3448 4536 3512 4588 οὑ
3533 4535 3720 4627 ξύλωνΙ

2130 4624 2525 4701 ὑποκειμένων,
2549 4622 2664 4677 ἀλλ’
2694 4624 2753 4691 ἐξ
2785 4622 2951 4679 αὐτοῦ
2986 4624 3078 4678 τοῦ
3109 4625 3273 4679 ἀΰλου
3302 4626 3473 4697 πυρὸς
3499 4622 3720 4719 ἡγαγενέ

2127 4717 2157 4770 6
2189 4715 2613 4811 erc-diOéav'
2643 4716 2737 4811 καὶ
2779 4717 2856 4780 ὡς
2886 4716 3128 4811 ἂν-εῐποι
3162 4735 3245 4781 τις
3262 4714 3406 4811 εἶναι
3427 4718 3586 4811 τοῦτο
3616 4714 3720 4811 ιιι-ί

2127 4806 2259 4878 κρὸν
2292 4807 2352 4861 τὸ
2381 4807 2494 4879 πῦρ
2534 4808 2666 4879 παρ’
2705 4809 2881 4862 έκεῖνο
2923 4809 2985 4863 τὸ
3030 4810 3195 4880 μέγα,
3227 4809 3400 4874 οὕτως
3426 4806 3523 4864 οὖν
3553 4806 3720 4899 λέγειῲ

2126 4900 2220 4953 καὶ
2263 4900 2501 4971 Μωῦσῆς
2525 4916 2539 4930 ·
2606 4900 2707 4965 Ἐξ
2767 4900 3027 4970 οὐρανοῦ
3073 4902 3361 4969 ἐποίησεν
3408 4904 3440 4956 ό
3490 4904 3720 4987 Κύριος-Ι

2124 4990 2441 5059 ἀκουστὴν
2476 4990 2686 5059 φωνὴν
2708 4992 2934 5055 ἀύτοῦ.
2968 4992 3067 5047 καί
3102 4992 3331 5058 ἔδειξεν
3374 4996 3408 5048 ό
3452 4995 3596 5060 Θεὸς
3630 4994 3687 5046 τὸ
3718 5048 3720 5073 Ι

2124 5084 2243 5152 πῦρ
2267 5083 2454 5138 αὐτοῦ
2475 5082 2541 5138 τὸ
2562 5083 2717 5153 μέγα
2734 5101 2749 5115 ·
2782 5084 2871 5138 ῖνα
2892 5085 3042 5160 δείξῃ
3081 5084 3237 5138 τοῦτο
3268 5086 3483 5157 μικρόν.
3516 5087 3688 5140 Πάντα

2122 5168 2216 5227 οὖν
2249 5172 2360 5245 πῦρ
2394 5175 2529 5236 ἐστι,
2566 5174 2661 5228 καὶ
2705 5174 2978 5246 ἀστραπὴ,
3018 5174 3111 5228 καὶ
3159 5176 3207 5228 οῖ
3256 5176 3506 5246 ἀστέρες,
3550 5176 3685 5229 καἰέ
3718 5234 3720 5247 Ι

2122 5265 2402 5336 ἡλιος,καὶ
2443 5266 2477 5337 ἡ
2523 5266 2739 5338 σελήνη,
2774 5267 2955 5321 καὶτὸ
2984 5268 3113 5339 παρ’
3136 5270 3268 5339 ἡμῖν
3291 5268 3404 5340 πῦρ
3439 5268 3686 5337 συγγενές

2122 5359 2258 5411 ἐστι.
2282 5360 2393 5412 Καὶ
2415 5358 2577 5429 βλέπε
2607 5360 2723 5424 πῶς
2750 5361 3068 5429 συγγένειαν
3092 5360 3203 5431 ἔχει
3226 5363 3259 5432 ὴ
3282 5361 3535 5433 ἀστραπὴ
3557 5362 3681 5430 πρὸς
3718 5398 3720 5443 ι

436 5450 660 5521 ἐποίησε
690 5450 780 5502 τὸν
809 5448 1035 5519 οὐρανὸν
1063 5449 1158 5500 καὶ
1183 5448 1281 5518 τὴν
1306 5445 1429 5516 γῆν,
1467 5446 1595 5519 περὶ
1621 5446 1676 5499 δὲ
1702 5445 1892 5511 ὕδατος
1921 5447 2011 5501 καὶ
2119 5445 2246 5510 τοὺς
2281 5446 2516 5518 ἀστέρας
2541 5447 2606 5500 ἐκ
2629 5445 2721 5501 τοῦ
2762 5448 3022 5519 ὀνόματος
3042 5465 3058 5481 ·
3087 5448 3339 5522 ἀστραπὴ
3378 5451 3471 5504 κα)⁵
3499 5450 3681 5520 ἄστρα.
3718 5508 3720 5543 Ι

500 5629 527 5659 ⁸
548 5628 791 5681 Ἕκαστος
812 5626 956 5674 deest
981 5625 1031 5672 in
1057 5622 1230 5682 Savil.,
1255 5622 1594 5687 claudicatque
1617 5625 1883 5687 sententia.

495 5687 526 5728 b
547 5688 745 5739 Cosmas
769 5689 849 5752 καί
874 5688 1090 5749 ὑπεράνω
1110 5687 1159 5735 δέ
1185 5688 1285 5752 ἐστι
1307 5686 1493 5748 τούτου,
1517 5686 1596 5737 καὶ
1618 5690 1682 5745 ὡς
1701 5689 1748 5737 έν
1769 5690 1887 5752 οἴκῳ
1909 5690 2005 5739 διο-

434 5753 566 5815 ρόφῳ
592 5749 923 5811 μεσολαϐεῐται
949 5755 1032 5806 τῆς
1052 5755 1137 5809 γῆς
1158 5750 1321 5811 μέσον.

2183 5627 2206 5703 ξ
2239 5624 2393 5675 Vatic.
2417 5633 2470 5676 et
2492 5625 2692 5677 Cosmas
2731 5627 3018 5692 ἡρμήνευσε,
3041 5628 3152 5680 Sav.
3192 5630 3411 5694 indeque
3432 5626 3681 5683 CombeﬁL
3718 5616 3720 5641 ⁵

2122 5689 2343 5750 ἐμήνυσε.
2771 5689 2779 5692 ⁷
2799 5689 2806 5691 “
3326 5689 3343 5694 ’

2184 5748 2213 5789 d
2230 5749 2386 5813 ’Ὅπερ
2408 5749 2624 5801 additum
2646 5762 2677 5800 ε
2699 5750 2851 5802 Savil.
3717 5750 3720 5865 l
