3704 6274
24 349 71 401 53
1041 345 1129 399 DE
1169 344 1382 400 MUNDI
1421 343 1813 400 CREATIONE
1849 346 2102 405 ORATIO
2142 351 2181 405 Ι.

27 467 262 517 ultorum
293 462 487 518 animis
530 461 781 515 molestas
817 460 1004 515 videri.
1036 461 1229 516 Verum
1259 471 1468 530 Oportet
1499 461 1551 514 in

26 573 52 609 e
77 555 292 624 jejunii,
325 568 444 607 cum
473 552 836 622 vigilantiores
865 551 1056 605 anima:
1085 559 1230 614 sunt,
1260 551 1326 604 de
1353 551 1556 604 altiori-

22 665 64 701 lS
90 649 255 702 verba
287 646 483 701 facere.
527 644 594 698 In
625 645 872 713 principio
914 655 1054 710 erat,
1086 653 1138 698 et
1159 685 1173 709 ,
1208 642 1274 696 1η
1309 644 1556 713 principio

22 740 121 802 rit;
165 739 288 791 ideo
330 736 607 791 exordium
639 750 735 804 par
764 742 894 789 esse'
925 734 1054 800 dixi,
1089 733 1151 786 In
1181 733 1448 803 principio,
1477 741 1552 796 et,

20 849 33 882 t
82 830 383 899 principio,-
421 837 477 881 ut
513 827 940 890 demonstretur,
985 840 1142 880 unam
1185 840 1306 880 esse
1347 824 1556 894 pietatis

20 922 226 984 ιᾱίοριῐι,
250 936 370 990 qua:
399 928 452 974 et
482 919 648 984 illum,
683 933 875 987 nempe
905 917 1282 988 legislatorem,
1310 918 1552 982 instituit,

63 1014 242 1078 hunc,
294 1013 598 1082 theologum
637 1011 871 1076 scilicet,
930 1010 1260 1064 illuminavit.
1295 1009 1554 1066 Germana

20 1108 164 1173 iippe
194 1114 320 1158 sunt
340 1103 446 1156 duo
476 1103 836 1165 Testamenta,
865 1116 972 1155 uno
994 1102 1151 1155 Patre
1174 1110 1289 1155 orta
1315 1118 1328 1153 :
1359 1100 1477 1156 ideo
1504 1101 1557 1155 in

18 1211 220 1249 :rmone
260 1194 641 1248 consentiunt:
676 1191 788 1246 fere
834 1193 975 1247 enim
1014 1193 1198 1246 eadem
1229 1191 1432 1262 imago,
1461 1207 1556 1245 ea-

18 1303 86 1340 :m
123 1285 420 1339 similitudo
446 1293 544 1339 est.
578 1285 655 1336 Ac
682 1281 1126 1350 quemadmodum
1173 1284 1226 1336 in
1266 1282 1553 1352 germanis,

18 1395 72 1431 :io
102 1388 256 1447 patre
282 1378 413 1432 ortis
435 1418 450 1442 ,
490 1376 690 1431 similes
735 1384 859 1429 sunt
885 1379 1237 1446 preprietates
1268 1396 1281 1430 :
1312 1376 1390 1430 sic
1432 1378 1556 1445 quia

16 1488 72 1524 uo
103 1473 447 1525 Testamenta
479 1484 584 1523 uno
608 1467 765 1522 Patre
791 1478 906 1523 orta
937 1477 1079 1534 sunt,
1113 1469 1330 1522 multam
1359 1467 1558 1523 habent

20 1562 392 1617 militudinem.
425 1556 568 1614 Sane
601 1569 655 1614 et
700 1559 752 1612 in
783 1559 957 1613 Veteri
988 1559 1328 1613 Testamento
1357 1573 1558 1628 praece-

16 1653 42 1703 it
64 1650 167 1715 lex,
193 1657 250 1704 et
273 1657 568 1716 sequuntur
591 1648 881 1718 prophetae,
904 1657 958 1703 et
983 1649 1032 1702 in
1064 1663 1203 1702 nova
1231 1648 1394 1716 gratia
1423 1663 1558 1716 prte-

16 1743 110 1797 :dit
129 1738 504 1807 Evangeliutn,
528 1750 580 1794 et
615 1749 908 1809 sequuntur
935 1741 1182 1809 apostoli.
1216 1739 1327 1794 lllic
1352 1738 1556 1793 duode-

14 1850 70 1886 .m
105 1832 384 1901 propheta:
409 1873 423 1897 ,
447 1839 501 1885 et
537 1832 728 1901 singuli
766 1840 889 1886 sunt
913 1846 978 1886 ex
1005 1846 1226 1885 numero
1269 1829 1552 1885 duodeno;

14 1923 258 1978 nodecim
286 1933 407 1976 sunt
432 1922 569 1977 Osee
595 1932 650 1977 et
681 1923 871 1993 reliqui
907 1943 921 1978 :
950 1931 1210 1992 quatuor,
1241 1922 1398 1976 Isaias
1422 1963 1437 1984 ,
1468 1921 1557 1976 Je-

14 2016 165 2068 rmias
186 2056 202 2081 ,
238 2013 517 2076 Ezechiel,
547 2014 748 2067 Daniel.
780 2015 832 2068 In
874 2014 1022 2068 Novo
1054 2014 1392 2068 Testamento
1420 2013 1556 2069 duo-

12 2105 141 2158 ecim
187 2105 451 2172 apostoli,
484 2113 538 2158 et
579 2115 806 2174 quatuor
845 2105 1202 2174 evangelista.
1234 2104 1345 2159 Illic
1375 2120 1556 2161 rursus

12 2198 139 2249 rima
186 2196 396 2250 vocatio
442 2196 531 2250 Dei
559 2211 588 2249 a
630 2196 882 2251 fratribus
923 2199 1086 2267 ccepit
1129 2215 1142 2251 :
1190 2199 1390 2268 accepit
1415 2199 1554 2252 enim

12 2287 214 2357 onsem
242 2295 298 2340 et
324 2290 585 2341 Aaronem
633 2287 832 2357 primos
857 2301 1126 2356 prmcones
1167 2289 1254 2343 :in
1268 2288 1557 2358 Evangelio

12 2393 186 2446 noque
215 2379 435 2447 primam
459 2378 787 2432 vocationem
817 2377 940 2432 facit
965 2378 1104 2433 Petri
1131 2387 1184 2433 et
1210 2379 1455 2434 Andreae.
1491 2379 1556 2434 Et

10 2471 72 2524 lic
101 2470 324 2540 quidem
357 2471 580 2540 simplex
608 2470 797 2540 gratia,
818 2470 904 2524 hic
933 2479 1108 2524 autem
1136 2471 1299 2541 duplo
1327 2472 1552 2525 auctior.

13 2562 76 2614 lic
107 2561 254 2614 enim
277 2561 384 2615 duo
413 2561 602 2616 fratres
627 2562 799 2616 vocati
827 2569 966 2627 sunt,
998 2562 1206 2633 Moyses
1238 2570 1292 2616 et
1332 2564 1506 2616 Aaron
1537 2577 1550 2626 ;

10 2653 52 2706 ic
83 2665 273 2708 autem
304 2654 385 2708 bis
419 2654 522 2708 duo
553 2654 765 2718 fratres,
794 2654 983 2710 Petrus
1008 2664 1064 2710 et
1107 2654 1365 2720 Andreas,
1397 2655 1556 2709 Jaco-

8 2759 63 2796 us
88 2753 144 2798 et
170 2743 424 2798 Joannes.
458 2744 586 2812 Quia
616 2745 785 2800 voluit
807 2745 1063 2801 Servator
1087 2761 1203 2800 eam
1225 2762 1342 2816 qua:
1365 2761 1556 2802 secun-

8 2851 86 2887 um
115 2837 376 2905 Spiritum
399 2847 636 2891 sanctum
667 2845 751 2892 est
776 2838 1047 2892 caritatem
1077 2837 1228 2892 nobis
1258 2837 1549 2904 insinuare,

8 2927 240 2980 tf’ratres
271 2927 461 2982 aﬂectu
486 2928 641 2982 simul
686 2937 740 2982 et
787 2928 974 2997 spiritu
1015 2928 1208 2994 facere,
1241 2927 1554 2982 fundamen-

8 3034 72 3070 tm
102 3019 337 3088 sumpsit
376 3028 637 3083 naturam,
666 3019 990 3089 inseruitque
1018 3031 1218 3074 natura:
1248 3020 1473 3084 viscera,
1501 3028 1555 3074 et

6 3123 16 3160 ι
68 3108 162 3162 illa
216 3107 657 3176 supertedificavit
696 3109 1094 3164 fundamentum
1137 3110 1406 3164 Ecclesizn.
1436 3109 1554 3165 Pri-

6 3217 108 3254 lllm
166 3202 376 3272 signum
426 3203 478 3256 in
511 3202 690 3257 Veteri
735 3203 832 3257 fuit
859 3213 1091 3258 mutatus
1140 3205 1191 3258 in
1240 3205 1551 3274 sanguinem

6 3295 192 3356 uvius;
231 3294 458 3362 primum
503 3295 710 3363 signum
753 3295 804 3349 in
849 3295 998 3350 Novo
1030 3294 1126 3349 fuit
1155 3297 1375 3349 mutatio
1403 3311 1553 3365 aqua:

6 3402 15 3437 ι
49 3385 259 3438 vinum.
293 3383 482 3439 Verum
515 3402 620 3440 non
664 3395 745 3440 est
784 3388 1061 3456 praesentis
1104 3387 1358 3455 temporis
1385 3395 1551 3441 totam

11 3476 369 3531 militudinem
398 3477 649 3546 deinceps
689 3479 936 3548 persequi
968 3498 980 3533 :
1016 3478 1108 3534 sed
1149 3479 1213 3532 ad
1255 3479 1552 3534 institutum

6 3578 318 3621 avertamur.
350 3566 415 3621 In
444 3569 690 3638 principio
731 3569 848 3637 fecit
883 3569 1020 3623 Deus
1057 3571 1232 3624 carlum
1263 3581 1308 3624 et
1346 3580 1548 3625 terram.

6 3675 60 3713 ex
96 3660 308 3714 dierum
337 3661 507 3729 spatio
535 3660 658 3714 fecit
704 3660 844 3715 Deus
877 3661 1074 3714 omnia.
1105 3661 1207 3716 Sed
1235 3661 1404 3730 prima
1435 3661 1548 3718 dies

6 3750 141 3804 ilTert
186 3767 214 3802 a
253 3750 616 3819 sequentibus.
648 3750 776 3804 Nam
824 3752 991 3820 prima
1039 3751 1126 3806 die
1171 3751 1292 3806 fecit
1320 3752 1457 3806 Deus
1486 3767 1552 3805 ex

6 3858 62 3895 on
98 3843 438 3896 exstantibus
480 3859 492 3894 :
544 3857 574 3895 a
617 3841 854 3896 secundo
893 3851 1068 3895 autem
1117 3842 1202 3897 die
1248 3842 1377 3896 nihil
1427 3842 1552 3898 fecit

6 3951 98 3988 eus
127 3951 196 3989 ex
239 3949 343 3987 non
371 3935 735 3998 exstantibus;
768 3934 860 3988 sed
906 3950 970 3988 ex
1017 3936 1078 3989 iis
1121 3951 1237 4005 qua:
1267 3937 1436 4005 prima
1466 3936 1552 3990 die

13 4037 162 4080 cerat
195 4027 422 4078 mutavit
451 4035 506 4079 ut
535 4027 718 4079 voluit.
743 4026 821 4079 Tu
866 4041 992 4079 vero
1023 4026 1102 4079 his
1130 4027 1474 4082 consideratis
1498 4036 1553 4083 et

6 4117 274 4184 iploratis,
310 4117 354 4169 si
385 4116 660 4170 veritatem
687 4115 1075 4186 deprehendis,
1105 4132 1382 4172 assensum
1409 4133 1550 4187 pra:-

6 4225 62 4272 3;
99 4211 186 4262 sin
229 4223 335 4260 non
379 4207 767 4276 deprehendis,
819 4208 1034 4275 incusa,
1080 4217 1134 4263 et
1161 4210 1551 4264 accusationem

6 4301 184 4353 lmitto
218 4318 232 4354 :
264 4299 316 4353 id
369 4300 510 4354 enim
557 4300 774 4354 multam
815 4299 1142 4356 defensionis
1188 4315 1370 4356 ausam
1421 4302 1551 4358 mihi

6 4409 65 4444 Γιῐι
74 4393 184 4445 bet.

26 4488 79 4540 4.
100 4485 361 4541 Ctelorum
379 4488 617 4557 formatio
632 4486 703 4557 (α)
715 4487 984 4543 .—Primo
1003 4489 1178 4559 itaque
1192 4489 1277 4545 die
1292 4501 1553 4546 creatura-

6 4595 71 4630 Im
99 4579 388 4632 materiam
407 4577 528 4633 fecit
548 4579 706 4643 Deus;
736 4579 950 4649 reliquis
969 4596 1094 4636 vero
1111 4581 1298 4636 diebus
1328 4584 1550 4637 formam

22 4680 274 4726 ornatum
293 4682 678 4726 creaturarum.
699 4673 944 4742 Exempli
961 4687 1118 4727 causa
1143 4716 1157 4740 ,
1186 4673 1311 4728 fecit
1336 4675 1547 4740 caelum,

7 4764 89 4816 10d
105 4774 236 4817 ante
254 4778 359 4816 non
378 4772 490 4818 erat
505 4780 518 4827 ;
535 4779 638 4817 non
661 4762 762 4817 hoc
785 4763 995 4829 caelum,
1019 4763 1112 4818 sed
1139 4764 1279 4834 quod
1309 4765 1551 4833 superius

6 4866 71 4910 ill
110 4857 217 4911 hoc
245 4856 444 4926 quippe
468 4856 656 4910 caelum
683 4855 918 4910 secundo
943 4855 1031 4910 die
1058 4855 1252 4911 factum
1279 4865 1380 4911 est.
1403 4856 1553 4911 Fecit

6 4966 89 5002 eus
105 4949 307 5003 caelum
335 4949 596 5017 superius.
613 4947 679 5001 de
697 4962 802 5017 quo
827 4946 994 5001 David
1015 4966 1028 5002 :
1049 4946 1238 5002 Caelum
1253 4948 1362 5000 caeli
1381 4945 1553 5000 Domi-

6 5039 216 5110 i(Psal.
239 5039 366 5093 “3.
398 5037 507 5109 16).
533 5037 664 5092 Illud
691 5053 820 5092 vero
849 5038 998 5106 quasi
1020 5052 1324 5106 supremum
1353 5037 1553 5092 tabula-

12 5150 58 5186 m
78 5142 184 5187 est.
214 5135 292 5185 Ae
319 5129 761 5200 quemadmodum
790 5129 842 5183 in
861 5129 1019 5183 domo
1031 5127 1252 5183 duarum
1271 5129 1548 5198 contigna-

6 5240 156 5278 mum
189 5221 786 5276 intercedittabulatum
815 5219 1046 5275 medium
1070 5237 1083 5272 :
1113 5219 1192 5274 sic
1218 5229 1271 5274 et
1292 5219 1546 5274 Dominus

6 5317 210 5370 undum
225 5329 418 5369 creans
439 5329 534 5368 ceu
552 5314 788 5379 domum,
818 5312 1047 5367 medium
1063 5311 1350 5366 tabulatum
1374 5312 1550 5381 posuit

6 5425 46 5461 ιο
69 5410 272 5463 caelum
292 5448 308 5472 ,
325 5413 378 5459 et
398 5419 553 5476 supra
585 5406 731 5460 illum
754 5419 934 5473 aquas.
956 5402 1080 5458 Ideo
1106 5403 1180 5458 ait
1211 5403 1375 5458 David
1400 5421 1412 5457 :
1450 5403 1550 5470 Qui

6 5507 63 5568 )is
86 5502 239 5571 aquis
256 5499 519 5566 superiora
531 5499 642 5562 eius
659 5496 826 5571 (Psal.
851 5497 970 5552 105.
991 5496 1066 5568 5).
1091 5496 1239 5552 Fecit
1269 5497 1424 5566 igitur
1443 5511 1549 5551 cae-

6 5610 47 5646 m
71 5592 223 5664 quod
237 5600 366 5646 ante
383 5605 484 5645 non
504 5601 635 5656 erat,
653 5600 845 5646 terram
866 5605 982 5661 qua:
993 5599 1115 5645 ante
1127 5605 1229 5646 non
1251 5599 1380 5656 erat,
1406 5593 1554 5661 abys-

6 5725 76 5784 (a)
111 5733 233 5783 Quae
275 5732 551 5788 sequuntur
589 5723 730 5776 affert
769 5724 962 5777 Cosmus
1000 5723 1253 5788 Egyptius
1297 5725 1345 5773 in
1392 5723 1552 5775 Colle-

7 5799 104 5837 oue
131 5796 308 5838 nostra
329 5795 380 5836 't‘.
408 5787 453 5847 2,
480 5800 530 5851 p.
556 5788 664 5837 520.

3136 361 3238 418 451

1661 476 1750 516 sos
1767 479 1883 532 quae
1900 474 2024 520 ante
2038 483 2140 520 non
2159 477 2334 534 erant,
2354 477 2561 536 ventos,
2587 485 2786 539 aerem,
2809 473 3005 545 ignem,
3023 492 3236 548 aquam.

1660 553 1906 609 Omnium
1923 572 2040 625 qua:
2067 557 2202 612 facta
2225 568 2349 614 sunt
2366 562 2640 616 materiam
2660 565 2827 634 prima
2848 566 2933 622 die
2963 567 3104 622 fecit.
3132 569 3239 624 Sed

1661 645 1802 698 haud
1822 646 1980 701 dubie
2007 647 2144 703 dicet
2175 649 2402 718 aliquis:
2431 650 2700 722 Scriptum
2729 665 2810 709 est
2837 657 3009 726 ipsum
3043 658 3237 714 fecisse

1660 736 1847 790 cmlum
1888 747 1941 790 et
1984 747 2213 805 terram,
2256 740 2322 795 de
2350 755 2520 810 aqua,
2566 743 2688 812 igne
2723 755 2778 800 et
2818 761 2944 801 aere
2969 763 3074 802 non
3102 751 3239 804 scri-

1661 838 1808 896 ptum
1834 838 1938 881 est.
1967 829 2146 884 Primo
2174 831 2380 900 itaque,
2405 832 2594 888 fratres
2616 875 2631 898 ,
2661 851 2726 889 ex
2757 852 2861 904 quo
2890 838 3023 892 dixit
3050 841 3239 894 malum

1661 927 1715 972 et
1748 929 1940 973 terram
1980 919 2116 974 facta
2143 936 2263 975 esse
2291 963 2305 988 ,
2337 937 2404 976 ex
2448 924 2512 977 iis
2554 940 2672 994 qua:
2710 928 2982 982 continent
3019 944 3080 984 ea
3121 946 3240 1000 qua:

1662 1010 2003 1064 continentur
2047 1012 2317 1066 indicavit.
2358 1013 2505 1068 Sicut
2548 1015 2688 1069 enim
2716 1031 2835 1071 cum
2877 1018 3056 1086 dixit,
3095 1020 3240 1077 Fecit

1661 1100 1796 1155 Deus
1823 1103 2070 1156 hominem
2095 1104 2345 1173 pulverem
2365 1107 2613 1173 accipiens
2637 1108 2700 1161 de
2724 1118 2858 1162 terra
2886 1112 3032 1180 (Gen.
3069 1115 3122 1168 2.
3161 1115 3238 1184 7),

1660 1195 1928 1264 opificium
1957 1195 2089 1250 dixit
2113 1237 2128 1261 ,
2161 1212 2265 1252 non
2293 1199 2530 1253 membra
2556 1203 2888 1257 enumeravit
2916 1220 2929 1256 :
2960 1219 3134 1272 neque
3153 1205 3240 1260 di-

1660 1287 1739 1340 xit
1763 1305 1775 1340 :
1808 1285 1956 1341 Fecit
1985 1287 2125 1342 Deus
2149 1289 2354 1355 oculos,
2385 1299 2634 1357 etaures,
2667 1301 2721 1346 et
2742 1309 2920 1360 nares,
2948 1295 3040 1350 sed
3066 1295 3240 1350 homi-

1663 1392 1783 1431 nem
1813 1376 2016 1440 dtcens,
2044 1379 2219 1433 omnia
2242 1380 2397 1434 simul
2427 1382 2662 1437 membra
2691 1385 3093 1453 comprehendit
3118 1404 3132 1439 :
3161 1387 3240 1442 sie

1660 1481 1780 1521 cum
1811 1467 1940 1522 dicit
1969 1509 1984 1533 ,
2015 1468 2179 1524 Deum
2225 1469 2415 1526 fecisse
2450 1472 2637 1527 caalum
2685 1483 2739 1528 et
2783 1484 2974 1530 terram
3002 1518 3018 1541 ,
3048 1487 3239 1532 cuncta

1660 1558 1971 1626 complexus
1998 1569 2100 1625 est,
2134 1568 2186 1614 et
2212 1576 2314 1614 una
2347 1563 2593 1617 tenebras
2617 1573 2674 1618 et
2716 1565 2938 1636 abyssos
2962 1566 3129 1622 factas
3154 1570 3238 1622 in-

1661 1649 1804 1704 duxit
1832 1668 1845 1704 :
1874 1666 1994 1704 nam
2017 1649 2274 1719 Tenebras,
2301 1654 2490 1723 inquit,
2523 1666 2665 1710 erant
2688 1673 2839 1727 super
2866 1660 3044 1728 faciem
3071 1659 3237 1730 abyssi

1661 1741 1678 1810 (
1702 1739 1828 1794 Gen.
1862 1741 1915 1796 1.
1946 1741 1981 1794 9.
1999 1742 2036 1811 ).
2070 1742 2307 1814 Abyssus
2335 1760 2462 1799 vero
2488 1756 2711 1800 vocatur
2737 1763 2992 1817 aquarum
3019 1765 3234 1820 gurges.

1659 1831 1809 1899 Quod
1836 1840 2012 1886 autem
2033 1834 2192 1888 etiam
2223 1834 2398 1905 abyssi
2427 1834 2578 1890 facta:
2600 1838 2724 1904 sint,
2752 1839 3062 1894 testificatur
3088 1840 3234 1896 Scri-

1661 1932 1811 1992 ptura
1854 1924 2038 1978 dicens
2076 1942 2089 1977 :
2138 1925 2418 1994 Antequam
2451 1927 2658 1996 abyssos
2703 1930 3048 1992 constitueret,
3096 1943 3236 1985 ante-

1658 2030 1811 2084 quam
1846 2024 2029 2067 terram
2063 2025 2252 2068 crearet
2283 2017 2300 2083 (
2335 2014 2487 2069 Prov.
2512 2017 2565 2071 8.
2591 2018 2680 2070 24.
2710 2018 2780 2071 26
2804 2017 2844 2088 ).
2873 2018 3050 2088 Itaque
3083 2020 3234 2074 facta:

1658 2115 1812 2159 erant
1851 2105 2049 2176 abyssi.
2080 2105 2280 2160 Deinde
2309 2121 2400 2160 aer
2437 2122 2649 2176 quoque
2689 2110 3025 2177 quandonam
3065 2111 3235 2166 factus

1658 2195 1727 2249 sit
1748 2195 1870 2248 audi
1893 2215 1906 2247 :
1933 2195 1998 2247 Et
2018 2195 2224 2263 spiritus
2253 2195 2346 2249 Dei
2377 2197 2628 2266 ferebatur
2651 2214 2802 2266 super
2821 2215 2976 2268 aquas
3006 2199 3153 2269 (Gen.
3179 2202 3232 2255 1.

1657 2284 1738 2354 2).
1766 2285 1865 2339 Hic
1893 2300 1999 2338 non
2030 2285 2282 2353 Spiritum
2328 2296 2568 2340 sanctum
2609 2287 2774 2353 dicit;
2803 2305 2910 2343 non
2941 2291 3082 2344 enim
3111 2306 3234 2346 cum

1658 2377 1918 2430 creaturis
1959 2386 2337 2431 annumeratur
2379 2378 2433 2432 id
2463 2379 2603 2448 quod
2643 2379 2939 2434 increatum
2971 2391 3053 2436 est
3092 2399 3104 2435 :
3140 2383 3234 2437 sed

1659 2468 1901 2536 spiritum
1944 2476 2099 2522 vocat
2136 2469 2275 2523 aeris
2316 2477 2537 2523 motum.
2579 2473 2657 2525 Ac
2691 2473 3137 2541 quemadmodum
3179 2476 3232 2529 in

1660 2559 1773 2614 Elia
1803 2559 2057 2628 propheta
2099 2560 2353 2629 scripturn
2381 2570 2464 2616 est
2496 2579 2509 2615 :
2543 2561 2610 2615 Et
2648 2564 2826 2617 coelum
2870 2567 3234 2620 contenebravit

1658 2653 1708 2706 iu
1731 2655 1858 2707 nube
1886 2664 1930 2706 et
1955 2655 2135 2723 spiritu
2158 2655 2236 2725 (5.
2266 2654 2393 2725 Reg.
2418 2656 2503 2710 18.
2531 2656 2646 2725 45);
2676 2659 2754 2710 sic
2781 2667 2829 2712 et
2860 2657 2961 2712 hoc
2989 2659 3105 2714 loco
3126 2660 3235 2729 spi-

1658 2745 1817 2798 ritum
1861 2756 2015 2799 vocat
2058 2748 2195 2800 aeris
2240 2758 2503 2801 naturam.
2537 2747 2756 2802 Demum
2789 2759 3032 2818 superest
3058 2759 3113 2804 ut
3141 2765 3235 2804 os-

1658 2837 1954 2899 tendamus,
1974 2837 2186 2890 ubinam
2205 2838 2339 2906 ignis
2355 2836 2524 2891 factus
2547 2838 2635 2891 sit.
2661 2837 2802 2892 Dixit
2821 2838 2976 2905 Deus,
3001 2839 3118 2892 Fiat
3145 2841 3236 2894 tu:

1661 2925 1810 2998 (Gen.
1840 2929 1891 2981 1.
1919 2927 1999 2996 2),
2024 2936 2078 2981 et
2098 2926 2233 2982 facta
2255 2939 2335 2982 est
2357 2929 2494 2997 ignis
2515 2938 2702 2982 natura
2727 2946 2740 2982 :
2774 2945 2878 2983 non
2901 2930 3070 2984 solum
3091 2931 3232 2985 enim

1657 3019 1744 3072 hic
1774 3018 1907 3088 ignis
1935 3019 2163 3083 exsistit,
2195 3019 2286 3072 sed
2314 3020 2472 3074 etiam
2503 3034 2749 3088 superna:
2777 3029 3068 3088 potestates
3095 3021 3232 3091 ignis

1657 3119 1821 3176 Sunt,
1850 3110 2131 3180 affinisque
2156 3120 2240 3164 est
2265 3125 2530 3180 supernus
2561 3111 2649 3165 ille
2678 3151 2694 3176 ,
2737 3111 2860 3164 huic
2886 3120 3071 3166 nostro
3101 3113 3229 3182 igni.

1656 3203 1920 3271 Qumritur
1944 3211 2140 3267 autem,
2165 3218 2258 3256 cur
2275 3202 2360 3256 hic
2383 3201 2766 3272 exstinguatur,
2789 3202 2876 3257 ille
2899 3218 3026 3256 vero
3054 3218 3230 3258 secus.

1656 3297 1786 3365 Quia
1811 3296 2026 3365 angelos
2065 3296 2189 3350 fecit
2218 3295 2355 3349 Deus
2379 3294 2596 3364 spiritus
2624 3335 2640 3360 ,
2671 3295 2980 3364 animasque
3023 3302 3232 3349 nostras

1657 3388 1781 3441 item
1806 3386 2042 3455 spiritus,
2065 3383 2158 3440 sed
2191 3386 2396 3438 animas
2418 3393 2629 3439 nostras
2657 3384 2708 3438 in
2733 3399 2960 3454 corpore
2976 3426 2990 3452 ,
3016 3385 3234 3453 angelos

1656 3488 1834 3533 autem
1861 3489 2011 3532 extra
2037 3492 2282 3546 corpora.
2336 3476 2798 3546 Quemadmodum
2837 3477 2994 3547 igitur
3037 3477 3089 3531 in
3119 3477 3235 3531 ani-

1656 3570 1841 3624 mabus
1869 3578 1922 3623 et
1945 3569 1997 3624 in
2023 3569 2245 3638 angelis,
2277 3569 2354 3622 sic
2383 3576 2438 3623 et
2461 3568 2514 3622 in
2538 3569 2657 3638 igne
2679 3583 2790 3622 rem
2817 3584 2875 3623 se
2903 3568 3099 3623 habere
3117 3582 3235 3622 ecr-

1655 3662 1819 3715 nitur.
1862 3659 2002 3731 Ignis
2041 3674 2303 3730 supernus
2339 3659 2454 3714 sine
2497 3663 2719 3715 materia
2753 3701 2769 3726 ,
2815 3660 2951 3730 ignis
2995 3658 3234 3714 infernus

1655 3768 1775 3808 eum
1799 3753 2050 3807 materia:
2078 3752 2310 3806 caelestis
2332 3752 2474 3806 enim
2503 3751 2640 3820 ignis
2668 3751 2750 3806 his
2772 3760 2854 3805 est
2874 3749 3071 3815 affinis,
3097 3751 3236 3804 sicut

1655 3853 1710 3899 et
1750 3845 1925 3898 anima
1966 3852 2149 3898 nostra
2193 3843 2366 3896 affinis
2400 3851 2484 3901 est
2527 3843 2768 3912 angelis:
2807 3850 2865 3896 ut
2902 3842 2977 3896 illi
3016 3843 3235 3912 spiritus

1655 3946 1812 4002 sunt,
1845 3937 1923 3990 sic
1951 3946 2004 3990 et
2033 3935 2116 3989 hae
2143 3943 2267 3990 sunt
2289 3935 2508 4003 spiritus
2529 3974 2542 3998 ,
2567 3942 2624 3986 ut
2643 3933 2803 3988 etiam
2835 3942 2945 3987 tres
2974 3934 3123 4002 pueri
3147 3932 3232 3986 di-

1657 4040 1782 4084 cunt
1807 4047 1820 4083 :
1846 4027 2367 4096 Benedicite,spiritus
2401 4035 2448 4079 et
2483 4025 2665 4078 anima:
2683 4027 2936 4096 justorum
2970 4025 2988 4096 (
3017 4023 3150 4076 Dan.
3176 4025 3229 4078 5.

1657 4121 1746 4187 86)
1772 4136 1786 4183 ;
1818 4135 1880 4174 ac
1905 4133 2138 4183 rursum,
2164 4117 2263 4182 Qui
2293 4117 2414 4185 facit
2437 4116 2643 4184 angelos
2671 4131 2788 4168 suos
2814 4115 3023 4181 spiritus
3055 4112 3226 4184 (Psaf.

1657 4211 1780 4265 105.
1813 4211 1848 4264 4
1874 4210 1912 4280 ).
1943 4208 2125 4276 Neque
2153 4207 2310 4276 igitur
2337 4206 2512 4260 anima
2554 4204 2669 4258 sine
2697 4218 2924 4274 corpore
2963 4211 3184 4271 apparet
3213 4242 3229 4266 ,

1657 4319 1829 4373 neque
1855 4303 2028 4372 ignem
2051 4301 2166 4356 sine
2190 4310 2402 4368 stuppa,
2427 4298 2512 4353 vel
2540 4307 2814 4353 sarmento
2831 4340 2848 4366 ,
2871 4297 2954 4352 vel
2975 4298 3077 4350 alia
3109 4312 3222 4349 ma-

1658 4396 1787 4450 teria
1831 4393 2013 4448 videre
2051 4400 2153 4445 est.
2199 4390 2270 4447 Ut
2302 4399 2478 4444 autem
2521 4389 2831 4445 ostendatur
2875 4387 3016 4442 hunc
3055 4387 3231 4457 ignem

1656 4502 1762 4542 non
1791 4499 1911 4541 esse
1938 4484 2206 4550 alienum,
2251 4481 2302 4536 id
2333 4482 2492 4536 docet
2519 4482 2632 4552 ipsa
2665 4490 2872 4536 natura.
2895 4478 3043 4534 Multi
3074 4493 3232 4532 nam-

1656 4595 1760 4649 que
1785 4593 1926 4646 saape
1955 4592 2019 4632 ex
2042 4575 2156 4630 sole
2187 4575 2360 4644 ignem
2391 4582 2718 4640 mutuantur,
2741 4580 2796 4626 et
2817 4569 3113 4626 accendunt
3137 4586 3151 4623 :
3186 4569 3232 4624 si

1656 4679 1832 4725 autem
1861 4669 2066 4722 alienus
2095 4676 2256 4732 esset,
2286 4664 2559 4735 quomodo
2588 4665 2818 4718 alienum
2847 4679 2914 4717 ex
2939 4663 3052 4732 ipso
3088 4662 3232 4715 acci-

1658 4761 1914 4831 peretur?
1943 4760 2190 4828 Alioquin
2221 4767 2326 4810 tam
2356 4759 2539 4826 ingens
2582 4757 2634 4810 in
2684 4755 2816 4810 caelo
2847 4755 2980 4824 ignis
3009 4755 3233 4810 estsine

1657 4853 1898 4911 materia.
1921 4859 1980 4904 ut
2008 4852 2058 4903 in
2089 4856 2266 4902 monte
2294 4847 2418 4902 Sina
2447 4848 2580 4917 ignis
2605 4855 2904 4914 appareret,
2922 4861 3080 4916 quem
3110 4845 3234 4900 abs-

1656 4961 1760 5016 que
1797 4943 1951 5012 lignis
2005 4940 2257 5008 subjectis
2289 4980 2304 5002 ,
2331 4938 2424 4993 sed
2472 4954 2535 4993 ex
2579 4938 2696 5006 ipso
2730 4936 2967 4991 materia:
3011 4945 3233 5006 experte

1658 5039 1779 5106 igne
1800 5035 1865 5088 ad
1888 5033 2242 5104 spectaculum
2273 5031 2458 5085 eduxit
2487 5031 2652 5093 Deus,
2673 5038 2731 5083 ut
2748 5029 3011 5099 quispiam
3037 5028 3233 5082 dixerit

1659 5140 1877 5197 parvum
1908 5137 2027 5179 esse
2074 5123 2214 5176 hunc
2253 5123 2430 5192 ignem
2461 5137 2580 5175 cum
2609 5121 2700 5174 illo
2731 5120 2929 5189 ingenti
2955 5133 3234 5188 compara-

1660 5231 1792 5274 tum.
1837 5218 1927 5274 Sic
1965 5218 2141 5287 itaque
2185 5217 2258 5269 ait
2299 5214 2542 5286 Moyses:
2574 5211 2652 5267 De
2692 5214 2815 5266 ratio
2852 5213 3076 5265 auditam
3119 5211 3234 5281 fecit

1658 5314 1908 5367 Dominus
1950 5327 2117 5364 vocem
2159 5325 2301 5363 suam
2335 5349 2350 5372 ,
2389 5317 2435 5360 et
2466 5307 2678 5360 ostendit
2718 5305 2855 5358 Deus
2892 5306 3056 5374 ignem
3085 5319 3230 5357 suum

1659 5404 1938 5479 magnum(
1968 5403 2117 5458 Deut.
2150 5403 2202 5456 4.
2229 5403 2301 5456 36
2331 5400 2384 5472 );
2417 5411 2471 5452 ut
2509 5399 2902 5455 demonstraret
2939 5396 3077 5449 hunc
3112 5409 3232 5448 esse

1659 5516 1899 5570 parvum.
1927 5496 2114 5552 Omnia
2142 5496 2314 5564 itaque
2341 5493 2474 5562 ignis
2495 5500 2635 5556 sunt,
2667 5499 2719 5544 et
2745 5488 2938 5557 fulgur,
2962 5497 3015 5542 et
3040 5485 3228 5549 stellm,

1659 5601 1713 5647 et
1741 5591 1818 5645 sol
1840 5599 1892 5644 et
1917 5589 2060 5650 luna,
2093 5586 2301 5653 illisque
2333 5594 2514 5638 noster
2535 5581 2667 5652 ignis
2696 5579 2870 5633 afﬁnis
2895 5586 2995 5630 est.
3018 5577 3080 5629 Et
3109 5574 3230 5629 vide

1660 5697 1818 5752 quam
1858 5678 2169 5733 affinitatem
2211 5675 2441 5729 habeant
2468 5677 2694 5743 ἀστραπὴ
2720 5679 2774 5725 et
2805 5671 3022 5738 intpsg,
3057 5664 3230 5734 fulgur

1661 5784 1714 5830 et
1739 5772 1929 5838 stellae,
1955 5769 2040 5826 vel
2065 5784 2129 5824 ex
2157 5769 2268 5839 ipso
2295 5766 2544 5831 nomine;
2574 5766 2801 5833 ἀστραπὴ
2831 5768 2884 5815 et
2907 5765 3062 5833 ἄστρα
3082 5798 3098 5826 ,
3123 5755 3227 5812 ful-
