3704 6274
479 340 586 398 6'55

478 470 580 522 gur
602 461 658 508 et
678 450 863 506 stell:e.
896 450 1147 504 Servator
1172 456 1371 513 autem,
1404 454 1458 501 ut
1484 442 1784 499 ostenderet
1810 442 1980 512 ignem
2002 450 2057 496 et

481 549 658 617 fulgur
683 544 875 599 similia
902 557 1021 597 esse
1046 582 1060 605 ,
1083 542 1157 595 ait
1188 541 1238 593 in
1267 536 1590 605 Evangelio:
1618 536 1845 589 Lucerna
1874 551 2056 597 corpo-

479 639 553 691 ris
571 645 644 691 est
663 634 858 688 oculus.
888 632 949 687 Si
969 632 1143 686 oculus
1162 640 1275 683 tuus
1295 630 1445 697 fuerit
1466 626 1681 689 lucidus,
1700 635 1857 678 totum
1878 640 2061 692 corpus

484 738 624 781 tuum
646 724 869 779 lucidum
893 724 987 776 erit
1006 721 1225 791 (Matth.
1247 720 1301 774 6.
1323 718 1440 787 22).
1465 718 1589 771 ﬂare
1610 719 1878 771 Servator.
1906 715 2061 768 Dein-

481 818 551 872 de
572 816 873 885 subjnngit:
899 814 964 869 Ut
993 829 1105 865 cum
1130 810 1331 864 lucerna
1350 810 1550 879 fulgure
1569 807 1821 863 illuminat
1842 816 1887 858 te
1908 805 2060 877 (Luc.

488 910 575 963 11.
608 907 736 977 56);
766 907 997 960 lucerna:
1018 904 1194 972 fulgur
1218 917 1415 955 vocans
1444 900 1676 954 lucernae
1704 898 1985 968 fulgorem.

556 999 611 1053 5.
639 996 826 1051 Omnia
849 995 1006 1064 igitur
1035 992 1170 1048 facta
1197 1000 1320 1047 sunt
1353 1010 1366 1046 :
1397 992 1535 1061 ignis
1562 990 1731 1044 factus
1757 997 1858 1054 est,
1882 988 2064 1059 abyssi

486 1090 640 1146 factm
666 1097 825 1151 sunt,
860 1068 1001 1142 vcnti
1026 1127 1041 1153 ,
1087 1096 1314 1156 quatuor
1341 1085 1605 1139 elementa
1634 1124 1649 1148 ,
1683 1092 1819 1136 terra
1843 1123 1858 1146 ,
1888 1083 2022 1150 ignis
2045 1123 2062 1147 ,

489 1197 644 1251 aqua,
673 1196 784 1235 aer.
816 1179 947 1233 Nam
974 1194 1094 1248 qua:
1117 1177 1539 1245 omiseratquasi
1564 1175 1650 1230 hic
1671 1175 1893 1229 resumit
1918 1173 2069 1244 Moy-

487 1288 573 1329 ses
593 1273 807 1328 dicens:
841 1271 947 1326 Sea:
971 1271 1142 1324 diebus
1167 1270 1284 1339 fecit
1310 1268 1447 1322 Deus
1472 1269 1650 1322 ctutum
1679 1278 1723 1321 et
1746 1278 1933 1320 terram
1962 1309 1975 1329 ,
2018 1276 2064 1321 et

489 1366 661 1417 omnia
683 1378 798 1432 qua:
817 1362 870 1416 in
891 1363 960 1415 eis
988 1371 1106 1414 sunt
1132 1360 1323 1430 (Exod.
1352 1358 1442 1414 20.
1469 1356 1578 1429 11).
1607 1356 2064 1423 Quemadmodum

489 1465 668 1511 autem
694 1455 935 1523 corporis
962 1470 1067 1508 non
1097 1454 1275 1507 omnia
1305 1452 1540 1505 membra
1571 1451 1724 1512 dixit,
1756 1451 1835 1504 sic
1863 1465 1924 1505 ea
1947 1466 2067 1517 qua:

490 1547 558 1601 ad
587 1547 908 1602 creationem
940 1553 1181 1613 spectant
1202 1559 1308 1597 non
1337 1542 1688 1603 euumeravit,
1722 1540 1931 1594 etiamsi
1953 1555 2070 1593 om-

492 1639 579 1693 nia
600 1653 719 1694 cum
742 1636 941 1691 mundo
967 1638 1072 1691 sint
1094 1634 1326 1690 condita.
1359 1633 1413 1688 Si
1456 1648 1614 1702 porro
1642 1648 1744 1688 non
1765 1641 1908 1687 esset
1934 1632 2069 1702 ignis

491 1731 547 1786 in
574 1739 736 1793 terra,
760 1744 864 1782 non
896 1728 1055 1782 hodie
1080 1729 1253 1797 ignem
1272 1742 1338 1781 ex
1365 1735 1511 1795 petra
1538 1726 1847 1793 educerent,
1879 1740 1982 1778 non
2003 1740 2069 1780 cx

492 1821 677 1891 ligno;
707 1822 950 1875 collisum
987 1821 1181 1890 quippe
1226 1820 1424 1888 lignum
1475 1821 1650 1889 ignem
1697 1819 1909 1874 emittit.
1937 1819 2070 1872 Ani-

492 1930 638 1968 mum
675 1928 803 1984 ergo
827 1915 1112 1984 diligenter
1139 1915 1351 1968 adhibe.
1388 1912 1623 1967 Tenebra:
1647 1955 1663 1980 ,
1693 1913 1862 1982 inquit
1887 1954 1902 1978 ,
1927 1923 2071 1966 erant

492 2021 643 2073 super
670 2006 850 2075 faciem
882 2005 1050 2075 abyssi
1093 2004 1111 2075 (
1138 2004 1266 2060 Gen.
1301 2005 1350 2058 1.
1380 2005 1416 2057 2
1437 2006 1477 2074 ).
1527 2005 1739 2073 Ergone
1766 2044 1779 2065 ,
1822 2003 2027 2072 inquies
2052 2041 2069 2069 ,

498 2095 643 2150 Deus
673 2096 917 2150 tenebras
948 2096 1110 2150 fecit?
1137 2096 1345 2151 Scimus
1374 2096 1532 2149 altam
1565 2109 1685 2149 esse
1711 2095 2029 2161 sententiam
2055 2111 2069 2147 :

496 2188 591 2242 sed
622 2188 742 2257 quia
765 2188 817 2241 in
847 2195 988 2241 ctetu
1031 2202 1175 2256 saape
1207 2201 1390 2241 sumus
1432 2202 1619 2241 eorum
1650 2228 1664 2252 ,
1694 2200 1919 2255 quorum
1952 2199 2074 2254 pars

498 2278 672 2332 amico
696 2278 915 2332 audiunt
947 2279 1125 2331 animo
1145 2319 1159 2343 ,
1197 2292 1319 2347 pars
1344 2293 1470 2332 vero
1496 2276 1888 2346 reprehendere
1931 2285 2073 2329 sata—

499 2378 633 2436 gunt
666 2385 679 2433 ;
727 2383 949 2423 necesse
992 2378 1074 2424 est
1111 2370 1335 2424 verbum
1368 2385 1472 2423 non
1503 2370 1619 2424 sine
1644 2370 1885 2424 examine
1912 2370 2075 2424 relin-

502 2474 694 2527 quere,
721 2475 789 2514 ne
814 2468 932 2530 post
959 2476 1147 2531 magna
1176 2462 1434 2530 promissa
1468 2503 1482 2527 ,
1515 2462 1704 2532 exigua
1735 2472 2072 2531 praestemus.

500 2549 780 2606 Undenam
810 2567 937 2621 ergo
963 2554 1201 2608 tenebra:
1226 2553 1249 2606 ?
1277 2553 1409 2607 Nam
1437 2555 1577 2607 Deus
1611 2596 1626 2619 ,
1669 2555 1915 2623 inquiunt
1940 2594 1955 2620 ,
1982 2554 2076 2609 has

498 2658 608 2699 non
634 2642 791 2699 fecit:
822 2645 961 2701 Deus
981 2647 1121 2700 enim
1155 2688 1169 2712 ,
1200 2647 1347 2700 aiunt
1374 2689 1389 2712 ,
1420 2662 1590 2717 neque
1618 2647 1952 2702 tenebrarum
1976 2662 2079 2703 ne-

500 2749 608 2803 que
650 2735 893 2806 caliginis
938 2738 1113 2806 opifex
1145 2750 1244 2792 est.
1278 2739 1415 2806 Quid
1444 2739 1601 2808 igitur
1641 2747 1765 2793 sunt
1792 2739 2025 2794 tenebra:
2054 2741 2077 2793 ‘l

501 2823 649 2879 Multi
677 2824 925 2881 dixerunt
948 2841 1067 2881 esse
1092 2828 1207 2881 caeli
1249 2829 1514 2887 umbram.
1551 2829 1682 2883 Nam
1708 2871 1721 2893 ,
1745 2829 1892 2883 aiunt
1916 2871 1929 2892 ,
1956 2845 2078 2885 cum

503 2916 691 2970 caalum
716 2918 960 2988 superius
983 2918 1256 2972 conditum
1301 2928 1414 2985 est,
1442 2934 1563 2972 cum
1612 2934 1841 2988 superna
1880 2920 2079 2973 lumina

503 3011 739 3067 nondum
779 3022 987 3078 essent,
1020 3013 1215 3067 nudata
1243 3024 1356 3068 erat
1383 3024 1522 3069 terra
1547 3054 1562 3079 ,
1590 3023 1644 3070 et
1670 3013 1824 3069 factm
1854 3022 1978 3068 sunt
1999 3023 2079 3069 te-

504 3104 705 3159 nebrae.
749 3104 819 3160 At
847 3106 1035 3160 celum
1064 3120 1349 3176 supernum
1382 3106 1615 3159 lucidum
1644 3115 1727 3160 est
1756 3147 1770 3170 ,
1802 3122 1907 3160 non
1935 3115 2083 3160 tene-

504 3196 723 3253 brosum
747 3214 762 3263 ;
789 3206 947 3268 atque
976 3199 1184 3253 etiamsi
1208 3214 1313 3252 non
1342 3198 1563 3253 haberet
1584 3200 1752 3254 solem
1779 3241 1793 3263 ,
1827 3201 2006 3254 lunam
2026 3207 2083 3254 et

505 3287 695 3344 stellas
727 3330 742 3354 ,
775 3289 944 3358 ipsam
972 3299 1211 3344 naturam
1242 3306 1335 3359 per
1357 3305 1415 3344 se
1436 3291 1802 3359 splendentem
1840 3291 2081 3347 haberet.

434 3440 439 3443 ι
505 3380 561 3436 Si
587 3395 714 3451 ergo
728 3382 916 3437 caelum
945 3383 1280 3448 imminebat,
1309 3393 1553 3451 terraque
1574 3398 1806 3452 expansa
1836 3392 1983 3450 erat,
2018 3384 2082 3438 il-

488 3471 706 3541 .ludque
742 3487 972 3543 superne
1018 3474 1270 3542 lucebat,
1298 3483 1353 3528 et
1388 3474 1499 3528 haec
1530 3475 1703 3529 lucem
1743 3474 2082 3544 excipiebat,

507 3561 776 3617 undenam
806 3562 1038 3618 tenebrae
1060 3565 1084 3617 ?
1109 3563 1233 3618 Mihi
1261 3573 1406 3619 certe
1430 3564 1658 3629 videtur,
1681 3565 1930 3634 quoniam
1948 3580 2084 3634 aqua

509 3664 667 3710 terrae
697 3655 1032 3725 superficiem
1059 3658 1307 3726 tegebat,
1335 3657 1636 3727 nebulaque
1674 3666 1729 3712 et
1754 3659 1924 3728 caligo
1944 3660 2085 3714 circa

508 3760 675 3817 aquas
696 3746 1024 3802 consistebat
1052 3788 1067 3814 ,
1099 3747 1239 3816 quod
1269 3750 1429 3802 etiam
1463 3763 1604 3802 nunc
1629 3750 1843 3803 evenire
1865 3750 2001 3804 solet
2030 3750 2083 3805 in

509 3839 817 3895 fluminibus
849 3881 866 3906 ,
903 3840 1280 3896 obscuritatem
1304 3842 1450 3895 illam
1476 3841 1757 3910 caliginem
1785 3843 2083 3899 excitasse:

508 3931 785 4002 nubesque
828 3930 1020 3987 fecisse
1050 3974 1066 3998 ,
1096 3947 1161 3988 ac
1210 3932 1378 3988 nubes
1418 3933 1796 3989 obumbrantes
1840 3936 2087 3991 tenebras

508 4024 805 4080 induxisse.
828 4025 978 4092 Quod
1008 4034 1185 4080 autem
1209 4033 1379 4080 nubes
1412 4025 1656 4096 tenebras
1683 4028 1900 4093 excitet,
1932 4027 1980 4081 id
2006 4028 2088 4082 dis

508 4116 583 4171 cit
605 4115 912 4187 Scriptura:
944 4116 1008 4171 Et
1046 4118 1225 4171 caelum
1250 4117 1622 4172 obtenebratum
1661 4128 1733 4172 est
1774 4120 1828 4172 in
1874 4120 2121 4173 nubibus“

510 4208 602 4273 (5.
634 4207 763 4279 Reg.
794 4208 879 4263 18.
900 4208 1026 4280 45).
1060 4210 1445 4264 [hereticorum
1475 4219 1657 4265 autem
1683 4211 1953 4282 allegorias
1979 4226 2087 4267 non

510 4300 817 4370 ignoranda:
857 4309 1000 4354 sunt.
1032 4300 1255 4369 Quidam
1283 4301 1517 4356 lucretici
1551 4302 1731 4357 dicere
1775 4304 1886 4356 ausi
1914 4312 2034 4358 sunt
2068 4345 2083 4369 ,

514 4391 764 4446 tenebras
789 4405 910 4446 esse
938 4392 1205 4446 diabolum
1228 4392 1332 4464 (a),
1360 4393 1609 4464 abyssum
1637 4408 1764 4447 vero
1792 4392 2082 4447 daemonas:

510 4480 724 4551 quando
765 4491 940 4535 autem
978 4481 1112 4536 dixit
1150 4483 1291 4537 Deus
1324 4500 1338 4536 :
1373 4481 1492 4535 Fiat
1534 4484 1660 4547 lux;
1688 4484 1740 4538 id
1769 4493 1848 4538 est
1897 4483 2085 4551 Filius,

512 4574 696 4627 aiunt:
720 4572 835 4627 Non
862 4572 1023 4627 modo
1048 4588 1176 4643 ergo
1199 4576 1215 4605 ¹
1244 4573 1321 4627 illi
1348 4574 1548 4629 honore
1569 4590 1666 4644 par
1694 4584 1775 4629 est
1803 4575 2043 4631 diabolus
2068 4619 2083 4643 ,

510 4667 605 4722 sed
656 4667 813 4722 etiam
864 4668 956 4722 illo
994 4667 1191 4723 senior.
1227 4668 1419 4723 Verum
1472 4668 1607 4723 hanc
1648 4668 1969 4737 impietatem
2019 4685 2087 4725 ne

509 4772 931 4815 commemorare
958 4759 1168 4824 quidem
1199 4775 1293 4829 par
1314 4770 1395 4816 est
1417 4776 1435 4819 :
1454 4760 1547 4816 sed
1577 4760 1695 4815 ideo
1721 4761 2037 4830 protulimus
2068 4804 2084 4830 ,

510 4865 579 4905 ne
604 4864 666 4905 ea
694 4866 813 4920 quae
839 4851 980 4906 dicta
1007 4861 1131 4907 sunt
1151 4852 1486 4923 ignoraretis.
1518 4852 1778 4908 Tenebras
1801 4869 1929 4925 ergo
1957 4863 2084 4910 tunc

511 4940 614 4995 illa:
638 4957 705 4996 ex
736 4941 962 4998 nubibus
1002 4952 1172 4998 erant.
1221 4944 1309 4999 Sic
1348 4945 1492 5000 enim
1534 4947 1586 4999 in
1616 4944 1850 5017 tEgypto
1876 4962 2086 5017 quoque

512 5031 745 5086 tenebrae
770 5043 921 5089 erant
943 5076 957 5097 ,
989 5051 1092 5089 non
1122 5035 1261 5105 quod
1292 5052 1397 5091 nox
1422 5046 1563 5091 esset
1587 5079 1601 5103 ,
1632 5039 1725 5092 sed
1748 5039 1888 5107 quod
1916 5039 2086 5109 caligo

511 5132 656 5175 esset
684 5121 895 5177 inducta
942 5123 962 5196 (
992 5123 1160 5179 Exod.
1192 5125 1279 5179 l0.
1308 5126 1379 5179 22
1406 5143 1512 5197 sqq.
1547 5126 1568 5198 )
1615 5126 1703 5183 Sic
1731 5137 1784 5183 et
1822 5130 1873 5182 in
1906 5140 2086 5185 monte

511 5212 637 5269 Sina
665 5212 862 5270 factum
889 5225 1007 5282 est;
1042 5217 1274 5272 tenebrat
1310 5228 1463 5273 erant
1504 5236 1608 5274 non
1656 5237 1723 5276 ex
1769 5233 1923 5277 nocte
1946 5264 1961 5289 ,
1991 5224 2086 5279 sed

576 5363 740 5428 {Haec
781 5362 832 5412 in
869 5362 1039 5428 savuio
1060 5364 1386 5428 additamento
1422 5372 1562 5415 aucta
1603 5364 1834 5428 leguntur
1870 5369 1917 5417 in
1958 5370 2087 5421 hunc

509 5424 731 5495 modum:
746 5425 943 5495 quando
965 5432 1131 5495 autent
1147 5425 1273 5477 diuit
1296 5435 1424 5495 Dens
1448 5439 1464 5476 :
1496 5445 1519 5473 ι
1538 5424 1773 5495 Fiatlua,
1798 5446 1819 5474 ι)
1937 5431 2088 5495 impe-

508 5485 635 5557 ravit
658 5486 874 5559 ut
892 5486 1032 5559 ﬁeret
1040 5501 1065 5559 ί
1086 5492 1133 5536 et
1143 5500 1246 5559 _non
1565 5485 1816 5559 diabolum
1825 5493 1986 5559 dicere
2005 5485 2084 5546 ite-

514 5549 699 5615 piorem
720 5548 861 5615 Filio.
888 5547 938 5600 Si
968 5547 1099 5615 enim
1119 5547 1309 5615 damon
1328 5551 1388 5601 sit
1411 5550 1628 5615 abyssus,
1646 5558 1692 5602 et
1715 5552 1932 5615 diabolus
1954 5564 2084 5607 tene-

508 5607 628 5679 θεῖε,
665 5618 712 5679 et
746 5610 789 5661 si
819 5613 1059 5679 c_um_jam
1094 5609 1309 5679 abyssus
1326 5619 1372 5662 et
1401 5607 1931 5679 tenebrw'exsisterent,
1958 5627 2086 5670 Deus

509 5668 726 5743 digerit:
751 5692 772 5717 ι
792 5672 900 5722 Fiat
924 5673 1071 5743 ιτιῳη
1093 5681 1137 5723 et
1156 5668 1249 5743 lux
1266 5672 1328 5723 sit
1352 5674 1503 5726 Filius
1521 5689 1540 5740 ;
1562 5689 1653 5728 non
1676 5677 1817 5730 ntodo
1833 5668 1963 5743 ergo.
1985 5668 2081 5732 etc.

570 5732 646 5787 tu)
679 5742 774 5786 ttoc
792 5737 1118 5787 contemtebat
1138 5736 1390 5799 origeues.

1931 326 2059 383 SEV
2069 322 2298 381 ΕιιιΑΝι
3628 316 3680 386 td

2176 438 2318 493 nube
2338 436 2691 493 obumbrante
2723 438 2741 510 (
2773 434 2921 493 Deut.
2955 440 3009 494 4.
3039 438 3097 493 11
3133 436 3176 508 ).
3200 437 3287 493 Sic
3316 438 3480 495 etiam
3511 438 3561 493 in
3582 456 3680 499 cum

2164 530 2363 585 Christi
2394 530 2626 585 tenebrae
2653 529 2804 583 factae
2831 539 2956 583 sunt
2980 570 2995 593 ,
3040 546 3146 585 non
3191 530 3517 586 adveniente
3546 544 3673 587 noue

2166 625 2258 680 sed
2286 624 2470 678 umbra
2492 632 2546 677 et
2574 623 2934 676 obstructione
2962 622 3120 676 facta.
3145 621 3217 676 Ita
3246 639 3349 675 non
3376 632 3587 691 oportet
3609 622 3680 681 dixi

2167 730 2233 769 na
2255 715 2466 783 eloquia
2520 722 2723 768 temere
2749 713 2983 782 aggredi.
3019 712 3084 767 Et
3112 714 3319 783 spiritus
3347 713 3445 767 Dei
3471 718 3680 780 ειφεηέγι

2167 804 2314 858 batur
2338 821 2490 873 super
2513 802 2736 875 aquam(
2767 802 2893 857 Gen.
2931 805 2979 857 l.
3012 804 3047 857 2
3076 806 3115 871 ).
3142 803 3396 873 Spiritum
3437 814 3591 857 vocat
3613 822 3680 861 ινιτ

2171 905 2304 958 tum,
2334 904 2391 949 ut
2412 894 2535 949 alibi
2557 895 2683 949 dicit
2714 911 2726 946 :
2767 894 2830 947 In
2857 894 3037 963 spiritu
3056 896 3326 947 vehementi
3346 904 3573 948 conteres
3593 912 3680 949 mut

2172 988 2378 1041 Tharsis
2413 986 2581 1057 (Psal.
2612 989 2700 1042 47.
2732 989 2820 1056 8);
2855 988 3097 1055 spiritum
3131 1002 3329 1041 vocans
3356 988 3501 1040 aeris
3528 1002 3679 1042 motum

2168 1078 2248 1134 Ne
2280 1087 2434 1148 putes
2461 1080 2606 1132 enim
2644 1078 2783 1131 aliud
2828 1093 2949 1133 esse
2985 1094 3163 1132 aerem
3192 1121 3207 1145 ,
3238 1089 3291 1133 et
3317 1080 3464 1133 aliud
3493 1092 3670 1133 \eutum

2174 1170 2287 1238 ipse
2315 1171 2510 1238 quippe
2534 1185 2628 1224 aer
2664 1170 2959 1224 concitatus
3000 1180 3215 1224 ventum
3250 1169 3371 1223 facit
3401 1212 3419 1237 ,
3466 1181 3522 1224 ut
3546 1156 3680 1238 expeti

2173 1272 2355 1315 mento
2375 1262 2772 1330 Comprobatur.
2809 1261 2962 1329 Saepe
2992 1261 3151 1331 igitur
3172 1261 3386 1315 ﬂabello
3415 1272 3510 1315 aut
3532 1264 3679 1325 Slillititi

2171 1351 2510 1420 tranquillum
2538 1366 2715 1405 aerem
2742 1366 3147 1405 conimovemus
3172 1394 3186 1415 ,
3238 1361 3289 1404 ct
3328 1367 3397 1405 ex
3440 1353 3577 1405 aeris
3601 1350 3679 1433 nisi

2173 1452 2391 1497 ventum
2415 1442 2654 1497 facimus.
2687 1444 2753 1498 Ut
2770 1458 2899 1512 ergo
2926 1459 2993 1498 ex
3019 1444 3133 1512 ipso
3153 1444 3340 1513 spiritu
3362 1444 3680 1511 demonstran

2175 1544 2260 1588 tur
2288 1544 2501 1589 rentum
2543 1550 2664 1589 esse
2705 1535 2843 1589 aeris
2888 1545 3092 1589 motum
3114 1575 3130 1598 ,
3172 1533 3271 1589 hac
3297 1514 3367 1588 de
3396 1550 3557 1588 causa
3583 1520 3680 1605 dixit

2175 1625 2620 1694 Superferebatur.
2654 1625 2932 1693 Proprium
2956 1625 3099 1679 enim
3135 1635 3293 1680 vento
3320 1636 3407 1681 est
3435 1635 3494 1678 ut
3521 1628 3680 1705 superlt

2174 1727 2323 1773 ratur
2347 1720 2621 1773 creationi.
2669 1717 2813 1772 Dixit
2848 1717 2987 1772 Deus
3015 1758 3031 1780 ,
3074 1717 3198 1771 Fiat
3222 1718 3333 1771 lux.
3359 1718 3470 1773 Cur
3496 1734 3595 1771 non
3621 1722 3680 1793 dir

2175 1809 2404 1880 Moyses,
2441 1810 2582 1863 Dixit
2609 1809 2747 1863 Deus
2775 1850 2789 1873 ,
2824 1807 2943 1862 Fiat
2971 1808 3157 1862 caelum
3180 1849 3194 1872 ,
3225 1807 3314 1860 fiat
3344 1823 3499 1862 mare
3519 1846 3537 1874 ,
3566 1810 3680 1883 sedi

2175 1898 2387 1968 quidem
2411 1941 2425 1965 ,
2452 1898 2595 1952 Fecit
2621 1939 2634 1962 ,
2666 1897 2754 1953 hic
2772 1914 2931 1963 vero,
2964 1898 3103 1953 Dixit
3124 1940 3138 1964 ,
3164 1898 3592 1967 quandoquidem
3616 1916 3680 1971 apt

2176 2006 2277 2044 nos
2302 2005 2480 2045 sermo
2504 1989 2760 2059 praecedit
2786 2005 2921 2060 Opus
2946 2008 2958 2041 :
2982 2005 3102 2043 nam
3131 1990 3305 2058 primo
3328 1990 3558 2044 dicimus
3577 2033 3589 2054 ,
3608 1992 3680 2059 diu

2175 2080 2245 2135 de
2284 2079 2548 2134 facimus?
2574 2080 2871 2135 Ostendere
2898 2081 3081 2135 volens
3109 2080 3277 2135 Deum
3329 2082 3509 2151 primo
3546 2080 3680 2147 facere

2178 2180 2236 2226 ut
2257 2172 2401 2226 omni
2426 2187 2674 2227 sermone
2693 2172 3014 2227 velociorem
3040 2174 3371 2227 creationem
3401 2187 3523 2227 esse
3549 2173 3680 2233 demet

2177 2272 2346 2327 stret;
2376 2264 2592 2334 quando
2613 2265 2888 2319 materiam
2914 2265 3111 2319 virtute
3139 2280 3235 2319 sua
3258 2274 3432 2323 creat.
3462 2265 3584 2320 dicit
3606 2267 3680 2325 illa

2180 2355 2327 2410 Fecit
2352 2373 2370 2420 ;
2390 2356 2602 2426 quando
2626 2367 2806 2412 autem
2828 2357 3003 2411 omnia
3032 2358 3169 2411 Deus
3198 2367 3496 2413 ornaturus
3520 2370 3680 2420 erat.a

2179 2460 2338 2506 natus
2366 2461 2542 2505 autem
2566 2449 2869 2519 huiusmodi
2898 2451 3218 2520 principium
3240 2450 3331 2504 lux
3362 2460 3503 2516 erat,
3536 2454 3680 2507 tnucit

2180 2541 2327 2595 ducit
2354 2542 2675 2595 concinnum
2705 2554 3027 2595 sermonem.
3059 2540 3127 2595 Et
3152 2542 3277 2611 quia
3301 2556 3521 2595 rursum
3539 2544 3680 2610 prima

2183 2631 2276 2685 Dei
2320 2645 2455 2700 opus
2493 2632 2582 2685 lux
2615 2672 2627 2690 .
2676 2642 3004 2699 postremum
3050 2646 3179 2686 vero
3227 2633 3397 2686 homo
3442 2632 3570 2685 fuit:
3597 2635 3680 2700 pra

2160 2710 2324 2777 'Dcus
2340 2723 2508 2775 lucem
2522 2706 2774 2791 operatur
2789 2725 2973 2787 verbo,
2996 2731 3266 2791 postremo
3284 2722 3561 2777 hominem
3582 2739 3679 2792 open

2188 2831 2216 2867 a
2251 2814 2369 2869 luce
2392 2815 2443 2868 in
2470 2815 2641 2869 lucem
2666 2814 2940 2869 desinens.

2255 2904 2305 2959 6.
2339 2903 2505 2957 Homo
2537 2905 2787 2971 quomodo
2825 2905 2931 2957 lux.
2968 2934 3031 2943 --
3057 2904 3338 2971 Quomodo
3368 2914 3554 2959 autem
3598 2906 3679 2957 bon

2184 2993 2274 3048 lux
2300 2995 2387 3058 sit,
2422 2994 2567 3049 audi.
2592 2995 2705 3049 Lux
2734 3010 2820 3050 res
2848 2995 3084 3050 ostendit
3109 3014 3121 3048 :
3151 2996 3237 3048 lux
3264 2996 3449 3050 mundi
3476 2996 3679 3050 homoesl

2186 3084 2461 3154 ingressus
2498 3085 2735 3140 ostendit
2780 3086 2872 3139 tibi
2904 3086 3077 3141 lucem
3109 3086 3261 3151 artis,
3298 3087 3475 3141 lucem
3511 3088 3679 3142 sciem'u‘

2188 3177 2299 3231 Lux
2349 3177 2586 3232 ostendit
2633 3178 2981 3246 frumentum,
3012 3179 3361 3249 intelligentia
3392 3197 3585 3249 panem
3613 3180 3679 3233 ted

2190 3270 2280 3324 lux
2308 3269 2545 3324 ostendit
2573 3270 2742 3325 vinea:
2775 3286 2929 3324 uvam
2955 3288 2967 3334 ;
2995 3270 3082 3324 lux
3115 3271 3488 3341 intelligentia:
3536 3272 3680 3326 exhilii

2190 3365 2373 3418 vinum
2394 3405 2409 3429 ,
2449 3363 2589 3433 quod
2622 3364 2673 3416 in
2701 3379 2804 3417 uva
2850 3365 3188 3430 continetur,
3220 3364 3308 3418 lux
3336 3368 3645 3419 monstrant
3677 3358 3680 3415 Ι

2192 3471 2353 3517 nam,
2412 3458 2501 3510 lux
2533 3456 2766 3510 hominis
2810 3455 3055 3510 exhibuit
3104 3467 3310 3511 vestem
3355 3457 3489 3511 :lux
3545 3458 3680 3511 esteat

2192 3556 2452 3612 montem,
2488 3548 2575 3601 lux
2611 3549 2978 3617 intelligentiae
2999 3544 3679 3618 exhibuitlapicidinade

2190 3639 2442 3694 Servatur
2469 3639 2645 3693 lucem
2670 3648 2827 3694 vocat
2866 3641 3142 3709 apostolos
3169 3640 3254 3695 bis
3273 3641 3457 3695 verbis
3483 3659 3497 3694 :
3540 3632 3679 3693 ι’ωη

2194 3729 2284 3784 lux
2307 3730 2481 3784 mundi
2505 3730 2715 3801 (Matth.
2742 3732 2795 3787 5.
2819 3731 2931 3801 14).
2965 3729 3072 3787 Cur
3100 3733 3219 3787 illos
3238 3732 3417 3788 lucem
3446 3744 3602 3788 vocat
3620 3733 3680 3784 1V

2194 3829 2251 3874 ut
2278 3821 2399 3876 illos
2423 3821 2622 3876 alliciat
2658 3822 2864 3877 honore
2895 3832 3103 3877 tantum
3126 3864 3139 3883 .
3182 3824 3278 3879 sed
3322 3826 3488 3879 etiam
3522 3836 3578 3878 ut
3621 3836 3680 3892 spt

2192 3910 2603 3966 resurrectionis
2629 3911 2894 3966 ostendat.
2927 3912 3392 3980 Quemadmodum
3414 3916 3557 3969 enim
3576 3916 3647 3967 lux
3670 3926 3679 4005 ι

2193 4016 2349 4070 spere
2369 4001 2619 4055 occidens
2647 4016 2751 4056 non
2793 4003 2968 4071 perit,
3011 4003 3103 4057 sed
3133 4003 3505 4069 absconditur,
3552 4016 3601 4059 et
3628 4001 3680 4077 pet

2192 4106 2350 4160 quam
2374 4090 2583 4145 occulta
2606 4089 2726 4158 fuit,
2758 4106 2969 4145 rursum
2997 4103 3223 4163 apparet
3249 4111 3262 4146 :
3295 4095 3379 4150 sic
3417 4104 3473 4149 et
3503 4090 3680 4175 bomoi

2193 4181 2272 4234 lut
2306 4181 2359 4235 in
2392 4196 2641 4237 occasum
2696 4181 2981 4252 quemdam
3022 4183 3075 4237 in
3116 4184 3426 4253 sepulcrum
3466 4186 3680 4259 demissa

2192 4273 2604 4328 resurrectionis
2636 4289 2849 4328 rursum
2876 4275 3016 4329 ortui
3039 4287 3304 4331 servatur.
3349 4277 3475 4331 Fiat
3500 4280 3605 4332 tu.
3632 4272 3680 4347 bi

2195 4363 2394 4419 factam
2428 4380 2588 4429 esse;
2620 4380 2726 4435 quo
2760 4376 2941 4421 autem
2967 4367 3150 4431 modo,
3176 4385 3283 4423 non
3321 4369 3631 4433 declaravit,
3668 4387 3680 4435 ι

2196 4468 2299 4524 que
2326 4453 2486 4508 etiam
2502 4455 2703 4510 didicit.
2725 4454 2858 4510 Nam
2871 4456 3011 4527 quod
3026 4458 3111 4512 lux
3139 4457 3275 4513 faeta
3300 4460 3391 4525 sit,
3416 4461 3605 4529 inquit,
3631 4461 3679 4511 bu

2194 4545 2316 4600 novi
2348 4564 2362 4602 :
2394 4546 2666 4616 quomodo
2686 4556 2864 4604 autem
2889 4548 3026 4604 facta
3052 4550 3125 4603 sit
3149 4565 3255 4605 non
3286 4552 3463 4623 capio.
3494 4553 3617 4607 ideo
3639 4554 3680 4627 Si

2197 4647 2349 4692 valor
2371 4640 2629 4708 apostolis
2658 4640 2871 4695 dicebat
2903 4659 2917 4692 :
2950 4641 3073 4695 Non
3098 4654 3317 4698 vestrum
3367 4655 3441 4700 est
3468 4664 3616 4700 nosse
3636 4658 3680 4701 to

2193 4745 2318 4798 pora
2342 4731 2417 4784 vel
2462 4742 2712 4786 momenta
2735 4774 2749 4798 ,
2779 4749 2893 4803 quae
2917 4733 3081 4789 Pater
3106 4737 3271 4804 posuit
3298 4738 3351 4791 in
3377 4756 3475 4792 sua
3510 4751 3680 4809 potent

2192 4821 2325 4891 (Act.
2352 4823 2505 4891 L7).
2554 4823 2717 4892 Atqui
2769 4839 2872 4879 non
2904 4834 2989 4880 est
3028 4837 3269 4882 nostrum
3320 4845 3487 4886 nosse
3532 4844 3680 4899 templ

2191 4912 2273 4966 vel
2300 4922 2571 4967 momenta
2593 4955 2610 4978 ,
2647 4923 2701 4967 et
2741 4915 3026 4972 Dominum
3072 4925 3376 4985 temporum
3406 4919 3679 4991 Opificemq

2190 5004 2517 5058 saeculorum
2545 5014 2798 5074 poterunt
2828 5006 3060 5063 humana
3090 5010 3377 5066 ratiocinia
3408 5014 3680 5083 compreitc

2190 5092 2355 5149 dere?
2381 5093 2524 5148 Dixit
2548 5094 2711 5162 Deus,
2745 5094 2863 5149 Fiat
2894 5096 2984 5152 lux
3012 5114 3031 5151 :
3061 5107 3105 5152 et
3133 5098 3272 5168 facta
3291 5110 3367 5153 est
3392 5102 3484 5155 lux
3536 5103 3671 5173 (Ceu.

2190 5186 2267 5258 5).
2311 5186 2356 5242 Ο
2410 5196 2647 5243 sanctam
2689 5189 2833 5244 illam
2865 5204 3219 5261 magnamque
3259 5194 3588 5263 potentiam!
3616 5194 3679 5248 oi

2188 5281 2367 5349 gentia
2396 5280 2652 5335 miracula
2677 5282 2692 5335 !
2718 5279 2883 5335 Facta
2911 5292 2983 5336 est
3007 5282 3099 5337 lua:
3125 5299 3143 5336 :
3183 5295 3230 5337 et
3251 5294 3409 5340 vocat
3431 5285 3569 5341 Deus
3607 5288 3680 5339 tut

2191 5369 2346 5451 diem,
2375 5379 2420 5425 et
2440 5372 2668 5425 tenebras
2696 5380 2891 5426 noctem
2921 5371 3072 5443 (Gen.
3112 5374 3163 5428 1.
3195 5376 3276 5444 5).
3305 5375 3415 5431 Cur
3437 5394 3594 5447 porro
3618 5379 3680 5433 die

2192 5472 2367 5535 ἡμέραν
2411 5464 2603 5519 vocat?
2662 5466 2927 5531 Quoniam
2975 5466 3235 5538 quidquid
3266 5469 3445 5525 laetum
3472 5481 3525 5527 et
3551 5472 3680 5525 hilari

2192 5565 2360 5628 ἥμερον
2409 5556 2525 5613 sive
2561 5556 2718 5613 dulce
2744 5557 2961 5614 dicitur.
3003 5559 3128 5616 ideo
3172 5562 3334 5617 etiam
3382 5565 3680 5637 benignitati

2194 5657 2465 5721 ἡμερότητα
2505 5663 2760 5705 vocamus
2780 5692 2795 5715 ,
2829 5660 2885 5705 et
2903 5650 3111 5707 cicures
3134 5652 3437 5711 animantes
3463 5654 3680 5728 ἡμέρωι

2191 5739 2379 5795 cimus.
2405 5738 2473 5794 Et
2500 5740 2690 5796 vocavit
2720 5740 2856 5798 Deus
2872 5742 3035 5799 lucem
3055 5742 3189 5799 diem
3209 5784 3227 5813 ,
3254 5753 3301 5800 et
3321 5747 3545 5803 tenebras
3572 5758 3680 5801 rem
