3704 6274
36 251 175 311 ι37

44 468 281 523 minem
307 467 362 522 in
391 468 582 522 mortis
633 467 946 522 memoriam
998 477 1217 522 revocat
1264 466 1656 536 propemodum

44 558 304 615 dicens:
335 559 520 623 Disce,
578 559 760 624 homo,
804 559 928 628 quid
973 560 1068 613 sis.
1101 558 1341 614 Mortalis
1369 574 1450 624 es,
1480 559 1657 613 somni

44 649 260 704 virtuti
288 649 538 705 addictus
569 668 582 705 :
610 666 707 706 cur
746 665 810 705 ea
831 666 949 720 quas
976 664 1135 718 supra
1164 660 1213 704 te
1230 660 1364 704 sunt
1400 649 1658 720 imagina-

44 742 138 797 ris
163 744 189 796 ?
222 742 344 797 Nox
372 743 517 797 enim
547 742 889 812 compunctio
910 750 1001 796 est
1030 759 1044 795 :
1073 741 1418 810 quamobrem
1445 741 1519 795 ait
1550 741 1656 794 Da-

43 833 151 887 vid
190 853 204 888 :
239 834 370 901 Qum
393 834 559 888 dicitis
578 834 631 887 in
649 833 883 888 cordibus
906 834 1101 898 vestris,
1130 834 1182 886 in
1210 833 1456 888 cubilibus
1482 833 1658 888 vestris

40 926 472 995 conrpungimini
519 923 685 996 (Psal.
731 926 786 979 4.
813 924 891 994 5).
923 924 1059 979 Vere
1083 927 1229 993 jacet
1283 925 1443 978 homo
1468 935 1653 989 noctu,

42 1025 249 1079 neque
278 1018 541 1077 mortuus,
590 1024 764 1080 neque
791 1011 964 1064 vivus.
993 1010 1270 1079 interroga
1305 1010 1611 1065 luereticum
1633 1028 1651 1063 ς

44 1101 206 1168 Quid
242 1103 365 1157 est?
418 1102 641 1157 vivusne
676 1117 743 1155 an
797 1103 1077 1155 mortuus?
1104 1101 1163 1156 Si
1191 1102 1406 1165 dixerit,
1444 1101 1608 1157 Vivus
1637 1144 1652 1168 ,

43 1208 277 1263 repone
304 1194 381 1248 illi
409 1211 420 1245 :
446 1194 556 1248 Cur
584 1209 713 1264 ergo
741 1209 842 1249 nec
880 1193 1166 1263 loquentes
1192 1208 1292 1247 nec
1320 1193 1656 1250 ambulantes

47 1286 276 1341 sentit?
305 1285 363 1341 Si
390 1285 606 1350 dixerit,
636 1285 897 1349 Mortuus,
930 1295 983 1339 tu
1007 1284 1173 1340 dicito
1196 1302 1209 1337 :
1232 1284 1510 1352 Quomodo
1527 1300 1655 1354 ergo

47 1378 348 1447 reSpirat?
398 1376 542 1448 quod
590 1376 735 1432 enim
769 1375 1036 1446 respirat,
1086 1391 1191 1430 non
1232 1384 1323 1431 est
1348 1385 1650 1432 mortuum;

49 1473 214 1543 quod
247 1488 355 1527 non
390 1471 576 1537 sentit,
604 1487 711 1525 non
736 1479 821 1525 est
843 1471 1020 1525 vivum
1045 1487 1059 1523 :
1088 1472 1316 1539 teips’um
1341 1486 1445 1523 non
1479 1469 1650 1534 vides,

49 1565 160 1618 sed
189 1580 315 1633 qua:
337 1578 499 1633 supra
529 1573 578 1617 te
603 1571 727 1616 sunt
765 1561 1096 1631 imaginaris.
1122 1561 1324 1615 Verum
1352 1560 1467 1615 haec
1521 1561 1653 1614 satis

48 1656 213 1709 circa
248 1656 475 1724 primam
501 1654 643 1709 diem
682 1653 823 1708 dicta
846 1654 971 1708 sint.
1001 1652 1161 1708 Venit
1188 1653 1383 1722 quippe
1403 1667 1649 1721 vespera,

52 1757 115 1800 ut
142 1749 317 1802 etiam
345 1747 452 1802 illic
474 1762 593 1817 quae
616 1745 682 1800 ad
696 1746 922 1816 primam
950 1746 1091 1800 diem
1110 1753 1353 1815 spectant
1375 1745 1646 1809 desinunt,

50 1850 111 1894 et
142 1855 248 1909 pro
272 1838 550 1903 iacultate,
579 1839 681 1893 etsi
715 1837 1007 1907 profundos
1026 1851 1236 1902 sensus,
1272 1838 1652 1906 explicavimus

55 1943 273 1987 tamen.
308 1932 477 1987 Porro
504 1930 741 1987 ﬁdelium
766 1938 856 1984 est
884 1929 1029 1984 dicta
1053 1930 1358 1999 explorare,
1386 1940 1443 1987 et
1473 1932 1649 1991 histo-

54 2025 202 2078 riam
220 2023 537 2095 disquirere.

134 2117 195 2169 7.
246 2115 513 2186 Jejunium
563 2118 812 2186 quomodo
856 2119 1265 2189 sancti/Secutus;
1313 2121 1653 2191 jejunandum

57 2209 296 2262 maxime
319 2225 350 2262 a
372 2208 605 2278 peccatis.
633 2240 703 2248 —
724 2209 834 2265 Nos
851 2220 1028 2265 autem
1058 2212 1193 2266 sacri
1213 2212 1400 2281 jejunii
1428 2214 1649 2282 alumni,

58 2312 116 2356 et
149 2302 208 2355 in
232 2302 825 2371 abstinentiacorporea
851 2303 1054 2359 deliciis
1072 2304 1306 2359 fruentes
1325 2306 1647 2373 caelestibus,

57 2402 319 2448 sanctum
354 2394 611 2464 jejunium
657 2409 874 2449 servare
911 2410 1168 2450 conemur
1212 2413 1227 2451 :
1278 2396 1643 2466 Sanctiﬁcate,

60 2484 244 2555 inquit
264 2524 280 2549 ,
300 2486 556 2554 jejunium
586 2484 741 2555 (Joel.
767 2487 821 2539 1.
852 2486 964 2555 14).
996 2486 1171 2541 Nosne
1200 2487 1325 2542 illud
1351 2489 1651 2544 sanctiﬁca-

59 2592 191 2631 mus
211 2619 227 2643 ,
256 2592 323 2630 an
342 2577 412 2631 ab
456 2577 547 2631 illo
575 2576 1003 2631 sanctificamur?
1036 2578 1229 2633 \‘emm
1278 2580 1328 2634 id
1356 2580 1484 2635 dicit
1531 2596 1652 2651 pro-

62 2668 255 2739 pheta,
278 2677 338 2723 ut
358 2669 485 2724 illud
509 2679 750 2724 sanctum
778 2670 1157 2724 custodiamus.
1190 2669 1649 2735 Quemadmodum

62 2761 217 2814 enim
260 2775 382 2815 cum
428 2759 696 2829 precando
756 2760 1018 2828 dicimus,
1067 2762 1425 2831 Sancti/icetur
1470 2779 1652 2817 nomen

62 2860 212 2904 tuum
233 2851 448 2922 (Matth.
472 2852 530 2906 6.
556 2852 739 2921 9.14),
755 2869 857 2906 non
882 2868 980 2924 pro
1001 2855 1214 2908 nomine
1227 2854 1340 2923 ejus
1372 2870 1653 2923 precamur

63 2945 293 3011 (nomen
317 2943 514 3012 quippe
538 2945 654 3012 ejus
682 2944 860 2999 omnia
900 2947 1243 3016 sanctificat),
1287 2949 1380 3002 sed
1411 2950 1531 3016 quia
1565 2965 1652 3003 no-

63 3049 196 3089 men
225 3036 347 3104 ejus
372 3036 669 3090 invocatum
696 3046 781 3091 est
808 3052 969 3107 super
993 3053 1091 3092 nos
1113 3038 1423 3108 (Christiani
1450 3042 1591 3095 enim
1619 3057 1651 3096 a

64 3127 289 3186 Christo
312 3127 578 3199 dicimur),
605 3129 711 3195 ait,
743 3128 945 3184 Nomen
974 3140 1121 3184 tuum
1154 3133 1206 3185 in
1234 3133 1388 3187 nobis
1419 3133 1651 3188 sanctiﬁ-

65 3229 243 3274 eetur.
279 3219 431 3289 Apud
461 3229 703 3275 sanetum
754 3222 895 3276 enim
935 3223 1113 3277 omnia
1159 3232 1344 3277 sancta
1371 3233 1537 3278 sunt:
1582 3224 1653 3279 ad

67 3312 241 3366 Deum
288 3313 481 3381 quippe
520 3312 650 3366 nihil
694 3328 799 3368 non
851 3324 1090 3369 sanetum
1134 3315 1341 3370 accedit
1379 3333 1393 3370 :
1436 3328 1652 3370 sanctus

73 3406 213 3461 enim
264 3405 403 3460 Deus
449 3416 565 3469 est,
609 3407 662 3459 in
707 3408 907 3461 sanctis
956 3409 1257 3476 quiescens.
1299 3410 1436 3476 Quin
1490 3411 1650 3464 etiam

67 3496 262 3550 ett-lum
301 3497 418 3565 ejus
444 3507 701 3551 sanctum
731 3506 813 3553 est
854 3516 867 3550 :
917 3514 1038 3553 nam
1090 3498 1344 3554 Exaudiet
1390 3502 1537 3556 illum
1590 3504 1654 3557 de

68 3588 194 3640 caelo
210 3596 386 3641 sancto
401 3587 670 3660 suo(Psal.
692 3589 857 3659 19.7).
889 3590 1071 3659 Angcli
1084 3606 1295 3661 quoque
1308 3595 1503 3647 sancti:
1522 3593 1653 3649 Cum

71 3679 260 3731 uenerit
286 3678 454 3733 Filius
474 3679 691 3733 hominis
714 3681 769 3733 in
792 3681 956 3751 gloria
981 3697 1074 3734 sua
1098 3698 1211 3735 cum
1236 3685 1425 3739 sanctis
1459 3685 1654 3756 angelis

68 3772 174 3823 suis
201 3770 394 3841 (Marc.
423 3772 476 3827 8.
505 3771 622 3842 58).
649 3771 820 3828 Terra
845 3774 898 3828 in
925 3790 1031 3844 qua
1061 3775 1151 3830 Dei
1198 3776 1375 3832 cultus
1417 3791 1601 3834 sancta
1638 3798 1650 3835 :

70 3861 136 3915 Et
164 3863 331 3929 volet,
382 3863 585 3934 inquit,
626 3875 844 3920 evertere
882 3875 1228 3921 testamentum
1276 3886 1429 3939 super
1468 3880 1655 3925 terram

68 3967 299 4019 sanctam
327 3959 453 4026 ejus.
477 3957 547 4012 Et
571 3958 753 4012 Davidi
783 3959 903 4013 aula
924 3969 1105 4014 sancta
1136 3970 1218 4016 est
1247 3982 1259 4015 :
1292 3962 1515 4018 Adorate
1537 3962 1653 4017 Do-

70 4048 265 4100 minum
290 4048 344 4101 in
371 4048 493 4102 aula
511 4059 686 4103 sancta
701 4051 812 4121 ejus
841 4049 1009 4121 (Psal.
1031 4052 1123 4107 95.
1148 4054 1223 4124 9).
1261 4054 1410 4110 Idem
1444 4070 1654 4125 quoque

70 4138 317 4203 temjilunt
348 4147 578 4192 sanctum
621 4140 791 4195 dicit:
833 4157 956 4196 nam
997 4142 1246 4197 Sanctum
1292 4155 1364 4199 est
1412 4149 1655 4215 templum

72 4239 235 4294 tuum,
256 4230 486 4284 mirabile
507 4233 561 4285 in
588 4233 819 4303 ceguitate
843 4232 959 4305 (Ps.
991 4235 1078 4288 61.
1104 4236 1157 4290 5.
1182 4237 1262 4304 6).
1283 4234 1421 4292 Oves
1441 4253 1654 4308 quoque

74 4322 300 4375 rationis
330 4330 579 4391 expertes
599 4365 612 4389 ,
661 4340 780 4394 qua:
811 4332 935 4379 tunc
968 4325 1399 4388 immolabantur.
1454 4340 1653 4382 saucue

74 4424 225 4467 erant
256 4432 268 4465 :
308 4413 377 4468 Ut
404 4431 549 4481 oves,
584 4416 791 4485 inquit,
822 4427 1011 4471 sancta:
1031 4418 1083 4471 in
1116 4418 1396 4474 Jerusalem
1436 4420 1651 4490 (Ezech.

74 4505 156 4558 56.
187 4504 300 4574 58).
342 4505 741 4561 Testamentqu
782 4524 993 4578 quoque
1029 4519 1309 4564 sanctum:
1356 4511 1423 4565 Et
1462 4514 1652 4583 conﬁr-

74 4598 225 4651 mabit
249 4614 365 4651 cum
409 4600 580 4653 multis
604 4610 949 4655 testamentum
974 4614 1202 4657 sanctum
1232 4622 1377 4658 suum
1406 4605 1570 4673 (Dan.
1594 4608 1648 4663 9.

73 4693 181 4765 27).
220 4692 360 4748 Urbs
383 4695 494 4763 ipsa
519 4710 728 4765 quoque
756 4706 938 4750 sancta
965 4697 1240 4753 dicebatur
1266 4715 1280 4753 :
1307 4697 1376 4751 Et
1399 4717 1551 4768 super
1576 4702 1653 4753 ci-

75 4788 274 4840 vitatem
294 4798 523 4841 sanctam
563 4798 765 4857 patrum
790 4799 1075 4843 nostrorum
1098 4790 1380 4845 Jerusalem
1410 4792 1570 4863 (Ibid.
1602 4811 1651 4848 v.

74 4877 181 4947 24).
206 4877 350 4932 Nihil
377 4878 571 4948 quippe
597 4894 701 4933 non
724 4892 961 4933 sanctum
983 4881 1190 4937 accedit
1217 4882 1285 4937 ad
1315 4883 1501 4939 Deum.
1529 4885 1655 4939 Ideo

77 4970 145 5023 ait
168 4970 374 5024 Paulus
402 4987 415 5022 :
444 4969 512 5022 Et
552 4971 968 5036 sanctimoniam,
998 4974 1106 5026 sine
1141 4990 1242 5041 qua
1285 4991 1429 5028 nemo
1471 4976 1652 5030 videbit

74 5060 437 5130 DeumUIebr.
469 5060 553 5116 l2.
577 5063 690 5132 14).
722 5062 1084 5133 Jejunavimus
1109 5080 1139 5118 a
1166 5080 1333 5134 pane;
1352 5066 1655 5136 jejuuemus

76 5157 221 5211 etab
262 5154 563 5225 iniquitate.
610 5156 725 5211 Non
751 5157 986 5212 comedis
1033 5161 1263 5226 panem?
1289 5159 1365 5214 Ne
1405 5161 1655 5215 comedas

76 5260 267 5303 sarnes
295 5264 615 5318 pauperum,
650 5266 715 5305 ne
738 5251 807 5305 de
838 5261 887 5305 te
912 5267 1125 5321 quoque
1164 5252 1306 5307 dicat
1332 5254 1472 5308 Deus
1507 5273 1520 5308 :
1555 5254 1655 5321 Qui

75 5344 313 5397 devorant
332 5343 524 5413 plebem
552 5360 714 5399 meam
739 5347 791 5398 in
814 5346 924 5399 cibo
949 5348 1096 5417 panis
1125 5344 1294 5418 (Psal.
1326 5347 1412 5402 15.
1435 5346 1513 5419 4).
1538 5347 1653 5402 Non

76 5436 207 5493 bibis
232 5438 455 5492 vinum?
483 5438 559 5493 Ne
585 5438 737 5493 furor
765 5439 995 5495 inebriet
1020 5447 1099 5502 te,
1134 5455 1200 5494 ne
1229 5438 1415 5494 audias
1434 5455 1464 5493 a
1494 5440 1656 5510 legis-

78 5527 239 5585 latore
272 5548 286 5585 :
336 5529 503 5586 Furor
532 5530 636 5585 illis
674 5532 947 5586 secundum
985 5532 1365 5587 similitudinem
1408 5534 1655 5603 serpentis

79 5620 243 5691 (Psal.
272 5622 361 5677 57.
405 5623 497 5695 5);
543 5638 607 5679 ac
635 5638 848 5679 rursum
872 5664 887 5686 ,
941 5623 1113 5679 Furor
1156 5625 1436 5679 draconum
1484 5626 1655 5679 vinum

78 5730 241 5769 eorum
267 5715 447 5790 (Dent.
476 5718 563 5771 52.
611 5719 724 5789 35).
746 5717 877 5774 Cum
915 5718 1055 5773 enim
1088 5731 1377 5790 pauperem
1399 5715 1655 5775 alﬁixeris

1136 256 1225 313 DE
1261 253 1478 314 MUNDI
1513 253 1903 314 CREATIONE
1939 254 2196 313 ORATIO
2225 256 2289 311 ll.

42 383 301 430 noctem.
330 374 553 431 Noctem
574 374 788 445 quare?
826 370 961 442 Quia
987 382 1147 430 noctu
1171 374 1526 429 dormientem
1563 372 1660 428 ho-

3244 259 3350 316 458

1767 373 1839 428 ita
1866 380 1923 428 ut
1957 373 2305 443 ingemiscat,
2339 370 2385 427 is
2408 372 2547 442 apud
2593 372 2758 428 Deum
2790 374 3036 431 inventus
3063 382 3147 430 est
3169 389 3351 431 come-

1765 464 1898 519 dens
1928 480 2118 533 panem
2144 465 2524 535 lacrymarum.
2559 462 2789 535 Ideoque
2808 465 2884 520 ait
2911 466 3049 521 Deus
3084 484 3098 520 :
3136 465 3350 536 Opem-

1765 556 1891 609 batis
1927 556 2161 626 lacrymis
2199 556 2361 610 altare
2402 572 2567 610 meum
2598 555 2849 627 (Malaclt.
2899 557 2953 610 2.
2994 556 3103 627 l5).
3145 557 3349 627 Repre-

1765 647 2022 703 henditne
2046 661 2174 718 ergo
2214 647 2355 703 Deus
2380 662 2475 703 eos
2502 648 2593 718 qui
2620 648 2892 719 plorarent
2932 648 2997 703 ad
3023 649 3194 705 altare
3212 692 3230 716 ,
3255 649 3347 719 qui

1764 738 1920 802 dicit,
1964 738 2299 803 Sacerdotes,
2344 740 2564 805 intrate,
2596 750 2642 793 et
2689 740 2886 811 plorate
2921 739 3079 811 (laet.
3120 743 3171 795 1.
3218 743 3345 809 l5)?

1766 832 1960 885 Verum
1988 830 2332 900 reprehendit
2355 848 2477 898 eos,
2507 849 2612 887 non
2643 833 2782 904 quod
2812 832 3036 901 ﬁerent,
3078 835 3172 890 sed
3203 837 3343 905 quod

1764 923 1797 976 ii
1829 923 1916 992 qui
1948 922 2192 992 injuriam
2219 924 2353 991 passi
2385 932 2598 990 essent,
2621 923 2804 995 pupilli
2826 933 2882 979 et
2900 925 3076 979 vidua:
3096 965 3111 989 ,
3146 925 3252 978 illic
3277 926 3343 979 ad

1761 1014 1931 1068 altare
1958 1014 2340 1084 supplicarent.
2372 1013 2545 1083 thue
2572 1014 2815 1069 ostendat
2835 1029 2893 1070 se
2919 1013 2985 1068 de
3007 1015 3108 1071 illis
3134 1030 3345 1070 sermo-

1763 1120 1882 1159 nem
1915 1104 2145 1170 habere,
2173 1105 2478 1174 sulijunxit:
2506 1104 2569 1158 In
2595 1107 2746 1175 ﬂetu,
2795 1114 2842 1159 et
2890 1104 3129 1175 planctu,
3181 1117 3227 1158 et
3252 1104 3346 1159 do-

1761 1197 1867 1249 lore
1897 1195 2054 1265 (Joel.
2077 1195 2131 1249 2.
2164 1196 2232 1250 12
2260 1196 2300 1267 ).
2352 1196 2573 1265 Insuper
2619 1213 2829 1266 aequum
2859 1206 2941 1252 est
2966 1206 3023 1251 ut
3047 1197 3113 1252 ad
3140 1198 3341 1253 hostias

1761 1296 1970 1342 nostras
1993 1289 2228 1342 animum
2257 1288 2625 1343 adhibeamus.
2659 1288 2982 1358 Proponitur
3003 1304 3130 1359 ergo
3159 1304 3341 1343 mensa

1758 1376 1949 1429 animae
1968 1417 1983 1441 ,
2014 1392 2206 1447 nempe
2237 1377 2327 1431 Dei
2356 1378 2598 1432 verbum.
2638 1376 2847 1448 Corpus
2869 1378 3077 1445 jejunio
3106 1379 3344 1433 sanctiﬁ-

1759 1476 1928 1535 catur,
1951 1469 2126 1523 anima
2144 1470 2263 1523 cibo
2284 1484 2476 1539 expers
2495 1471 2874 1539 corrumpitur.
2907 1470 3120 1526 Utinam
3148 1485 3342 1541 corpus

1754 1561 1961 1631 jejunet
1987 1576 2015 1615 a
2048 1562 2279 1631 peccatis
2298 1602 2316 1630 ,
2341 1563 2515 1617 anima
2538 1577 2667 1618 vero
2693 1563 2746 1617 in
2768 1562 2960 1617 divinis
2996 1563 3334 1618 documentis

1757 1654 2096 1710 conviveturi
2128 1654 2245 1711 Non
2286 1665 2440 1727 potes
2465 1655 2748 1712 comedere
2769 1672 2957 1727 panem
2999 1657 3237 1725 Christi,
3285 1666 3341 1712 et

1757 1762 1946 1816 panem
1977 1748 2331 1819 lacrymarum
2356 1789 2370 1812 ,
2396 1757 2453 1802 ut
2480 1748 2553 1802 ait
2576 1748 2773 1803 Paulus
2803 1764 2815 1801 :
2849 1747 2969 1803 Non
2992 1750 3196 1818 potestis
3220 1766 3338 1819 par-

1757 1839 1930 1908 ticipes
1959 1856 2066 1894 esse
2108 1856 2293 1894 mensa:
2320 1838 2541 1904 Christi,
2565 1849 2608 1893 et
2636 1855 2819 1894 mensa:
2859 1840 3220 1897 daemoniorum
3258 1840 3335 1906 (1.

1756 1930 1873 1985 Cor.
1899 1931 1985 1985 10.
2004 1930 2119 2002 21).
2141 1933 2306 1988 Debet
2331 1947 2456 2003 ergo
2471 1932 2515 1987 is
2532 1935 2617 2002 qui
2641 1932 2845 2003 jejunat
2861 1934 3125 1989 abstinere
3147 1950 3175 1987 a
3193 1934 3334 2001 cibo,

1754 2023 1848 2078 sed
1887 2026 2148 2094 praecipue
2169 2039 2198 2079 a
2235 2026 2486 2094 peccatis.
2521 2024 2729 2078 Etenim
2760 2025 2930 2093 angeli
2977 2026 3212 2095 quotidie
3242 2042 3336 2079 no-

1758 2124 1903 2181 tant,
1948 2118 2065 2186 quis
2094 2116 2430 2185 proposuerit
2473 2116 2742 2170 abstinere
2783 2116 2850 2169 ab
2890 2116 3140 2181 avaritia,
3186 2125 3274 2170 aut
3303 2132 3333 2170 a

1755 2205 2123 2269 fornicatione,
2160 2215 2253 2261 aut
2274 2208 2339 2261 ab
2370 2206 2663 2275 iniquitate.
2698 2206 2819 2260 Haec
2837 2206 3029 2276 quippe
3055 2206 3255 2276 jejunia
3283 2217 3338 2261 et

1753 2297 1927 2366 angeli
1978 2297 2348 2365 perscribunt,
2399 2306 2453 2352 ct
2494 2298 2631 2351 Dens
2676 2297 2726 2350 in
2773 2296 3023 2351 thesauro
3073 2295 3331 2352 recondit.

1754 2390 2209 2457 Quemadmodum
2236 2391 2377 2445 enim
2396 2433 2409 2453 ,
2435 2389 2625 2444 fratres
2646 2431 2659 2453 ,
2686 2389 2759 2443 illi
2792 2389 2888 2443 viri
2919 2389 3155 2459 primarii
3186 2389 3274 2459 qui
3304 2404 3335 2443 a

1754 2484 1947 2538 libellis
1977 2484 2301 2553 supplicibus
2323 2494 2445 2537 sunt
2467 2483 2775 2552 Imperatori
2802 2492 2993 2537 cuncta
3025 2482 3331 2537 declarant:

1752 2577 1829 2631 sic
1856 2586 1908 2630 et
1937 2576 2108 2645 angeli
2137 2592 2199 2630 ea
2225 2592 2343 2645 qua:
2372 2576 2503 2630 [inut
2530 2576 2705 2630 omnia
2738 2575 2846 2630 Deo
2868 2575 3192 2644 signiﬁcant,
3228 2589 3334 2629 non

1755 2670 2085 2739 ignorantem
2114 2669 2373 2724 docentes
2395 2710 2409 2734 ,
2434 2668 2527 2724 sed
2558 2669 2895 2724 ministrandi
2924 2670 3164 2734 ordinem
3195 2684 3338 2724 crea-

1755 2775 1888 2818 tura:
1916 2764 2220 2834 implentes.
2255 2765 2364 2833 ligo
2408 2764 2713 2819 sexcenties
2757 2764 3048 2818 beatiorem
3082 2762 3337 2832 przrdica-

1754 2856 1921 2909 vcrim
1981 2856 2387 2922 comedenlem,
2436 2870 2592 2923 quam
2650 2855 2980 2925 jejunantem
3048 2865 3102 2909 et
3158 2854 3337 2923 inique

1754 2958 2019 3019 agentem.
2053 2949 2175 3001 llau:
2203 2948 2324 3002 dico
2345 2990 2358 3010 ,
2411 2962 2515 3002 non
2539 2946 2797 3017 jejunium
2824 2948 3033 3002 solvens
3053 2987 3068 3011 ,
3098 2945 3191 3000 sed
3222 2945 3337 3015 pie-

1758 3050 1917 3094 tatem
1946 3040 2259 3109 praediatus.
2311 3039 2422 3093 Non
2465 3040 2606 3093 enim
2648 3038 2929 3093 comedere
2972 3038 3198 3099 malmu,
3241 3036 3335 3091 sed

1757 3147 1978 3202 peccare
2022 3148 2240 3202 pravum
2271 3142 2380 3195 est,
2425 3131 2871 3201 quemadmodum
2915 3131 3043 3184 dicit
3082 3131 3228 3197 Deus
3267 3128 3337 3184 de

1750 3223 1895 3291 justo
1919 3222 2147 3291 quodam
2178 3239 2190 3275 :
2222 3220 2379 3274 Pater
2400 3232 2513 3275 tuus
2544 3238 2708 3274 nonne
2733 3221 2985 3287 comedit,
3017 3229 3063 3273 et
3100 3220 3335 3273 volunta—

1757 3328 1853 3370 tem
1876 3333 2037 3370 meant
2066 3316 2180 3387 fecit
2212 3315 2392 3387 (Zaclt.
2429 3315 2482 3369 8.
2535 3314 2669 3384 l9)?
2700 3314 2786 3369 Sic
2806 3325 2859 3369 et
2884 3313 3007 3367 alibi
3036 3331 3049 3367 :
3077 3312 3338 3383 Jejuniunt

1756 3420 1989 3479 quartum
2010 3451 2026 3477 ,
2051 3418 2097 3463 ct
2115 3410 2369 3480 jejunium
2396 3409 2626 3477 quintum
2651 3447 2666 3472 ,
2694 3416 2742 3462 et
2759 3407 3016 3476 jejunium
3047 3405 3294 3460 decimum
3317 3446 3333 3471 ,

1757 3501 1847 3556 erit
1873 3501 2008 3554 vobis
2047 3500 2101 3553 in
2129 3500 2371 3569 gaudium
2415 3498 2537 3551 etin
2579 3497 2803 3551 lanitium
2833 3508 2879 3549 et
2919 3496 2973 3549 in
3002 3495 3338 3550 solemnitates

1758 3592 1933 3657 bonas,
1963 3600 2007 3645 et
2033 3591 2288 3645 veritatem
2316 3589 2528 3660 diligite.
2554 3587 2663 3644 Sed
2689 3587 2861 3643 illuxit
2884 3587 2973 3641 lux
3000 3586 3215 3642 sensilis
3233 3629 3249 3653 ,
3280 3596 3339 3640 ut

1759 3682 1889 3739 lucis
1920 3679 2109 3752 Opifex
2146 3679 2546 3751 prmdicaretur.
2575 3676 2803 3733 Advenit
2824 3692 3045 3748 vespera
3076 3676 3183 3732 diei
3216 3691 3340 3732 cur-

1757 3791 1876 3831 sum
1906 3774 2215 3845 obsignans.
2236 3772 2440 3828 Bonum
2472 3770 2813 3841 principium,
2849 3769 2969 3825 ﬁnis
2990 3768 3234 3824 addatur.
3260 3768 3340 3824 Ne

1759 3866 1898 3921 male
1925 3866 2181 3935 repellas,
2219 3864 2311 3919 sed
2346 3863 2468 3918 audi
2493 3862 2746 3918 Davidem
2778 3879 2791 3915 :
2822 3860 2889 3914 In
2924 3861 3107 3931 ﬁnem,
3136 3877 3198 3916 ne
3227 3877 3339 3915 cor-

1758 3980 1965 4033 rumpas
1988 3962 2152 4032 (Psal.
2188 3962 2275 4015 74.
2301 3957 2673 4031 titulus).Deus
2707 3966 2882 4011 autem
2905 3956 3038 4011 lucis
3066 3956 3221 4026 hujus
3241 3970 3339 4009 vos

1758 4071 1944 4111 omnes
1973 4054 2256 4118 illumiuct,
2286 4052 2447 4107 verbo
2466 4092 2480 4115 ,
2500 4050 2647 4120 lege.
2679 4048 2801 4108 fide.
2831 4049 3050 4117 justitia,
3070 4048 3335 4111 castitate,

1760 4152 1810 4204 in
1841 4146 2052 4203 Christo
2090 4146 2213 4201 Jcsu
2247 4144 2470 4197 Domino
2498 4151 2715 4207 nostro,
2752 4155 2844 4209 per
2872 4156 3026 4209 quem
3049 4148 3102 4193 et
3122 4138 3338 4208 quicum

1762 4242 1902 4296 Patri
1939 4240 2142 4311 gloria,
2174 4237 2331 4292 simul
2377 4251 2494 4291 cum
2535 4233 2735 4305 Spiritu
2778 4240 2997 4300 sancto,
3046 4231 3098 4286 in
3143 4230 3338 4286 sarcula

1759 4336 2095 4389 smeulorum.
2125 4334 2313 4386 Amen.

1760 4427 2002 4498 Ejusdem
2031 4427 2082 4479 in
2107 4424 2382 4479 secundum
2411 4422 2542 4476 diem
2567 4422 2833 4477 creationis
2853 4462 2867 4487 ,
2893 4428 2937 4475 et
2960 4418 3200 4472 adversus
3226 4434 3339 4471 eum

1829 4520 1913 4590 qui
1963 4518 2054 4572 sibi
2100 4516 2333 4581 dixerat,
2381 4531 2481 4569 non
2504 4524 2732 4584 oportere
2777 4529 2866 4567 nos
2920 4511 3233 4566 Christianos
3284 4511 3338 4563 in

1829 4608 2225 4676 sanctificatione
2254 4606 2449 4670 dicere,
2478 4607 2615 4660 Dens
2653 4604 2905 4659 Sabaoth.

1831 4705 1881 4757 1.
1917 4701 2153 4773 Efﬁcacia
2172 4700 2306 4753 verbi
2339 4698 2511 4752 divini.
2541 4698 2852 4751 Abstinentia
2877 4705 3034 4749 mater
3068 4695 3166 4764 pia:
3193 4710 3339 4748 men-

1762 4795 1842 4849 tis.
1872 4824 1942 4833 ——
1972 4792 2147 4847 Animi
2176 4790 2503 4846 desiderium
2545 4791 2741 4843 excitat
2793 4788 3005 4844 divinus
3047 4801 3256 4854 sermo,
3286 4795 3342 4841 et.

1760 4886 1910 4956 quasi
1933 4885 2203 4939 lucernam
2230 4882 2515 4952 quamdam
2551 4881 2649 4950 ipsi
2680 4879 2926 4949 gaudium
2953 4877 3339 4947 circumponit,

1762 4990 1818 5034 ut
1860 4987 1917 5033 et
1940 4976 2219 5032 ratiocinia
2251 4975 2513 5039 illustret,
2546 4983 2599 5028 et
2645 4981 2880 5028 mentem
2930 4971 3230 5036 exhilaret,
3286 4980 3342 5025 et

1763 5078 1979 5139 peccata
2030 5068 2335 5138 abstergat,
2378 5075 2433 5121 et
2486 5080 2641 5121 sensa
2687 5064 2970 5119 illuminet.
3025 5062 3339 5133 Hujusmodi

1760 5174 1844 5219 est
1892 5164 1982 5217 Dei
2017 5177 2216 5217 sermo.
2249 5160 2381 5215 Nam
2427 5158 2567 5229 quod
2594 5174 2686 5214 cos
2712 5157 2886 5223 ferro,
2942 5156 2993 5211 id
3024 5156 3215 5211 anima:
3245 5155 3342 5210 Dei

1761 5272 1956 5312 sermo.
1981 5254 2087 5310 Cos
2115 5269 2220 5308 non
2248 5268 2411 5307 unam
2432 5251 2603 5307 solum
2632 5266 2745 5305 rem
2769 5250 2911 5305 ferro
2940 5248 3147 5304 confert
3175 5264 3189 5301 :
3218 5263 3343 5301 nam

1762 5350 1935 5419 primo
1957 5348 2126 5417 ipsum
2155 5354 2439 5415 praeparat,
2470 5353 2529 5399 ut
2547 5344 2843 5414 rubiginem
2872 5352 3118 5412 respuat:
3148 5340 3343 5396 deinde

1763 5457 2000 5497 crassum
2030 5448 2315 5503 extenuat,
2347 5439 2593 5494 obtusum
2623 5438 2800 5503 acuit,
2841 5435 3126 5490 obscurum
3171 5433 3345 5488 reddit

1761 5533 1991 5588 lucidum
2016 5574 2030 5596 ,
2057 5532 2356 5586 abstersum
2378 5572 2393 5596 ,
2421 5529 2677 5595 nitidum,
2708 5537 2942 5583 acutum.
2971 5526 3061 5582 Sic
3084 5540 3143 5581 se
3180 5524 3341 5579 habet

1764 5624 1858 5678 Dei
1896 5637 2112 5678 sermo:
2141 5621 2302 5677 efﬁcit
2332 5629 2390 5675 ut
2435 5620 2609 5674 anima
2662 5619 2956 5688 rubiginem
3004 5616 3202 5688 peccati
3248 5632 3336 5670 re-

1766 5725 1942 5790 Spuat,
1983 5716 2225 5773 obtusum
2254 5714 2397 5769 illam
2418 5715 2578 5782 acuit,
2610 5726 2840 5769 crassam
2872 5712 3118 5769 subtilem
3142 5708 3337 5774 reddit,
