3704 6274
352 248 477 305 159

369 361 652 413 obscuram
693 356 980 428 splendore
1029 357 1214 415 afﬁcit.
1265 359 1387 419 Vult
1429 369 1607 419 autem
1652 362 1747 423 Dei
1776 377 1955 421 sermo

369 465 467 505 nos
490 449 799 520 splendidos
827 466 947 506 esse
973 451 1266 509 secundum
1289 451 1530 523 Apostoli
1548 452 1793 513 allectum
1826 456 1840 484 ¹
1867 454 1952 510 di-

367 543 577 598 centis:
614 542 682 597 Ut
710 543 819 597 sitis
848 543 977 597 sicut
1006 543 1279 601 luminaria
1306 546 1359 599 in
1386 545 1592 611 mundo,
1616 548 1818 603 uerbum
1840 547 1953 603 vita:

367 635 672 690 continentes
716 635 974 707 (Philipp.
1007 636 1060 689 2.
1111 638 1340 706 15.16).
1389 638 1527 695 Ecce
1570 640 1949 709 splendorem!

370 725 491 779 Vult
511 740 610 781 nos
630 741 753 782 esse
784 743 887 781 non
912 729 1132 782 obtusos
1153 770 1166 795 ,
1189 730 1281 783 sed
1310 740 1533 785 acutos:
1568 748 1689 786 nam
1719 750 1734 785 :
1777 733 1945 798 Vivus,

368 816 572 885 inquit,
602 827 673 871 est
700 833 865 871 sermo
892 817 987 872 Dci
1006 860 1022 885 ,
1052 828 1097 872 et
1118 820 1324 889 amcam,
1357 830 1403 874 et
1432 824 1786 891 penetrabilior
1814 826 1952 879 omni

362 907 536 973 gladia
563 909 773 979 ancipiti
820 909 1003 977 (Hebr.
1031 912 1086 969 4.
1118 910 1230 983 12).
1281 911 1405 967 Vult
1447 928 1543 967 nos
1583 929 1690 969 non
1743 931 1952 971 crassos

362 1012 511 1063 esse,
560 997 654 1055 sed
700 1000 1106 1069 cogitationibus
1156 1012 1388 1057 mentem
1425 1004 1670 1060 subtilem
1703 1006 1948 1063 reddere.

367 1087 464 1143 Ubi
494 1090 637 1145 enim
663 1091 933 1146 crassitics
952 1133 969 1158 ,
997 1092 1068 1146 ibi
1090 1093 1258 1147 aliena
1281 1108 1311 1147 a
1342 1094 1434 1148 Dei
1458 1096 1623 1149 verbo
1647 1111 1800 1155 mens
1827 1106 1907 1152 est
1932 1117 1946 1154 :

364 1180 455 1235 ubi
481 1189 661 1239 autem
684 1182 895 1238 subtilis
921 1192 1023 1247 est,
1047 1193 1169 1255 apta
1195 1185 1297 1257 legi
1321 1186 1515 1242 divina:
1538 1187 1789 1245 efﬁcitur.
1823 1189 1950 1247 Ideo

362 1268 432 1326 de
460 1271 812 1328 crassioribus
840 1274 969 1329 dicit
995 1275 1267 1345 Scriptura
1298 1294 1313 1330 :
1345 1276 1413 1331 Et
1442 1280 1655 1333 comedit
1680 1279 1841 1335 Jacob
1861 1324 1877 1348 ,
1900 1291 1949 1337 et

362 1369 619 1419 saturatas
654 1374 761 1431 est,
810 1374 859 1419 et
897 1366 1274 1437 impinguatus,
1321 1370 1656 1436 incrassatus,
1706 1373 1949 1429 ditatatus

360 1464 431 1507 est
460 1456 767 1527 :dereb'qut't
808 1457 976 1513 Deum
1020 1464 1263 1531 [actorem
1288 1479 1436 1519 suum
1466 1462 1643 1534 (Deut.
1690 1465 1780 1519 52.
1830 1466 1943 1537 15).

361 1546 475 1614 Age
499 1558 892 1616 ergo,nostram
936 1566 1146 1621 quoque
1174 1553 1267 1608 Dei
1315 1569 1494 1609 sermo
1520 1556 1750 1617 illustret
1798 1574 1947 1617 men-

362 1644 468 1690 tem
488 1676 504 1703 ,
533 1639 764 1699 maxime
801 1641 1073 1711 prOposito
1093 1642 1297 1713 jejunio
1316 1684 1331 1710 ,
1361 1646 1500 1718 quod
1540 1658 1791 1703 extenuat
1819 1665 1943 1705 cor-

364 1742 494 1794 pOra
513 1769 529 1795 ,
562 1739 615 1784 et
640 1739 873 1787 mentem
901 1734 1131 1790 exacuit.
1160 1734 1257 1790 Est
1276 1737 1419 1791 enim
1455 1737 1779 1797 abstinentia
1804 1741 1946 1811 jeju-

361 1817 432 1870 nii
462 1819 637 1875 omnis
657 1822 1095 1881 sanctiﬁcationis
1118 1828 1319 1894 nutrix,
1347 1836 1401 1883 et
1416 1839 1584 1886 mater
1595 1831 1695 1903 pia:
1724 1834 1941 1890 mentis.

360 1908 475 1964 Non
492 1912 752 1981 qumritur
778 1916 1048 1984 quomodo
1073 1918 1376 1986 jejuncmus
1402 1928 1603 1981 tantum
1621 1964 1637 1988 ,
1661 1923 1753 1979 sed
1784 1940 1941 1995 quam

360 2002 445 2071 pie
466 2002 794 2073 jejunemus.
819 2007 964 2064 Multi
992 2009 1064 2063 ob
1106 2010 1312 2080 publica
1341 2028 1520 2069 rerum
1549 2016 1760 2087 negetia
1804 2018 1943 2088 jeju-

359 2104 521 2161 nant;
550 2096 644 2153 sed
672 2112 776 2151 non
803 2108 1076 2167 reputatur
1095 2100 1173 2157 eis
1194 2101 1244 2155 in
1270 2102 1551 2172 jejunium.
1574 2105 1778 2176 Scopas
1798 2109 1939 2164 enim

354 2185 649 2255 judicatur,
692 2203 797 2243 non
844 2191 1135 2246 necessitas
1180 2202 1485 2249 coronatur.
1516 2196 1573 2252 ln
1614 2195 1716 2253 hoc
1756 2211 1943 2255 sancto

359 2286 499 2331 statu
532 2279 715 2334 beatus
754 2280 959 2352 Meyses
988 2282 1039 2337 in
1068 2295 1247 2340 monte
1293 2294 1347 2340 et
1368 2288 1537 2357 legem
1565 2289 1859 2347 docebatur
1888 2300 1943 2347 et

358 2371 707 2427 creationem.
741 2373 978 2429 Diximus
1007 2391 1136 2446 ergo
1176 2376 1424 2433 hesterna
1453 2382 1539 2434 die
1570 2381 1774 2450 Deum,
1816 2401 1937 2438 cum

359 2460 529 2530 legem
562 2479 653 2533 per
678 2463 909 2534 Moysem
924 2465 1142 2523 daturus
1165 2478 1326 2534 esset,
1351 2470 1523 2541 primo
1547 2488 1605 2528 se
1631 2472 1939 2531 Creatorem

357 2553 687 2619 ostendisse,
720 2572 783 2610 ac
817 2556 1008 2617 deinde
1036 2557 1439 2629 Legislatorem.
1466 2563 1743 2631 Quomodo
1787 2576 1940 2637 pote-

361 2655 480 2699 rant
517 2646 684 2702 Judzri
716 2649 968 2714 credere,
1000 2651 1167 2709 Deum
1210 2652 1400 2709 fecisse
1437 2657 1624 2712 caelum
1655 2668 1709 2715 et
1738 2669 1936 2720 terram

359 2745 413 2789 et
442 2738 618 2791 omnia
642 2755 761 2808 qua:
792 2740 845 2793 in
870 2741 948 2798 eis
976 2751 1134 2810 sunt,
1156 2744 1257 2803 nisi
1285 2745 1431 2815 prius
1457 2748 1709 2804 miracula
1737 2751 1938 2809 edidis-

357 2837 439 2883 set
484 2830 533 2882 in
580 2828 841 2901 ngyplo,
890 2849 1010 2904 qua:
1056 2836 1228 2905 ipsum
1268 2853 1389 2894 esse
1439 2840 1582 2898 orbis
1628 2842 1936 2901 Creatorem

356 2922 804 2989 comprobarent?
849 2925 1112 2984 Docemus
1159 2944 1258 2985 nos
1302 2939 1360 2986 ut
1385 2932 1703 2989 suadeamus
1743 2954 1756 2989 :
1799 2937 1937 2995 Deus

354 3014 634 3081 suadet,ut
658 3016 870 3073 doceat.
900 3018 1032 3086 Quia
1064 3020 1274 3094 Moyses
1298 3026 1635 3095 expositurus
1670 3027 1936 3084 dicturus-

354 3120 457 3172 que
478 3115 623 3171 erat,
650 3108 814 3163 Deum
843 3108 1032 3165 fecisse
1058 3112 1246 3167 cmlum
1269 3155 1283 3179 ,
1311 3123 1366 3169 et
1395 3126 1588 3170 terram
1608 3159 1623 3183 ,
1652 3126 1706 3174 et
1748 3135 1897 3176 mare
1914 3160 1932 3184 ,

354 3206 407 3249 ct
432 3199 608 3251 omnia
634 3214 754 3266 qua:
780 3200 831 3254 in
854 3201 932 3255 eis
950 3211 1109 3269 sunt,
1142 3204 1241 3257 nisi
1264 3206 1411 3275 prius
1437 3208 1696 3264 mirabilia
1725 3220 1934 3279 patras-

352 3295 434 3340 set
461 3286 512 3339 in
543 3285 807 3358 Aﬁgypto,
840 3299 894 3345 et
914 3290 1332 3350 demonswasset
1354 3296 1524 3366 ipsum
1550 3312 1670 3354 esse
1694 3303 1932 3356 omnium

351 3394 530 3437 rerum
560 3391 860 3439 creatarum
911 3384 1168 3454 Opilicem
1189 3429 1204 3453 ,
1234 3403 1341 3442 non
1371 3389 1670 3445 crediturus
1698 3402 1814 3447 erat
1835 3410 1933 3464 po-

354 3475 507 3540 pulus
535 3475 699 3531 Deum
735 3475 927 3531 fecisse
952 3479 1138 3533 cadum
1169 3491 1223 3534 et
1244 3489 1462 3536 terram.
1508 3482 1759 3538 Extendit
1788 3487 1935 3554 prius

358 3564 571 3635 Moyses
601 3582 793 3627 manus
830 3582 953 3623 suas
977 3570 1027 3623 iu
1053 3571 1271 3639 caelum,
1299 3582 1350 3627 et
1375 3574 1586 3630 demisit
1617 3577 1932 3646 grandinem

352 3668 406 3712 ct
455 3658 628 3731 ignem
650 3701 665 3723 ,
696 3659 984 3730 didicitque
1027 3663 1250 3735 populus
1289 3679 1386 3735 per
1422 3666 1633 3723 ﬁdelem
1678 3684 1926 3737 servum,

350 3747 495 3801 illam
524 3749 801 3804 mortalem
831 3750 1107 3809 dexteram
1132 3753 1296 3809 verbo
1328 3754 1422 3810 Dei
1465 3764 1663 3813 motam
1684 3801 1701 3825 ,
1741 3761 1929 3815 cadum

352 3837 685 3905 turbavisse,
734 3849 787 3895 et
829 3850 1127 3903 creaturam
1172 3844 1617 3907 commiscuisse:
1657 3850 1931 3921 multoque

351 3930 543 3997 potiori
572 3931 775 3989 ratione
803 3931 895 3987 Dei
922 3932 1160 4002 jubentis
1185 3933 1460 3990 dexteram
1497 3937 1794 3997 firmavisse
1821 3957 1927 3997 ca!-

346 4020 454 4076 lum
482 4031 535 4077 et
558 4019 808 4078 fundasse
833 4034 1053 4079 terram.
1080 4025 1249 4081 Nemo
1269 4026 1409 4081 enim
1436 4039 1735 4087 creaturam
1754 4043 1931 4088 movet

344 4111 431 4179 qui
460 4128 567 4167 non
594 4122 780 4169 auctor
798 4115 914 4185 ejus
944 4117 1030 4170 sit.
1050 4116 1448 4175 Ostendendum
1469 4136 1597 4192 ergo
1623 4131 1740 4178 erat
1760 4124 1926 4181 Deum

342 4200 534 4258 fecisse
563 4213 796 4259 terram:
826 4207 1072 4262 extendit
1115 4208 1324 4280 Moyses
1352 4226 1564 4267 manum
1604 4214 1659 4269 in
1694 4225 1887 4273 terram
1907 4261 1922 4284 ,

342 4302 395 4346 ct
407 4294 650 4349 exierunt
663 4296 1434 4366 sciniphes.Dem0nstrandum
1452 4303 1627 4360 denuo
1641 4308 1924 4363 eratDeum

342 4383 535 4443 fecisse
584 4387 757 4456 ignem
786 4405 799 4441 :
830 4390 1035 4461 accepit
1078 4391 1286 4463 Moyses
1316 4392 1549 4449 favillam
1577 4396 1645 4452 de
1671 4397 1888 4455 fornace
1907 4443 1920 4465 ,

339 4488 393 4531 et
420 4480 645 4547 sparsit,
675 4490 730 4535 et
753 4479 1123 4553 Egyptiorum
1154 4501 1377 4555 corpora
1413 4488 1637 4558 replevit
1656 4492 1923 4548 ulceribus

339 4568 567 4624 flammae
612 4572 779 4627 instar
798 4573 1144 4630 ferventibus.
1173 4576 1574 4635 Ostendendum
1612 4591 1728 4639 erat
1758 4584 1921 4638 Deum

336 4658 528 4727 fecisse
556 4676 746 4734 aquam
782 4682 795 4719 :
826 4675 1025 4721 mutata
1053 4676 1135 4723 est
1160 4682 1294 4738 aqua
1325 4668 1376 4723 in
1402 4670 1735 4743 sanguinem.
1766 4673 1921 4729 Mon-

333 4753 610 4815 strandum
633 4767 747 4810 erat
772 4757 961 4813 fecisse
991 4775 1138 4815 mare
1171 4779 1183 4813 :
1214 4778 1362 4816 mare
1384 4772 1439 4818 ut
1469 4776 1619 4836 petra
1645 4769 1792 4823 stetit
1820 4772 1917 4841 (a),

331 4853 382 4898 et
414 4846 657 4903 transivit
684 4849 934 4919 populus.
964 4850 1147 4906 Primo
1184 4854 1359 4924 itaque
1383 4870 1475 4925 per
1496 4872 1657 4929 opera
1686 4862 1920 4916 ostendit

332 4951 454 4989 cum
481 4952 602 4991 esse
648 4939 963 5008 Dominum,
1006 4944 1305 5015 deindeque
1339 4947 1517 5003 verbis
1557 4948 1769 5006 edocuit
1799 4968 1919 5008 esse

331 5026 611 5095 Opifit‘t-zn.

398 5120 451 5172 9..
476 5119 711 5174 Christus.
730 5133 845 5177 ante
872 5127 1275 5194 prazdicationem
1301 5130 1468 5187 docuit
1491 5149 1547 5186 se
1571 5134 1743 5185 mundi
1779 5133 1911 5199 Opi-

328 5210 473 5277 ﬁrcm
493 5226 619 5273 esse.
646 5210 899 5265 Miracula
924 5216 1050 5282 ﬁdes
1069 5220 1307 5285 sequitur.
1329 5251 1399 5261 ——-
1423 5221 1509 5275 Sic
1543 5224 1700 5276 etiam
1724 5226 1917 5279 Serva-

355 5301 405 5423 t;
444 5306 586 5411 iuxta
618 5297 986 5364 Combeﬁsium,
1011 5302 1278 5368 legendum
1306 5316 1398 5371 est,
1425 5320 1720 5375 prwccpwm
1741 5350 1755 5372 ,
1792 5330 1910 5377 pro,

355 5378 356 5403 ξ
390 5374 446 5411 cc
469 5375 566 5411 um.

324 5369 566 5411 extractum.

388 5424 463 5486 (a)
500 5423 554 5499 in
576 5432 767 5486 (irae-co,
794 5439 969 5499 ιιιτράςη
991 5442 1015 5487 ἡ
1039 5441 1215 5483 θάλασσα.
1252 5431 1569 5499 Combeﬁsius
1589 5440 1765 5499 vertit,
1791 5440 1912 5492 divi-

321 5497 429 5535 sum
450 5492 521 5543 est
540 5499 714 5565 ἔπειγε,
739 5492 874 5565 quasi
899 5492 961 5538 ab
985 5504 1223 5565 ίπιξιτρόσξω
1241 5534 1252 5550 ,
1272 5497 1481 5565 perraro.
1509 5498 1571 5546 At
1594 5504 1710 5560 puto
1734 5492 1910 5565 ιὲιτράιθη

321 5558 352 5615 a
369 5561 507 5611 παρὰ.
523 5548 864 5599 deducendum
888 5564 1021 5611 esse,
1045 5548 1521 5615 in'petrtc'naiwmt
1541 5548 1687 5610 uiuo.
1712 5548 1912 5614 eiii‘iii

321 5613 560 5680 Scriptura
580 5650 593 5668 ,
620 5624 753 5661 mare
776 5613 1128 5680 quasimurum
1148 5614 1330 5678 fuisse;
1354 5626 1492 5669 certe
1514 5624 1555 5671 si
1578 5623 1641 5673 de
1672 5613 1912 5677 divisione

320 5674 467 5723 maris
501 5682 769 5733 ageretur,
800 5674 933 5724 aliud
971 5679 1293 5738 quzerendum
1318 5674 1539 5733 'verbum
1582 5694 1686 5737 erat
1762 5674 1906 5751 quam

323 5742 579 5791 ιιιτιτρὺσω.

1788 246 1913 309 ξεν
1925 248 2155 309 ειιιΑΝι
3539 275 3635 332 ιω

2062 392 2210 450 toria
2233 394 2637 467 Evangelionou
2649 410 2773 459 ante
2783 403 2962 460 docuit
2985 419 3144 476 quam
3160 408 3414 471 mimula
3428 421 3635 481 patras-

2060 491 2160 538 set.
2200 484 2435 547 Prunum
2464 492 2693 561 signum,
2721 498 2944 552 mutavit
2971 514 3160 569 aquam
3210 504 3263 556 in
3291 505 3473 563 viuum
3497 546 3514 570 .
3544 522 3637 563 nec

2059 582 2183 633 ante
2223 576 2351 639 illud
2388 594 2610 651 apparet
2637 599 2759 641 eum
2808 587 3054 645 docuisse
3099 608 3112 645 :
3166 594 3451 662 oportebat
3499 599 3637 653 enim

2058 668 2362 734 pra-cedere
2386 685 2541 742 opus,
2560 684 2616 730 et
2639 677 2856 733 verbum
2878 682 3047 750 sequi.
3074 682 3309 754 Ideoque
3338 696 3395 742 et
3415 688 3640 757 scriptor

2061 758 2149 811 ille
2175 760 2248 814 ait
2282 780 2294 815 :
2331 762 2561 821 Primum
2584 771 2785 840 quidem
2818 788 3097 831 sermonem
3141 778 3235 848 feci
3265 780 3333 835 de
3370 782 3637 849 omnibus,

2059 866 2088 943 o
2118 850 2420 923 Tlteopltilc,
2441 875 2553 929 qua:
2571 863 2716 933 carpit
2738 862 2889 919 Jesus
2908 866 3075 935 facere
3090 880 3136 923 et
3157 870 3335 927 docere
3355 873 3527 942 (AcM
3542 878 3588 930 ,1
3602 878 3636 943 ).

2057 942 2335 1009 Quomodo
2351 948 2619 1009 docuisset
2634 955 2887 1012 Servatur
2912 974 2970 1015 se
2990 960 3243 1030 Opiﬁcem
3276 979 3402 1021 esse
3424 942 3637 1023 mundi?

2056 1033 2167 1089 Nisi
2193 1038 2336 1093 enim
2357 1042 2541 1098 oculos
2566 1046 2695 1100 casei
2722 1047 3075 1105 illuminasset
3098 1093 3113 1116 ,
3138 1055 3278 1109 nulla
3304 1054 3442 1111 ﬁdes
3465 1059 3516 1111 ei
3546 1058 3634 1113 1η-

2056 1126 2161 1181 bita
2189 1140 2332 1185 esset
2358 1132 2554 1190 dicenti
2588 1154 2604 1191 :
2635 1138 2748 1209 Ego
2775 1156 2888 1194 sum
2921 1143 3009 1197 lux
3028 1146 3209 1200 mundi
3238 1148 3431 1208 (locu.
3466 1151 3521 1205 9.
3548 1152 3633 1218 5).

2053 1219 2165 1277 Nisi
2191 1223 2451 1282 Lazarum
2487 1231 2824 1301 suseitassct,
2852 1250 2959 1291 non
2989 1238 3343 1296 credidissent
3365 1243 3635 1300 auditores

2054 1313 2248 1370 dicenti
2281 1335 2297 1372 :
2328 1318 2440 1390 Ego
2479 1337 2590 1375 sum
2616 1324 2719 1377 vita
2750 1336 2796 1378 et
2828 1330 3126 1383 resurrectio
3155 1329 3359 1401 (locu.
3390 1335 3484 1388 11.
3510 1334 3581 1391 25
3600 1338 3633 1405 ).

2052 1405 2161 1461 Nisi
2192 1423 2389 1478 spuens
2432 1413 2483 1467 in
2511 1422 2707 1470 terram
2740 1417 2907 1472 lutum
2958 1419 3189 1488 fecisset,
3235 1440 3301 1479 ac
3328 1440 3536 1480 mecum
3579 1430 3637 1482 li-

2053 1501 2293 1569 nivisset,
2322 1520 2427 1559 non
2468 1507 2731 1563 creditum
2776 1508 2964 1566 fuisset
2992 1513 3163 1581 ipsum
3186 1529 3309 1571 esse
3328 1559 3344 1581 ,
3372 1519 3469 1587 qui
3492 1534 3636 1574 acce-

2053 1599 2145 1660 pto
2172 1592 2239 1647 de
2290 1603 2430 1651 terra
2461 1598 2678 1667 pulvere
2705 1599 2968 1657 Adamum
2998 1602 3343 1664 formaverat.
3379 1608 3497 1663 Nisi
3525 1626 3633 1664 am-

2051 1681 2284 1741 bulasset
2308 1699 2468 1756 super
2488 1704 2656 1755 mare,
2690 1706 2795 1745 non
2827 1693 2972 1748 visus
2997 1707 3140 1750 esset
3168 1697 3433 1753 Dominus
3456 1702 3632 1753 maris.

2051 1771 2160 1829 Nisi
2186 1775 2515 1847 increpasset
2537 1791 2775 1846 ventum,
2800 1799 2905 1839 non
2933 1784 3331 1846 demoustratus
3354 1800 3505 1847 esset
3535 1792 3631 1847 Do-

2050 1868 2227 1924 minus
2247 1881 2546 1929 ventorum.
2597 1875 2959 1944 Quamobrem
2986 1878 3147 1935 bomo
3174 1883 3395 1952 quidem
3424 1884 3633 1940 videbo-

2052 1968 2157 2026 tur,
2204 1976 2301 2031 per
2326 1963 2579 2019 miracula
2616 1977 2799 2022 autem
2841 1978 2901 2022 ut
2939 1970 3079 2026 Deus
3129 1977 3294 2026 u0tus
3318 1978 3376 2026 et
3404 1970 3631 2045 inelytus

2049 2063 2184 2107 erat.
2216 2053 2467 2110 Servator
2491 2058 2667 2127 itaque
2688 2059 2978 2129 discipulos
3006 2062 3389 2133 obstupefecit.
3413 2074 3473 2125 ot
3489 2069 3629 2125 dice-

2048 2143 2177 2201 bant
2206 2162 2222 2200 :
2254 2146 2431 2214 Qualis
2483 2159 2554 2205 est
2594 2151 2704 2215 hic,
2735 2153 2853 2220 quia
2881 2154 3019 2207 venti
3047 2166 3096 2210 et
3141 2173 3281 2210 mare
3314 2158 3556 2215 stadium
3592 2163 3630 2215 ei

2049 2237 2263 2311 (Matth.
2290 2239 2345 2296 8.
2370 2240 2441 2295 27
2463 2243 2481 2313 )
2504 2242 2527 2296 ?
2552 2240 2798 2298 Ostendit
2836 2245 3009 2315 primo
3030 2247 3293 2304 elementa
3323 2251 3429 2305 sibi
3471 2252 3626 2308 obse-

2046 2333 2157 2401 qui,
2188 2342 2243 2388 et
2268 2341 2449 2403 postea
2479 2337 2656 2389 verbis
2680 2336 2860 2392 docuit
2886 2380 2900 2403 ,
2941 2340 3118 2395 omnia
3162 2357 3257 2412 per
3292 2344 3472 2414 ipsum
3498 2345 3628 2401 facta

2046 2436 2186 2478 esse.
2227 2422 2470 2479 Ostendit
2517 2427 2689 2495 primo
2737 2428 2824 2483 illa
2869 2430 2968 2485 sibi
3020 2431 3259 2503 obsequi.
3317 2434 3436 2491 Nisi
3489 2438 3627 2507 prius

2045 2521 2339 2569 creaturam
2385 2516 2480 2586 ipsi
2523 2518 2740 2588 obsequi
2772 2531 3044 2577 ostensum
3085 2521 3270 2579 ﬁtisset
3297 2567 3315 2594 ,
3342 2540 3453 2582 non
3502 2529 3631 2585 ﬁdes

2047 2600 2220 2658 habita
2248 2616 2393 2661 esset
2444 2606 2634 2662 Joanni
2674 2612 3013 2681 evangelista
3060 2613 3255 2672 dicenti
3285 2633 3297 2669 :
3332 2615 3527 2679 Omnia
3553 2640 3631 2690 per

2044 2696 2212 2763 ipsum
2231 2703 2365 2769 facta
2383 2712 2497 2755 sunt
2521 2702 2695 2773 (Joan.
2728 2707 2778 2759 1.
2814 2707 2890 2775 5).
2917 2707 3193 2775 Quomodo
3217 2712 3482 2768 creditum
3506 2713 3631 2769 fuis~

2044 2799 2125 2845 set
2150 2793 2406 2861 apostolis
2429 2835 2443 2858 ,
2476 2796 2591 2849 rudi
2640 2797 2813 2866 lingua
2845 2800 3184 2870 loquentibus
3205 2845 3223 2870 ,
3252 2819 3378 2859 cum
3407 2804 3480 2861 de
3530 2807 3631 2862 Deo

2044 2881 2221 2938 Verbo
2246 2884 2449 2939 afﬁrma
2460 2897 2578 2941 rent
2598 2929 2612 2952 ,
2655 2889 2934 2957 Creatore,
2980 2892 3264 2950 Servatore
3289 2936 3305 2960 ,
3337 2897 3630 2967 sapic-sitis-

2042 2974 2180 3028 simo
2214 3016 2229 3039 ,
2282 2975 2544 3032 doctore?
2590 2979 2783 3035 Verum
2830 2983 3192 3050 apostolorum
3243 2985 3424 3058 lingua
3479 2999 3631 3044 erant

2043 3065 2334 3133 miracula;
2382 3084 2445 3125 os
2471 3073 2833 3140 apostolorum
2888 3084 3005 3131 erat
3058 3086 3299 3135 mortuus
3323 3082 3631 3143 suscitatus.

2042 3159 2263 3215 claudus
2303 3163 2605 3218 ambulans.
2645 3163 2798 3231 Quod
2844 3176 3023 3222 autem
3071 3167 3326 3225 miracula
3379 3184 3632 3242 sequatur

2045 3249 2178 3306 fides
2203 3294 2219 3316 ,
2265 3254 2578 3311 testificatur
2621 3257 2893 3326 Scriptura
2918 3260 3133 3316 dicens:
3156 3261 3259 3317 Per
3284 3280 3467 3318 manus
3502 3268 3632 3320 enim

2041 3344 2385 3411 apostolorum
2445 3346 2632 3414 ﬁebant
2698 3349 2844 3417 signa
2903 3366 3089 3421 magna
3143 3363 3193 3406 et
3266 3355 3508 3425 prodigia
3582 3358 3630 3409 is

2042 3432 2202 3501 plebe.
2250 3433 2531 3506 Stupebant
2575 3449 2744 3493 autem
2787 3456 2959 3497 omnes
2989 3484 3004 3505 ,
3051 3444 3308 3514 magisque
3348 3448 3630 3517 augebatur

2039 3525 2258 3593 quotidie
2307 3528 2527 3585 virorum
2568 3538 2617 3585 et
2654 3530 2923 3589 mulierum
2964 3534 3230 3589 multitudo
3261 3535 3421 3607 (Act.
3450 3539 3509 3595 5.
3544 3539 3626 3593 ﬂ.

2041 3617 2127 3673 14.
2157 3627 2206 3672 et
2234 3617 2288 3671 2.
2312 3620 2391 3689 7).
2441 3619 2807 3678 Praelucebant
2851 3625 3107 3681 miracula
3131 3667 3145 3688 ,
3173 3636 3229 3680 et
3266 3629 3632 3696 sequebantur

2037 3706 2304 3779 dogmata.
2334 3709 2422 3766 Sic
2450 3721 2504 3767 et
2530 3712 2582 3767 in
2606 3713 2723 3784 lege
2755 3754 2774 3779 ,
2803 3716 3063 3784 pratibant
3085 3719 3337 3775 miracula
3379 3720 3433 3775 in
3454 3721 3625 3793 Egy-

2039 3810 2151 3873 pto,
2184 3818 2302 3873 quae
2328 3802 2618 3874 probarent
2644 3807 2812 3862 Deum
2851 3822 2973 3865 esse
2990 3808 3322 3870 Creatorem.
3360 3813 3503 3870 Deus
3528 3832 3623 3871 au-

2039 3906 2167 3960 tem,
2212 3897 2385 3953 bonus
2412 3913 2534 3954 cum
2578 3909 2755 3965 esset.
2805 3902 2975 3958 noluit
2999 3903 3115 3973 ipse
3141 3905 3288 3960 solus
3329 3905 3621 3972 honorari,

2034 3989 2130 4044 sed
2161 4005 2281 4045 cum
2309 3990 2487 4061 Moyse
2507 3993 2728 4061 gloriam
2756 3996 2980 4063 partitus
3005 4006 3108 4052 est.
3136 3997 3271 4064 Quia
3296 3999 3443 4054 enim
3477 4001 3616 4071 Deus

2035 4097 2101 4137 ex
2124 4083 2379 4153 operibus
2401 4085 2513 4140 suis
2537 4087 2800 4156 apparuit,
2832 4087 3041 4159 Moyses
3065 4104 3277 4159 quoque
3296 4106 3420 4146 cum
3448 4093 3619 4162 gloria

2034 4176 2136 4245 ipsi
2180 4176 2376 4231 collata
2402 4177 2549 4233 visus
2586 4188 2667 4233 est
2695 4178 2885 4250 (Exod.
2919 4181 3009 4236 ⁸54.
3043 4181 3156 4253 29).
3186 4182 3318 4237 Cum
3357 4184 3503 4238 enim
3530 4185 3619 4238 de-

2033 4266 2316 4322 scenderet
2342 4268 2511 4338 legem
2542 4278 2728 4325 tenens
2756 4313 2775 4339 ,
2802 4286 2871 4328 ue
2899 4271 3071 4342 ipsum
3118 4284 3387 4343 tamquam
3416 4275 3619 4346 simpli-

2031 4374 2149 4414 cem
2177 4360 2446 4416 bominem
2474 4363 2842 4432 respicerent,
2872 4365 3013 4421 Deus
3040 4366 3154 4436 ejus
3199 4367 3404 4421 vultum
3445 4369 3617 4439 gloria

2031 4453 2239 4523 replet,
2270 4462 2328 4507 ut
2351 4453 2493 4523 quod
2536 4470 2602 4509 ex
2632 4455 2935 4513 infirmitate
2965 4466 3164 4512 natura:
3194 4458 3499 4525 deficiebat,
3525 4477 3618 4530 per

2028 4545 2211 4614 gratia:
2267 4545 2649 4614 plenitudinem
2719 4547 3048 4618 impleretur.
3102 4548 3419 4618 Cogitabam
3470 4553 3617 4606 enim

2028 4634 2231 4689 vultum
2256 4636 2426 4705 gloria
2450 4636 2698 4692 aﬂ'eetum
2739 4653 2852 4693 non
2870 4653 2992 4695 esse
3034 4655 3064 4695 a
3094 4641 3204 4695 Deo
3231 4642 3493 4697 alienum.
3539 4644 3616 4698 Ita

2026 4740 2238 4797 quoque
2290 4726 2542 4783 Servatur
2584 4730 2789 4785 vultum
2836 4730 3091 4800 Stephani
3150 4734 3305 4803 primi
3361 4738 3617 4806 martyris

2026 4818 2308 4888 splendere
2333 4820 2561 4875 curavit.
2582 4819 2689 4875 Cur
2703 4821 2907 4877 vultum
2927 4822 3187 4892 Stephani
3212 4824 3501 4895 Splendere
3527 4842 3615 4883 cu-

2025 4915 2203 4969 ravit?
2228 4913 2363 4982 Quia
2395 4924 2453 4970 ut
2479 4915 2823 4986 blasphemus
2851 4918 3169 4988 lapidandus
3194 4932 3312 4977 erat
3330 4963 3347 4985 ,
3379 4939 3505 4980 cum
3532 4925 3582 4980 di

2023 5016 2189 5071 ceret,
2228 5006 2389 5062 Video
2404 5008 2555 5063 caios
2577 5019 2799 5077 apertos,
2847 5021 2893 5064 et
2923 5010 3116 5067 Filium
3139 5014 3360 5068 hominis
3386 5025 3605 5071 stantau

2022 5116 2056 5152 a
2087 5101 2279 5155 dextris
2305 5101 2401 5157 Dei
2452 5102 2590 5174 (Act.
2620 5104 2672 5158 7,
2710 5105 2780 5160 55
2806 5105 2858 5175 );
2891 5116 3232 5162 antevertens
3280 5109 3419 5165 Deus
3445 5126 3609 5181 ange-

2026 5191 2125 5245 lica
2155 5190 2321 5246 forma
2377 5192 2569 5248 faciem
2598 5195 2719 5262 ejus
2755 5197 3064 5263 coronavit;
3108 5206 3166 5253 ut
3193 5198 3425 5268 ingratis.
3456 5215 3607 5255 mon-

2020 5294 2235 5349 straret,
2264 5301 2369 5340 non
2413 5286 2581 5357 gloria
2607 5289 2945 5345 afﬁciendum
2996 5288 3143 5357 fore,
3170 5291 3219 5346 si
3261 5291 3604 5362 blasphemus

2018 5385 2184 5432 esset.
2230 5376 2357 5433 Heri
2403 5393 2537 5449 ergo
2561 5379 2797 5436 diximus
2833 5382 3004 5438 Deum
3044 5383 3217 5452 primo
3262 5384 3354 5441 die
3397 5400 3467 5443 es
3498 5401 3599 5442 non

2017 5468 2352 5525 exstantibus
2398 5469 2599 5528 feaisse
2658 5474 2859 5531 omnia.
2912 5473 3170 5544 Quodque
3234 5476 3429 5535 mirum
3484 5486 3598 5540 est,

2016 5573 2177 5628 opera
2201 5577 2305 5616 non
2327 5562 2489 5618 modo
2513 5566 2843 5622 creationem
2866 5567 2957 5623 Dei
2977 5569 3287 5633 ostendunt.
3313 5573 3413 5629 sed
3434 5570 3593 5626 etiam

2017 5650 2395 5709 haereticorum
2413 5655 2739 5725 impietatem
2765 5668 3077 5729 coarguunt.
3103 5659 3300 5728 Quaero
3342 5676 3592 5732 suoque.

2015 5744 2283 5814 quomodo
2316 5745 2453 5803 facta
2496 5757 2619 5805 sunt
2646 5764 2715 5806 ea
2733 5763 2853 5823 quae
2881 5765 2987 5806 non
3019 5760 3189 5820 erant,
3220 5751 3344 5822 quia
3394 5751 3499 5823 ipsi
3522 5751 3592 5807 de
