3720 6276
46 250 155 304 ιιι·
974 210 979 215 ’
1096 242 1181 297 DE
1219 237 1428 297 unum
1467 235 1861 294 CltEATIONE
1899 236 2155 294 ORATIO
2193 237 2257 292 ll.

45 379 107 415 eo
133 359 233 432 qui
280 370 404 417 erat
452 370 719 432 qumrnnt,
761 356 1031 430 quomodo
1054 356 1265 428 genitus
1316 356 1404 410 sit.
1431 354 1486 408 Si
1535 367 1638 406 non

44 460 200 507 erant
230 452 331 507 illa
363 468 467 507 non
498 452 760 507 exstantia
780 492 796 517 ,
827 450 1022 515 dicant,
1056 447 1324 519 quomodo
1349 446 1483 500 facta
1509 445 1636 499 sint.

42 543 196 610 Quod
227 558 350 598 non
375 552 478 611 est,
512 559 615 597 non
645 543 876 619 efficitur
918 540 1210 597 secundum
1238 540 1530 594 humanum
1556 552 1641 592 ra-

44 634 358 701 tiocinium,
379 650 483 689 non
507 633 632 688 item
663 632 954 688 secundum
973 631 1203 685 divinam
1228 631 1499 684 virtutem.
1529 628 1641 681 Ali-

40 722 259 790 quando
281 723 422 779 dicit
440 714 763 789 haereticus;
792 722 935 777 Dixit
958 722 1178 787 Deus,et
1205 720 1339 774 facta
1362 727 1502 773 sunt.
1534 717 1636 774 Sed

42 827 181 867 nunc
212 827 345 870 rem
368 812 569 879 dixisti,
599 828 703 867 non
733 812 970 868 modum.
1002 811 1145 866 Dixit
1175 810 1332 877 Deus,
1362 808 1482 863 Fiat
1507 808 1597 863 tua:
1621 824 1640 862 :

48 905 257 961 factum
294 914 386 961 est
419 904 471 961 id
497 904 639 975 quod
666 920 772 959 non
796 914 931 960 erat.
963 904 1154 960 Sermo
1188 902 1239 957 in
1266 917 1378 957 rem
1406 910 1641 956 mutatus

41 1007 120 1051 est
141 1014 156 1061 ;
181 1004 344 1066 puta,
371 998 483 1066 ipsa
500 1011 602 1051 vox
630 1011 843 1065 egressa
868 994 1004 1050 facta
1029 1002 1113 1050 est
1135 994 1245 1049 lux.
1267 993 1405 1063 Ergo
1435 1006 1537 1047 non
1559 1000 1642 1046 est

40 1102 103 1142 ex
130 1102 243 1142 non
264 1087 628 1155 exstantibus,
648 1087 742 1143 sed
768 1103 835 1142 ex
861 1087 1142 1143 existente.
1176 1085 1304 1153 Quis
1332 1085 1476 1140 enim
1503 1085 1640 1139 ausit

39 1179 222 1235 dicere
255 1179 498 1237 Verbum
530 1196 636 1234 non
664 1179 915 1235 exstare?
945 1179 1085 1249 Ergo
1115 1178 1245 1233 nihil
1268 1177 1394 1233 fecit
1419 1192 1484 1232 ex
1534 1193 1637 1230 non

37 1273 406 1338 exstantibus,
436 1273 531 1328 sed
556 1289 628 1329 ex
660 1273 785 1328 illo:
816 1273 998 1341 sicque
1027 1271 1360 1340 reperiuntur
1382 1278 1639 1326 creaturae

41 1365 135 1433 ipsi
149 1364 669 1431 eonsubstantiales,
685 1364 893 1435 etquod
911 1363 1139 1420 deFilio
1150 1364 1328 1420 dicere
1349 1363 1636 1434 refugiunt,

40 1457 89 1511 id
113 1458 392 1513 creaturis
410 1457 738 1513 adscribunt.
760 1456 957 1514 Verum
987 1471 1173 1511 rursus
1192 1456 1380 1511 arctati
1403 1455 1627 1511 dicunt:

42 1551 316 1606 Voluntas
347 1551 440 1605 Dei
466 1566 527 1605 ea
552 1566 672 1621 qua:
701 1565 804 1605 non
836 1558 990 1605 erant
1017 1550 1196 1605 ell'ecit
1223 1567 1237 1615 ;
1267 1550 1413 1619 atqui
1441 1548 1634 1603 volun-

39 1650 118 1697 tas
142 1642 196 1697 id
224 1642 380 1713 quod
412 1657 515 1697 non
544 1651 658 1697 erat
688 1641 959 1713 producit;
988 1652 1172 1696 natura
1204 1649 1380 1696 autem
1414 1641 1464 1696 id
1496 1641 1634 1710 quod

37 1744 152 1791 erat
190 1749 312 1790 non
353 1735 538 1806 gignit.
597 1737 676 1789 Ac
724 1734 967 1790 mirabile
1022 1734 1204 1804 utique
1247 1742 1348 1789 est.
1394 1733 1633 1802 Exempli

38 1841 195 1881 causa
228 1826 435 1896 loquor
467 1841 745 1896 :suppone
769 1825 897 1880 mihi
931 1824 1128 1881 fontem
1151 1836 1202 1879 et
1232 1832 1437 1895 petram
1466 1842 1478 1876 :
1504 1824 1628 1894 quid

41 1920 251 1974 facilius
296 1933 494 1989 aquam
539 1919 757 1989 gignere
796 1926 993 1988 potest,
1033 1933 1099 1972 an
1143 1917 1283 1982 fons,
1332 1932 1400 1971 an
1443 1917 1636 1986 petra?

40 2010 177 2065 Fons
201 2010 251 2065 si
280 2009 552 2081 genuerit,
581 2025 648 2063 ex
675 2009 740 2064 iis
761 2026 877 2079 qua:
905 2008 1085 2075 habet,
1118 2009 1337 2080 profert,
1368 2018 1512 2079 petra
1537 2024 1632 2064 ve-

38 2118 95 2157 ro
119 2118 187 2157 ex
211 2102 285 2156 iis
319 2116 440 2171 qua:
465 2116 570 2155 non
598 2100 779 2156 habet.
807 2100 949 2171 Ergo
975 2100 1025 2156 id
1048 2100 1190 2171 quod
1217 2116 1322 2156 non
1343 2109 1458 2156 erat
1487 2109 1634 2172 petra

34 2196 217 2263 genuit
247 2210 324 2250 ex
353 2195 418 2250 iis
448 2210 568 2264 qua:
606 2209 711 2248 non
750 2194 977 2249 habebat
1007 2213 1020 2248 :
1050 2204 1105 2252 et
1156 2194 1275 2251 fons
1300 2211 1454 2266 quem
1485 2196 1534 2249 in
1575 2211 1635 2251 se

37 2288 240 2341 lentem
295 2284 527 2340 habebat
567 2300 672 2339 non
710 2286 912 2356 genuit.
947 2286 1012 2340 Et
1056 2286 1324 2356 quomodo
1352 2287 1485 2341 facta
1512 2296 1635 2340 sunt

35 2393 152 2444 quae
183 2391 302 2430 non
337 2375 531 2430 erant?
576 2392 701 2429 num
751 2375 802 2430 id
833 2392 958 2431 casu
1002 2386 1056 2432 et
1086 2394 1181 2448 per
1206 2392 1264 2432 se
1317 2378 1551 2434 accidit?
1583 2379 1632 2433 id

35 2467 175 2536 quod
200 2482 321 2523 non
344 2476 477 2533 erat,
508 2482 705 2522 nomen
734 2476 835 2529 est,
861 2468 1098 2538 nihilque
1124 2468 1305 2522 aliud?
1332 2468 1462 2536 Quia
1489 2469 1631 2537 dico,

37 2562 111 2615 lix
145 2575 262 2616 non
317 2560 674 2626 exstantibus,
705 2576 773 2616 ne
812 2560 932 2616 ideo
960 2561 1234 2617 existimes
1262 2562 1315 2616 id
1360 2564 1501 2632 quod
1529 2580 1632 2618 non

34 2660 215 2707 exstat
242 2650 450 2721 aliquid
472 2666 610 2705 esse.
639 2651 779 2721 Ergo
803 2667 921 2705 cum
964 2668 1067 2705 non
1100 2652 1270 2722 possis
1294 2652 1472 2709 dicere
1501 2671 1634 2723 quo-

33 2743 199 2799 modo
226 2741 286 2797 id
310 2740 452 2812 quod
478 2755 585 2795 non
613 2750 749 2806 erat,
777 2756 841 2795 ex
871 2758 975 2796 non
999 2752 1242 2799 exstante
1262 2760 1358 2799 seu
1382 2761 1447 2800 ex
1470 2745 1634 2800 nihilo

35 2836 234 2889 factum
262 2832 357 2897 sit,
382 2830 670 2886 audebisne
698 2832 960 2886 curiosius
978 2833 1245 2903 inquirere
1273 2835 1541 2905 quomodo
1589 2837 1633 2891 is

32 2927 122 2993 qui
164 2933 295 2981 erat
322 2939 388 2979 ex
415 2938 480 2978 eo
507 2922 597 2992 qui
626 2932 737 2978 erat
768 2924 978 2994 genitus
1016 2925 1123 2979 sit?
1143 2923 1343 2982 Omnes
1372 2937 1630 2982 creaturte

34 3036 140 3075 non
162 3026 331 3074 erant
349 3016 417 3071 ab
434 3017 601 3082 initio,
626 3025 679 3071 et
704 3015 858 3072 factae
882 3024 1033 3071 sunt:
1056 3018 1381 3088 unigenitum
1404 3020 1631 3074 Verbum

32 3124 85 3168 et
104 3112 343 3168 Creator
362 3110 543 3164 mundi
557 3124 659 3163 non
680 3108 846 3163 factus
869 3120 950 3165 est
969 3110 1035 3165 ab
1055 3110 1224 3176 initio,
1243 3112 1335 3167 sed
1352 3121 1484 3167 erat.
1511 3113 1635 3168 llaec

36 3220 139 3257 non
162 3210 403 3259 erantet
427 3200 561 3253 facta
587 3209 708 3254 sunt
740 3218 752 3253 :
784 3199 871 3254 hic
896 3210 1011 3255 erat
1041 3203 1092 3255 in
1121 3202 1380 3273 principio
1402 3220 1508 3259 non
1544 3204 1629 3259 fa-

32 3306 177 3361 ctus,
197 3294 291 3348 ba:
319 3306 449 3348 vero
473 3289 627 3346 facta:
651 3301 773 3346 sunt
798 3292 850 3346 in
870 3293 1150 3363 principio,
1177 3310 1297 3350 eum
1313 3310 1416 3350 non
1431 3307 1630 3352 essent.

103 3389 159 3444 '5.
196 3388 370 3443 Terra
388 3390 636 3457 quomodo
665 3390 929 3446 invisibilis
956 3402 1065 3446 erat
1106 3392 1160 3446 in
1182 3392 1469 3464 principio;
1506 3392 1631 3448 Fir-

34 3484 284 3536 mamenti
317 3491 365 3535 et
402 3482 516 3536 cali
551 3484 682 3537 ratio
704 3484 979 3538 secundant
1006 3485 1268 3540 Seueriani
1294 3497 1533 3542 mentem.
1562 3518 1632 3530 ~—

38 3576 204 3630 Terra
234 3585 433 3642 autem,
466 3576 656 3647 inquit,
672 3588 780 3632 erat
799 3579 1081 3634 invisibilis.
1106 3580 1243 3646 Quid
1269 3590 1373 3645 est,
1396 3581 1634 3638 Invisibi-

36 3672 101 3723 lis
124 3671 150 3723 1’
181 3668 326 3724 Novi
371 3669 571 3725 multos
595 3681 901 3726 sanctorum
931 3674 1148 3729 Patrum
1172 3675 1406 3732 dixisse:
1444 3675 1630 3731 Invisi-

37 3763 162 3816 bilis
191 3769 318 3817 erat
344 3770 485 3817 terra
514 3803 530 3830 ,
556 3763 808 3832 quoniam
835 3778 973 3834 aqua
999 3765 1366 3821 occultabatnr
1394 3766 1545 3838 (Gen.
1578 3770 1629 3823 l.

32 3854 112 3923 2).
143 3853 337 3909 Multas
361 3861 489 3908 sunt
513 3854 794 3911 sententiae
824 3856 923 3925 pite
951 3855 1187 3926 quidem,
1220 3859 1315 3914 sed
1340 3875 1448 3914 non
1472 3876 1629 3915 verae.

39 3946 290 4015 Exempli
313 3959 496 4013 causa,
524 3954 633 4002 tres
660 3946 816 4002 amici
845 3946 986 4014 Jobi,
1009 3962 1132 4002 cum
1161 3948 1308 4004 illum
1360 3950 1414 4005 in
1439 3967 1632 4006 terum-

32 4040 121 4092 nis
144 4036 402 4092 viderent
422 4078 436 4101 ,
481 4044 723 4092 sanctum
750 4037 923 4092 virum
948 4037 1288 4106 damnarunt,
1320 4041 1467 4111 quasi
1489 4042 1631 4112 justa

33 4130 369 4198 patientem,
392 4128 749 4199 dicebantque
781 4148 793 4183 :
821 4129 931 4183 Nisi
958 4130 1142 4184 viduas
1184 4130 1485 4197 alllixisses,
1529 4134 1630 4190 nisi

34 4222 276 4294 pupillos
302 4222 682 4291 oppressisses,
718 4237 1004 4290 tnnnqnam
1034 4222 1125 4275 tibi
1176 4223 1314 4277 Deus
1339 4223 1453 4278 hzec
1485 4224 1627 4280 inﬂi-

33 4318 230 4371 xisset.
284 4315 355 4369 Et
400 4322 576 4367 tamen
622 4313 744 4382 quia
783 4314 875 4368 Dei
913 4314 1239 4382 prapositum
1290 4316 1626 4385 ignorabant,

31 4408 355 4462 maluerunt
409 4404 551 4460 hunc
595 4403 851 4460 damnare
898 4405 1046 4474 quasi
1096 4404 1237 4475 justa
1306 4408 1629 4477 patientem,

30 4516 197 4570 quam
236 4498 429 4563 Deum,
459 4505 518 4551 ut
547 4496 739 4566 injuste
767 4497 902 4551 mala
932 4497 1269 4554 inferentem.
1302 4499 1395 4554 Dei
1415 4516 1632 4556 causam

30 4593 295 4663 agebant,
336 4599 393 4644 et
446 4600 620 4644 tamen
664 4589 801 4644 Deus
833 4588 950 4644 illos
1000 4591 1238 4660 coarguit
1271 4610 1284 4646 :
1318 4591 1490 4658 Quare
1529 4610 1630 4647 non

31 4684 241 4754 loquuti
289 4682 409 4737 estis
434 4692 571 4735 recta
599 4680 837 4735 adversus
866 4696 1063 4735 servum
1092 4698 1253 4736 meum
1282 4681 1401 4755 (Job
1427 4684 1516 4739 42.
1552 4685 1625 4756 7).

32 4780 129 4834 Est
174 4777 347 4848 igitur
368 4776 633 4832 sententia
662 4776 746 4845 pia
776 4774 1013 4846 quidem,
1047 4775 1142 4830 sed
1183 4790 1290 4831 non
1318 4792 1461 4832 vera.
1492 4779 1628 4844 Quid

26 4883 113 4927 est
140 4873 333 4940 igitur,
363 4868 521 4923 Terra
557 4878 724 4921 autem
747 4878 854 4922 erat
877 4868 1138 4922 invisibilis
1163 4878 1210 4922 et
1255 4869 1584 4939 incomposita
1604 4872 1630 4924 ξ)

28 4966 373 5034 Interpretes
413 4959 557 5015 clare
600 4970 982 5028 exposuerunt.
1031 4961 1122 5015 Ait
1169 4961 1312 5016 enim
1363 4962 1551 5033 Aquila
1610 4979 1625 5014 :

27 5056 196 5110 Terra
226 5062 399 5108 autent
427 5061 535 5108 erat
589 5053 813 5107 inanitas
857 5062 904 5106 et
949 5053 1096 5107 nihil.
1144 5053 1422 5112 Invisibilis
1449 5064 1625 5111 autem

24 5147 258 5210 dicitur,
294 5157 402 5198 non
422 5141 567 5213 quod
586 5158 690 5198 non
719 5151 1024 5213 appareret,
1055 5142 1239 5215 sed,ut
1264 5145 1384 5214 quis
1403 5144 1622 5213 dixerit,

22 5244 308 5296 inornata.
330 5237 577 5294 Nondum
603 5247 719 5295 erat
738 5238 854 5293 lteta
873 5238 1083 5309 plantis,
1105 5238 1341 5294 nondum
1368 5238 1627 5295 fructibus

20 5342 318 5400 coronata,
347 5330 585 5387 nondum
609 5329 783 5386 ﬂuviis
826 5342 881 5386 et
907 5331 1140 5386 fontibus
1159 5331 1354 5396 cincta,
1385 5332 1621 5387 nondum

16 5426 142 5481 aliis
202 5422 475 5495 variisque
524 5422 852 5479 ornamentis
889 5421 1104 5488 decora,
1136 5433 1355 5492 eratque
1383 5424 1623 5478 invisibi-

19 5520 83 5574 lis
101 5517 357 5573 nondum
378 5519 634 5571 instructa
659 5516 907 5586 gignendi
938 5515 1208 5570 facultate.
1236 5517 1325 5569 Ait
1350 5515 1620 5585 Scriptura

18 5610 87 5665 dc
119 5608 368 5680 quodam
413 5608 528 5662 viro
559 5606 677 5663 forti
714 5617 767 5661 et
798 5606 1066 5662 formoso:
1098 5605 1283 5660 Nonne
1320 5608 1400 5659 hic
1420 5624 1622 5676 percus-

18 5704 81 5761 sit
110 5704 285 5757 cirum
317 5699 625 5773 [Egyptium
657 5701 897 5756 visibilem
925 5702 1000 5770 (‘2.
1037 5699 1162 5769 Reg.
1191 5699 1280 5755 25.
1309 5699 1370 5756 21
1394 5701 1414 5773 )
1434 5702 1457 5752 ?
1488 5700 1623 5756 Num

3226 244 3329 298 “‘1!

1749 360 1832 406 est
1858 367 1985 421 ergo
2017 352 2096 406 vir
2128 352 2448 407 invisibilis?
2493 352 2598 409 Sed
2629 352 2820 423 dignus
2851 362 2964 417 est,
2996 354 3162 424 inquit
3192 397 3205 420 ,
3236 357 3325 425 qni

1746 445 2083 513 suspiciatnr.
2124 442 2579 511 Quemadmodum
2629 446 2787 514 igitur
2833 445 3138 516 rEgyptinm
3194 445 3355 521 dixit

1746 539 1916 592 virum
1970 536 2251 603 visibilem,
2298 552 2395 593 ceu
2439 537 2653 607 dignum
2703 538 3005 607 spectaculo
3059 555 3073 591 :
3111 540 3189 592 sic
3225 545 3330 591 lcr-

1746 643 1860 683 ram
1916 627 2196 683 informem
2237 627 2552 683 invisibilem
2599 628 2750 681 dixit.
2779 627 3024 683 Secundo
3062 629 3147 684 die
3192 628 3326 682 dixit

1749 719 1886 774 Deus
1944 735 1957 772 :
2016 717 2136 773 Fiat
2193 719 2564 787 ﬁrmamentum
2610 719 2660 770 in
2711 718 2875 771 medio
2913 736 3058 786 aqua:
3087 759 3103 785 ,
3150 728 3197 772 et
3256 718 3323 772 sit

1747 810 1971 864 dividens
1988 810 2115 864 inter
2138 826 2322 879 aquam
2347 819 2395 863 et
2415 826 2598 878 aquam
2620 808 2774 879 (Cen.
2803 811 2852 864 1.
2877 807 2954 880 6).
2990 809 3137 864 Fecit
3164 811 3323 880 igitur

1746 898 1849 954 hoc
1873 900 2084 967 caelum,
2113 913 2219 953 non
2246 914 2374 954 vero
2395 901 2582 954 cmlutn
2606 900 2872 970 superius,
2908 899 3001 955 sed
3025 899 3153 955 illud
3183 900 3325 971 quod

1745 991 1989 1059 videtur,
2037 1006 2107 1048 ex
2156 992 2307 1061 aquis
2333 1007 2523 1062 nempe
2553 994 2787 1063 Crystalli
2830 994 2996 1048 instar
3039 995 3326 1049 concretis.

1751 1086 1917 1140 Velim
1945 1100 2061 1141 rem
2092 1084 2184 1140 tibi
2218 1086 2269 1140 in
2295 1095 2638 1154 conspectum
2665 1086 2792 1142 dare
2832 1105 2845 1140 :
2880 1087 3046 1141 multa
3077 1087 3218 1142 enim
3260 1103 3329 1143 ex

1745 1181 1860 1234 visu
1891 1188 2076 1234 nostro
2101 1179 2465 1250 meliusquam
2496 1180 2660 1234 verbo
2704 1180 3003 1235 traduntur.
3039 1181 3165 1236 ilzec
3189 1197 3326 1251 aqua

1744 1286 1904 1340 supra
1929 1280 2124 1326 terram
2153 1271 2441 1337 eminebat,
2470 1272 2618 1325 verbi
2645 1286 2828 1338 causa,
2860 1271 3052 1327 cubitis
3085 1272 3320 1343 triginta.

1743 1362 1892 1417 Tunc
1917 1361 2052 1416 dixit
2078 1363 2216 1416 Deus
2248 1380 2260 1416 :
2296 1361 2413 1415 Fiat
2443 1364 2816 1432 ﬁrmamentum
2851 1363 2904 1417 in
2946 1364 3111 1417 medio
3137 1379 3281 1435 aqua?
3309 1380 3328 1417 :

1744 1454 2066 1526 demumque
2113 1455 2164 1508 in
2213 1455 2391 1509 medio
2418 1471 2676 1525 aquarum
2706 1457 2978 1512 concretio
3004 1457 3055 1511 in
3086 1459 3325 1528 crystalli

1743 1562 1945 1601 morem
1964 1546 2082 1612 fuit,
2109 1546 2406 1616 levavitque
2430 1547 2657 1601 mediam
2686 1557 2891 1618 partem
2922 1563 3053 1617 aqua
3087 1563 3321 1615 sursum,

1744 1637 1972 1692 mediam
2007 1652 2136 1692 vero
2180 1637 2402 1693 inferius
2444 1638 2678 1707 reliquit,
2724 1639 2862 1694 sicut
2886 1640 3145 1710 scriptum
3177 1650 3259 1695 est
3305 1660 3318 1695 :

1745 1730 1861 1784 Fiat
1882 1731 2254 1799 ﬁrmamentum
2276 1732 2327 1786 in
2354 1731 2515 1786 medio
2540 1747 2703 1802 aqum,
2729 1741 2776 1786 et
2798 1734 2891 1786 erit
2933 1732 3161 1786 dividens
3187 1734 3318 1787 inter

1740 1839 1923 1892 aquam
1944 1832 1989 1877 et
2013 1840 2217 1893 aquam.
2239 1824 2346 1878 Cur
2371 1834 2546 1879 autem
2572 1823 2696 1878 illud
2721 1826 3111 1879 ﬁrmamentum
3130 1827 3325 1879 vocat?

1739 1914 1871 1981 Quia
1902 1913 2148 1967 nimirum
2178 1929 2243 1968 ex
2272 1916 2477 1970 rariore
2520 1925 2575 1969 et
2614 1914 2870 1970 dissoluta
2910 1932 3166 1986 aquarum
3196 1918 3324 1971 sub-

1738 2006 1930 2061 stantia
1955 2006 2082 2061 illud
2110 2006 2358 2061 lirmavit.
2382 2006 2505 2062 Ideo
2529 2007 2695 2061 David
2715 2023 2927 2078 quoque
2950 2009 3023 2061 ait
3052 2028 3065 2062 ε
3090 2007 3322 2061 Laudate

1739 2114 1852 2152 eum
1885 2099 1939 2151 in
1962 2098 2280 2166 ﬁrmamento
2310 2099 2511 2153 virtutis
2541 2100 2649 2170 ejus
2678 2098 2847 2169 (Psal.
2883 2100 3010 2155 150.
3038 2101 3125 2171 1).
3177 2100 3245 2154 Ει
3265 2110 3322 2155 ut

1739 2191 1845 2246 alio
1888 2199 2006 2245 utar
2047 2192 2293 2260 exemplo
2324 2209 2337 2245 :
2366 2191 2814 2260 quemadmodum
2860 2192 3035 2246 fumus
3055 2231 3071 2259 ,
3102 2208 3224 2247 cum
3251 2208 3319 2247 ex

1739 2282 1895 2353 lignis
1925 2289 1980 2336 et
2011 2281 2133 2351 igne
2177 2281 2489 2347 emerserit,
2518 2281 2691 2335 rarior
2730 2290 2814 2337 est
2859 2291 3020 2352 atque
3066 2283 3320 2349 mollior;

1738 2382 2057 2429 cumautem
2075 2374 2129 2428 in
2154 2373 2384 2430 sublime
2402 2373 2727 2439 ascenderit,
2756 2374 2808 2428 in
2831 2374 2987 2429 nubis
3002 2374 3321 2431 densitatem

1739 2474 2010 2520 mutatur:
2044 2465 2123 2520 sic
2151 2479 2407 2536 aquarum
2430 2456 2640 2519 illarum
2683 2466 2947 2520 rariorum
2989 2474 3234 2521 naturam
3268 2465 3321 2521 in

1738 2557 1965 2612 sublime
1985 2556 2196 2612 ductam
2218 2557 2357 2612 Deus
2376 2556 2492 2611 ﬁxit
2518 2566 2572 2611 et
2588 2556 2961 2611 consolidavit.
2990 2558 3125 2613 Rem
3143 2567 3318 2612 autem

1737 2665 1855 2704 esse
1881 2663 2060 2703 veram
2095 2648 2405 2703 testiﬁcatur
2447 2647 2614 2703 Isaias
2657 2648 2881 2703 dicens:
2912 2647 3105 2703 Caelum
3152 2660 3204 2703 ut
3232 2654 3318 2722 [u-

1738 2759 1849 2796 mus
1878 2743 2111 2811 ﬁrmatus
2150 2753 2221 2796 est
2256 2740 2412 2812 (Isai.
2437 2742 2523 2797 51.
2555 2742 2588 2798 6
2613 2744 2654 2813 ).
2687 2742 2885 2797 Czrhnn
2915 2743 3091 2813 itaque
3120 2744 3170 2797 in
3202 2760 3317 2800 mc-

1738 2835 1828 2888 dio
1853 2850 2109 2901 aquarum
2139 2822 2445 2889 cencretum
2478 2875 2494 2902 ,
2521 2834 2794 2890 dimidiam
2822 2850 3081 2906 aquarum
3118 2847 3319 2905 partem

1740 2930 1791 2983 in
1820 2928 2049 2983 sublime
2081 2929 2294 2984 levavit.
2344 2927 2453 2982 Cur
2479 2938 2659 2983 autem
2691 2943 2843 2998 aquae
2884 2928 2987 2983 illa:
3029 2944 3276 2998 superna.-
3303 2969 3321 2994 ,

1737 3035 1790 3078 et
1815 3022 1902 3077 cui
1924 3022 2075 3077 usui?
2099 3037 2166 3076 an
2190 3031 2246 3077 ut
2271 3023 2390 3092 quis
2411 3021 2579 3090 bibat,
2608 3037 2674 3075 an
2700 3031 2757 3076 ut
2781 3022 2900 3093 quis
2920 3022 3166 3092 naviget?
3189 3022 3319 3076 Nam

1738 3112 1903 3183 aqn'as
1926 3128 2156 3183 superne
2184 3114 2386 3183 positas
2415 3126 2535 3168 esse
2562 3112 2873 3167 testiﬁcatur
2899 3113 3059 3166 David
3088 3114 3275 3166 dicetis
3301 3131 3316 3166 :

1739 3207 1806 3260 Et
1834 3224 1967 3278 aqua
1994 3222 2108 3277 qua:
2132 3223 2283 3277 super
2310 3207 2460 3261 cwlos
2486 3216 2559 3260 est
2581 3206 2751 3273 (Psal.
2785 3207 2908 3262 148.
2936 3206 3030 3277 4).
3061 3206 3318 3263 Animad-

1736 3312 1885 3356 verte
1921 3301 2034 3370 jam
2081 3298 2353 3355 Creatoris
2401 3300 2735 3369 sapientiam.
2783 3297 3159 3371 Crystallinum
3204 3309 3321 3353 erat

1737 3396 1927 3452 caelum
1941 3410 2006 3449 ex
2033 3395 2185 3464 aquis
2212 3403 2521 3449 concretum
2545 3410 2557 3446 :
2585 3393 2707 3461 quia
2730 3392 2872 3448 enim
2898 3392 3026 3447 solis
3052 3392 3318 3446 ﬂammam

1737 3495 2108 3556 suscepturum
2137 3495 2251 3540 erat
2276 3495 2437 3555 atque
2467 3485 2626 3551 lnam,
2660 3499 2867 3540 necnon
2909 3483 3167 3539 infinitam
3190 3484 3321 3539 stel-

1738 3578 1908 3632 larum
1940 3576 2358 3642 multitudinem,
2400 3576 2742 3645 futurumque
2769 3583 2885 3631 erat
2913 3584 2969 3631 ut
3000 3584 3168 3630 totum
3197 3574 3319 3646 igne

1737 3674 2058 3743 repleretur,
2091 3686 2157 3726 ne
2184 3687 2248 3725 ex
2289 3670 2469 3726 calore
2498 3670 2665 3726 nimio
2696 3670 2997 3726 solveretur
3020 3679 3115 3725 aut
3142 3686 3323 3725 urere-

1739 3776 1858 3834 tur,
1887 3766 2049 3821 dorso
2076 3765 2191 3821 etnli
2238 3765 2531 3819 constravit
2568 3765 2662 3819 illa
2707 3779 2971 3834 aquarum
3001 3764 3168 3819 maria
3193 3805 3210 3831 ,
3264 3773 3322 3818 ut

1738 3858 1855 3929 ejus
1883 3857 2041 3912 dorsa
2084 3856 2353 3912 emolliret
2396 3865 2555 3927 atque
2600 3856 2800 3922 linirel,
2833 3867 2888 3910 et
2912 3856 2987 3910 sic
3025 3864 3207 3924 posset
3235 3868 3320 3908 re-

1738 3950 1928 4003 sistere
1952 3947 2202 4010 llammae,
2235 3961 2334 4002 nec
2373 3956 2684 4002 terreretur.
2718 3947 3031 4016 Exemplum
3063 3947 3113 4000 in
3159 3961 3320 3999 manu

1738 4041 1903 4095 habes
1932 4058 1946 4094 :
1977 4041 2023 4097 si
2064 4041 2222 4096 hodie
2251 4040 2478 4095 lebetcm
2506 4041 2612 4110 igni
2644 4040 2960 4108 imposueris
2983 4080 3000 4106 ,
3042 4038 3088 4093 si
3128 4054 3319 4109 aquam

1739 4134 1952 4198 habeat,
1988 4133 2094 4204 igni
2123 4133 2357 4197 resistit;
2392 4132 2473 4187 sin
2496 4148 2600 4186 non
2631 4132 2844 4200 haheat,
2865 4132 3206 4189 dissolvitur:
3238 4132 3316 4187 sic

1741 4226 1891 4282 Dens
1933 4225 2038 4296 igni
2066 4224 2422 4281 adversariam
2454 4225 2631 4294 posuit
2666 4240 2859 4294 aquam
2881 4265 2896 4289 ,
2928 4234 2987 4279 ut
3028 4224 3319 4295 perdurare

1738 4326 1952 4388 posset,
1984 4332 2055 4372 ex
2101 4317 2252 4387 aquis
2279 4330 2489 4371 sursum
2535 4316 2665 4372 illud
2696 4316 3025 4373 linientibus.
3078 4318 3154 4371 Ac
3200 4317 3318 4373 vide

1736 4424 1848 4463 rem
1878 4409 2066 4463 miram
2099 4425 2113 4463 :
2147 4416 2349 4462 tantum
2372 4407 2606 4462 abundat
2637 4407 2854 4464 humida
2885 4408 3183 4465 substantia
3214 4424 3319 4464 ca:—

1737 4500 1855 4556 lesti
1890 4499 2101 4570 corpori
2133 4500 2405 4569 imposita,
2439 4508 2584 4555 tanto
2605 4500 2732 4556 licet
2752 4499 3070 4557 adversante
3097 4502 3236 4570 igne,
3262 4511 3320 4556 ut

1736 4595 1897 4649 etiam
1927 4602 2083 4649 terra:
2111 4592 2434 4649 commodet.
2464 4593 2596 4649 Nam
2623 4593 2765 4649 unde
2809 4594 2939 4651 ros?
2973 4593 3153 4650 Nubes
3191 4608 3319 4649 nus.

1736 4702 1896 4758 quam
1940 4694 2057 4752 est,
2106 4701 2199 4740 aer
2240 4700 2432 4755 aquam
2490 4701 2599 4740 non
2645 4685 2841 4750 habet;
2881 4701 3076 4755 nempe
3124 4685 3339 4741 etelum.

1735 4795 1801 4835 ex
1846 4776 2301 4847 superabundanti
2351 4792 2491 4847 aqua
2561 4776 2800 4831 distillat.
2858 4775 2983 4830 Ideo
3032 4776 3180 4831 Isaac
3225 4790 3317 4845 pa-

1736 4870 1965 4926 triarcha
1993 4884 2116 4924 eum
2141 4868 2342 4924 Jacobo
2369 4868 2707 4924 benediceret
2727 4908 2743 4934 ,
2773 4868 2983 4923 dicebat
3024 4884 3038 4920 :
3088 4866 3185 4921 Det
3228 4867 3318 4920 tibi

1734 4962 1873 5018 Deus
1890 4963 1952 5016 de
1980 4978 2092 5015 rore
2118 4961 2229 5015 ειειὶ
2261 4972 2307 5014 et
2324 4960 2388 5014 de
2408 4960 2710 5031 pinguedine
2734 4970 2880 5014 terra:
2904 4958 3057 5030 (Gen.
3072 4958 3165 5013 27.
3185 4957 3305 5030 28).

1806 5053 1859 5109 4.
1893 5056 2054 5108 Aiunt
2083 5068 2226 5119 vero,
2260 5052 2471 5120 fratres,
2516 5054 2571 5107 in
2617 5051 2705 5107 die
2725 5051 2910 5122 judicii
2936 5093 2952 5120 ,
2979 5066 3317 5108 recessuram

1734 5162 1924 5217 aquam
1952 5147 2097 5200 illam
2117 5160 2427 5215 supernam,
2467 5146 2762 5216 caelumque
2802 5148 3033 5202 solutum
3061 5147 3164 5215 iri,
3192 5160 3313 5202 cum

1734 5258 1838 5297 non
1879 5242 2013 5296 ultra
2064 5240 2367 5296 habiturum
2411 5239 2480 5293 sit
2508 5239 2651 5294 illam
2706 5255 2961 5311 aquarum
3003 5242 3221 5308 molem,
3262 5248 3316 5294 et

1735 5334 1849 5387 fore
1876 5341 1934 5387 ut
1960 5332 2129 5387 stellas
2156 5332 2387 5393 cadant,
2439 5347 2558 5385 cum
2589 5347 2688 5387 nec
2715 5336 2849 5385 viam
2900 5347 2999 5386 nec
3030 5332 3313 5385 stationem

1734 5423 1870 5476 ultra
1903 5422 2161 5478 habitura:
2190 5423 2317 5476 sint.
2347 5422 2472 5476 ﬂare
2501 5438 2660 5492 porro
2689 5438 2791 5475 non
2820 5432 3019 5476 temere
3047 5421 3309 5482 dicimus;

1734 5515 1827 5569 sed
1848 5516 2118 5583 Scriptura
2143 5514 2301 5569 docet
2332 5532 2343 5566 :
2380 5513 2573 5569 Cretum
2600 5516 2741 5569 enim
2771 5513 3089 5566 convolvetnr
3112 5520 3166 5563 ut
3185 5513 3312 5563 liber

1733 5607 1887 5675 (lsai.
1924 5609 2011 5662 5i.
2040 5608 2130 5677 4);
2161 5622 2353 5677 nempe
2400 5606 2645 5662 adustum
2676 5620 2691 5661 :
2720 5604 2860 5675 quod
2891 5603 3032 5659 enim
3069 5600 3313 5654 aduritur

1735 5702 2064 5757 convolvitur
2090 5711 2164 5756 :et
2195 5702 2353 5755 stella:
2380 5701 2558 5755 cadent
2586 5702 2713 5754 sicut
2742 5699 2866 5769 [alia
2898 5698 3026 5751 ritis.
3063 5694 3311 5761 Attende,
