3704 6274
413 230 520 287 M5

414 362 615 417 qna-so,
648 355 703 402 et
729 345 889 401 alium
920 362 1093 401 usiun.
1126 348 1291 418 Aqua:
1322 349 1429 405 illa:
1449 390 1463 414 ,
1488 364 1605 419 qua:
1636 364 1795 420 super
1824 350 1987 405 etelos

418 451 563 507 sunt,
594 455 699 494 non
729 439 889 495 modo
910 440 1097 495 caelum
1133 453 1451 498 conservant
1478 483 1491 507 ,
1525 443 1623 498 sed
1658 443 1819 501 etiam
1849 441 2001 495 liam-

425 548 567 587 mani
596 532 723 587 solis
750 542 805 587 et
833 532 972 587 lunae
1001 533 1270 593 emittunt.
1300 535 1354 591 Si
1380 535 1523 593 enim
1552 535 1871 605 pellucidum
1912 551 2000 591 es.

411 633 499 679 set
521 624 733 690 etclam,
780 625 957 680 omnis
995 625 1109 693 ejus
1156 626 1410 696 splendor
1446 643 1658 683 sursum
1704 637 1993 691 curreret,

410 718 548 787 ignis
599 717 796 788 quippe
846 734 966 775 cum
1021 736 1233 775 sursum
1282 721 1504 787 tendat,
1563 732 1759 777 terram
1808 721 1995 779 deser-

408 820 518 875 tam
546 809 892 882 relinqueret.
948 810 1148 866 Idcirco
1194 812 1355 883 igitur
1391 823 1558 868 totum
1598 813 1790 868 caelum
1831 826 1994 882 supe-

415 900 533 955 rius
561 900 837 957 immensis
883 904 1037 975 aquis
1063 903 1415 973 addensavit,
1478 916 1534 959 ut
1578 905 1830 977 splendor
1874 920 1997 961 coa-

406 998 528 1046 ctus
579 991 716 1049 infra
764 992 1129 1050 descenderet.
1176 994 1309 1054 Vide
1369 996 1601 1055 Artiﬁcis
1654 997 1995 1073 sapientiam.

406 1080 586 1136 Habes
612 1091 791 1138 autem
818 1084 867 1138 in
896 1085 1066 1155 teipso
1093 1087 1369 1157 sapientia:
1395 1088 1633 1146 Artiﬁcis
1660 1088 1944 1160 imaginem
1970 1107 1986 1154 ;

409 1174 540 1228 fecit
568 1175 763 1244 quippe
790 1176 929 1231 Deus
959 1178 1119 1233 etiam
1146 1180 1198 1234 in
1229 1188 1281 1235 te
1321 1190 1554 1251 quatuor
1594 1182 1986 1238 elementorum

406 1264 660 1336 efﬁgiem.
683 1266 1084 1337 Animadverte,
1107 1286 1291 1341 quaeso
1312 1291 1325 1329 :
1346 1273 1516 1344 cogita
1541 1272 1672 1327 mihi
1702 1284 1860 1344 caput
1889 1278 1990 1347 hoc

405 1372 526 1413 esse
547 1359 735 1414 etelum
777 1362 1063 1431 superius;
1097 1379 1217 1433 quae
1247 1378 1408 1434 supra
1439 1364 1675 1436 linguam
1706 1376 1852 1433 sunt,
1884 1384 1991 1431 etes

404 1449 517 1504 lum
538 1450 783 1519 alterum,
812 1452 864 1507 id
894 1463 976 1511 est
1007 1454 1397 1513 firmamentum
1430 1475 1443 1511 :
1477 1457 1712 1529 indeque
1733 1462 1979 1531 estquod

405 1547 671 1613 οὖρανισκος
692 1585 706 1609 ,
735 1545 847 1600 sive
879 1562 1097 1617 parvum
1143 1550 1335 1603 cazlum
1364 1558 1602 1605 vocetur.
1635 1550 1893 1623 Superius
1935 1557 1987 1608 in

409 1633 549 1690 locis
587 1636 781 1692 abditis
832 1638 1139 1717 cerebrum,
1180 1641 1321 1711 quod
1350 1657 1454 1701 non
1489 1643 1700 1699 videtur
1727 1686 1741 1709 ,
1771 1645 1989 1704 inferius

406 1725 609 1797 lingua,
632 1728 864 1798 quazsub
890 1741 1163 1800 aspectum
1193 1731 1367 1794 cadit.
1398 1732 1859 1802 Quemadmodum
1892 1736 1988 1808 igi-

405 1828 492 1873 tur
515 1819 702 1874 catium
724 1821 972 1889 superius
998 1822 1051 1875 in
1083 1823 1441 1885 invisibilibus
1467 1834 1569 1893 est,
1595 1825 1825 1889 mundus
1858 1843 1987 1887 vero

401 1908 457 1963 in
478 1909 607 1964 locis
622 1910 688 1965 de
704 1911 898 1981 quibus
923 1912 1189 1982 loquimur
1207 1931 1219 1967 :
1240 1928 1303 1969 ac
1326 1914 1773 1985 quemadmodum
1796 1919 1849 1972 in
1870 1920 1985 1973 eie-

402 2000 603 2068 mentis
644 2011 837 2061 terram
885 2006 1149 2079 comperis
1196 2021 1317 2061 esse
1344 2023 1582 2078 gravem,
1609 2023 1804 2078 aquam
1857 2025 1985 2065 vero

398 2102 543 2150 terra
600 2096 880 2163 leviorem,
936 2098 1055 2169 igne
1092 2100 1430 2169 graviorem;
1462 2116 1779 2177 rursumque
1801 2118 1989 2175 aerem

398 2188 551 2259 aquis
576 2188 852 2254 leviorem,
885 2192 1004 2261 igne
1029 2193 1326 2263 graviorem
1355 2210 1371 2249 :~
1395 2194 1473 2250 sic
1516 2203 1572 2253 et
1601 2195 1653 2250 in
1682 2196 1835 2251 nobis
1861 2211 1984 2252 sen-

396 2295 512 2347 sus,
543 2290 749 2351 gustus,
781 2282 1054 2347 odoratus,
1083 2284 1316 2351 auditus,
1339 2286 1485 2341 visus
1504 2301 1603 2342 nec
1626 2301 1814 2343 omnes
1834 2288 1983 2343 simi-

397 2371 477 2426 les
512 2381 654 2428 sunt.
691 2373 823 2429 Rem
873 2377 1159 2446 comproba
1195 2394 1207 2433 :
1239 2377 1285 2437 si
1314 2378 1446 2433 velis
1478 2379 1680 2449 aliquid
1716 2390 1934 2449 gustare
1962 2423 1978 2449 ,

396 2465 497 2518 nisi
541 2465 732 2536 linguae
758 2466 1047 2525 admoveas
1074 2508 1089 2533 ,
1122 2468 1271 2525 milio
1310 2480 1499 2541 gustus
1528 2487 1689 2534 sensu
1719 2473 1971 2537 afﬁceris.

393 2556 638 2611 Crassior
665 2558 861 2633 quippe
890 2575 1079 2616 sensus
1113 2571 1221 2631 est,
1251 2576 1353 2617 nec
1383 2571 1559 2633 potest
1587 2565 1771 2633 procul
1807 2565 1982 2634 perci—

394 2664 546 2718 pere.
578 2649 815 2706 Olfactus
846 2667 972 2707 vero
1000 2652 1183 2722 procul
1208 2654 1439 2727 percipit
1468 2671 1483 2721 ;
1510 2656 1743 2725 exempli
1787 2670 1975 2724 causa,

394 2754 495 2808 per
547 2740 765 2796 domum
818 2744 1052 2811 transis,
1091 2743 1274 2801 odoris
1317 2744 1663 2815 fragrantiam
1719 2747 1977 2823 percipis,

392 2846 552 2900 quam
581 2848 688 2888 non
712 2833 881 2889 vides.
913 2835 1123 2899 Rursus
1160 2836 1305 2901 visus
1342 2835 1539 2907 olfactu
1583 2838 1812 2893 celerior
1848 2848 1973 2895 est:

392 2923 534 2978 videt
576 2926 720 2982 enim
768 2941 834 2985 ex
870 2939 1051 2984 monte
1088 2929 1247 2985 latam
1289 2929 1580 2999 planitiem.
1622 2930 1755 2997 Visu
1790 2946 1976 2989 rursus

391 3032 545 3073 mens
557 3020 762 3075 acutior
783 3023 1003 3078 :cazlum
1032 3022 1249 3094 cogitat,
1273 3032 1489 3091 terram,
1514 3039 1682 3092 mare,
1706 3034 1762 3081 et
1781 3025 1975 3105 ubique

389 3111 679 3166 invenitur.

471 3205 621 3261 Mens
646 3208 899 3276 quomodo
942 3216 1023 3262 est.
1064 3208 1233 3279 imago
1265 3208 1382 3267 Dei.
1425 3208 1659 3279 Historia
1684 3209 1970 3279 cuiusdam,

389 3302 477 3373 qui
499 3318 562 3357 ea:
586 3299 988 3369 sanctiﬁcatione
1012 3300 1207 3355 volebat
1236 3301 1527 3356 detruncari
1548 3302 1698 3369 illud,
1721 3301 1975 3358 Dominus

389 3393 670 3447 sabaotlt...
709 3421 780 3431 —
800 3391 926 3447 ideo
955 3391 1128 3461 imago
1155 3391 1248 3447 Dei
1279 3408 1431 3447 mens
1455 3402 1555 3448 est.
1587 3394 1735 3449 Mens
1754 3394 1970 3465 cogitat,

390 3500 623 3555 moxque
643 3484 694 3537 in
719 3499 777 3538 se
803 3484 913 3539 fora
939 3492 1106 3551 creat,
1140 3484 1348 3539 turbam
1378 3486 1478 3542 sibi
1505 3486 1764 3557 depingit,
1789 3496 1845 3543 et
1873 3504 1971 3560 po-

390 3577 593 3646 pulum.
627 3575 956 3631 Erubescant
981 3577 1235 3631 haeretici.
1268 3577 1418 3651 Mens
1448 3578 1571 3632 talia
1597 3589 1850 3649 operatur
1875 3624 1890 3649 ,
1919 3591 1975 3638 et

391 3669 589 3724 mentis
615 3668 839 3734 Artifex,
866 3670 1010 3734 omni
1058 3668 1255 3733 olfactu
1281 3671 1528 3725 subtilior
1548 3714 1561 3737 ,
1592 3686 1698 3727 non
1742 3674 1972 3735 celerio-

393 3779 507 3819 rem
540 3762 700 3819 habet
729 3763 1115 3832 opcrationem.
1136 3778 1240 3819 non
1273 3774 1569 3835 promptam
1598 3766 1815 3822 creandi
1839 3768 1969 3835 vim,

396 3874 501 3911 non
539 3856 1135 3925 incomprehensibilcm
1154 3858 1437 3911 naturam?
1465 3857 1602 3912 Volo
1624 3868 1824 3928 autem,
1857 3844 1969 3916 ira?

398 3958 505 4002 tres
536 3990 551 4013 ,
607 3962 720 4002 rem
748 3945 900 4003 vobis
924 3946 1103 4002 dicere
1132 3947 1445 4015 illSUll'nlCm
1475 3949 1689 4019 quidem
1716 3960 1971 4022 quantum

394 4039 460 4092 ad
514 4038 862 4108 impietatem,
904 4038 1000 4092 sed
1043 4038 1166 4093 fidei
1213 4054 1502 4096 consonam
1529 4081 1545 4106 ,
1599 4053 1855 4112 quantum
1906 4044 1973 4109 ad

395 4146 655 4195 examen;
683 4138 742 4185 ut
786 4128 1002 4186 discatis
1042 4138 1238 4201 quanta
1283 4141 1335 4186 et
1376 4148 1535 4202 quam
1573 4148 1721 4192 nova
1764 4146 1975 4194 moveat

394 4222 658 4290 diabolus,
685 4230 878 4291 quanta
905 4222 1153 4292 reperiat,
1185 4234 1381 4293 quanta
1411 4234 1661 4295 suggerat
1686 4225 1970 4290 haereticis,

393 4312 480 4366 vel
535 4313 587 4366 hi
640 4314 814 4381 potius
859 4312 1090 4367 diabolo.
1144 4313 1313 4369 Hodie
1359 4316 1619 4385 quiSpiam
1664 4316 1969 4387 haereticus,

395 4403 748 4472 prmsentibus
775 4403 974 4464 sanctis
1004 4404 1133 4459 viris
1155 4414 1209 4459 et
1233 4406 1467 4473 patribus
1490 4447 1506 4472 ,
1535 4422 1632 4461 nos
1650 4410 1974 4465 conveniens

396 4496 609 4561 dicebat
637 4513 651 4548 :
682 4495 795 4549 inec
824 4495 945 4549 ilico
969 4505 1168 4565 autem,
1204 4511 1272 4551 ne
1297 4512 1384 4551 res
1408 4480 1561 4552 aliter
1590 4499 1790 4566 audita,
1819 4501 1975 4559 aliter

396 4590 553 4642 feriat
582 4604 595 4639 :
626 4587 803 4654 Pater,
829 4586 1024 4667 aiebat,
1052 4596 1107 4641 et
1130 4586 1295 4641 Filius
1319 4598 1372 4643 et
1386 4588 1615 4657 Spiritus
1631 4600 1845 4649 sanctus
1871 4606 1974 4646 una

396 4679 665 4747 divinitas,
701 4694 802 4733 una
827 4680 1012 4742 virtus,
1044 4695 1208 4745 mium
1242 4695 1485 4749 regnum.
1518 4682 1743 4749 Oportet
1770 4691 1973 4748 autem,

398 4773 589 4842 inquit,
620 4770 830 4827 auferre
856 4772 923 4823 ah
952 4772 1131 4827 animo
1163 4773 1202 4837 ⁸,
1234 4789 1337 4829 non
1370 4772 1511 4825 enim
1540 4772 1609 4826 ab
1633 4773 1785 4828 altari
1810 4773 1931 4828 dico
1956 4815 1970 4839 ,

396 4881 463 4920 nc
496 4864 548 4919 in
580 4864 996 4920 sanctiﬁcatione
1037 4865 1260 4927 dicatur,
1295 4865 1532 4931 Sanctus,
1590 4874 1816 4932 sanctus,
1856 4882 1975 4919 san-

402 4968 512 5009 ctus
539 4955 790 5011 Dominus
817 4957 1065 5012 Sabaoth.
1090 4956 1201 5011 Nisi
1232 4956 1379 5022 illud,
1402 4957 1594 5027 inquit,
1624 4957 1971 5025 abstuleritis,

398 5047 687 5103 Christiani
718 5064 827 5101 non
854 5050 1000 5102 estis.
1047 5047 1288 5102 Vidistin‘
1313 5056 1509 5101 tantam
1535 5048 1831 5114 audaciam,
1857 5057 1973 5102 tan-

399 5146 612 5206 tamque
634 5136 828 5192 diaboli
856 5138 1396 5193 insaniam?vidistin‘
1426 5138 1658 5193 radicem
1686 5137 1971 5194 adversan-

395 5228 465 5281 tis
499 5227 607 5282 Dco
632 5228 963 5297 impietatis?
1016 5227 1251 5283 vidistin’
1280 5228 1693 5296 magnitudinem
1726 5228 1975 5297 blasphe-

398 5321 565 5376 tnize?
621 5319 837 5375 Pietatis
902 5329 1063 5390 caput
1125 5322 1291 5375 voluit
1353 5332 1661 5390 amputare,
1716 5337 1976 5383 enervare

398 5414 731 5485 mysterium,
762 5412 919 5468 fidem
946 5413 1164 5468 abolere
1189 5456 1203 5479 ,
1235 5413 1351 5483 ejus
1380 5412 1716 5469 fundamenta
1763 5430 1969 5470 eruere.

398 5506 466 5562 Ει
491 5504 610 5561 vide
636 5505 831 5560 diaboli
854 5507 1121 5559 astutiam.
1148 5505 1416 5559 Persuasit
1436 5504 1485 5560 ei
1512 5514 1569 5559 ut
1601 5504 1803 5559 diceret
1832 5523 1845 5558 :
1878 5506 1973 5560 Pa-

465 5637 480 5668 ¹
516 5637 654 5688 Savil.
682 5637 944 5701 legendum
970 5644 1121 5701 putat,
1145 5637 1206 5687 ab
1227 5635 1458 5700 oratione,
1482 5651 1586 5701 pro,
1613 5637 1857 5689 abaninto.
1885 5639 1975 5689 sed

402 5704 532 5751 σιλιέ
554 5708 716 5765 potest
738 5700 883 5752 lectio
905 5700 1130 5751 Codicum
1151 5702 1381 5751 omnium.

1867 233 2243 292 SEVERIANI
3584 250 3659 307 iit

2112 358 2192 403 ter
2216 358 2272 404 et
2301 350 2467 408 Filius
2493 362 2548 408 et
2596 353 2826 424 Spiritus
2852 363 3071 415 sanctus
3096 398 3112 422 ,
3142 372 3245 410 una
3279 357 3413 412 ﬁdes
3440 359 3521 431 (ιι)
3544 402 3560 426 ,
3585 378 3661 419 uin

2107 440 2316 509 virtus,
2362 458 2526 498 unum
2556 460 2801 516 regnum.
2842 446 3119 502 Venenum
3158 449 3320 503 melle
3345 456 3660 519 temperavit.

2104 531 2328 603 Semper
2348 535 2490 591 enim
2509 536 2866 605 mendacium,
2886 554 3007 593 cum
3032 539 3141 595 vult
3165 540 3267 594 sibi
3295 539 3461 595 ﬁdem
3483 540 3661 609 haberi,

2104 624 2205 680 nisi
2233 625 2636 682 fundamentum
2662 631 2899 698 posuerit
2943 631 3252 700 apparentis
3300 631 3579 698 veritatis,
3619 649 3658 691 ut

2103 715 2292 777 falsum
2321 720 2560 789 rejicitur
2590 739 2603 774 :
2636 730 2689 781 et
2709 738 2811 793 qua
2833 722 3040 778 ratione
3060 764 3074 789 ,
3102 723 3258 778 audi:
3296 724 3441 779 nihil
3470 726 3656 796 quidem

2101 807 2297 875 simile,
2346 809 2518 864 dicam
2551 820 2751 867 tamen.
2784 812 2971 887 Rallab
2997 814 3250 869 meretrix
3301 829 3429 869 exim
3482 821 3662 886 excepit

2100 902 2484 972 exploratores,
2515 904 2871 976 interrogata:
2906 905 3129 977 lngressi
3149 907 3421 963 suntadte
3442 910 3536 969 viri
3557 910 3659 981 (lat.

2100 991 2155 1046 2.
2192 994 2247 1049 4.
2280 992 2386 1067 5).!
2436 995 2758 1067 respondet,
2812 996 3030 1063 Etiam;
3080 998 3184 1056 boo
3218 1002 3455 1070 primum
3508 1017 3660 1058 verum

2098 1091 2182 1139 est
2214 1084 2357 1141 :Sed
2380 1087 2631 1155 exierunt,
2686 1088 2891 1158 inquit;
2915 1088 3018 1144 hoc
3049 1090 3342 1145 secundum
3390 1092 3597 1146 falsum.
3620 1095 3657 1147 Si

2098 1175 2341 1245 dixisset,
2368 1178 2482 1233 Non
2500 1181 2702 1251 egressi
2723 1189 2870 1255 sunt,
2895 1181 3110 1251 domum
3139 1186 3465 1252 perscrutari
3490 1199 3655 1240 essent

2100 1269 2240 1344 Dixit
2267 1286 2477 1345 verum,
2506 1282 2565 1330 ut
2594 1274 2752 1335 ﬁdem
2780 1274 3128 1339 conciliaret:
3157 1277 3353 1332 falsum
3381 1276 3599 1345 addidit,
3620 1294 3659 1335 at

2097 1360 2386 1433 deciperet.
2416 1363 2492 1419 ita
2526 1374 2581 1420 et
2624 1366 2726 1422 iste
2771 1383 2786 1421 :
2837 1367 2998 1423 nobis
3037 1368 3498 1439 interrogantibus
3525 1411 3541 1434 ,
3580 1373 3659 1425 Car

2095 1455 2577 1527 san‘ctiiicationem
2606 1457 3078 1515 detruneabimus?
3103 1460 3299 1525 dicitis,
3335 1462 3536 1532 inquit,
3573 1462 3655 1516 ιιο.

2095 1547 2266 1600 minus
2294 1545 2522 1602 Sabaoth
2566 1565 2587 1603 :
2614 1550 2759 1619 atqui
2790 1564 2895 1604 non
2923 1559 3007 1605 est
3054 1566 3250 1608 nomen
3283 1552 3423 1617 Dei,
3455 1567 3561 1613 non
3599 1567 3657 1608 est

2093 1634 2288 1691 Christi
2316 1680 2331 1705 ,
2366 1654 2541 1710 neque
2589 1640 2782 1696 Patris.
2814 1640 3060 1697 Vidistin’
3088 1657 3150 1697 os
3179 1642 3278 1697 vile
3299 1652 3356 1697 et
3385 1644 3655 1713 impurum?

2093 1726 2391 1797 ignoravit,
2449 1746 2643 1801 nempe
2680 1733 2751 1793 ob
2779 1732 3077 1799 inscitiam,
3108 1734 3353 1797 Sabaoth
3396 1750 3511 1794 non
3566 1751 3656 1791 esse

2092 1833 2293 1891 nomen
2320 1820 2437 1894 Dei,
2471 1820 2566 1877 sed
2596 1836 2789 1878 nomen
2819 1824 3145 1879 exercituum
3171 1841 3187 1889 ;
3210 1824 3262 1879 id
3290 1835 3395 1890 est,
3430 1824 3655 1883 Dominus

2093 1910 2371 1968 virtutum.
2422 1913 2651 1979 Causam
2680 1924 2856 1971 autem
2884 1915 3007 1973 dico
3040 1934 3053 1969 :
3090 1917 3184 1972 sed
3214 1928 3339 1972 ante
3366 1917 3535 1973 tinem
3560 1922 3655 1990 quid

2090 2003 2246 2059 fausti
2274 2006 2517 2061 evenerit
2563 2009 2819 2063 annuntio
2871 2026 2884 2062 :
2935 2010 3200 2080 pcenituit,
3231 2012 3513 2080 procidit,
3553 2029 3651 2069 ana-

2091 2097 2324 2169 themata
2350 2098 2503 2165 dixit,
2529 2110 2781 2171 precatus
2800 2110 2903 2167 est,
2937 2111 3182 2173 receptus
3209 2113 3311 2158 est.

2158 2192 2211 2263 5,.
2254 2192 2483 2267 Attende
2510 2193 2705 2271 igitur:
2730 2194 2853 2265 quia
2874 2209 3050 2251 sermo
3101 2196 3304 2265 incidit.
3333 2211 3523 2268 Operae
3559 2215 3651 2266 pre-

2090 2282 2217 2336 tium
2242 2270 2681 2350 estnoscausam
2712 2285 2918 2344 dicere.
2961 2287 3033 2341 ob
3076 2302 3235 2356 quam
3276 2288 3472 2347 beatus
3522 2290 3652 2345 istis

2087 2373 2225 2429 hanc
2258 2376 2735 2434 sanctilicationem
2792 2378 2904 2432 Deo
2951 2377 3199 2432 emissam
3241 2379 3470 2433 audivit.
3522 2381 3651 2435 isaias

2085 2474 2201 2521 erat
2224 2466 2305 2521 vir
2324 2466 2601 2535 mirabilis,
2628 2468 2744 2543 zelo
2766 2468 2977 2544 plenus,
3010 2469 3092 2523 vir
3117 2470 3311 2531 audax,
3345 2471 3524 2525 etuias
3572 2490 3651 2527 nm

2088 2561 2432 2630 procacitate,
2458 2561 2552 2617 sed
2582 2563 2719 2617 zelo.
2738 2561 2833 2617 llis
2862 2561 3189 2635 temporibus
3226 2563 3323 2616 iuit
3369 2580 3491 2627 rex,
3523 2565 3651 2619 om.

2090 2652 2307 2707 nomine
2340 2669 2353 2707 :
2382 2654 2427 2707 is
2452 2668 2574 2708 cum
2598 2653 2743 2728 regia
2770 2642 3068 2723 majestate,
3092 2655 3456 2726 sacerdotium
3517 2660 3651 2709 etiam

2083 2740 2336 2799 invadere
2383 2743 2623 2809 tentavit.
2671 2743 2989 2811 sacerdotes
3029 2743 3153 2814 quid
3180 2746 3302 2815 inde
3353 2758 3651 2817 sequeretur

2083 2842 2377 2899 noverant;
2408 2834 2521 2905 regi
2548 2844 2723 2889 tamen
2758 2835 3041 2904 plurimum
3063 2822 3322 2901 .reiuelari
3357 2839 3649 2899 notuerunt;

2080 2927 2390 2997 dignitatem
2427 2928 2668 2994 reveriti,
2697 2929 2887 2984 solium
2919 2928 3125 3001 honore
3169 2932 3488 2998 prosequuti
3528 2944 3650 2995 sunt,

2080 3022 2346 3095 exercitus
2369 3021 2685 3095 timuerunt.
2705 3020 2823 3093 ipse
2848 3035 3059 3091 quoque
3104 3020 3265 3076 Esaias
3317 3023 3513 3086 tacuit,
3566 3038 3651 3077 non

2080 3112 2286 3168 obstitit
2333 3114 2465 3184 regi.
2497 3110 2566 3169 Ut
2591 3112 2721 3167 vidit
2761 3112 2900 3167 Deus
2929 3111 3237 3168 sacerdotes
3265 3112 3650 3177 formidolosa,

2080 3215 2355 3262 nutantem
2410 3205 2747 3276 prophetam,
2803 3221 2984 3275 regem
3033 3205 3285 3261 audacter
3323 3222 3647 3277 aggressum,

2080 3297 2303 3367 immisit
2318 3297 2367 3352 ei
2396 3297 2600 3366 lepram
2624 3296 2676 3350 in
2707 3295 2932 3359 vultum,
2964 3305 3148 3366 utpote
3177 3297 3271 3366 qui
3297 3308 3493 3352 saneta
3515 3299 3654 3352 attito-

2078 3404 2205 3459 gere
2228 3403 2395 3457 ausus
2412 3397 2556 3443 esset
2581 3404 2593 3440 :
2623 3396 2785 3457 atque
2811 3387 3064 3456 expulsus
3087 3387 3300 3442 demum
3322 3388 3414 3443 ille
3448 3399 3538 3443 est
3558 3405 3647 3444 neu

2081 3479 2241 3536 modo
2268 3495 2299 3534 a
2348 3478 2674 3545 sacerdotio,
2698 3479 2793 3534 sed
2820 3479 2982 3534 etiam
3008 3494 3039 3532 a
3077 3495 3263 3550 regno,
3310 3492 3365 3534 et
3422 3482 3653 3551 icprosus

2080 3572 2294 3629 mansit.
2320 3573 2460 3627 Deus
2475 3587 2636 3643 porro
2649 3572 2791 3642 quod
2810 3586 2965 3631 suum
2994 3582 3110 3629 erat
3133 3574 3399 3643 prmstitit,
3426 3574 3652 3645 indigna-

2082 3676 2163 3721 ius
2191 3675 2369 3721 autem
2396 3673 2478 3721 est
2508 3666 2558 3719 in
2586 3665 2910 3731 sacerdotes,
2941 3666 3278 3736 maximeque
3326 3669 3378 3720 in
3434 3670 3653 3737 prophe-

2083 3768 2209 3825 tam,
2231 3758 2371 3829 quod
2401 3771 2641 3827 prcesens
2664 3771 2789 3812 cum
2835 3767 2999 3824 esset,
3036 3758 3289 3827 pietatem
3318 3760 3649 3827 prodidisset.

2081 3851 2223 3907 Deus
2240 3852 2426 3922 itaque
2450 3859 2575 3921 erga
2602 3849 2919 3921 prophetam
2950 3850 3221 3905 silentium
3246 3851 3536 3915 servabat;
3568 3870 3649 3907 nec

2082 3946 2241 4001 verba
2265 3961 2383 4000 cum
2413 3960 2481 4002 eo
2520 3943 2668 4011 fecit,
2719 3944 2895 4002 donec
2941 3946 3151 4016 iniquus
3193 3946 3283 4004 ille
3337 3959 3645 4003 moreretur.

2079 4037 2213 4093 Cum
2243 4046 2421 4097 autem
2446 4037 2666 4092 obiisset
2689 4037 2882 4108 impius
2905 4036 3010 4104 ille,
3044 4047 3155 4092 tam
3183 4038 3323 4094 Deus
3351 4040 3527 4109 posita
3580 4040 3647 4091 in-

2079 4130 2403 4201 dignatione,
2427 4132 2697 4201 prophetae
2718 4131 3047 4186 conciliatur.
3064 4131 3152 4186 Ait
3174 4131 3350 4202 itaque
3376 4131 3576 4187 isaias:
3598 4132 3647 4185 Et

2082 4226 2271 4295 factum
2293 4233 2364 4277 est
2390 4224 2441 4276 in
2461 4240 2616 4290 anno,
2644 4223 2696 4276 in
2721 4240 2821 4293 quo
2849 4234 3075 4278 mortuus
3108 4233 3178 4277 est
3224 4241 3313 4278 rex
3337 4224 3515 4289 Ozias,
3563 4226 3647 4278 ridi

2080 4314 2354 4370 Dominum
2372 4315 2622 4371 sedentem
2648 4332 2800 4385 super
2838 4316 3022 4369 solium
3045 4316 3290 4370 excelsum
3315 4327 3365 4370 et
3416 4318 3651 4371 eleuatum

2084 4405 2247 4475 (Isai.
2278 4406 2330 4463 ϐ.
2359 4408 2434 4478 i).
2480 4405 2587 4461 Cur
2620 4422 2748 4461 vero
2783 4406 2921 4461 Deus
2971 4408 3216 4477 apparuit
3253 4422 3417 4476 super
3467 4409 3651 4463 solium

2081 4500 2355 4557 excelsum
2382 4498 2757 4555 etelevatum?
2786 4499 2914 4566 Quia
2948 4500 3229 4553 invisibilis
3244 4510 3327 4555 est
3353 4501 3516 4567 Deus,
3571 4517 3651 4555 rex

2080 4603 2255 4648 autem
2285 4592 2429 4646 visus
2452 4600 2649 4648 metum
2676 4591 2927 4656 incussit;
2955 4591 3228 4661 prepheta:
3256 4592 3531 4647 caelestem
3552 4594 3653 4663 glo-

2081 4686 2213 4741 riam
2237 4682 2512 4747 exhibuit;
2541 4691 2597 4736 ut
2618 4680 2925 4737 ostenderet
2971 4682 3041 4747 ei,
3073 4698 3179 4752 quo
3197 4682 3336 4737 solio
3380 4682 3652 4755 despecto,

2080 4776 2223 4846 quod
2266 4776 2455 4829 solium
2487 4774 2837 4837 honorassent
2868 4791 2881 4827 :
2913 4772 3055 4844 quod
3094 4773 3422 4839 satellitium,
3471 4791 3655 4843 nempe

2080 4871 2291 4924 caeleste
2316 4868 2703 4937 etangelicum,
2727 4882 2832 4922 non
2854 4866 3197 4931 honorantes,
3226 4880 3399 4936 neque
3424 4868 3656 4937 cogitan-

2084 4972 2184 5029 tes,
2218 4964 2505 5021 humannm
2525 4960 2831 5025 satellitium
2850 4960 3183 5015 metuissent.
3212 4956 3283 5012 Et
3309 4968 3441 5026 erat,
3472 4960 3652 5028 inquit,

2082 5057 2261 5110 domus
2282 5054 2429 5125 plena
2454 5056 2615 5129 gloria
2636 5056 2745 5125 ejus
2773 5069 2791 5108 :
2817 5065 2863 5108 et
2883 5054 3153 5123 Seraphin
3173 5053 3371 5108 stabant
3394 5056 3453 5107 in
3477 5056 3653 5107 amri-

2084 5161 2137 5204 lu
2159 5151 2268 5219 ejus
2285 5150 2303 5219 (
2318 5148 2453 5202 Ibid.
2472 5164 2519 5201 υ.
2540 5148 2577 5201 2
2596 5146 2635 5218 )ι.
2656 5146 2941 5215 Cherubim
2962 5146 3177 5211 solium,
3195 5146 3654 5216 Seraphim-satel—

2084 5242 2253 5301 litium
2271 5250 2396 5295 sunt
2414 5258 2426 5293 :
2446 5238 2733 5296 Cherubim
2759 5254 2987 5308 namque
3013 5238 3143 5292 nihil
3164 5238 3316 5291 aliud
3336 5239 3648 5307 signiﬁcant,

2081 5348 2238 5402 quam
2270 5331 2579 5401 sapientiam
2610 5330 2842 5399 plenam.
2869 5328 3335 5398 Quemadmodutn
3356 5340 3539 5387 arum
3564 5331 3650 5382 hoc

2082 5424 2274 5480 solium
2303 5424 2417 5478 sive
2442 5422 2583 5477 aliud
2609 5420 2831 5491 quodvis
2879 5422 3111 5492 quietem
3166 5420 3379 5491 prabet
3426 5419 3649 5479 sedenti.

2154 5519 2226 5590 tu}
2251 5518 2532 5578 Vaticanus,
2559 5516 2774 5590 saviiius
2790 5520 3001 5590 ejusque
3022 5517 3499 5590 C0dd_._,_tti¢1ticvt¢.
3528 5517 3656 5590 Com-

2086 5580 2289 5646 belisius
2315 5596 2448 5646 vero,
2482 5595 2573 5646 suo
2599 5581 2783 5646 Marte,
2820 5580 3105 5646 nulliusque
3136 5580 3459 5642 Manuscripti
3497 5588 3655 5646 aucto-

2085 5644 2251 5703 ritate,
2275 5642 2533 5695 substituit
2557 5643 2641 5704 μία
2678 5644 2858 5699 seem.
2888 5642 2994 5694 Non
3017 5643 3161 5692 video
3184 5656 3274 5692 cur
3296 5648 3469 5692 textus
3501 5642 3585 5692 hic
3606 5650 3661 5688 sit

2086 5706 2220 5757 nulla
2248 5705 2541 5757 auctoritate
2567 5704 2843 5756 mutandus.
3540 5710 3543 5711 '
