3704 6274
385 231 494 287 445

383 348 739 421 πληρουμένη.
777 353 990 425 Ὥσπερ
1013 353 1069 407 δὲ
1098 348 1251 420 οὗτος
1278 356 1306 410 6
1332 355 1521 428 θρόνος
1551 357 1584 429 ἢ
1613 357 1799 431 ἕτερος
1826 362 1959 415 ἀνα-

378 443 544 497 παύει
575 440 668 494 τὸν
712 441 1038 512 καθήμενον,
1076 444 1169 497 καί
1200 448 1317 499 ἐστι
1350 447 1484 518 τιμὴ
1511 448 1606 501 καὶ
1633 448 1957 511 ἀνάπαυσις,

379 526 523 580 οὕτω
561 527 655 580 καὶ
694 526 830 581 Θεοῦ
883 530 1069 599 θρόνος
1118 533 1299 601 σοφία,
1349 528 1500 608 ἐφ”ῇ
1551 535 1960 588 ἐπαναπαύεται

381 614 534 678 Θεός.
578 614 677 668 Διά
712 614 863 687 [452]
884 616 1042 671 τοῦτο
1061 620 1088 673 ό
1115 620 1278 673 Δαυῖδ
1304 637 1487 691 φησιν·
1528 621 1581 674 Ὀ
1623 621 1960 691 καθήμενος

380 703 481 757 ἐπὶ
504 702 622 757 τῶν
640 705 978 774 Χερουϐεὶμ,
1002 707 1123 759 ἀντὶ
1149 707 1263 772 τοῦ,
1282 708 1339 761 '0
1357 709 1449 761 ἐπὶ
1470 708 1567 778 τῆς
1596 706 1961 778 πεπληρωμέ-

381 811 481 865 νης
509 794 701 863 σοφίας
728 796 1232 868 ἐπαναπαυόμενος.
1259 798 1359 851 Διὰ
1377 798 1535 851 τοῦτο
1562 797 1632 850 τὰ
1652 796 1960 868 Χερουϐεὶμ

382 881 564 953 πλήρη
602 881 914 952 ὀφθαλμῶν,
959 884 1028 937 τά
1057 885 1223 949 νῶτα,
1262 885 1361 957 τὴν
1407 885 1669 955 κεφαλὴν,
1704 884 1803 947 τὰς
1830 883 1961 936 πτέ-

384 983 577 1037 ρυγας,
619 969 745 1032 τοὺς
779 969 966 1034 πόδας,
996 969 1065 1023 τά
1095 970 1287 1043 στήθη,
1322 972 1417 1025 καὶ
1454 972 1631 1025 πάντα
1668 969 1959 1041 ὀφθαλμῶν

382 1054 758 1127 ἐπεπλήρωτο,
802 1057 989 1129 ἐπειδὴ
1045 1060 1078 1129 ή
1137 1058 1295 1127 σοφία
1361 1058 1695 1130 πανταχόθεν
1749 1057 1956 1128 βλέπει,

383 1143 719 1213 πανταχόθεν
763 1145 1107 1217 ἠνεῳγμένον
1161 1146 1273 1217 ἔχει
1312 1147 1372 1200 τὸ
1418 1146 1590 1218 όμμα.
1640 1147 1771 1211 Ἓξ,
1801 1146 1956 1216 φησὶ.

381 1231 670 1302 πτέρυγες
718 1231 798 1299 τῷ
838 1232 951 1299 ἐνί,
991 1233 1088 1290 καί
1138 1234 1207 1299 ἐξ
1247 1234 1535 1306 πτέρυγες
1577 1235 1656 1301 τῷ
1697 1235 1810 1289 ἐνί.
1846 1234 1959 1288 Καὶ

383 1318 510 1385 ταῖς
549 1320 666 1389 μὲν
692 1320 836 1375 δυσί
883 1323 1338 1378 κατεκάλυπτον
1378 1325 1442 1378 τὸ
1482 1324 1827 1391 πρόσωπον,
1860 1322 1960 1377 καὶ

383 1406 512 1472 ταῖς
542 1406 684 1462 δυσί
717 1407 861 1475 τοὺς
894 1410 1105 1478 πόδας,
1154 1411 1281 1477 ταῖς
1329 1411 1397 1464 δὲ
1431 1410 1616 1464 δυσίν
1654 1410 1954 1465 ἐπέτοντο.

383 1494 494 1547 Καὶ
525 1494 852 1567 ἐκέκραγον
888 1497 1089 1566 ἕτερος
1124 1498 1275 1566 πρὸς
1319 1498 1425 1552 τὸν
1466 1497 1688 1565 ἕτερον·
1736 1498 1957 1567 Ἄγιος,

381 1582 566 1653 ἅγιος,
620 1583 786 1653 ἅγιος
846 1586 1062 1653 Κύριος
1117 1586 1380 1652 Σαϐαὼθ,
1432 1586 1696 1651 τουτέστι,
1754 1585 1959 1658 Κύριος

383 1670 669 1741 στρατιῶν.
709 1672 813 1736 Ἓξ
843 1672 1134 1742 πτέρυγες
1173 1673 1255 1739 τῷ
1283 1674 1396 1739 ἐνί,
1444 1672 1543 1728 καὶ
1576 1673 1645 1738 ἐξ
1671 1674 1961 1744 πτέρυγες

379 1755 462 1823 τῷ
496 1757 607 1811 ἐνί.
650 1757 823 1812 Ὀκτὼ
863 1759 1215 1830 ἡσυχάζουσι,
1248 1761 1342 1814 καὶ
1372 1760 1636 1834 τέσσαρες
1670 1760 1854 1831 βοῶσι.
1893 1760 1958 1814 Τί

378 1839 473 1899 οὖν
496 1844 736 1899 διδάσκει
770 1848 917 1917 ἡμᾶς
951 1850 983 1917 ἡ
1021 1848 1247 1919 Γραφή;
1280 1849 1371 1920 Μὴ
1400 1849 1576 1902 πάντα
1607 1851 1775 1901 κινεῖν
1812 1848 1959 1917 λογι-

381 1934 517 2003 σμὸν
546 1934 676 2007 περὶ
705 1936 861 1989 Θεοῦ·
890 1937 1026 1990 ἀλλά
1068 1938 1134 1991 τά
1175 1937 1274 2008 μὲν
1325 1940 1502 2009 σιωπῇ
1539 1936 1851 2007 κηρύττειν,
1892 1938 1962 1991 τὰ

378 2022 437 2075 δέ
459 2021 639 2076 πίστει
665 2023 906 2089 δοξάζειν
933 2026 1025 2078 καὶ
1054 2025 1343 2093 θεολογεῖν.
1376 2025 1525 2078 Διατί
1547 2025 1603 2077 δὲ
1630 2026 1959 2091 σκεπάζουσι

379 2110 506 2173 τοὺς
526 2109 693 2174 πόδας
719 2113 813 2164 καί
835 2110 935 2183 τὴν
970 2111 1237 2181 κεφαλήν;
1287 2112 1503 2183 Ἐπειδὴ
1534 2110 1656 2165 οὔτε
1686 2112 1828 2184 ἀρχὴ
1859 2114 1963 2166 εύ-

384 2197 652 2268 ρίσκεται,
694 2199 816 2252 οὔτε
857 2199 1034 2263 τέλος.
1082 2201 1215 2263 Ταῖς
1251 2199 1309 2252 δὲ
1347 2199 1466 2253 δυσὶ
1499 2200 1830 2255 καλύπτουσι
1863 2201 1961 2271 τὴν

383 2284 646 2354 κεφαλὴν,
672 2287 790 2349 ταῖς
809 2287 966 2340 δυσὶι
996 2287 1121 2350 τοὺς
1141 2287 1326 2353 πόδας,
1356 2286 1598 2357 δηλονότι
1620 2291 1739 2351 ταῖς
1769 2288 1963 2359 μέσαις

383 2372 611 2445 πτέρυξι
636 2374 909 2440 πέτονται,
939 2376 999 2429 ού
1027 2378 1148 2439 ταῖς
1168 2376 1301 2439 ἀνω,
1328 2376 1387 2429 ού
1413 2380 1534 2439 ταῖς
1556 2377 1726 2430 κάτω.
1746 2378 1838 2429 Δεῖ
1855 2377 1962 2447 γὰρ

382 2460 530 2529 ἡμᾶς
560 2462 685 2533 περὶ
713 2462 846 2515 Θεοῦ
880 2463 1171 2527 λαλοῦντας
1199 2463 1269 2518 τά
1302 2462 1444 2534 μέσα
1468 2464 1669 2518 λαλεῖν·
1700 2466 1783 2518 ὅτι
1807 2465 1957 2531 Θεὸς,

383 2547 467 2601 ὅτι
493 2549 855 2621 Δημιουργὸς,
894 2551 975 2603 ὃτι
1008 2550 1307 2621 Δεσπότης,
1327 2551 1408 2604 ὄτι
1433 2551 1748 2622 εὐεργέτης.
1778 2552 1962 2605 Ταῦτα

384 2634 564 2690 πάντα
588 2637 749 2707 μέσα.
783 2637 905 2691 Ἐἀν
931 2639 1114 2709 είπῃς,
1134 2639 1259 2702 Πῶς
1281 2638 1536 2709 ἐγέννησε
1562 2656 1576 2705 ;
1598 2639 1696 2710 τὴν
1718 2641 1961 2712 κεφαλὴν

384 2721 730 2792 ἐγύμνωσας,
761 2726 826 2797 ἢν
856 2726 1046 2779 σκέπει
1076 2726 1143 2780 τά
1170 2727 1499 2798 Χερουϐείμ.
1543 2727 1669 2781 Ἐὰν
1694 2728 1749 2781 δὲ
1778 2728 1958 2800 εἴπῃς,

384 2809 497 2864 Ποῦ
528 2811 591 2865 τὸ
638 2813 790 2876 τέλος
835 2814 929 2867 τοῦ
976 2815 1142 2879 Θεοῦς
1193 2816 1317 2879 τοὺς
1368 2816 1532 2879 πόδας
1576 2818 1819 2887 γυμνοῖς,
1868 2817 1963 2881 οὓς

386 2899 577 2954 σκέπει
624 2900 691 2954 τά
728 2902 1057 2974 Χερουόείμ.
1093 2904 1294 2957 Σκέπει
1335 2904 1391 2957 δὲ
1433 2906 1532 2973 τὴν
1580 2906 1821 2975 κεφαλὴν
1867 2905 1962 2958 καὶ

381 2988 510 3051 τοὺς
559 2988 744 3055 πόδας,
797 2992 895 3061 οὐχ
951 2992 1037 3045 ἵνα
1079 2992 1283 3065 κρύψῃ,
1342 2993 1576 3047 ἀλλ’ἵνα
1627 2994 1833 3067 διδάξῃ,
1877 2994 1959 3047 ὅτι

383 3074 797 3148 ἀνεξερεύνητα,
825 3079 904 3131 δτι
934 3079 1311 3150 ἀκατάληπτα.
1354 3082 1497 3135 Λάϐε
1524 3083 1619 3135 καὶ
1649 3083 1736 3135 τὸν
1769 3083 1955 3138 τύπον.

382 3157 562 3218 Ἦσαν
593 3163 651 3231 ἒξ
677 3165 769 3218 καὶ
792 3164 872 3232 ἒξ,
894 3164 1102 3220 δώδεκα
1125 3168 1413 3240 πτέρυγες·
1438 3169 1581 3223 ὀκτὼ
1609 3171 1958 3242 ἡσυχάζουσι,

384 3253 478 3304 καὶ
505 3252 770 3325 τέσσαρες
804 3255 1098 3309 κινοῦνται.
1142 3257 1324 3322 Τύπος
1357 3259 1464 3312 τῶν
1491 3261 1824 3315 ἀποστόλων.
1846 3262 1959 3314 Δώ-

380 3340 514 3395 δεκα
540 3341 845 3406 ἀπόστολοι,
875 3344 1009 3397 ἀλλὰ
1045 3345 1307 3417 τέσσαρες
1331 3346 1528 3416 βοῶσιν
1558 3349 1957 3417 εύαγγελισταί.

381 3429 494 3482 Kal
518 3428 572 3481 τί
603 3429 797 3500 βοῶσιν
818 3449 832 3497 ;
862 3433 963 3485 ’Ὴν
993 3433 1319 3487 ἐσπούδασεν
1343 3437 1371 3487 ὁ
1395 3436 1639 3499 Σατανᾶς
1661 3437 1962 3507 ἀνατρέψαι

384 3518 588 3589 φωνήν.
626 3521 885 3591 Πρόσεχε,
918 3523 1243 3593 παρακαλῶ·
1274 3524 1386 3595 Οὐχ
1424 3525 1607 3588 ἁπλῶς
1645 3526 1848 3594 ἔλεγον,
1886 3529 1961 3591 ὡς

382 3607 563 3674 ήμεῖς⁴
599 3605 811 3675 Ἄγιος,
859 3607 1045 3677 ἅγιος,
1086 3608 1271 3678 ἅγιος·
1319 3610 1453 3664 ἀλλά
1492 3608 1571 3675 εἷς
1613 3609 1689 3681 τῷ
1728 3612 1809 3665 ἐνὶ
1846 3613 1961 3666 ἀντ-

385 3693 672 3765 έδαλ[λ]ον,
689 3696 763 3759 ὡς
780 3696 1106 3766 γέγραπται·
1127 3698 1233 3753 Καὶ
1257 3698 1581 3769 ἐκέκραγυν
1603 3699 1803 3769 ἕτερος
1813 3700 1963 3769 πρὸς

383 3782 493 3837 τὸν
521 3781 743 3851 ἕτερον.
787 3784 996 3851 Ἄγιος,
1042 3786 1223 3856 φησὶν,
1270 3787 1415 3852 ἅπαξ
1448 3787 1732 3859 ὀφείλομεν
1766 3791 1958 3843 εἰπεῖν.

394 3870 455 3922 '0
476 3870 631 3934 ἄλλος
654 3872 823 3939 λέγει·
848 3874 1051 3940 Ἄγιος·
1086 3870 1201 3927 εἶτα
1224 3873 1252 3925 6
1276 3874 1482 3941 ἕτερος,
1511 3876 1740 3946 πρόσθες
1761 3876 1822 3929 τὸ
1845 3876 1961 3948 τρί-

381 3976 493 4025 τον,
522 3960 728 4028 Ἄγιος.
766 3962 919 4014 Ἐπεὶ
950 3957 1042 4015 οὖν
1070 3962 1195 4033 τρία
1239 3964 1646 4034 ὴριθμήσαμεν,
1699 3964 1772 4035 μὴ
1811 3965 1962 4034 νομί-

384 4065 484 4120 σῃς
513 4045 650 4102 εἶναι
682 4053 833 4121 τρεῖς
861 4049 1034 4114 θεούς.
1072 4052 1136 4103 Τί
1178 4047 1291 4115 οὖν,
1336 4052 1546 4121 Ἄγιος,
1576 4053 1764 4124 ἅγιος,
1796 4053 1961 4125 ἅγιος

382 4139 634 4207 Κύριος;
677 4136 771 4204 Εἷς
804 4140 911 4210 γὰρ
938 4140 1160 4211 Κύριος,
1202 4143 1298 4212 μία
1337 4141 1535 4206 πίστις,
1568 4142 1626 4195 ἓν
1657 4143 1956 4213 βάπτισμα.

384 4226 497 4279 Kal
525 4225 713 4298 ῶσπερ
740 4230 797 4280 ὲν
816 4231 937 4290 ταῖς
969 4228 1307 4300 ψαλμῳδίαις
1342 4230 1771 4301 ἀντιπέμπουσιν
1797 4233 1960 4304 ἀλλή-

384 4314 498 4375 λοις
531 4315 600 4368 τά
627 4317 784 4386 μέλη,
810 4316 982 4379 οὕτως
1012 4319 1067 4370 αί
1098 4320 1210 4372 ἄνω
1245 4317 1501 4388 δυνάμεις
1523 4321 1959 4391 ἀντιχορεύουσιν

385 4401 661 4473 ἀλλήλαις,
689 4404 783 4457 καὶ⁹
810 4403 997 4475 ὥσπερ
1023 4406 1080 4470 ὲξ
1108 4405 1406 4475 ἁντιφώνου
1433 4406 1694 4477 μελῳδίας
1722 4409 1961 4480 ἀναπέμ-

389 4506 550 4542 πουσι
598 4489 697 4561 τὴν
734 4490 1061 4559 δοξολογίαν.
1098 4488 1254 4555 Εἶτα,
1291 4494 1553 4563 Πλήρης,
1589 4496 1771 4563 φησὶν,
1806 4501 1839 4550 ό
1874 4494 1959 4552 οϊ-

388 4593 494 4641 κος
529 4576 642 4645 τῆς
666 4578 854 4647 δόξης
885 4580 1085 4636 αὑτοῦ.
1121 4580 1231 4635 Καὶ
1260 4581 1491 4650 ἐπήρθη
1534 4582 1596 4635 τὸ
1626 4584 1959 4653 ὑπέρθυρον

384 4663 504 4719 ἀπὸ
553 4663 665 4734 τῆς
721 4666 982 4738 κραυγῆς
1032 4665 1107 4740 ἧς
1146 4669 1491 4740 ἐκέκραγον,
1549 4670 1648 4723 καὶ
1706 4674 1739 4725 ό
1795 4669 1958 4741 οἶκος

382 4753 696 4823 ἐπληρώθη
726 4758 981 4813 καπνοῦ.

459 4850 532 4907 ς’.
581 4845 741 4900 Ξένον
794 4850 1064 4919 πράγμαί
1101 4851 1233 4904 Ἀπὸ
1283 4852 1385 4923 τῆς
1447 4854 1775 4925 δοξολογίας,
1840 4854 1956 4909 δέον

385 4933 745 5003 προστεθῆναι
770 4935 945 5001 δόξαν,
983 4939 1128 5010 καὶὴ
1162 4935 1221 4993 οὗ
1233 4957 1296 4993 σα
1323 4942 1592 5009 ἀπώλετο,
1624 4945 1717 4999 καὶ
1751 4945 1957 5008 καπνὸς

384 5018 617 5088 εἰσῆλθε.
640 5022 859 5087 Καπνὸς
882 5024 957 5090 δὲ,
976 5025 1208 5095 ἐρημίας
1242 5029 1387 5083 ἐστὶν
1417 5031 1601 5087 εἰκών.
1632 5032 1696 5086 Τί
1723 5028 1817 5087 οῦν
1840 5036 1956 5088 ἐστι

384 5102 576 5173 τοῦτο;
602 5108 830 5180 Προῃδει
862 5110 922 5165 τὸ
953 5113 1177 5183 Πνεῦμα
1218 5114 1278 5168 τὸ
1311 5116 1484 5185 ἅγιον,
1516 5120 1597 5173 ὅτι
1630 5120 1709 5186 τὸ,
1741 5123 1952 5190 Ἄγιος,

382 5195 569 5262 ἅγιος,
620 5196 807 5266 ἅγιος,
856 5201 1121 5272 ἥρμοσται
1163 5202 1241 5273 τῷ
1280 5206 1490 5276 κόσμῳ,
1524 5208 1600 5279 τῷ
1642 5209 1955 5282 κηρύγματι

381 5283 490 5335 τῶν
528 5284 862 5348 ἀποστόλων,
898 5289 992 5341 καὶ
1016 5290 1075 5342 οὐ
1100 5290 1313 5360 δέχεται
1343 5295 1472 5347 αὐτὸ
1501 5299 1528 5349 6
1556 5296 1679 5360 ναὸς
1704 5298 1813 5352 τῶν
1828 5300 1953 5352 Ἰου-

381 5372 564 5427 δ;ί‹υν.
598 5373 758 5443 Λέγει
784 5370 895 5443 οῦν,
926 5377 1007 5431 ὅτι
1034 5379 1169 5449 μετὰ
1200 5379 1260 5433 τὸ
1290 5382 1549 5455 κήρυγμα
1581 5385 1675 5439 τοῦ
1708 5388 1953 5457 Εὐάγγε-

381 5460 494 5513 λίου
549 5461 782 5533 ἐρημίας
832 5462 925 5517 καὶ
958 5466 1163 5519 καπνοῦ
1217 5468 1516 5539 πληροῦται
1571 5474 1603 5541 ἡ
1645 5476 1950 5546 συναγωγή.

392 5549 636 5621 Ἐπήρθη
674 5551 730 5603 δὲ
766 5551 861 5623 οὐχ
902 5554 934 5623 ή
970 5552 1126 5625 θύρα,
1162 5555 1298 5609 ἀλλά
1323 5557 1382 5610 τὸ
1416 5558 1738 5632 ὑπέρθυρον.
1783 5562 1954 5633 Πρός-

441 5704 459 5728 ⁴
485 5708 595 5758 Sav.
620 5709 701 5757 καί
722 5710 821 5768 ταῖς
844 5710 925 5771 μὲν
949 5712 1111 5762 δυσὶ...
1140 5713 1240 5770 ταῖς
1263 5714 1313 5763 δὲ
1332 5716 1454 5764 δυσί.

1744 230 1745 233 η
1845 240 2218 301 SEVERIANI

3545 250 3633 308 με)

2065 375 2177 429 εχε·
2214 360 2371 416 Πᾶσα
2402 361 2541 434 θύρα
2574 363 2726 419 οὐδὸν
2765 364 3119 437 ὑποκείμενον
3152 366 3284 437 ἔχει,
3337 367 3433 420 καὶ
3475 368 3632 442 ὺπέρ-

2063 448 2224 518 θυρον
2260 446 2410 520 [4551
2461 451 2807 521 ἐπικείμενον
2854 454 2973 517 ταῖς
3016 455 3345 525 παραστάσι·
3391 457 3490 511 καὶ
3525 458 3633 513 οὔτε

2064 536 2254 605 στῆναι
2283 536 2534 591 δύνανται
2567 541 2915 611 παραστάδες
2956 542 3031 613 μὴ
3070 542 3285 614 ἔχουσαι
3315 544 3493 609 οὐδὸν,
3529 548 3635 601 οὐδὲ

2064 623 2419 694 στηριχθῆναι
2472 625 2757 679 ἀσάλευτοι
2806 627 3058 682 δύνανται
3124 630 3196 700 μὴ
3259 631 3532 686 λαϐοῦσαι
3584 636 3635 688 τὸ

2062 709 2388 783 ὑπέρθυρον.
2431 714 2674 785 Ἐπήρθη
2699 710 2792 768 οῦν
2816 716 2915 787 τῆς
2939 719 3257 788 συναγωγῆς
3286 720 3346 773 τὸ
3371 721 3488 775 ἄνω
3520 724 3633 793 σχῆο

2065 814 2160 868 μα·
2205 800 2301 869 οὐχ
2343 800 2436 871 ὅλη
2490 802 2588 872 μὲν
2640 805 2672 873 ή
2716 805 3026 876 συναγωγὴ,
3073 804 3241 878 θύρας
3284 807 3387 878 μὲν
3424 808 3632 879 ἔχουσα,

2062 886 2364 957 ὑπέρθυρον
2390 888 2446 941 δὲ
2476 889 2583 943 οὐκ
2601 890 2815 961 ἔχουσα.
2855 892 2927 945 Τὸ
2955 893 3257 966 ὑπέρθυρόν
3290 897 3443 950 ἐστιν
3478 899 3513 968 ή
3539 897 3637 951 ἄνω

2061 973 2337 1043 κρατοῦσα
2356 975 2598 1046 δύναμις.
2640 979 2774 1050 Ἐπή
2785 980 2883 1051 ρθη
2908 980 2970 1033 τὸ
2999 982 3325 1054 ὑπέρθυρον,
3349 986 3632 1055 ἐγυμνώθη

2059 1061 2161 1131 τῆς
2183 1062 2420 1133 χάριτος.
2450 1063 2565 1133 Ἀφ’
2589 1059 2648 1118 οῦ
2674 1066 2812 1120 δὲτὸ
2834 1068 3136 1140 ὑπέρθυρον
3162 1072 3402 1143 ἐπήρθη,
3435 1074 3631 1146 ἀνάγκη

2060 1150 2159 1212 τάς
2210 1152 2559 1221 παραστάδας
2597 1155 2690 1208 καὶ
2732 1156 2837 1209 ὑπὸ
2882 1158 2980 1228 τῆς
3018 1159 3285 1232 τυχούσης
3324 1162 3515 1232 χειρὸς
3556 1182 3633 1215 σα-

2058 1235 2329 1294 λεύεσθαι.
2367 1240 2468 1294 Διά
2492 1240 2651 1295 τοῦτο
2681 1244 2827 1297 πᾶσα
2857 1245 2977 1315 χεὶρ
3006 1246 3218 1301 σαλεύει
3247 1249 3317 1302 τά
3353 1250 3628 1305 Ἰουδαϊκὰ.

2061 1324 2172 1378 Kal
2219 1326 2307 1380 διὰ
2351 1328 2510 1383 τοῦτο
2553 1332 2837 1403 προφήτης
2874 1351 2956 1397 τις
2984 1332 3157 1404 ἔλεγε·
3186 1337 3296 1393 Καὶ
3331 1338 3509 1407 θήσω
3534 1340 3631 1405 τὴν

2073 1411 2459 1488 Ἰερουσαλὴμ
2485 1419 2567 1487 ὡς
2597 1425 2863 1492 πρόθυρα
2893 1424 3293 1492 σαλευόμενα.
3336 1425 3455 1480 Καί
3493 1431 3527 1481 ό
3564 1424 3633 1481 d-

2062 1517 2189 1568 κος,
2229 1504 2411 1573 φησὶν,
2437 1506 2751 1579 ἐπληρώθη
2782 1512 3037 1566 καπνοῦ.
3070 1514 3179 1567 Καὶ
3200 1512 3305 1566 ποῦ
3327 1516 3363 1586 ἡ
3392 1515 3522 1578 δόξα
3540 1517 3631 1568 άπ-

2060 1588 2219 1659 ῆλθε;
2247 1591 2506 1664 Πρόσεχε,
2534 1597 2856 1667 παρακαλῶ·
2879 1599 3040 1668 Λέγει
3082 1600 3327 1667 Ἡσαΐας·
3359 1603 3475 1656 Καὶ
3497 1604 3633 1667 .131}-

2053 1692 2171 1744 ρης
2217 1677 2328 1746 τῆς
2370 1679 2555 1750 δόξης
2606 1687 2639 1737 ό
2692 1680 2855 1753 οἶκος
2910 1687 3118 1742 αὑτοῦ·
3173 1684 3290 1743 εἷτα
3346 1689 3524 1759 λέγει,
3564 1695 3630 1746 ὅτι

2074 1765 2378 1835 Ὲπλήσθη
2414 1772 2668 1826 καπνοῦ.
2704 1772 3047 1839 Εἰσελθόντος
3073 1777 3250 1832 τοίνυν
3287 1777 3388 1832 τοῦ
3415 1779 3631 1841 καπνοῦ.

2061 1853 2274 1927 ἀνάγκῃ
2309 1859 2342 1929 ή
2381 1856 2507 1923 δόξα
2535 1862 2815 1933 μετετέθη.
2848 1864 2960 1917 Καὶ
2983 1865 3086 1919 ποῦ
3119 1868 3420 1939 μετετέθη;
3453 1869 3565 1922 Οὐκ
3587 1869 3633 1919 ἐν

2062 1944 2143 1997 ἐνὶ
2178 1944 2332 2017 οἴκῳ,
2368 1947 2482 2001 ἀλλ’
2511 1948 2793 2021 ἐπλήρωσε
2827 1950 2926 2015 τὰς
2965 1954 3289 2025 Ἐκκλησίας
3330 1956 3441 2009 ἁνά
3468 1958 3633 2009 πᾶσιτι

2060 2038 2159 2110 τὴν
2200 2037 2541 2109 οἰκουμένην.
2590 2038 2702 2091 Καὶ
2742 2039 2827 2093 ἵνα
2870 2040 3019 2113 δείξῃ
3063 2043 3131 2097 τά
3179 2043 3500 2114 Χερουϐεὶμ
3544 2046 3631 2097 ποῦ

2062 2126 2303 2197 ἀπῆλθεν
2329 2128 2360 2195 ή
2390 2125 2516 2192 δόξα
2539 2128 2571 2198 ὴ
2604 2127 2661 2180 ἐν
2687 2126 2767 2198 τῷ
2792 2127 2926 2199 ναῷ,
2949 2129 3111 2199 λέγει·
3136 2129 3384 2199 Πλήρης
3412 2133 3581 2187 πᾶσα
3602 2136 3631 2200 ἡ

2060 2213 2136 2284 γῆ
2179 2214 2291 2283 τῆς
2337 2214 2521 2283 δόξης
2567 2215 2774 2271 αὐτοῦ.
2832 2216 3152 2288 Ἐγυμνώθη
3203 2219 3261 2272 ἓν
3320 2220 3504 2287 ἔθνος,
3555 2224 3631 2274 καὶ

2062 2302 2335 2374 ἐφωτίσθη
2365 2302 2434 2355 τά
2460 2303 2670 2374 πέρατα
2691 2304 2791 2374 τῆς
2818 2305 2940 2375 γῆς.
2968 2306 3182 2378 Ταύτην
3207 2307 3305 2380 τὴν
3334 2309 3506 2377 ἁγίαν
3537 2329 3632 2378 φωρ

2062 2392 2159 2463 νὴν
2199 2391 2426 2461 Κυρίου,
2473 2392 2572 2464 τὴν
2621 2390 2904 2463 βασιλικὴν
2945 2393 3271 2460 δοξολογίαν,
3304 2400 3517 2464 ταύτην
3551 2398 3631 2468 τὴν

2063 2480 2242 2534 ἔνθεον
2267 2481 2673 2551 μυσταγωγίαν,
2700 2481 2849 2551 έλεγε
2874 2481 3175 2536 διαόολικὸν
3195 2483 3391 2555 στόμα,
3424 2485 3631 2555 περίελε

2063 2569 2170 2622 ἀπὸ
2195 2568 2289 2623 τοῦ
2327 2569 2732 2641 θυσιαστηρίου.
2771 2571 2894 2623 Ὀτι
2933 2570 2989 2624 δὲ
3031 2569 3149 2624 κατ’
3182 2571 3346 2624 αὑτοῦ
3388 2573 3487 2625 τοῦ
3521 2574 3633 2643 Χρι-

2064 2657 2188 2710 στοῦ
2223 2661 2390 2729 χωρεῖ
2421 2660 2452 2729 ή
2486 2658 2822 2730 βλασφημία,
2847 2658 2979 2731 δήλη
3006 2661 3038 2731 ἡ
3072 2662 3363 2732 μαρτυρία.
3399 2664 3539 2715 Τίνα
3566 2659 3631 2715 εἷ-

2060 2746 2148 2800 δεν
2182 2748 2407 2812 Ἡσαΐας
2432 2750 2490 2803 ἐν
2516 2748 2596 2820 τῷ
2630 2748 2837 2818 θρόνῳ;
2864 2749 3025 2818 Λέγει
3053 2750 3179 2822 γάρ·
3218 2752 3496 2805 Ἤκουσα
3526 2770 3632 2821 σω-

2060 2834 2179 2903 νὴν
2226 2834 2450 2905 Κυρίου
2488 2836 2796 2906 λέγοντος·
2848 2838 2986 2891 Τίνα
3014 2838 3387 2902 ἀποστεί.ιω;
3414 2840 3523 2892 καὶ
3557 2841 3634 2906 τίς

2061 2925 2412 2991 πορεύσεται
2434 2925 2584 2993 πρὸς
2604 2923 2711 2979 τὸν
2731 2925 2885 2979 λαὸν
2904 2925 3120 2979 τοῦτον
3139 2942 3158 2987 ;
3182 2926 3519 2997 Κατηλλάγη
3550 2929 3633 2997 μὲν

2060 3010 2138 3081 τῷ
2172 3010 2363 3082 δούλῳ,
2411 3012 2595 3083 ἀκμὴν
2637 3012 2694 3065 δὲ
2726 3011 2918 3083 ἔφερεν
2952 3014 3394 3085 ἀγανακτήσεως.
3429 3016 3634 3086 Ὥσπερ

2061 3101 2220 3169 ἡμεῖς
2254 3099 2349 3153 ἐὰν
2380 3098 2756 3170 διαλλαγῶμεν
2788 3101 2993 3174 οἰκέτῃ,
3020 3103 3118 3155 οὐκ
3147 3102 3348 3166 εὐθέως
3389 3104 3546 3175 αὐτῷ
3583 3106 3633 3156 τὸ

2060 3187 2177 3241 δλον
2200 3188 2352 3260 ὄμμα
2374 3188 2725 3261 χαριζόμεθα,
2749 3189 2884 3244 ἀλλά
2903 3191 3086 3262 ἠρέμα
3111 3192 3529 3264 ύποκλέπτομεν
3549 3194 3635 3263 τὴν

2060 3276 2200 3346 όψιν·
2250 3276 2420 3340 οὕτως
2467 3280 2495 3330 6
2545 3278 2677 3341 Θεὸς
2714 3278 2786 3350 μὴ
2832 3279 2999 3334 θέλων
3025 3280 3191 3345 δεῖξαι
3230 3282 3349 3334 ὅλον
3382 3283 3447 3335 τὸ
3478 3284 3634 3353 πρόσ-

2058 3382 2228 3431 ωπον,
2258 3366 2491 3429 ἑστῶτος
2520 3366 2707 3431 αὑτοῦ,
2737 3366 2905 3435 λέγει·
2943 3367 3080 3422 Τίνα
3111 3370 3491 3434 (laceratum;
3518 3371 3634 3423 Ὦτα

2060 3471 2167 3525 περ
2198 3453 2293 3509 ὲάν
2320 3450 2420 3509 ὦσι
2462 3455 2639 3511 δοῦλοι
2680 3456 2911 3522 ἑστῶτες
2942 3458 3036 3512 ἐπὶ
3070 3459 3352 3526 δεσπότου,
3383 3464 3484 3517 καὶ
3516 3462 3632 3533 θέλῃ

2061 3543 2240 3597 αὐτῶν
2272 3544 2590 3615 μέμψασθαι
2633 3546 2733 3618 τὴν
2781 3547 3073 3619 ρᾳθυμίαν,
3109 3549 3274 3619 λέγει·
3330 3552 3473 3605 Τίνα
3498 3553 3634 3606 ἁπο-

2060 3633 2311 3699 στείλω;
2332 3634 2426 3698 EE;
2445 3634 2603 3703 τήνδε
2625 3635 2724 3706 τὴν
2752 3637 2942 3707 χρείαν
2962 3636 3061 3690 οὐκ
3080 3638 3187 3708 ἔχω
3210 3639 3523 3709 ἄνθρωπον·
3546 3642 3635 3711 οὐχ

2060 3722 2136 3785 ὡς
2165 3722 2239 3794 μὴ
2269 3724 2426 3794 ἔχων,
2458 3724 2571 3779 ἀλλ’
2594 3725 2669 3791 ὡς
2700 3726 2983 3781 σπουδαῖον
3017 3728 3091 3799 μὴ
3116 3728 3274 3799 ἔχων.
3299 3730 3463 3784 Οὕτω
3495 3734 3588 3784 καὶ
3612 3736 3637 3784 ὁ

2060 3812 2212 3876 Θεός·
2238 3813 2371 3865 Τίνα
2390 3814 2691 3868 ἀποστείλω
2714 3815 2832 3869 ἀντὶ
2855 3816 3043 3870 τούτου
3066 3834 3080 3881 ;
3110 3818 3198 3870 τὸν
3227 3821 3403 3889 σιωπή
3414 3822 3631 3884 σανταιτ,

2059 3901 2150 3955 τὸν
2182 3900 2520 3972 πολεμοῦντα
2547 3903 2646 3973 τὴν
2673 3904 3003 3976 ίερωσύνην;
3032 3908 3096 3960 Τί
3121 3902 3213 3960 οῦν
3256 3908 3521 3974 Ἡσαΐας;
3555 3912 3633 3972 Ὠς

2060 3990 2276 4061 οἰκέτης
2312 3991 2368 4043 ὲν
2400 3991 2766 4063 προσκρούσει
2805 3994 3113 4064 γενόμενος,
3147 3997 3242 4048 καὶ
3268 3996 3512 4066 δηχθεὶς,
3548 4002 3635 4051 καὶ

2061 4076 2308 4130 σπεύδων
2354 4078 2497 4149 ὑπὲρ
2539 4079 2649 4133 τῶν
2684 4079 2913 4151 πρώτων
2963 4082 3430 4152 ἀπολογήσασθαι·
3485 4085 3633 4140 Ἰδοὺ

2056 4164 2191 4233 ἐγὼ,
2211 4166 2575 4221 ἀπόστειλόν
2582 4184 2677 4236 με.
2698 4167 2867 4220 Πόθεν
2887 4164 2978 4221 οὖν
2997 4170 3277 4241 δείξωμεν,
3296 4173 3376 4225 ὃτι
3398 4172 3633 4243 Χριστοῦ

2058 4246 2126 4321 ἦν
2148 4253 2363 4321 ήλδόξα;
2396 4253 2559 4322 Λέγει
2599 4254 2846 4325 Ἰωάννης
2877 4260 2904 4309 ὁ
2930 4257 3353 4329 Εὐαγγελιστής·
3391 4262 3636 4315 Τοιαῦτα

2059 4340 2129 4393 δὲ
2161 4341 2378 4409 σημεῖα
2416 4346 2807 4410 πεποιηκότος
2840 4344 2944 4398 τοῦ
2975 4345 3189 4413 Ἰησοῦ,
3213 4348 3325 4400 οὐκ
3352 4348 3633 4404 ἐπίστευε

2059 4447 2181 4484 σαν
2216 4430 2375 4497 αὐτῷ
2418 4430 2704 4500 Ἰουδαῖοι,
2743 4433 2845 4486 ἵνα
2885 4435 3167 4505 πληρωθῇ
3218 4436 3284 4490 τό
3312 4438 3507 4504 ῥηθὲν
3542 4439 3636 4492 διὰ

2072 4518 2331 4572 Ἡσαΐου·
2387 4518 2556 4587 Ἀκοῇ
2606 4520 2918 4586 ἀκούσετε,
2974 4522 3073 4575 καί
3127 4524 3198 4577 οὐ
3239 4523 3325 4593 μὴ
3379 4527 3633 4595 συνῆτε.

2068 4607 2255 4660 Ταῦτα
2291 4606 2358 4660 δὲ
2392 4604 2581 4673 εἶπεν,
2612 4608 2709 4663 ὅτε
2732 4605 2893 4663 εἶδεν
2924 4611 3039 4678 τὴν
3073 4611 3262 4677 δόξαν
3294 4615 3508 4680 αὐτοῦ,
3540 4620 3633 4670 καὶ

2060 4694 2329 4763 ἐλάλησε
2362 4696 2493 4765 περὶ
2525 4695 2731 4751 αὐτοῦ.
2765 4694 2917 4761 Εἶδες
2940 4697 3002 4751 τὸ
3029 4700 3322 4769 κεφάλαιον
3348 4704 3506 4774 ήμῶν
3536 4706 3635 4774 τῆς

2061 4783 2333 4855 σωτηρίας
2365 4782 2455 4837 τὸν
2480 4784 2750 4856 ἁγιασμόν
2775 4803 2789 4850 ;
2821 4786 3115 4860 Ἀγιασμὸς
3146 4790 3241 4845 ἐὰν
3280 4791 3356 4863 μὴ
3383 4795 3633 4865 γένηται,

2056 4870 2175 4923 οὐδὲ
2207 4871 2266 4924 τὸ
2292 4872 2585 4942 μυστήριον
2603 4871 2858 4929 τελεῖται.
2892 4875 3074 4944 Ἔχεις
3102 4877 3199 4947 τήν
3223 4879 3425 4935 εἰκόνα.
3458 4883 3633 4935 Μόνον

2057 4953 2175 5010 εἶπε
2218 4958 2286 5011 τὰ
2325 4959 2653 5031 Χερουὸείμο
2691 4960 2906 5029 Ἄγιος.
2954 4963 3142 5031 ἅγιος,
3182 4965 3349 5036 ἅγιος
3395 4971 3630 5038 Κύριος·

2056 5046 2288 5118 ἡγιάσθη
2321 5048 2353 5117 ἡ
2382 5046 2562 5100 θυσία.
2600 5048 2749 5120 [454]
2782 5049 2887 5103 Καὶ
2922 5051 3262 5121 ἀπεστάλη,
3293 5057 3452 5127 φησι,
3484 5060 3633 5125 πρός

2051 5152 2126 5203 με
2153 5134 2223 5188 ἓν
2252 5135 2369 5189 τῶν
2396 5136 2738 5206 Χερουϐεὶμ,
2768 5137 2866 5189 καὶ
2891 5137 2960 5189 ἐν
2988 5138 3063 5207 τῇ
3084 5142 3235 5210 χειρί
3259 5144 3448 5199 αὐτοῦ
3473 5142 3631 5215 εἶχεν

2055 5222 2340 5291 ἄνθρακα,
2369 5224 2443 5277 ὃν
2462 5222 2535 5292 τῇ
2553 5225 2753 5279 λαϐίδι
2778 5226 2996 5279 ἐλαϐεν
3022 5228 3141 5280 ἀπὸ
3177 5229 3283 5284 τοῦ
3304 5236 3630 5301 θυσιαστηη

2047 5312 2205 5379 ρίου.
2247 5311 2340 5381 Μὴ
2372 5311 2585 5379 ἔλαϐεν,
2626 5312 2730 5377 ἓως
2771 5306 2832 5366 οῦ
2879 5313 3135 5385 ἡγιάσθη.
3188 5317 3437 5388 Ἥψατο,
3478 5325 3628 5393 φησὶ,

2117 5471 2146 5512 ιι
2167 5469 2249 5521 Sic
2272 5472 2712 5542 omnAes_mss._Sav.
2736 5476 3003 5540 legendum
3030 5485 3186 5542 putat,
3211 5482 3315 5530 ἀντὶ
3336 5481 3442 5540 τοῦ,
3466 5480 3629 5529 etiam

2056 5535 2135 5583 τὸν
2156 5548 2303 5604 σιῳπῖ
2348 5540 2403 5604 ει
2440 5537 2566 5604 ha_nc
2591 5535 2857 5604 lectiqnén}
2895 5543 3002 5604 sine
3031 5535 3356 5604 'aucléritale,
3386 5535 3506 5592 nihil
3531 5557 3629 5590 mo-

2057 5611 2199 5653 nens,
2220 5597 2269 5644 in
2293 5602 2484 5647 textum
2502 5600 2694 5648 invexit
2716 5600 2932 5652 Combef.
2956 5604 3053 5651 Sed
3077 5611 3195 5665 pulo
3216 5597 3399 5654 scriém
3423 5608 3631 5666 optimc,

2060 5666 2229 5717 ulest,
2260 5668 2392 5711 slarc
2436 5674 2602 5720 posse,
2626 5675 2736 5709 cum
2773 5666 2985 5712 maxime
3035 5666 3338 5717 Severianus
3376 5671 3631 5717 nontam

2061 5724 2293 5786 scrupulo
2316 5722 2462 5773 verba
2492 5722 2595 5773 tunc
2621 5725 2697 5774 vel
2726 5724 2819 5775 alia
2840 5725 3135 5779 adhibueri:.
