3704 6274
48 258 173 316 με

49 382 278 441 estque
307 372 494 429 honori
521 374 679 430 simul
728 384 783 430 et
824 374 1028 445 quieti:
1052 376 1119 430 ita
1151 385 1205 431 et
1228 378 1321 432 Dei
1351 376 1538 431 solium
1577 389 1667 429 sa-

58 464 289 531 pientia
320 468 370 521 in
410 484 514 536 qua
542 469 680 522 Deus
726 469 1027 538 requiescit.
1058 468 1184 523 Ideo
1226 469 1389 524 David
1420 470 1494 524 ait
1527 487 1541 524 :
1572 469 1670 536 Qui

57 558 231 611 sedes
255 575 408 628 super
424 558 689 612 Cltcrubim
711 558 880 629 (Psal.
912 559 997 613 79.
1029 561 1081 613 5.
1110 569 1154 614 et
1188 560 1276 616 98.
1308 559 1358 631 l)
1383 577 1399 626 ;
1425 575 1487 614 ac
1516 560 1559 614 si
1586 559 1668 614 di-

55 656 258 714 ceret,
287 651 378 718 qui
406 649 457 702 in
480 649 632 718 plena
660 649 914 718 sapientia
954 652 1202 720 quiescis.
1235 651 1358 707 Ideo
1382 651 1670 713 Cherubim

59 736 249 806 plena
272 750 398 795 sunt
421 741 607 808 oculis,
638 741 688 795 in
710 741 889 809 dorso,
942 744 993 796 in
1028 745 1223 814 capite,
1256 745 1309 799 in
1354 745 1564 814 pennis,
1616 745 1669 799 in

59 830 340 897 pedibus,
372 832 424 886 ln
454 842 691 901 pectore,
720 843 774 887 et
802 843 908 888 tota
931 836 1102 890 oculis
1130 838 1282 906 plena
1309 846 1481 902 erant,
1534 852 1669 906 quo-

62 922 232 976 niam
261 925 521 994 sapientia
550 926 781 996 undique
807 927 1085 996 conspicit,
1117 939 1171 982 et
1195 929 1427 998 undique
1471 930 1671 997 apertis

56 1023 153 1068 est
188 1017 390 1074 oculis.
418 1017 557 1072 «Sex
585 1018 737 1081 aha,»
767 1018 952 1089 inquit,
992 1039 1010 1071 ε
1037 1022 1146 1089 uni,
1168 1032 1221 1076 et
1240 1036 1332 1077 sex
1354 1024 1452 1075 ala:
1474 1024 1581 1078 uni.
1607 1024 1674 1078 Et

58 1104 299 1162 duabus
320 1108 531 1178 quidem
560 1110 804 1179 tegebant
831 1112 1050 1175 vultum,
1082 1122 1137 1167 et
1155 1112 1360 1168 duabus
1387 1113 1567 1183 pedes,
1620 1123 1673 1168 et

62 1197 305 1255 duabus
356 1202 623 1256 volabant.
674 1203 740 1257 Et
784 1205 1081 1260 clamabant
1125 1207 1260 1262 alter
1309 1207 1377 1262 ad
1425 1209 1671 1275 alterum,

60 1289 340 1360 Sanctus,
371 1303 604 1359 sanctus,
657 1307 869 1352 sanctus
900 1298 1151 1353 Dominus
1175 1299 1406 1355 Sabaoth
1446 1320 1468 1353 ι
1500 1302 1517 1369 (
1547 1300 1672 1355 (sai.

62 1382 123 1435 6.
164 1384 228 1437 2.
255 1385 293 1440 5
320 1386 336 1453 )
363 1403 375 1438 :
404 1384 509 1440 hoc
531 1396 634 1453 est,
665 1387 917 1442 Dominus
944 1391 1290 1445 exercituum.
1322 1392 1429 1447 Sea:
1452 1394 1671 1459 alleuati,

61 1482 117 1525 et
146 1490 249 1527 sea:
285 1476 385 1528 alte
412 1478 518 1530 uni.
540 1475 673 1531 Octo
699 1478 965 1533 silentium
1007 1488 1204 1545 tenent,
1236 1492 1290 1536 et
1313 1492 1539 1552 quatuor
1564 1484 1673 1537 cla-

66 1573 260 1619 mant.
294 1566 429 1633 Quid
457 1581 585 1638 ergo
613 1567 769 1623 docet
789 1584 886 1625 nos
905 1570 1220 1641 Scriptura?
1248 1571 1325 1627 Ne
1370 1589 1529 1629 omne
1585 1590 1674 1629 ra-

69 1657 373 1711 tiocinium
398 1673 705 1714 moveamus
727 1660 870 1723 circa
918 1662 1120 1727 Deum;
1176 1664 1273 1719 sed
1319 1664 1423 1719 alia
1465 1666 1676 1720 silentio

68 1749 465 1817 praedicemus,
491 1752 595 1805 alia
622 1752 726 1807 ﬁde
749 1754 1108 1823 gloriﬁcamus
1132 1766 1188 1811 et
1207 1757 1383 1811 divina
1406 1759 1667 1814 dicamus.

70 1841 198 1894 Cur
222 1851 406 1901 autem
440 1842 599 1910 pedes
627 1846 886 1913 obtegunt
909 1856 962 1900 et
986 1857 1144 1917 caput
1174 1848 1196 1902 ?
1222 1850 1355 1917 Quia
1386 1865 1483 1905 nec
1528 1852 1677 1919 prin-

78 1936 299 2000 cipium
326 1949 424 1989 nec
452 1934 571 1989 ﬁnis
612 1938 893 2004 reperitur.
925 1938 1136 1993 Duabus
1185 1950 1370 2011 tegunt
1421 1954 1580 2011 caput
1622 1952 1679 1998 et

78 2025 306 2080 duabus
322 2026 504 2095 pedes,
531 2043 721 2097 nempe
735 2028 941 2083 duabus
957 2029 1142 2084 mediis
1159 2033 1345 2099 pennis
1359 2032 1558 2096 volant,
1572 2049 1677 2089 non

83 2130 153 2169 su
162 2115 486 2186 perioribus,
508 2133 606 2172 nec
620 2118 979 2174 inferioribus.
993 2120 1100 2175 Nos
1117 2121 1258 2175 enim
1271 2122 1337 2177 de
1349 2122 1457 2176 Deo
1468 2123 1679 2192 loquen-

82 2218 201 2273 tes,
238 2210 414 2263 media
442 2209 715 2265 declarare
742 2218 991 2278 Oportet:
1038 2211 1177 2281 quod
1204 2228 1394 2284 nempe
1418 2214 1488 2267 sit
1520 2215 1678 2281 Deus,

84 2302 239 2369 quod
256 2301 499 2365 Creator,
519 2303 659 2372 quod
675 2304 947 2369 Dominus,
967 2305 1109 2374 quod
1130 2304 1420 2361 beneﬁcus.
1438 2306 1562 2361 Haec
1574 2322 1683 2361 om-

82 2397 180 2448 nia
194 2394 371 2449 media
394 2404 535 2449 sunt.
560 2395 616 2451 Si
637 2397 803 2462 dicas,
823 2397 1099 2465 Quomodo
1118 2398 1295 2468 genuit
1311 2398 1335 2451 ?
1350 2409 1507 2468 caput
1528 2400 1681 2454 dete-

84 2487 243 2549 xisti,
276 2486 416 2555 quod
442 2486 727 2541 Cherubim
777 2498 979 2557 tegunt.
1008 2488 1063 2545 Si
1107 2506 1268 2560 porro
1311 2491 1528 2554 dixeris,
1582 2492 1681 2548 Ubi

84 2587 178 2631 est
206 2576 309 2632 Dei
339 2579 495 2632 linis?
520 2579 681 2647 pedes
707 2580 935 2643 nudasti,
967 2595 1100 2649 quos
1136 2590 1319 2650 tegunt
1364 2582 1677 2636 Clternbim.

84 2671 310 2742 Tegunt
328 2680 500 2724 autem
515 2681 672 2740 caput
693 2680 747 2726 et
779 2672 959 2740 pedes,
992 2688 1096 2727 non
1127 2683 1184 2727 ut
1210 2674 1559 2735 abscondant,
1587 2675 1679 2730 sed

88 2773 155 2815 ut
183 2763 418 2817 doceant
446 2762 559 2816 haec
610 2778 730 2818 esse
778 2764 1177 2828 iuscrutabilia,
1231 2765 1687 2833 incomprehensi-

91 2854 248 2907 bilia.
285 2854 477 2922 Accipe
527 2854 765 2923 ﬁguram.
800 2854 967 2908 Erant
1004 2870 1097 2910 sex
1143 2864 1194 2910 et
1236 2870 1350 2922 sex,
1406 2856 1683 2912 duodecim

90 2961 295 3015 penum
328 2955 485 3000 :octo
514 2946 815 3014 quiescunt,
842 2954 895 3000 et
947 2956 1176 3015 quatuor
1211 2959 1511 3003 moventur.
1562 2950 1685 3005 "1P0

91 3042 270 3107 ﬁgura
297 3049 419 3093 sunt
447 3040 828 3107 apostolorum.
859 3039 1145 3095 Duodecim
1167 3050 1292 3095 sunt
1315 3044 1563 3112 apostoli,
1591 3044 1687 3099 sed

92 3140 338 3200 quatuor
357 3131 692 3201 evangelista:
719 3132 969 3186 clamant.
1002 3132 1065 3186 Et
1093 3132 1217 3202 quid
1247 3134 1520 3187 clamant?
1550 3136 1680 3189 Eam

93 3238 294 3277 vocem
319 3239 473 3292 quam
495 3232 739 3278 evertere
784 3233 995 3279 satanas
1022 3234 1244 3279 conatus
1272 3234 1374 3280 est.
1416 3228 1675 3282 Animad-

94 3324 278 3379 verte,
308 3330 506 3385 quzcso.
531 3315 643 3370 Non
674 3316 985 3385 simpliciter
1011 3316 1280 3383 dicebant,
1316 3328 1371 3371 ut
1392 3333 1509 3381 nos,
1545 3319 1685 3373 San-

99 3416 236 3471 ctus,
268 3415 490 3470 sanctus,
523 3415 749 3472 sanctus,
775 3405 869 3460 sed
897 3408 1035 3461 alter
1064 3407 1129 3461 ad
1171 3409 1395 3463 alterum
1452 3410 1689 3464 vicissim

98 3496 443 3562 emittebant,
484 3506 540 3549 ut
566 3497 819 3565 scriptum
855 3510 936 3552 est
964 3516 978 3552 :
1011 3497 1074 3551 Et
1126 3499 1411 3553 clamabant
1447 3500 1574 3553 alter
1622 3501 1690 3554 ad

97 3592 344 3644 alterum.
368 3590 613 3654 Sanctus,
646 3588 831 3658 inquit,
870 3590 1035 3645 semel
1062 3590 1347 3644 dicendum
1400 3592 1553 3646 nobis
1580 3600 1683 3647 est.

106 3681 266 3735 Alius
291 3680 419 3734 dicit
444 3680 705 3734 Sanctus:
736 3680 929 3734 deinde
970 3681 1122 3746 alius,
1154 3681 1289 3735 adde
1335 3682 1511 3753 tertio,
1557 3683 1689 3736 Sau-

101 3782 248 3828 ctus.
267 3774 396 3839 Quia
428 3788 554 3843 ergo
581 3781 689 3826 tres
724 3774 1134 3837 uumeravimus,
1160 3789 1226 3827 ne
1244 3782 1395 3842 putes
1427 3784 1533 3828 tres
1574 3790 1693 3831 esse

104 3867 261 3921 deos.
287 3863 392 3919 Cur
415 3880 543 3933 ergo
570 3883 583 3918 :
613 3865 855 3930 Sanctus,
903 3875 1126 3933 sanctus,
1169 3876 1372 3920 sanctus
1404 3865 1694 3921 Dominus?

105 3957 263 4014 Unus
292 3959 437 4012 enim
466 3967 549 4012 est
588 3957 866 4025 Dominus,
898 3974 999 4011 una
1033 3959 1179 4022 ﬁdes,
1212 3975 1373 4013 unum
1409 3959 1686 4030 baptisma.

104 4051 185 4103 Ac
211 4048 658 4117 quemadmodum
679 4049 1149 4119 iupsalmodiistalii
1177 4049 1295 4103 aliis
1312 4065 1497 4105 versus
1520 4061 1692 4104 trans-

105 4143 350 4206 mittunt,
376 4142 453 4195 sic
477 4157 719 4210 supernae
748 4151 1038 4211 potestates
1063 4152 1275 4196 mutuos
1291 4142 1485 4197 choros
1509 4152 1692 4213 agunt,

110 4248 175 4285 ac
196 4232 363 4285 veluti
393 4247 454 4287 ex
488 4232 713 4287 melodia
748 4233 983 4290 vicissim
1024 4232 1224 4299 habita,
1254 4234 1693 4303 gloriﬁcationem

108 4324 387 4387 emittunt,
440 4324 659 4379 Deinde.
704 4324 868 4379 Plena
899 4334 1026 4391 erat,
1078 4326 1267 4395 inquit,
1307 4327 1485 4381 domus
1534 4328 1697 4397 gloria

105 4416 243 4483 ejus.
273 4414 343 4468 Et
363 4416 603 4469 eleuatum
620 4424 689 4469 est
716 4417 1103 4484 superliminare
1130 4433 1163 4470 a
1212 4432 1329 4471 voce
1356 4434 1455 4488 qua
1500 4419 1694 4472 clama-

107 4505 254 4573 bant,
283 4515 331 4559 et
350 4506 528 4560 donius
552 4508 741 4577 repleta
764 4517 837 4561 est
853 4507 1026 4577 fumo(
1048 4506 1173 4561 Isai.
1206 4508 1260 4562 5.
1289 4509 1322 4563 4
1342 4511 1382 4578 ).

182 4600 238 4653 6.
266 4598 402 4653 Rem
430 4599 775 4663 stupendam!
802 4600 934 4653 Cum
967 4609 1087 4669 post
1115 4600 1551 4671 gloriﬁcationem
1578 4600 1696 4672 glo-

109 4693 191 4746 ria
221 4691 465 4747 addenda
504 4692 808 4758 videretur,
837 4693 998 4747 etiam
1024 4708 1084 4746 ea
1113 4710 1231 4763 qua:
1273 4703 1389 4748 erat
1427 4695 1614 4763 periit,
1645 4702 1699 4750 et

109 4785 293 4837 fumus
319 4783 551 4837 intravit.
582 4782 779 4837 Fumus
816 4792 993 4837 autem
1023 4784 1366 4841 desolationis
1394 4796 1476 4841 est
1502 4788 1694 4857 imago.

110 4878 254 4944 Quid
303 4877 459 4946 igitur
501 4878 601 4932 hoc
638 4877 759 4931 est?
800 4877 1128 4932 Praevidcbat
1169 4877 1400 4947 Spiritus
1446 4891 1694 4946 sanctus,

110 4969 265 5033 illud,
300 4968 520 5023 Sanctus
544 5008 559 5031 ,
589 4977 793 5021 sanctus
816 5010 829 5032 ,
867 4977 1067 5021 sanctus
1084 5008 1101 5034 ,
1129 4968 1325 5023 mundo
1346 4984 1464 5024 esse
1486 4970 1701 5025 concin-

112 5073 321 5125 natum,
346 5059 704 5129 prmdicationi
727 5060 1108 5128 apostolorum,
1134 5069 1187 5113 et
1214 5060 1470 5129 templum
1492 5060 1701 5115 Judtco-

114 5166 235 5209 rum
268 5165 372 5204 non
402 5150 526 5204 illud
550 5152 809 5219 accipere.
834 5150 1108 5220 Dicitergo
1133 5159 1249 5219 post
1276 5151 1699 5218 praedicationem

120 5242 757 5314 Evangeliidcsolationc
791 5249 846 5295 et
884 5240 1025 5294 fumo
1066 5242 1368 5309 replendum
1397 5256 1513 5295 esse
1538 5259 1697 5312 syna-

109 5348 327 5405 gogam.
360 5331 638 5386 Elevatum
669 5342 750 5386 est
776 5347 880 5385 non
909 5333 1124 5396 ostium,
1154 5332 1246 5387 sed
1273 5333 1695 5401 superliminare.

112 5427 368 5481 Animum
396 5424 607 5478 adhibe.
639 5424 823 5480 Omnis
856 5425 1016 5494 janua
1040 5427 1210 5479 solum
1241 5427 1565 5481 substratum
1606 5427 1701 5481 ba-

113 5517 240 5581 bet,
290 5524 345 5569 ct
384 5514 790 5583 superliminare
830 5516 1135 5585 impositum
1175 5518 1454 5586 parastatis
1482 5536 1496 5573 :
1528 5534 1700 5589 neque

116 5616 343 5681 possunt
375 5617 650 5676 parastatze
690 5618 832 5663 stare
852 5648 866 5672 ,
894 5608 995 5662 nisi
1032 5610 1202 5663 solum
1236 5608 1499 5676 habeant;
1530 5627 1701 5681 neque

116 5699 318 5759 ﬁrmari
343 5698 680 5770 inmotaeque
700 5713 817 5755 esse
842 5708 1079 5771 possunt,
1105 5699 1206 5761 nisi
1236 5702 1493 5777 accipiant
1512 5717 1695 5775 super-

1151 266 1238 320 DE
1276 263 1489 321 MUNDI
1527 260 1915 319 CREATION‘E
1952 264 2208 323 ORATIO
2245 265 2307 321 ll.

3248 278 3357 334 ησ

1777 373 2037 431 liminare.
2064 378 2285 432 Elevata
2309 385 2393 433 est
2415 393 2543 450 ergo
2566 395 2849 453 synagogze
2871 386 3114 455 superior
3142 386 3311 444 forma
3338 406 3352 441 :

1774 481 1879 520 non
1907 475 2015 522 tota
2043 468 2254 537 quidem
2282 484 2566 541 synagoga,
2584 488 2701 541 qua:
2727 483 2905 543 portas
2931 476 3144 545 quidem
3175 478 3354 546 habet,

1774 558 2179 625 superliminare
2201 568 2376 615 autem
2405 563 2627 617 nullum.
2650 564 3067 634 Superliminare
3096 583 3253 638 porro
3274 582 3359 625 est

1774 649 1941 704 virtus
1961 663 2187 720 superne
2207 654 2503 707 continens.
2524 654 2796 709 Elevatum
2823 664 2905 711 est
2929 673 2990 713 su
2999 659 3355 726 perliminare,

1777 739 2031 794 nudatum
2059 751 2139 795 est
2165 743 2351 812 gratia.
2386 743 2461 797 Ex
2490 760 2593 814 quo
2621 754 2793 801 autem
2823 748 3223 817 superliminare
3250 749 3361 804 ele-

1776 844 1953 889 vatum
1994 844 2109 903 est,
2153 836 2508 891 necessarium
2550 838 2649 892 fuit
2685 848 2976 909 parastatas
3011 843 3147 895 vela
3194 842 3354 897 debili

1778 943 1935 981 manu
1964 929 2306 983 commoveri.
2335 928 2457 984 Ideo
2496 931 2697 1000 quaevis
2736 948 2924 986 manus
2958 932 3175 988 Judaica
3213 949 3360 989 com-

1777 1027 1955 1071 movet
1980 1035 1996 1075 :
2027 1018 2224 1073 idcirco
2254 1020 2511 1089 propheta
2550 1023 2763 1090 quidam
2792 1022 3038 1078 dicebat:
3078 1022 3144 1077 Et
3173 1041 3359 1095 ponam

1776 1107 2059 1163 Jerusalem
2082 1119 2135 1163 ut
2160 1110 2394 1163 vestibula
2416 1127 2526 1181 qua:
2555 1122 2830 1166 moventur.
2864 1112 2930 1165 Et
2958 1114 3135 1167 domus
3167 1114 3359 1185 repleta

1778 1210 1851 1253 est
1889 1200 2227 1271 fumo(ZacIt.
2264 1201 2349 1255 12.
2379 1201 2457 1272 2).
2493 1203 2558 1257 Et
2607 1219 2833 1273 quonam
2867 1205 2996 1258 abiit
3028 1205 3191 1274 gloria
3213 1206 3238 1258 Ἰ
3262 1206 3360 1259 At-

1781 1291 1936 1345 tende
1958 1334 1974 1357 ,
2003 1306 2205 1361 quasso.
2235 1292 2370 1347 Dicit
2400 1293 2558 1347 Isaias
2583 1337 2597 1359 ,
2626 1294 2693 1348 Et
2734 1296 2881 1366 plena
2912 1307 3016 1349 erat
3043 1297 3221 1350 domus
3249 1296 3362 1368 glo-

1778 1383 1855 1434 ria
1883 1385 2022 1448 eius;
2048 1382 2238 1437 deinde
2268 1384 2435 1437 dicit:
2466 1386 2673 1453 llepleta
2703 1397 2771 1441 est
2802 1391 2960 1456 futuo.
2992 1388 3235 1458 Ingresso
3255 1390 3357 1443 ita-

1778 1491 1883 1545 que
1929 1478 2111 1540 fumo,
2140 1491 2357 1531 necesse
2398 1478 2493 1531 fuit
2546 1489 2602 1531 ut
2647 1480 2812 1549 gloria
2856 1479 3249 1535 transferretur.
3295 1481 3363 1535 Et

1779 1582 2011 1636 quonam
2044 1570 2293 1622 translata
2324 1580 2405 1623 est
2427 1571 2449 1622 ?
2470 1570 2582 1623 Non
2618 1571 2669 1624 in
2694 1588 2850 1625 unam
2879 1572 3117 1640 domum,
3140 1573 3241 1628 sed
3258 1573 3360 1628 im-

1782 1660 1944 1728 plevit
1988 1660 2249 1715 Ecclesias
2288 1677 2385 1731 per
2425 1671 2592 1717 totum
2631 1665 2833 1719 orbem.
2880 1665 2946 1720 Et
2981 1675 3037 1720 ut
3082 1666 3364 1722 ostendant
3412 1647 3420 1714 ἶ

1780 1752 2063 1807 Cberubim
2091 1769 2321 1823 quonam
2346 1755 2535 1810 abierit
2559 1757 2725 1825 gloria
2751 1773 2871 1828 qum
2898 1759 2953 1812 in
2982 1759 3180 1829 templo
3223 1769 3359 1826 erat,

1780 1841 1961 1896 dicunt
1985 1862 1998 1897 :
2024 1842 2188 1897 Plena
2221 1856 2292 1898 est
2335 1847 2498 1900 onmis
2536 1856 2667 1901 terra
2703 1849 2865 1918 gloria
2892 1851 3021 1920 ejus.
3049 1850 3255 1906 Nudata
3283 1858 3365 1906 est

1781 1947 1909 2003 gens
1932 1948 2054 2000 una,
2082 1946 2134 1988 et
2159 1935 2436 1990 illuminati
2470 1948 2593 1993 sunt
2616 1942 2824 1994 termini
2852 1949 3027 1996 terrae.
3057 1941 3203 1997 Hanc
3232 1957 3358 1997 san-

1779 2032 1923 2077 ctam
1965 2040 2149 2079 vocem
2201 2027 2449 2094 Domini,
2479 2030 2679 2098 regiam
2721 2031 3155 2100 gloriﬁcationem
3181 2076 3197 2101 ,
3227 2035 3362 2090 hanc

1782 2115 2016 2170 divinam
2056 2118 2332 2187 mysticam
2362 2118 2742 2174 institutionem
2773 2162 2789 2187 ,
2817 2121 3026 2177 dicebat
3054 2138 3116 2177 os
3140 2123 3366 2179 diaboli-

1782 2220 1901 2259 cmn
1927 2246 1942 2271 ,
1974 2206 2122 2261 aufer
2164 2207 2232 2261 ab
2271 2208 2446 2262 altari.
2472 2209 2623 2275 Quod
2654 2220 2831 2265 autem
2875 2211 2990 2267 haec
3033 2213 3363 2284 blasphemia

1783 2295 2053 2351 Christum
2097 2297 2355 2367 impetat,
2402 2299 2739 2354 manifestum
2783 2303 3141 2358 testimonium
3192 2303 3364 2361 adest.

1787 2387 2080 2453 Quemnam
2113 2388 2242 2441 vidit
2272 2390 2322 2442 in
2352 2388 2488 2442 solio
2520 2390 2722 2446 Isaias?
2752 2392 2839 2444 Ait
2862 2393 3037 2459 enim,
3069 2394 3252 2448 Audivi
3276 2410 3366 2449 tvo-

1785 2495 1889 2531 cem
1914 2478 2112 2531 Domini
2143 2479 2350 2533 dicentis
2374 2495 2394 2533 :
2417 2481 2575 2546 Quem
2603 2483 2795 2536 mittam
2816 2485 2841 2537 ?
2860 2492 2906 2538 et
2930 2487 3041 2555 quis
3066 2486 3156 2540 ibit
3178 2488 3246 2540 ad
3273 2505 3367 2555 po-

1787 2570 1962 2639 pulum
1987 2571 2118 2624 lianc
2143 2571 2289 2639 (lsai.
2315 2572 2366 2627 6.
2391 2572 2485 2643 8)?
2512 2573 2902 2630 Rcconciliatus
2931 2587 3011 2632 est
3035 2593 3211 2643 servo,
3240 2595 3367 2647 spe-

1785 2662 1922 2715 ciem
1949 2669 2121 2715 tamen
2152 2664 2464 2732 prmfcrebat
2490 2664 2879 2735 indignationis.
2912 2667 2981 2723 Ut
3022 2683 3120 2723 nos
3157 2672 3368 2740 quando

1788 2767 1943 2809 servo
1972 2757 2302 2824 pepercimus
2330 2799 2343 2823 ,
2373 2772 2478 2812 non
2508 2760 2685 2813 statim
2717 2761 2789 2816 illi
2817 2770 2984 2816 totum
3014 2762 3219 2818 vultum
3244 2780 3371 2834 gra-

1788 2845 1980 2899 tiosum
2022 2847 2335 2902 exhibemus
2356 2890 2370 2914 ,
2402 2850 2492 2904 sed
2523 2861 2796 2921 aspectum
2825 2858 3082 2924 tantisper
3123 2855 3371 2911 subduci-

1789 2953 1907 2991 mus
1926 2954 1939 2993 :
1956 2938 2023 2992 ita
2050 2939 2187 2992 Deus
2208 2955 2326 2993 cum
2350 2956 2453 2995 non
2475 2942 2633 2997 vellet
2657 2952 2822 2998 totum
2841 2945 3121 3001 ostendere
3146 2948 3369 3016 vultum,

1789 3040 1964 3084 stante
2002 3032 2092 3084 illo
2116 3031 2322 3086 dicebat
2349 3051 2363 3085 :
2391 3034 2547 3100 Quem
2586 3037 2820 3090 mittam?
2841 3037 3296 3103 Quemadmodum
3327 3042 3371 3095 si

1791 3123 1930 3176 servi
1969 3132 2171 3176 starent
2195 3139 2377 3177 coram
2404 3126 2533 3180 hero
2557 3169 2571 3192 ,
2599 3138 2652 3181 et
2679 3130 2838 3183 vellet
2867 3130 2979 3199 ipse
3006 3146 3189 3185 eorum
3228 3134 3373 3201 igna-

1790 3213 1930 3267 viam
1967 3215 2229 3283 incusare,
2251 3215 2452 3270 diceret
2477 3236 2490 3271 :
2513 3217 2678 3285 Quem
2710 3220 2911 3275 mittam
2933 3224 2957 3273 'l
2979 3221 3055 3276 Ad
3086 3223 3185 3277 hoc
3214 3238 3373 3293 nego-

1792 3304 1923 3357 tium
1962 3303 2229 3357 hominem
2272 3320 2378 3359 non
2416 3304 2621 3373 habeo;
2654 3323 2760 3363 non
2806 3310 2943 3379 quod
2992 3326 3096 3365 non
3142 3312 3370 3380 habeat,

1792 3395 1885 3449 sed
1911 3395 2051 3465 quod
2078 3405 2351 3451 strenuum
2379 3413 2483 3452 non
2514 3399 2722 3454 habeat.
2747 3402 2835 3457 Sic
2856 3403 2996 3458 Deus
3018 3422 3030 3457 :
3054 3404 3222 3470 Quem
3251 3406 3373 3458 mit-

1799 3495 1903 3540 tam
1948 3487 2102 3556 hujus
2132 3488 2287 3542 loco?
2314 3505 2381 3543 an
2409 3506 2533 3544 cum
2561 3492 2650 3560 qui
2682 3494 2843 3546 tacuit
2867 3536 2878 3557 ,
2907 3494 3092 3549 videns
3119 3512 3240 3550 eum
3284 3498 3374 3567 qui

1793 3580 2145 3634 sacerdotium
2199 3582 2580 3653 impugnabat‘?
2617 3585 2752 3652 Quid
2804 3601 2931 3657 ergo
2983 3588 3180 3644 Isaias?
3216 3588 3377 3657 Quasi

1796 3673 2021 3726 famulus
2051 3674 2103 3727 in
2130 3674 2327 3729 oﬂ'ensa
2356 3676 2739 3745 deprehensus,
2766 3693 2829 3731 ac
2853 3690 3219 3749 compunctus,
3251 3682 3373 3751 qui-

1794 3779 1898 3832 que
1941 3764 2151 3820 studeat
2191 3768 2365 3834 priora
2414 3768 2721 3838 abstergere
2744 3787 2757 3822 :
2782 3767 2913 3823 Ecce
2950 3786 3039 3841 ego
3063 3812 3076 3836 ,
3107 3772 3244 3825 mitte
3279 3789 3374 3825 me.

1798 3856 1950 3913 Unde
1986 3874 2114 3928 ergo
2142 3861 2486 3936 ostendemus
2525 3877 2641 3917 eam
2685 3863 2850 3918 fuisse
2877 3864 3073 3919 Christi
3112 3867 3379 3936 gloriam?

1796 3950 1884 4003 Ait
1917 3950 2148 4005 Joannes
2176 3934 2497 4021 evangelista
2528 3970 2543 4006 :
2580 3973 2600 4004 ‹
2631 3955 2759 4007 Cum
2790 3964 2932 4009 tanta
2973 3934 3133 4025 signa—
3165 3957 3380 4011 fecisset

1797 4040 1973 4105 Jesus,
2009 4057 2113 4095 non
2143 4044 2484 4097 crediderunt
2511 4046 2557 4097 ei
2588 4043 2760 4098 Judmi
2782 4087 2794 4107 ,
2824 4055 2882 4098 ut
2912 4047 3217 4114 impleretur
3241 4049 3380 4117 quod

1797 4132 1996 4186 dictum
2026 4142 2107 4187 est
2134 4148 2226 4200 per
2254 4133 2438 4188 Isaiam
2469 4152 2482 4187 :
2509 4135 2702 4188 Auditu
2728 4136 2975 4200 audietis,
3006 4145 3060 4190 et
3088 4152 3193 4191 non
3222 4138 3376 4193 intel-

1798 4225 1992 4293 ligetis.
2022 4225 2145 4279 llaec
2170 4235 2347 4280 autem
2372 4227 2503 4281 dixit
2526 4228 2739 4297 quando
2765 4228 2894 4281 vidit
2919 4230 3138 4297 gloriam
3166 4230 3300 4298 ejus,
3327 4239 3380 4285 et

1800 4318 2048 4387 loquutus
2085 4326 2167 4373 est
2214 4318 2281 4372 de
2307 4333 2371 4373 eo
2400 4336 2420 4370 ι
2450 4318 2630 4389 (Joan.
2663 4319 2752 4372 12.
2783 4320 3012 4389 57.-41).
3049 4319 3381 4374 Vidistin’ca-

1802 4418 1892 4479 put
1943 4410 2128 4464 salutis
2187 4420 2416 4476 nostra),
2465 4409 2974 4465 sanctiﬁcationem?
3018 4411 3381 4466 Sanctiﬁcatio

1799 4504 1843 4557 si
1871 4518 1972 4557 non
2006 4502 2162 4557 fuerit
2181 4543 2194 4565 ,
2226 4518 2395 4573 neque
2418 4502 2728 4574 mysterium
2759 4511 3172 4557 consummatur.
3208 4502 3382 4557 llabes

1804 4597 2105 4665 imaginem.
2132 4596 2316 4652 Solum
2341 4595 2523 4651 dixere
2546 4595 2830 4651 Clterubim
2857 4614 2869 4649 :
2898 4594 3136 4661 Sanctus,
3160 4605 3381 4662 sanctus,

1799 4699 2000 4743 sanctus
2024 4689 2269 4742 Dominus
2292 4704 2311 4742 :
2331 4689 2652 4743 sanctiﬁcata
2680 4698 2762 4743 est
2782 4688 2973 4742 hostia.
2999 4688 3063 4740 Et
3088 4690 3267 4741 missus
3286 4697 3378 4754 est,

1804 4781 1990 4849 inquit,
2022 4780 2089 4832 ad
2117 4797 2195 4833 me
2218 4796 2345 4833 unus
2369 4780 2432 4833 de
2461 4779 2747 4845 Cherubim,
2781 4789 2826 4833 et
2850 4780 2902 4832 in
2930 4796 3084 4832 manu
3109 4782 3203 4832 sua
3232 4779 3382 4832 habe-

1804 4873 1883 4924 bat
1903 4870 2183 4931 carbonem,
2206 4886 2352 4941 quem
2370 4871 2565 4941 forcipe
2591 4870 2769 4923 tulerat
2791 4871 2854 4923 de
2877 4869 3028 4923 altari
3048 4868 3199 4942 (lsai.
3223 4869 3276 4924 6.
3300 4870 3383 4940 6).

1803 4964 1918 5019 Non
1946 4964 2084 5028 tulit,
2106 4964 2277 5017 donec
2300 4963 2656 5018 sanetiiicatus
2677 4971 2779 5017 est.
2811 4961 3011 5033 Tetigit,
3040 4960 3227 5031 inquit,
3248 4961 3383 5015 lcbia

1806 5072 1914 5108 mea
1944 5054 2103 5125 (Ibid.
2148 5070 2192 5108 υ.
2236 5054 2313 5121 7).
2342 5055 2449 5107 Cur
2484 5054 2662 5107 labia?
2686 5053 3055 5124 Mysteriorum
3103 5052 3382 5107 vestibula.

1803 5150 1935 5217 Quid
1965 5148 2186 5203 dicimus
2208 5149 2422 5204 ﬁdeles?
2447 5150 2555 5203 lloc
2579 5152 2886 5220 mysterium
2916 5157 3125 5220 peccata
3149 5150 3381 5204 dimittit.

1811 5244 1997 5297 Dicunt
2025 5244 2180 5297 etiam
2212 5241 2532 5297 Cherubim:
2559 5243 2689 5296 Ecce
2710 5242 2896 5296 abstuli
2927 5252 3130 5313 peccata
3160 5253 3264 5295 tua.
3292 5242 3384 5295 Vi-

1805 5334 1925 5388 disti
1968 5334 2229 5405 ﬁguram?
2253 5334 2425 5387 vidisti
2466 5335 2831 5403 splendentem
2860 5335 3180 5389 veritatem?
3209 5335 3385 5402 ipsum

1805 5430 1981 5499 igitur,
2009 5429 2096 5497 qui
2126 5428 2275 5483 sedet
2304 5444 2464 5497 super
2489 5430 2677 5483 solium
2705 5429 2975 5484 excelsum
3007 5437 3060 5483 et
3085 5428 3347 5483 elevatum
3367 5470 3382 5492 ,

1805 5520 2134 5575 sanctiﬁcare
2175 5536 2241 5574 ne
2283 5535 2598 5585 cessemus;
2629 5521 2825 5590 gratias
2864 5534 2992 5573 vero
3036 5533 3250 5587 agamus
3291 5533 3388 5587 pro

1804 5612 1976 5665 anima
2001 5627 2118 5681 qum
2142 5611 2357 5665 seducta
2386 5610 2556 5665 fuerat
2579 5652 2595 5676 ,
2627 5626 2782 5680 quam
2813 5610 2966 5678 lupus
2993 5607 3193 5676 rapuit,
3222 5622 3380 5678 quam

1807 5701 1999 5757 avulsit
2030 5711 2226 5769 pastor,
2258 5718 2413 5771 quam
2443 5703 2614 5772 rapuit
2636 5701 2896 5767 diabolus,
2928 5698 3020 5756 scd
3047 5699 3262 5757 abstulit
3293 5699 3387 5758 ille
