3704 6274
405 238 510 293 “1

402 352 638 405 eletuens
661 363 724 404 ac
748 348 1004 419 benignus
1020 365 1036 413 ;
1054 357 1111 402 ut
1129 364 1190 403 os
1210 364 1368 405 omne
1388 349 1717 421 hmretieum,
1739 365 1793 408 ct
1810 356 1985 428 lingua

402 440 711 509 blaspbetna
738 440 932 502 furens,
955 440 1127 495 laudet
1149 440 1359 497 Patrem
1379 453 1431 497 et
1451 443 1644 500 Filium
1664 457 1716 502 et
1732 447 1985 518 Spiritum

402 542 641 588 sanctum
674 534 727 587 in
757 534 969 587 saecula.
998 535 1166 587 Amen
1200 534 1296 605 (α).

400 664 643 738 Ejusdem
663 666 717 719 in
746 667 875 725 diem
903 670 1104 722 tertium
1122 671 1387 724 creationis
1406 711 1421 738 ,
1444 682 1491 725 et
1511 670 1574 727 de
1598 677 1979 739 resurrectione.

449 782 521 835 vi.
553 780 730 835 Mundi
762 781 963 837 Artifex
991 784 1125 850 sole,
1157 783 1304 853 luna,
1336 786 1505 842 stellis
1534 788 1724 843 cadum
1747 794 1977 859 ornavit,

399 882 701 943 terramque
720 872 942 929 ﬂoribus
968 884 1022 930 et
1044 876 1238 945 plantis
1265 881 1557 944 coronavit,
1579 892 1738 951 atque
1764 898 1979 940 omnem

396 976 696 1022 creaturam
725 968 885 1022 Variis
929 968 1202 1023 decoravit
1245 971 1521 1026 ornatibus
1555 989 1568 1025 :
1599 988 1699 1030 nos
1724 991 1852 1031 vero
1885 992 1981 1049 par

395 1067 497 1125 est,
530 1069 801 1131 resumpto
828 1058 897 1114 de
924 1060 1192 1115 creatione
1215 1075 1495 1127 sermone,
1529 1063 1739 1133 opiticia
1761 1066 1975 1135 quidem

396 1152 612 1219 mirari,
654 1152 910 1221 Opiﬁccnt
954 1162 1133 1207 autem
1161 1152 1405 1208 adorare.
1464 1154 1650 1225 Neque
1676 1156 1818 1212 euint
1861 1158 1977 1217 haec

396 1242 594 1310 scripta
620 1252 743 1296 sunt
769 1243 973 1309 solum,
1020 1251 1079 1297 ut
1125 1242 1393 1299 discamus
1427 1245 1515 1300 illa
1546 1245 1685 1302 facta
1709 1262 1852 1317 esse,
1878 1252 1972 1306 sed

392 1340 451 1390 ut
478 1333 731 1403 Opiﬁcem
763 1334 1106 1391 admiremur.
1154 1337 1357 1391 Dictum
1409 1347 1493 1394 est
1515 1339 1662 1397 illum
1693 1342 1864 1411 primo
1888 1343 1973 1399 die

393 1435 757 1483 creaturarum
782 1433 1057 1485 materiam
1082 1431 1392 1500 produxisse
1415 1449 1429 1485 :
1452 1434 1688 1488 secundo
1714 1435 1821 1501 die,
1840 1452 1973 1506 quo-

389 1517 548 1575 modo
574 1533 637 1573 ex
666 1520 865 1574 rariore
896 1522 1244 1591 mollioreque
1271 1538 1524 1592 aquarum
1548 1527 1769 1581 materia
1795 1530 1971 1583 lirma-

389 1618 629 1665 mentum
656 1610 1011 1678 constituerit,
1044 1612 1266 1682 ideoque
1300 1614 1692 1673 ﬁrmamentum
1724 1630 1968 1677 vocatum

385 1698 567 1755 fuerit.
595 1699 795 1756 Idcirco
824 1702 984 1756 etiam
1011 1702 1257 1758 Christus
1295 1713 1463 1760 totum
1494 1708 1678 1765 orbem
1706 1719 1965 1768 terrarum

384 1799 725 1845 extenuatum
743 1799 797 1845 et
818 1792 1134 1860 emollitum,
1157 1793 1470 1865 diversoque
1492 1796 1722 1867 plurium
1743 1800 1964 1857 deorum

381 1895 565 1938 errore
589 1897 687 1937 ceu
715 1884 937 1937 materia
967 1885 1279 1954 dissipatum
1301 1928 1315 1952 ,
1353 1889 1583 1960 collegit,
1614 1900 1668 1946 et
1697 1909 1853 1949 unam
1899 1897 1962 1949 li-

380 1971 505 2028 dem
538 1972 696 2039 fecit,
742 1989 899 2045 quam
943 1978 1329 2031 ﬁrmamentum
1374 1989 1531 2035 vocat
1552 1984 1837 2051 Apostolus
1881 1985 1963 2045 bis

382 2062 556 2117 verbis
579 2081 593 2117 :
618 2063 910 2118 Secundum
936 2067 1309 2135 ﬁrmamentum
1328 2071 1449 2138 ﬁdei
1474 2073 1527 2126 in
1547 2073 1800 2128 Christum
1825 2076 1957 2147 (Coi.

377 2153 432 2211 2.
456 2154 535 2224 5).
559 2154 734 2209 Divisa
758 2166 841 2211 est
866 2157 1023 2227 igitur
1042 2158 1303 2228 abyssus;
1329 2172 1549 2234 eratque
1572 2181 1705 2236 aqua
1734 2168 1820 2222 illa
1839 2185 1959 2239 qua:

379 2247 516 2313 inira
540 2250 785 2304 manebat
820 2248 1065 2321 abyssus,
1096 2260 1254 2323 atque
1287 2255 1446 2309 etiam
1472 2257 1559 2311 illa
1597 2274 1716 2328 qua:
1747 2275 1956 2316 sursum

375 2345 435 2391 et
449 2336 690 2393 sublimis
709 2348 825 2394 erat
848 2341 1092 2412 abyssus.
1120 2341 1273 2399 Unde
1295 2344 1431 2401 hoc?
1454 2347 1541 2401 Ait
1567 2348 1730 2404 David
1753 2368 1769 2403 :
1791 2351 1955 2424 Abys-

373 2445 461 2483 sus
518 2431 757 2501 abyssum
808 2432 1003 2485 invocat
1049 2433 1102 2486 in
1153 2450 1274 2490 voce
1325 2447 1695 2494 cataractarum
1755 2456 1955 2499 tuarum

280 2546 283 2549 ν
373 2523 555 2595 (Psal.
585 2525 670 2579 41.
705 2526 795 2596 8).
828 2526 1003 2581 Divisa
1034 2536 1116 2582 est
1155 2529 1335 2598 itaque
1362 2532 1587 2602 abyssus
1609 2574 1625 2601 ,
1674 2544 1730 2591 et
1754 2535 1951 2594 factum

369 2625 452 2670 est
480 2616 877 2672 ﬁrmamentum.
905 2635 918 2672 :
951 2618 1204 2690 deinceps
1244 2630 1385 2678 terra
1425 2635 1610 2693 operta
1644 2637 1759 2682 erat
1792 2643 1950 2700 aqua.

367 2705 438 2761 Et
464 2708 595 2762 dicit
625 2707 759 2763 Deus
777 2751 793 2776 ,
840 2711 1041 2780 inquit,
1074 2711 1414 2784 Congregetur
1437 2732 1568 2783 aqua
1591 2733 1704 2786 qua:
1730 2722 1820 2774 sub
1848 2737 1949 2776 ete-

366 2798 419 2852 lo
459 2808 533 2854 est
587 2800 639 2852 in
680 2802 1117 2872 congregationem
1159 2820 1321 2858 unum
1343 2846 1360 2873 ,
1412 2817 1459 2861 et
1504 2821 1748 2879 appareat
1802 2813 1950 2870 arida

369 2886 535 2961 (Gen.
568 2890 734 2961 1.9).

444 2980 632 3035 Contra
674 2982 1499 3058 Antonianos—Quandoquidem
1532 2995 1710 3049 omnia
1752 2996 1946 3055 intelli-

367 3088 494 3143 gere
516 3076 699 3129 volunt
720 3076 901 3130 miseri
928 3077 1000 3131 illi
1028 3077 1283 3147 haeretici,
1311 3091 1361 3137 et
1393 3082 1944 3156 incomprehensibilis

364 3175 570 3221 natura:
597 3167 812 3222 modum
839 3179 1173 3236 scrutantur,
1202 3172 1384 3228 dicant
1405 3178 1674 3245 quomodo
1711 3196 1943 3254 congre-

356 3266 475 3325 gata
501 3258 574 3313 sit
594 3273 748 3327 aqua,
778 3269 873 3313 aut
894 3274 1209 3332 congregata
1235 3279 1463 3334 quonam
1492 3275 1793 3327 recesserit.
1823 3274 1940 3331 Non

355 3350 526 3415 enim,
552 3350 844 3405 secundum
870 3368 964 3407 vos
989 3394 1007 3418 ,γ
1033 3356 1177 3409 nullo
1204 3359 1453 3415 examine
1476 3364 1698 3417 vocibus
1723 3364 1937 3423 haeren-

352 3445 480 3497 dum
510 3452 611 3506 est,
642 3445 737 3499 sed
764 3460 850 3500 res
875 3456 1000 3502 Sunt
1037 3451 1359 3517 quaerendae.
1403 3453 1548 3509 Dixit
1586 3455 1730 3513 Deus
1757 3475 1776 3514 :
1801 3461 1937 3517 Con-

350 3545 582 3606 gregetur
610 3553 762 3606 aqua.
793 3537 1035 3605 Quonam
1063 3554 1386 3613 congregata
1412 3545 1548 3602 fuit?
1575 3548 1637 3603 ln-
1656 3567 1825 3610 mare.
1853 3559 1934 3613 An

351 3641 502 3681 mare
530 3636 653 3683 tunc
679 3630 899 3697 plenum.
920 3648 1026 3687 non
1055 3645 1171 3687 erat
1190 3635 1212 3688 i
1234 3635 1397 3691 Terra
1424 3640 1574 3707 plena
1594 3653 1737 3709 erat,
1755 3649 1933 3718 utique

349 3732 482 3773 sane
508 3728 562 3773 et
586 3736 750 3777 mare.
777 3721 1018 3789 Quonam
1048 3726 1207 3795 igitur
1233 3742 1550 3801 congregata
1578 3740 1697 3791 est?
1723 3741 1929 3807 Quiilla

347 3824 468 3879 quae
495 3810 549 3864 in
569 3812 792 3879 pedibus
820 3815 1038 3882 habent,
1063 3835 1287 3889 quaeque
1306 3822 1553 3881 videntur
1578 3843 1683 3883 mn
1710 3843 1932 3900 possunt

345 3914 557 3971 capere,
579 3902 971 3961 inscrulabilem
993 3908 1324 3966 altitudinem
1353 3915 1567 3971 curiose
1592 3923 1924 3992 perquirunt,

343 4003 399 4047 et
440 3994 1035 4065 incomprehensibilem
1076 4000 1373 4060 divinitatis
1414 4005 1703 4079 abyssum,
1752 4030 1925 4091 neque

343 4100 491 4140 mare
512 4127 529 4152 ,
576 4088 717 4158 quod
745 4098 824 4144 est
864 4090 1434 4163 incomprehensibile,
1472 4099 1705 4158 deterret
1733 4121 1828 4161 eos
1855 4090 1923 4164 ab

340 4177 667 4245 explorando
704 4181 942 4236 Artiﬁee.
989 4181 1110 4238 ideo
1135 4183 1407 4244 haereticis
1441 4189 1591 4247 dicat.
1620 4197 1917 4266 propheta:

337 4262 672 4323 Erubeseant
719 4269 996 4338 haeretici,
1047 4274 1182 4329 dixit
1236 4292 1424 4343 mare;
1472 4262 1918 4352 quemadmodum

335 4358 504 4412 dixit:
531 4358 991 4430 Erubesce,,Sidon,
1010 4365 1139 4419 dixit
1166 4384 1303 4423 mare
1322 4374 1339 4401 ⁸
1375 4371 1525 4442 (Isai.
1555 4375 1647 4433 25.
1672 4379 1753 4449 4).
1775 4381 1919 4449 Quo.

334 4464 460 4504 nam
488 4451 646 4520 igitur
668 4453 795 4510 loco
808 4470 1143 4529 congregata:
1171 4473 1296 4516 sunt
1324 4469 1519 4534 omne?
1546 4470 1702 4526 Audi.
1734 4474 1917 4542 Quan-

333 4540 405 4595 do
433 4551 629 4597 terram
654 4544 783 4601 fecit
811 4548 948 4603 Deus
968 4590 983 4615 ,
1029 4555 1263 4607 nondum
1293 4568 1441 4613 erant
1484 4574 1717 4618 enneava
1758 4583 1914 4622 tuon-

335 4632 509 4697 tiuml;
531 4636 622 4690 sed
652 4637 811 4693 simul
835 4649 997 4711 atque
1016 4641 1180 4711 dixit,
1211 4644 1554 4720 Congregetur
1576 4670 1709 4723 aqua
1727 4698 1743 4722 ,
1772 4667 1909 4717 terra

329 4722 546 4795 dirupta
566 4737 651 4783 est
674 4770 690 4795 ,
720 4745 784 4785 ac
819 4732 967 4788 sinus
996 4734 1139 4790 fecit.
1171 4738 1299 4804 Quae
1326 4756 1412 4796 res
1439 4757 1908 4819 commoustratur,

330 4833 521 4888 nempe
544 4822 686 4891 quod
714 4832 855 4879 terra
879 4827 1088 4897 dirupta
1119 4828 1302 4898 fuerit,
1329 4848 1395 4889 ex
1422 4835 1609 4893 insulis
1630 4850 1685 4895 et
1712 4845 1910 4899 monti-

328 4908 428 4965 bus
451 4910 578 4967 hinc
598 4914 723 4969 inde
745 4918 955 4987 positis.
982 4919 1209 4993 Ideoque
1234 4925 1453 4995 reliquit
1475 4929 1613 4985 Deus
1636 4932 1833 4991 insulas
1854 4947 1911 4993 et

327 5012 572 5070 montes,
623 5014 683 5073 ut
721 5008 896 5065 discas
923 5027 987 5067 ea
1021 5028 1052 5067 a
1090 5015 1355 5086 principio
1376 5021 1655 5091 conjuncta
1696 5026 1905 5086 fuisse:

328 5093 420 5147 Dei
445 5102 621 5149 autem
642 5098 861 5154 verbum
891 5100 1006 5156 haec
1037 5109 1351 5177 segregavit.
1380 5108 1722 5182 Congregetur
1749 5133 1903 5187 aqua,

326 5184 517 5239 nudata
544 5196 631 5240 est
655 5195 817 5245 terra.
841 5192 1129 5248 Sciendum
1157 5210 1370 5266 autem,
1424 5211 1617 5258 terram
1643 5246 1656 5269 ,
1684 5224 1802 5276 quae
1828 5212 1905 5266 sic

322 5273 483 5330 hodie
509 5279 835 5348 appellatur,
863 5298 899 5337 a
919 5284 1026 5340 Deo
1053 5301 1155 5341 nec
1195 5298 1389 5344 terram
1419 5307 1538 5346 esse
1564 5296 1774 5363 factam,
1808 5316 1902 5356 ne-

321 5383 425 5436 que
446 5366 547 5425 hoc
573 5372 787 5427 nomine
822 5387 1065 5432 vocatam
1099 5396 1112 5433 :
1142 5380 1287 5436 seda
1317 5384 1575 5455 principio
1617 5391 1901 5449 creationis

320 5475 515 5517 nomen
536 5465 654 5533 ejus
675 5463 859 5530 fuisse,
876 5468 1045 5536 arida,
1066 5480 1125 5525 ut
1145 5473 1219 5527 ait
1241 5462 1443 5531 David:
1468 5477 1718 5545 Quoniam
1743 5484 1901 5554 ipsius

378 5572 569 5659 ιἹιιωο,
593 5578 996 5659 quemadmodum
1017 5581 1265 5659 βίων...
1292 5586 1433 5640 dixit.
1460 5604 1621 5656 mare,
1652 5608 1817 5659 neque
1847 5599 1896 5649 iu

312 5632 452 5709 savii.
478 5632 643 5709 neque
667 5640 987 5709 iucunditatis.
1016 5632 1263 5709 leguntur.

376 5694 449 5754 (al
482 5694 755 5754 sic'desinit
779 5702 1052 5756 Vaticanus.

1857 243 2221 305 SEVERIANI

3579 277 3668 334 “3

2098 372 2174 416 est
2200 379 2358 431 mare,
2388 375 2436 420 et
2458 367 2569 438 ipse
2591 369 2711 439 fecit
2733 370 2882 439 illud,
2915 382 2961 428 et
2987 376 3186 432 aridam
3210 380 3558 450 fornmeruut
3579 405 3670 442 ma-

2094 471 2188 510 nus
2215 459 2363 527 εἰπε(
2381 458 2530 514 Psal.
2562 463 2653 518 94.
2682 463 2771 535 5).
2813 466 2974 522 Arida
3006 468 3141 525 facta
3171 481 3275 538 est,
3306 481 3669 546 cognominata

2089 559 2267 611 autem
2305 550 2402 613 fuit
2431 561 2570 615 terra
2601 572 2615 609 :
2643 559 3093 627 quemadmodum
3125 564 3226 621 hoc
3276 567 3665 628 firmamentum

2090 641 2365 698 conditum
2383 655 2501 713 est,
2551 656 2607 710 et
2646 660 2890 706 vocatum
2934 665 3016 710 est
3054 658 3266 713 earlum.
3315 661 3485 717 Facto
3527 663 3668 735 igitur

2088 743 2341 807 aquarum
2369 736 2617 806 divortio,
2650 743 2845 810 prodiit
2867 745 3035 813 arida,
3066 750 3299 817 speciem
3330 753 3543 809 habens
3567 757 3665 810 ine-

2087 819 2270 879 briatze
2294 832 2449 880 terra:
2476 844 2665 899 :aqua:
2690 834 2831 888 enim
2859 839 3163 906 nuperrime
3193 855 3554 899 recesserant.
3584 848 3666 904 Ubi

2083 927 2212 983 ergo
2248 915 2458 973 detecta
2500 920 2598 975 fuit
2634 931 2812 991 terra,
2849 927 3001 995 jubet
3037 928 3259 987 Creator
3290 949 3304 986 :
3338 953 3359 988 ι
3399 934 3665 995 Gcrmiuct

2086 1013 2222 1059 terra
2246 1005 2464 1065 herbam
2495 1010 2643 1077 freni,
2675 1015 3028 1075 seminantem
3056 1037 3238 1077 semen
3261 1027 3563 1082 secundum
3584 1046 3663 1099 ge-

2084 1111 2181 1151 nus
2211 1106 2265 1153 et
2288 1102 2580 1164 secundum
2610 1106 3051 1179 similitudinem,
3094 1124 3150 1176 et
3175 1115 3379 1187 lignum
3432 1122 3656 1179 fructife-

2079 1202 2221 1255 rum,
2248 1190 2401 1260 cuius
2421 1207 2607 1253 semen
2636 1198 2688 1253 in
2716 1199 2830 1267 ipso
2858 1202 2948 1269 sit,
2981 1206 3272 1262 secundum
3304 1222 3485 1279 genus
3509 1223 3562 1267 et
3588 1232 3660 1269 se-

2077 1280 2305 1335 cundum
2346 1283 2747 1343 similitudinem
2784 1308 2804 1342 ι
2848 1291 3010 1361 (Gen.
3055 1296 3107 1350 1.
3154 1298 3251 1369 ﬂ)
3289 1318 3305 1355 :
3337 1302 3532 1373 Neque
3574 1305 3661 1360 hoc

2077 1370 2281 1437 pudore
2307 1373 2472 1433 afﬁcit
2492 1377 2796 1439 hereticos.
2824 1383 3000 1439 Herba
3026 1394 3082 1441 et
3109 1387 3249 1459 ligna
3273 1401 3328 1446 et
3353 1370 3567 1450 {tetrum
3586 1415 3660 1466 ge~

2075 1474 2265 1519 nerant
2288 1469 2581 1525 secundum
2612 1473 3015 1538 similitudinem
3042 1521 3057 1545 ,
3102 1490 3158 1538 et
3187 1483 3324 1540 Deus
3348 1486 3658 1545 dissimilem

2071 1553 2169 1608 sibi
2208 1559 2433 1627 genuit?
2460 1563 2665 1619 Etcum
2684 1569 3056 1639 quadrupedes
3084 1590 3302 1633 rursum
3326 1619 3339 1645 ,
3378 1582 3589 1650 reptil'n
3615 1596 3658 1637 ct

2067 1834 2342 1888 secundum
2367 1853 2524 1907 genus
2555 1839 2717 1910 (Gen.
2750 1844 2803 1897 l.
2835 1843 2968 1916 ΞΟ).
2998 1847 3171 1918 Εθιιεικ,
3199 1855 3438 1922 reptilia,
3474 1858 3653 1915 volati-

2067 1919 2157 1987 lia,
2196 1926 2454 1993 natatilia,
2482 1928 2665 1996 herba,
2708 1932 2931 2002 finitum,
2967 1937 3126 2008 ligna,
3164 1919 3466 1999 secundum
3498 1963 3653 2016 genus

2066 2022 2125 2068 et
2148 2016 2440 2073 secundum
2474 2020 2873 2082 similitudinem
2895 2043 3153 2099 generant
3186 2036 3494 2107 :solusqne
3528 2042 3651 2098 Deus

2063 2103 2381 2164 dissimilem
2403 2114 2628 2181 genuit?
2655 2115 2898 2189 Cumque
2924 2137 3022 2177 nos
3047 2128 3247 2181 creavit
3281 2103 3446 2197 Deus,
3482 2134 3610 2188 dixit
3637 2156 3646 2191 :

2063 2193 2339 2253 Faciamus
2368 2201 2619 2259 Mutinam
2657 2208 2727 2260 ad
2766 2211 3037 2281 imaginem
3062 2224 3111 2269 et
3140 2193 3535 2276 similitudinem
3570 2242 3646 2279 no-

2059 2298 2215 2345 stram
2248 2290 2411 2363 (Gen.
2453 2296 2505 2351 ι,
2531 2295 2638 2369 26)
2672 2318 2687 2355 :
2718 2317 2852 2371 opus
2882 2315 2964 2359 est
3004 2310 3298 2368 secundum
3342 2314 3645 2372 similitudi-

2060 2395 2205 2446 nem,
2232 2393 2288 2437 et
2310 2386 2503 2442 artifex
2521 2387 2800 2453 dissimilis
2820 2395 2847 2447 δ’

2127 2472 2182 2527 2.
2225 2475 2331 2531 Sed
2376 2494 2490 2534 rem
2541 2483 2731 2539 miram
2761 2485 2925 2542 vide:
2955 2503 3098 2561 sape
3133 2508 3365 2566 namque
3400 2498 3645 2557 haeretica

2060 2565 2299 2635 nequitia
2326 2568 2601 2628 latibulum
2633 2577 2846 2645 reperit.
2872 2578 2964 2645 Si,
2993 2581 3196 2652 inquit,
3226 2565 3295 2640 ita
3327 2588 3536 2646 dixeris
3562 2592 3645 2647 Fi-

2054 2652 2184 2708 liutn
2206 2658 2501 2714 secundum
2528 2663 2948 2735 similitudinem,
2986 2680 3042 2725 ut
3070 2680 3125 2727 et
3158 2690 3257 2729 nos
3278 2719 3293 2743 ,
3329 2678 3383 2732 id
3408 2681 3643 2737 admitti~

2058 2762 2197 2801 tuus.
2244 2749 2531 2808 Enimvero
2558 2755 2700 2811 aliud
2744 2768 2829 2814 est
2869 2771 3073 2818 natum:
3118 2766 3456 2839 similitudo,
3500 2776 3641 2831 aliud

2050 2842 2256 2909 gratia.
2290 2842 2397 2900 Nos
2423 2849 2719 2904 secundum
2744 2853 3146 2913 similitudinem
3166 2901 3182 2926 ,
3228 2861 3317 2917 ille
3346 2865 3640 2923 similitudo

2050 2942 2135 2986 est
2159 2949 2174 2988 :
2202 2950 2324 2989 nam
2351 2937 2455 3005 Qui
2471 2940 2594 2994 uidit
2613 2958 2709 3008 me,
2734 2945 2855 2999 vidit
2882 2945 3089 3003 Patrem
3110 2949 3289 3021 (Joan.
3318 2955 3405 3009 l4.
3425 2957 3486 3026 9)
3506 2975 3522 3023 ;
3546 2976 3640 3015 nos

2047 3026 2339 3081 secundum
2378 3029 2802 3090 similitudinem.
2838 3036 3033 3094 Servos
3067 3052 3248 3099 autem
3283 3045 3382 3102 Dei
3425 3064 3641 3120 oportet

2046 3119 2335 3177 dictionum
2362 3123 2668 3183 discrimina
2694 3146 2953 3199 qtuerere.
2980 3133 3122 3190 Dixit
3158 3136 3299 3194 Deus
3330 3156 3345 3193 :
3381 3119 3639 3199 omne:

2045 3222 2180 3268 terra
2207 3215 2411 3271 herbam
2434 3219 2561 3288 faeni
2580 3260 2595 3287 ,
2626 3232 2675 3275 et
2702 3223 2895 3294 lignum
2924 3227 3248 3301 fructiferum
3285 3236 3487 3304 faciens
3530 3242 3637 3309 [ru-

2043 3315 2198 3360 ctum.
2230 3307 2432 3363 Deinde
2461 3309 2590 3366 dicit
2618 3329 2633 3366 :
2666 3311 2869 3369 Educet
2906 3327 3043 3372 terra
3075 3321 3428 3395 quadrupedes
3467 3307 3636 3383 etﬁbe»

2041 3397 2183 3449 stias.
2214 3396 2320 3452 Cur
2348 3398 2417 3453 ibi
2442 3439 2457 3465 ,
2490 3399 2764 3470 Germinet,
2792 3404 2897 3473 hic,
2939 3405 3157 3476 Educet,
3186 3411 3354 3468 dicit?
3378 3416 3635 3475 Germina

2040 3498 2095 3543 et
2123 3489 2258 3561 ligna
2283 3491 2594 3565 fructusque
2615 3500 2899 3566 quotannis
2938 3505 3259 3573 germinant.
3301 3507 3439 3576 Quia
3474 3512 3633 3583 igitur

2038 3582 2244 3637 semina
2266 3583 2319 3638 itt
2344 3592 2484 3640 terra
2512 3602 2765 3643 mansura
2787 3602 2980 3661 erant,
3025 3603 3079 3649 et
3106 3610 3170 3649 ea
3196 3595 3287 3651 illa
3318 3601 3594 3668 proditum
3612 3646 3625 3668 ,

2038 3675 2159 3731 ideo
2185 3677 2257 3733 ait
2278 3720 2294 3746 ,
2323 3678 2593 3736 Germiuet.
2627 3684 2692 3738 Et
2725 3687 2865 3741 circa
2897 3689 3144 3745 animalia
3168 3733 3183 3756 ,
3221 3693 3459 3762 Educet,
3506 3701 3626 3769 quia

2035 3782 2158 3822 cum
2181 3771 2347 3826 semel
2372 3787 2437 3827 ex
2467 3784 2605 3829 terra
2634 3787 2749 3831 orta
2773 3789 2970 3847 essent,
2998 3796 3102 3836 non
3129 3784 3265 3839 ultra
3291 3801 3320 3838 a
3346 3796 3512 3852 terra,
3529 3792 3624 3845 sed

2036 3877 2129 3928 per
2163 3865 2555 3920 successionem
2586 3868 2889 3939 gignuntur.
2926 3869 3143 3927 Factum
3169 3878 3357 3930 estita.
3388 3877 3621 3936 Verbum

2031 3953 2087 4005 in
2112 3969 2246 4023 opus
2266 3955 2502 4013 decurrit
2528 3977 2541 4026 ;
2571 3971 2757 4016 ornata
2783 3961 2880 4018 iuit
2901 3972 3075 4033 terra;
3104 3969 3384 4039 Oportebat
3403 3972 3619 4027 demum

2029 4050 2207 4101 ornari
2235 4048 2448 4103 caelum.

2098 4138 2201 4193 Cur
2239 4142 2393 4194 solem
2420 4150 2477 4196 et'
2508 4142 2683 4197 bunum
2704 4161 2806 4199 non
2837 4148 2999 4217 primo
3026 4150 3110 4204 die
3150 4154 3328 4222 fecerit
3364 4153 3523 4211 Deus.
3550 4188 3618 4199 —-

2024 4230 2132 4284 Cur
2160 4232 2307 4300 prius
2329 4242 2524 4288 tenam
2556 4247 2813 4304 exornat,
2842 4241 3253 4310 quum-cadum?
3272 4243 3505 4316 Propter
3524 4264 3616 4303 er-

2024 4338 2200 4378 rorem
2224 4326 2595 4396 multiplicium
2622 4329 2867 4397 deorum,
2898 4334 2995 4403 qui
3020 4337 3485 4408 exoriturusverat,
3509 4358 3617 4412 quo

2021 4416 2222 4481 solem,
2250 4417 2471 4495 lunam,
2501 4420 2681 4475 stellas
2710 4423 3007 4478 coluerunt.
3060 4425 3201 4480 Dixit
3243 4427 3415 4495 Deus,
3452 4430 3614 4487 Fiant

2021 4508 2292 4562 luminaria
2320 4510 2372 4561 in
2416 4493 2735 4578 ﬁrmamento
2760 4515 2871 4567 εωιὶ
2918 4514 3122 4584 (Cenes.
3157 4520 3208 4573 1.
3241 4520 3352 4593 id).
3382 4493 3495 4577 Cur
3519 4541 3612 4578 so-

2020 4596 2127 4652 lem
2153 4608 2205 4651 et
2232 4600 2408 4654 lunam
2441 4618 2546 4655 non
2573 4603 2746 4673 primo
2791 4606 2877 4660 die
2906 4606 3073 4662 fecit?
3095 4610 3226 4676 Quia
3257 4613 3499 4669 nondum
3532 4619 3621 4671 (aq

2017 4700 2160 4743 etum
2191 4690 2366 4746 fuerat
2391 4693 2803 4763 fmuamentum,
2829 4699 2881 4752 in
2912 4716 3017 4769 quo
3046 4701 3132 4756 illa
3156 4704 3405 4772 ponenda
3428 4721 3611 4767 erant.

2015 4780 2199 4851 Neque
2215 4784 2285 4837 ob
2303 4786 2439 4841 hanc
2461 4796 2663 4843 tantum
2679 4804 2893 4846 causam
2914 4808 2928 4857 ;
2944 4791 3039 4847 sed
3056 4794 3175 4863 quia
3192 4798 3430 4853 nondum
3454 4812 3613 4857 erant

2016 4873 2220 4931 fruetus
2243 4918 2257 4941 ,
2286 4878 2375 4949 qui
2405 4880 2475 4935 ab
2517 4881 2624 4937 illis
2659 4885 2982 4941 foverentur.
3029 4886 3208 4943 Tertio
3254 4906 3490 4963 namque
3515 4896 3610 4953 die

2014 4965 2217 5023 fructus
2263 4972 2651 5039 germinarunt.
2684 4977 2761 5031 Ae
2791 4993 2858 5032 ne
2883 4988 3161 5047 putaretur
3202 4982 3329 5039 illos
3372 5000 3442 5041 ex
3472 4988 3606 5043 solis

2013 5069 2203 5115 natura
2225 5064 2575 5134 germinasse,
2606 5076 2729 5137 post
2752 5070 3052 5127 absolutam
3077 5075 3405 5131 creationem
3426 5120 3444 5146 ,
3476 5091 3604 5135 tunc

2015 5152 2153 5205 Deus
2202 5154 2328 5209 fecit
2373 5159 2540 5213 solem
2564 5200 2578 5227 ,
2610 5160 2790 5217 lunam
2817 5172 2871 5218 et
2904 5164 3107 5221 stellas.
3150 5166 3432 5224 Undenam
3461 5172 3603 5227 Deus

2012 5243 2100 5297 illa
2124 5246 2297 5301 iecit?‘
2319 5248 2524 5305 Dictum
2565 5262 2648 5307 est
2670 5255 2813 5309 enim
2857 5255 3030 5326 ipsum
3058 5260 3230 5328 primo
3259 5261 3348 5316 die
3390 5278 3461 5319 es
3492 5282 3600 5319 non

2009 5340 2338 5395 exstantibus
2358 5353 2546 5397 cuncta
2573 5344 2767 5400 fecisse
2788 5388 2803 5412 ,
2836 5348 3055 5418 reﬁquis
3101 5360 3283 5405 autem
3309 5354 3505 5409 diebus
3533 5373 3600 5411 es

2007 5434 2356 5488 exstantibus.
2385 5434 2535 5490 Unde
2557 5452 2688 5507 ergo
2716 5439 2837 5493 sol?
2861 5440 2936 5494 Ex
2984 5441 3102 5496 luce
3128 5458 3247 5514 quae
3288 5449 3468 5515 primo
3509 5448 3601 5507 die

2009 5526 2141 5579 laeta
2174 5525 2342 5580 fuerat
2365 5569 2379 5593 ,
2412 5544 2572 5598 quam
2613 5532 2837 5586 mutavit
2876 5541 2936 5587 ut
2962 5536 3129 5589 voluit
3149 5536 3357 5593 Artifex
3378 5579 3393 5602 ,
3421 5539 3475 5593 in
3505 5556 3600 5593 vas

2006 5618 2217 5686 riasque
2258 5622 2466 5690 species
2495 5624 2759 5679 convertit
2789 5643 2803 5679 :
2839 5626 2945 5681 illic
2983 5627 3116 5683 lucis
3152 5635 3477 5699 materiam,
3508 5635 3600 5693 hie

2009 5712 2189 5775 διυιιυδ
2215 5731 2227 5769 :
2253 5715 2697 5785 quemadmodum
2727 5719 2771 5775 si
2790 5722 2907 5792 quis
2933 5723 3276 5794 praemitteret
3302 5728 3426 5787 auri
3450 5745 3597 5787 mas-
