3704 6274
412 259 523 314 649

1854 260 2235 323 SEVERIANI

3593 269 3674 326 li

408 384 459 438 οἱ
491 373 798 446 ὐφείλοντες
835 374 1154 432 θάλπεσθαι.
1172 390 1201 419 ιι
1227 379 1304 450 Τῇ
1335 379 1443 452 γὰρ
1476 380 1632 453 τρίτῃ
1659 381 1998 454 ἐϐλάστησαν
2103 386 2210 441 τοῦ
2234 390 2514 458 οὐρανοῦ,
2541 387 2699 443 ὥστε
2734 384 2972 457 φαίνειν
2999 385 3098 442 ἐπι
3125 387 3237 456 τῆς
3266 383 3400 457 τῆς.
3419 387 3632 460 Ἐπειδὴ
3656 380 3674 448 ί

408 463 459 515 οἱ
491 461 710 533 καρποί.
741 462 850 515 Καὶ
898 463 984 517 ἵνα
1017 465 1091 536 μή
1124 467 1353 537 νομισθῇ
1387 468 1570 521 πάλιν.
1598 471 1678 522 ὅτι
1723 471 1789 540 τῇ
1841 467 1999 538 φύσει
2101 474 2264 543 φύσις
2289 475 2384 529 τοῦ
2415 477 2585 548 πυρὸς
2613 476 2924 548 ἀνώδρομος
2947 472 3036 547 ἦν,
3071 476 3291 548 χαλινὸν
3333 475 3674 545 ἐπιτίθησινέ

409 548 503 602 τοῦ
533 548 684 620 ήλίου
713 548 1072 620 ἐϐλάστησαν,
1103 551 1190 606 ὅτε
1218 554 1528 626 ἀπηρτίσοη
1569 557 1603 626 ή
1644 556 1995 627 δημιουργία,

407 636 529 689 τότε
558 635 744 689 λοιπὸν
768 641 914 692 ποιεῖ
935 641 962 691 6
983 639 1115 704 Θεὸς
1140 641 1311 711 ἥλιον,
1333 641 1582 714 σελήνην,
1605 645 1798 716 ἀστρα.
1825 643 1996 698 Πόθεν

405 723 477 776 τὰ
506 721 644 775 αὐτά
671 723 957 795 ἐποίησεν;
987 725 1214 796 Εἴρηται
1248 728 1377 800 γὰρ,
1401 729 1483 781 ὅτι
1503 732 1568 800 τῇ
1596 729 1785 800 πρώτῃ
1811 730 1996 802 ήμέρᾳ

407 812 473 864 ἐκ
509 811 583 881 μή
619 811 786 864 ὄντων
827 813 1049 882 ἐποίησε
1096 815 1163 868 τὰ
1209 816 1406 880 πάντα,
1439 820 1559 881 ταῖς
1605 819 1661 870 δὲ
1707 818 1892 881 ἀλλαις
1935 818 1992 884 ἐξ

407 895 594 948 ὅντων.
632 895 802 949 Πόθεν
834 893 927 950 οῦν
953 899 981 950 6
1005 899 1193 969 ἦλιος;
1234 901 1330 953 Ἐκ
1359 900 1454 954 τοῦ
1482 903 1773 971 γενομένου
1817 902 1994 972 φωτὸς

406 980 470 1049 τῇ
517 978 707 1052 πρώτῃ
756 981 956 1052 ήμέρᾳ,
991 982 1018 1034 ὃ
1048 983 1338 1054 μετέϐαλεν
1366 984 1441 1048 ὡς
1472 985 1735 1056 ἠθέλησεν
1760 989 1787 1040 6
1813 986 1990 1057 τεχνί-

405 1080 526 1132 της,
555 1064 651 1117 κα)⁸
687 1065 767 1128 είς
808 1065 1096 1136 διαφόρους
1129 1068 1523 1136 μετεσκεύασεν
1547 1069 1718 1138 ὄψεις,
1753 1072 1869 1123 ἐκεῖ
1893 1069 1989 1139 τὴν

401 1145 540 1217 ὕλην
568 1146 663 1200 τοῦ
691 1149 886 1214 φωτὸς,
919 1144 1020 1203 ὦδε
1048 1153 1176 1214 τοὺς
1203 1151 1439 1224 ἀστέρας
1462 1170 1475 1184 ο
1502 1153 1582 1216 ὡς
1603 1154 1655 1207 εί
1679 1172 1760 1217 τις
1785 1155 1991 1225 προϐά-

406 1228 549 1282 λοιτο
584 1230 760 1300 μᾶζαν
792 1233 1016 1302 χρυσοῦ,
1054 1234 1148 1287 καὶ
1182 1234 1318 1303 μετά
1349 1236 1522 1290 ταῦτα
1551 1237 1860 1306 νομίσματα
1890 1256 1990 1291 κα-

400 1313 668 1382 τακόψας,
705 1316 848 1369 οὕτω
875 1316 1081 1386 διαθείη
1113 1316 1206 1370 τοῦ
1250 1319 1425 1386 φωτὸς
1467 1320 1566 1390 τήν
1608 1319 1985 1392 διακόσμησιν.

407 1396 618 1466 Ὥσπερ
651 1397 758 1469 γὰρ
791 1399 887 1470 τὴν
916 1399 1148 1454 ἄϐυσσον
1177 1401 1297 1454 τότε
1347 1401 1405 1454 ἓν
1450 1402 1592 1474 ὕδωρ
1637 1404 1988 1475 ὑπάρχουσαν

405 1480 659 1551 ἐμέρισεν
685 1484 764 1544 εἰς
788 1481 885 1546 τὰς
910 1482 1203 1548 θαλάσσας,
1237 1487 1315 1549 είς
1335 1487 1636 1550 ποταμοὺς,
1670 1489 1749 1551 είς
1785 1490 1984 1557 πηγὰς,

404 1563 485 1625 είς
523 1563 736 1634 λίμνας,
770 1566 850 1628 είς
890 1565 1135 1637 φρέαταο
1171 1565 1316 1622 οὕτω
1342 1569 1522 1623 καὶτὸ
1548 1569 1681 1640 φῶς,
1718 1570 1775 1624 ἓν
1815 1572 1988 1644 67:019-

403 1663 518 1715 χον,
562 1647 848 1717 μονοειδὲς,
895 1647 1219 1718 κατατεμὼν
1251 1653 1280 1704 ὁ
1306 1652 1575 1722 τεχνίτης,
1610 1653 1863 1725 ἐμέρισεν
1907 1655 1986 1718 είς

401 1729 550 1801 ἥλιον
582 1731 675 1785 καὶ
699 1731 928 1803 σελήνην
966 1734 1060 1786 καὶ
1099 1733 1294 1804 ἄστρα.
1326 1734 1476 1790 Θέλω
1506 1737 1561 1790 δέ
1591 1736 1845 1808 ζητῆσαι,
1870 1739 1986 1803 πῶς

401 1813 654 1884 ἐποίησεν
678 1815 705 1867 6
730 1814 861 1878 Θεὸς
889 1816 1013 1878 τούς
1048 1817 1342 1890 φωστῆρας
1361 1835 1374 1850 °
1422 1820 1669 1888 φαίνεται
1695 1823 1804 1890 γὰρ
1830 1824 1986 1895 ποιή-

403 1911 502 1959 σας
547 1897 742 1960 αὐτοὺς
783 1897 888 1962 ἔξω
933 1898 1027 1951 τοῦ
1073 1900 1324 1972 οὐρανοῦ,
1354 1903 1446 1956 καὶ
1477 1904 1600 1957 τότε
1645 1904 1822 1976 πήξας
1852 1907 1981 1962 ἅνω.

403 1979 610 2052 Ὠσπερ
641 1981 908 2052 τεχνίτης.
937 1983 1156 2038 ἐπειδάν
1187 1987 1464 2060 ἀπαρτίσῃ
1500 1989 1701 2052 εἰκόνα,
1732 1989 1852 2042 τότε
1883 1991 1986 2060 πή-

397 2079 586 2132 γνυσιν
619 2065 785 2134 αὐτὴν
810 2067 867 2118 ἐν
895 2067 1060 2139 τοίχῳ
1083 2084 1096 2098 ⁸
1131 2067 1303 2133 οὕτως
1323 2072 1350 2124 6
1371 2070 1502 2135 Θεὸς
1525 2073 1738 2142 πρῶτον
1761 2074 1984 2143 ἐποίησε

394 2147 522 2208 τοὺς
572 2148 864 2218 φωστῆρας
910 2148 1014 2212 ἔξω
1063 2149 1156 2203 τοῦ
1207 2151 1460 2223 οὐρανοῦ,
1492 2154 1587 2206 καλ⁴
1628 2153 1751 2207 τότε
1784 2153 1984 2238 ἔπηξεν

395 2227 528 2290 ἄνω,
571 2227 756 2300 ὥσπερ
797 2230 1064 2302 τεχνίτης,
1094 2233 1170 2296 ὡς
1221 2238 1487 2306 μαρτυρεῖ
1529 2238 1562 2307 ἠ
1606 2227 1846 2308 ι“ραφή”
1875 2237 1983 2291 Καὶ

393 2310 684 2380 ἐποίησεν
714 2315 747 2366 ό
781 2313 924 2380 Θεὸς
966 2315 1107 2383 τοὺς
1147 2316 1257 2371 δύο
1299 2317 1636 2387 φωστῆρας,
1675 2320 1772 2373 καὶ
1817 2320 1983 2374 ἔθετο

393 2395 614 2462 αὐτοὺς
643 2396 711 2450 ἐν
733 2397 810 2462 τῷ
837 2399 1089 2467 οὐρανῷ.
1124 2400 1248 2466 Πῶς
1275 2399 1368 2456 οὐν
1395 2404 1590 2465 αὐτοὺς
1619 2405 1817 2475 ἔπηξεν
1837 2421 1850 2469 ;
1874 2401 1982 2477 ἆρα

396 2477 470 2548 μὴ
517 2478 652 2548 ὁμοῦ
695 2475 836 2550 ἦσαν
883 2483 931 2534 οί
970 2481 1063 2534 δύο
1099 2484 1476 2556 πεπηγμένοι;
1521 2487 1634 2539 Οὐκ
1665 2475 1978 2557 ἐχειλόγον.

405 2560 567 2615 Ἀλλά
599 2563 652 2615 τί
670 2581 685 2630 ;
723 2565 878 2618 Κατά
906 2565 1007 2636 τὴν
1041 2567 1224 2638 φωνὴν
1257 2567 1420 2622 αὐτοῦ
1448 2570 1541 2623 τοῦ
1567 2571 1701 2624 Θεοῦ
1729 2573 1762 2642 ή
1796 2573 1979 2644 πῆξις.

397 2644 618 2725 Ἔθετο,
662 2647 848 2718 φησὶν,
884 2651 917 2701 ό
951 2647 1096 2714 Θεὸς
1145 2649 1289 2717 τοὺς
1325 2653 1669 2722 φωστῆρίις,
1710 2654 1818 2709 τὸν
1866 2673 1983 2725 φω-

386 2724 585 2794 στῆρα
605 2728 716 2782 τὸν
745 2729 938 2798 μέγαν
977 2733 1062 2797 είς
1098 2732 1289 2803 ἀρχὰς
1321 2733 1433 2802 τῆς
1461 2736 1704 2804 ἡμέρας,
1736 2738 1835 2792 καί
1873 2724 1982 2792 τὸν

389 2809 679 2878 φωστῆρα
715 2811 822 2866 τὸν
848 2813 1094 2868 ἐλάσσω
1134 2818 1222 2880 εἱς
1252 2817 1444 2886 ἀρχὰς
1471 2818 1580 2887 τῆς
1600 2821 1979 2887 νυκτός.“οτε

388 2893 420 2945 ὁ
448 2893 599 2963 ἥλιος
631 2895 814 2965 ἐπάγη
847 2897 930 2959 είς
955 2897 1243 2970 ἀνατολὴν,
1267 2901 1448 2972 ἐπάγη
1487 2903 1515 2973 ή
1559 2903 1755 2974 σελήνη
1788 2905 1868 2968 είς
1891 2904 1981 2958 δύ-

391 2991 476 3028 σιν
498 2991 513 3004 ·
539 2976 724 3047 ἐπειδὴ
753 2977 931 3048 ἐκείνη
965 2979 1064 3048 μὲν
1093 2981 1282 3053 ἄρχειν
1309 2983 1410 3054 τῆς
1442 2986 1634 3049 νυκτὸς
1660 2985 1976 3056 ἐκελεύσθη,

382 3059 416 3110 ό
444 3057 501 3112 δὲ
526 3058 626 3140 τῆς
659 3061 890 3130 ἡμέρας.
909 3062 1158 3131 Ἐγένετο
1189 3061 1283 3119 οὖν
1309 3067 1340 3137 ή
1370 3067 1589 3140 σελήνη,
1609 3070 1703 3122 καὶ
1724 3071 1977 3138 γεννᾶται

383 3139 670 3224 τῇγπρώτῃ
703 3144 888 3216 ήμέρᾳ
922 3146 1278 3218 πανσέληνος.
1313 3151 1387 3202 Οὐ
1424 3139 1533 3222 γάρ
1580 3151 1685 3207 ἔδει
1732 3153 1977 3224 ήκρωτηο

383 3223 606 3296 ριάσθαι
637 3225 698 3306 τὸ
728 3226 887 3298 ἔργον
913 3228 1135 3292 εὐθέως,
1161 3231 1275 3285 ἀλλ’
1303 3231 1410 3286 ἔδει
1444 3233 1720 3305 δειχθῆναι
1743 3236 1834 3290 τὸν
1861 3254 1977 3306 φω-

385 3307 560 3378 στῆρα
609 3302 720 3373 οἷος
764 3309 999 3378 ἐγένετο.
1036 3313 1192 3368 Μετὰ
1247 3313 1306 3367 δὲ
1357 3302 1645 3388 ταῦτα-τῇ
1693 3302 1976 3374 ἀλλοιώσει

385 3389 551 3475 ἔδειξε
597 3392 823 3475 χρόνους
867 3395 962 3447 καὶ
1011 3397 1237 3466 καιροὺς
1282 3399 1376 3452 καὶ
1422 3399 1683 3470 διαφορὰς
1727 3403 1970 3475 ήμερῶν.

384 3472 536 3525 Ποιεῖ
564 3469 656 3527 οὖν
691 3475 860 3546 αὐτὴν
884 3477 912 3530 6
945 3478 1077 3540 Θεὸς
1105 3479 1181 3541 ὡς
1201 3469 1745 3537 πεντεκαιδεκαταίαν
1765 3487 1974 3560 πεπλη-

387 3555 656 3644 ρωμένην.
675 3559 734 3644 ’Θ
768 3560 916 3644 ἥλιος
953 3561 1231 3644 ἀνέτελλεν
1259 3563 1458 3636 690900
1481 3583 1494 3597 °
1532 3568 1619 3620 ὅτε
1661 3569 1768 3641 γὰρ
1794 3555 1970 3644 ἐπάγη

382 3641 416 3709 ή
452 3639 651 3710 σελήνη
684 3642 742 3693 ἐν
776 3641 854 3712 τῷ
892 3642 1097 3714 δρθρῳ,
1131 3647 1378 3714 ἐφαίνετο
1407 3649 1544 3721 πρὸς
1576 3639 1850 3716 δύσινξὪς
1880 3639 1972 3708 οῦν

383 3721 603 3810 ἔτρεχεν
631 3725 834 3810 δᾼήᾼλιος
868 3727 960 3810 τὸν
985 3727 1114 3781 ἴδιον
1140 3729 1338 3801 δρόμον
1361 3732 1498 3804 πρὸς
1523 3733 1692 3798 δύσιν,
1715 3737 1748 3808 ή
1777 3738 1970 3810 σελήνη

382 3805 582 3892 ήρχετο
610 3806 811 3892 εὐθέως
848 3809 944 3892 τοῦ
970 3811 1302 3878 ἀνατέλλειν,
1337 3815 1426 3870 ἴνα
1458 3817 1718 3892 πληρωθῇ
1738 3805 1822 3886 τὸ,
1842 3805 1970 3891 ’Ᾰρζ

381 3889 658 3958 χέτωσαν
691 3891 802 3960 τῆς
831 3891 1057 3961 ἡμέρας
1086 3895 1185 3948 καὶ
1215 3895 1326 3964 τῆς
1357 3902 1598 3970 νυκτός.

450 3974 650 4060 Λοιπὸν
677 3975 981 4060 ζήτημαδο
1016 3978 1202 4033 Διάτί
1237 3979 1392 4054 [657]
1437 3985 1465 4037 6
1510 3984 1642 4050 Θεὸς
1677 3987 1969 4060 πεπληρω-

383 4056 551 4144 μένην
582 4059 805 4144 ἐποίησε
836 4060 934 4132 τὴν
963 4062 1225 4134 σελήνην;
1258 4065 1499 4137 Πρόσεχε
1519 4084 1532 4098 ο
1571 4068 1631 4121 16
1661 4071 1768 4141 γὰρ
1793 4056 1971 4144 νόημα

379 4141 540 4211 βαθύο
558 4143 755 4215 Ἐχρῆν
783 4144 954 4217 αὐτὴν
977 4148 1043 4218 τῇ
1075 4147 1308 4221 τετάρτῃ
1338 4151 1520 4223 ἡμέρᾳ.
1547 4141 1969 4227 γεναμένην,-ιῖ›ς

377 4227 700 4310 τεταρταίαν
745 4228 1054 4297 φαίνεσθαι.
1073 4231 1234 4286 Ἀλλά
1263 4233 1424 4289 πάλιν
1459 4237 1507 4289 εί
1535 4231 1604 4306 ἦν
1647 4242 1964 4310 τεταρταία,

377 4308 440 4361 τὸ
458 4309 626 4381 ἀκρον
649 4312 748 4381 τῆς
773 4311 979 4377 δύσεως
998 4315 1097 4368 οὐκ
1124 4317 1389 4388 ἀντεῖχεν.
1420 4317 1634 4392 Εὐρέθη
1665 4317 1758 4375 οῦν
1779 4308 1969 4378 πλεον-

379 4392 610 4445 εκτοῦσα
634 4393 826 4448 ἕνδεκα
847 4395 1060 4466 ἡμέρας
1080 4414 1095 4428 ο
1120 4401 1413 4470 τεταρταία
1435 4403 1668 4470 ἐγένετο,
1695 4406 1789 4459 καὶ
1809 4408 1964 4475 ἐφαί-

377 4493 500 4528 νετο
521 4476 596 4539 ὡς
624 4479 1167 4534 πεντεκαιδεκαταίαδ
1192 4482 1382 4538 ἕνδεκα
1400 4484 1610 4556 ἡμέρας
1629 4488 1966 4544 ἐπλεονέκτει

379 4557 569 4646 λοιπὸν
611 4561 644 4629 ή
699 4560 896 4646 σελήνη
931 4561 1021 4616 τὸν
1055 4563 1224 4634 ἥλιον,
1256 4567 1316 4620 οὐ
1340 4569 1406 4638 τῇ
1442 4570 1678 4640 ποιήσει,
1715 4572 1854 4626 ἀλλά
1896 4577 1964 4646 τῇ

378 4641 598 4728 φαύσει.
631 4644 730 4698 Διά
768 4644 926 4700 τοῦτο
975 4647 1040 4711 ἃς
1082 4649 1203 4702 τότε
1237 4649 1716 4725 ἐπλεονέκτησενή
1746 4641 1964 4728 σελήνη,

377 4726 671 4781 ἀποδίδωσι
718 4728 796 4799 τῷ
843 4729 1074 4802 ήλίῳ.⁰0
1101 4731 1210 4805 γὰρ
1241 4734 1382 4788 κατά
1427 4735 1656 4809 σελήνην
1699 4740 1794 4794 καὶ
1842 4726 1966 4795 καθ’

376 4810 605 4897 ἕκαστον
634 4812 778 4883 μῆνα
798 4814 906 4867 ἀπὸ
929 4815 1100 4870 εἴκοσι
1124 4819 1278 4871 ἐννέα
1299 4819 1470 4890 ἥμισυ
1493 4822 1713 4896 ἡμερῶν
1736 4824 1968 4897 ἀριθμὸς

376 4895 716 4966 γιγνόμενος,
749 4900 893 4950 ποιεῖ
921 4900 980 4952 ἐν
1007 4902 1118 4964 τοῖς
1149 4901 1374 4957 δεκαδύο
1401 4913 1537 4976 μησὶ
1577 4907 1671 4962 τοῦ
1713 4895 1964 4964 ἐνιαυτοῦ

375 4979 592 5066 ἡμέρας
634 4981 951 5066 τριακοσίας
998 4986 1335 5055 πεντήκοντα
1381 4989 1670 5062 τέσσαρας.
1690 4994 1815 5047 Ἐἀν
1856 4995 1966 5066 γὰρ

377 5059 521 5148 Off—tm
545 5060 789 5148 ψηφίσῃς
821 5064 910 5117 τὸν
946 5067 1087 5136 μῆνα
1119 5069 1227 5122 ἀπὸ
1260 5072 1431 5124 εἴκοσι
1461 5059 1618 5128 ἐννέα
1637 5076 1807 5146 ἥμισυ
1827 5059 1964 5148 ἡίιιέ.

380 5145 510 5218 ρῶν,
544 5146 814 5214 γίγνονται
860 5148 953 5202 τοῦ
992 5152 1238 5206 ἐνιαυτοῦ
1271 5157 1471 5228 ήμέραι
1497 5163 1801 5232 τριακόσιαι
1832 5145 1962 5216 πεν-

376 5230 613 5318 τήκοντα
637 5231 923 5318 τέσσαρες,
956 5235 1043 5318 ἵνα
1081 5235 1148 5299 ἃς
1175 5230 1562 5313 ἐπλεονέκτησε
1599 5245 1720 5297 τότε
1750 5247 1961 5318 ἡμέρας

377 5314 410 5384 ή
443 5312 638 5402 σελήνη
669 5317 789 5402 κατ’
818 5317 1061 5373 ἐνιαυτὸν
1104 5321 1394 5377 ἀποδίδωσι
1427 5326 1505 5398 τῷ
1543 5312 1962 5402 ήλίῳᾙόψήφιξ

381 5398 514 5468 στῆς
537 5397 840 5468 mnum.

446 5486 518 5548 γ’.
556 5481 1000 5552 Γενηθ-ἠτωσαν
1031 5487 1347 5558 φωστῆρες
1376 5492 1446 5547 ἐν
1478 5493 1556 5560 τῷ
1604 5499 1959 5570 στερεώματι

445 5577 746 5658 ἓξὲξ-ερσά
765 5581 982 5634 Cosmam
1006 5585 1290 5658 Egyplium
1312 5589 1558 5658 habemur
1577 5609 1627 5658 p.
1653 5596 1762 5658 325,
1787 5598 1871 5648 ubi
1897 5601 1956 5650 ad

373 5641 946 5712 mgugdulp'germonegn
956 5641 1238 5712 Aper-ﬁdere
1260 5654 1389 5704 male
1408 5641 1638 5711 άὶτσήιῖιὶ·
1656 5641 1893 5712 ίιῖἰῖιῦἷό.

435 5699 465 5739 ιι
485 5701 601 5752 Hac
621 5704 771 5758 habes
793 5709 920 5770 apud
945 5699 1164 5764 Cbsmam
1187 5699 1236 5776 p7.

2100 562 2232 626 Θεὸς
2277 567 2343 634 τῇ
2396 564 2574 632 φύσει,
2607 564 2749 617 ὥστε
2801 566 2874 635 μὴ
2921 566 3033 619 ἄνω
3080 564 3322 635 πέμπειν
3353 563 3457 634 τὴν
3503 564 3674 634 αὐτὴν,

2100 649 2235 703 ἀλλὰ
2265 651 2434 708 κάτω.
2463 651 2583 722 Πῦρ
2614 652 2723 724 γὰρ
2767 649 2867 706 οὐκ
2914 654 3168 722 ἀνέχεται
3204 653 3498 723 προσέχειν

2097 735 2212 790 ἀλλ’
2242 738 2520 793 ἄνιυ.Ἐἁν
2563 740 2693 810 ἔχῃς
2719 741 2870 810 δᾷδα,
2913 740 3142 810 στρέψον
3178 740 3349 810 αὐτὴν
3385 740 3561 800 κάτω,
3602 742 3674 793 καὶ

2095 825 2228 896 ὁρᾷς
2261 827 2342 880 ὅτι
2367 826 2473 881 κᾶν
2517 827 2579 880 τὸ
2619 827 2852 897 ὄργανον
2903 827 3160 900 στρέψῃς,
3191 828 3254 880 τὸ
3281 825 3396 898 πῦρ
3423 828 3538 879 ἄνω
3571 829 3674 896 τρέε

2094 931 2198 983 χει.
2219 913 2435 984 Ἐπειδὴ
2453 909 2544 968 οῦν
2575 915 2692 986 ᾔδει
2719 913 2886 968 αὐτοῦ
2917 914 3172 987 τοιαύτην
3201 911 3342 968 εἶναι
3383 913 3487 985 τὴν
3512 913 3674 983 φύσιν,

2094 1004 2357 1075 ἐπέδησεν
2385 1005 2574 1076 αὐτὴν,
2604 1006 2691 1059 ἵνα
2718 1005 2792 1078 μή
2816 1005 2958 1060 κατὰ
2981 1007 3080 1078 τήν
3113 1002 3273 1075 φύσιν
3309 1005 3533 1078 λάμπῃ,
3559 1006 3673 1061 ἀλλά

2093 1091 2235 1145 κατά
2271 1093 2333 1146 τὸ
2386 1093 2734 1164 πρόσταγμα.
2793 1095 2860 1147 Et
2905 1111 2990 1157 τις
3035 1093 3190 1164 ὑμῶν
3240 1094 3672 1164 παρατηρησάτω

2093 1181 2110 1244 (
2131 1179 2283 1248 εἰρο)
2321 1179 2498 1234 ἔλαιον
2545 1181 2654 1234 ἀπὸ
2703 1181 2919 1251 λύχνου.
2955 1181 3070 1243 πῶς
3113 1182 3572 1248 συγκατασπᾶται

2091 1265 2256 1336 ἐλαίῳ
2281 1267 2341 1319 τὸ
2371 1267 2502 1339 πῦρ,
2529 1269 2623 1322 καὶ
2651 1271 2685 1340 ή
2723 1269 2824 1339 μὲν
2871 1269 2960 1339 βία
2998 1268 3092 1321 τοῦ
3123 1269 3301 1322 ἐλαίου
3335 1270 3495 1322 κάτω
3521 1269 3666 1332 ἕλκει,

2088 1355 2120 1422 ή
2163 1354 2224 1407 δέ
2266 1354 2426 1423 φύσις
2471 1354 2565 1409 τοῦ
2618 1355 2790 1426 πυρὸς
2833 1357 2945 1411 ἄνω
2986 1357 3188 1428 τρέχει,
3215 1357 3309 1410 καὶ
3341 1354 3538 1427 ὥσπερ
3568 1356 3667 1425 βίαν

2090 1442 2453 1512 ὑφιστάμενον
2478 1443 2721 1514 καταϐοᾷ
2739 1459 2753 1472 ⁸
2787 1444 2840 1497 εί
2869 1461 2999 1497 ποτε
3029 1445 3137 1514 γὰρ
3166 1443 3549 1512 ἀναγκάζεται
3577 1443 3667 1514 πῦρ

2087 1528 2301 1598 τρέχειν
2325 1529 2476 1600 παρά
2495 1530 2592 1601 τήν
2623 1530 2964 1597 ἀκολουθίαν,
3001 1531 3180 1602 φωνὴν
3205 1532 3436 1600 ἀφίησιν
3466 1531 3544 1594 ὡς
3566 1531 3666 1600 βίαν

2088 1616 2316 1686 πάσχον,
2347 1617 2422 1680 ὼς
2471 1619 2619 1689 παρά
2669 1615 2829 1688 φύσιν
2874 1615 3251 1672 ὁδεῦον.⁹’οταν
3289 1619 3403 1687 γάρ
3436 1635 3493 1672 τι
3540 1621 3664 1688 παρὰ

2088 1700 2248 1770 φύσιν
2277 1705 2333 1757 ἐν
2358 1703 2434 1775 τῷ
2471 1705 2718 1777 στοιχείῳ
2746 1706 2991 1777 γένηται,
3019 1705 3334 1776 βοᾷ.Διατί;
3368 1705 3544 1758 Ὅταν
3565 1707 3664 1758 ἐπ-

2087 1789 2256 1861 6ληθῇ
2303 1791 2478 1845 ἔλαιον
2521 1791 2600 1863 τῷ
2652 1794 2808 1864 7:691,
2846 1792 3029 1864 φωνὴν
3076 1792 3175 1846 οὐκ
3215 1795 3469 1864 ἀφίησιν·
3499 1794 3592 1845 ἐὰν

2087 1874 2231 1948 ὕδωρ
2277 1879 2566 1952 ἐπιϐληθῇ,
2615 1879 2810 1951 τρίζει.
2857 1881 2966 1935 Καὶ
3013 1879 3168 1934 τοῦτο
3213 1881 3403 1951 ὐγρὸν,
3463 1881 3661 1934 κάκεῖνο

2087 1967 2271 2038 ὑγρόν.
2292 1969 2432 2022 Ἀλλ’
2460 1969 2647 2042 ἐπειδὴ
2702 1954 2922 2025 κάκεῖνο
2967 1973 3075 2026 ἀπὸ
3117 1972 3276 2039 ξύλου
3328 1971 3486 2043 ὄψον,
3520 1975 3607 2024 καὶ
3637 1975 3659 2040 ἡ

2087 2055 2240 2108 ἐλαία
2273 2056 2568 2128 τρέφουσα,
2597 2058 2747 2128 φίλον
2775 2060 2831 2113 δὲ
2865 2060 2949 2112 ἀεὶ
2978 2058 3054 2130 τῷ
3101 2057 3240 2130 ξύλῳ
3271 2059 3328 2112 τὸ
3360 2058 3500 2130 πῦρ,
3531 2060 3658 2128 δέχε-

2085 2159 2174 2197 ται
2203 2144 2373 2214 ήδέως
2417 2145 2484 2200 τά
2525 2147 2633 2200 ἀπὸ
2663 2148 2758 2202 τοῦ
2791 2148 3106 2217 συγγενοῦς.
3125 2147 3250 2201 Ἐὰν
3283 2147 3342 2201 δὲ
3372 2147 3524 2218 ὕδωρ
3553 2150 3657 2218 περὶ

2086 2230 2374 2303 ἐπιϐληθῇ,
2399 2234 2611 2304 τρίζειο
2634 2234 2711 2306 τῷ
2754 2235 2863 2307 γάρ
2906 2235 3132 2306 ἐναντίῳ
3165 2235 3418 2306 μάχεται.
3457 2235 3535 2288 Τὸ
3569 2235 3656 2304 πίρ

2087 2319 2217 2375 ἴδιόν
2257 2322 2374 2375 ἐστι
2425 2322 2518 2375 τοῦ
2562 2322 2757 2395 ἀέρος·
2795 2325 3057 2394 συγγενὲς
3086 2325 3214 2396 γάρ.
3246 2325 3432 2397 Φυσᾷς
3478 2328 3557 2389 είς
3592 2326 3657 2378 λὺ-

2083 2423 2226 2478 χνον,
2259 2407 2355 2462 καὶ
2398 2409 2648 2475 καπνίζει
2676 2413 2704 2464 ό
2731 2411 2840 2483 ἀὴρ
2867 2412 2928 2464 τὸ
2970 2412 3101 2484 πῦρ,
3129 2413 3222 2466 καὶ
3245 2413 3495 2482 οὐδαμοῦ
3528 2415 3654 2483 569-1-

2083 2511 2269 2549 σκεται
2289 2514 2302 2526 ·
2331 2497 2392 2550 τὸ
2419 2497 2527 2569 γὰρ
2558 2499 2818 2567 συγγενὲς
2845 2498 3069 2571 ἔδραμε.
3099 2500 3267 2553 Βλέπε
3289 2499 3384 2554 τοῦ
3414 2502 3655 2570 Τεχνίτιν

2078 2583 2176 2655 τὴν
2198 2584 2406 2654 σοφίαν,
2435 2584 2597 2655 βλέπε
2624 2587 2722 2658 τὴν
2746 2586 3205 2658 δύναμιν.Ἕθηκε
3228 2589 3355 2652 τούς
3376 2589 3654 2660 φωστῆρας

2080 2673 2139 2725 ἐν
2165 2669 2242 2742 τῷ
2269 2671 2505 2744 οὐρανῷ,
2541 2671 2682 2726 ὥστε
2715 2673 2920 2742 φαίνειν
2942 2675 3033 2728 ἐπὶ
3053 2675 3151 2746 τῆς
3184 2676 3310 2746 γῆς’
3343 2676 3459 2730 Καὶ
3496 2676 3656 2730 ἔστω-

2078 2771 2220 2824 σαν,
2267 2759 2454 2830 φησὶν,
2491 2763 2580 2828 εἰς
2625 2761 2845 2831 σημεῖα
2897 2762 2995 2817 καὶ
3043 2765 3128 2829 είς
3178 2762 3402 2832 ἡμέρας
3446 2765 3549 2818 καὶ
3588 2767 3655 2829 εἷς

2077 2846 2410 2915 ἐνιαυτούς.

2149 2934 2217 2988 Τί
2259 2938 2426 3003 ἐστιν,
2461 2939 2568 3004 Εἰς
2609 2939 2865 3009 σημεῗα;
2908 2942 2971 2994 Οἱ
3029 2941 3127 3010 μέν
3161 2940 3516 3010 ματαιολόγοι
3548 2942 3653 3010 περὶ

2075 3023 2430 3095 ἀστρολογίας
2460 3025 2667 3080 ἐαυτῶν
2705 3027 2976 3082 ἐκένωσαν
3002 3027 3100 3092 τάς
3128 3029 3372 3093 ἐλπίδας,
3410 3028 3654 3099 σημειού-

2079 3129 2229 3182 μενοι
2273 3113 2573 3184 πράγματα
2620 3116 3115 3171 ἀνυπόστατα.”οτι
3148 3117 3257 3188 γὰρ
3303 3119 3406 3171 οὐκ
3455 3117 3573 3170 ἔστι
3612 3135 3652 3168 τι

2077 3197 2486 3272 σημειώσασθαι
2532 3205 2660 3274 περὶ
2707 3204 2854 3276 ζωῆς
2899 3205 3202 3277 ἀνθρώπων
3256 3206 3365 3260 ἀπὸ
3408 3207 3650 3278 ἄστρων,

2077 3293 2343 3362 μαρτυρεῖ
2377 3291 2604 3354 Ἡσαΐας
2636 3291 2840 3361 λέγων’
2879 3293 3346 3363 Ἀναστήτωσαν
3369 3297 3424 3347 οι
3450 3295 3652 3362 ἀστρο-

2071 3377 2239 3448 λόγοι
2269 3379 2374 3432 τοῦ
2406 3379 2686 3448 οὐρανοῦ,
2715 3380 2815 3435 καί
2845 3386 2900 3436 οὶ
2932 3381 3272 3450 βλέποντες
3303 3384 3378 3438 τὰ
3413 3383 3648 3451 σημεῖα,

2071 3465 2169 3518 καί
2211 3465 2550 3520 είπίίτωσάν
2587 3484 2685 3522 σοι
2729 3469 2786 3522 τί
2826 3469 3039 3538 μέλλει
3066 3472 3359 3540 γίνεσθαι.
3397 3471 3539 3542 Περὶ
3569 3472 3649 3541 μὲν

2071 3547 2164 3606 οῦν
2203 3552 2348 3622 ζωῆς
2375 3554 2677 3626 ἀνθρώπων
2710 3557 2862 3610 οὐδὲν
2910 3561 3134 3629 σημεῖον
3164 3557 3380 3612 δίδωσιν
3409 3560 3646 3630 οὐρανός.

2070 3638 2252 3702 Θέλεις
2275 3639 2332 3692 δέ
2357 3639 2550 3711 μαθεῖν
2572 3642 2737 3696 αὐτοῦ
2759 3645 2827 3699 τὰ
2851 3647 3082 3715 σημεῖα;
3114 3647 3378 3718 Σημαίνει
3399 3646 3646 3718 ὄμϐρους,

2071 3728 2322 3800 ἀνέμους,
2351 3729 2614 3800 χειμῶνα,
2644 3732 2846 3788 εὐδίαν.
2875 3734 2958 3788 Τὰ
2983 3733 3159 3807 ἄστρα
3188 3733 3363 3790 ταῦτα
3385 3735 3644 3806 σημαίνει,

2071 3817 2164 3869 καὶ
2190 3815 2346 3871 τοῦτο
2367 3817 2454 3872 διὰ
2485 3818 2619 3873 Θεοῦ
2652 3820 3082 3894 φιλανθρωπίαν,
3119 3823 3204 3876 ἵνα
3238 3825 3267 3876 ό
3294 3824 3549 3888 ναυτίλος
3577 3824 3647 3892 ἴδη

2068 3903 2128 3955 τὸ
2153 3906 2394 3974 σημεῖον,
2423 3906 2518 3962 καὶ
2543 3905 2690 3980 φύγῃ
2717 3906 2808 3960 τὸν
2837 3908 3108 3962 κίνδυνονο
3134 3908 3220 3962 ἵνα
3242 3910 3269 3962 6
3291 3910 3544 3980 γεωργὸς
3577 3910 3647 3978 ἴδῃ

2067 3991 2278 4064 ὀσμήνά
2303 3995 2591 4066 χειμῶνος,
2612 3995 2708 4050 καὶ
2736 3995 3022 4066 προλαϐὼν
3043 3999 3345 4071 ἀροτριάσῃ
3366 3994 3644 4071 γῆν.[4581

2069 4080 2278 4134 Γίνεται
2325 4085 2548 4153 σημεῖον
2593 4083 2686 4136 καὶ
2730 4083 2967 4156 πολέμου
3002 4085 3096 4138 καὶ
3125 4087 3370 4158 εἰρήνης.
3398 4086 3585 4140 Ταῦτα
3623 4087 3647 4138 ὁ

2068 4167 2259 4238 Σωτὴρ
2289 4167 2637 4233 ἐϐεϐαίωσεν,
2679 4170 2837 4223 ἆτινά
2861 4173 2998 4224 εἰσιν
3026 4172 3173 4225 ἁπλᾶ
3205 4174 3299 4226 καὶ
3324 4173 3642 4245 άπερίεργα.

2066 4255 2228 4323 Λέγει
2270 4254 2379 4328 γάρ
2419 4258 2533 4321 τοῖς
2572 4257 2872 4321 Ἰουδαίοις·
2925 4257 3285 4328 Ὑποκριται,
3325 4260 3440 4315 ἐὰν
3494 4261 3645 4328 ἴδητε

2065 4344 2332 4413 νεφέλην
2385 4346 2503 4401 ἀπὸ
2571 4347 2822 4416 δυσμῶν
2877 4347 3362 4415 ἀνατέλλουσαν,
3407 4351 3641 4422 λέγετεδ

2065 4431 2294 4500 Χειμὼν
2322 4432 2577 4503 γίνεταιο
2609 4435 2708 4490 καὶ
2741 4437 2962 4505 γίνεται
2983 4437 3334 4504 οὔτως-,Κᾶν
3353 4437 3522 4505 ιδητε
3543 4439 3645 4507 ὀψὲ

2066 4518 2433 4587 πυρῤἀζοντα
2468 4523 2578 4576 τὸν
2613 4525 2894 4592 οὐρανὸν,
2924 4526 3150 4594 λέγετε,
3178 4525 3385 4590 Εὐδία,
3417 4525 3522 4580 καί
3565 4528 3644 4593 τί·

2065 4623 2229 4660 νεται
2261 4607 2450 4662 εὐδία.
2473 4609 2601 4664 Κᾶν
2625 4610 2788 4678 ἴδητε
2816 4611 2932 4680 ὀψὲ
2969 4611 3370 4682 γτυτνάζοντα
3408 4614 3521 4668 τὸν
3555 4616 3643 4668 οὐ·

2057 4692 2268 4760 ρανὸν,
2300 4694 2537 4763 λέγεις’
2566 4697 2798 4766 Χειμὼν
2819 4699 3067 4768 γίνεται.
3102 4700 3209 4753 Καὶ
3255 4701 3452 4768 ἐπάγει
3491 4697 3606 4755 εἶτα
3626 4719 3638 4730 ·

2069 4777 2143 4832 Τὸ
2166 4781 2488 4848 πρόσωπον
2506 4784 2612 4837 τοῦ
2636 4785 2896 4853 οὐρανοῦ
2924 4787 3023 4841 καὶ
3053 4785 3164 4857 τῆς
3187 4785 3299 4858 γῆς
3325 4788 3530 4845 οἴδατε
3555 4790 3641 4843 δο-

2065 4869 2342 4940 κιμάζειν,
2380 4873 2488 4926 τὸν
2510 4873 2578 4926 δὲ
2596 4874 2806 4944 καιρὸν
2827 4876 3039 4931 τοῦτον
3060 4880 3170 4932 οὐκ
3209 4879 3446 4943 οῖδατε;
3466 4881 3639 4933 Ταῦτά

2064 4959 2180 5010 ἐστι
2213 4959 2280 5013 τὰ
2308 4961 2509 5032 σημεῖα
2546 4959 2616 5014 τὰ
2641 4963 2899 5018 ἀκίνδυνα
2929 4967 3444 5038 παρατηρήσασθαι,
3471 4968 3634 5037 θέρος,
3662 4969 3673 5021 ί

2065 5048 2329 5118 χειμῶνα,
2372 5051 2546 5116 ὑετὸν,
2603 5051 2806 5106 εὐδίαν.
2839 5052 3026 5107 Ταῦτα
3071 5059 3168 5108 καὶ
3216 5055 3320 5126 τῆς
3368 5056 3638 5119 εὐσεϐείας

2064 5138 2163 5190 οὐκ
2187 5139 2460 5211 ἀλλότρια,
2501 5141 2597 5194 καὶ
2639 5141 2730 5195 τοῦ
2759 5141 2896 5195 Θεοῦ
2939 5139 3180 5200 ῐδιαοἯν
3202 5145 3260 5199 δέ
3292 5146 3422 5218 περὶ
3453 5148 3635 5218 ἀστρο-

2063 5225 2249 5294 λογίας
2294 5228 2458 5283 πολύν
2491 5229 2770 5283 ἀποτεῖναι
2798 5230 2986 5300 λόγον’
3029 5232 3164 5286 ἀλλά
3192 5234 3377 5305 χρείαν
3403 5236 3514 5307 ἔχει
3552 5237 3632 5287 καὶ

2061 5316 2429 5387 τετονωμένης
2480 5317 2684 5388 φωνῆς,
2729 5317 2825 5372 καὶ
2877 5320 3109 5390 ὀργάνου
3161 5323 3235 5393 μὴ
3285 5323 3626 5388 όκλάζοντος·

2061 5405 2377 5475 συμϐαδίζει
2406 5407 2516 5479 γὰρ
2537 5407 2614 5478 τῷ
2642 5407 2784 5480 λόγῳ
2811 5412 2844 5480 ή
2875 5410 3098 5476 διάνοια,
3123 5414 3216 5466 καὶ
3243 5416 3558 5469 συνασθενεῖ
3574 5416 3626 5483 τῇ

2058 5492 2271 5566 γλώττῃ
2301 5497 2328 5548 6
2359 5494 2637 5564 λογισμός.
2657 5495 2780 5550 Ἐπὶ
2806 5492 2900 5551 οὖν
2923 5499 2990 5552 τὰ
3015 5499 3360 5573 ἁπλούστερα
3386 5503 3625 5573 χωρήσω-

2119 5601 2143 5628 ο
2170 5597 2281 5672 Sﬂv.
2293 5600 2432 5672 ,φοι
2454 5601 2767 5672 παρατηρήσῃ
2791 5603 2864 5672 τρ.
2909 5603 3166 5672 Combeﬁs.
3193 5607 3334 5657 dedit
3377 5603 3625 5672 παρετηρή-

2058 5661 2555 5729 σατοᾼέλη-ῐῖοηο-ιες.
2581 5661 2974 5729 παρατὴρήσαιτο
2997 5667 3052 5714 τὸ
3076 5668 3146 5716 ἑλ.

2117 5721 2146 5763 d
2168 5723 2318 5773 Savil.
2342 5725 2467 5786 conj.
2487 5721 2653 5788 ὁρμήν.
