3704 6274
1181 309 1265 364 DE
1304 307 1515 363 MUNDI
1554 301 1944 363 CREATIONE
1980 306 2238 365 ORATIO
2278 308 2364 365 lll.
3286 264 3412 376 ‘50‘

1808 432 1863 479 et
1886 426 1966 479 vis
1993 426 2096 481 olei
2130 425 2261 481 infra
2290 427 2485 495 trahat,
2514 436 2701 485 natura
2733 446 2858 486 vero
2888 432 3022 505 ignis
3041 448 3254 491 sursum
3280 444 3391 494 teu-

1806 514 1918 582 dat,
1948 530 2011 572 ac
2042 519 2195 586 quasi
2227 519 2333 573 vim
2365 520 2619 588 patiatur,
2647 522 2844 577 clamat
2873 542 2886 579 :
2918 525 2962 579 si
3002 527 3217 596 quando
3245 530 3387 585 enim

1805 604 1941 675 ignis
1984 616 2204 677 cogatur
2231 622 2476 673 currere,
2502 619 2687 666 contra
2726 629 2928 668 morem
2978 630 3131 671 suum
3158 660 3172 684 ,
3201 633 3386 676 vocem

1803 697 2033 763 emittit,
2081 714 2143 752 ac
2182 699 2226 752 si
2255 700 2359 752 vim
2391 709 2693 770 pateretur,
2726 718 2788 758 ac
2832 704 2876 758 si
2905 716 3089 761 contra
3136 718 3381 765 naturam

1805 788 2068 844 tenderet.
2097 789 2150 845 Si
2183 791 2307 860 quid
2332 792 2470 845 enim
2501 792 2768 847 elemento
2795 806 2989 865 printer
3016 806 3261 856 naturam
3286 818 3382 857 ac-

1802 878 1971 944 cidat,
2020 880 2191 949 ipsum
2220 882 2435 936 clamat.
2480 876 2693 948 Quare?
2729 886 2915 940 Oleum
2954 903 3075 944 cum
3129 892 3382 962 injectum

1799 969 1957 1023 fuerit
1981 971 2033 1024 in
2066 972 2260 1041 ignem,
2287 985 2470 1027 vocem
2502 990 2606 1027 non
2634 977 2861 1039 emittit;
2891 993 3026 1046 aqua
3048 1021 3063 1047 ,
3106 981 3152 1035 si
3192 983 3384 1052 injecta

1800 1058 2003 1126 fuerit,
2029 1061 2239 1116 stridet.
2271 1064 2431 1133 Atqui
2472 1073 2525 1118 et
2572 1066 2673 1121 hoc
2699 1076 2753 1120 et
2804 1068 2929 1123 illud
2962 1081 3043 1125 est
3085 1072 3382 1130 humidum.

46 309 213 367 ιω

50 439 222 483 sam
255 471 273 495 ,
306 429 535 499 indeque
565 439 752 498 postea
796 443 990 483 aureos
1034 428 1281 493 cuderet;
1313 430 1390 483 sic
1441 428 1703 497 disposuit

53 513 245 574 lucis
276 529 546 574 ornatum.
584 520 1041 587 Quemadmodum
1090 522 1229 573 enim
1263 521 1547 592 abyssum,
1577 536 1696 590 qua:

52 616 240 665 tunc
267 626 372 665 una
398 619 512 665 erat
540 626 697 680 aqua,
725 611 904 665 divisit
932 613 984 665 in
1017 612 1203 675 maria,
1232 610 1468 677 flumina,
1503 611 1696 678 fontes,

56 699 295 768 lacus,
325 713 514 772 puteos
547 720 559 756 :
586 702 663 758 sic
691 711 745 757 et
771 703 973 764 lucem,
1005 718 1123 772 quae
1152 718 1251 755 una
1278 703 1537 772 uniusque
1577 717 1699 771 spe-

57 794 206 850 ciei
238 796 671 859 erat,dissecans
698 793 903 849 Artifex
928 794 1103 848 divisit
1136 795 1187 847 in
1216 795 1406 857 solem,
1441 794 1616 847 lunam
1645 803 1698 848 et

54 885 315 940 stellas.
349 884 516 939 Porro
544 884 673 939 libet
699 884 968 955 inquirere
994 925 1007 949 ,
1038 885 1305 954 quomodo
1343 884 1527 938 fecerit
1560 884 1697 938 Deus

58 974 393 1031 luminaria
423 995 437 1031 :
468 976 678 1031 videtur
699 976 840 1031 enim
871 992 932 1031 ea
953 987 1099 1031 extra
1128 976 1318 1031 eielum
1349 976 1652 1031 condidisse
1675 1016 1692 1043 ,

54 1079 160 1120 ac
190 1075 308 1120 tum
342 1068 584 1136 superius
612 1066 811 1123 ﬁxisse.
832 1067 1289 1135 Quemadmodum
1329 1067 1517 1121 artifex
1540 1108 1554 1131 ,
1573 1082 1695 1121 cum

60 1157 338 1225 perfecit
362 1160 675 1230 imaginem,
711 1166 836 1212 tunc
876 1159 927 1212 in
958 1159 1164 1228 pariete
1189 1157 1357 1229 inﬁgit
1400 1158 1584 1212 illam:
1618 1157 1696 1212 sic

66 1248 255 1305 Deus
286 1252 457 1321 primo
497 1251 621 1306 fecit
654 1251 835 1306 stellas
865 1260 1020 1306 extra
1063 1250 1253 1304 caelum
1278 1293 1293 1317 ,
1322 1259 1551 1320 tuncque
1579 1251 1692 1304 fixit

64 1357 198 1397 eas
248 1358 460 1398 sursum
486 1385 501 1409 ,
529 1346 667 1398 sicut
691 1344 878 1397 artifex
902 1385 918 1410 ,
950 1352 1009 1397 ut
1037 1343 1348 1397 testificatur
1374 1342 1645 1412 Scriptura
1676 1360 1690 1398 :

67 1432 169 1488 Et
196 1436 319 1506 fecit
348 1436 484 1492 llus
514 1438 615 1490 duo
644 1438 935 1501 luminaria,
964 1446 1010 1491 et
1042 1438 1206 1506 posuit
1229 1437 1319 1490 illa
1345 1438 1397 1489 in
1423 1437 1545 1491 cazlo
1569 1435 1693 1505 (Ge-

66 1544 215 1581 nes.
256 1530 309 1582 1.
366 1529 451 1583 it}.
500 1528 612 1600 17).
643 1530 920 1597 Quomodo
963 1538 1139 1584 autem
1194 1530 1282 1585 illa
1333 1531 1691 1586 infixit‘lnum

68 1618 268 1672 ambo
293 1618 447 1673 simul
475 1631 599 1674 ante
619 1631 891 1690 compacta
918 1621 1103 1676 erant?
1129 1621 1183 1676 ld
1211 1622 1401 1676 rationi
1424 1630 1506 1678 est
1531 1623 1691 1677 abso-

70 1723 260 1765 num.
307 1710 411 1765 Sed
453 1711 613 1781 quid?
657 1711 960 1768 Secundum
1000 1713 1093 1768 Dei
1119 1729 1304 1769 vocem
1348 1716 1459 1785 ipsa
1510 1716 1694 1771 infixio

75 1799 227 1853 fuit.
258 1800 463 1867 Posuit,
496 1803 702 1873 inquit,
737 1803 873 1859 Deus
900 1804 1172 1858 luminaria
1192 1847 1205 1869 ,
1236 1807 1486 1860 luminare
1528 1808 1692 1877 majus

75 1890 150 1942 in
205 1891 519 1960 principatus
548 1893 649 1945 diei
672 1934 685 1957 ,
710 1902 756 1946 et
800 1894 1053 1947 luminare
1078 1896 1242 1948 minus
1289 1895 1340 1948 in
1381 1897 1693 1966 principatus

81 1986 290 2039 noctis.
322 1984 451 2039 Cum
480 1987 558 2040 sol
600 1985 734 2040 fixus
761 1996 842 2042 est
872 1988 924 2040 in
969 1989 1175 2042 oriente
1195 2030 1209 2053 ,
1240 1989 1363 2042 luna
1394 1992 1499 2043 lixa
1529 1999 1610 2043 est
1636 1990 1688 2043 in

78 2077 387 2131 occidente
419 2096 431 2131 :
464 2080 712 2148 quoniam
737 2079 858 2134 huic
887 2081 1098 2150 quidem
1120 2081 1325 2151 jussum
1353 2082 1518 2136 fuerat
1548 2099 1691 2153 pne-

79 2184 225 2223 esse
264 2170 448 2234 nocti,
478 2170 553 2224 illi
582 2187 709 2225 vero
751 2172 877 2226 diei.
908 2173 1066 2227 Facta
1114 2175 1275 2243 igitur
1325 2183 1406 2229 cst
1451 2175 1573 2231 luna
1600 2217 1612 2241 ,
1637 2184 1691 2229 et

28 2288 41 2335 ἶ
80 2259 286 2328 primo
313 2260 401 2316 die
444 2262 599 2332 plena
625 2263 873 2334 gignitur.
919 2264 1034 2318 Non
1064 2266 1207 2319 enim
1240 2280 1336 2335 par
1364 2276 1479 2320 erat
1508 2268 1686 2321 statim

28 2334 43 2350 ’
82 2350 354 2405 mutilum
411 2367 545 2421 opus
597 2368 892 2423 apparere;
950 2356 1043 2409 sed
1088 2356 1365 2425 Oportebat
1430 2357 1689 2412 luminare

80 2442 316 2496 ostendi
363 2444 519 2512 quale
558 2442 754 2496 factum
780 2456 881 2499 est.
918 2446 1108 2500 Postea
1152 2462 1275 2501 vero
1303 2463 1367 2502 ex
1397 2448 1688 2503 mutatione

80 2533 339 2588 ostendit
371 2543 606 2603 tempora
634 2544 687 2590 et
731 2544 1073 2603 tempestates
1104 2548 1157 2593 ct
1183 2539 1385 2594 dierum
1422 2541 1687 2596 vicissitu-

80 2622 279 2679 dines.
315 2624 460 2679 lllam
496 2625 655 2696 igitur
676 2629 856 2684 condit
887 2629 1025 2684 Deus
1054 2631 1202 2701 quasi
1234 2632 1495 2687 decimam
1526 2633 1685 2703 quin-

86 2732 212 2798 tam
255 2722 488 2792 plenam.
530 2723 621 2780 Sol
662 2736 811 2781 ortus
855 2738 937 2782 cst
964 2744 1118 2784 mane
1151 2729 1399 2798 :quando
1428 2729 1568 2783 enim
1602 2730 1683 2782 in-

80 2794 204 2865 oh
231 2814 327 2868 fuit
351 2816 472 2869 luna
496 2816 546 2869 in
574 2819 843 2872 matutinis
865 2818 1028 2883 horis,
1050 2821 1293 2889 apparuit
1309 2821 1361 2874 in
1384 2821 1681 2880 occidente,

89 2904 198 2962 Ubi
230 2908 391 2977 igitur
416 2909 496 2964 sol
522 2925 734 2965 cursum
765 2926 918 2965 suum
963 2913 1027 2966 ad
1055 2914 1382 2969 occidentem
1430 2913 1683 2967 conﬁcie-

82 2998 211 3064 bat,
248 3001 372 3053 luna
400 3002 579 3056 statim
594 3003 662 3057 ad
692 3013 864 3058 ortum
894 3005 1175 3071 veniebat,
1202 3014 1258 3059 ut
1280 3006 1589 3076 impleretur
1614 3006 1679 3060 il-

83 3090 187 3149 lud
215 3108 228 3145 :
264 3091 597 3148 Dominentur
618 3096 719 3149 diei
745 3107 789 3150 et
816 3097 949 3149 nocti
977 3096 1214 3167 (Ibidem.
1245 3114 1288 3150 υ.
1326 3100 1438 3163 18).

170 3181 310 3237 Dcus
330 3200 421 3237 cur
443 3184 613 3238 lunam
627 3188 825 3254 plenam
844 3189 1004 3257 primo
1027 3190 1449 3260 feceril.—Aliud
1465 3190 1677 3246 domum

83 3276 392 3344 quarritur:
423 3294 519 3331 cur
560 3278 701 3333 Deus
743 3280 921 3335 lunam
968 3282 1178 3351 plenam
1225 3283 1389 3337 fecit?
1426 3286 1675 3339 Animum

82 3367 471 3423 adhibezalta
527 3372 669 3426 enim
721 3381 803 3427 est
854 3376 1137 3428 sententia.
1195 3374 1486 3445 Oportebat
1532 3379 1674 3432 illam

82 3470 284 3529 quarta
311 3461 398 3516 die
429 3462 652 3529 factam,
683 3475 922 3534 quartam
946 3468 1139 3522 lucere.
1170 3468 1239 3522 At
1266 3470 1311 3523 si
1336 3478 1519 3538 quarta
1545 3470 1675 3525 fuiso

82 3563 199 3621 set,
231 3570 495 3610 summum
527 3557 819 3613 occidentis
845 3574 948 3613 non
976 3570 1306 3630 occupasset.
1331 3562 1551 3617 Inventa
1579 3563 1678 3633 igi-

82 3656 179 3699 tur
215 3656 300 3701 est
322 3649 587 3704 excedens
616 3650 859 3705 undecim
903 3651 1016 3707 dies
1044 3669 1059 3705 :
1089 3662 1272 3722 quarta
1306 3654 1437 3709 facta
1477 3665 1589 3719 est,
1623 3669 1676 3710 ct

82 3738 387 3806 apparebat
431 3750 484 3793 ut
532 3742 918 3811 quintadecima
962 3744 1253 3799 :uudecim
1305 3761 1432 3815 ergo
1486 3746 1675 3802 diebus

81 3829 218 3883 luna
257 3830 427 3884 solem
452 3832 786 3900 prteccdebat
809 3874 823 3896 ,
855 3848 960 3887 non
986 3835 1276 3890 secundum
1305 3840 1629 3892 creationem
1657 3878 1671 3903 ,

81 3922 185 3975 sed
216 3922 510 3976 secundum
539 3922 670 3977 lucis
696 3924 1055 3992 Splendorem.
1096 3925 1452 3992 Quamobrem
1481 3929 1672 3997 quibus

80 4021 218 4066 tunc
246 4012 370 4067 luna
397 4016 687 4070 excedebat
706 4015 895 4070 diebus
918 4057 934 4081 ,
966 4032 1060 4071 eos
1088 4018 1186 4071 soli
1216 4019 1461 4072 restituit.
1510 4019 1672 4073 Lunae

79 4105 230 4158 enim
258 4121 325 4159 ac
350 4106 547 4161 mensis
567 4107 824 4177 cujusque
854 4123 1124 4175 numerus,
1146 4124 1175 4163 a
1196 4111 1377 4180 viginti
1404 4126 1593 4165 novem
1620 4119 1674 4165 et

79 4198 310 4251 dimidio
336 4198 542 4266 diebus,
574 4199 624 4252 in
647 4200 924 4255 duodecim
952 4203 1075 4256 anni
1107 4205 1398 4269 mensibus,
1430 4203 1546 4258 dies
1578 4203 1674 4257 ha-

81 4290 174 4343 bet
225 4299 495 4344 trecentos
521 4291 897 4361 quinquaginta
920 4300 1167 4363 quatuor.
1199 4293 1335 4347 Nam
1377 4295 1421 4347 si
1463 4296 1532 4348 ita
1560 4294 1670 4348 cal-

79 4380 265 4434 culum
315 4382 558 4450 posueris
576 4423 591 4445 ,
617 4390 673 4436 ut
698 4383 897 4437 mensis
921 4384 985 4437 sit
1016 4384 1221 4438 dierum
1250 4385 1432 4453 viginti
1476 4399 1667 4441 novem

79 4484 137 4527 et
206 4473 453 4540 dimidii,
493 4474 619 4529 anni
676 4475 792 4530 dies
842 4484 967 4531 sunt
1017 4476 1240 4532 trecenti
1286 4478 1667 4549 quinquaginta

78 4575 334 4635 quatuor,
370 4575 427 4619 ut
453 4580 587 4636 quos
630 4566 753 4621 luna
787 4576 912 4622 tunc
952 4570 1125 4638 rapuit
1165 4569 1346 4639 plures
1389 4570 1504 4626 dies
1527 4610 1543 4636 ,
1572 4586 1667 4641 per

76 4674 282 4713 annum
332 4658 432 4713 soli
477 4659 684 4715 reddat.
735 4660 996 4732 Supputet
1048 4664 1134 4733 qui
1181 4664 1296 4732 ejus
1349 4665 1482 4719 artis
1528 4665 1669 4735 peri-

79 4759 164 4804 IUS
189 4759 298 4804 est.

148 4844 207 4899 5.
240 4842 402 4897 Fiant
419 4845 692 4901 luminaria
714 4847 765 4901 in
777 4848 1093 4916 ﬁrmamento
1113 4850 1222 4904 cadi
1237 4890 1253 4916 ,
1276 4860 1328 4903 ut
1351 4851 1548 4905 luceant
1576 4868 1664 4905 su-

74 4953 164 5005 per
190 4946 378 4990 terram
408 4935 559 5005 (Gen.
587 4938 639 4992 1.
666 4940 753 4994 Η.
776 4939 891 5011 15).
909 4941 1165 5009 Quoniam
1186 4944 1319 5011 ignis
1340 4954 1523 4997 natura
1546 4958 1664 4998 sur-

72 5043 195 5082 sum
227 5028 512 5095 tendebat,
538 5029 748 5088 frenum
776 5043 980 5089 naturze
1010 5036 1148 5091 Deus
1170 5036 1457 5105 imposuit,
1493 5046 1549 5090 ut
1573 5052 1660 5091 ra-

72 5120 193 5174 dios
219 5136 330 5175 non
356 5138 568 5178 sursum
598 5126 865 5180 emitteret
888 5166 903 5191 ,
924 5125 1019 5181 sed
1044 5125 1316 5182 deorsum.
1351 5127 1489 5197 Ignis
1515 5129 1657 5182 enim

74 5231 182 5267 non
212 5214 353 5271 Solet
400 5214 648 5271 deorsum
704 5218 955 5285 tendere,
988 5218 1082 5273 sed
1109 5234 1343 5274 sursum.
1391 5221 1447 5276 Si
1488 5220 1658 5276 facem

70 5306 259 5373 habes,
285 5319 434 5362 verte
463 5308 746 5375 deorsum,
779 5322 831 5365 et
865 5311 1066 5366 videbis
1095 5312 1299 5367 etiamsi
1331 5314 1649 5370 instrumen-

70 5408 183 5451 tum
214 5396 343 5453 illud
375 5398 623 5455 deorsum
656 5412 856 5464 vertas,
884 5404 1056 5473 ignem
1086 5414 1262 5459 tamen
1291 5420 1499 5460 sursum
1535 5416 1650 5461 ten-

67 5492 217 5546 dere.
252 5492 385 5546 Cum
407 5494 569 5547 sciret
593 5508 719 5565 ergo
750 5510 866 5549 eam
899 5511 1017 5551 esse
1043 5496 1185 5551 illius
1216 5509 1479 5561 naturam,
1504 5500 1656 5554 cohi-

67 5585 183 5638 buit
212 5584 380 5647 illam,
404 5600 471 5638 ne
498 5586 793 5640 secundum
822 5597 1064 5642 naturam
1098 5589 1315 5657 luceret,
1343 5592 1435 5646 sed
1460 5606 1652 5648 secun-

70 5677 194 5731 dum
241 5687 589 5749 prmerptum.
623 5679 677 5734 Si
725 5682 844 5750 quis
872 5690 1098 5736 vestrum
1129 5684 1430 5739 observavit
1471 5686 1648 5740 oleum

72 5789 121 5826 tn
154 5773 394 5839 lucerna,
429 5788 529 5842 qua
567 5774 767 5830 scilicet
808 5776 1014 5830 ratione
1060 5778 1323 5833 cumoleo
1367 5779 1643 5845 avellatur,

1800 1149 1905 1206 Sed
1927 1151 2049 1219 quia
2080 1152 2254 1206 oleum
2297 1168 2367 1208 ex
2414 1154 2557 1224 ligno
2578 1159 2857 1225 opsonium
2903 1163 3158 1231 nascitur,
3191 1174 3244 1220 et
3266 1167 3383 1223 olea

1799 1246 1965 1299 nutrit
2015 1247 2187 1316 ipsum
2217 1290 2232 1315 ,
2276 1250 2517 1319 ignisque
2573 1266 2786 1321 semper
2838 1263 2920 1309 est
2956 1257 3099 1326 ligno
3141 1260 3381 1328 amicus,

1798 1337 2027 1394 libenter
2070 1343 2263 1412 accipit
2303 1344 2445 1413 quod
2493 1358 2559 1399 ex
2605 1346 2748 1399 affini
2803 1356 2990 1402 natura
3020 1359 3119 1404 est.
3160 1350 3253 1408 Sin
3285 1370 3383 1409 au-

1800 1437 1902 1483 tem
1935 1446 2069 1500 aqua
2110 1433 2161 1486 in
2212 1434 2386 1503 ignem
2424 1435 2760 1511 immittatur,
2802 1436 3029 1504 stridet,
3070 1441 3212 1511 quod
3260 1458 3383 1499 cum

1796 1523 2067 1575 contrario
2097 1533 2312 1594 pugnet.
2346 1524 2483 1593 Ignis
2509 1526 2618 1580 aeri
2660 1508 2864 1583 amicus
2880 1538 2988 1594 est;
3024 1508 3199 1588 afﬁnis
3238 1537 3380 1591 enim

1797 1622 1879 1666 est
1920 1612 1990 1666 ei.
2038 1613 2286 1669 lusul‘llas
2320 1616 2375 1669 in
2418 1616 2717 1683 lucernam,
2756 1628 2809 1673 et
2853 1634 2947 1674 aer
2992 1623 3165 1691 ignem
3200 1627 3251 1680 in
3299 1626 3382 1681 fu-

1798 1719 1944 1759 mum
1987 1708 2173 1773 vertit,
2207 1723 2269 1762 ac
2317 1724 2574 1778 nusquam
2622 1722 2893 1781 comparet
2926 1731 3085 1769 :nam
3116 1718 3259 1788 quod
3298 1722 3377 1774 alo

1799 1794 1903 1849 fine
1927 1806 2041 1851 erat
2066 1799 2342 1853 abscessit.
2359 1799 2492 1855 Vide
2518 1801 2750 1856 Artiﬁcis
2773 1806 3109 1874 sapientiam,
3136 1811 3256 1865 vide
3285 1826 3378 1881 p0<

1798 1896 2066 1943 testatem.
2096 1890 2277 1945 Posuit
2308 1892 2585 1947 luminaria
2618 1893 2669 1948 in
2700 1894 2850 1960 carlo,
2872 1906 2927 1950 ut
2956 1898 3193 1955 lucerent
3218 1918 3380 1974 super

1800 1990 2032 2034 terram:
2064 1981 2130 2035 Et
2179 1986 2307 2046 sint,
2351 1986 2555 2053 inquit,
2597 1986 2649 2039 in
2689 1988 2866 2057 signa,
2910 2000 2957 2043 et
2990 1992 3212 2060 indies,
3239 2004 3283 2050 et
3325 1999 3379 2051 in

1795 2089 1972 2127 annos.

1866 2165 2151 2233 Astrologia
2167 2182 2439 2235 vanuquw.
2468 2165 2749 2223 Discrimen
2788 2172 2915 2225 inter
2934 2183 3091 2242 χρόνος
3124 2185 3169 2229 et
3197 2188 3377 2248 καιρός.

1796 2252 1964 2309 Filius
2006 2273 2103 2309 non
2132 2260 2295 2327 [actus
2319 2268 2410 2312 est.
2428 2258 2643 2324 —Quid
2665 2270 2765 2326 est,
2793 2261 2859 2314 In
2886 2264 3181 2332 signa?Qui
3201 2277 3378 2323 astro-

1796 2348 1987 2417 logiam
2022 2364 2155 2404 vane
2190 2358 2454 2416 tractant,
2492 2365 2642 2420 spem
2689 2367 2838 2406 suam
2885 2366 3248 2424 evacuarunt,
3291 2374 3379 2414 res

1794 2441 2155 2510 significantes
2204 2458 2323 2511 qua:
2384 2457 2642 2512 nusquam
2685 2445 2962 2499 exsistunt.
3027 2446 3177 2513 Quod
3233 2450 3374 2505 enim

1793 2534 1961 2587 stella:
2002 2535 2129 2587 nihil
2176 2536 2476 2605 significent
2518 2537 2658 2590 circa
2694 2537 2855 2590 vitam
2909 2539 3183 2595 hominum
3218 2532 3377 2597 'testi-

1792 2626 1978 2679 licatur
2001 2625 2159 2679 Isaias
2190 2626 2403 2681 dicens:
2426 2626 2651 2698 Surgunt
2677 2630 2919 2698 astrologi
2948 2630 3087 2695 cadi,
3113 2645 3157 2684 et
3185 2634 3270 2702 qui
3298 2636 3374 2687 si-

1789 2734 1890 2787 gna
1916 2718 2104 2782 vident;
2124 2727 2170 2772 et
2195 2718 2363 2770 dicunt
2385 2718 2471 2770 tibi
2496 2719 2618 2787 quid
2638 2722 2865 2789 futurum
2889 2720 3123 2790 sit(13ai.
3148 2725 3233 2778 47.
3255 2725 3369 2794 15).

1790 2808 1866 2861 De
1916 2808 2017 2861 vita
2050 2822 2177 2877 ergo
2222 2808 2495 2862 hominum
2529 2808 2729 2886 nullum
2763 2810 2971 2879 signum
3019 2812 3107 2866 dat
3155 2815 3367 2870 etelum.

1788 2897 1880 2952 Vis
1918 2899 2033 2966 ejus
2071 2900 2219 2969 signa
2258 2898 2507 2954 discere?
2536 2900 2811 2969 Significat
2864 2902 3102 2970 pluvias,
3145 2917 3369 2975 ventos,

1789 2989 1994 3044 hiemes
2038 3005 2101 3044 ac
2124 3000 2504 3061 tempestates,
2542 2991 2884 3061 tranquillum
2925 3008 3126 3047 acrem.
3159 2995 3282 3050 llaec
3301 2998 3373 3051 si-

1784 3082 2039 3151 gnificant
2065 3082 2232 3136 stellze
2258 3124 2271 3148 ,
2306 3082 2462 3152 idque
2489 3098 2582 3152 per
2612 3085 2702 3137 Dei
2730 3084 3133 3154 benignitatem,
3164 3098 3218 3141 ut
3242 3105 3373 3143 nau-

1783 3174 1959 3228 clerus
1989 3175 2195 3243 signutn
2219 3174 2393 3228 videat
2413 3216 2426 3237 ,
2456 3184 2508 3228 et
2538 3174 2824 3242 periculum
2855 3176 3104 3245 effugiat;
3133 3188 3193 3232 ut
3220 3181 3365 3250 agri-

1782 3266 1897 3319 cola
1946 3265 2137 3319 hiemis
2179 3281 2391 3319 sensum
2440 3265 2663 3330 habeat,
2693 3274 2747 3320 ct
2780 3278 3120 3324 antevertens
3165 3279 3365 3326 terram

1783 3367 1962 3413 aratro
1990 3359 2177 3412 sulcet.
2208 3358 2303 3412 Est
2331 3368 2385 3412 et
2406 3359 2527 3413 belli
2559 3368 2611 3413 et
2641 3361 2784 3428 pacis
2811 3358 3043 3429 signum.
3073 3361 3198 3417 llaec
3243 3361 3368 3418 Ser-

1780 3460 1933 3505 vator
1958 3452 2239 3505 afﬁrmavit
2262 3491 2276 3516 ,
2307 3465 2426 3520 quae
2455 3450 2633 3519 utique
2679 3459 2804 3504 sunt
2828 3450 3090 3519 simplicia
3115 3493 3130 3517 ,
3160 3460 3214 3506 et
3260 3469 3360 3508 ex-

1781 3543 1989 3614 ploratu
2020 3542 2212 3596 facilia.
2258 3543 2343 3595 Ait
2385 3541 2581 3611 quippe
2619 3540 2816 3595 Judmis
2849 3557 2863 3595 :
2898 3560 2917 3594 ι
2957 3541 3290 3612 ﬂypocritae,
3320 3550 3365 3599 sl

1782 3635 2018 3689 videritis
2067 3635 2259 3688 nubem
2300 3635 2367 3687 ab
2412 3648 2603 3687 occasu
2632 3634 2931 3699 orientem,
2960 3634 3137 3691 dicitis
3162 3676 3176 3701 ,
3210 3635 3368 3693 Venit

1782 3735 2069 3795 tempestas
2099 3745 2117 3777 ι
2145 3724 2351 3797 (Matth.
2382 3725 2467 3779 16.
2485 3723 2644 3794 2-4);
2672 3743 2691 3775 ι
2712 3734 2766 3778 et
2786 3726 2856 3778 ita
2884 3724 2961 3779 ﬁt.
2985 3726 3112 3781 Etsi
3129 3726 3366 3783 videritis

1779 3833 2010 3890 vespere
2057 3818 2411 3873 rubicundum
2464 3817 2651 3872 czelum
2679 3857 2694 3883 ,
2724 3816 2901 3872 dicitis
2930 3834 2945 3871 :
2977 3818 3279 3887 Serenum;
3310 3830 3365 3877 et

1780 3915 1924 3969 venit
1950 3929 2222 3968 serenum.
2255 3913 2322 3966 Et
2352 3916 2395 3966 si
2428 3910 2669 3966 videritis
2697 3926 2822 3967 sero
2856 3912 3007 3966 triste
3036 3913 3244 3979 omium,
3272 3913 3362 3968 di-

1778 4005 1930 4071 citis,
1962 4006 2275 4075 Tempestas
2297 4005 2440 4059 venit
2474 4023 2492 4055 ›
2519 4002 2667 4074 (Luc.
2698 4003 2786 4056 12.
2818 4003 3026 4075 54-56).
3056 4003 3363 4076 Deindeque

1776 4096 2048 4166 subjungit
2078 4114 2090 4150 :
2118 4114 2136 4146 ι
2174 4094 2382 4149 Faciem
2413 4094 2529 4148 ext-li
2550 4103 2603 4148 et
2633 4101 2789 4148 terra:
2811 4092 3040 4163 probare
3065 4095 3214 4151 scitis
3243 4137 3258 4163 ,
3288 4097 3360 4150 il-

1775 4190 1865 4245 lud
1905 4198 2081 4243 autem
2122 4199 2329 4257 tempus
2377 4185 2629 4241 nescitis?
2664 4204 2682 4237 ι
2717 4185 2843 4241 Hazc
2881 4195 3007 4241 sunt
3047 4188 3195 4258 signa
3237 4204 3358 4259 qua:

1775 4284 1890 4338 sine
1912 4284 2148 4353 periculo
2176 4280 2545 4347 observantur,
2560 4288 2738 4344 testas,
2765 4279 2957 4347 hiems,
2980 4280 3182 4350 pluvia,
3207 4296 3355 4339 sere-

1773 4390 1876 4430 nus
1890 4391 2001 4430 aer.
2028 4374 2152 4430 lliec
2169 4390 2271 4428 non
2287 4383 2409 4428 sunt
2424 4388 2453 4425 a
2475 4372 2669 4442 pietate
2688 4371 2880 4435 aliena,
2896 4372 2987 4426 sed
3009 4372 3100 4428 Dei
3117 4375 3352 4445 propria.

1772 4469 1933 4525 Multa
1959 4469 2314 4541 potuissemus
2338 4468 2406 4523 de
2427 4465 2712 4536 astrologia
2729 4464 2928 4531 dicere;
2952 4466 3044 4521 sed
3067 4481 3201 4537 opus
3220 4466 3355 4524 fuis-

1773 4574 1854 4620 set
1883 4574 1937 4619 et
1983 4562 2314 4618 contentiore
2342 4575 2473 4615 voce
2498 4601 2513 4625 ,
2534 4568 2588 4614 et
2629 4573 2828 4629 organo
2876 4574 2979 4613 non
3030 4559 3352 4620 fatiscente:

1772 4676 1890 4713 nam
1919 4674 2038 4712 cum
2066 4670 2313 4710 sermone
2344 4668 2493 4708 mens
2528 4653 2638 4723 pari
2680 4668 2865 4722 gressu
2895 4655 3151 4722 procedit,
3180 4666 3233 4711 et
3262 4673 3350 4711 ra-

1770 4752 2039 4807 tiocinium
2069 4765 2170 4802 una
2192 4763 2311 4801 cum
2342 4747 2515 4815 lingua
2543 4743 2858 4798 inﬁrmatur.
2888 4742 2967 4797 Ad
2990 4759 3051 4798 ea
3075 4760 3203 4815 ergo
3230 4763 3349 4817 quae

1768 4853 1891 4898 sunt
1933 4842 2251 4910 simpliciora
2296 4836 2667 4907 procedamus.
2701 4834 2815 4889 Sint
2860 4838 2913 4888 in
2955 4837 3100 4905 signa
3135 4847 3184 4891 et
3225 4848 3349 4893 tem-

1767 4952 1912 5007 pora.
1956 4931 2112 4987 Aliud
2155 4932 2298 4985 enim
2338 4938 2421 4983 est
2446 4939 2604 4998 χρόνος
2644 4936 2885 4996 tempus,
2920 4936 2974 4981 et
2998 4927 3139 4982 aliud
3188 4939 3348 5003 καιρός

1766 5027 2154 5099 Opportunitas.
2180 5031 2356 5095 Χρόνος
2380 5019 2698 5075 diuturnitas
2722 5028 2804 5073 est
2825 5062 2841 5086 ,
2869 5029 2923 5074 et
2958 5028 3120 5093 καιρός
3145 5035 3345 5093 ορροιο-

1767 5122 1980 5175 tunitas.
2012 5118 2122 5173 Nec
2150 5126 2230 5171 est
2255 5116 2342 5186 qui
2372 5114 2532 5180 dicat,
2564 5122 2721 5183 χρόνος
2747 5122 2826 5166 est
2847 5111 3160 5180 vindemiie;
3189 5130 3346 5171 nemo

1764 5217 1912 5281 dicit,
1942 5223 2098 5286 χρόνος
2124 5221 2204 5266 est
2228 5210 2483 5280 virginem
2515 5206 2723 5261 locandi
2755 5204 2773 5260 :‘
2802 5205 2915 5270 sed,
2947 5214 3104 5276 καιρός
3133 5216 3216 5263 est
3234 5210 3344 5263 vir-

1764 5313 1938 5382 ginem
1967 5306 2175 5363 locandi
2201 5347 2214 5372 ,
2243 5314 2402 5374 καιρὸς
2430 5301 2683 5356 sementis
2711 5309 2764 5354 et
2812 5311 2972 5370 καιρὸς
3000 5300 3209 5354 messis.
3243 5300 3344 5356 Sa-

1765 5408 2047 5472 lomonque
2076 5402 2147 5453 ait
2182 5416 2195 5453 ;
2223 5400 2381 5468 καιρὰς
2415 5394 2675 5463 pariendi,
2705 5400 2751 5445 et
2782 5401 2941 5459 καιρὸς
2984 5390 3261 5455 moriendi,
3296 5400 3344 5444 et

1760 5506 1921 5566 καιρὸς
1970 5490 2257 5558 wdi/ieamli
2279 5531 2291 5553 ,
2327 5498 2370 5540 et
2414 5494 2571 5556 καιρὸς
2603 5482 2887 5536 destruendi
2917 5478 2936 5550 (
2955 5478 3126 5533 Eccle.
3154 5479 3209 5535 3.
3239 5479 3274 5532 2
3295 5479 3337 5551 ).

1766 5599 1942 5660 Καιρὸν
1967 5586 2093 5641 dicit
2129 5581 2599 5653 Opportunitatem.
2631 5575 2757 5630 llaec
2797 5588 2924 5628 vero
2970 5572 3137 5626 stellae
3172 5572 3340 5641 signi-

1761 5685 1955 5747 ﬁeant;
1987 5689 2108 5751 puta
2134 5719 2149 5745 ,
2172 5674 2437 5747 pleiadum
2477 5679 2651 5726 ortum
2690 5666 2894 5722 initium
2947 5680 3065 5721 esse
3105 5664 3333 5729 messis;

1762 5773 1971 5847 plciadu
1995 5790 2024 5824 n
2074 5780 2342 5835 occasum,
2372 5764 2576 5819 initium
2608 5758 2879 5817 sementis.
2906 5757 3026 5812 ll:rc
3054 5755 3120 5811 ab
3147 5754 3333 5826 impie.
