3704 6274
398 234 545 327 list

440 388 549 434 tate
571 377 742 437 aliena
763 421 777 444 ,
800 375 1090 451 pietatique
1117 381 1331 450 propria
1366 389 1513 437 sunt.
1541 378 1719 450 Kazpct
1746 382 1859 439 sive
1882 393 2020 440 tem-

434 485 564 541 pora
606 469 735 525 festa
773 485 983 541 quoque
1030 481 1311 526 vocantur.
1362 474 1454 529 Ait
1502 474 1641 531 Deus
1677 494 1693 531 :
1733 475 1857 531 Tria
1900 480 2025 533 anni

433 570 660 631 tempora
705 560 1015 614 celebrabitis
1058 562 1218 629 mihi,
1258 563 1441 632 festum
1467 566 1812 636 Azymorum,
1839 572 2021 639 festum

436 652 785 720 l'entecostes,
813 662 861 707 et
896 658 1078 725 festum
1102 653 1531 728 Scenopegiorum
1573 658 1747 731 (Deut.
1782 662 1869 716 16.
1906 661 2018 733 16).

429 742 553 800 Tria
583 753 841 816 tempora.
876 746 1013 802 Ecce
1040 747 1209 816 signa,
1238 757 1291 802 et
1313 757 1571 821 tempora.
1606 751 1730 806 Dies
1749 767 1936 808 rursus
1958 755 2012 809 in

427 834 649 889 sabbato
669 844 723 889 et
744 850 955 892 menses
985 835 1110 891 facil
1138 838 1281 893 luna.
1306 838 1399 894 Sol
1421 856 1681 896 annorum
1703 845 2016 900 conversio-

426 942 525 981 nes
545 927 811 993 observat,
838 943 1073 994 vernam,
1103 931 1528 1000 :equinoctialem
1549 935 1589 999 ί,
1618 936 1855 990 aestivam
1880 978 1898 1003 ,
1921 952 2015 992 au-

427 1019 738 1075 tumnalem.
766 1019 920 1075 Stant
950 1020 1093 1091 leges
1119 1021 1373 1077 immotae.
1408 1024 1590 1090 Dixit,
1621 1035 1676 1082 et
1720 1028 1821 1083 ﬁxa
1851 1040 2009 1099 sunt;

426 1110 733 1173 mandavit,
765 1118 820 1165 et
847 1110 1063 1166 fundata
1094 1122 1236 1167 sunt.
1280 1114 1377 1169 llic
1400 1110 1616 1172 demum
1654 1120 1890 1176 animum
1919 1122 2012 1177 ad-

426 1202 638 1258 vertite.
681 1202 809 1270 Quis
839 1203 1027 1258 horum
1070 1206 1303 1263 artifex?
1328 1212 1447 1280 quis
1479 1210 1594 1266 haec
1618 1212 1784 1268 fecit?
1813 1214 2010 1270 Pater?

423 1293 592 1350 Nemo
622 1294 905 1350 inﬁciatur.
936 1296 1140 1351 Filius?
1167 1299 1338 1354 Etiam
1358 1300 1594 1359 haeretici
1622 1304 1876 1372 fatentur,
1903 1308 2005 1363 etsi

423 1398 532 1439 non
577 1395 722 1442 recte
751 1386 968 1442 :dicunt
1008 1389 1149 1443 enim
1176 1430 1191 1455 ,
1222 1391 1379 1447 Pater
1420 1392 1613 1449 Filium
1653 1395 1778 1452 fecit
1800 1432 1817 1463 ,
1842 1399 2007 1454 Filius

423 1485 601 1532 autem
641 1478 840 1532 omnia.
864 1479 1228 1537 Admittamnc
1257 1482 1626 1552 impietatem?
1650 1487 1781 1555 Quia
1802 1490 2005 1545 insolu-

420 1565 548 1622 bilia
578 1568 784 1623 vincula
815 1568 1185 1626 haereticorum
1232 1583 1463 1629 mentem
1493 1580 1897 1649 constringunt,
1921 1582 2005 1637 in-

426 1666 760 1729 terrogemus
802 1656 1087 1730 prophetas
1117 1680 1131 1717 :
1161 1679 1285 1719 num
1337 1665 1417 1730 is,
1469 1668 1559 1737 qui
1610 1670 1788 1725 omnia
1840 1670 2000 1741 fecit,

416 1752 719 1821 quempiam
745 1752 939 1807 habeat
962 1754 1236 1823 majorem,
1255 1771 1322 1810 an
1351 1758 1598 1815 omnibus
1621 1760 1693 1816 sit
1718 1763 1999 1832 superior:

413 1857 509 1898 sua
530 1844 672 1899 enim
706 1844 803 1914 ipsi
832 1846 1192 1914 propositione
1217 1848 1438 1908 cadunt.

486 1935 543 1990 4.
576 1934 766 1991 Dicunt
790 1976 806 2002 ,
834 1936 1023 1992 Omnia
1064 1938 1193 1995 fecit
1216 1938 1383 1995 Filius
1402 1984 1417 2008 ,
1446 1942 1618 2013 ipsum
1647 1959 1777 2003 vero
1813 1947 1994 2006 Pater.

413 2022 679 2095 Propitius
704 2027 856 2082 nobis
890 2028 963 2083 sit
986 2042 1088 2099 pro
1106 2030 1434 2101 blasphemia
1466 2052 1480 2088 :
1510 2034 1665 2103 plane
1685 2034 1831 2092 enim
1856 2038 1990 2094 hor-

408 2134 502 2174 ror
543 2128 626 2175 est
662 2120 947 2191 impiorum
992 2125 1154 2180 verba
1200 2126 1437 2192 iterare;
1490 2138 1724 2186 attamen
1757 2132 1993 2188 medicos

408 2211 697 2279 imitemur,
718 2213 1062 2271 immittentes
1083 2218 1134 2271 in
1160 2219 1376 2273 vulnera
1402 2236 1610 2286 manus,
1632 2230 1687 2276 ut
1709 2224 1885 2279 ulcera
1908 2240 1997 2280 cu-

405 2313 867 2361 remus:coactus
893 2306 1050 2362 etiam
1099 2307 1506 2380 fuitApostolus
1546 2329 1631 2368 res
1654 2315 1990 2384 turpissimas

404 2406 825 2451 commemorare
848 2439 864 2463 ,
896 2412 1002 2453 non
1029 2408 1086 2454 ut
1124 2400 1353 2470 tinguant
1384 2402 1628 2470 foedaret,
1656 2404 1750 2460 sed
1782 2414 1839 2461 ut
1865 2420 1991 2476 pec-

402 2494 519 2539 cata
549 2485 807 2542 ablueret.
836 2489 1048 2556 Dicunt,
1077 2490 1267 2547 Omnia
1292 2491 1420 2549 fecit
1444 2493 1629 2562 Filius,
1663 2495 1837 2566 ipsum
1858 2513 1988 2555 vero

402 2575 578 2631 Pater.
610 2578 956 2650 lnterrogabo
985 2581 1271 2652 prOphetas
1290 2623 1306 2652 ,
1337 2585 1455 2656 quis
1480 2595 1533 2641 et
1574 2596 1807 2657 quantus
1843 2590 1913 2646 sit
1938 2590 1985 2647 is

398 2671 487 2739 qui
534 2671 723 2727 eadem
770 2672 916 2729 fecit.
946 2674 1035 2730 Ait
1080 2670 1242 2731 Isaias
1293 2678 1591 2749 propheta:
1628 2700 1650 2734 ι
1685 2681 1813 2738 llaec
1855 2683 1986 2740 dicit

398 2759 655 2816 Dominus
678 2803 693 2827 ,
742 2764 830 2833 qui
861 2764 984 2820 fecit
1021 2764 1210 2821 culum
1231 2808 1246 2831 ,
1272 2775 1331 2822 et
1373 2769 1486 2824 ﬁxit
1522 2769 1649 2826 illud
1696 2789 1711 2826 :
1739 2772 1828 2843 qui
1862 2772 1982 2829 fun-

392 2851 539 2923 davit
566 2862 779 2920 terram,
809 2864 864 2910 et
881 2869 1000 2925 qua:
1027 2857 1079 2911 in
1101 2847 1336 2914 illa'sunt
1367 2862 1492 2932 :qui
1522 2861 1614 2917 dat
1634 2864 1978 2933 spirationem

394 2943 589 3013 populo
617 2945 707 3015 qui
733 2946 784 3000 in
814 2946 902 3000 illa
935 2955 1017 3002 cst
1042 2988 1057 3015 ,
1090 2957 1143 3004 et
1181 2951 1423 3019 spiritum
1453 2953 1780 3011 calcantibus
1807 2971 1925 3012 eam
1960 2974 1975 3012 :

396 3035 506 3106 Ego
527 3037 779 3092 Dominus
813 3057 831 3090 ι
859 3037 1028 3113 (,Isai.
1060 3040 1148 3095 42.
1181 3041 1234 3097 5.
1265 3042 1344 3112 6).
1382 3061 1401 3095 t
1428 3045 1564 3100 Ante
1592 3061 1677 3101 me
1703 3047 1843 3103 Deus
1866 3064 1975 3104 non

389 3138 491 3194 est,
506 3138 559 3183 et
570 3140 690 3199 post
712 3147 797 3185 me
824 3130 962 3186 Deus
975 3147 1080 3186 non
1093 3141 1195 3187 est.
1217 3132 1330 3204 Ego
1343 3151 1482 3203 sum,
1500 3145 1675 3191 etnon
1696 3146 1779 3193 est
1790 3138 1926 3194 alius
1948 3157 1969 3191 ι

391 3221 545 3295 (Icai.
577 3224 665 3277 45.
695 3224 783 3279 10.
815 3225 924 3295 11).
976 3225 1100 3281 11ωο
1134 3224 1267 3281 dicit
1309 3227 1401 3297 qui
1426 3229 1764 3287 fecitcmlum
1782 3242 1967 3289 etter-

384 3329 499 3368 ram
530 3313 844 3385 Unigenitus
864 3356 879 3381 ,
900 3317 989 3387 qui
1015 3318 1308 3374 secundum
1340 3320 1622 3378 hmreticos
1646 3322 1818 3379 factus
1845 3333 1967 3392 est,

383 3413 440 3459 et
488 3416 669 3473 postea
716 3409 938 3464 creavit.
967 3408 1164 3465 Verum
1218 3412 1272 3467 in
1321 3413 1659 3470 sermonibus
1706 3416 1968 3473 labiorum

380 3512 599 3552 suorum
644 3498 1046 3570 Comprehensa:
1076 3512 1149 3556 est
1179 3514 1412 3573 peccator
1453 3504 1625 3577 (Psal.
1650 3506 1703 3562 9.
1738 3509 1849 3580 17).
1879 3511 1971 3566 Ait

380 3588 567 3645 beatus
593 3588 853 3648 Jeremias
884 3608 900 3648 :
929 3591 1020 3650 Sic
1049 3593 1216 3650 dicite.
1246 3592 1615 3664 Quibusnam?
1639 3597 1963 3670 Gentilibus;

377 3678 469 3734 Dii
516 3683 603 3752 qui
656 3684 837 3737 catum
882 3694 932 3740 et
985 3694 1170 3741 terram
1222 3704 1323 3742 non
1372 3694 1595 3760 fecerunt
1616 3731 1632 3757 ,
1680 3693 1967 3763 dispereant

375 3776 441 3829 de
466 3784 601 3831 terra
625 3777 760 3851 (Jer.
794 3779 881 3835 10.
915 3781 1031 3851 11).
1058 3780 1336 3849 Dominus,
1373 3784 1470 3851 Qui
1494 3786 1613 3856 fecit
1640 3788 1789 3843 creto:
1813 3789 1867 3842 in
1892 3790 1966 3843 in-

373 3870 576 3924 tellectu
613 3870 787 3941 (Psal.
837 3873 957 3929 155.
988 3872 1085 3945 5),
1112 3876 1227 3946 ipse
1263 3877 1403 3933 Deus
1428 3878 1578 3933 vivus
1615 3889 1670 3936 et
1695 3896 1871 3937 verus.
1903 3882 1960 3939 Si

371 3974 529 4016 verus
551 3971 636 4017 est
663 3962 803 4019 Deus
819 3964 910 4021 ille
929 3966 1021 4036 qui
1047 3965 1171 4022 fecit
1194 3968 1408 4036 cadum,
1430 3968 1529 4039 ipsi
1560 3986 1689 4026 vero
1719 3971 1957 4030 haeretici

368 4050 690 4109 conﬁtentur
709 4054 902 4111 Filium
918 4070 1039 4113 esse
1051 4072 1173 4113 eum
1189 4060 1278 4129 qui
1302 4058 1427 4115 fecit
1446 4062 1632 4117 czelum
1659 4074 1714 4119 et
1736 4074 1953 4134 terram,

366 4159 487 4213 quae
514 4160 689 4217 pugna
718 4162 841 4203 cum
866 4147 1272 4218 dicitChristus,
1304 4150 1371 4206 Ut
1397 4168 1700 4224 cognoscant
1728 4166 1774 4210 te
1792 4156 1957 4212 solum

367 4234 530 4289 Deum
549 4253 739 4304 verum,
757 4249 803 4293 et
825 4256 970 4309 quem
992 4243 1168 4297 misisti
1185 4241 1364 4298 Jesum
1385 4243 1641 4300 Christum
1658 4246 1836 4318 (Joan.
1863 4251 1951 4305 17.

365 4331 446 4404 '5).
477 4332 610 4387 Cum
636 4332 895 4389 Servator
921 4344 1014 4390 aut
1040 4350 1135 4405 per
1160 4337 1453 4406 prophetas
1473 4377 1489 4405 ,
1516 4350 1608 4395 aut
1630 4357 1724 4411 per
1750 4356 1809 4397 se
1837 4343 1952 4400 haec

363 4423 603 4487 dicebat,
633 4438 741 4479 non
764 4425 830 4479 ad
858 4427 1309 4495 comparationem
1333 4445 1453 4483 cum
1478 4430 1634 4487 Patre
1666 4432 1779 4488 haec
1806 4434 1952 4491 dice-

363 4514 485 4580 bat,
515 4512 583 4569 Ut
611 4524 915 4585 cognoscant
941 4527 988 4570 te
1012 4516 1177 4572 solum
1219 4517 1428 4585 Deum;
1457 4522 1550 4577 sed
1580 4523 1647 4578 ad
1694 4524 1949 4583 differen-

362 4604 489 4659 tiam
516 4620 725 4673 eorum,
755 4607 845 4677 qui
877 4607 1012 4664 falso
1032 4608 1105 4665 dii
1139 4610 1495 4683 appellantur,
1521 4614 1944 4685 significandam.

358 4696 721 4765 Quamobrem
750 4699 945 4756 Paulus
992 4715 1205 4774 quoque
1243 4703 1374 4758 dicit
1405 4720 1419 4757 :
1453 4703 1689 4762 Conversi
1730 4710 1849 4764 estis
1883 4711 1947 4765 ab

357 4794 529 4860 idolis,
554 4795 741 4849 servire
766 4794 877 4850 Deo
902 4797 1011 4851 vivo
1034 4806 1082 4850 et
1106 4813 1223 4853 vero
1252 4797 1330 4869 (l.
1361 4797 1536 4854 Thess.
1564 4801 1616 4854 1.
1646 4799 1725 4870 9).
1744 4801 1945 4861 Verum

355 4894 530 4949 vocat,
558 4894 619 4939 ut
642 4884 805 4941 falsos
825 4886 1067 4943 confutet
1087 4904 1102 4954 ;
1121 4888 1322 4957 vivum,
1346 4900 1403 4945 ut
1434 4902 1642 4948 mortua
1668 4894 1807 4949 idola
1838 4906 1944 4950 tra-

355 4975 535 5028 ducat.
570 4976 681 5046 Ego
704 4992 832 5032 vero
857 4986 1006 5048 puto,
1038 4979 1144 5035 imo
1165 4983 1345 5053 potius
1371 4985 1556 5051 credo,
1587 4997 1824 5043 mortuos
1849 4989 1943 5043 ad-

356 5082 569 5120 versum
622 5082 720 5122 nos
746 5068 938 5135 irasci,
981 5070 1027 5124 si
1073 5072 1293 5126 audiant
1344 5089 1442 5129 nos
1485 5076 1624 5130 idola
1669 5079 1940 5149 appellare

354 5166 587 5212 mortua.
622 5158 867 5228 Injuriam
888 5202 907 5229 ,
931 5162 1099 5225 aiunt,
1131 5160 1374 5235 irrogatis
1400 5176 1582 5222 nostro
1607 5169 1803 5223 ordini.
1830 5168 1940 5226 Nos

354 5251 552 5307 mortui
592 5266 878 5321 vocamur,
908 5254 997 5323 qui
1036 5253 1322 5325 aliquando
1371 5258 1637 5314 viximus:
1670 5261 1757 5331 qui
1792 5277 1938 5316 num-

349 5356 514 5413 quam
554 5342 766 5408 vixere,
810 5358 907 5399 cur
950 5346 1146 5400 mortui
1188 5346 1566 5417 appellantur?
1597 5349 1682 5404 Dii
1721 5352 1809 5421 qui
1832 5368 1935 5407 cae-

350 5436 457 5489 lum
480 5445 529 5491 et
556 5445 744 5491 terram
770 5454 872 5492 non
910 5441 1134 5509 fecerunt
1155 5480 1171 5505 ,
1202 5441 1488 5511 dispeream
1542 5442 1675 5515 (Jer.
1705 5445 1789 5503 10.
1817 5447 1932 5518 11).

410 5599 431 5633 ι
463 5601 537 5652 Sic
555 5598 734 5662 Vatia,
756 5598 894 5651 Savil.
918 5607 985 5662 et
1015 5612 1188 5651 omnes
1219 5607 1323 5652 Mss.
1358 5600 1673 5654 Combeﬂsius
1707 5616 1829 5656 vero
1866 5618 1932 5658 ex

345 5662 655 5729 conjectura,
669 5661 1074 5729 aequinoctialem,
1094 5663 1165 5722 in,
1191 5664 1473 5729 hybcmam,
1497 5669 1729 5719 mutavit:
1752 5682 1847 5721 nec
1866 5670 1931 5721 de

347 5727 473 5773 tacta
493 5726 758 5776 mutatione
782 5726 1016 5777 lectorem
1039 5726 1240 5777 monuitl

1858 254 2225 323 SEVERIANI
3577 294 3646 352 4.33

2129 386 2407 483 Dominus,
2437 390 2538 457 Qui
2560 394 2677 466 fecit
2702 394 2852 451 clrior
2876 397 2932 453 in
2949 398 3203 456 intellectu
3229 399 3449 476 (Psalm.
3472 407 3571 464 l35.
3592 414 3643 483 5),

2127 475 2242 547 ipse
2285 480 2434 535 vivus
2474 480 2615 538 Deus
2644 494 2700 541 et
2726 502 2906 542 verus.
2939 490 3068 558 Quis
3093 498 3176 546 est
3204 475 3393 548 vivus?
3434 494 3523 563 Qui
3557 475 3645 558 fecit

2123 568 2332 625 caelum.
2363 568 2499 628 Num
2525 583 2669 631 stant
2700 575 3075 637 hmreticorum
3118 582 3496 641 deﬁnitiones?
3519 604 3643 652 annon

2120 660 2263 715 Cadit
2286 674 2473 719 eorum
2501 665 2783 736 impietas?
2812 686 2989 727 annon
3033 675 3374 747 redarguitu’r
3397 693 3563 738 comm
3587 702 3640 742 re-

2122 749 2281 822 ligio?
2330 770 2505 810 aunon
2552 758 2865 816 dissolvitur
2910 765 3507 833 pravitas?Conditoris
3530 790 3641 847 opera

2119 846 2575 916 comprehendere
2605 868 2711 907 non
2742 863 2895 925 potes
2918 897 2932 923 ,
2965 865 3022 911 et
3047 857 3320 916 Artiﬁcem
3368 863 3560 921 curiose
3593 872 3642 925 in.

2118 939 2285 1007 quiris
2312 948 2366 994 et
2390 940 2674 1011 exploras?
2696 944 2833 1014 Quid
2862 947 3057 1003 clamat
3081 944 3287 1006 David?
3319 954 3483 1022 Quam
3510 965 3642 1027 magni-

2116 1029 2269 1099 βίαια
2291 1043 2409 1087 sunt
2438 1052 2592 1105 opera
2621 1046 2709 1091 tua
2732 1078 2748 1103 ,
2775 1038 3024 1095 Domine!
3055 1040 3239 1098 Omnia
3268 1045 3320 1100 in
3343 1049 3574 1118 sapientia
3592 1060 3639 1125 [e-

2116 1121 2227 1215 ciin
2258 1122 2485 1189 (Psalm.
2515 1124 2638 1183 103.
2665 1127 2778 1197 24).
2814 1126 3094 1202 Propheta:
3123 1151 3288 1205 opera
3319 1121 3638 1215 magniﬁcant,

2115 1209 2349 1269 haeretici
2394 1216 2649 1287 Opiﬁcem
2687 1220 2956 1277 minuunt.
3003 1222 3221 1296 Magnus
3266 1230 3355 1286 ille
3400 1209 3639 1296 oonsilioet

2115 1316 2301 1375 potens
2325 1310 2574 1377 operibus
2594 1354 2607 1374 .
2630 1312 2719 1383 qui
2741 1317 2928 1371 czelum
2958 1314 3204 1376 formavit
3228 1332 3281 1378 et
3303 1325 3420 1379 ﬁxit
3442 1340 3500 1382 et
3519 1329 3639 1398 aquis;

2102 1391 2218 1451 non
2249 1400 2389 1453 enim
2428 1416 2458 1455 a
2499 1404 2755 1460 miraculo
2784 1400 3035 1464 abscedo.
3072 1410 3147 1466 Ex
3173 1413 3330 1484 aquis
3384 1432 3639 1476 concretum

2110 1500 2227 1557 est,
2256 1504 2310 1549 ct
2347 1509 2537 1566 aquam
2577 1509 2750 1569 gestat
2780 1518 2794 1555 :
2839 1516 2905 1556 ex
2949 1503 3101 1574 aquis
3131 1516 3443 1563 concretum
3486 1523 3576 1577 est,
3606 1526 3638 1569 et

2109 1586 2361 1657 abyssum
2386 1598 2562 1659 gestat
2591 1609 2605 1658 ;
2638 1590 2856 1650 omnino
2883 1606 3059 1651 autem
3086 1598 3331 1669 exemplo
3360 1598 3546 1665 lueret.
3573 1622 3637 1657 tto-

2110 1692 2230 1732 vum
2253 1720 2268 1745 ,
2296 1679 2511 1751 inquam
2538 1723 2554 1749 ,
2587 1682 2690 1739 hoc
2732 1685 3069 1743 miraculum.
3114 1687 3360 1745 Vidistin'
3397 1692 3578 1748 tabulas
3594 1696 3635 1749 ab

2105 1784 2243 1839 aqua
2276 1780 2539 1841 gestatas,
2587 1784 2642 1830 et
2668 1774 2898 1847 desuper
2930 1780 3106 1836 nivem
3144 1780 3403 1851 gestare?
3432 1780 3585 1840 Hiems
3605 1788 3635 1841 id

2105 1857 2252 1941 fecit,
2284 1871 2338 1918 et
2365 1862 2504 1920 Deus
2526 1881 2632 1921 non
2662 1862 2850 1925 faciet?
2876 1862 3025 1928 Fecit
3052 1872 3265 1941 caelum,
3298 1891 3411 1931 non
3440 1886 3493 1932 ut
3512 1878 3635 1947 spha-

2102 1965 2217 2011 ram
2267 1955 2345 2028 (ιι)
2367 1999 2382 2024 ,
2429 1968 2488 2013 ut
2528 1960 2973 2034 philosophantur
2996 1982 3226 2038 nugaces
3256 1966 3358 2024 illi.
3393 1969 3501 2025 Non
3536 1973 3633 2027 enim

2101 2048 2365 2120 Sphaaram
2395 2050 2518 2108 fecit
2547 2070 2665 2124 quae
2692 2056 2953 2113 volvatur.
2978 2057 3199 2127 Verum,
3230 2073 3289 2117 ut
3314 2063 3632 2134 aitproplieta,

2100 2144 2181 2199 sol
2204 2146 2472 2215 quomodo
2499 2148 2710 2204 currit?
2735 2151 2835 2217 Qui
2853 2155 3029 2207 statuit
3052 2155 3231 2209 etclam
3256 2156 3392 2209 sicut
3420 2158 3632 2228 fornicem,

2096 2248 2146 2294 et
2187 2243 2408 2297 extendit
2460 2245 2592 2299 illud
2628 2248 2761 2302 velut
2804 2251 3182 2307 tabernaculum
3226 2255 3246 2324 (
3268 2254 3405 2310 Isai.
3436 2258 3517 2313 10.
3538 2258 3629 2319 2:2).

2095 2331 2264 2387 Nemo
2292 2344 2531 2391 nostrum
2564 2339 2634 2392 ita
2660 2338 2855 2411 impius
2873 2352 2958 2398 est
2984 2353 3043 2399 ut
3069 2347 3363 2417 nugacibus
3397 2349 3497 2404 illis
3520 2350 3631 2405 ﬁdem

2097 2426 2311 2484 habeat.
2344 2430 2627 2501 Propheta:
2647 2433 2831 2490 dicunt
2857 2437 3045 2493 caelum
3076 2438 3284 2495 initium
3314 2451 3376 2497 et
3404 2442 3547 2497 ﬁnem
3568 2443 3632 2495 ln-

2093 2518 2242 2576 bere.
2264 2521 2390 2577 ideo
2415 2524 2494 2579 sol
2527 2540 2630 2581 non
2654 2527 2917 2595 ascendit,
2947 2529 3041 2585 sed
3072 2534 3337 2601 procedit.
3371 2532 3632 2590 Dicit

2093 2625 2247 2687 ptura
2279 2636 2293 2672 :
2326 2618 2422 2674 Sol
2446 2637 2673 2693 egressus
2699 2635 2773 2678 est
2802 2641 2955 2696 super
2982 2636 3168 2682 terram
3185 2670 3202 2697 ,
3228 2640 3275 2685 et
3296 2629 3402 2685 Lat
3426 2633 3631 2703 ingressu

2090 2716 2162 2764 est
2188 2710 2239 2762 in
2266 2708 2430 2783 Segor
2455 2712 2620 2784 (Gen.
2656 2715 2743 2772 19.
2771 2716 2900 2790 25).
2948 2718 3133 2776 Palam
3164 2736 3292 2794 ergo
3322 2733 3414 2780 est
3438 2741 3501 2781 ex
3525 2726 3631 2781 Scri-

2088 2808 2243 2870 ptura
2273 2803 2442 2859 solem
2473 2821 2747 2877 egressum
2777 2824 2917 2878 esse,
2950 2827 3057 2869 non
3085 2813 3402 2875 ascendisse
3428 2835 3443 2872 :
3472 2834 3530 2876 ac
3548 2834 3631 2875 ntr-

2086 2910 2228 2962 sum,
2257 2898 2298 2951 Α
2324 2915 2521 2956 summo
2544 2902 2668 2957 caelo
2687 2907 2907 2975 egressio
2926 2907 3036 2977 eius
3065 2908 3235 2980 (Psal.
3264 2911 3358 2969 18.
3383 2914 3461 2985 7),
3483 2913 3629 2986 inquit,

2084 3004 2192 3045 non
2237 3005 2513 3048 ascensus.
2557 2994 2613 3051 Si
2638 2996 2846 3067 sphaera
2886 3008 3000 3068 est,
3039 3017 3306 3060 summum
3357 3022 3465 3062 non
3491 3007 3626 3063 habet

2082 3082 2237 3150 Quod
2267 3087 2412 3141 enim
2442 3088 2679 3159 undique
2706 3092 2991 3149 rotundum
3023 3105 3127 3163 est,
3156 3096 3374 3153 ubinam
3403 3114 3628 3155 summum

2080 3175 2282 3232 habet?
2312 3178 2446 3233 Num
2475 3195 2604 3252 ergo
2624 3183 2770 3239 solus
2797 3185 2962 3241 David
2990 3186 3151 3254 dicit,
3179 3205 3245 3245 an
3271 3193 3440 3246 etiam
3474 3193 3627 3249 Sem-

2079 3271 2202 3326 tor?
2230 3272 2367 3327 Audi
2390 3274 2561 3344 ipsum
2588 3276 2851 3333 dicentem
2877 3295 2891 3333 ε
2924 3298 2943 3331 ι
2973 3280 3107 3336 Cum
3140 3284 3348 3340 venerit
3375 3286 3533 3340 Filius
3558 3287 3629 3340 hoc

2077 3364 2237 3420 minis
2261 3366 2313 3420 in
2335 3367 2614 3438 majestate
2641 3384 2759 3437 sua,
2792 3373 2965 3428 mittet
2987 3375 3206 3446 angelos
3234 3392 3368 3432 suos
3392 3393 3510 3433 cum
3536 3381 3625 3433 tuba

2074 3468 2129 3512 et
2155 3473 2286 3514 voce
2309 3474 2496 3531 magna
2517 3503 2532 3528 ,
2569 3474 2624 3517 et
2647 3466 3043 3536 congregabunt
3067 3469 3266 3525 electos
3291 3470 3416 3541 ejus
3448 3488 3479 3527 a
3513 3488 3626 3526 suin-

2072 3565 2160 3606 mo
2189 3554 2322 3608 caelo
2352 3568 2518 3624 usque
2543 3555 2608 3610 ad
2634 3570 2900 3612 summum
2929 3559 3118 3615 caelum
3143 3560 3396 3632 i(ilattk.
3427 3563 3513 3619 24.
3540 3566 3623 3633 51).

2144 3647 2198 3704 5.
2231 3646 2420 3702 Futilic
2441 3646 2701 3704 Seueriani
2724 3653 3021 3721 sphtericam
3038 3654 3173 3709 orbis
3192 3659 3419 3725 formam
3438 3660 3626 3730 negantis

2069 3738 2262 3808 opinio.
2314 3770 2384 3780 —
2420 3740 2718 3809 Quaerimus
2762 3753 2939 3800 autem
3006 3746 3094 3801 ubi
3160 3749 3240 3803 sol
3284 3751 3533 3817 occidat,
3587 3763 3624 3806 et

2068 3832 2154 3887 ubi
2183 3843 2343 3889 noctu
2369 3844 2568 3891 currat.
2612 3835 2917 3893 Secundum
2963 3848 3180 3896 exteros
3218 3842 3323 3899 sub
3375 3852 3625 3911 terra;se-

2065 3925 2296 3980 cundum
2349 3942 2447 3982 nos
2489 3936 2707 3994 autem,
2734 3930 2825 4000 qui
2871 3931 3060 3987 caelum
3106 3932 3624 3992 tabernaculumeste

2062 4019 2287 4074 dicimus
2306 4062 2323 4087 ,
2349 4022 2643 4092 quidnam?
2679 4027 2932 4082 Animum
2951 4028 3167 4097 adhibe,
3197 4046 3409 4101 quaso,
3439 4047 3554 4088 nunt
3573 4035 3623 4087 sit

2063 4110 2191 4166 falsa
2235 4114 2543 4169 sententia:
2574 4116 2668 4171 sed
2694 4118 2739 4173 si
2790 4117 2988 4175 habeas
3031 4122 3370 4192 signaculum
3413 4126 3621 4180 veritatis

2062 4202 2367 4259 testimonio
2414 4204 2683 4263 ﬁrmatum
2707 4249 2724 4275 ,
2773 4213 3049 4268 concurrit
3087 4228 3209 4269 cum
3255 4214 3449 4285 phrasi
3488 4217 3620 4273 etio-

2058 4308 2173 4350 cus.
2219 4296 2403 4368 Cogita
2444 4303 2832 4371 superpositam
2886 4304 3147 4363 fornicem
3192 4308 3287 4379 (ὁ).
3338 4308 3529 4367 Oriens
3553 4310 3622 4365 hic

2056 4397 2172 4457 est,
2203 4399 2261 4446 ut
2290 4392 2455 4463 ﬁgura
2485 4395 2837 4465 exprimitur:
2886 4400 3181 4470 septentrio
3207 4417 3342 4459 vero
3399 4403 3507 4459 illic
3526 4445 3541 4470 ,
3565 4418 3620 4459 ex

2058 4484 2307 4552 opposito
2334 4486 2586 4543 meridies
2608 4527 2623 4551 ,
2657 4488 2767 4545 illic
2807 4490 3083 4547 occidens.
3113 4490 3207 4549 Sol
3233 4494 3427 4551 oriens
3445 4511 3559 4551 eum
3580 4496 3621 4549 in

2051 4590 2301 4632 occasum
2330 4580 2533 4650 vergit,
2558 4595 2663 4636 non
2704 4581 2804 4636 sub
2834 4590 2977 4638 terra
3004 4584 3199 4665 occidit
3217 4625 3232 4652 ,
3269 4586 3374 4642 sed
3395 4602 3619 4659 egressus

2050 4670 2119 4725 ad
2144 4671 2260 4726 caeli
2284 4670 2417 4728 ﬁnes
2441 4715 2455 4737 ,
2486 4682 2668 4744 partes
2684 4674 2928 4731 boreales
2971 4679 3237 4747 percurrit
3256 4720 3270 4743 ,
3302 4684 3465 4751 quasi
3493 4696 3622 4735 mare

2049 4764 2280 4835 quodam
2309 4768 2623 4834 occultatus,
2654 4769 2805 4839 aquis
2831 4785 2937 4825 non
2964 4770 3266 4828 sinentibus
3289 4784 3353 4828 ut
3381 4775 3499 4844 ejus
3514 4791 3619 4830 car‘

2049 4873 2143 4914 sus
2190 4871 2482 4930 appareat,
2512 4864 2788 4933 curritque
2829 4878 2929 4933 per
2956 4870 3136 4935 partes
3176 4866 3467 4935 boreales,
3494 4878 3543 4924 et
3566 4868 3616 4921 ad

2047 4957 2309 5012 orientem
2334 4957 2497 5011 venit.
2540 4956 2816 5012 Undenam
2843 4958 2946 5014 hoc
2972 4960 3145 5029 palam
3171 4960 3300 5016 est?
3327 4964 3429 5017 Ait
3456 4963 3615 5019 battis

2046 5050 2303 5107 Salomon
2342 5050 2393 5105 in
2420 5051 2776 5114 Ecclesiaste.
2811 5066 2933 5122 quae
2966 5061 3050 5109 est
3078 5053 3349 5125 scriptura
3380 5068 3541 5113 certa:
3566 5056 3615 5109 ti-

2044 5144 2129 5199 dei
2152 5186 2168 5211 ,
2227 5156 2334 5198 noti
2381 5143 2675 5199 adulterata
2707 5162 2722 5198 ε
2753 5145 2932 5201 Oritur
2955 5186 2972 5213 ,
3003 5147 3173 5219 inquit
3195 5188 3213 5216 ,
3236 5151 3318 5204 sol
3339 5192 3360 5218 ,
3388 5163 3438 5206 α
3463 5152 3614 5205 occidit

2043 5238 2138 5291 tot.
2182 5233 2363 5290 Oriens
2408 5238 2572 5309 pergit
2609 5239 2679 5292 ad
2704 5250 2965 5305 austrum,
2997 5250 3045 5295 et
3068 5241 3251 5296 circuit
3279 5245 3356 5297 ad
3400 5245 3610 5299 boream:

2041 5328 2219 5382 circuit
2243 5329 2602 5385 circumeundo
2621 5373 2636 5397 ,
2665 5332 2785 5386 etin
2813 5332 2928 5387 loco
2947 5348 3042 5388 suo
3077 5333 3596 5407 oritar(Ecdc.i.5)

2103 5483 2178 5608 ξω)
2210 5483 2335 5534 Vide
2356 5483 2578 5558 {locutam
2600 5485 2878 5550 ὥς]μὶοω
2901 5502 2949 5551 p.
2972 5488 3081 5539 31").
3194 5555 3204 5564 .
3576 5558 3583 5567 .

2103 5545 2871 5630 ._”._.Pf’_£’i’1‘}l°9£ﬂ‘.‘9£“"}9§{"
2891 5559 3289 5630 remeare
3326 5556 3556 5630 “tandem
3575 5568 3609 5630 '3.

2036 5606 2232 5677 {omittis
2253 5606 2441 5677 morem
2463 5606 2699 5677 structum
2736 5614 2848 5662 vide
2883 5626 2996 5677 qua
3029 5614 3242 5667 diximus
3274 5619 3329 5666 in
3370 5621 3541 5667 ιιωὶω
3565 5618 3611 5667 ad

2036 5668 2391 5744 {inmanem
2417 5672 2522 5722 bzec
2544 5671 2766 5744 pluribus
2786 5668 3047 5744 agitantur
3068 5676 3292 5744 aggsma
3329 5678 3555 5744 «Egyon
3573 5695 3609 5727 LI

2036 5732 2367 5796 Topographia
2390 5746 2494 5795 sua,
2519 5732 2663 5799 quam
2688 5732 2926 5787 edidimus
2948 5748 3072 5788 armo
3096 5739 3233 5790 1706.
