3704 6274
27 312 135 367 853

25 426 355 482 Currentem
396 420 463 477 ad
506 417 824 484 meridiem,
853 422 910 470 ut
937 414 1156 470 boream
1199 411 1620 468 circumeuntem

24 518 134 588 jam
167 517 324 572 disce
352 516 405 569 in
436 513 630 568 hiemis
676 516 992 579 tempestate
1022 523 1034 559 :
1064 506 1186 577 quia
1229 519 1337 558 non
1377 518 1408 557 a
1447 501 1626 556 medio

27 613 248 667 oriente
283 611 490 673 oritur,
521 606 613 662 sed
638 607 779 662 circa
825 603 993 657 austri
1023 603 1160 656 latus
1190 599 1403 668 oblique
1432 597 1622 668 pergit,

27 705 397 774 exiguumque
428 699 765 756 intervallum
796 709 1006 757 secans,
1042 693 1258 748 brevem
1287 690 1429 746 diem
1460 688 1623 753 facit;

25 812 152 850 cum
181 793 385 851 occidit
411 801 588 848 autem
617 799 672 846 et
697 803 884 844 rursus
909 785 1168 842 circulum
1199 781 1437 838 decurrit
1463 821 1479 848 ,
1507 781 1627 836 lon-

27 902 152 955 gani
183 895 400 940 noctem
432 883 576 939 facit.
603 881 850 946 Scimus,
894 877 1089 932 fratres
1109 915 1125 941 ,
1154 874 1325 930 solem
1376 888 1482 926 non
1505 887 1626 925 oni-

23 981 162 1032 nino
191 976 263 1032 ab
292 977 480 1032 eodem
510 982 709 1046 puncto
735 969 1005 1043 progredi.
1038 967 1316 1038 Quomodo
1353 981 1481 1036 ergo
1503 967 1627 1020 bre-

27 1086 123 1123 ves
157 1071 300 1125 ﬁunt
325 1068 483 1124 dies?
509 1065 730 1122 Accedit
749 1067 868 1134 ejus
890 1072 1044 1117 ortus
1067 1060 1135 1116 ad
1169 1061 1305 1115 latus
1335 1057 1576 1114 meridiei
1609 1073 1625 1111 :

26 1159 231 1216 deinde
253 1174 362 1214 non
391 1159 552 1213 altam
580 1167 770 1212 tenens
793 1197 809 1222 ,
836 1154 930 1209 sed
959 1152 1232 1223 obliquam
1263 1150 1409 1205 brevi
1438 1161 1630 1203 secans

26 1252 172 1305 viam
190 1292 206 1316 ,
235 1251 428 1306 breves
449 1248 613 1305 efticit
637 1256 841 1302 noctes.
868 1245 1132 1300 Occidens
1152 1251 1326 1297 autem
1351 1242 1401 1296 in
1419 1254 1630 1295 summo

26 1341 355 1407 occidentis,
382 1339 686 1394 necessario
717 1337 904 1392 circuit
932 1351 1026 1405 per
1050 1344 1261 1390 noctem
1292 1339 1462 1387 totum
1488 1329 1630 1385 occi-

27 1432 254 1487 dentem
287 1441 341 1487 et
366 1441 534 1485 totum
559 1429 808 1492 boream,
834 1437 1107 1498 totumque
1136 1426 1397 1481 orientem
1419 1465 1436 1492 ,
1467 1433 1630 1494 atque

30 1526 96 1578 ad
123 1524 377 1580 meridiei
399 1537 666 1578 summum
707 1521 893 1585 venit;
921 1534 986 1574 ac
1027 1533 1250 1574 necesse
1275 1527 1356 1572 est
1382 1531 1629 1586 magnam

24 1631 151 1672 esse
178 1626 417 1672 noctem.
448 1613 674 1682 Quando
712 1621 890 1667 autem
935 1612 1195 1682 aequalem
1244 1600 1630 1680 longitudinem

27 1721 80 1764 et
111 1707 386 1778 mqualem
431 1721 646 1761 cursum
688 1703 881 1770 habet,
913 1713 1039 1759 tunc
1065 1703 1445 1774 aequinoctium
1478 1701 1624 1755 facit.

29 1800 246 1854 Rursus
267 1799 334 1854 ad
352 1799 568 1854 boream
591 1797 866 1852 declinans
886 1796 1029 1852 velut
1048 1796 1220 1851 hieme
1240 1795 1307 1850 ad
1330 1793 1629 1861 meridiem,

29 1902 79 1945 ct
96 1891 168 1945 ad
191 1891 374 1946 boreae
390 1905 598 1946 summa
620 1889 914 1945 ascendens
929 1888 1212 1954 exaltatur,
1241 1898 1296 1942 et
1315 1887 1529 1958 longum
1546 1886 1630 1943 ef-

30 1985 140 2040 ﬁcit
162 1983 311 2040 diem
335 2001 349 2036 :
378 1984 593 2039 brevem
624 1993 800 2038 autem
827 1981 1082 2038 circulum
1105 1980 1500 2036 decurrendum
1535 1980 1624 2034 ba-

30 2081 188 2144 bens,
208 2077 427 2133 brevem
442 2076 602 2132 efﬁcit
618 2083 849 2130 noctem.
865 2074 979 2129 Non
999 2073 1112 2129 inec
1127 2072 1299 2130 Graeci
1318 2088 1413 2127 nos
1428 2072 1629 2127 docue-

31 2182 202 2226 runt:
231 2185 406 2241 neque
449 2169 592 2226 enim
636 2169 736 2224 hoc
764 2168 969 2233 volunt;
999 2165 1092 2222 sed
1133 2165 1232 2221 sub
1261 2174 1400 2219 terra
1445 2163 1630 2218 dicunt

29 2279 181 2321 astra
221 2279 442 2320 currere
483 2272 642 2334 atque
685 2261 878 2316 solem.
926 2259 1196 2328 Scriptura
1244 2271 1375 2313 vero
1404 2265 1623 2321 nostra,

30 2361 219 2413 divina
248 2356 506 2428 magistra
532 2354 828 2426 Scriptura,
862 2367 959 2406 nos
987 2351 1198 2414 erudit,
1232 2351 1626 2421 illuminatque.

31 2451 248 2507 Deinde
276 2450 400 2506 fecit
427 2449 619 2514 solem,
649 2464 752 2504 non
778 2447 1032 2501 deﬁciens
1078 2445 1340 2500 luminare
1365 2461 1381 2510 ;
1411 2445 1624 2522 lunam,

32 2560 157 2614 qua:
203 2544 457 2599 decorem
482 2542 630 2598 exuit
658 2551 712 2596 et
742 2555 957 2594 rursum
987 2538 1178 2593 induit.
1222 2537 1405 2593 Prodit
1445 2538 1629 2593 Artiﬁ-

32 2653 155 2691 cem
204 2652 360 2706 opus.
414 2635 718 2704 Numquam
763 2632 945 2688 deﬁcit
988 2631 1226 2696 Artifex;
1254 2641 1514 2686 internum
1544 2639 1629 2686 est

32 2745 198 2798 opus.
242 2727 426 2799 Neque
472 2727 614 2781 luna:
646 2727 740 2780 lux
779 2725 1116 2788 absumitur,
1161 2723 1253 2778 sed
1283 2724 1567 2779 occultatur
1611 2741 1627 2777 τ

32 2832 231 2891 estque
266 2829 508 2874 nostrum
539 2817 844 2872 mortalium
887 2815 1163 2871 hominum
1206 2816 1402 2886 imago.
1439 2814 1626 2883 Cogita

38 2930 151 2984 quo
173 2913 492 2969 saeculorum
525 2911 694 2980 spatio
723 2919 838 2965 orta
881 2911 968 2964 sit.
994 2909 1060 2962 Et
1085 2908 1130 2963 si
1158 2908 1328 2978 prima
1352 2909 1461 2974 sit,
1491 2907 1624 2962 dici-

33 3021 159 3060 mus
189 3018 205 3060 :
242 3003 390 3060 Luna
416 3001 577 3057 hodie
623 3001 876 3056 nascitur.
918 3000 1138 3068 Quare?
1165 3000 1296 3065 Quia
1331 2999 1507 3069 imago
1537 3007 1623 3054 est

31 3110 349 3154 nostrorum
399 3111 707 3167 corporum.
750 3095 1024 3160 Nascitur,
1057 3093 1285 3158 crescit,
1335 3093 1621 3163 impletur,

29 3193 344 3256 decrescit,
375 3190 654 3255 minuitur,
682 3187 876 3244 occidit
905 3203 920 3245 :
953 3196 1009 3241 et
1055 3201 1153 3241 nos
1195 3184 1418 3255 perinde
1448 3184 1623 3239 nasci-

32 3301 181 3349 mur,
215 3283 544 3346 crescimus,
575 3281 642 3336 ad
693 3280 1076 3350 plenitudinem
1123 3279 1388 3343 venimus,
1415 3293 1624 3334 marce-

29 3381 263 3440 scimus,
291 3377 645 3442 declinamus,
671 3373 1104 3429 consenescimus
1122 3413 1138 3437 ,
1170 3372 1450 3436 morimur,
1479 3372 1625 3425 occi-

28 3471 236 3523 dimus.
283 3467 481 3523 Verum
526 3466 613 3521 illa
642 3480 827 3520 rursus
870 3465 1146 3520 nascitur:
1177 3473 1233 3519 et
1276 3478 1375 3517 nos
1408 3462 1627 3532 perinde

29 3561 402 3616 resurrecturi
457 3572 676 3624 sumus,
706 3571 910 3626 nosque
956 3564 1137 3610 manet
1181 3555 1283 3609 alia
1331 3554 1624 3623 generatio.

30 3653 161 3708 Ideo
187 3652 445 3708 Servator
490 3658 548 3704 ut
596 3648 843 3705 ostendat
874 3663 1008 3713 nos,
1054 3645 1500 3717 quemadmodum
1542 3644 1628 3699 hic

33 3746 146 3799 nati
175 3759 390 3808 sumus,
424 3758 634 3797 rursum
666 3741 968 3795 nascituros
993 3753 1114 3794 esse
1139 3781 1152 3804 ,
1179 3739 1253 3791 ait
1287 3756 1298 3791 :
1331 3735 1457 3792 Cum
1483 3752 1630 3790 vene-

29 3838 98 3889 rit
132 3835 308 3890 Filius
351 3834 569 3888 hominis
610 3833 663 3886 in
705 3833 1080 3903 regeneratione
1121 3828 1455 3902 (Matt/n19.
1494 3829 1567 3884 28
1585 3829 1626 3899 ).

33 3929 336 3983 l’ollicetur
378 3927 500 3980 luna
546 3927 1014 3980 resurrectionem.
1057 3921 1166 3987 Me,
1208 3921 1410 3990 inquit,
1437 3919 1630 3976 videtis

29 4020 299 4076 occultari
323 4062 338 4086 ,
362 4028 416 4075 et
440 4033 650 4073 rursum
681 4032 957 4087 apparere,
988 4026 1042 4070 et
1071 4031 1220 4085 Spem
1248 4030 1465 4070 omnem
1489 4014 1628 4084 abji-

34 4115 206 4171 citis?
237 4113 430 4169 Nonne
459 4113 542 4168 sol
570 4113 620 4166 in
649 4112 819 4167 nostri
855 4111 1078 4181 gratiam
1106 4109 1276 4165 factus
1303 4110 1423 4164 est?
1452 4125 1630 4165 nonne

34 4209 163 4262 luna
184 4208 210 4262 ?
237 4221 418 4261 nonne
443 4214 702 4260 creatura:
731 4201 952 4258 omnes?
987 4201 1123 4272 Quid
1152 4202 1296 4256 enim
1335 4201 1489 4255 nobis
1523 4217 1629 4256 non

33 4301 332 4370 pollicetur
364 4295 856 4353 resurrectionem?
892 4292 1081 4348 Nonne
1112 4293 1298 4347 mortis
1325 4293 1498 4363 imago
1525 4308 1632 4346 nox

33 4393 154 4448 est?
177 4391 429 4462 Proiecta
458 4389 558 4444 sub
576 4387 810 4444 tenebris
827 4401 1073 4458 corpora,
1097 4384 1295 4440 formas
1315 4399 1418 4438 non
1440 4384 1634 4439 discer-

32 4485 156 4541 nis?
203 4485 364 4554 Saepe
413 4498 570 4536 manu
619 4491 922 4535 contreetas
965 4478 1169 4532 vultum
1220 4477 1629 4540 dormientium,

36 4595 139 4634 nec
171 4577 319 4633 nosti
349 4591 592 4646 quaenam
626 4573 743 4629 ha-c
786 4571 953 4627 facies
996 4573 1097 4638 sit,
1127 4587 1247 4642 quae
1279 4571 1400 4636 illa;
1429 4569 1522 4626 sed
1555 4571 1638 4624 in-

36 4687 291 4743 terrogas
312 4712 326 4735 ,
355 4679 414 4724 ut
441 4683 548 4723 vox
591 4682 766 4737 praeco
809 4665 880 4722 sit
904 4680 1087 4719 eorum
1112 4705 1125 4729 ,
1177 4664 1265 4733 qui
1320 4664 1370 4718 in
1400 4663 1636 4718 tenebris

34 4763 405 4822 occultantur.
438 4757 893 4827 Quemadmodum
943 4757 1101 4827 igitur
1129 4771 1232 4810 nox
1282 4755 1481 4809 formas
1517 4754 1639 4808 abs-

37 4859 234 4918 condit
264 4864 475 4912 nostras
495 4895 510 4918 ,
556 4851 762 4907 etiamsi
791 4867 979 4906 omnes
1027 4849 1186 4904 simul
1223 4849 1388 4904 simus
1409 4890 1423 4912 ,
1448 4864 1635 4903 nemo-

35 4969 146 5024 que
185 4950 417 5004 alterum
441 4945 716 5016 cognoscit
740 4962 754 4997 :
782 4945 860 4999 sic
889 4946 1036 4997 venit
1061 4957 1165 4996 nox
1184 4984 1199 5006 ,
1245 4951 1300 4995 et
1330 4941 1492 4996 solvit
1524 4939 1635 4993 for-

35 5060 158 5102 mas
178 5085 196 5110 ,
227 5053 286 5096 ut
306 5055 466 5095 nemo
494 5038 720 5092 alterum
747 5036 972 5090 noverit.
996 5034 1333 5088 Monumenta
1356 5033 1631 5103 pervadis;

39 5141 82 5192 si
113 5137 318 5191 inultas
341 5132 525 5189 videas
546 5131 802 5184 calvarias
832 5130 885 5182 in
919 5127 1162 5196 sepulcro
1184 5166 1198 5190 ,
1222 5126 1433 5178 nostine
1458 5125 1638 5193 cujus-

36 5245 168 5285 nam
204 5231 319 5282 haec
357 5225 464 5278 sit?
493 5227 560 5277 At
604 5223 754 5276 novit
805 5221 892 5274 ille
932 5219 1018 5289 qui
1049 5219 1243 5271 struxit
1273 5233 1287 5270 :
1325 5216 1411 5286 qui
1441 5217 1633 5282 Solvit,

37 5325 201 5379 novit
254 5319 397 5374 unde
453 5317 638 5371 formae
694 5316 806 5368 ista:
860 5319 1251 5381 processerunt.
1299 5314 1486 5364 Annon
1538 5313 1638 5363 mi-

36 5419 189 5471 raris
239 5414 334 5468 Dei
387 5410 696 5481 opiﬁciunt,
749 5406 888 5476 quod
939 5407 989 5458 in
1041 5414 1118 5458 tot
1166 5403 1401 5457 millibus
1446 5406 1644 5456 forma-

35 5525 166 5565 rum
217 5505 364 5560 nulla
415 5503 626 5557 intersit
656 5498 982 5553 similitudo?
1010 5497 1089 5551 vel
1129 5498 1173 5549 si
1208 5495 1274 5549 ad
1317 5495 1452 5550 ﬁnes
1497 5495 1643 5548 orbis

40 5613 344 5672 properes,
405 5593 673 5649 neminem
728 5591 879 5653 alteri
934 5590 1159 5643 similem
1226 5588 1496 5656 reperies;
1549 5587 1643 5640 sed

37 5691 264 5748 etiamsi
306 5686 593 5757 repereris,
622 5683 822 5751 aliquid
848 5681 948 5737 erit
978 5680 1058 5734 vel
1084 5680 1137 5734 in
1166 5692 1296 5731 naso
1319 5678 1401 5732 vel
1427 5677 1479 5730 in
1513 5692 1643 5730 ocu-

40 5787 96 5845 lo
144 5781 515 5847 discriminis,
546 5786 605 5834 ut
652 5791 737 5834 res
785 5771 1047 5846 stupenda
1093 5779 1368 5840 appareat.
1416 5766 1641 5825 Gcmclli

1074 296 1159 352 DE
1197 293 1407 351 MUNDI
1445 293 1839 351 CllEATlONE
1876 292 2133 349 ORATIO
2175 291 2260 348 lll.

3213 293 3314 348 434

1733 423 1798 465 ex
1843 422 1948 462 uno
1976 417 2172 462 exeunt
2214 415 2399 474 utero,
2432 417 2485 463 et
2525 409 2875 466 similitudine
2918 409 3312 482 disgrcganlur.

1800 500 1854 556 6.
1889 502 2101 572 Ergone
2145 503 2236 572 qui
2267 511 2342 557 tot
2373 500 2576 557 formas
2598 545 2614 570 ,
2643 518 2764 558 cum
2815 520 2922 559 non
2946 515 3161 571 essent,
3188 523 3316 576 pro.

1729 595 1918 663 duxit,
1965 610 2086 651 cum
2138 595 2362 650 solverit
2409 611 2672 653 renovare
2717 614 2822 652 non
2867 599 3099 668 poterit?
3145 599 3222 656 Ne
3263 609 3319 656 ut

1730 703 2068 744 :erumnosus
2089 688 2250 743 homo
2279 689 2372 743 Dei
2403 689 2696 759 potentiam
2729 691 2832 746 tuis
2872 692 3166 748 ratiociniis
3202 709 3317 749 mes

1733 781 1899 835 tiaris.
1931 780 2008 836 Ne
2035 790 2190 851 putes
2236 781 2406 838 Deum
2441 791 2583 837 tanta
2615 783 2870 856 (solum)
2903 801 3086 856 posse,
3119 796 3317 858 quanta

1732 883 1786 928 tu
1812 872 2049 944 cegitare
2077 873 2244 928 vales.
2269 873 2424 940 Quod
2445 875 2489 928 si
2522 883 2666 930 tanta
2695 875 2867 931 solum
2895 877 3092 947 possit,
3121 888 3317 949 quanta

1732 981 1832 1036 ego
1855 967 2052 1037 cogito,
2079 967 2249 1022 ausim
2272 967 2475 1030 dicere.
2501 968 2680 1040 Longe
2706 971 2881 1026 minor
2901 982 2984 1028 est
3013 972 3174 1040 Deus;
3202 989 3320 1030 me-

1734 1059 1863 1112 titur
1888 1059 2032 1114 enim
2069 1059 2218 1114 illum
2246 1060 2500 1131 cogitatio
2532 1078 2670 1118 mea.
2701 1062 2852 1130 Quod
2884 1063 2929 1118 si
2967 1075 3200 1120 mentem
3229 1082 3321 1122 su-

1734 1163 1883 1223 perat
1903 1194 1918 1220 ,
1946 1165 2000 1207 et
2029 1153 2364 1209 ratiocinium
2402 1156 2582 1222 vincit,
2614 1156 2972 1213 inscrutabilis
3014 1167 3094 1213 est
3124 1158 3321 1213 Condi-

1735 1251 1855 1310 tor,
1920 1254 1972 1298 et
2040 1243 2604 1315 incomprehensibilia
2665 1263 2850 1317 opera.
2919 1247 3322 1319 interrogentur

1736 1334 1977 1390 haeretici
2007 1350 2075 1391 ex
2102 1336 2167 1391 iis
2197 1352 2315 1405 quae
2344 1339 2630 1408 conspicua
2661 1348 2785 1394 sunt
2805 1383 2821 1407 ,
2853 1351 2910 1395 ttt
2930 1341 3140 1397 discant
3164 1358 3225 1399 ea
3252 1343 3322 1400 de

1733 1426 1927 1498 quibus
1950 1427 2276 1511 qutestiones
2311 1438 2545 1484 movent.
2565 1429 2698 1499 Quia
2723 1431 2858 1488 dixit
2887 1434 3048 1500 Deus,
3083 1433 3204 1488 Fiat
3229 1436 3324 1505 ﬁr-

1735 1530 2078 1586 mamentum,
2124 1530 2180 1576 et
2218 1522 2398 1576 statim
2440 1524 2664 1579 verbum
2696 1523 2826 1581 illud
2865 1526 3075 1594 effecit,
3104 1529 3322 1600 reliquit

1735 1613 2015 1668 nobishoc
2045 1614 2236 1684 pignus
2261 1614 2402 1685 quod
2430 1615 2544 1686 ipse
2569 1615 2777 1672 fecerit.
2808 1618 2980 1674 Hodie
3009 1622 3200 1676 cadum
3229 1639 3320 1678 re-

1738 1705 2027 1775 linquimus
2067 1705 2267 1760 nudum
2297 1721 2327 1760 a
2354 1722 2602 1777 veSpera,
2632 1724 2697 1763 ac
2741 1720 2964 1780 repente
3000 1723 3280 1785 surgentes
3300 1756 3316 1778 ,

1736 1796 2040 1852 invenimus
2093 1796 2238 1851 aliud
2284 1797 2675 1854 ﬁrmamentum
2721 1800 2772 1854 in
2820 1801 3047 1858 nubibus
3097 1819 3318 1862 concre-

1736 1895 1867 1941 tutn.
1897 1885 1971 1958 (a)
1997 1885 2130 1959 [ilic
2151 1889 2269 1942 aliae
2295 1888 2572 1960 pignorum
2597 1905 2771 1960 partes
2801 1901 2924 1948 sunt
2955 1906 3072 1964 post
3097 1897 3317 1964 primas,

1734 1994 1856 2033 cum
1889 1978 2084 2033 videris
2113 1979 2303 2034 carlum
2332 1980 2700 2050 caliginosum,
2733 1982 2982 2054 aliudque
3011 1984 3320 2043 ﬁrmamen-

1736 2079 1847 2126 tum
1890 2086 1957 2126 ex
2005 2071 2309 2146 nubibus.]
2354 2073 2454 2142 Qui
2494 2091 2636 2130 nunc
2666 2076 2815 2131 brevi
2846 2078 3126 2135 intervallo
3153 2083 3322 2138 nubes

1733 2172 1911 2231 creat,
1956 2164 2191 2220 ostendit
2220 2166 2488 2236 quomodo
2532 2177 2658 2224 tunc
2690 2186 2797 2223 uno
2823 2182 3098 2228 momento
3127 2176 3319 2233 caelum

1735 2257 2054 2314 condiderit.
2114 2260 2178 2314 Et
2213 2260 2339 2329 quid
2382 2260 2539 2316 facit?
2584 2263 2852 2332 quomodo
2893 2266 3064 2321 nubes
3114 2268 3320 2338 pluvias

1735 2351 2024 2406 emittunt?
2045 2351 2196 2406 Fecit
2223 2353 2393 2408 nubes
2415 2354 2553 2409 sicut
2581 2365 2748 2421 utres,
2784 2372 2984 2427 perque
3005 2359 3124 2414 illas
3147 2360 3322 2418 haurit

1734 2460 1902 2516 aquas
1947 2447 2150 2510 maris,
2196 2462 2316 2517 quae
2359 2447 2516 2502 salsa:
2557 2457 2718 2512 sunt,
2767 2449 3058 2521 impletque
3101 2453 3319 2510 nubes:

1734 2548 1905 2595 mutat
1935 2554 2126 2610 aquam
2146 2580 2158 2603 ,
2189 2548 2245 2595 et
2270 2540 2404 2609 rigat
2436 2551 2652 2596 terram.
2687 2541 2871 2597 Dicant
2900 2545 3168 2614 quomodo
3193 2547 3322 2602 clTe.

1734 2641 1887 2688 ratur
1915 2633 1967 2686 in
1995 2631 2221 2686 sublime
2263 2631 2314 2686 id
2353 2632 2492 2702 quod
2536 2649 2696 2701 grave
2724 2643 2843 2700 est;
2887 2637 3156 2705 quomodo
3181 2637 3316 2694 hau-

1734 2727 1937 2790 riatur;
1969 2725 2242 2796 quomodo
2271 2725 2439 2780 nubes
2490 2725 2756 2780 hauriant.
2807 2726 2924 2782 Non
2978 2732 3159 2784 statim
3187 2747 3318 2786 eva-

1735 2827 1980 2882 cuantur,
2015 2817 2107 2872 sed
2151 2817 2306 2887 longe
2349 2825 2605 2881 currunt,
2628 2832 2734 2888 quo
2754 2817 2974 2886 jusserit
3020 2819 3318 2889 Dominus,

1733 2923 1924 2983 estque.
1969 2911 2277 2966 mandatmn
2335 2910 2427 2965 Dei
2477 2910 2627 2979 quasi
2682 2909 2954 2965 vinculum
3011 2911 3318 2981 impositum

1735 3004 1999 3071 nubibus,
2027 3001 2168 3075 quod
2200 3018 2305 3056 non
2350 3001 2476 3056 sinit
2503 3016 2595 3056 eas
2626 3001 2807 3070 pluere
2832 3042 2846 3064 ,
2877 3001 3050 3058 donec
3080 3004 3195 3073 ipse
3219 3021 3318 3059 an-

1737 3097 1937 3152 nuerit;
1969 3094 2120 3164 Quod
2171 3103 2350 3148 autem
2399 3102 2545 3147 utres
2593 3092 2700 3146 sint
2745 3092 3057 3148 testiﬁcatur
3112 3095 3317 3151 David:

1741 3188 2088 3260 Congregans,
2115 3187 2305 3258 inquit,
2336 3185 2463 3241 sicut
2488 3193 2648 3239 utrem
2675 3202 2834 3254 aquas
2855 3185 3009 3240 maris
3032 3185 3201 3260 (Psal.
3226 3189 3316 3244 ³52.

1739 3282 1811 3350 7).
1846 3279 1913 3334 Et
1937 3279 2058 3333 vide
2087 3293 2202 3334 rem
2248 3277 2460 3332 miram.
2489 3275 2788 3346 Congregat
2830 3291 3028 3347 aquas,
3058 3279 3320 3337 incumbit

1737 3388 1927 3428 tnanus
1949 3369 2289 3436 immortalis,
2316 3368 2594 3424 invisibilis
2616 3409 2632 3430 ,
2662 3383 2767 3423 non
2791 3369 2974 3426 sinens
2994 3372 3174 3426 statim
3195 3388 3318 3428 eva-

1733 3465 1879 3520 cnari
1894 3507 1909 3530 ,
1941 3464 2034 3520 sed
2063 3479 2158 3534 per
2181 3470 2380 3534 partes.
2402 3461 2474 3520 Ut
2501 3461 2693 3516 mulier
2711 3461 2904 3518 subtile
2923 3473 3131 3520 stamen
3160 3483 3313 3531 nens,

1737 3559 1910 3613 lanam
1940 3557 2184 3626 dispertit
2207 3556 2258 3610 in
2287 3555 2448 3610 multa
2477 3554 2793 3624 diversaque
2823 3553 2912 3610 ﬁla
2945 3573 2958 3611 :
2991 3558 3070 3612 sic
3095 3558 3325 3614 immen-

1733 3667 1848 3706 sam
1877 3651 2041 3705 maris
2067 3648 2400 3704 altitudinem
2425 3645 2501 3702 lin
2543 3647 2710 3702 stillas
2739 3650 2888 3718 quasi
2913 3649 2997 3703 lila
3044 3651 3318 3719 dividens,

1735 3744 1806 3798 ita
1838 3743 1890 3797 in
1931 3751 2129 3797 terram
2173 3740 2386 3796 emittit.
2440 3738 2632 3794 Verum
2679 3739 2821 3808 quod
2864 3748 2948 3795 est
2971 3740 3318 3807 admirabile,

1734 3837 1779 3892 si
1807 3837 1980 3891 soluta
2012 3844 2094 3890 est
2116 3876 2131 3899 ,
2163 3832 2433 3904 quomodo
2474 3847 2579 3886 non
2609 3832 2789 3887 statim
2821 3842 3146 3898 evacuatur;
3173 3835 3218 3889 si
3250 3836 3318 3889 li.

1735 3937 1856 3999 gata
1879 3969 1895 3995 ,
1945 3942 2044 3982 cur
2092 3925 2253 3980 ﬁuit?
2287 3924 2461 3979 Habes
2490 3923 2826 3993 exemplum,
2873 3923 3049 3979 debile
3073 3926 3320 3994 quidem,

1735 4020 1830 4076 sed
1860 4018 2004 4091 quod
2034 4018 2084 4074 id
2114 4017 2206 4073 tibi
2238 4016 2465 4072 suadere
2506 4015 2696 4069 valeat.
2730 4013 2915 4069 Vidisti
2945 4030 3202 4084 aquarum
3230 4033 3320 4071 ra-

1737 4114 1985 4186 ptorem?
2013 4110 2189 4166 vidisti
2217 4108 2489 4181 quomodo
2519 4106 2587 4162 ab
2632 4107 2741 4162 imo
2770 4105 3069 4176 perforatus
3094 4108 3200 4163 sit?
3230 4109 3318 4164 ln-

1738 4206 1997 4263 cumbens
2030 4203 2269 4259 continet
2289 4216 2550 4270 aquarum
2579 4199 2788 4269 cepiam
2811 4240 2824 4263 ,
2844 4198 3124 4255 obturatur
3142 4211 3319 4255 autem

1739 4299 1960 4356 inferius
1982 4314 2078 4368 per
2105 4297 2232 4351 illud
2263 4294 2402 4364 quod
2433 4293 2678 4364 superius
2697 4301 2866 4363 urget.
2895 4292 2982 4349 Sic
3006 4295 3323 4351 immortalis

1742 4394 1836 4450 Dei
1860 4392 2056 4463 digitus
2084 4389 2325 4444 imminet
2351 4386 2605 4452 nubibus,
2631 4385 2878 4456 laxatque
2904 4367 3162 4456 quantum
3188 4388 3324 4450 vult.

1741 4493 1796 4540 et
1841 4492 2097 4555 quantum
2143 4480 2257 4534 vult
2305 4487 2511 4543 servat,
2550 4487 2608 4532 ut
2663 4492 2759 4547 per
2789 4477 3093 4532 universam
3126 4487 3326 4534 terram

1743 4571 1941 4625 donum
1970 4568 2198 4624 emittat.
2227 4563 2391 4634 quue
2421 4562 2654 4618 maxime
2691 4561 2818 4616 facit
2869 4562 2921 4616 in
2951 4563 3204 4617 serotinis
3230 4563 3329 4618 im-

1743 4665 1926 4720 bribus
1948 4703 1963 4728 ,
1987 4658 2201 4731 quando
2223 4666 2386 4712 totam
2414 4654 2643 4710 inebriat
2665 4663 2859 4707 terram
2891 4669 2905 4706 :
2931 4654 3146 4722 quando
3169 4655 3331 4709 modo

1748 4757 1899 4824 illud,
1935 4756 2094 4809 modo
2124 4751 2268 4806 aliud
2295 4751 2451 4805 clima
2489 4749 2646 4816 rigat.
2680 4746 2800 4800 Ideo
2824 4746 2899 4800 ait
2926 4746 3182 4816 propheta
3213 4735 3227 4802 Ξ
3261 4748 3354 4811 Et,

1747 4852 1885 4921 pluet
1929 4862 2082 4916 super
2119 4843 2367 4899 civitatem
2393 4857 2576 4906 imam,
2619 4846 2666 4890 et
2693 4854 2844 4908 super
2888 4838 3138 4892 civitatem
3174 4855 3329 4892 unum

1746 4962 1846 5000 non
1881 4942 2034 5014 pluet.
2061 4939 2198 4994 Pars
2231 4953 2333 4990 una
2354 4933 2672 4998 compluetur
2697 4971 2712 4994 ,
2739 4938 2788 4984 et
2815 4947 2934 5000 pars
2953 4972 2969 4994 ,
3003 4946 3155 4999 super
3179 4946 3330 5000 quam

1747 5057 1846 5094 non
1866 5037 2025 5108 pluet,
2058 5037 2310 5088 eaarescet
2341 5025 2516 5096 (Amos
2541 5025 2592 5078 4.
2626 5021 2700 5092 7).
2731 5021 2993 5077 Incumbit
3018 5031 3197 5076 autem
3223 5038 3328 5076 non

1749 5132 1842 5186 Dei
1872 5128 2068 5198 digitus
2090 5168 2104 5190 ,
2129 5121 2223 5178 sed
2249 5120 2432 5176 missio
2462 5117 2559 5190 (b).
2589 5116 2702 5172 Sub
2731 5115 2898 5185 ﬁgura
2922 5124 3098 5171 autem
3126 5130 3336 5170 sermo-

1750 5239 1872 5278 nem
1905 5221 2020 5275 usui
2048 5225 2232 5272 nostro
2262 5208 2681 5268 accommodavi.
2705 5207 2882 5273 Jubet,
2909 5215 2964 5262 et
2986 5222 3094 5261 non
3123 5208 3332 5276 pluunt.

1749 5323 1923 5387 Atque
1975 5313 2076 5366 huc
2105 5309 2235 5363 dicit
2277 5306 2547 5373 Scriptura
2583 5318 2595 5352 :
2632 5298 2893 5361 Nubibus,
2930 5298 3137 5367 inquit,
3187 5314 3331 5350 man-

1753 5411 1881 5464 dabo
1925 5423 1985 5459 ne
2027 5405 2210 5476 pluunt
2258 5400 2467 5452 imbrem
2497 5393 2664 5465 (Isai.
2698 5393 2751 5447 5.
2779 5393 2879 5462 6).
2911 5391 3075 5458 Quam
3127 5390 3328 5460 magni-

1838 5593 1889 5655 a)
1923 5591 2108 5639 Phrasis
2132 5590 2260 5636 inter
2282 5572 2898 5655 uncinoshrosita:definiri

1838 5595 1889 5655 (ι)
1923 5595 2108 5639 Phrasis
2132 5595 2260 5636 inter
2282 5595 2485 5634 ιιηριιιος
2508 5595 2667 5649 ι’ῸξὶΙιὶι.
2683 5595 2825 5620 υωῖδι,
2851 5595 2898 5649 tu
2923 5595 3064 5638 edux:

1816 5595 1888 5715 ξι»)
1921 5663 2097 5700 (mines
2123 5657 2255 5715 loss,
2280 5645 2454 5715 ritissio.
2482 5637 2897 5715 Sil.\"li.‘_l[_l._‘l13.:l‘l:§:’,":
2927 5627 3332 5715 “unitate,

2123 5689 2899 5769 Emiilielisiusmillalanctoritale
2927 5689 3101 5769 ,_t‘iu_lla
3121 5692 3336 5755 apposita

1757 5761 2202 5843 mandatum
2226 5770 2402 5835 posuit.
2430 5765 2521 5817 Sed
2544 5761 2705 5814 misa'o
2727 5766 2859 5808 stare
2885 5761 3071 5819 potest.
