3704 6274
401 292 503 351 435

400 414 555 477 ﬁcata
606 413 722 461 sunt
775 416 929 470 opera
977 410 1062 455 tua
1086 440 1102 467 ,
1147 398 1409 453 Domine!
1456 396 1639 451 Umnia
1685 396 1738 449 in
1780 397 1988 460 sapien-

400 504 474 557 tia
519 497 682 573 fecisti
719 494 916 570 (Psal.
963 493 1088 549 103.
1139 490 1213 547 24
1240 492 1277 563 ).
1322 488 1570 547 Vidistin‘
1612 487 1708 544 Dei
1753 488 1989 543 creatio-

402 593 569 651 nem?
601 587 835 645 vidistin‘
858 585 1129 658 quomodo
1168 584 1410 639 obstruat
1457 581 1831 636 lurretieorum
1858 592 1950 634 ora
1970 621 1985 645 ,

400 686 492 758 qui
520 682 847 740 creationem
893 680 1174 749 Ignorant,
1213 686 1267 732 ct
1314 675 1622 731 Creatorem
1660 672 1869 727 curiose
1895 686 1991 726 ex-

399 781 614 851 plorant
637 776 661 831 l
681 773 873 832 Omnia
906 773 998 829 Dei
1038 772 1141 843 legi
1189 771 1578 840 obsequuntur.
1611 768 1725 824 Stat
1755 767 1942 822 cadum
1970 808 1987 834 ,

401 891 508 931 non
541 889 635 931 suo
666 882 829 927 manu
859 874 1122 941 gestatum
1145 908 1159 931 ,
1191 864 1284 921 sed
1326 862 1505 919 divina
1549 863 1665 933 lege
1697 860 1986 915 ﬁrmatum.

402 968 537 1025 Cum
588 967 732 1022 enim
775 964 1128 1025 dubitavere,
1174 956 1443 1029 quomodo
1486 971 1556 1011 ex
1611 954 1765 1026 aquis
1801 952 1988 1009 caelum

402 1067 709 1115 concretum
736 1056 825 1120 sit,
857 1052 1242 1109 dubitationem
1266 1063 1440 1103 meam
1473 1046 1632 1100 solvit
1664 1046 1849 1100 beatus
1881 1043 1991 1098 Da-

403 1150 493 1206 vid
522 1148 709 1205 dicens
738 1162 750 1200 :
789 1145 948 1201 Verbo
968 1143 1176 1198 Domini
1202 1141 1309 1195 (teli
1343 1140 1529 1208 firmati
1549 1144 1663 1192 sunt
1689 1140 1704 1205 (
1728 1136 1867 1191 Psal.
1897 1134 1988 1189 52.

405 1242 483 1315 6).
523 1242 635 1297 Cur
658 1240 801 1294 enim
833 1236 1027 1292 ﬁrmati
1057 1232 1218 1289 sunt?
1246 1231 1508 1300 Quoniam
1540 1246 1603 1283 ex
1636 1230 1787 1298 aquis
1816 1231 1987 1282 erant.

403 1337 702 1406 Numquam
724 1332 792 1388 de
830 1330 1002 1387 solido
1029 1336 1085 1382 et
1117 1328 1270 1381 ﬁrmo
1294 1325 1520 1389 dicitur,
1551 1322 1845 1377 Firmatum
1886 1331 1987 1375 est.

406 1430 587 1499 Neque
608 1434 787 1497 potest
813 1423 1077 1495 quispiam
1091 1421 1291 1485 dicere,
1322 1426 1526 1489 petram
1559 1414 1818 1470 ﬁrmatam
1846 1426 1985 1468 esse.

405 1520 562 1576 Aliud
583 1526 670 1572 est
692 1516 961 1571 ﬁrmatum
991 1520 1140 1575 esse,
1173 1510 1317 1563 aliud
1347 1523 1467 1562 esse
1501 1506 1737 1560 ﬁrmum.
1784 1504 1989 1558 Firma-

402 1622 519 1665 ttun
543 1606 920 1676 dicitur,’quod
947 1616 1065 1657 cum
1098 1614 1275 1656 rarum
1302 1608 1357 1655 et
1386 1599 1545 1653 molle
1571 1606 1736 1663 esset,
1765 1610 1989 1650 concre-

406 1715 517 1757 tum
550 1701 669 1755 l‘uit.
704 1698 828 1753 Ideo
857 1697 1067 1761 Petrus,
1102 1692 1317 1762 quando
1353 1690 1703 1762 paralytieum
1746 1689 1987 1754 sanavit,

402 1795 541 1850 dixit
571 1809 587 1848 :
642 1810 660 1843 ι
694 1790 808 1845 Viri
854 1787 1133 1853 lsraclitm,
1164 1783 1288 1854 quid
1323 1782 1592 1835 miramini
1638 1782 1689 1834 in
1731 1778 1831 1833 hoc
1854 1821 1868 1845 ,
1902 1788 1993 1832 aut

404 1901 504 1943 nos
530 1882 658 1955 quid
686 1880 990 1943 intuemini,
1026 1876 1176 1948 quasi
1224 1885 1407 1929 nostra
1436 1874 1637 1927 virtute
1678 1881 1766 1925 aut
1796 1872 1991 1942 pietate

406 1979 693 2035 fecerimus
724 1974 865 2030 hunc
891 1969 1204 2026 ambulare?
1233 1967 1371 2023 Deus
1406 1972 1617 2036 patrum
1656 1973 1987 2029 nostrorum,

408 2075 552 2127 Deus
581 2067 851 2125 Abraham
882 2073 935 2120 et
977 2063 1125 2119 lsaac
1171 2070 1221 2116 et
1250 2059 1437 2122 Jacob,
1469 2057 1784 2127 glorilicavit
1825 2055 1989 2109 lilium

405 2179 562 2221 suum
592 2163 808 2219 Jesum:
840 2168 898 2214 et
925 2159 976 2212 in
1007 2156 1110 2211 ﬁde
1136 2154 1369 2209 nominis
1402 2152 1521 2222 ejus
1548 2150 1689 2205 hunc
1722 2160 1880 2220 Quem
1905 2148 1990 2202 vi-

409 2258 548 2311 detis
576 2264 631 2310 et
654 2253 846 2318 nostis,
888 2248 1226 2305 conﬁrmavit
1254 2259 1446 2302 nomen
1473 2244 1591 2313 ejus
1631 2244 1648 2312 (
1680 2241 1794 2296 Act.
1818 2242 1871 2296 5.
1902 2239 1989 2295 12.

405 2348 497 2401 15.
522 2342 600 2400 ’16
627 2345 645 2418 )
673 2360 689 2409 ;
720 2354 915 2411 nempe
942 2337 1290 2410 paralyticum
1308 2334 1661 2389 continuavit.
1682 2331 1807 2387 Ideo
1832 2330 1991 2385 Verbo

406 2436 614 2491 Domini
653 2434 766 2490 cali
813 2431 1003 2504 ﬁrmati
1048 2439 1163 2484 sunt
1203 2427 1223 2501 (
1254 2422 1399 2480 Psal.
1434 2425 1523 2481 '52.
1553 2426 1654 2495 6);
1691 2439 1755 2478 ex
1784 2423 1919 2478 raris
1939 2431 1993 2478 et

402 2526 682 2583 dissolutis
711 2525 865 2596 aquis
889 2521 1054 2577 verbo
1082 2520 1291 2575 Domini
1334 2517 1504 2579 nubes
1549 2517 1600 2571 in
1629 2514 1862 2571 sublime
1890 2516 1994 2570 toi-

406 2623 607 2676 luntur.
633 2618 787 2685 Vide,
814 2622 1025 2688 qum.
1059 2614 1206 2683 Aqua
1235 2626 1353 2683 qua:
1380 2624 1560 2665 amara
1583 2618 1717 2676 erat,
1737 2617 1989 2662 mutatur.

407 2715 485 2769 Ex
526 2712 661 2767 mari
695 2710 950 2765 hauriunt
996 2707 1205 2774 nubes,
1236 2715 1289 2759 et
1321 2717 1442 2758 eam
1470 2718 1592 2771 qua:
1636 2716 1700 2755 ex
1729 2699 1992 2771 proiundo

409 2802 654 2859 hauritur
701 2816 882 2856 amara
909 2841 924 2867 ,
959 2799 1169 2854 dulcem
1217 2804 1272 2850 et
1313 2793 1600 2865 pombilem
1629 2791 1886 2847 efﬁciunt.
1917 2791 1994 2846 De

407 2895 685 2966 profundis
715 2906 814 2948 tios
853 2891 1060 2964 abyssis
1081 2888 1333 2944 excitavit
1356 2885 1623 2952 Christus,
1646 2892 1704 2939 et
1730 2882 1992 2939 amaritu-

402 2992 586 3045 dinem
615 2997 853 3043 nostram
874 3000 983 3038 non
1012 2982 1348 3052 deponinms.

480 3081 709 3138 Christus
751 3081 804 3134 in
843 3078 1071 3132 omnibus
1112 3074 1368 3129 sternentis
1414 3070 1667 3124 miracula
1696 3070 1847 3140 fecit,
1878 3070 1994 3125 hinc

408 3174 650 3247 probatur
676 3172 832 3226 Deus.
875 3200 945 3211 —-
968 3169 1098 3236 Quis
1128 3177 1213 3223 est
1241 3167 1286 3222 is
1315 3166 1403 3237 qui
1434 3166 1559 3221 fecit
1582 3166 1770 3221 emittm
1797 3172 1856 3219 et
1883 3173 1993 3218 ter-

407 3266 564 3322 ram?
596 3267 706 3336 Ego
734 3264 858 3319 dico
903 3262 1175 3317 Christum
1209 3275 1350 3316 esse.
1402 3259 1471 3313 Et
1505 3258 1646 3313 unde
1691 3256 1832 3312 hoc?
1857 3257 1992 3324 Quia

405 3362 454 3415 si
482 3372 588 3415 non
616 3368 760 3414 esset
792 3357 1045 3410 Dominus
1075 3354 1334 3417 amntium,
1366 3352 1418 3406 in
1438 3352 1724 3422 evangeiio
1754 3362 1861 3405 non
1896 3351 1997 3404 mi-

407 3453 585 3509 racula
612 3457 876 3520 patrasset
896 3449 949 3501 in
967 3447 1216 3500 omnibus
1233 3436 1510 3499 creaturis.
1534 3444 1637 3498 Per
1651 3443 1829 3497 omnia
1852 3442 1994 3497 enim

409 3546 675 3599 elementa
706 3539 973 3596 mirabilia
1017 3538 1173 3601 fecit;
1212 3550 1306 3608 per
1332 3545 1547 3597 terram.
1584 3542 1683 3605 per
1711 3548 1877 3601 mare,
1900 3548 1997 3605 per

409 3651 611 3702 aerem,
642 3644 741 3705 per
762 3628 940 3704 ignem
960 3639 1047 3697 ;ut
1067 3632 1415 3701 conspicuum
1446 3624 1514 3683 sit
1534 3630 1708 3698 ipsum
1735 3640 1853 3683 esse
1872 3644 1994 3683 om-

411 3731 559 3784 nium
586 3735 949 3783 creaturarum
974 3724 1276 3779 Dominum.
1310 3723 1419 3777 Diei
1442 3723 1546 3777 luci
1573 3721 1880 3792 supervenit
1906 3736 2000 3777 re-

411 3836 584 3893 sperae
610 3821 723 3875 lux.
765 3818 856 3874 Sol
903 3818 1064 3881 lucet,
1093 3826 1146 3871 et
1176 3815 1392 3875 lucerna
1419 3814 1589 3870 facem
1620 3814 1866 3884 prtefert:
1892 3814 1997 3870 dici

412 3916 555 3981 ﬁnis,
584 3929 648 3970 ac
676 3913 847 3967 noctis
874 3910 1175 3968 exordium.
1216 3908 1319 3965 Sed
1346 3918 1425 3970 tu.
1458 3923 1577 3964 cum
1603 3908 1800 3963 videris
1826 3908 1999 3962 limer-

409 4018 534 4060 nam
560 4015 614 4059 et
642 4004 811 4059 solem
839 4043 855 4068 ,
887 4000 1052 4057 dicito
1080 4018 1095 4055 :
1126 3992 1268 4054 Tuus
1296 4009 1367 4054 est
1392 4000 1499 4054 dia
1520 4041 1533 4063 ,
1562 4008 1611 4053 et
1639 4008 1725 4052 tua
1750 4008 1821 4053 est
1856 4014 1996 4064 uox;

410 4108 465 4149 tu
489 4096 766 4167 fabricatus
795 4110 847 4149 es
866 4093 1023 4164 iubar
1051 4101 1098 4147 et
1122 4092 1315 4162 δοιαὶ(
1350 4091 1489 4147 Psal.
1523 4091 1611 4147 75.
1645 4090 1768 4161 16).
1802 4090 1997 4145 Verum

408 4191 497 4245 fax
538 4190 657 4253 illa,
680 4202 803 4259 qute
836 4185 1155 4257 prtrfertur,
1195 4192 1503 4239 sermonem
1532 4190 1639 4238 non
1672 4182 1995 4253 htterpellat.

407 4284 634 4351 Oportet
671 4280 815 4334 enim
859 4277 1026 4333 solem
1080 4289 1301 4331 currere
1343 4274 1411 4328 ad
1450 4275 1569 4344 ejus
1597 4275 1802 4344 jussum
1834 4276 1996 4346 (nam

409 4370 753 4442 Solcogn'wit
778 4382 1015 4424 occasum
1042 4380 1190 4422 suum
1216 4362 1395 4439 {PsaL
1424 4360 1698 4439 t-03.t9]),
1726 4374 1788 4421 ut
1813 4376 1999 4421 osten-

410 4462 572 4516 datur
589 4460 865 4516 Christum
886 4458 1123 4512 om’nium
1161 4469 1527 4511 creaturarum
1544 4456 1835 4512 Dominum
1854 4466 1995 4513 esse.

412 4555 468 4608 id
495 4553 729 4609 Joannes
758 4551 1034 4623 prxdicat,
1070 4550 1259 4604 Omnia
1284 4562 1375 4619 per
1393 4550 1560 4620 ipsum
1588 4552 1723 4621 facta
1754 4556 1872 4605 sunt
1897 4592 1910 4616 ,
1952 4560 1999 4606 et

410 4651 520 4703 sine
538 4648 650 4717 ipso
678 4646 866 4716 factum
893 4655 965 4699 est
992 4645 1120 4699 nihit
1146 4642 1281 4715 quod
1301 4647 1488 4715 factum
1510 4650 1582 4696 est
1609 4644 1629 4712 (
1645 4641 1801 4697 Joan.
1829 4644 1881 4698 1.
1905 4643 1996 4715 5).

414 4742 610 4798 Verum
638 4741 917 4811 oportebat
942 4740 1113 4808 ipsum
1145 4748 1249 4792 non
1275 4750 1523 4791 sermone
1552 4745 1754 4790 tantum
1784 4736 1960 4792 lucere
1979 4778 1994 4802 ,

413 4834 510 4890 sed
538 4834 698 4888 etiam
731 4844 914 4902 opere.
940 4830 1079 4884 Dixit
1100 4829 1255 4893 mari,
1294 4827 1447 4893 Tace,
1478 4826 1798 4899 obmutesoe(
1829 4827 1994 4883 Marc.

410 4929 463 4982 4.
493 4927 607 4997 ‘59);
635 4934 688 4981 et
715 4924 999 4988 obmutuit,
1026 4924 1347 4995 agnovitque
1370 4934 1506 4992 opus
1549 4921 1826 4993 Opiﬁcem.
1857 4923 1999 4978 Dixit

412 5021 557 5072 enim
602 5018 759 5081 mari,
788 5021 845 5072 et
879 5017 1077 5079 tacuit;
1111 5016 1244 5069 dixit
1274 5025 1450 5078 vento,
1480 5022 1536 5071 et
1570 5015 1869 5071 refrenatus
1890 5024 1992 5071 est.

412 5109 469 5165 Si
495 5123 599 5162 non
629 5107 1073 5176 obtemperasset,
1104 5107 1221 5174 ejus
1240 5100 1495 5161 Conditor
1535 5118 1641 5160 non
1683 5106 1846 5162 fuisse
1873 5121 1997 5176 pro-

410 5201 673 5266 deretur;
704 5199 807 5253 nisi
832 5199 1089 5252 Dominus
1110 5210 1261 5253 esset
1289 5206 1460 5266 aqum,
1492 5210 1597 5253 non
1622 5198 1770 5254 illam
1798 5209 1999 5254 mutas-

414 5303 499 5350 set
524 5294 575 5348 in
598 5293 806 5356 vinum;
828 5291 927 5345 nisi
958 5300 1101 5346 esset
1125 5291 1241 5346 cieli
1272 5292 1545 5357 Dominus,
1568 5306 1677 5346 non
1705 5309 1827 5347 eum
1846 5292 1998 5349 stella

417 5388 484 5442 de
521 5384 657 5441 caelo
682 5382 1061 5455 praedicasset;
1108 5383 1211 5437 nisi
1240 5392 1384 5438 esset
1424 5383 1553 5438 solis
1584 5385 1857 5452 Dominus,
1891 5400 1997 5441 non

416 5479 652 5536 tenebris
682 5493 741 5534 se
768 5478 1071 5533 obvelasset
1103 5477 1152 5531 in
1175 5492 1357 5532 cruce.
1389 5477 1635 5533 Christus
1665 5479 1715 5533 in
1739 5495 1915 5543 cruce,
1947 5489 2001 5535 et

416 5572 496 5628 sul
522 5571 905 5627 obtenebratus
933 5578 1034 5626 est.
1063 5566 1108 5625 0
1136 5569 1486 5624 miraculum!
1515 5568 1768 5625 Creatura
1790 5586 1893 5625 non
1918 5583 2002 5626 tu-

416 5663 479 5717 lit
518 5663 898 5717 contumeliam
951 5662 1182 5717 Domini.
1231 5660 1622 5717 Obtcnebratus
1669 5671 1752 5717 est
1798 5664 1915 5728 ευι,
1944 5673 2001 5719 ut

418 5753 473 5807 in
513 5753 624 5821 ipsa
652 5768 811 5811 cruce
853 5755 981 5810 solis
1002 5755 1293 5827 Dominum
1340 5756 1575 5810 noveris.
1614 5756 1891 5811 Commota
1918 5768 2000 5811 est

1833 276 1994 334 διῖκέ

2139 276 2196 332 Nl
2752 280 2755 281 ⁷
3586 284 3677 337 ιτς

2109 406 2268 459 terra,
2294 404 2349 449 ut
2376 394 2549 449 discas
2576 396 2643 451 de
2672 395 2786 466 ipso
2817 394 3071 451 Davidem
3113 394 3316 450 dixisse
3346 413 3360 447 :
3394 396 3489 463 Qui
3519 414 3677 461 rem.

2097 489 2163 541 cit
2194 497 2378 542 terram
2408 500 2453 543 et
2484 490 2603 559 facit
2631 502 2741 543 eam
2784 500 2991 543 tranare
3020 488 3191 560 (Psal.
3225 490 3347 546 103.
3375 488 3492 558 3‘2).
3547 492 3677 543 Scis‘

2096 596 2171 635 sa:
2203 590 2325 635 sunt
2351 591 2534 651 petrae,
2558 592 2613 635 ut
2638 581 2811 636 discas
2837 580 2905 636 de
2931 594 3159 652 quonam
3187 582 3381 637 dixerit
3412 582 3671 652 propheta-

2098 666 2271 725 Furor
2296 675 2404 745 ejus
2431 673 2678 727 tabescere
2699 674 2822 744 facit
2847 673 3181 744 principatus,
3206 682 3252 727 et
3275 684 3432 743 petra:
3452 679 3677 744 perform

2098 766 2162 817 tte
2180 774 2294 818 sunt
2315 764 2375 817 ab
2405 776 2460 818 eo
2484 762 2738 834 (Nonum.
2765 764 2816 819 1.
2836 764 2912 833 6).
2946 763 3285 820 bionumenta
3317 775 3499 834 aperta
3525 778 3672 827 sunt,

2098 864 2156 910 ut
2202 865 2485 926 appareret
2515 852 2877 925 resurrectio,
2925 865 2980 913 et
3016 858 3105 928 qui
3157 858 3379 913 suscitat
3423 856 3564 913 Deus
3596 874 3677 928 per

2097 960 2290 1006 cuneta
2317 948 2643 1020 splenderet.

2170 1046 2222 1099 7.
2276 1044 2329 1098 Μ
2336 1046 2491 1098 oralis
2520 1042 2781 1099 conclusio
2803 1062 2822 1107 ;
2845 1040 3153 1113 sacriﬁcum:
3184 1045 3522 1115 uespertinum
3547 1047 3656 1113 quid

2095 1172 2164 1181 -—
2204 1138 2391 1210 Opem:
2442 1138 2667 1206 pretium
2694 1150 2824 1193 vero
2862 1145 2946 1192 est
2980 1147 3040 1191 ut
3075 1137 3335 1191 moralem
3380 1144 3671 1191 moveamm

2097 1244 2422 1287 sermonem.
2445 1230 2684 1285 Lucerna
2708 1238 2865 1285 vdeat
2892 1241 3014 1297 nos,
3048 1237 3106 1283 nt
3135 1229 3376 1283 dicamus
3411 1240 3424 1281 :
3459 1228 3671 1282 Lucam..-

2098 1325 2305 1396 pedibus
2332 1325 2451 1377 meis
2480 1323 2682 1377 verbum
2716 1330 2878 1388 luunt,
2903 1330 2949 1375 et
2968 1320 3133 1375 iumen
3160 1321 3350 1376 semitis
3376 1322 3497 1374 meis
3517 1317 3655 1389 (Psa!

2100 1418 2221 1471 tl8.
2258 1414 2357 1471 105
2383 1419 2421 1484 ).
2470 1412 2698 1471 Advenit
2726 1426 2947 1484 vespera
2995 1424 3051 1468 ut
3098 1413 3387 1469 dicamus:
3426 1410 3671 1484 Dirigam

2097 1511 2259 1562 oratio
2304 1526 2413 1561 mea
2453 1506 2581 1563 sicut
2626 1510 2883 1561 incensam
2924 1508 2977 1561 in
3026 1518 3298 1577 conspectu
3330 1516 3448 1572 tuo,
3481 1510 3672 1561 eiet-ario

2098 1614 2337 1654 manuum
2369 1610 2593 1655 mearum
2634 1601 2940 1670 sacriﬁcium
2978 1600 3315 1669 vespertinum
3347 1599 3365 1669 (
3402 1598 3539 1652 Ibid.
3566 1600 3669 1655 liii.

2097 1690 2178 1761 2).
2207 1690 2312 1745 Cur
2334 1704 2438 1744 non
2474 1690 2833 1745 matutinum?
2862 1684 2961 1745 ilic
2988 1690 3223 1744 animum
3256 1687 3543 1745 adhibete:
3569 1708 3677 1746 nam

2099 1798 2222 1855 qum
2256 1785 2550 1855 psallimus,
2586 1784 2725 1839 scire
2751 1781 3031 1839 debemus.
3069 1782 3210 1838 Dicit
3238 1782 3405 1837 David
3438 1800 3451 1835 :
3479 1781 3669 1836 Psalle:

2098 1881 2370 1947 sapienter.
2400 1872 2627 1931 Elevalio
2649 1886 2887 1931 manuum
2915 1892 3139 1930 mearum
3160 1877 3467 1945 sacriﬁcium
3487 1893 3669 1943 δείρειν

2100 1970 2440 2039 ιὶιιιεηιυὺὶά.
2473 1969 2562 2025 46.
2588 1969 2663 2039 8).
2690 1971 2803 2024 Duo
2829 1970 3087 2024 sacriﬁcia
3123 1968 3285 2039 jussit
3319 1968 3435 2023 ﬁeri
3459 1967 3667 2039 Moyses,

2099 2064 2208 2119 imo
2240 2066 2401 2131 Deus,
2443 2079 2605 2118 unum
2636 2063 2977 2129 matutinum,
3008 2072 3060 2117 et
3100 2078 3263 2116 unum
3302 2064 3663 2130 respcrtinum.

2097 2158 2350 2213 Matutino
2418 2159 2707 2227 gratiarum
2738 2158 2876 2211 actio
2911 2166 3007 2225 pro
3048 2162 3207 2210 nocte
3253 2165 3393 2210 erat.
3434 2150 3567 2209 Nam
3598 2160 3663 2223 qui,

2100 2250 2151 2303 in
2192 2260 2351 2304 noete
2382 2258 2626 2304 servatus
2652 2258 2737 2303 est
2758 2290 2773 2315 ,
2820 2250 2872 2303 in
2903 2247 2988 2303 die
3014 2249 3212 2320 gratias
3252 2247 3383 2317 agit.
3414 2244 3663 2314 Vespcrti.

2100 2354 2227 2397 num
2261 2342 2583 2397 sacriﬁcium
2613 2357 2709 2413 pro
2736 2338 2825 2397 die
2855 2351 2987 2397 erat.
3020 2340 3174 2410 Quia,
3196 2340 3389 2410 inquit,
3416 2341 3472 2393 in
3499 2340 3582 2394 die
3602 2358 3665 2393 ηιμ

2101 2434 2349 2497 servasti,
2382 2448 2475 2503 pro
2500 2443 2611 2487 toto
2638 2435 2724 2488 die
2753 2434 2951 2502 gratias
2981 2444 3078 2501 ago
3106 2430 3222 2486 tibi.
3258 2431 3573 2485 Matutiuum

2098 2524 2358 2579 criticinm
2386 2538 2488 2579 non
2512 2540 2634 2579 eum
2656 2525 2863 2593 recipit,
2893 2526 2981 2595 qui
3015 2525 3065 2578 in
3096 2532 3255 2579 nocte
3278 2524 3545 2595 peceavit.
3568 2523 3665 2577 ideo

2092 2615 2264 2671 dicit:
2300 2612 2531 2670 Elevatio
2572 2628 2811 2670 manuum
2844 2629 3067 2670 mearum
3105 2616 3417 2685 sacri/icium
3448 2622 3664 2687 vespero-

2099 2728 2238 2766 num.
2274 2712 2577 2781 ingrederis
2601 2723 2903 2781 vesperam,
2929 2710 3185 2781 expandis
3217 2718 3449 2773 manus;
3484 2712 3528 2763 si
3557 2711 3665 2762 nitu.

2098 2806 2235 2861 ciam
2258 2803 2477 2871 habent,
2497 2804 2864 2875 expandantnr
2898 2822 2911 2858 :
2938 2803 2982 2859 si
3014 2816 3117 2857 non
3147 2802 3482 2873 scripserunt
3506 2803 3665 2872 iniqui-

2098 2900 2263 2952 tatem
2294 2940 2308 2962 ,
2350 2898 2395 2951 si
2426 2908 2687 2968 pauperes
2725 2911 2830 2951 non
2874 2896 3206 2964 spoliarunt,
3234 2896 3279 2951 si
3310 2897 3545 2965 pupillos
3585 2912 3664 2949 nos

2098 2998 2503 3059 Oppresscrunt,
2533 2999 2591 3043 ut
2632 3004 2749 3059 quze
2781 3000 3063 3058 personam
3109 2988 3307 3043 habent
3340 2986 3665 3043 extollantur.

2109 3079 2333 3134 Elevatt'o
2362 3094 2605 3133 manuum
2648 3090 2873 3133 ineorum
2899 3094 2917 3142 ;
2954 3092 3019 3133 ac
3056 3080 3105 3133 si
3144 3078 3369 3138 diceret.
3398 3078 3559 3143 Vide,
3586 3077 3664 3131 Dos

2098 3171 2245 3227 'mine
2269 3212 2282 3234 ,
2315 3170 2528 3225 munda
2567 3182 2691 3225 sunt
2731 3184 2941 3225 manus.
2973 3167 3429 3238 Quemadmodum
3476 3178 3615 3225 enim
3640 3174 3667 3224 is

2101 3264 2191 3333 qui
2221 3265 2461 3333 peccavit
2493 3264 2694 3317 vultum
2727 3264 2989 3319 extollere
3014 3278 3122 3319 non
3153 3273 3347 3334 potest,
3378 3262 3475 3319 sed
3516 3283 3545 3318 a
3569 3282 3668 3318 COL-

2104 3356 2324 3410 scientia
2359 3357 2669 3410 incurvatar
2693 3374 2705 3409 :
2736 3357 2814 3410 sic
2836 3368 3030 3410 manus
3052 3356 3273 3426 polluta,
3298 3368 3370 3411 ne
3391 3357 3552 3411 audet
3577 3362 3669 3423 qu;-

2102 3447 2222 3501 dem
2250 3460 2432 3501 coram
2455 3448 2561 3502 Deo
2580 3448 2903 3502 ‘consiStere.
2931 3445 3064 3502 Vide
3090 3466 3104 3502 :
3134 3444 3177 3501 si
3208 3460 3394 3502 manus
3415 3449 3525 3504 sint
3545 3464 3668 3502 mnti-

2100 3539 2184 3595 tiae
2206 3541 2272 3595 ab
2293 3542 2590 3608 iniquitate,
2620 3538 3008 3611 cxpamiantur.
3040 3539 3163 3595 ideo
3188 3542 3497 3611 patriarcha
3528 3543 3667 3596 fibra.

2098 3630 2226 3689 itam
2259 3644 2410 3705 turpe
2437 3636 2641 3691 htcrmn
2673 3636 2958 3699 recusavit,
2987 3642 3106 3689 eum
3135 3634 3341 3690 diceret
3380 3636 3426 3689 ei
3462 3648 3556 3690 rex
3593 3633 3667 3688 Se

2103 3726 2384 3782 domorum
2430 3716 2461 3780 :i
2491 3726 2673 3796 Accipe
2723 3727 2933 3793 omnia,
2980 3728 3217 3781 "mulieres
3260 3736 3457 3781 tantum
3505 3727 3668 3779 dimitte

2108 3819 2257 3893 (Gen.
2289 3820 2373 3875 14.
2404 3816 2495 3874 21.
2526 3819 2642 3891 ἓξ).
2674 3816 2745 3875 Ut
2783 3821 2963 3891 itaque
2997 3820 3240 3875 ﬁduciam
3270 3820 3493 3876 haberet
3517 3864 3530 3883 ,
3563 3819 3667 3873 nihil

2104 3914 2309 3982 accepit
2338 3932 2352 3977 ;
2386 3912 2477 3967 sed
2506 3926 2625 3968 cum
2661 3914 2804 3982 puris
2830 3913 3073 3968 manibus
3098 3916 3261 3977 esset,
3291 3914 3507 3968 dicebat
3543 3924 3555 3965 :
3583 3913 3666 3965 Ex-

2106 4006 2309 4059 tendunt
2342 4020 2521 4059 manus
2560 4022 2698 4059 meas
2728 4005 2796 4058 ad
2826 3998 3008 4069 Deum,
3036 4006 3123 4075 qui
3148 4006 3265 4074 fecit
3303 4007 3488 4060 cerium
3516 4018 3560 4059 et
3589 4016 3665 4057 trr-

2100 4113 2215 4150 ram
2241 4111 2262 4150 :
2287 4104 2341 4150 et
2385 4095 2647 4162 extendit,
2679 4096 2800 4167 quia
2837 4108 2942 4151 non
2968 4104 3121 4151 erant
3150 4096 3367 4167 polluta!
3396 4097 3591 4168 injuste
3610 4097 3665 4148 lu-

2100 4200 2219 4246 cro.
2250 4188 2477 4245 Elevatio
2497 4202 2737 4244 manuum
2754 4202 3004 4246 meat-unt.
3031 4186 3182 4257 Illud,
3205 4184 3436 4246 Elevatio
3453 4207 3667 4243 manum

2102 4294 2354 4345 mearum,
2382 4282 2765 4352 interpretatur
2786 4281 3011 4337 Paulus:
3049 4280 3178 4337 Volo
3206 4283 3364 4354 igitur
3388 4283 3525 4336 viros
3550 4298 3667 4334 orarr

2105 4378 2159 4427 in
2185 4374 2321 4428 omni
2366 4372 2474 4427 loco
2503 4373 2721 4428 levantes
2756 4382 2959 4428 sanctas
3000 4386 3183 4428 manus
3222 4375 3331 4428 sine
3359 4374 3437 4427 ira
3463 4382 3513 4428 et
3538 4375 3667 4426 disce-

2102 4465 2415 4536 ptationibus
2447 4464 2465 4536 (
2502 4467 2557 4519 1.
2590 4462 2722 4519 Tim.
2744 4464 2805 4519 2.
2851 4465 2884 4521 8
2913 4462 2955 4536 ).
2998 4464 3235 4535 Vespera
3275 4480 3304 4519 a
3337 4463 3494 4518 nobis
3538 4464 3667 4530 exigit

2105 4572 2346 4628 vesperae
2368 4569 2549 4627 opera.
2584 4550 2858 4627 Expandis
2897 4567 3121 4621 manus,
3153 4563 3424 4611 scrutatur
3469 4555 3667 4610 Artifex.

2104 4651 2335 4706 Advenit
2360 4649 2678 4705 matutinum
2702 4657 2942 4719 tempus,
2978 4656 3032 4703 et
3059 4648 3103 4704 si
3128 4654 3320 4717 puram
3352 4657 3461 4701 non
3502 4647 3669 4700 habent

2105 4753 2159 4798 et
2188 4754 2401 4797 manum
2421 4750 2475 4797 et
2492 4751 2745 4807 mentem,
2764 4740 3083 4795 matutinum
3104 4746 3316 4809 tempus
3336 4749 3405 4794 ne
3430 4739 3671 4809 respicere

2105 4834 2322 4905 quidem
2347 4832 2513 4888 audes
2537 4849 2553 4887 :
2577 4833 2906 4903 experientia
2932 4831 3194 4900 magistra
3219 4840 3325 4886 est.
3356 4828 3546 4901 Cogita
3573 4844 3665 4884 cum

2106 4935 2300 4997 quanta
2325 4925 2515 4979 ﬁducia
2539 4924 2876 4995 ingrediatur
2904 4923 2949 4978 is
2972 4922 3063 4994 qui
3089 4934 3255 4993 puras
3276 4932 3513 4986 maneat,
3546 4921 3666 4991 quasi

2105 5018 2159 5073 in
2190 5018 2404 5088 propria
2428 5018 2590 5072 domo
2614 5015 2869 5071 ambulet.
2898 5010 3172 5070 Fiduciam
3215 5011 3309 5068 dat
3354 5013 3430 5068 illi
3479 5014 3665 5068 matuti-

2106 5111 2190 5164 nis
2215 5111 2358 5164 horis
2387 5124 2490 5164 nox
2519 5111 2569 5163 in
2589 5108 2914 5164 continentia
2944 5118 3149 5163 exacta.
3177 5106 3307 5163 ideo
3336 5102 3509 5163 David
3534 5104 3659 5162 dicit,

2109 5200 2170 5255 Si
2189 5216 2378 5255 memor
2403 5203 2479 5273 fui
2506 5202 2581 5255 tui
2608 5212 2762 5270 super
2785 5211 3001 5254 stratum
3025 5215 3210 5264 meum,
3229 5200 3285 5253 in
3312 5199 3574 5253 matutinis
3593 5212 3656 5249 me

2107 5292 2305 5346 ditabar
2326 5293 2381 5346 in
2410 5302 2456 5346 te
2486 5291 2505 5363 (
2538 5290 2683 5346 Psal.
2709 5289 2801 5346 6‘2.
2832 5288 2866 5345 7
2896 5291 2938 5358 ).
2969 5288 3180 5346 Gratias
3208 5302 3310 5360 ago
3341 5290 3452 5345 Deo
3478 5307 3493 5343 :
3525 5303 3647 5343 παπ

2108 5386 2209 5442 dor
2242 5386 2574 5441 fatiscentem
2603 5397 2789 5440 vocem
2820 5400 2851 5440 a
2891 5382 2989 5440 Dei
3027 5383 3192 5440 verbo
3214 5392 3525 5454 reparatam
3546 5396 3639 5437 esse

2109 5494 2215 5532 non
2259 5490 2355 5548 pro
2386 5478 2586 5534 nostris
2631 5478 2835 5534 meritis
2858 5518 2873 5544 ,
2922 5476 3017 5533 sed
3062 5490 3163 5548 pro
3200 5486 3386 5532 vestro
3412 5475 3661 5531 desiderio.

2109 5570 2399 5627 Precemur
2440 5587 2573 5643 ergo
2604 5571 2655 5627 in
2687 5571 2911 5627 veritate
2948 5571 3150 5635 cordis,
3194 5579 3251 5626 ut
3280 5584 3411 5641 pace
3438 5570 3661 5626 fruamur.

2109 5674 2166 5718 et
2194 5664 2244 5717 in
2278 5664 2551 5718 matutinis
2576 5663 2823 5719 ﬁduciam
2869 5662 3181 5729 habeamus,
3216 5663 3590 5719 hzereticonun
3613 5660 3662 5711 iu-

2110 5772 2288 5813 rorem
2346 5756 2651 5813 devitcmus
2686 5799 2702 5825 ,
2758 5756 2918 5813 ﬁdem
2969 5754 3322 5815 orthodoxam
3378 5769 3661 5827 sequamur,
