3704 6274
67 256 187 313 457

71 370 426 442 gloriamque
483 366 779 423 referamus
815 363 994 430 Patri,
1039 362 1175 418 Filio
1204 369 1259 417 et
1289 357 1508 430 Spiritui
1555 372 1682 410 san-

74 471 174 516 cto
203 476 350 516 nunc
375 469 431 515 et
457 473 692 529 semper,
724 464 779 512 et
803 458 855 510 in
883 455 1077 511 saecula
1105 453 1442 508 saeculorum.
1487 451 1680 506 Amen.

262 553 506 624 Ejusdem
531 553 584 606 in
609 560 840 624 quartam
857 551 988 604 diem
1014 548 1280 602 creatidnis
1301 545 1503 599 mundi.

162 649 223 702 â€˜I.
253 647 547 702 Labantem
594 659 783 700 vocem
831 652 1065 698 nostram
1099 641 1264 710 pridie
1294 655 1388 709 per
1413 637 1682 693 orationes

79 750 302 795 vestras
332 753 530 810 perque
559 745 795 792 vestrum
822 735 1147 791 desiderium
1181 734 1271 788 Dei
1299 732 1468 804 gratia
1499 731 1682 785 firma-

78 833 184 886 vit.
223 831 342 902 Ipsa
380 831 540 902 igitur
578 830 831 899 magistra
861 841 989 882 usus
1026 825 1355 896 experientia
1379 866 1393 889 ,
1423 833 1680 894 quantum

79 938 246 978 amor
273 922 574 992 divinaeque
595 921 808 989 pietatis
832 917 1069 973 studium
1099 923 1308 987 potest,
1336 915 1402 980 ad
1437 913 1679 969 eamdem

78 1013 520 1070 obsecrationem
551 1011 767 1076 accedo,
797 1023 983 1064 rursus
1003 1021 1196 1079 rogans
1218 1015 1279 1062 ut
1304 1005 1545 1062 eamdem
1585 1019 1682 1074 pro

81 1106 250 1161 nobis
279 1104 504 1176 gratiam
549 1102 762 1174 petatis.
803 1101 935 1155 Nam
967 1101 1010 1155 si
1042 1115 1136 1154 vas
1167 1097 1445 1154 electionis
1462 1095 1682 1160 Paulus,

77 1200 176 1267 qui
201 1197 477 1253 Christum
527 1196 583 1251 in
627 1197 805 1266 seipso
847 1197 1149 1265 loquentem
1197 1192 1442 1258 habebat,
1474 1191 1596 1261 quia
1649 1205 1677 1242 a

76 1293 296 1363 Spiritu
321 1299 508 1346 sancto
533 1289 838 1360 regebatur,
857 1287 1158 1344 auditorum
1182 1285 1540 1357 precationem
1559 1298 1676 1336 mu-

79 1386 344 1441 tuabatur
380 1385 565 1440 dicens
595 1401 610 1438 :
640 1382 870 1450 Fratres,
902 1391 1049 1436 orate
1078 1397 1171 1451 pro
1196 1397 1275 1434 me
1297 1419 1314 1446 ,
1343 1387 1398 1432 at
1437 1376 1559 1431 mihi
1587 1376 1678 1430 de-

79 1489 171 1530 tur
202 1478 406 1532 verbum
460 1476 514 1529 in
567 1476 828 1546 apertione
873 1475 974 1528 oris
1030 1473 1129 1526 mei
1166 1473 1187 1541 (
1219 1471 1410 1542 Ephes.
1438 1469 1494 1526 6.
1537 1467 1676 1539 l9):

77 1577 294 1639 quanto
323 1567 491 1638 magis
534 1580 634 1621 nos
663 1566 796 1620 viles
817 1607 832 1632 ,
863 1573 917 1620 et
944 1564 1070 1635 qui,
1101 1571 1162 1618 ut
1207 1564 1278 1618 ita
1302 1562 1476 1618 dicam
1501 1601 1518 1627 ,
1549 1559 1678 1616 nihil

77 1676 308 1725 sumus,
344 1659 780 1716 intercessionem
829 1667 1064 1713 vestram
1111 1664 1373 1726 petemus,
1404 1663 1462 1707 ut
1487 1653 1680 1722 linguae

75 1752 364 1806 vinculum
405 1750 641 1805 solvatur
664 1789 680 1815 ,
704 1749 976 1819 aperiatur
1003 1746 1244 1803 veritatis
1287 1759 1504 1809 sermo;
1535 1744 1680 1812 ipsa-

76 1865 192 1919 que
221 1848 400 1903 divina
423 1847 594 1918 gratia
625 1844 934 1915 expeditum
957 1858 1215 1913 organum
1241 1840 1526 1902 custodiat,
1559 1854 1682 1892 seu-

76 1939 486 2009 tentiarumque
512 1935 1083 2008 copiamsuppeditet-;
1115 1949 1220 1988 non
1247 1941 1306 1988 ut
1333 1933 1478 1987 solus
1500 1938 1682 1985 orator

78 2032 270 2087 divina
322 2031 588 2096 lucretur,
635 2028 731 2084 sed
759 2037 817 2084 ut
854 2029 1129 2084 vobiscum
1173 2026 1443 2082 caelestem
1472 2023 1681 2078 hauriat

79 2126 428 2182 thesaurum.
456 2125 574 2193 Age
598 2138 727 2198 ergo
753 2163 768 2187 ,
809 2121 959 2192 prius
987 2120 1251 2175 dictorum
1281 2117 1440 2172 seriei
1472 2117 1670 2170 haerea-

77 2233 230 2271 nms.
262 2217 364 2271 Par
393 2224 474 2271 est
498 2215 664 2279 enim,
695 2213 948 2279 arbitror,
983 2221 1042 2267 ut
1080 2208 1531 2282 quemadmodum
1567 2207 1680 2277 ipse

76 2311 364 2382 legislator
391 2309 600 2382 Moyses
637 2309 778 2363 serie
825 2315 984 2376 atque
1027 2304 1217 2360 ordine
1245 2303 1530 2359 creationis
1568 2315 1681 2355 ser-

77 2419 308 2460 monem
338 2384 584 2464 absolvit,
613 2402 690 2456 sic.
735 2411 789 2456 et
815 2415 914 2454 nos
942 2398 1130 2470 primis
1155 2394 1409 2461 secunda,
1431 2391 1680 2449 secundis

76 2498 245 2552 tertia
280 2496 590 2566 capulemus
609 2503 664 2549 et
688 2493 1096 2562 distinguamus,
1125 2489 1381 2558 vobisque
1411 2502 1515 2541 non
1540 2501 1675 2556 pra:-

78 2598 361 2661 posteram
388 2588 653 2642 sermonis
691 2585 1086 2640 enarrationem
1119 2580 1409 2636 tradamus.
1447 2579 1678 2648 Compa-

76 2691 235 2735 trtum
263 2691 378 2736 erat
405 2679 614 2745 caalum,
647 2678 818 2733 solide
842 2686 1102 2732 structum
1131 2675 1522 2729 firmamentum
1547 2712 1563 2738 ,
1588 2685 1679 2726 sc-

77 2781 365 2844 gregatnm
399 2785 564 2834 mare.
605 2769 810 2825 detecta
840 2778 1001 2835 terra,
1027 2767 1305 2832 fructibus,
1348 2763 1561 2835 plantis,
1588 2779 1680 2818 ar-

80 2867 310 2922 boribus
334 2907 350 2931 ,
379 2864 611 2918 fontibus
652 2864 797 2917 varie
826 2872 1034 2926 ornata,
1068 2871 1121 2916 et
1162 2869 1222 2914 ut
1266 2857 1570 2913 summatim
1602 2856 1681 2910 di-

79 2975 229 3024 cam,
261 2958 504 3014 omnibus
547 2958 646 3011 sibi
685 2956 1100 3027 congruentibus
1127 2955 1374 3010 decorata
1405 2961 1541 3009 erat.
1577 2951 1680 3008 Ne-

82 3069 196 3124 que
223 3053 365 3108 enim
396 3051 620 3121 simplex
651 3051 892 3121 quatdam
922 3049 1172 3105 feracitas
1202 3049 1334 3116 fuit,
1367 3049 1460 3104 sed
1487 3047 1679 3102 distin-

81 3155 176 3202 cta
204 3153 262 3201 et
298 3144 465 3200 varia.
508 3143 639 3199 Nam
667 3143 770 3197 alia
813 3143 981 3213 ipsam
1008 3142 1270 3197 ornabant
1311 3150 1507 3196 terram
1535 3157 1549 3205 ;
1577 3140 1678 3192 alia

84 3242 146 3295 in
193 3253 370 3294 escam
401 3237 708 3292 hominibus
738 3247 793 3292 et
826 3236 995 3292 brutis
1021 3234 1381 3290 animantibus
1423 3232 1678 3304 producta

84 3336 239 3396 sunt,
260 3339 452 3386 cetera
481 3328 784 3383 hominibus
804 3343 959 3382 usum
983 3326 1310 3396 przebebant.
1338 3324 1520 3394 Neque
1538 3324 1677 3377 enim

85 3424 376 3494 praesentis
402 3434 483 3478 est
505 3423 785 3492 temporis,
810 3422 1016 3476 diversa
1039 3421 1122 3474 illa
1152 3435 1271 3490 quae
1297 3435 1361 3474 ex
1398 3427 1537 3472 terra
1567 3432 1680 3486 pro-

87 3517 252 3572 ducta
281 3527 406 3571 sunt
436 3530 720 3570 recensere
745 3557 759 3580 ,
791 3531 857 3568 ne
880 3513 1143 3568 sermonis
1167 3511 1438 3580 longitudo
1463 3508 1680 3564 auribus

87 3609 286 3664 vestris
316 3607 536 3662 molesta
569 3608 659 3660 sit.
691 3608 986 3676 Acceperat
1005 3605 1162 3660 etiam
1193 3603 1380 3657 carlum
1407 3601 1677 3671 proprium

89 3703 196 3755 sibi
227 3709 494 3756 ornatum.
529 3700 778 3755 Procedit
803 3699 912 3769 jam
947 3699 1084 3753 Deus
1107 3697 1172 3751 ad
1195 3710 1379 3767 aquas,
1407 3693 1678 3764 efficitque

93 3803 152 3849 ut
175 3793 282 3848 illa:
307 3794 538 3847 animam
575 3793 843 3847 viventem
873 3791 1187 3860 producant,
1220 3804 1444 3859 magnus
1470 3789 1682 3858 sapien-

93 3887 444 3955 tissimusque
493 3885 717 3939 Creator
739 3925 754 3948 ,
785 3883 873 3954 qui
924 3883 1092 3937 libero
1121 3897 1219 3936 suo
1265 3892 1394 3936 nutu
1423 3886 1478 3935 et
1509 3879 1680 3935 Verbo

88 3987 282 4033 sancto
307 3993 407 4032 suo
429 3977 606 4031 omnia
635 3978 785 4043 fecit,
831 3985 890 4032 ut
911 3992 975 4031 ex
1008 3977 1120 4046 ipsa
1156 3973 1316 4031 Verbi
1345 3975 1569 4030 veritate
1596 3990 1681 4028 re-

89 4087 210 4126 rum
239 4070 518 4125 veritatem
550 4071 737 4136 nostis,
769 4086 890 4125 cum
920 4069 1196 4124 audivistis
1223 4084 1344 4124 eum
1375 4067 1676 4126 dicentem:

85 4165 476 4236 Congregentttr
502 4179 649 4233 aqua:
675 4179 693 4228 ;
720 4172 774 4218 et
803 4163 981 4217 statim
1009 4176 1144 4231 opus
1167 4169 1450 4230 sequutum
1481 4169 1562 4215 est
1583 4177 1596 4222 ;
1620 4174 1683 4214 ac

87 4273 332 4322 rursum,
369 4254 570 4310 Educat
614 4266 788 4320 terra;
827 4263 901 4324 et,
929 4254 1164 4309 Educant
1202 4270 1380 4329 aquae;
1409 4263 1494 4316 et,
1528 4253 1683 4306 Fiant

87 4348 390 4403 luminaria.
416 4346 671 4416 Multique
694 4347 850 4401 fuerit
880 4346 1155 4414 temporis,
1173 4346 1349 4400 omnia
1368 4361 1486 4416 qua:
1506 4345 1682 4399 Verbo

87 4441 233 4494 facta
260 4445 387 4493 sunt
406 4454 546 4492 nunc
575 4453 823 4492 sermone
851 4438 1117 4507 prosequi.
1143 4435 1212 4492 Ut
1240 4438 1382 4491 enim
1412 4437 1681 4506 antiquam

89 4536 242 4589 illaut
271 4531 599 4587 creationem
627 4532 916 4594 mittamus,
944 4530 1054 4601 jam
1079 4530 1354 4584 veniamus
1382 4529 1449 4584 ad
1475 4545 1535 4583 ea
1563 4545 1682 4597 qua:

89 4628 144 4681 in
178 4626 330 4680 Novo
359 4624 702 4679 Testamento
731 4624 845 4679 solo
872 4623 1052 4679 Verbo
1072 4623 1139 4678 ab
1158 4639 1224 4678 eo
1249 4633 1372 4678 sunt
1398 4624 1554 4679 facta.
1589 4623 1685 4678 Hic

90 4733 331 4788 namque
353 4728 434 4771 est
454 4717 544 4787 qui
566 4725 743 4771 vetera
770 4716 990 4782 creavit,
1009 4725 1061 4771 et
1079 4731 1214 4770 nova
1245 4715 1369 4770 fecit
1391 4714 1681 4770 secundum

89 4811 360 4865 Joannem
398 4808 662 4864 dicentem
696 4825 710 4861 :
760 4810 946 4862 Omnia
975 4826 1062 4879 per
1089 4808 1255 4878 ipsum
1298 4810 1433 4879 facta
1457 4817 1576 4862 sunt
1598 4847 1615 4874 ,
1641 4813 1676 4861 Î¸â€™

90 4904 208 4958 sine
244 4901 357 4971 ipso
400 4901 590 4970 factum
633 4910 705 4955 est
751 4901 878 4954 nihil
927 4900 1125 4972 (Joan.
1153 4901 1202 4955 1.
1232 4897 1329 4970 5).
1359 4899 1488 4967 Qua:
1530 4898 1690 4970 igitur

95 4995 278 5050 oratio
305 4995 420 5050 haec
450 5003 698 5050 accurate
727 4993 975 5065 prosequi
1027 4993 1239 5064 possit?
1268 4992 1371 5048 Sed
1417 4992 1572 5048 seriei
1603 4994 1687 5047 in-

97 5089 378 5142 sistamus.
411 5086 508 5140 llic
550 5087 710 5156 igitur
749 5085 1174 5156 sapientissimus
1211 5083 1467 5148 Creator,
1492 5092 1550 5138 ut
1578 5082 1688 5154 jam

96 5180 358 5244 diximus,
385 5179 525 5249 quod
557 5181 786 5248 primum
829 5179 1064 5244 fecerat,
1095 5178 1199 5233 hoc
1236 5187 1291 5233 et
1315 5178 1566 5243 ornavit;
1603 5177 1691 5234 hic

99 5274 268 5329 etiam
300 5271 376 5336 id,
408 5272 550 5341 quod
592 5272 884 5327 secundum
927 5271 1120 5326 factum
1155 5270 1359 5339 fuerat,
1389 5271 1578 5327 ordine
1607 5287 1694 5327 se-

108 5365 348 5422 cundum
371 5368 685 5432 exornavit;
718 5367 951 5435 itemque
980 5365 1218 5432 tertium,
1252 5373 1496 5434 quartum
1522 5373 1578 5419 et
1601 5380 1692 5420 re-

103 5459 254 5529 liqua
283 5457 537 5526 deinceps
563 5455 744 5510 omnia
785 5455 1079 5510 secundum
1118 5455 1360 5509 ordinem
1404 5454 1692 5509 creationis

106 5558 302 5604 ornatu
327 5563 426 5604 suo
455 5547 747 5604 decoravit.
768 5546 884 5615 Quo
908 5555 1084 5602 autem
1103 5545 1280 5600 animo
1300 5543 1351 5598 id
1383 5544 1543 5599 fecit?
1563 5558 1691 5599 num

108 5641 346 5697 fortasse
371 5639 557 5697 volens
587 5639 784 5695 docere
813 5654 930 5705 nos,
945 5647 1004 5694 ut
1022 5637 1407 5695 elementorum
1435 5635 1694 5693 terminos

108 5733 372 5801 eolatnus,
420 5732 765 5805 ordinemque
807 5729 1193 5805 agnoscamus?
1219 5729 1397 5786 Primo
1434 5728 1591 5802 igitur
1617 5727 1693 5787 fe-

1120 246 1212 303 DE
1241 243 1454 302 MUNDI
1493 238 1882 299 CREATIONE
1919 244 2173 302 ORATIO
2211 246 2303 303 IV.

3282 248 3385 308 Î¹Ï‰

1793 356 1864 411 cit
1893 358 2080 413 czrlum
2133 359 2413 430 superius;
2445 360 2680 416 secundo
2730 370 2960 429 terram;
3014 363 3169 418 tertio
3195 363 3379 421 firma-

1791 458 2279 519 mentum;quarto
2304 453 2601 521 segregavit
2626 467 2812 522 aquas.
2850 453 3002 521 Quod
3040 455 3270 524 primum
3298 458 3373 510 fe-

1792 540 1885 605 cit,
1916 541 2146 610 primum
2173 544 2403 597 ornavit.
2435 544 2715 609 Quomodo
2743 561 2907 616 ergo,
2939 546 3086 601 dicet
3110 548 3374 618 quispiam

1789 648 1854 687 ex
1887 632 2318 700 studiosioribus,
2346 650 2465 689 cum
2495 637 2726 690 secunda
2756 647 2899 692 esset
2937 647 3107 705 terra,
3147 642 3369 709 primam

1791 725 1930 779 illam
1957 727 2200 780 ornavit?
2237 743 2300 782 ac
2323 729 2473 798 quasi
2515 745 2694 784 secum
2726 740 2990 800 pugnante
3028 734 3368 800 narratione,

1788 834 2078 890 coarguere
2106 821 2267 876 volet.
2295 820 2398 891 ipsi
2429 824 2880 893 respondendum,
2905 824 3036 879 nihil
3067 841 3248 881 secum
3280 844 3377 897 ptr-

1786 928 1956 983 gnans
1980 929 2011 967 a
2042 914 2195 968 nobis
2228 914 2280 969 in
2313 916 2564 984 praesenti
2594 916 2792 971 dictum
2816 917 2981 974 fuisse
3001 959 3018 984 ,
3052 918 3147 974 sed
3169 921 3371 974 oratio-

1789 1021 1910 1058 nem
1953 1005 2052 1060 sibi
2084 1007 2305 1062 omnino
2330 1023 2451 1063 esse
2483 1011 2930 1066 consentientem.
2960 1011 3092 1066 Nam
3119 1012 3374 1069 ante-hoe

1792 1099 2211 1167 firmamentum,
2237 1099 2377 1172 quod
2407 1101 2738 1173 post-caelum
2765 1104 3012 1174 superius
3037 1103 3231 1159 factum
3257 1105 3338 1160 est
3354 1148 3370 1171 ,

1787 1198 1948 1256 atque
1993 1192 2235 1246 secunda
2272 1191 2361 1248 die
2409 1194 2795 1260 constitutum,
2837 1205 3022 1251 ornata
3070 1206 3208 1253 terra
3253 1197 3373 1254 fuit.

1788 1281 2085 1350 Oportebat
2104 1285 2248 1339 enim
2272 1285 2478 1341 ordinis
2506 1287 2701 1343 seriem
2730 1289 2957 1344 servari.
2999 1289 3134 1345 Cum
3175 1300 3374 1348 terram

1789 1374 1985 1444 plantis
2009 1385 2063 1430 et
2085 1375 2343 1433 fructibus
2368 1389 2637 1446 ornasset,
2671 1397 2792 1437 cum
2820 1384 3014 1438 caelum
3043 1387 3175 1450 sole,
3210 1387 3331 1442 luna
3361 1430 3375 1450 ,

1786 1483 1849 1522 ac
1878 1469 2084 1538 reliquo
2109 1470 2385 1524 stellarum
2410 1473 2576 1528 choro
2603 1473 2933 1543 decorasset,
2964 1477 3029 1532 ad
3052 1493 3215 1547 aquas
3245 1496 3373 1549 pro-

1785 1564 1970 1618 cessit.
2005 1565 2072 1619 Et
2100 1567 2224 1637 quid
2255 1567 2492 1623 historia:
2534 1570 2802 1640 scriptor?
2829 1571 2895 1625 Et
2925 1573 3054 1626 dixit
3083 1573 3221 1628 Deus
3243 1616 3258 1640 ,
3295 1575 3374 1629 iu-

1784 1656 1932 1723 quit,
1967 1656 2198 1713 Educant
2248 1677 2395 1727 aqua:
2435 1662 2637 1731 replilia
2679 1662 2965 1718 animarum
3007 1666 3292 1732 viventium,
3325 1677 3376 1720 et

1786 1761 1901 1800 aves
1939 1749 2163 1802 volantes
2205 1767 2356 1820 super
2403 1761 2586 1805 terram
2608 1793 2622 1816 ,
2675 1755 2950 1808 secundum
2995 1756 3373 1825 firmamentum

1785 1841 1898 1894 caeli
1925 1841 1944 1910 (
1975 1841 2101 1896 Gen.
2128 1844 2178 1898 l.
2210 1843 2282 1898 20
2310 1844 2350 1915 ).
2387 1844 2521 1900 Vide
2545 1846 2636 1901 Dei
2667 1860 2994 1912 sermonem,
3025 1864 3188 1919 opera
3215 1849 3374 1905 dictis

1785 1933 2095 2002 addentem,
2145 1944 2201 1990 et
2231 1936 2392 1991 verba
2449 1937 2500 1992 in
2537 1954 2698 2007 opera
2743 1949 3057 1996 vertentem.
3092 1941 3227 1997 Vide
3273 1943 3368 1997 Dei

1785 2026 2016 2098 syllabas
2044 2028 2313 2099 verbaque
2337 2030 2544 2096 brevia,
2575 2031 2753 2086 divina
2791 2033 2987 2089 virtute
3021 2035 3196 2105 plena.
3224 2035 3373 2091 Edu-

1785 2131 1901 2174 cant
1929 2138 2075 2192 aqua:
2095 2139 2113 2176 :
2139 2137 2319 2178 sermo
2347 2123 2498 2179 labor
2523 2135 2576 2180 et
2600 2141 2733 2194 opus
2751 2126 2846 2182 Dei
2876 2136 2977 2181 est.
3005 2128 3250 2183 Arbitror
3271 2145 3372 2200 ego

1784 2229 1945 2294 opera
1995 2231 2298 2271 sermonem
2326 2218 2676 2274 antevertissc
2705 2237 2719 2273 :
2767 2218 3002 2275 velocior
3043 2222 3186 2276 enim
3216 2222 3375 2277 dietis

1786 2297 2039 2379 potentia.
2066 2309 2312 2364 Nondum
2341 2312 2578 2380 prolatus
2598 2329 2778 2367 sermo
2799 2312 2990 2382 fuerat,
3007 2325 3060 2368 et
3089 2330 3222 2384 opus
3251 2331 3374 2386 pro-

1787 2400 1956 2470 prium
1989 2402 2284 2470 accipiebat
2312 2414 2557 2457 ornatum
2588 2421 2604 2460 :
2637 2405 2886 2475 quodque
2909 2405 3101 2460 mirum
3128 2416 3228 2474 cst,
3263 2408 3374 2463 sin-

1782 2494 1920 2563 gulis
1945 2494 2091 2549 lliSCP
2117 2496 2396 2552 elementis
2430 2499 2565 2552 Deus
2603 2500 2869 2568 duplicem
2903 2502 3174 2570 praebebat
3216 2521 3373 2558 orna-

1787 2596 1915 2640 ttuu.
1978 2586 2133 2642 Dedit
2180 2587 2515 2644 firmamento
2574 2591 2852 2647 luminaria
2901 2602 2957 2650 et
3009 2611 3207 2652 rorem.
3262 2596 3381 2652 Iino

1787 2678 1946 2732 etiam
1995 2677 2185 2734 horum
2232 2681 2573 2737 luminarium
2607 2684 2851 2740 diversus
2891 2697 3008 2742 erat
3035 2705 3198 2756 usus;
3226 2699 3281 2745 ut
3305 2706 3378 2746 es

1786 2769 1915 2838 ipsis
1943 2770 2231 2841 Scriptura;
2279 2773 2434 2829 dictis
2481 2787 2729 2842 constat,
2757 2778 2824 2834 de
2854 2780 3045 2850 quibus
3072 2798 3170 2852 pro
3211 2784 3371 2850 virili,

1787 2860 1886 2914 etsi
1933 2877 2040 2916 non
2083 2878 2183 2934 pro
2226 2863 2516 2935 dignitate,
2560 2884 2731 2938 nuper
2763 2871 2926 2926 verba
2962 2871 3218 2942 fecimus,
3249 2890 3391 2931 cum.

1791 2953 1943 3008 vobis
1969 2954 2160 3010 horum
2192 2959 2451 3014 rationem
2486 2961 2885 3029 exponebamus
2917 2977 2932 3016 :
2965 2964 3031 3020 de
3058 2966 3248 3036 quibus
3276 2968 3377 3024 ite-

1785 3063 1902 3102 rum
1935 3048 1987 3103 in
2010 3052 2262 3118 praesenti
2307 3067 2612 3109 sermonem
2646 3055 2842 3112 habere
2872 3057 3059 3114 inutile
3084 3060 3239 3117 foret.

1855 3139 1910 3193 2.
1950 3139 2088 3195 Deus
2114 3143 2370 3210 praeterita
2393 3185 2408 3208 ,
2440 3147 2706 3213 prwsentia
2735 3155 2783 3200 et
2809 3152 2984 3220 futura
3011 3150 3159 3204 videt.
3189 3151 3383 3222 Raptis.

1783 3248 1920 3287 smus
1957 3233 2254 3288 emundata
2294 3237 2510 3304 peccatis
2547 3237 2794 3302 omnibus.
2836 3238 3086 3311 Baptismt'
3125 3243 3291 3314 ï¬gura
3324 3255 3395 3299 ÎµÎµÎ¹

1785 3328 1876 3380 vis.
1903 3356 1974 3366 --
2003 3327 2184 3383 Terrae
2209 3329 2411 3385 semina
2441 3330 2590 3386 dedit
2617 3341 2670 3387 ct
2700 3331 2905 3402 plantas
2929 3351 2944 3400 ;
2974 3335 3148 3405 aquis,
3175 3337 3372 3393 natati-

1786 3420 1855 3474 lia
1882 3429 1936 3474 et
1965 3421 2218 3476 volatilia.
2247 3421 2478 3478 Educant
2497 3440 2641 3492 aqua:
2666 3426 2866 3495 reptilia
2892 3427 3177 3481 animarum
3202 3430 3369 3484 viven-

1788 3512 1909 3566 tium
1933 3554 1947 3576 ,
1978 3523 2023 3567 et
2050 3513 2276 3568 volatilia
2304 3515 2545 3569 volantia.
2578 3515 2804 3585 lleptilia
2837 3518 3008 3586 pisces
3031 3526 3184 3573 vocat
3205 3561 3220 3586 ,
3249 3521 3368 3590 quia

1788 3604 1961 3672 potius
2001 3614 2232 3674 repunt,
2272 3621 2427 3675 quam
2468 3607 2762 3662 ambulant.
2796 3608 3151 3674 Quamobrem
3183 3611 3398 3667 beatus.

1787 3695 1950 3749 David
1993 3695 2350 3765 legislaturem
2386 3712 2615 3768 sequens
2655 3700 2730 3753 ait
2760 3716 2774 3754 :
2807 3699 2920 3754 Hoc
2955 3717 3092 3755 mare
3132 3719 3373 3774 magnum

1786 3797 1833 3841 et
1877 3789 2157 3856 spatiosum
2189 3809 2209 3842 :
2236 3787 2344 3842 illic
2377 3789 2582 3860 reptilia
2624 3807 2837 3860 quarunt
2882 3808 2983 3846 non
3023 3802 3098 3847 est
3136 3809 3396 3848 numerus.

1787 3884 1805 3952 (
1832 3882 1973 3936 lâ€™sal.
2004 3883 2125 3938 105.
2153 3882 2225 3936 25
2247 3883 2287 3954 ).
2316 3883 2450 3938 Rem
2475 3884 2791 3953 stupendam
2821 3887 2835 3940 l
2878 3885 3198 3954 stupendum
3223 3888 3371 3945 ordiâ€”

1787 3976 1951 4029 nem!
2000 3973 2244 4044 stupendi
2291 3975 2438 4029 verbi
2481 3976 2925 4044 promissionem!
2966 3977 3194 4044 Quare?
3239 3978 3396 4044 Quia

1787 4065 2024 4121 omnium
2056 4065 2244 4134 Opifex
2273 4075 2357 4122 est
2382 4083 2395 4131 ;
2425 4067 2502 4121 sic
2540 4081 2649 4136 pra:
2679 4067 2847 4122 oculis
2879 4066 3037 4123 habet
3064 4070 3327 4138 praeterita
3354 4111 3371 4135 ,

1786 4157 2067 4228 praesentia
2100 4165 2155 4213 et
2197 4157 2367 4211 futura
2394 4199 2410 4224 ,
2451 4166 2510 4212 ut
2549 4173 2719 4227 neque
2753 4173 2852 4212 nos
2887 4175 2948 4214 ea
2980 4160 3091 4230 ipsa
3117 4177 3234 4233 quae
3262 4178 3372 4232 pra:

1787 4252 1956 4305 oculis
1976 4258 2116 4304 sunt.
2139 4250 2272 4317 Quia
2298 4250 2457 4320 igitur
2481 4265 2583 4321 per-
2599 4265 2764 4322 aquas
2787 4251 2958 4320 primo
2984 4253 3144 4308 vitam
3174 4255 3374 4311 mundo

1788 4346 2008 4401 daturus
2036 4353 2170 4409 erat,
2199 4343 2373 4414 primo
2401 4344 2553 4415 aquis
2583 4345 2844 4416 praecipit,
2871 4354 2930 4400 ut
2956 4345 3246 4416 viviparam
3275 4364 3372 4402 na-

1791 4446 1965 4491 turam
1994 4435 2291 4507 producant
2319 4453 2333 4491 :
2365 4444 2423 4492 ut
2446 4436 2623 4492 discas
2653 4436 2792 4492 unde
2817 4437 2968 4492 radix
2995 4438 3115 4493 vitae
3143 4440 3232 4494 sit.
3263 4440 3397 4511 Ego.

1790 4547 1911 4586 cum
1940 4530 2096 4586 video
2124 4543 2219 4585 eos
2261 4530 2349 4601 qui
2390 4529 2678 4584 illuminati-
2706 4529 2855 4585 fuere
2897 4546 2964 4585 ex
2995 4531 3192 4587 sanctis
3220 4534 3372 4604 aquis

1791 4625 1957 4689 exire,
1980 4624 2069 4692 qui
2093 4622 2146 4677 in
2173 4621 2494 4691 baptismum
2515 4637 2636 4676 cum
2663 4621 2843 4675 multis
2864 4621 3017 4677 malis
3036 4623 3184 4692 quasi
3211 4625 3372 4695 repti-

1791 4714 1860 4768 lia
1886 4712 2109 4783 ingressi
2134 4720 2276 4777 sunt,
2307 4719 2360 4767 et
2386 4727 2506 4766 cum
2534 4711 2638 4767 vita
2668 4720 2867 4767 aeterna
2895 4722 3017 4766 sunt
3053 4715 3274 4785 egressi,
3295 4715 3379 4770 vi-

1793 4805 1891 4860 deo
1921 4803 2299 4874 Legislatorem
2340 4802 2604 4858 dicentem
2634 4821 2647 4857 :
2680 4803 2920 4858 Educant
2951 4818 3102 4874 aquae
3133 4821 3193 4861 ea
3215 4848 3230 4873 ,
3261 4823 3400 4879 qua:-

1795 4908 1919 4954 tunc
1940 4897 2147 4967 reptili'a
2169 4904 2340 4962 erant,
2369 4913 2510 4952 nunc
2537 4896 2713 4951 anima
2734 4897 2916 4952 vivens
2936 4907 3079 4952 sunt.
3106 4898 3395 4957 Undeuam.

1795 4993 1897 5047 hoc
1921 4989 2077 5046 nobis
2103 4989 2279 5062 palam
2309 4991 2448 5046 erit?
2478 4989 2611 5058 Quia
2656 4991 2689 5044 ii
2719 4990 2808 5060 qui
2837 4991 3098 5046 accedunt
3141 4993 3207 5047 ad
3240 4994 3398 5048 lava-~

1794 5100 1942 5140 crum
1972 5083 2026 5138 in
2052 5083 2230 5154 priora
2270 5091 2484 5153 peccata
2508 5125 2523 5149 ,
2551 5083 2817 5153 reptilium
2858 5100 3052 5141 nomen
3083 5087 3386 5158 accipiunt.

1796 5176 2063 5232 Exierunt
2086 5177 2237 5232 multi
2266 5177 2331 5232 ad
2361 5177 2685 5246 baptismum
2710 5177 2930 5234 Joannis
2961 5196 2978 5231 Î¹
3007 5181 3386 5238 accedentibus

1795 5269 1924 5325 dicit
1953 5287 1968 5324 :
2001 5270 2306 5340 Serpentes,
2350 5272 2606 5342 genimina
2646 5273 2930 5341 viperarum
2958 5314 2975 5342 ,
3011 5276 3123 5344 quis
3164 5276 3385 5331 ostendit

1796 5363 1931 5416 vobis
1956 5365 2129 5434 fugere
2148 5379 2182 5416 a
2200 5372 2409 5417 ventura
2437 5365 2517 5417 ira
2545 5367 2562 5434 (
2586 5365 2772 5420 Matth.
2798 5367 2850 5422 5.
2877 5365 2944 5438 7)
2968 5366 2992 5420 7
3019 5366 3150 5422 Cum
3181 5365 3381 5436 anima,

1797 5469 1915 5524 qua:
1931 5455 2109 5512 multis
2133 5454 2288 5509 annis
2317 5454 2370 5508 in
2405 5456 2636 5525 nequitia
2663 5457 2794 5511 vixit
2816 5498 2831 5525 ,
2865 5457 2916 5512 in
2947 5457 3268 5528 baptismum
3300 5459 3388 5513 in-

1799 5553 1906 5600 trat
1931 5587 1946 5611 ,
1985 5555 2040 5602 et
2077 5546 2416 5617 improbitate
2454 5545 2694 5619 deposita
2732 5547 3023 5620 egreditur,
3050 5549 3172 5606 vide
3208 5568 3386 5607 annon

1799 5637 2049 5707 operibus
2072 5638 2409 5708 resplendeat
2431 5638 2521 5694 illa
2542 5655 2646 5695 vox
2668 5639 2955 5708 dominica,
2983 5657 3102 5712 quae
3125 5643 3221 5708 ait,
3245 5640 3390 5698 Edu-

1804 5736 1921 5783 cant
1944 5743 2091 5800 aqua
2115 5729 2321 5803 reptilia
2345 5730 2627 5786 animarum
2657 5731 2944 5804 viventium,
2975 5743 3022 5789 et
3049 5734 3272 5791 volatilia
3301 5751 3388 5790 Î½Î¿Ï…
