3704 6274
350 249 458 303 459

345 366 550 425 lautia?
580 362 850 431 Duplicem
899 370 1128 431 namque
1168 361 1392 430 gratiam
1423 359 1617 431 accipit
1644 358 1691 412 is
1714 359 1805 429 qui
1832 373 1928 412 sa-

345 462 508 512 lutem
536 456 902 524 consequitur,
932 469 1123 523 nempe
1149 463 1204 509 et
1235 451 1529 508 vivificatur
1547 451 1745 517 auium,
1765 459 1821 505 et
1841 467 1934 506 vo-

342 550 501 606 latilis
527 549 775 613 eflieitur,
804 556 859 602 et
883 546 950 602 ad
976 547 1229 601 extorum
1263 545 1497 600 fornices
1526 545 1737 615 attingit
1761 586 1777 609 ,
1805 556 1929 598 cuni

342 641 545 714 angelis
571 650 838 706 versatur,
864 646 920 694 et
947 649 1068 692 cum
1094 638 1293 693 caelesti
1322 637 1513 692 ordine
1539 637 1717 691 locum
1748 634 1929 688 habet.

349 735 409 789 Et
440 735 665 789 rolatilia
689 732 913 786 solantia
940 747 1094 802 super
1113 741 1300 783 terram
1328 729 1603 784 secundum
1631 729 1927 798 ﬁrmamen-

342 837 451 879 tum
474 825 607 880 ctuti.
638 822 807 893 Super
828 833 1011 877 terram
1036 861 1051 889 ,
1078 834 1325 891 corpore,
1357 820 1407 873 in
1435 818 1600 885 melis,
1632 818 1754 871 vitae
1780 816 1931 871 inSIi-

342 928 474 974 tuto.
507 918 632 973 Ηιυο
659 934 763 972 non
797 932 891 987 per
918 915 1226 987 allegoriam
1258 913 1559 968 inducimus
1581 952 1596 977 ,
1632 911 1725 967 sed
1758 913 1809 966 in
1842 911 1927 965 hi-

340 1013 506 1067 storia
531 1011 917 1081 conspicimus.
938 1007 1097 1065 Aliud
1124 1017 1207 1064 est
1235 1007 1544 1078 allegoriam
1571 1006 1622 1063 in
1651 1005 1925 1061 historiam

342 1104 397 1161 vi
428 1104 718 1169 inducere;
752 1103 893 1158 aliud
934 1102 1154 1157 historia
1183 1111 1391 1157 servata
1419 1101 1728 1170 allegoriam
1758 1114 1927 1155 exco-

338 1196 527 1265 gitare.
568 1196 743 1265 Atque
779 1203 837 1249 ut.
873 1192 1123 1249 ostendat
1163 1207 1223 1249 se
1252 1192 1465 1264 reptilia
1486 1192 1664 1247 dicere
1691 1191 1927 1246 volatilia

342 1297 568 1356 pennata
594 1327 607 1351 ,
636 1298 756 1356 qua:
785 1294 911 1341 sunt
947 1286 999 1339 in
1038 1284 1206 1348 mari,
1233 1284 1412 1339 subdit
1437 1300 1452 1349 ;
1491 1303 1510 1337 c
1539 1284 1605 1338 Et
1635 1283 1758 1339 fecit
1785 1284 1926 1339 Deus

339 1388 458 1434 rete
481 1377 723 1449 grandia,
752 1387 811 1433 et
833 1393 1050 1432 olimem
1078 1377 1310 1432 animam
1337 1377 1603 1431 viventem
1633 1376 1925 1447 reptiiium,

336 1486 455 1540 quae
477 1469 657 1526 eduxit
678 1484 813 1538 aqua
835 1486 849 1533 ;
872 1477 927 1523 et
951 1468 1163 1523 volatile
1193 1476 1479 1539 pennatum
1507 1482 1525 1520 ι
1561 1467 1710 1538 (Gen.
1736 1468 1786 1521 l.
1808 1468 1919 1537 ΩΙ).

339 1561 503 1615 Estne
532 1576 659 1630 ergo
697 1560 908 1615 volatile
947 1575 1055 1615 non
1091 1560 1422 1629 pennatum?
1463 1559 1589 1630 quid
1632 1575 1766 1629 opus
1809 1570 1926 1616 erat

336 1652 534 1716 dicere,
569 1650 785 1705 Volatile
813 1660 1087 1721 pennatam
1109 1650 1135 1704 7
1164 1650 1355 1705 Voiare
1383 1649 1468 1707 hic
1488 1650 1681 1706 dicitur
1708 1651 1760 1705 id
1781 1652 1923 1723 quod

336 1753 419 1797 cst
463 1742 766 1812 expandere
814 1757 1024 1797 nlsnus.
1081 1742 1263 1796 Potest
1305 1743 1466 1797 etiam
1516 1742 1636 1812 quis
1679 1743 1925 1799 manibus

335 1844 582 1903 πιτᾶσθαι,
615 1845 672 1889 ιιι
696 1836 772 1888 ait
798 1834 1059 1905 prepheta
1082 1852 1095 1887 :
1128 1834 1254 1888 Tota
1280 1836 1362 1888 die
1380 1841 1638 1902 ἐξεπιτασα
1656 1873 1671 1901 ,
1700 1836 1921 1906 expandi

334 1943 512 1980 manus
542 1944 678 1981 ineas
701 1927 768 1979 ad
790 1930 1035 1997 populum
1062 1943 1163 1981 non
1190 1927 1473 1981 credentem
1498 1937 1543 1981 et
1569 1928 1921 1982 contradicen-

335 2033 432 2076 tem
463 2017 615 2093 (Isai.
646 2020 734 2075 65.
761 2019 820 2091 2)
854 2038 867 2075 :
898 2035 1004 2075 non
1032 2019 1172 2090 quod
1204 2034 1392 2074 manus
1420 2035 1626 2089 pennas
1652 2019 1920 2088 habeant,

332 2112 428 2167 sed
448 2113 572 2182 quia
594 2120 822 2166 auat-6m
842 2112 1142 2183 expandere
1160 2112 1440 2182 signiﬁcat.
1462 2112 1613 2180 Quod
1640 2113 1775 2182 repit
1795 2128 1923 2183 ergo

335 2203 547 2258 νιιιειιίιθ
569 2204 671 2258 dici
705 2212 895 2273 potest,
918 2202 1059 2273 quod
1087 2213 1259 2273 rapat,
1277 2217 1439 2273 seque
1459 2202 1756 2273 expandat:
1782 2203 1924 2262 unde

334 2307 391 2352 et
416 2297 578 2351 David
605 2298 681 2351 ait
708 2313 725 2359 ;
756 2296 1024 2366 Serpentes
1051 2306 1096 2351 et
1117 2297 1342 2351 volatilia
1368 2306 1608 2367 pennata.
1636 2296 1779 2352 Fecit
1794 2312 1922 2367 ergo

335 2390 473 2445 Dens
510 2400 616 2445 cete
653 2390 867 2460 grandia
913 2390 931 2459 (
961 2388 1048 2444 Ps.
1080 2388 1203 2444 148.
1236 2388 1341 2459 10)
1373 2404 1387 2454 ;
1420 2388 1472 2443 id
1502 2398 1586 2444 est
1612 2430 1628 2457 ,
1660 2389 1921 2446 dracones

335 2495 557 2550 magnos
596 2481 648 2534 in
698 2480 850 2534 mari.
902 2480 1110 2551 Reliqui
1158 2481 1299 2535 enim
1346 2481 1664 2549 interpretes
1690 2480 1917 2543 dicunt;

345 2576 479 2628 Fecit
509 2573 644 2628 Deus
683 2574 924 2626 dracones
951 2588 1160 2642 magnos
1186 2572 1284 2642 (α).
1331 2571 1448 2627 Non
1475 2573 1749 2636 dixerunt,
1783 2572 1917 2637 Cele,

334 2666 450 2731 sed,
484 2668 757 2721 Dracones.
786 2664 922 2719 Nihil
956 2665 1006 2719 in
1036 2666 1167 2719 mari
1198 2663 1391 2719 factum
1419 2673 1502 2719 est
1528 2664 1666 2719 inter
1691 2665 1920 2719 viventia

337 2759 484 2826 prius
513 2772 670 2827 quam
701 2757 883 2813 draco.
915 2754 1039 2811 Ideo
1068 2755 1143 2810 ait
1172 2755 1336 2809 David
1366 2772 1378 2809 ε
1413 2773 1433 2805 t
1470 2755 1703 2809 Laudale
1735 2755 1921 2809 Domi-

336 2867 460 2906 num
482 2850 549 2905 de
567 2859 726 2917 terra,
743 2849 1004 2905 dracones
1020 2858 1074 2904 et
1091 2862 1276 2903 omnes
1292 2848 1464 2920 abyssi
1488 2870 1506 2900 ι
1532 2847 1649 2922 (Ps.
1673 2848 1795 2904 1-18.
1826 2851 1917 2919 7);

335 2955 391 3000 et
417 2944 543 2999 alibi
571 2963 585 2999 :
622 2964 639 2997 ‹
668 2944 779 2999 Iloc
813 2958 961 2999 mare
987 2959 1233 3014 magnum
1258 2954 1311 2998 et
1336 2945 1628 3013 spatiosum
1650 2985 1664 3009 ,
1696 2945 1801 2998 illic
1830 2960 1920 2999 re-

335 3037 481 3106 plilia
506 3051 734 3107 quorum
765 3050 867 3091 non
892 3044 975 3092 est
996 3051 1282 3090 numerus:
1312 3037 1560 3091 animalia
1588 3037 1775 3107 pusilla
1796 3053 1919 3092 cum

334 3131 537 3202 magnis
568 3148 580 3183 :
610 3131 718 3186 illic
743 3145 903 3185 naves
932 3129 1345 3197 pertransibunt.
1393 3129 1561 3183 Draco
1593 3129 1692 3184 iste
1712 3171 1725 3189 .
1756 3147 1913 3199 quem

328 3222 571 3279 formasti
619 3221 684 3276 ad
729 3220 1054 3276 illudendum
1096 3221 1145 3275 ei
1173 3240 1192 3273 ι
1240 3219 1374 3285 (Ps.
1412 3220 1534 3280 105.
1563 3220 1653 3276 25.
1681 3220 1750 3276 26
1775 3220 1815 3289 ).
1853 3224 1919 3277 Et

331 3313 457 3367 alibi
484 3322 541 3366 ut
567 3311 815 3366 ostendat
845 3328 949 3366 non
982 3326 1176 3373 unum,
1211 3311 1302 3365 sed
1335 3308 1530 3365 multos
1559 3312 1628 3365 ibi
1655 3311 1917 3369 dracones

330 3419 451 3460 esse
471 3447 485 3470 ,
514 3406 586 3459 ait
616 3420 631 3458 :
658 3402 739 3459 Tu
766 3404 1044 3459 contrivisti
1067 3406 1234 3473 capita
1254 3404 1530 3458 draconum
1561 3406 1611 3458 in
1636 3422 1766 3478 aqua
1797 3404 1915 3478 (Ps.

331 3497 428 3551 ⁸15.
452 3497 561 3566 15).
595 3494 736 3550 Fecit
763 3496 919 3566 igitur
947 3504 1052 3551 cete
1079 3495 1314 3565 grandia.
1345 3494 1411 3549 Et
1438 3496 1559 3550 vidit
1590 3495 1727 3552 Deus
1750 3538 1765 3561 ,
1796 3498 1917 3566 quia

330 3588 500 3641 omnia
530 3586 679 3640 bona.
709 3586 885 3654 Quare
914 3586 1081 3653 dixit,
1121 3585 1312 3641 Bona?
1340 3588 1592 3656 numquid
1623 3588 1758 3643 bona
1793 3603 1915 3658 pro-

333 3690 452 3751 pter
478 3677 916 3735 multitudinem?
945 3678 1101 3747 Atqui
1132 3678 1345 3749 quando
1374 3680 1555 3733 stellas
1589 3680 1713 3733 fecit
1741 3689 1797 3733 et
1824 3693 1915 3732 so-

330 3781 437 3828 lem
468 3781 523 3828 et
553 3773 734 3835 lunam,
754 3813 770 3838 ,
807 3772 972 3828 multa
1014 3772 1139 3831 licet
1177 3782 1357 3833 essent
1386 3789 1509 3843 qua:
1538 3772 1673 3826 facta
1706 3773 1919 3833 fuerant

329 3866 490 3921 dicit:
527 3864 661 3919 Vidit
683 3864 819 3923 Deus
838 3865 973 3935 quod
986 3876 1111 3920 esset
1138 3866 1322 3920 bonum
1344 3864 1496 3937 (Gen.
1528 3867 1712 3936 1.10).
1741 3867 1916 3923 Multae

326 3966 454 4013 sunt
476 3958 669 4024 stellaz,
693 3972 982 4027 earumque
1013 3957 1178 4011 millia
1206 3958 1516 4014 innumera:
1538 3974 1709 4029 neque
1738 3967 1913 4015 tamen

326 4050 497 4105 dixit:
521 4048 662 4107 Vidit
686 4048 825 4104 Deus
846 4048 989 4121 quod
1018 4048 1157 4103 bona
1179 4058 1396 4115 essent;
1429 4050 1523 4106 sed
1557 4050 1707 4118 Quod
1728 4052 1917 4107 bonum

326 4152 471 4198 esset.
496 4142 710 4211 Quare?
731 4142 862 4211 Quia
884 4143 983 4198 etsi
1002 4143 1164 4207 multa
1191 4143 1495 4212 luminaria,
1518 4160 1585 4200 ex
1608 4160 1710 4201 una
1736 4155 1911 4202 tamen

324 4235 446 4289 luce
472 4245 618 4301 sunt,
651 4242 706 4289 et
728 4233 793 4288 ad
825 4235 1071 4290 eumdem
1102 4236 1282 4289 omnia
1309 4251 1462 4291 usum
1493 4254 1507 4289 :
1540 4252 1661 4297 nam
1692 4238 1758 4295 ad
1786 4238 1912 4293 illu-

324 4328 634 4386 salutandum
673 4327 846 4396 posita
884 4336 1025 4381 sunt.
1059 4324 1157 4382 Hic
1181 4342 1307 4383 vero
1336 4328 1460 4398 quia
1500 4328 1686 4395 ingens
1711 4340 1793 4385 est
1822 4346 1914 4385 re-

323 4420 531 4487 ptilium
561 4414 856 4480 differentia
880 4458 900 4485 ι
924 4428 978 4473 et
1003 4418 1316 4483 volatilium,
1349 4420 1755 4490 natatiliumque
1789 4420 1910 4493 (alia

323 4510 520 4581 quippe
548 4509 684 4565 ratio
709 4517 794 4565 est
822 4509 1143 4576 natatilium,
1162 4511 1264 4565 alia
1288 4512 1601 4579 volatilium,
1620 4514 1723 4568 alia
1749 4515 1913 4584 repti-

322 4603 498 4671 lium),
521 4611 574 4656 et
597 4602 647 4655 in
676 4600 898 4672 singulis
926 4601 1207 4671 generibus
1234 4601 1397 4655 multa
1417 4599 1734 4674 diversaque
1764 4614 1913 4673 sunt,

318 4695 447 4750 dicit
470 4712 482 4748 :
523 4692 660 4748 Vidit
689 4692 827 4748 Deus
848 4693 982 4764 quod
1007 4703 1167 4748 essent
1192 4693 1341 4747 bona.
1369 4694 1473 4749 Pro
1500 4698 1752 4750 varietate
1782 4710 1910 4766 ope-

314 4804 435 4842 rum
474 4787 588 4842 laus
628 4787 889 4858 sequitur.
924 4786 989 4841 Et
1017 4786 1266 4842 benedixit
1296 4804 1354 4841 ea
1381 4786 1517 4843 Deus
1544 4788 1713 4863 dicens
1736 4804 1755 4843 :
1781 4786 1906 4844 Cre-

315 4881 439 4933 scite
464 4890 512 4935 et
533 4879 960 4949 multiplicamini,
980 4890 1027 4933 et
1045 4880 1231 4951 replete
1251 4896 1435 4950 aquas,
1462 4889 1507 4936 et
1530 4880 1755 4935 volatilia
1778 4881 1911 4939 mul-

319 4974 611 5042 tiplicemur
638 4970 791 5045 (Gen.
826 4973 878 5027 1.
901 4971 1015 5044 22).

389 5065 441 5119 5.
465 5063 638 5117 Stellis
654 5079 743 5116 cur
764 5080 861 5116 non
880 5063 1184 5117 benedixerit
1205 5060 1440 5117 Deus.—
1460 5063 1568 5119 Cur
1586 5081 1705 5119 cum
1728 5066 1909 5122 stellas

314 5156 459 5213 fecit.
481 5170 583 5208 non
601 5154 907 5210 benedixit?
929 5168 1025 5208 cur
1038 5169 1158 5209 cum
1183 5155 1372 5210 herbas
1390 5166 1444 5209 et
1466 5156 1602 5225 ligna
1633 5156 1778 5222 fecit,
1804 5174 1907 5212 non

314 5246 585 5304 benedixit
598 5246 621 5299 ?
634 5246 746 5300 Alia
765 5244 1056 5313 benedixit,
1071 5248 1170 5305 alia
1188 5262 1288 5301 non
1305 5247 1588 5303 benedicit.
1604 5249 1732 5317 Quzr
1750 5265 1907 5304 causa

312 5338 522 5395 virtutis
541 5338 696 5407 hujus
712 5346 967 5392 creatum
985 5338 1114 5392 fuit?
1140 5338 1577 5403 Attende.$tell:c
1598 5349 1725 5409 quot
1754 5339 1907 5395 factm

311 5443 435 5489 sunt
458 5433 525 5488 ab
553 5433 736 5499 initio,
769 5440 845 5487 tot
873 5441 1090 5488 manent
1113 5472 1129 5500 ,
1160 5449 1224 5488 ac
1250 5449 1421 5504 neque
1449 5450 1671 5489 nlmicro
1696 5478 1709 5500 ,
1737 5452 1909 5507 neque

311 5526 675 5599 magnitudine
713 5514 935 5597 possunt
970 5526 1195 5598 augeri;
1236 5541 1431 5596 nempe
1473 5542 1591 5582 cum
1628 5518 1681 5582 in
1711 5527 1907 5582 identi-.

376 5659 452 5716 (nl
485 5666 595 5726 tunc
615 5660 916 5726 reliquorum
946 5666 1269 5726 interpretum
1307 5659 1455 5712 lectio
1488 5668 1585 5719 non
1622 5669 1813 5713 notatur
1856 5668 1907 5721 in

318 5717 542 5785 llexaplis

1781 244 2148 300 SEVElllANl

3514 264 3616 322 ιω

2043 367 2153 415 tate
2193 368 2397 416 natura)
2444 375 2806 423 permansura:
2845 374 3061 433 essent,
3100 367 3475 429 benedictione
3510 391 3621 443 qn
3656 404 3657 415 ι

2038 450 2181 517 ipsas
2201 451 2581 521 multiplicaret
2606 469 2713 510 non
2733 457 2980 527 egebant.
3011 457 3142 527 Qum
3167 477 3296 516 vero
3319 478 3388 518 es
3412 480 3620 522 sumes-

2036 541 2187 595 sione
2212 552 2495 613 augentur,
2526 560 2625 602 nec
2647 546 2749 603 alio
2782 558 3003 617 possunt
3029 551 3211 621 augeri
3237 553 3402 607 modo
3420 596 3436 620 ,
3464 554 3620 612 bene-

2035 631 2326 688 dictionem
2357 638 2661 691 necessario
2687 639 3041 708 accipiebant.
3072 641 3215 698 Idem
3243 661 3459 699 rursum
3490 646 3619 712 dico,

2036 733 2094 779 ut
2116 725 2315 781 dictum
2342 728 2512 798 magis
2536 729 2783 800 inligatur
2802 734 2987 786 memi.
3011 732 3193 805 Neque
3214 736 3387 802 enim,
3418 736 3621 799 fratres.

2038 816 2235 884 planta,
2259 834 2379 889 qua:
2400 828 2602 876 temere
2621 830 2677 877 et
2706 824 3062 891 perfunctorie
3091 825 3145 880 in
3173 834 3335 882 terra:
3362 828 3618 883 scissum

2036 908 2321 973 inducitur,
2350 911 2557 991 firmam
2588 912 2747 969 habet
2774 914 2992 980 sedem;
3037 916 3134 972 sed
3170 933 3292 987 qua:
3321 917 3378 973 in
3411 920 3620 988 pretan-

2034 999 2158 1055 dum
2190 1002 2307 1070 ejus
2335 1018 2461 1059 cum
2488 1004 2631 1061 omni
2660 1005 2937 1076 diligentia
2964 1008 3291 1064 immittitur.
3319 1008 3513 1066 Stellae
3537 1012 3620 1068 he-

2035 1092 2336 1150 nedictione
2357 1109 2493 1164 opus
2522 1110 2628 1151 non
2659 1096 2928 1152 habebant
2956 1116 2971 1154 :
3004 1114 3178 1170 neque
3201 1101 3347 1160 enim
3381 1101 3503 1158 hac
3534 1105 3621 1165 illis

2033 1184 2420 1255 multiplicandi
2451 1187 2557 1242 vim
2597 1189 2883 1244 tribuebat.
2908 1190 3155 1246 Volatilia
3183 1203 3370 1249 autem
3398 1202 3459 1249 et
3487 1207 3620 1249 nata-

2036 1278 2144 1332 tilia
2173 1287 2332 1348 atque
2368 1279 2529 1335 homo
2570 1280 2710 1336 hanc
2749 1282 3180 1339 benedictionem
3212 1285 3619 1353 desiderabam,

2032 1371 2391 1429 successionis
2407 1387 2587 1429 causa.
2613 1374 2787 1444 Atque
2810 1376 2901 1429 ubi
2927 1376 3085 1433 aliter
3111 1377 3495 1448 multiplicatio
3521 1379 3621 1437 ficii

2032 1463 2235 1532 nequit,
2261 1463 2331 1519 ibi
2360 1464 2535 1519 locum
2565 1464 2723 1521 habet
2753 1467 3053 1524 benedictio
3077 1486 3091 1525 :
3120 1469 3208 1525 ubi
3235 1486 3438 1542 nempe
3467 1486 3619 1540 pauca

2030 1554 2474 1624 multiplicantur,
2504 1566 2561 1613 et
2593 1572 2756 1627 parva
2786 1568 3127 1629 augmentum
3156 1560 3471 1616 admittunt.
3501 1563 3621 1630 Qui:

2030 1647 2188 1717 igitur
2209 1661 2422 1703 causam
2440 1649 2755 1719 agnovimus
2772 1665 2867 1704 cur
2887 1650 3003 1706 huic
3017 1650 3399 1708 benedictione
3417 1654 3621 1725 dignata

2030 1739 2243 1807 fuerint,
2262 1755 2440 1809 opera:
2467 1742 2693 1810 pretium
2722 1740 2881 1797 fuerit
2901 1744 2967 1797 ad
2996 1744 3129 1799 alias
3151 1744 3369 1800 demum
3394 1744 3623 1815 Scripta.

2028 1847 2207 1887 rarum
2242 1832 2502 1889 dictiones
2551 1850 2650 1890 nos
2687 1835 2953 1891 conferre.
2982 1836 3200 1895 Crescite
3222 1878 3239 1905 ,
3266 1838 3393 1907 quia
3425 1853 3621 1909 pana;

2029 1922 2450 1995 Multiplicamini
2472 1965 2490 1993 ,
2520 1926 2643 1997 quia
2677 1942 2883 1997 pauca;
2916 1927 3134 1997 lmplete
3175 1945 3337 2000 aquas
3361 1971 3380 1997 ,
3412 1936 3540 2001 quia
3582 1934 3622 1987 in

2028 2029 2198 2087 parte.
2229 2017 2460 2074 Necesse
2485 2029 2665 2074 autem
2684 2032 2789 2088 est,
2823 2030 2882 2077 ut
2904 2021 3009 2075 alio
3028 2032 3270 2092 tempore
3294 2040 3622 2093 qummus,

2026 2123 2123 2163 cur
2149 2109 2325 2179 pisces
2362 2120 2415 2165 et
2443 2110 2679 2166 volatilia
2716 2123 2772 2167 et
2800 2111 3070 2168 hominem
3099 2115 3385 2171 dumtaxat
3412 2116 3623 2171 benedl.

2026 2198 2204 2253 ctione
2227 2199 2474 2270 dignatus
2496 2200 2598 2266 sit;
2621 2202 2829 2258 caeteris
2851 2219 2978 2259 vero
2998 2219 3106 2260 non
3133 2220 3252 2259 eam
3280 2206 3620 2277 impertierit.

2026 2289 2242 2345 Interim
2268 2300 2447 2347 autem
2471 2332 2488 2358 ,
2521 2302 2579 2347 ut
2608 2294 2829 2363 polliciti
2859 2309 3043 2351 sumus
3062 2337 3076 2362 ,
3109 2297 3269 2352 seriei
3300 2297 3621 2354 bmreamas.

2025 2381 2094 2435 Et
2116 2382 2243 2437 dixit
2267 2383 2406 2439 Deus
2434 2401 2452 2439 :
2478 2385 2679 2439 Educet
2712 2398 2843 2440 terra
2868 2388 3090 2442 animam
3116 2389 3360 2443 viventem
3389 2390 3550 2460 (Cen.
3578 2394 3619 2447 l.

2023 2473 2136 2544 21).
2154 2474 2372 2533 Terram
2396 2476 2537 2531 Deus
2556 2477 2749 2549 duplici
2768 2480 2931 2535 aflicit
2943 2480 3167 2536 honore.
3186 2483 3367 2541 Primo
3382 2484 3531 2541 enim
3546 2485 3623 2539 illa

2027 2568 2228 2622 semina
2260 2569 2425 2639 gignit
2451 2578 2506 2623 et
2535 2570 2760 2639 plantas,
2792 2581 2846 2625 et
2874 2581 3056 2640 postea
3082 2574 3367 2640 animalia;
3392 2592 3499 2631 nec
3520 2579 3623 2633 sine

2025 2674 2206 2725 causa,
2237 2660 2330 2715 sed
2359 2661 2481 2731 quia
2506 2660 2737 2717 hominis
2769 2662 3095 2718 domicilium
3132 2663 3306 2721 futura
3338 2678 3458 2723 erat
3490 2684 3507 2722 2
3539 2685 3621 2723 ne-

2026 2766 2131 2821 que
2159 2750 2210 2806 id
2243 2761 2446 2809 tantum
2470 2770 2484 2817 ;
2507 2753 2600 2808 sed
2625 2754 2745 2823 quia
2771 2768 2835 2809 ex
2867 2753 2953 2808 illa
2981 2755 3094 2825 ipsa
3120 2753 3284 2813 homo
3305 2757 3621 2813 alimentum

2023 2856 2343 2914 accepturus
2366 2855 2482 2902 erat
2504 2889 2519 2914 ,
2553 2848 2693 2903 illam
2727 2856 2783 2903 ut
2806 2848 3067 2903 nutricem
3097 2857 3153 2903 et
3182 2860 3412 2906 matrem
3446 2854 3623 2922 magni

2026 2940 2187 3006 hujus
2216 2941 2463 2996 animalis
2492 2983 2508 3007 ,
2550 2941 2762 2997 honore
2790 2940 2972 2996 afﬁcit.
3008 2941 3105 2998 llic
3134 2942 3255 2997 vide
3282 2959 3389 3013 qua
3418 2944 3624 2999 ordinis

2023 3033 2162 3088 serie
2183 3034 2252 3089 sit
2272 3048 2417 3087 usus.
2450 3032 2628 3090 Primo
2653 3033 2904 3089 alimenta
2934 3043 3083 3103 parat
3108 3051 3122 3098 ;
3154 3035 3394 3091 secundo
3422 3036 3625 3093 inducit

2023 3141 2084 3179 ea
2125 3141 2243 3196 qum
2283 3126 2549 3180 alimentis
2592 3124 2868 3192 fruantur,
2909 3135 2969 3183 ut
3009 3142 3135 3196 erga
3165 3127 3441 3183 hominem
3479 3128 3622 3183 fecit.

2024 3216 2202 3271 Primo
2219 3216 2434 3271 domum
2458 3216 2698 3287 perfecit,
2731 3226 2784 3272 et
2805 3218 2880 3273 sic
2909 3219 3346 3287 patremfamilias
3376 3221 3621 3276 introdu-

2022 3310 2116 3370 xit.
2146 3309 2339 3363 Educet
2360 3319 2494 3365 terra
2513 3310 2735 3362 animam
2756 3310 3013 3364 viventem.
3052 3304 3284 3365 lnanima
3312 3320 3458 3369 terra
3490 3329 3620 3383 quo-

2022 3401 2181 3455 modo
2223 3402 2389 3471 gignit
2416 3402 2649 3455 animam
2681 3402 2988 3455 viventem?
3019 3400 3159 3455 unde
3186 3400 3383 3471 prodiit
3412 3401 3505 3458 leo
3535 3420 3622 3457 ru-

2019 3497 2191 3566 giens,
2220 3506 2311 3550 aut
2336 3510 2504 3565 equus
2528 3510 2767 3562 currens,
2796 3506 2885 3550 aut
2912 3495 3008 3549 bos
3040 3495 3358 3564 laboriosus,
3387 3506 3485 3550 aut
3510 3512 3623 3550 sar-

2019 3590 2155 3648 cinis
2179 3597 2335 3657 aptus
2362 3589 2581 3643 asinus?
2603 3587 2743 3642 unde
2763 3587 3072 3641 animalium:
3098 3586 3412 3643 dill‘erentix
3430 3590 3457 3642 ἲ
3486 3592 3623 3645 unde

2020 3696 2084 3735 ex
2111 3681 2342 3734 inanima
2371 3690 2449 3735 tot
2473 3680 2708 3736 animm?
2734 3680 2843 3735 Nec
2870 3680 3031 3750 pudet
3056 3680 3337 3736 lnoreticos
3358 3682 3457 3752 (α),
3482 3684 3622 3752 quod

2021 3772 2252 3829 inanima
2272 3781 2409 3828 terra
2432 3788 2588 3842 quam
2608 3788 2712 3827 non
2730 3771 3133 3827 babetanimam
3158 3771 3427 3840 proferat;
3454 3770 3622 3829 Deum

2019 3880 2149 3921 vero
2171 3866 2215 3919 si
2242 3866 2491 3936 genuisse
2513 3864 2732 3919 audiant
2758 3879 2825 3919 ex
2856 3864 3066 3935 propria
3092 3864 3407 3929 substantia,
3435 3867 3616 3920 statim

2019 3960 2418 4014 ratiociniorum
2442 3959 2603 4015 tricas
2628 3966 2912 4022 moveant,
2934 3965 2990 4012 et
3010 3956 3238 4012 inierant
3264 3970 3279 4007 :
3306 3957 3457 4029 Ergo
3486 3958 3619 4014 diri-

2020 4067 2112 4107 sus
2141 4060 2224 4107 est
2250 4092 2264 4116 ,
2307 4066 2437 4122 ergo
2479 4051 2740 4105 dissectus
2759 4090 2774 4115 ,
2802 4064 2930 4119 ergo
2960 4062 3147 4118 passus
3175 4058 3291 4117 est,
3335 4059 3391 4103 et
3421 4050 3619 4105 similia

2019 4159 2141 4215 quae
2167 4143 2346 4198 dicere
2375 4143 2568 4198 solent.
2601 4141 2781 4211 Neque
2808 4141 2951 4195 enim
2979 4138 3256 4210 praesentis
3285 4150 3372 4196 est
3402 4150 3619 4212 tempo-

2018 4240 2093 4291 ris
2122 4235 2300 4290 omnia
2331 4250 2451 4305 quze
2479 4244 2665 4289 contra
2696 4232 3031 4302 Unigenitum
3057 4275 3073 4300 ,
3107 4230 3212 4286 imo
3243 4243 3432 4287 contra
3466 4248 3616 4287 suam

2018 4328 2245 4385 salutem
2296 4327 2479 4382 dicunt
2501 4369 2515 4394 ,
2548 4326 2845 4381 confutare.
2880 4324 3019 4379 Deus
3048 4324 3190 4379 enim
3223 4338 3321 4380 nec
3350 4324 3395 4378 si
3430 4325 3617 4379 laude-

2020 4428 2121 4487 tur,
2146 4418 2343 4490 aliquid
2365 4420 2494 4476 lucri
2520 4418 2767 4489 percipit,
2794 4433 2894 4474 nec
2920 4418 2962 4471 si
2988 4416 3279 4472 maledictis
3302 4420 3618 4487 impelatur,

2018 4511 2218 4582 aliquid
2237 4511 2418 4567 damni
2448 4530 2459 4565 :
2490 4511 2588 4566 nisi
2623 4511 2846 4566 fortasse
2874 4510 3090 4573 dixeris,
3120 4506 3343 4564 salutem
3370 4521 3619 4565 nostram

2017 4604 2223 4659 lucrum
2255 4619 2377 4660 esse
2409 4603 2523 4658 Dei.
2558 4602 2674 4673 Ipse
2701 4617 2930 4671 namque
2954 4600 3143 4671 plenus
3167 4610 3249 4655 est
3268 4602 3415 4655 omni
3446 4602 3615 4665 bono,

2017 4697 2265 4767 nullaque
2297 4713 2354 4751 re
2381 4705 2537 4767 eget:
2560 4694 2649 4767 qui
2677 4710 2865 4750 omnes
2892 4694 3045 4761 ditet,
3077 4692 3327 4764 nulloque
3353 4710 3492 4765 opus
3522 4696 3620 4749 ha-

2017 4790 2156 4846 beat.
2190 4790 2478 4845 Enimvero
2506 4790 2625 4859 quis
2650 4782 2855 4843 dederit
2876 4787 3142 4858 quidpiam
3167 4787 3236 4851 ei,
3259 4787 3349 4857 qui
3370 4790 3619 4844 omnium

2015 4892 2099 4940 est
2128 4881 2243 4938 fons
2274 4881 2534 4937 bonorum
2556 4922 2576 4946 ,
2608 4895 2673 4935 ex
2702 4881 2855 4948 cujus
2884 4880 3040 4933 unius
3074 4877 3400 4948 benignitate
3430 4880 3617 4933 omnia

2015 4974 2327 5049 pendeant?
2371 4972 2829 5041 Quemadmodum
2878 4972 2953 5024 ait
3003 4968 3209 5025 David:
3242 4967 3431 5023 Omnia
3471 4970 3541 5023 ad
3569 4983 3619 5025 te

2014 5079 2323 5143 exspectant,
2355 5069 2533 5138 Aperis
2554 5078 2607 5120 tu
2634 5082 2839 5120 manuni
2866 5076 3026 5130 tuam,
3058 5072 3104 5117 et
3131 5062 3307 5133 imples
3330 5080 3482 5118 omne
3504 5066 3617 5117 arti-

2014 5167 2115 5220 mal
2142 5164 2480 5219 benedictione
2508 5158 2636 5231 (Ps.
2662 5160 2782 5214 105.
2806 5158 2895 5212 27.
2929 5168 2973 5211 et
3000 5156 3121 5212 144.
3146 5156 3271 5228 16).
3311 5156 3419 5211 Sed
3452 5174 3613 5229 quem

2012 5257 2246 5329 aggressi
2284 5270 2470 5311 sumus
2513 5266 2817 5308 sermonem
2863 5250 2929 5303 ad
2972 5249 3129 5303 ﬁnem
3172 5246 3456 5304 ducamus.
3501 5247 3614 5305 Hoc

2012 5351 2155 5413 enim
2186 5360 2238 5404 et
2266 5348 2424 5403 nobis
2450 5357 2659 5418 gratum
2688 5355 2770 5400 est
2791 5386 2805 5408 ,
2838 5352 2891 5398 et
2917 5341 3051 5398 ordo
3078 5337 3334 5413 postulat.
3378 5340 3437 5395 Id
3472 5343 3615 5410 quod

2014 5456 2121 5495 non
2152 5441 2309 5495 habet
2339 5449 2478 5493 terra
2511 5434 2730 5506 profert,
2753 5432 2992 5504 jubenlis
3021 5432 3245 5501 imperio
3269 5430 3612 5502 obsequens;

2011 5542 2067 5592 et
2093 5532 2145 5587 id
2179 5529 2323 5601 quod
2349 5529 2509 5583 habet
2533 5526 2711 5581 divina
2742 5535 2795 5581 et
2836 5525 3143 5579 intemerata
3175 5532 3363 5577 natura
3394 5539 3501 5577 non
3530 5525 3613 5595 gi.

2010 5624 2163 5699 gnit?
2191 5623 2385 5679 Verum
2420 5636 2486 5675 ne
2525 5618 2644 5689 quis
2689 5632 2895 5672 rursum
2928 5631 3111 5671 vocem
3143 5612 3345 5675 habere
3374 5612 3617 5673 humano

2078 5718 2153 5781 (ιι)
2186 5717 2389 5765 Arianos
2413 5711 2657 5775 intelligit.
