3720 6276
438 258 534 314 ιει

434 376 608 446 πέρας
644 372 960 443 ἀγάγωμεν.
1007 369 1178 425 Τοῦτο
1207 373 1314 448 γὰρ
1346 370 1442 424 καὶ
1470 371 1601 441 ἡμῖν
1629 367 1780 438 φίλον
1813 367 1910 420 καὶ
1940 371 2005 438 τῇ

430 462 582 525 τάξει
625 459 986 527 καθέστηκεν.
1030 459 1096 510 ‘0
1133 457 1233 510 οὑκ
1275 459 1387 528 ἔχει
1421 457 1453 526 ή
1494 455 1565 524 γῆ
1608 452 1902 524 προφέρει,
1932 452 2012 518 τῷ

433 542 816 614 προστάγματι
846 539 1139 610 πειθομένη
1165 557 1179 570 ·
1212 540 1240 592 6
1269 541 1380 610 ἔχει
1415 542 1449 610 ή
1479 538 1598 590 θεία
1631 536 1724 589 καὶ
1746 535 2013 606 ἄχραντος

430 627 532 679 οὐκ
577 625 852 694 ἀπογεννᾷ
901 621 1094 690 φύσις;
1148 623 1310 675 ’Λλλά
1356 621 1518 675 πάλιν
1569 621 1642 688 μή
1675 635 1759 682 τις
1784 618 1846 670 τὸ
1868 617 2011 688 ἔχειν

430 707 914 779 ἀνθρωπινώτερον
934 706 1255 776 λαμϐανέτω
1292 706 1498 774 λέγων·
1553 704 1718 774 Ὁρᾷς
1756 701 1872 764 πῶς
1916 702 2011 754 καὶ

431 791 594 854 αὐτὸς
636 790 664 843 ὁ
707 789 1027 853 διδάσκαλος
1073 789 1241 842 ἔδωκε
1280 787 1706 860 προγενέστερον
1746 786 2010 856 ὑπάρχειν

430 875 525 928 τοῦ
563 875 694 927 Υίοῦ
720 875 814 926 τὸν
843 874 1092 944 Πατέρα;
1130 871 1265 926 ἀλλά
1296 871 1494 941 μᾶλλον
1524 867 1852 939 συγγνώμην
1878 867 2012 921 ἀπό-

430 975 614 1028 νειμαι
637 956 716 1026 τῷ
754 955 914 1025 λόγῳ,
942 955 1248 1026 ἀνθρώποις
1280 951 1399 1007 οὖσι
1427 955 1523 1007 καὶ
1557 954 1788 1023 πηλίνην
1813 969 2011 1022 κεκτη-

433 1041 619 1110 μένοις
658 1039 939 1108 γλῶσσαν,
982 1038 1077 1090 καὶ
1116 1038 1252 1107 πρὸς
1296 1036 1616 1108 ἀνθρώπους
1671 1035 2011 1104 ποιουμένοις

429 1123 587 1192 λόγον
638 1125 768 1193 περὶ
807 1121 958 1185 θείας
1002 1121 1098 1175 καὶ
1151 1121 1328 1174 πάντα
1364 1121 1523 1188 λόγον
1573 1117 2010 1189 ὑπερδαινούσης

431 1207 665 1277 φύσεως.
694 1205 1002 1275 ’Ἄνθρωποι
1038 1204 1149 1275 γάρ
1187 1203 1359 1266 ὅντες,
1403 1203 1478 1266 ὼς
1517 1201 1793 1273 ἄνθρωποι
1828 1201 2009 1254 λαλεῖν

431 1290 810 1360 ἐδιδάχθημεν.
845 1289 937 1360 Μὴ
967 1288 1075 1358 γάρ
1116 1288 1293 1340 ίσασιν
1319 1289 1367 1339 οἰ
1388 1286 1581 1351 άθλιοι,
1612 1287 1692 1338 ὃτι
1722 1287 1849 1355 περὶ
1875 1282 2007 1337 Θεοῦ

429 1373 794 1442 διαλέγονται,
841 1372 1207 1443 προφέροντες
1251 1370 1440 1439 λόγους
1478 1371 1603 1433 τοὺς
1645 1369 1736 1422 ἐπὶ
1768 1366 1902 1421 Θεοῦ
1933 1367 2008 1438 μή

433 1457 768 1528 ἁρμόζοντας
808 1454 1078 1523 λέγεσθαι.
1115 1452 1222 1507 Kal
1258 1455 1359 1524 ὅρα
1399 1451 1754 1522 κακουργίαν.
1783 1450 1913 1504 Ὅτε
1943 1451 2012 1504 τά

431 1539 720 1611 ζητήματα
763 1539 1168 1607 προτείνουσιν,
1215 1535 1324 1590 ἀπὸ
1377 1535 1486 1588 τῶν
1518 1533 1874 1604 ἀνθρωπίνων
1919 1532 2009 1586 λο-

429 1621 645 1692 γισμῶν
676 1620 959 1674 λαλοῦσιν·
1000 1614 1142 1672 οἷον·
1190 1619 1326 1683 Πᾶν,
1377 1618 1530 1688 φησὶ,
1579 1618 1641 1670 τὸ
1673 1615 2010 1687 γεννώμενον

429 1707 605 1775 ἀρχὴν
640 1703 752 1775 ἔχει
782 1704 876 1756 τοῦ
910 1699 1069 1757 εἶναι.
1103 1702 1214 1755 Καὶ
1258 1700 1458 1766 πόθεν;
1493 1700 1662 1754 Τοῦτο
1693 1699 1895 1764 εὐθέως
1921 1699 2009 1752 λέ-

430 1805 587 1856 γουσι
613 1802 626 1816 '
661 1789 733 1841 Σὺ
761 1787 1039 1858 γεννηθεὶς
1061 1785 1162 1838 οὑκ
1202 1785 1379 1856 ἀρχὴν
1405 1784 1595 1854 ἐσχες;
1625 1783 1654 1836 6
1684 1785 1864 1854 πατήρ
1891 1799 2006 1848 σου,

429 1873 459 1924 6
489 1872 711 1934 πάππος
735 1888 861 1935 σου;
908 1871 1033 1923 Ἐὰν
1057 1869 1416 1940 παραστήσῃς
1443 1867 1592 1937 αύτῴ
1617 1867 1677 1932 ἐξ
1701 1866 1882 1921 αὑτῶν
1902 1867 2010 1920 τῶν

429 1954 703 2027 λογισμῶν
729 1952 985 2024 λογισμὸν
1010 1952 1197 2021 ἕτερον
1221 1949 1469 2003 διαλῦσαι
1495 1949 1658 2002 αὑτοῦ
1678 1949 1777 2022 τὴν
1813 1949 2010 2021 μανίαν

427 2039 750 2108 δυνάμενον,
787 2036 950 2098 εὐθὺς
992 2033 1301 2105 σοφίζεται·
1357 2033 1492 2104 Περὶ
1534 2031 1669 2086 Θεοῦ
1710 2033 1886 2101 λόγος,
1917 2033 2012 2086 καὶ

429 2120 806 2192 ἀνθρωπίνους
851 2136 941 2189 μοι
987 2116 1281 2186 λογισμοὺς
1336 2115 1724 2185 παρεισάγεις;
1771 2116 1866 2170 καὶ
1913 2115 2011 2187 τὴν

432 2204 532 2273 μὲν
565 2203 719 2273 ῥίζαν
753 2201 862 2256 τῶν
906 2200 1090 2254 κακῶν
1118 2199 1225 2253 ἀπὸ
1271 2199 1464 2252 κοινῶν
1501 2200 1832 2270 προφέρουσι
1862 2200 2011 2268 λογι-

432 2284 586 2354 σμῶν
605 2301 619 2314 ·
659 2285 757 2355 τὴν
783 2283 842 2336 δὲ
887 2283 1128 2337 διάλυσιν
1167 2281 1276 2336 τῶν
1298 2280 1486 2335 κακῶν
1511 2282 1572 2334 οὑ
1599 2282 1878 2351 βούλονται
1903 2283 2010 2336 ἀπὸ

430 2366 539 2420 τῶν
561 2367 737 2421 αὐτῶν
765 2365 1014 2439 δέχεσθαι
1039 2365 1334 2436 λογισμῶν.

499 2524 561 2578 6'.
589 2523 750 2592 Λέγει
769 2523 1047 2588 πολλάκις·
1066 2523 1300 2578 Δύναταί
1320 2541 1403 2589 τις
1419 2524 1558 2578 εἶναι
1577 2524 1672 2578 καὶ
1686 2523 1974 2593 γεννᾶσθαι
1991 2541 2008 2592 ;

442 2606 569 2659 Ἐάν
597 2602 708 2670 οὖν,
732 2606 891 2672 δείξω
924 2606 1023 2678 τὴν
1056 2607 1278 2679 Γραφὴν
1302 2607 1385 2660 δτι
1411 2608 1511 2661 οὐκ
1555 2608 1647 2660 ἐπὶ
1664 2605 1797 2661 Θεοῦ
1831 2608 2008 2679 μόνον,

430 2689 568 2744 ἀλλά
607 2692 702 2743 καὶ
751 2691 844 2742 ἐπὶ
890 2689 1192 2761 ἀνθρώπων
1238 2692 1499 2760 εἰσήγαγε
1549 2690 1611 2744 τὸ
1657 2692 1930 2758 τοιοῦτον,
1959 2693 2011 2746 τί

431 2778 634 2840 ποιείς;
673 2775 810 2837 Τοὺς
840 2773 935 2826 τοῦ
978 2774 1248 2845 μακαρίου
1295 2774 1548 2846 Ἀϐραὰμ
1581 2775 1776 2851 παῖδας
1805 2778 1902 2846 οὑχ
1936 2777 2012 2842 ὡς

432 2857 510 2929 μὴ
535 2858 689 2922 ὄντας
715 2858 749 2928 ὴ
784 2856 974 2928 Γραφὴ
1013 2857 1159 2925 λέγει
1204 2858 1534 2926 γεννᾶσθαι,
1567 2857 1680 2912 ἀλλ’
1711 2859 1787 2924 ὡς
1819 2860 2013 2930 προόν-

429 2959 550 3005 τας.
584 2942 640 2995 Ὀ
672 2943 778 3012 γὰρ
817 2939 1067 3011 Ἀϐραὰμ
1107 2940 1366 3012 ἐγέννησε
1391 2941 1482 2996 τὸν
1520 2942 1736 2996 Ἰσαάκ·
1762 2945 1791 2996 6
1827 2942 2011 2997 Ἰσαάκ

430 3025 686 3095 ἐγέννησε
739 3024 831 3078 τὸν
884 3023 1077 3077 Ἰακώϐ
1098 3041 1112 3054 ·
1157 3023 1352 3078 Ἰακὼϐ
1381 3024 1472 3080 τὸν
1503 3026 1651 3091 Λευὶ,
1683 3025 1743 3092 ἐξ
1784 3020 1844 3080 οῦ
1877 3028 1909 3098 ή
1940 3027 2013 3080 ἱε-

431 3108 629 3181 ρατικη
651 3108 813 3179 φυλή.
840 3106 1060 3180 Ἐπειδὴ
1096 3108 1272 3161 τοίνυν
1303 3108 1382 3180 τῷ
1409 3108 1743 3181 Μελχισεδὲκ
1774 3111 2012 3182 ἀπήντη-

430 3210 523 3246 σεν
553 3188 704 3257 οὗτος
726 3233 740 3256 ,
772 3191 914 3261 λέγω
955 3192 1018 3263 δὴ
1070 3191 1320 3264 Ἀϐραὰμ
1343 3235 1356 3258 ,
1393 3194 1605 3257 Παῦλος
1649 3197 1678 3248 6
1716 3193 2008 3259 ἀπόστολος

427 3275 744 3349 ἑρμηνεύων
791 3274 890 3346 τὴν
938 3275 1068 3330 ποτὲ
1102 3277 1340 3348 ἱστορίαν
1381 3279 1461 3340 εἰς
1504 3277 1778 3345 θεολογίαν
1813 3278 1960 3348 λέγει
1990 3293 2006 3309 ⁸

427 3360 783 3428 Συνήντησε
837 3358 905 3412 δὲ
953 3363 987 3413 ό
1037 3359 1414 3428 Μελχισεδὲκ
1457 3359 1540 3426 τῷ
1593 3361 1836 3432 Ἀϐραὰμ
1864 3402 1880 3428 ,
1909 3361 2010 3417 καὶ

425 3444 771 3512 ηὑλόγησεν
820 3444 1026 3496 αὐτόν.
1080 3444 1189 3496 Kal
1239 3444 1433 3512 ἐπάγει
1481 3443 1682 3508 εύθέως
1715 3460 1729 3475 ⁸
1761 3446 1874 3499 Καὶ
1927 3447 2009 3514 ὡς

426 3527 574 3592 ἔπος
598 3524 975 3596 elusit-[470],
1003 3526 1076 3578 δι’
1105 3525 1362 3595 Ἀϐραὰμ
1386 3527 1484 3580 καὶ
1515 3528 1657 3582 Λευὶ
1691 3531 1724 3583 ὁ
1755 3527 2009 3596 δεκάτας

426 3608 748 3678 λαμϐάνων·
774 3607 1161 3662 δεδεκάτωται
1179 3625 1194 3638 ·
1239 3609 1327 3662 ἔτι
1359 3609 1469 3678 γὰρ
1489 3610 1559 3663 ἐν
1585 3609 1660 3680 τῇ
1699 3612 1890 3681 ὀσφύϊ
1901 3615 2007 3669 τοῦ

427 3691 652 3762 πατρὸς
679 3687 758 3762 ἦν
801 3691 1066 3762 Ἀϐραάμ.
1093 3694 1204 3746 Kal
1229 3695 1257 3747 6
1285 3693 1477 3764 θνητὸς
1511 3695 1639 3766 πρὶν
1685 3697 2006 3769 γεννηθῆναι

427 3770 514 3845 ἦν.
556 3773 772 3846 Ἐπειδὴ
794 3774 930 3838 ὅλως
961 3777 994 3846 ή
1030 3774 1157 3846 ῥίζα
1198 3775 1319 3846 ἔζη,
1348 3776 1440 3829 τὸν
1463 3779 1696 3849 ¹καρπὸν
1726 3781 1864 3851 μετὰ
1907 3782 2006 3852 τῆς

427 3855 610 3928 ζώσης
637 3857 792 3929 ῥίζης
816 3858 1127 3926 εἰσήγαγεν.
1159 3857 1425 3912 Ἐνταῦθα
1457 3859 1682 3924 δέ,ὅπου
1722 3864 1783 3916 οὑ
1813 3864 2004 3931 πάθος,

428 3942 491 3996 ού
543 3941 791 4013 διαδοχῆς
829 3941 1050 4013 τρόπος,
1082 3941 1142 3994 οὑ
1191 3945 1455 4012 κυοφορία
1475 3983 1490 4007 ,
1523 3944 1622 3997 οὑκ
1649 3946 2004 4017 ἀνθρωπίνων

429 4025 616 4081 παθῶν
639 4024 948 4092 ἀκολουθία,
980 4025 1042 4078 ού
1073 4024 1216 4078 θέλει
1249 4028 1423 4080 εἰπεῖν
1450 4026 1581 4082 ὄντα
1617 4029 1675 4096 ἐξ
1704 4029 1855 4095 ὄντος
1881 4049 2006 4101 γενο

424 4110 674 4182 νηθέντα,
704 4110 930 4181 μένοντα
957 4109 1015 4162 δέ
1047 4109 1251 4172 ἀῖδίως.
1295 4109 1434 4163 Ἀλλ’
1459 4112 1507 4164 εἰ
1536 4113 1820 4184 ἐγεννήθη.
1846 4115 2000 4187 φησὶ,

423 4194 544 4258 πῶς
574 4196 661 4248 ἀεὶ
688 4190 758 4266 ἦν
787 4210 802 4260 ;
829 4193 944 4256 Πᾶς
963 4191 1072 4264 γάρ
1093 4193 1122 4245 6
1151 4189 1487 4262 γεννώμενος
1514 4195 1688 4268 ἀρχὴν
1712 4196 1997 4269 λαμϐάνει.

424 4277 499 4331 Τὸ
525 4278 694 4349 ὄνομα
723 4277 819 4331 τοῦ
849 4276 1052 4348 πατρὸς
1086 4277 1216 4346 παρ’
1245 4277 1279 4346 ή
1289 4275 1406 4348 μῶν
1430 4277 1518 4333 διὰ
1545 4279 1756 4334 πολλῶν
1785 4282 2000 4352 ἔρχεται

423 4361 708 4434 περιόδων.
751 4355 909 4415 Οίον⁸
954 4361 1159 4415 ὑπόθου
1193 4364 1471 4418 νεανίσκον
1503 4364 1871 4437 ἐπιθυμοῦντα
1899 4368 2001 4438 γά-

425 4461 548 4515 μου.
594 4444 815 4517 Πρῶτον
866 4445 1075 4514 γίνεται
1110 4449 1358 4519 μνηστήρ
1379 4486 1394 4512 ,
1442 4443 1563 4502 εἷτα
1598 4450 1848 4520 νυμφίος,
1881 4447 2000 4507 εἶτα

420 4529 558 4600 ἀνήρ
577 4545 591 4558 ·
617 4527 721 4581 κᾶν
741 4527 899 4598 τέκῃ,
933 4527 1054 4579 τότε
1074 4527 1290 4596 λέγεται
1310 4531 1495 4601 πατήρ
1515 4547 1529 4562 ·
1561 4531 1664 4585 κᾶν
1697 4534 1772 4605 μὴ
1797 4533 1857 4587 τὸ
1877 4551 2000 4603 γεν-

419 4611 661 4682 νώμενον
692 4610 915 4680 αὑτῷτδ
943 4611 1113 4681 ὄνομα
1159 4613 1472 4685 χαρίσηται,
1506 4615 1676 4686 μυρία
1719 4616 1816 4687 ἐτη
1861 4618 1997 4688 μετά

417 4696 517 4766 τῆς
543 4695 798 4764 γυναικὸς
818 4694 912 4749 ἐάν
936 4697 1158 4770 ποιήσῃ,
1191 4698 1250 4751 οὑ
1276 4697 1516 4752 καλεῖται
1545 4701 1748 4771 πατήρ.
1766 4702 1997 4772 Ὁμοίως

419 4781 452 4851 ή
475 4781 679 4852 μήτηρ,
701 4779 914 4852 πρῶτον
940 4779 1226 4852 παρθένος,
1248 4777 1365 4835 εἶτα
1396 4783 1624 4854 μνηστῆ,
1643 4781 1760 4838 εἶτα
1784 4787 1992 4857 νύμφη,

417 4860 535 4916 εἶτα
562 4865 732 4936 γυνή·
767 4866 1060 4935 κυοφορεῖ,
1088 4863 1346 4934 βαστάζει
1385 4865 1476 4919 τὸν
1512 4869 1722 4939 καρπόν
1743 4885 1756 4899 ·
1791 4868 1896 4922 κᾶν
1919 4871 1994 4940 μὴ

415 4945 555 5000 οῦτω
603 4948 861 5020 προέλθῃ,
910 4950 1092 5020 μήτηρ
1138 4950 1200 5002 οὑ
1249 4950 1486 5018 λέγεται.
1520 4952 1640 5006 Κᾶν
1681 4953 1991 5027 βαστάσῃή

416 5028 542 5099 ῥίζα
570 5032 662 5082 τὸν
694 5031 924 5100 καρπὸν,
949 5031 1045 5084 ἐὰν
1077 5033 1152 5102 μὴ
1173 5032 1450 5104 προελθὼν
1478 5036 1506 5087 6
1542 5038 1668 5099 παῖς
1701 5039 1991 5109 χαρίσηται

413 5112 551 5183 αὐτῇ
586 5113 818 5182 ἀμοιϐὴν
853 5113 961 5166 τῶν
995 5115 1171 5168 πόνων
1224 5117 1324 5188 τὴν
1359 5119 1760 5190 προσηγορίαν,
1795 5122 1854 5174 οὺ
1906 5121 1992 5174 λέ-

411 5209 567 5260 γεται
603 5196 806 5266 μήτηρ.
835 5197 943 5249 Kal
974 5197 1132 5251 τοῦτο
1159 5199 1414 5269 ἐποίησεν
1461 5201 1537 5265 ὡς
1585 5201 1747 5270 σοφὸς
1776 5204 1806 5255 6
1835 5203 1987 5270 Θεὸς,

412 5277 496 5329 ἵνα
529 5277 604 5349 μὴ
632 5280 680 5331 οί
711 5279 944 5348 πατέρες
971 5280 1112 5334 κατά
1146 5281 1255 5335 τῶν
1300 5284 1504 5338 παίδων
1537 5285 1842 5355 καυχῶνται
1865 5304 1879 5317 ·
1903 5289 1988 5341 ἵνα

409 5363 485 5432 μή
508 5361 640 5434 λέγῃ
661 5364 688 5416 ὁ
720 5363 900 5434 πατὴρ
930 5362 1008 5433 τῷ
1033 5365 1198 5430 παιδί,
1247 5366 1387 5435 Ἐγώ
1413 5384 1494 5420 σοι
1516 5368 1577 5420 τὸ
1610 5367 1710 5439 ζῇν
1727 5371 1986 5442 ἐχαρισά-

409 5463 519 5516 μην
539 5462 551 5475 ·
583 5447 650 5499 δι’
681 5447 782 5518 ἐμὲ
818 5448 1110 5520 ἐγεννήθης
1142 5466 1156 5479 ·
1203 5449 1270 5502 δι’
1303 5449 1436 5521 ἐμοῦ
1468 5453 1548 5515 εἰς
1578 5452 1638 5504 τὸ
1670 5447 1808 5508 εἶναι
1842 5473 1985 5527 παρ-

404 5531 598 5611 ήχθης·
631 5531 743 5587 ἀλλ’
767 5533 852 5587 ἵνα
879 5533 981 5588 κᾶν
1012 5535 1141 5606 είπῃ
1160 5535 1353 5601 ταῦτα,
1374 5535 1574 5601 εὐθέως
1601 5538 1826 5611 ἀκούσῃ·
1846 5540 1986 5610 Ἐγὼ

399 5610 489 5666 διὰ
523 5616 580 5669 σὲ
629 5617 923 5688 ἐγεννήθην
949 5657 964 5681 ,
995 5617 1060 5671 δι’
1094 5617 1194 5689 ἐμὲ
1242 5619 1336 5673 καὶ
1379 5621 1442 5674 σὺ
1496 5622 1698 5693 πατήρ.
1755 5623 1983 5696 Ὁμοίως

402 5697 496 5752 καὶ
519 5699 734 5773 tul-17;;
765 5703 987 5776 μητρός·
1023 5702 1291 5777 Ἐχαρίσω
1326 5723 1415 5778 μοι
1444 5705 1504 5762 τὺ
1537 5707 1676 5765 εἶναι
1699 5709 1834 5781 υίὸς,
1855 5712 1982 5783 ἐχα-

1887 242 2256 302 SEVERIANI

3604 260 3694 316 lbi

2126 369 2366 442 ρισάμην
2408 389 2489 426 σοι
2534 373 2595 427 τὸ
2636 393 2775 430 ειναι
2825 379 3028 451 μήτηρ.
3068 381 3186 450 Ἐφ’
3224 381 3384 452 ήμῶν
3435 381 3698 452 λαμϐάνει

2117 453 2292 506 ταῦτα
2331 456 2493 527 χάριν
2524 459 2645 512 τινὰ
2674 462 2768 513 καὶ
2796 463 3083 518 ἀντίδοσιν.
3129 464 3356 535 Ὁμοίως
3382 469 3483 519 καὶ
3513 471 3547 520 6
3573 470 3690 533 υίὸς

2113 541 2214 590 οὑκ
2235 539 2434 604 εὐθέως
2464 543 2598 605 υἱὸς,
2627 545 2762 598 ἀλλά
2789 545 3004 616 πρῶτον
3031 550 3271 619 σπέρμα,
3297 544 3420 603 εἶτα
3440 550 3691 622 ἐμϐρκ-ι,

2113 624 2208 676 καὶ
2235 624 2322 676 ὅτε
2348 627 2582 698 γεννηθῇ
2603 667 2618 690 ,
2647 629 2767 680 τότε
2800 631 2934 693 υἱός.
2973 631 3157 685 Ταῦτα
3190 633 3406 703 χρόνων
3434 635 3692 704 ἀνάγκαις

2112 704 2350 760 δουλεύει
2389 724 2404 738 ·
2434 709 2604 762 ταῦτα
2642 710 2871 764 πάθεσιν
2918 713 3215 768 ὑποπίπτει
3247 731 3260 746 ·
3298 716 3477 770 ταῦτα
3529 736 3692 787 σωμα-

2111 789 2270 859 τικῆς
2328 792 2444 843 ἐστι
2515 793 2916 858 καταστάσεως.
2969 795 3142 850 Ὁπου
3211 796 3269 851 δὲ
3320 798 3622 869 ἀσώματος
3669 807 3691 870 ἡ

2112 870 2273 940 φύσις
2304 874 2337 942 ή
2387 874 2660 940 γεννῶσα,
2686 877 2820 928 ὅπου
2858 875 3148 948 ἀσώματος
3192 883 3221 934 6
3253 883 3474 952 καρπὸς
3515 886 3547 935 ὁ
3590 901 3693 950 τεν

2110 953 2368 1024 νώμενος,
2402 959 2553 1010 ποῖον
2580 959 2885 1030 ἐπιδέχεται
2915 961 3096 1030 λόγον,
3122 964 3204 1017 ὅτι
3230 960 3298 1036 ῆν
3327 982 3465 1018 ποτε
3487 967 3581 1019 ὅτε
3609 970 3692 1020 οὐκ

2109 1031 2208 1106 ἦν,
2242 1040 2335 1091 καὶ
2382 1039 2607 1113 ὕστερον
2651 1044 2949 1116 ἐγεννήθης
2988 1048 3096 1100 Καί
3136 1031 3316 1118 φαμεν
3343 1049 3524 1111 οὕτως
3547 1065 3563 1078 ·
3597 1063 3622 1089 ι
3643 1052 3690 1103 [ἐ

2109 1119 2197 1172 ἀεὶ
2228 1120 2400 1187 οὕτως
2431 1124 2542 1194 ἔχει
2571 1126 2723 1192 Θεὸς,
2755 1130 2802 1180 εί
2838 1129 3003 1200 μηδὲν
3033 1132 3370 1201 προσκτᾶται
3413 1150 3577 1194 ποτε,

2112 1203 2228 1256 ἐστι
2280 1208 2373 1260 καὶ
2415 1209 2624 1281 Πατήρ.
2663 1209 2724 1263 Εἰ
2755 1212 2811 1264 δὲ
2839 1214 2926 1266 ἀεί
2955 1215 3070 1266 ἐστι
3098 1215 3321 1286 Πατὴρ,
3353 1216 3447 1269 ἀεὶ
3487 1217 3690 1287 δέχεται

2110 1287 2201 1340 τὸν
2228 1287 2355 1345 Υίόν
2382 1305 2396 1321 ⁸
2425 1295 2688 1360 συναῑδιος
2729 1297 2836 1367 ἀρα
2861 1299 2891 1349 6
2920 1297 3049 1362 Υίδς
3092 1299 3170 1370 τῷ
3200 1300 3396 1370 Πατρί.
3457 1299 3590 1353 Υἰὺν
3621 1302 3689 1354 Ξέ-

2111 1386 2280 1441 γομεν
2301 1375 2626 1446 γεννηθέντα
2658 1379 2757 1449 μὲν
2787 1380 3038 1447 ἀπαθῶς,
3071 1383 3162 1435 τὸν
3184 1383 3241 1436 δὲ
3265 1384 3364 1452 τῆς
3387 1387 3694 1453 γεννήσεως

2109 1454 2310 1526 τρόπον
2338 1459 2662 1530 ἑρμηνεύειν
2693 1463 2794 1516 οὐκ
2816 1465 3177 1536 ἐπιστάμεθα.
3223 1466 3290 1520 Ἦ
3319 1466 3534 1538 ἀληθὴς
3565 1469 3692 1536 γ·κὲ-

2112 1552 2197 1600 σις
2235 1538 2374 1612 αὕτη
2404 1543 2573 1608 ἐστὶν,
2614 1544 2676 1598 τὸ
2713 1545 2786 1600 τὰ
2813 1547 3206 1618 ὑπερϐαίνοντα
3225 1549 3326 1620 τήν
3345 1550 3512 1620 φύσιν
3546 1553 3690 1620 ἡμῶν

2109 1624 2392 1696 ὁμολογεῖν
2409 1630 2485 1702 μὴ
2505 1633 2724 1688 εἰδέναι.
2746 1635 2819 1688 T6
2842 1637 2938 1706 μὲν
2969 1633 3062 1692 οῦν
3092 1637 3335 1708 γέννημα
3361 1641 3688 1709 προσκυνοῦ-

2112 1726 2236 1794 μεν.
2261 1712 2358 1784 τὴν
2389 1715 2446 1768 δὲ
2472 1716 2633 1785 φύσιν
2668 1720 2730 1773 οὑ
2756 1721 3338 1794 πολυπραγμονοῦμεν.
3375 1724 3445 1776 Εἰ
3481 1725 3583 1794 μὲν
3613 1722 3688 1778 οὗ.

2109 1792 2178 1868 ἢν
2207 1799 2491 1872 ἄνθρωπος
2505 1805 2533 1858 ό
2552 1808 2837 1879 γεννήσας,
2859 1808 3205 1881 ἀνθρωπίνην
3221 1792 3462 1881 ἐποίησε
3485 1792 3588 1865 καὶ
3608 1816 3687 1880 τὴν

2109 1882 2460 1965 γέννησιν.Εί
2494 1888 2654 1957 σῶμα
2679 1885 2842 1961 εἰχεν,
2866 1892 3154 1962 ἐγέννησεν
3196 1892 3270 1956 ὼς
3317 1894 3508 1965 σῶμα.
3551 1897 3615 1949 εξ

2112 1963 2362 2036 σώματος
2389 1971 2754 2042 ἀπήλλακται,
2776 1975 2850 2046 μὴ
2877 1977 3144 2047 περίαπτε
3457 1979 3604 2049 πάθη
3627 1981 3689 2049 τεξ-

2110 2050 2408 2122 ἀσωμάτῳ.
2450 2054 2589 2108 Ἀλλ’
2612 2057 2886 2129 ἐγέννησε,
2922 2059 3106 2129 φησὶν,
3123 2061 3186 2112 ἐκ
3227 2061 3328 2131 τῆς
3365 2062 3531 2127 ἰδίας,
3561 2066 3687 2116 κατὰ

2109 2133 2281 2197 πάθος
2311 2135 2586 2208 ἐγέννησε,
2609 2140 2748 2193 κατά
2777 2141 3124 2212 τομὴν,κατά
3147 2143 3351 2215 ρεῦσιν.
3377 2146 3566 2199 Πείσω
3595 2149 3687 2200 ἀπὸ

2108 2216 2216 2270 τῶν
2251 2221 2475 2289 γηΐνων.
2502 2223 2670 2294 Γεννᾷ
2691 2227 2725 2295 ή
2751 2225 2995 2296 ἄμπελος
3017 2266 3032 2291 ,
3059 2229 3223 2298 γεννᾷ
3253 2229 3286 2299 ή
3316 2229 3507 2292 ἐλαία,
3541 2233 3688 2299 γεννᾷ

2110 2303 2206 2356 καὶ
2247 2305 2309 2358 τὸ
2354 2304 2527 2377 ὕδωρ,
2571 2308 2632 2360 ού
2665 2308 2806 2361 κατά
2846 2309 2945 2380 τὴν
2997 2310 3272 2382 ἡμετέραν
3331 2311 3533 2382 φύσιν,

2110 2385 2252 2440 κατά
2273 2387 2370 2459 τὴν
2401 2388 2534 2442 ἰδίαν
2556 2389 2726 2456 τάξιν.
2752 2390 2902 2464 [471]
2929 2393 3084 2446 Πᾶσα
3109 2394 3268 2464 γυνὴ,
3289 2393 3523 2449 ἐπειδὰν
3553 2399 3685 2467 παρὰ

2109 2467 2246 2523 Θεοῦ
2275 2470 2416 2545 λάϐῃ
2436 2472 2496 2525 τὸ
2516 2474 2765 2538 γενέσθαι
2792 2477 2993 2548 μήτηρ,
3014 2476 3363 2548 κυοφοροῦσα
3390 2479 3499 2548 μὲν
3520 2479 3686 2548 ῶγκων

2109 2568 2235 2606 ται·
2271 2554 2582 2626 ἀποθεμένη
2625 2556 2683 2610 δὲ
2722 2557 2812 2612 τὸν
2844 2560 3054 2630 καρπὸν
3088 2560 3457 2617 συστέλλεται.
3499 2564 3621 2617 Ἐπὶ
3643 2566 3686 2617 δὲ

2109 2637 2220 2690 τῶν
2239 2637 2471 2711 δένδρων
2491 2640 2558 2694 τά
2592 2642 2811 2696 ἐναντία
2835 2642 2982 2697 ἔστιν
3020 2646 3219 2716 εὑρεῖν.
3267 2647 3410 2717 Πρὶν
3457 2650 3682 2718 γεννηθῇ

2109 2721 2212 2775 οὑκ
2244 2721 2532 2790 ῶγκωται·
2565 2726 2694 2778 ὅταν
2712 2726 2967 2799 γεννήσῃ,
2997 2732 3116 2781 τότε
3150 2729 3476 2800 παχύνεται,
3510 2736 3540 2785 6
3573 2751 3686 2801 καρο

2112 2803 2212 2866 πὸς
2244 2803 2482 2870 αὒξεται,
2520 2808 2614 2860 καὶ
2649 2809 2682 2878 ή
2711 2807 2835 2879 ῥίζα
2881 2810 3230 2882 πληθύνεται,
3259 2814 3356 2866 xal
3381 2813 3514 2868 οὔτε
3543 2817 3686 2885 μείω-

2113 2902 2197 2950 σις
2231 2890 2297 2958 τῇ
2326 2889 2572 2961 γεννώσῃ
2605 2892 2750 2964 ῥίζῃ,
2781 2893 2902 2946 οὔτε
2941 2894 3233 2959 ἐλάττωσις
3265 2895 3344 2966 τῷ
3377 2900 3683 2969 γεννηθέντι

2111 2969 2487 3041 προσγίνεται.
2526 2975 2588 3027 Ἦ
2617 2975 2858 3045 ἄμπελος
2886 2979 3049 3048 γεννᾷ
3074 2979 3134 3032 οὑ
3179 2978 3302 3031 καθ’
3345 2981 3539 3050 ἡμᾶς·
3571 2982 3680 3034 6:6.-

2112 3053 2208 3106 ἐὰν
2257 3055 2494 3126 ἀκούσῃς
2523 3058 2603 3111 ὅτι
2633 3057 2921 3130 ἐγέννησεν
2945 3102 2958 3123 ,
2983 3061 3293 3132 ἀνθρώπινα
3332 3063 3495 3135 πάθη
3547 3082 3682 3136 περιο

2111 3135 2305 3202 άπτεις
2327 3138 2404 3210 τῷ
2435 3143 2612 3195 πᾶσαν
2638 3141 2981 3217 ἀνθρωπίνην
3008 3144 3394 3218 ὑπερϐαίνοντι
3421 3149 3624 3218 φύσινς

2181 3296 2243 3352 ε’.
2284 3296 2395 3353 Καί
2422 3298 2594 3353 εἶπεν
2626 3302 2660 3354 ό
2698 3302 2843 3368 Θεός
2861 3317 2875 3331 ⁸
2907 3303 3273 3375 Ἐξαγαγέτω
3300 3307 3342 3375 ἠ
3372 3308 3451 3378 τῆ
3481 3311 3686 3380 ψυχήν

2107 3381 2306 3444 ζῶσαν
2334 3385 2482 3437 κατὰ
2520 3383 2714 3452 γένος,
2745 3385 3093 3455 τετράποδα,
3123 3388 3364 3455 ἑρπετὰ,
3389 3396 3590 3461 θηρία.
3615 3398 3683 3448 T1

2106 3466 2412 3539 τετράποδα
2458 3469 2626 3539 κτήνη
2670 3468 2852 3523 ἐστίν·
2895 3472 3121 3542 ἐρπετά,
3153 3472 3337 3544 θηρία,
3381 3476 3549 3546 δφις,
3576 3480 3684 3548 6.9.9..

2107 3568 2221 3634 κων
2245 3566 2260 3580 ·
2295 3551 2356 3604 οὑ
2397 3551 2506 3634 γάρ
2538 3551 2696 3622 μόνον
2716 3554 2784 3606 τά
2815 3554 2975 3625 θηρία
3011 3556 3081 3609 τά
3108 3556 3493 3615 ὑποπίπτοντα
3523 3568 3684 3634 κτήιῆ

2107 3631 2344 3702 λέγεται,
2383 3633 2517 3688 ἀλλά
2568 3635 2664 3688 καὶ
2707 3635 2776 3688 τά
2805 3636 3102 3709 ἀχθοφόρα.
3135 3639 3249 3693 Πᾶν
3301 3631 3646 3714 χορτοφκάγον
3668 3691 3680 3708 ,

2107 3718 2218 3771 είτε
2269 3717 2414 3791 βοῦς,
2459 3719 2568 3772 είτε
2603 3719 2871 3790 πρόϐατον
2896 3761 2910 3784 ,
2946 3722 3142 3792 κτῆνος
3189 3723 3472 3791 καλεῖται,
3499 3731 3682 3797 κτῆνςις

2105 3799 2260 3872 παρά
2285 3799 2346 3854 τὸ
2392 3799 2579 3871 κτῆμα
2609 3797 2745 3855 εἶναι
2783 3802 2880 3856 τοῦ
2921 3803 3227 3876 ἀνθρώπου.
3269 3808 3399 3861 Ὀτι
3430 3811 3488 3863 δὲ
3519 3816 3678 3881 κτήνη

2105 3884 2348 3938 καλεῖται
2381 3885 2477 3938 καὶ
2503 3884 2746 3957 πρόϐατα
2784 3887 2879 3940 καὶ
2923 3886 3062 3956 βόες,
3095 3894 3365 3960 μαρτυρεῖ
3389 3894 3425 3963 ή
3455 3894 3643 3965 Γραφή
3665 3914 3677 3924 ο

2102 3967 2214 4021 Καὶ
2257 3965 2533 4034 ἐγένοντο
2563 3967 2724 4035 αὐτῷ
2774 3969 2965 4039 κτήνη
2988 3973 3296 4040 προϐάτοιν
3339 3977 3449 4030 καὶ
3497 3980 3678 4045 κτήνη

2096 4049 2285 4115 βοῶν.
2332 4050 2652 4124 Ἐπληρώθη
2686 4054 2719 4124 ή
2749 4053 2849 4124 γῆ,
2874 4053 3048 4124 ἐκόμα
3080 4059 3190 4118 τοῖς
3222 4063 3488 4127 καρποῖς,
3519 4066 3676 4133 προή.

2102 4150 2264 4202 νεγκε
2291 4133 2359 4188 τά
2386 4134 2501 4200 ζῶα
2525 4152 2540 4167 ·
2565 4135 2746 4213 ἔλειπε
2780 4137 2961 4191 λοιπὸν
3004 4141 3034 4192 6
3070 4140 3464 4214 οἰκοδεσπότης
3485 4160 3500 4175 ·
3529 4148 3558 4198 6
3595 4149 3674 4200 οὐ·

2105 4217 2266 4289 ρανὸς
2298 4217 2753 4286 ἐκεκαλλώπιστο,
2782 4223 2814 4292 ἡ
2851 4222 2922 4292 γῆ
2951 4222 3297 4278 ἐπεποίκιλτο
3319 4264 3334 4289 ,
3357 4227 3394 4296 ἡ
3438 4228 3675 4284 θάλασσα

2101 4301 2481 4384 ἐπεπλήρωτο,
2532 4303 2561 4356 6
2615 4305 2725 4375 ἀὴρ
2777 4305 3005 4375 ὀρνίθων
3061 4309 3406 4380 ἐκεκόσμητο
3463 4313 3672 4384 πλήθει.

2100 4385 2284 4440 Πάντα
2307 4381 2375 4458 ἦν
2402 4387 2726 4467 ἐτοιμα,καί
2755 4388 2963 4443 ἔλειπεν
2989 4392 3018 4444 6
3049 4391 3350 4464 ἄνθρωπος.
3384 4397 3502 4467 Ούχ
3529 4381 3677 4464 ὑϐρί-

2098 4467 2248 4535 ζεται
2284 4469 2342 4523 δὲ
2385 4469 2463 4540 τῷ
2494 4465 2984 4552 εἷναι-τελευταῖος,
3027 4473 3163 4529 ἀλλὰ
3207 4480 3437 4547 τιμᾶται
3453 4465 3674 4552 (παρα-

2098 4552 2421 4617 σκευάζεται
2442 4553 2550 4625 γὰρ
2574 4555 2602 4606 6
2621 4549 2788 4619 οἶκος,
2805 4557 2899 4609 καὶ
2924 4557 3198 4626 εἰσάγεται
3219 4562 3246 4612 6
3264 4549 3671 4633 οἰκοδεσπότης.

2097 4635 2262 4688 Ούδέν
2297 4636 2404 4707 γάρ
2434 4638 2608 4702 όΘεὸς
2638 4637 2763 4692 οὕτε
2788 4638 3050 4711 ἀκαίρως,
3074 4640 3199 4695 οὔτε
3225 4643 3485 4712 ἀμέτρως
3512 4652 3671 4708 ποιεᾷ

2095 4717 2230 4772 ἀλλά
2276 4721 2452 4775 πάντα
2497 4721 2584 4776 διά
2628 4720 2728 4793 τὴν
2765 4722 2971 4792 χρείαν.
3009 4725 3119 4778 Kal
3165 4725 3327 4795 βλέπε
3361 4728 3468 4798 τὴν
3497 4731 3668 4796 τάξιν.

2093 4803 2318 4875 Πρῶτον
2369 4804 2623 4877 ἐποίησεν
2651 4807 2679 4858 ὁ
2717 4804 2848 4870 Θεὸς
2902 4801 3131 4878 βοτάνην
3171 4809 3265 4862 καὶ
3313 4809 3549 4880 χόρτον,
3582 4816 3670 4866 καὶ

2091 4886 2212 4938 τότε
2247 4885 2314 4940 τὰ
2337 4886 2500 4958 θηρία
2521 4889 2846 4958 τρεφόμενα.
2866 4891 2974 4946 Kal
2998 4893 3046 4944 εἰ
3076 4892 3176 4945 οὐκ
3190 4888 3256 4962 ἦν
3274 4893 3342 4946 τὰ
3373 4897 3668 4966 τρέφοντα,

2092 4972 2318 5042 ἄκαιρος
2338 4967 2406 5042 ἦν
2436 4975 2468 5042 ή
2499 4972 2826 5045 δημιουργία
2846 4973 2955 5026 τῶν
2983 4974 3155 5041 ζώων,
3183 4976 3532 5050 ζημιουμένη
3564 4982 3667 5034 τῶν

2093 5055 2322 5126 καρπῶν
2344 5055 2442 5126 τὴν
2473 5055 2697 5109 ἔνδειαν.
2742 5057 2991 5128 Ἐποίησε
3013 5057 3082 5111 τά
3113 5062 3398 5130 τρέφοντα,
3429 5064 3529 5116 καὶ
3551 5065 3666 5117 τότε

2090 5139 2158 5192 τά
2179 5140 2486 5211 τρεφόμενα
2509 5142 3054 5214 προπαρασκευάζει·
3079 5144 3290 5214 πρῶτον
3322 5144 3426 5211 τάς
3455 5150 3662 5219 χρείας,

2091 5225 2186 5276 καί⁸
2221 5225 2392 5289 οῦτως
2430 5227 2636 5294 είσάγει
2674 5227 2743 5280 τὰ
2784 5226 2884 5298 τῆς
2926 5228 3113 5299 χρείας
3157 5228 3476 5298 μεθέξοντα.
3512 5233 3665 5286 Οὕτω

2089 5307 2181 5359 καὶ
2205 5309 2296 5359 ἐπὶ
2320 5309 2427 5361 τῶν
2450 5310 2679 5381 Γραφῶν
2696 5311 2937 5381 ἐποίησε.
2969 5312 3272 5382 Προέλαϐον
3303 5314 3395 5366 τὸν
3429 5316 3660 5387 Χριστὸν

2088 5390 2144 5442 αἰ
2184 5392 2397 5462 Γραφαὶ
2442 5395 2657 5465 πρῶτον
2707 5396 3070 5466 κηρύττουσαι
3097 5437 3112 5459 ,
3144 5396 3236 5448 καὶ
3279 5397 3404 5449 τότε
3459 5395 3658 5470 ἦλθενό

2090 5475 2550 5546 μαρτυρούμενος.
2595 5478 2896 5549 Προέλαϐον
2951 5482 3006 5534 αἰ
3058 5480 3387 5552 μαρτυρίαι,
3433 5485 3524 5537 ἵνα
3573 5502 3658 5536 πι-

2149 5655 2174 5681 ⁴¹
2195 5653 2524 5729 Ηίαᾳιιεεάαζη
2554 5659 2733 5729 desupl
2755 5661 2802 5709 in
2825 5659 3074 5729 Valiqanp.
3099 5661 3257 5729 ςΡοτι,
3286 5666 3440 5716 verba
3480 5666 3560 5716 καί
3579 5683 3651 5729 ςα-

2085 5731 2224 5777 μεν...
2248 5719 2316 5781 τῷ
2342 5720 2512 5782 Πατρί,
2534 5734 2645 5784 qua
2668 5723 2778 5773 Sav.
2806 5726 2996 5774 uncinis
3018 5719 3258 5788 inclusit.)
