3720 6276
98 293 181 352 ιϐί
1175 299 1261 356 DE
1302 299 1511 356 MUNDI
1551 300 1937 360 CREATIONE
1974 306 2227 366 ORATIO
2261 310 2353 369 1V.

94 410 328 480 Iccipial
373 425 524 468 more
568 410 798 468 dicens:
830 409 1018 466 Viden’
1057 413 1327 483 quomodo
1357 414 1471 484 ipse
1513 414 1701 471 doctor

92 505 434 564 anticesscrit
479 505 687 560 Patrem
731 504 869 559 Filio
910 506 1142 574 priorem
1181 508 1344 562 esse?
1387 507 1482 562 sed
1525 509 1699 578 potius

90 598 335 652 κει-ιιιοηί
361 597 568 654 veniam
588 598 811 664 tribuas,
830 613 952 653 cum
980 597 1222 653 homines
1242 600 1430 667 simus,
1451 602 1697 670 luteaque

86 689 269 760 ingnia
315 703 530 746 utamur
551 734 567 757 ,
599 701 760 762 atque
808 690 1114 747 hominibus
1145 693 1301 747 verba
1351 693 1602 749 faciamus
1631 694 1697 749 de

84 781 269 838 divina
301 801 628 854 oumemque
660 786 919 840 rationem
950 797 1236 856 superante
1265 797 1474 842 natura.
1510 789 1694 843 llomi-

82 890 176 930 nes
202 876 360 930 enim
386 891 506 931 cum
528 877 718 944 simus,
742 885 797 932 ut
819 877 1063 932 homines
1091 878 1231 947 loqui
1256 879 1554 934 didicimus.
1579 880 1693 934 Non

78 968 227 1022 enim
256 967 442 1022 sciunt
471 968 673 1033 miseri,
699 983 758 1023 se
783 967 851 1022 de
877 969 983 1022 Deo
1010 968 1296 1033 disserere,
1329 970 1487 1024 verba
1521 971 1696 1039 profe-

76 1068 290 1124 rentes,
325 1075 446 1130 quae
471 1059 538 1113 de
569 1060 677 1114 Deo
707 1059 886 1114 dicere
917 1076 1022 1114 non
1050 1071 1470 1114 consentaneum
1503 1073 1600 1116 esu
1633 1063 1695 1116 Et

74 1150 201 1203 vide
224 1165 422 1205 eorum
450 1150 734 1205 vafritiem.
759 1150 892 1206 Cum
921 1151 1244 1220 qmestioncs
1271 1161 1592 1221 proponunt,
1624 1169 1687 1206 ex

70 1241 343 1298 humanis
366 1244 654 1314 loquuntur
682 1243 1005 1309 ratiociniis;
1037 1245 1266 1313 exempli
1304 1260 1461 1298 causa
1485 1262 1499 1300 :
1523 1247 1692 1298 Omne

68 1334 224 1404 quod
251 1335 513 1404 gignitur,
548 1335 809 1406 inquiunt,
836 1335 1129 1390 exsisteudi
1160 1337 1474 1405 principium
1507 1335 1687 1392 habet.

66 1423 370 1481 Undenam
403 1429 578 1482 vero?
618 1427 808 1482 Statim
841 1436 1107 1496 reponunt
1137 1445 1150 1480 :
1183 1426 1261 1482 Tu
1291 1427 1380 1497 qui
1413 1436 1566 1482 natus
1595 1443 1687 1490 es,

65 1533 261 1572 annon
292 1520 610 1591 principium
631 1520 858 1575 habuisti
881 1538 893 1574 :
919 1537 1042 1574 num
1068 1529 1214 1588 pater
1234 1521 1388 1574 tuus?
1418 1536 1540 1572 num
1559 1534 1690 1574 avus

67 1619 200 1664 tuus
215 1613 240 1664 ?
262 1612 322 1667 Si
348 1611 586 1682 proferas
613 1612 685 1666 illi
704 1627 768 1667 ex
793 1612 910 1682 ipso
927 1627 1110 1666 eorum
1131 1611 1405 1666 ratiocinio
1429 1610 1685 1664 rationem

65 1707 264 1772 aliam,
290 1723 412 1778 qua:
436 1708 678 1762 insanum
703 1707 844 1761 illius
862 1717 1221 1762 commentum
1253 1705 1419 1774 possit
1437 1704 1684 1770 obruere,

65 1801 262 1852 statim
289 1799 530 1868 captiose
559 1799 685 1853 dicit
714 1816 728 1851 τ
757 1798 832 1853 De
865 1797 973 1852 Deo
997 1797 1186 1868 agitur,
1221 1806 1274 1851 et
1302 1797 1526 1850 humana
1557 1796 1684 1852 mihi

67 1891 362 1944 ratiocinia
395 1890 636 1945 inducis?
661 1899 711 1945 et
740 1888 816 1944 illi
839 1888 1050 1959 quidem
1071 1887 1300 1942 radicem
1329 1887 1585 1941 malorum
1617 1903 1684 1942 ex

65 1983 461 2036 communibus
479 1981 769 2036 ratiociniis
791 1980 1067 2052 proferunt
1100 1999 1112 2034 :
1147 1981 1406 2032 malorum
1435 1994 1564 2034 vero
1589 1994 1680 2034 so-

65 2075 343 2129 lutionem
368 2075 551 2128 nolunt
576 2089 641 2128 ex
674 2073 859 2128 iisdem
885 2071 1174 2126 ratiociniis
1202 2070 1499 2124 admittere.

145 2167 204 2221 4.
243 2168 340 2220 Ait
369 2181 511 2234 sape
557 2164 841 2220 haereticus
874 2181 887 2217 :
921 2165 1002 2218 An
1050 2172 1220 2231 potest
1249 2162 1439 2230 aliquis
1480 2177 1599 2215 esse
1626 2171 1681 2216 et

68 2260 268 2313 nasci?
301 2258 356 2315 Si
385 2257 544 2328 igitur
569 2264 960 2321 monstravere,
991 2255 1320 2324 Scripturam
1351 2254 1542 2308 nonde
1568 2255 1677 2307 Deo

68 2363 320 2414 tantum,
353 2350 446 2404 sed
475 2350 632 2404 etiam
665 2349 731 2403 de
762 2347 1067 2402 hominibus
1098 2347 1272 2401 simile
1301 2345 1568 2416 quidpiam
1598 2346 1677 2399 in-

61 2445 303 2508 ducere,
345 2443 470 2510 quid
518 2441 685 2511 ages?
715 2439 857 2495 Beati
896 2439 1126 2493 Abrahae
1169 2438 1328 2501 filios,
1375 2453 1480 2492 non
1523 2437 1673 2508 quasi

63 2553 176 2590 non
207 2539 343 2596 sint,
368 2535 462 2589 sed
487 2535 634 2604 quasi
671 2533 1072 2602 przcexsistant,
1093 2532 1366 2600 Scriptura
1407 2532 1550 2586 nasci
1587 2530 1674 2585 di-

60 2632 162 2683 cit.
199 2629 338 2683 Nam
366 2628 632 2681 Abraham
659 2626 841 2697 genuit
885 2626 1058 2691 Isaac,
1090 2623 1235 2679 lsaac
1260 2623 1441 2695 genuit
1472 2623 1670 2690 Jacob,

61 2721 242 2775 Jacob
287 2719 449 2784 Levi,
483 2734 547 2773 ex
576 2733 682 2786 quo
724 2717 892 2772 tribus
933 2715 1297 2771 sacerdotalis.
1336 2715 1471 2784 Quia
1516 2715 1674 2786 igitur

63 2813 181 2877 hic,
233 2826 429 2882 nempe
475 2808 772 2873 Abraham,
823 2808 1211 2864 Mclcltisedeco
1249 2807 1459 2862 obviam
1503 2809 1666 2873 venit,

60 2906 276 2960 Paulus
297 2903 570 2974 apostolus
600 2901 649 2956 id
675 2903 814 2974 quod
844 2912 968 2957 tunc
995 2911 1201 2972 gestum
1235 2900 1334 2956 fuit
1371 2902 1670 2972 theologica

59 3012 223 3051 πηοί-ε
272 2996 629 3064 interpretans
668 2995 742 3048 ait
777 3011 790 3047 :
829 3012 848 3044 ς
886 2992 1107 3048 Obviam
1144 2994 1288 3048 venit
1330 3001 1506 3047 autem
1537 2993 1667 3048 Mel-

55 3087 329 3143 cliisedec
367 3086 630 3151 Abrahae,
675 3095 731 3140 et
774 3085 1042 3140 benedixit
1070 3084 1154 3149 ei;
1197 3095 1291 3139 iet
1333 3084 1510 3139 statim
1541 3085 1668 3140 sub-

49 3179 243 3250 jungit
275 3197 288 3232 :
319 3198 338 3230 ‹
377 3177 444 3232 Et
487 3187 543 3232 ut
579 3178 648 3232 ita
690 3178 889 3232 dictum
931 3176 1020 3239 sit,
1063 3191 1157 3246 per
1189 3176 1458 3231 Abraham
1505 3178 1664 3232 etiam

54 3272 222 3335 Levi,
247 3271 337 3340 qui
359 3269 591 3326 decimas
615 3269 828 3339 awipit,
855 3268 1148 3324 decimatas
1172 3278 1292 3324 est:
1320 3268 1494 3324 adhuc
1522 3269 1663 3323 enim

54 3365 109 3417 in
147 3361 352 3416 lumbis
393 3372 508 3417 crat
550 3361 781 3416 Abraha:
817 3360 1036 3430 i(Hebr.
1069 3361 1121 3415 7.
1153 3362 1203 3416 l.
1251 3361 1303 3416 9.
1343 3362 1454 3431 10).
1491 3364 1664 3432 Atque

50 3457 204 3511 adeo
234 3456 474 3510 mortalis
499 3456 660 3510 homo
688 3463 973 3526 antequam
994 3463 1301 3509 nasceretur
1326 3463 1461 3510 erat.
1481 3456 1661 3524 Quan-

52 3549 359 3619 doquidem
406 3549 554 3604 radix
597 3549 840 3614 vivebat,
888 3547 1116 3602 fructum
1162 3563 1285 3602 cum
1327 3548 1539 3605 vivente
1579 3567 1664 3604 ra-

51 3642 149 3693 dix
189 3639 417 3693 induxit.
451 3639 546 3692 llic
587 3654 743 3701 vero,
778 3638 866 3693 ubi
905 3639 1048 3692 nulla
1089 3639 1286 3708 passio,
1320 3639 1497 3694 nullus
1540 3657 1662 3696 suc-

47 3731 330 3786 cessionis
376 3730 599 3797 modns,
659 3729 802 3784 nulla
855 3731 990 3785 uteri
1043 3732 1303 3801 gestatio,
1360 3732 1501 3786 nulla
1556 3732 1656 3786 liu-

49 3838 348 3877 manarum
405 3822 710 3892 passionum
746 3823 942 3888 series,
990 3838 1096 3877 non
1140 3823 1254 3877 vult
1308 3823 1486 3879 dicere
1534 3840 1655 3878 eum

49 3917 154 3983 qui
188 3923 308 3969 erat
330 3914 398 3969 ab
422 3915 713 3969 exsistente
740 3915 918 3984 gigni,
947 3923 1001 3968 et
1045 3915 1096 3968 in
1127 3925 1382 3970 :eternum
1415 3931 1651 3972 manere.

47 4013 130 4064 At
171 4008 216 4062 si
266 4009 475 4077 genitus
523 4007 651 4074 fuit,
702 4007 893 4078 inquit,
941 4007 1210 4077 qtiontodo
1248 4023 1462 4079 semper
1500 4011 1654 4063 erat?

48 4100 321 4170 Quisquis
363 4100 506 4154 enim
551 4100 806 4169 gignitur,
853 4099 1171 4170 principium
1221 4101 1433 4171 accipit.
1482 4102 1654 4157 Patris

48 4210 264 4250 nomen
287 4193 428 4263 apud
457 4207 557 4248 nos
586 4209 682 4264 per
711 4192 910 4247 multos
935 4193 1188 4248 circuitus
1206 4192 1464 4248 decurrit.
1491 4192 1651 4249 Verbi

46 4287 257 4358 gratia,
289 4301 532 4355 suppone
556 4286 810 4356 juvenem
843 4300 1064 4340 uxorem
1095 4285 1293 4341 ducere
1322 4287 1645 4353 cupientem.

47 4379 301 4434 Primum
335 4376 391 4431 fit
417 4392 645 4448 procus,
677 4376 872 4432 deinde
900 4391 1150 4448 sponsus,
1183 4387 1364 4448 postea
1393 4378 1646 4442 maritus;

44 4475 91 4526 si
130 4471 335 4543 gignat,
364 4471 558 4526 dicitur
577 4479 760 4542 pater;
784 4471 865 4524 sin
893 4470 1070 4540 proles
1093 4471 1192 4524 hoc
1221 4471 1292 4525 illi
1323 4486 1513 4524 nomen
1543 4486 1646 4524 non

44 4562 327 4628 tribuerit,
355 4560 562 4615 etiamsi
584 4569 868 4616 sexcentos
893 4575 1063 4614 annos
1089 4576 1208 4615 cum
1241 4576 1407 4614 uxore
1433 4560 1643 4621 vixerit.

43 4671 163 4708 non
197 4666 348 4723 pater
373 4652 666 4707 vocabitur.
696 4652 1058 4722 Similiterque
1080 4663 1271 4718 mater,
1305 4654 1476 4723 primo
1499 4653 1648 4722 virgo

41 4749 183 4802 hinc
211 4746 502 4816 postulata,
525 4759 711 4817 postea
732 4746 1074 4817 desponsata,
1099 4746 1312 4802 demum
1341 4763 1502 4811 uxor;
1533 4757 1648 4802 ute-

40 4857 175 4897 rum
227 4851 422 4910 gestat,
471 4840 702 4895 fructum
755 4849 956 4910 portat;
1005 4840 1100 4895 sed
1147 4841 1192 4894 si
1246 4857 1351 4895 non
1400 4841 1640 4910 prodeat,

39 4946 228 4990 mater
258 4949 363 4989 non
391 4943 628 4990 vocatur.
660 4934 884 4989 Etiamsi
915 4934 1065 4989 radix
1095 4934 1325 4989 fructum
1358 4934 1512 4997 ferat,
1543 4934 1641 4989 nisi

38 5042 339 5098 progressa
371 5027 552 5096 proles
594 5027 837 5082 laborum
879 5029 1182 5082 mercedem
1205 5069 1220 5095 ,
1259 5027 1396 5082 hanc
1437 5027 1644 5082 scilicet

35 5121 582 5187 denominationem,
615 5121 890 5188 retulerit,
941 5132 1113 5177 mater
1159 5137 1265 5176 non
1323 5123 1638 5191 appellatur.

36 5216 288 5281 ldipsum
339 5213 512 5280 Deus,
561 5223 742 5285 utpote
793 5214 1007 5284 sapiens
1056 5215 1214 5280 fecit,
1273 5230 1340 5270 ne
1386 5216 1641 5270 adversus

35 5309 193 5361 filios
219 5305 576 5375 gloriarentur
604 5316 949 5377 patres,neve
977 5305 1177 5361 diceret
1201 5317 1349 5377 pater
1370 5307 1498 5372 filio,
1530 5308 1640 5378 Ego

35 5401 144 5455 tibi
187 5400 350 5452 vitam
402 5399 620 5470 largitus
665 5415 783 5454 sum
805 5440 820 5466 ,
848 5408 1064 5470 propter
1093 5415 1178 5454 me
1213 5409 1368 5452 natus
1400 5416 1480 5466 es,
1519 5415 1637 5455 mea

33 5505 220 5558 opera
248 5491 298 5543 in
342 5504 520 5544 rerum
553 5501 795 5545 naturam
837 5490 1125 5562 productus
1163 5506 1221 5545 es
1251 5510 1264 5544 ε
1292 5490 1385 5545 sed
1428 5491 1636 5548 etiamsi

33 5585 164 5637 Inrc
204 5581 429 5645 diceret,
465 5583 644 5637 statim
692 5582 939 5637 audiret:
987 5582 1100 5652 Ego
1141 5591 1360 5652 propter
1387 5592 1437 5637 te
1480 5593 1637 5638 natus

32 5692 188 5735 sum,
227 5683 280 5726 tu
313 5673 472 5726 etiam
505 5683 722 5744 propter
765 5691 850 5729 me
878 5684 1028 5744 pater
1068 5689 1148 5730 es.
1183 5673 1414 5745 ldipsum
1443 5681 1498 5729 et
1523 5688 1636 5727 ma-

33 5768 109 5823 tri
146 5784 158 5820 ;
189 5764 448 5823 'l‘ribuisti
475 5767 605 5823 mihi
644 5778 700 5824 ut
738 5781 912 5825 essem
941 5767 1112 5836 ﬁlius,
1142 5777 1194 5826 ct
1223 5782 1321 5838 ego
1349 5766 1507 5824 tribui
1537 5767 1630 5826 tibi

1803 428 1861 474 ut
1885 434 2034 475 esses
2060 433 2251 478 mater.
2283 424 2406 480 Hrec
2431 425 2570 496 apud
2601 444 2699 485 nos
2724 435 2943 505 gratiam
2987 439 3270 508 quamdam
3306 443 3390 500 νί-

1803 524 2026 602 cemque
2069 514 2437 570 retributionis
2463 532 2574 587 pra:
2601 534 2660 574 se
2707 521 2902 578 ferunt.
2929 525 3294 602 Similiterque
3322 532 3387 589 ll-

1803 601 1940 668 lius,
1988 619 2092 657 non
2147 606 2324 659 statim
2370 605 2542 672 filius,
2582 611 2676 665 sed
2725 614 2896 682 primo
2930 631 3145 685 semen,
3192 601 3387 681 deinde

1802 690 1961 757 fetus,
1989 703 2044 749 et
2067 710 2185 748 cum
2214 707 2368 752 natus
2399 709 2509 762 est,
2549 710 2674 755 tunc
2700 712 2783 758 est
2823 706 2982 761 filius.
3027 709 3152 767 Htec
3179 721 3386 785 tempo-

1801 798 1916 836 rum
1959 787 2362 842 necessitatibus
2407 789 2638 844 obnoxia
2691 803 2816 847 sunt
2849 814 2861 848 :
2893 797 3007 852 hzec
3049 804 3384 868 passionibus

1799 873 2037 941 subjecta
2071 891 2084 926 :
2112 876 2224 930 inec
2250 893 2527 947 corporeae
2556 892 2678 936 sunt
2709 887 3124 945 constitutionis.
3155 892 3253 948 Ubi
3282 911 3382 949 au-

1801 970 1904 1017 tem
1932 965 2241 1034 incorporea
2259 976 2344 1024 est
2365 979 2550 1024 natura
2569 989 2688 1041 qua:
2712 974 2898 1045 gignit,
2929 979 3014 1032 ubi
3035 980 3382 1051 incorporeus

1798 1067 1878 1109 est
1905 1056 2107 1113 fructus
2152 1060 2238 1128 qui
2266 1062 2531 1130 gignitur,
2559 1079 2660 1134 qua
2711 1071 2915 1124 ratione
2956 1071 3164 1127 dicatur
3202 1075 3328 1130 illud
3363 1096 3376 1133 :

1799 1146 1925 1198 Erat
1956 1147 2170 1216 quando
2203 1164 2307 1203 non
2337 1161 2475 1218 erat,
2506 1163 2558 1208 et
2584 1165 2765 1222 postea
2794 1160 3006 1228 genitus
3031 1165 3157 1218 est?
3185 1166 3253 1219 At
3281 1183 3380 1223 nos

1795 1235 2022 1292 dicimus
2048 1258 2059 1292 :
2089 1239 2144 1294 Si
2177 1241 2316 1296 Dens
2347 1243 2416 1297 ita
2457 1259 2671 1314 semper
2700 1264 2758 1302 se
2795 1250 2981 1318 habet,
3022 1254 3067 1307 si
3098 1255 3229 1310 nihil
3257 1273 3379 1312 utn-

1793 1345 1950 1399 quam
1974 1335 2234 1404 acquirat,
2257 1351 2472 1408 semper
2497 1341 2658 1394 etiam
2689 1351 2772 1397 est
2793 1342 2966 1400 Pater.
2994 1345 3144 1414 Quod
3171 1349 3216 1404 si
3236 1365 3377 1406 sem-

1795 1438 1888 1493 per
1917 1435 1996 1478 est
2025 1426 2202 1494 Pater,
2217 1443 2430 1500 semper
2450 1429 2640 1486 Filium
2663 1435 2851 1504 recipit
2883 1453 2896 1490 :
2927 1453 3055 1508 ergo
3079 1451 3377 1499 coaeternus

1792 1526 1876 1572 est
1904 1519 2044 1573 Patri
2071 1519 2258 1577 Filius.
2290 1522 2480 1578 Filium
2507 1524 2734 1581 dicimus
2755 1528 2869 1583 sine
2895 1531 3141 1599 passione
3167 1545 3371 1602 natum,

1792 1613 2156 1680 generationis
2182 1629 2311 1669 vero
2353 1615 2569 1671 modum
2606 1619 2876 1688 explicare
2919 1638 3025 1678 non
3068 1639 3372 1694 possumus.

1797 1702 1935 1756 Vera
1967 1703 2080 1759 hmc
2100 1715 2183 1759 est
2206 1706 2451 1773 scientia,
2481 1718 2538 1762 ut
2561 1709 2821 1766 fateamur
2848 1727 2947 1766 nos
2971 1728 3032 1769 ea
3055 1730 3159 1771 non
3189 1732 3368 1785 nosse,

1789 1809 1910 1864 qua:
1946 1806 2186 1850 naturam
2213 1806 2451 1852 nostram
2489 1808 2760 1868 superant.
2793 1801 3002 1857 Prolem
3035 1804 3214 1873 itaque
3240 1807 3370 1862 ado-

1787 1901 1968 1939 ramus
2019 1897 2263 1941 naturam
2291 1903 2418 1943 vero
2437 1903 2542 1943 non
2565 1890 2775 1946 curiose
2794 1903 3116 1950 scrutamur.
3135 1895 3188 1951 Si
3209 1897 3370 1952 homo

1789 1989 1932 2032 esset
1959 1979 2005 2032 is
2025 1981 2114 2048 qui
2142 1981 2345 2050 genuit,
2378 1981 2664 2036 humanam
2687 1995 2833 2040 certe
2852 1987 3250 2055 generationem
3273 1987 3368 2043 ha-

1786 2070 2010 2126 buisset.
2041 2073 2095 2126 Si
2119 2087 2316 2142 corpus
2337 2073 2630 2139 habuisset,
2659 2078 2931 2146 genuisset
2950 2089 3005 2133 ut
3031 2095 3245 2151 corpus.
3269 2082 3364 2139 Sin

1785 2175 1916 2215 vero
1949 2161 2199 2217 immunis
2229 2163 2300 2216 sit
2327 2179 2357 2217 a
2397 2180 2622 2234 corpore
2644 2208 2658 2230 ,
2694 2183 2762 2221 ne
2792 2170 3034 2238 corporis
3060 2171 3367 2228 alfectioncs

1794 2249 2113 2320 incorporeo
2153 2253 2446 2309 adscrihas.
2484 2259 2550 2310 At
2579 2257 2788 2326 genuit,
2824 2258 3029 2328 inquit,
3057 2277 3120 2316 ex
3153 2265 3366 2333 propria

1783 2351 1992 2407 natura,
2024 2359 2144 2398 cum
2179 2346 2425 2414 passione
2455 2349 2660 2416 genuit,
2696 2364 2789 2417 per
2817 2350 3134 2419 sectionem,
3166 2369 3262 2422 per
3287 2355 3368 2409 ef-

1781 2432 2004 2487 fluxum.
2040 2435 2115 2490 Ex
2147 2439 2376 2492 terrenis
2403 2440 2736 2496 contrarium
2766 2442 2953 2511 probo.
3000 2442 3180 2514 Gignit
3208 2447 3360 2514 vitis,

1778 2527 1945 2598 gignit
1964 2529 2103 2595 olea,
2130 2529 2297 2600 gignit
2318 2531 2478 2586 etiam
2496 2547 2654 2602 aqua,
2675 2549 2780 2586 non
2803 2535 3095 2590 secundum
3117 2549 3360 2594 naturam

1779 2628 2050 2685 nostram,
2094 2619 2189 2673 sed
2225 2621 2517 2676 secundum
2548 2624 2818 2692 proprium
2849 2625 3114 2681 ordinem.
3145 2629 3359 2696 Quaevis

1777 2710 1970 2765 mulier
1995 2711 2207 2780 quando
2229 2712 2279 2767 id
2301 2729 2331 2768 a
2365 2713 2475 2768 Deo
2494 2725 2823 2786 consequuta
2852 2727 2954 2786 est,
2985 2728 3043 2774 ut
3066 2721 3139 2775 sit
3165 2731 3354 2790 mater,

1778 2811 1986 2857 uterum
2013 2814 2208 2873 gestat,
2239 2805 2550 2860 intumescit
2579 2823 2594 2860 :
2622 2808 2820 2862 emisso
2843 2820 3021 2866 autem
3051 2810 3245 2879 fructu,
3276 2823 3359 2870 tu-

1775 2910 1982 2950 morem
2013 2897 2183 2967 ponit.
2213 2896 2267 2950 ln
2299 2897 2584 2952 arboribus
2609 2914 2764 2954 secus
2794 2901 3004 2956 accidit.
3041 2903 3353 2976 Priusquam

1771 2991 2017 3060 genuerit
2059 2990 2220 3044 arbor
2269 3005 2375 3044 non
2417 2991 2723 3048 intumescit
2757 3009 2771 3046 :
2800 3009 2920 3048 cum
2961 2997 3206 3065 genuerit
3245 3007 3356 3053 tum

1773 3083 2008 3136 crassior
2036 3080 2288 3145 efficitur,
2320 3080 2524 3136 fructus
2552 3093 2809 3153 augetur,
2841 3094 2896 3139 et
2922 3085 3070 3140 radix
3103 3087 3359 3158 multipli-

1770 3183 1944 3238 catur,
1993 3188 2165 3243 neque
2205 3173 2503 3228 imminutio
2552 3183 2636 3248 est
2673 3175 2907 3245 gignenti
2950 3177 3132 3243 radici,
3180 3195 3355 3250 neque

1771 3277 1898 3321 nato
1929 3266 2140 3321 fructui.
2163 3267 2344 3337 Gignit
2364 3267 2486 3322 vitis
2508 3283 2614 3322 non
2641 3283 2792 3323 more
2818 3278 3005 3324 nostro
3029 3284 3044 3322 :
3081 3270 3354 3342 Deumque

1769 3358 1814 3412 si
1837 3359 2069 3414 audieris
2092 3360 2361 3430 genuisse,
2389 3360 2648 3414 humanas
2677 3361 2953 3430 passiones
2972 3361 3232 3419 adscribis
3257 3379 3353 3418 na-

1769 3459 1942 3507 turam
1966 3467 2180 3507 onmem
2208 3451 2491 3507 humanam
2517 3453 2831 3523 superanti?

1839 3544 1892 3598 5.
1928 3542 1993 3598 Et
2021 3544 2151 3598 dixit
2178 3542 2312 3598 Deus
2336 3559 2355 3597 :
2383 3542 2586 3598 Educet
2611 3554 2746 3599 terra
2763 3548 2990 3600 animum
3014 3547 3252 3602 viventem
3270 3564 3352 3604 cc-

1766 3638 1989 3691 cundum
2029 3654 2220 3710 genus,
2258 3638 2648 3709 quadrupedes,
2689 3642 2928 3710 reptilia,
2969 3643 3151 3697 bestias
3191 3643 3346 3715 (Gen.

1765 3730 1816 3784 1.
1849 3730 1960 3793 24).
1995 3729 2382 3799 Quadrupedes
2405 3730 2644 3800 jumeuta
2672 3741 2824 3798 sunt;
2858 3735 3101 3803 reptiles,
3134 3735 3346 3806 bestiae,

1765 3837 1989 3892 serpens
2027 3833 2082 3876 et
2107 3823 2308 3888 draco;
2337 3838 2507 3893 neque
2532 3823 2674 3878 enim
2717 3823 2903 3879 bestia:
2944 3827 3117 3880 solum
3160 3828 3348 3897 subju-

1763 3917 1931 3986 gales,
1965 3915 2057 3970 sed
2089 3917 2248 3971 etiam
2276 3931 2396 3986 qua:
2420 3917 2672 3972 oneribus
2702 3917 2966 3984 ferendis,
2993 3919 3232 3989 jumenta
3260 3921 3346 3975 di-

1761 4019 1973 4063 cuntur.
2005 4007 2270 4078 Quidquid
2304 4010 2447 4063 foeno
2474 4009 2708 4064 vescitur
2728 4050 2744 4075 ,
2773 4011 2886 4066 sive
2913 4012 3040 4076 bos,
3069 4013 3180 4067 sive
3206 4015 3343 4077 ovis,

1759 4117 1924 4172 pecus
1963 4111 2222 4156 vocatur:
2265 4118 2428 4165 κτῆνος
2468 4101 2580 4156 sive
2619 4117 2780 4170 pecus
2821 4103 3046 4168 dicitur,
3088 4104 3208 4174 quia
3261 4114 3344 4159 est

1757 4211 1918 4262 κτῆμα
1963 4194 2076 4250 sive
2107 4196 2374 4264 possessio
2412 4195 2663 4250 hominis.
2709 4194 2859 4262 Quod
2906 4203 3084 4248 autem
3132 4211 3260 4250 oves
3285 4205 3341 4251 et

1757 4289 1924 4343 boves
1951 4301 2140 4355 pecora
2170 4296 2429 4342 vocentur
2450 4287 2760 4341 testificatur
2780 4285 3053 4356 Scriptura
3084 4304 3098 4341 :
3132 4287 3194 4341 Et
3224 4290 3339 4359 [ue-

1755 4389 1874 4433 runt
1897 4379 1975 4432 illi
2001 4394 2184 4449 pecora
2233 4380 2397 4432 ovium
2434 4387 2480 4432 et
2515 4394 2696 4448 pecora
2733 4377 2881 4431 boum
2906 4376 3073 4449 (Gen.
3099 4378 3188 4433 26.
3225 4379 3338 4447 H).

1757 4471 1981 4541 Repleta
2009 4480 2093 4526 est
2126 4480 2300 4536 terra,
2340 4469 2597 4524 vernabat
2645 4469 2920 4534 fructibus,
2971 4470 3188 4540 protulit
3224 4471 3340 4525 ani-

1758 4566 1950 4631 malia;
1982 4564 2388 4620 desiderabatur
2419 4563 2634 4618 demum
2678 4571 2828 4631 pater
2855 4562 3116 4626 familias;
3149 4565 3337 4618 caelum

1754 4666 2003 4712 ornatum
2042 4657 2232 4722 fuerat,
2268 4667 2408 4711 terra
2451 4656 2600 4709 vario
2633 4654 2830 4710 decore
2871 4654 3219 4724 splendebat,
3252 4671 3338 4711 re-

1755 4749 1954 4819 pletum
2000 4759 2116 4803 erat
2158 4763 2327 4814 mare,
2371 4762 2466 4802 aer
2503 4747 2680 4801 avium
2728 4745 3067 4801 multitudine
3112 4758 3338 4802 ornatus

1752 4851 1888 4896 erat.
1919 4840 2106 4896 Omnia
2152 4849 2332 4909 parata
2379 4850 2568 4905 erant,
2599 4849 2653 4894 et
2700 4838 3108 4894 desiderabatur
3150 4840 3332 4895 homo.

1751 4933 1866 4989 Non
1895 4934 1968 4988 illi
1999 4935 2336 4988 contumelia:
2363 4942 2464 4997 est,
2500 4932 2639 5002 quod
2668 4933 2737 4987 sit
2761 4942 3082 5002 postremus,
3111 4932 3204 4988 sed
3235 4933 3336 4988 hoc

1750 5025 1826 5081 illi
1858 5025 2000 5081 cedit
2026 5024 2214 5080 honori
2251 5043 2264 5079 :
2295 5036 2629 5095 praeparatur
2654 5025 2796 5080 enim
2823 5025 3046 5090 domus,
3079 5033 3132 5080 et
3178 5025 3327 5080 indu¢

1749 5118 1891 5174 citur
1918 5127 2068 5189 pater
2099 5117 2349 5173 familias.
2383 5117 2521 5172 Nihil
2552 5118 2748 5188 quippe
2781 5118 2922 5174 Deus
2962 5119 3336 5189 intempestive

1755 5222 1809 5268 et
1835 5212 1952 5268 sine
1981 5213 2142 5267 modo
2174 5211 2325 5279 facit,
2369 5212 2462 5267 sed
2489 5222 2679 5268 cuncta
2709 5213 2774 5268 ad
2805 5222 3008 5268 certum
3047 5229 3222 5268 usum.
3257 5215 3334 5268 Ac

1748 5305 1868 5360 vide
1891 5305 2153 5360 ordinem.
2187 5305 2364 5360 Primo
2396 5306 2518 5360 fecit
2542 5306 2679 5360 Dens
2705 5305 2923 5360 herbam
2952 5316 3001 5362 et
3029 5306 3249 5370 fumum,
3277 5313 3333 5359 et

1747 5410 1932 5471 postea
1957 5401 2205 5454 animalia
2229 5416 2346 5470 qua:
2375 5399 2458 5454 his
2482 5400 2830 5456 nutrirentur.
2857 5400 2964 5454 Nisi
2987 5400 3129 5453 enim
3151 5405 3334 5452 essent

1745 5493 2028 5559 alimenta,
2082 5492 2451 5562 intempestiva
2497 5492 2686 5549 fuisset
2733 5492 3039 5547 animalium
3085 5489 3330 5555 creatio,

1745 5599 1864 5653 qua:
1908 5584 2129 5653 penuria
2166 5583 2432 5640 fructuum
2464 5585 2747 5640 laboraret.
2781 5582 2929 5638 Fecit
2956 5581 3209 5636 alimenta
3231 5621 3246 5645 ,
3274 5591 3331 5636 et

1744 5685 1864 5746 post
1889 5692 1951 5731 ea
1985 5692 2104 5747 quae
2147 5676 2212 5731 iis
2246 5679 2521 5734 alerentur
2567 5675 2830 5739 condidit;
2861 5673 3032 5743 primo
3073 5673 3139 5727 ad
3172 5687 3330 5730 nsum

1744 5768 2067 5841 necessaria,
2111 5767 2307 5826 deinde
2363 5769 2562 5826 inducit
2600 5784 2659 5842 ea
2710 5783 2829 5839 qua:
2882 5765 2985 5821 illis
3026 5775 3326 5824 uterentur.
