3704 6274
354 248 460 301 163

359 357 558 412 liodem
591 355 749 410 modo
794 370 858 411 se
903 354 956 408 iu
984 353 1275 424 Scripturis
1311 352 1495 424 gessit.
1525 355 1939 410 Antecesscrunt

356 451 629 504 Christum
654 447 941 517 Scriptum:
962 446 1137 515 ipsum
1164 444 1537 515 prmdicantes,
1562 453 1615 499 et
1646 454 1769 497 tunc
1795 446 1940 502 venit

357 544 403 596 is
442 557 601 610 quem
652 541 1036 609 pratdicabant.
1082 540 1483 594 Praecesserunt
1520 540 1850 602 testimonia,
1884 549 1940 593 ut

354 634 665 689 mederetur
690 632 761 695 ei,
792 631 859 687 de
902 647 1009 702 quo
1051 632 1415 686 testimonium
1466 630 1751 684 ferebatur.
1798 630 1940 685 Prae-

357 733 521 787 cessit
553 732 658 796 lex,
692 738 750 784 ut
779 728 1093 799 praedicaret
1123 728 1506 797 legislaturem.
1539 727 1940 780 Prmcesserunt

359 823 673 894 prophetat,
717 830 773 878 ut
815 821 963 877 illum
1008 820 1383 885 declararent,
1421 818 1487 873 de
1531 832 1637 888 quo
1680 817 1939 873 vaticina-

357 916 717 1076 M'Slc‘zptum
734 1020 824 1059 cur
842 1001 1039 1057 ludatis
1066 1000 1273 1055 relicua.
1291 1030 1365 1041 —
1384 1000 1462 1055 Ac
1483 998 1603 1053 vide
1622 998 1939 1067 sapientiam

364 1098 480 1153 Dei.
522 1096 829 1166 Scripturas
874 1094 1256 1165 prophetarum
1302 1107 1408 1146 non
1453 1092 1575 1147 sivit
1617 1092 1668 1145 in
1700 1090 1942 1145 Ecclesia

362 1192 532 1245 solum
555 1205 699 1256 esse,
722 1189 820 1247 sed
843 1198 898 1244 et
917 1189 1055 1258 apud
1078 1187 1317 1242 Judaéos:
1339 1197 1396 1243 ut
1412 1188 1487 1241 illi
1503 1196 1940 1258 coarguerentur,

359 1282 577 1351 reliquit
602 1296 695 1336 eas
716 1280 856 1350 apud
879 1279 1094 1336 Judaeos
1119 1278 1388 1349 indignos,
1414 1279 1506 1335 Dei
1525 1279 1725 1340 hostes,
1744 1277 1942 1332 Christi

360 1374 626 1429 inimicos.
642 1372 750 1427 Cur
770 1388 897 1442 ergo
923 1372 974 1426 id
996 1370 1143 1437 fecit,
1166 1387 1264 1426 nec
1285 1372 1352 1426 ab
1376 1372 1479 1425 illis
1500 1370 1803 1441 Scripturas
1822 1371 1943 1424 abs,

361 1465 521 1523 tulit?
553 1464 784 1520 Evidens
812 1479 971 1520 causa
996 1473 1099 1528 est,
1129 1478 1228 1520 nec
1267 1464 1428 1517 multa
1472 1463 1782 1532 probatione
1809 1479 1943 1532 Opus

362 1559 542 1613 habet.
575 1556 646 1613 Ut
672 1557 978 1629 praedicatio
1001 1570 1117 1610 mea
1141 1571 1246 1611 non
1267 1566 1516 1625 suspecta
1536 1564 1700 1610 esset.
1724 1555 1776 1609 Si
1800 1555 1944 1610 solus

363 1651 655 1721 prophetas
686 1649 972 1713 haberem,
1004 1660 1185 1719 posset
1213 1648 1518 1702 incredulus
1553 1648 1942 1705 contradicere.

361 1745 610 1797 Aususne
630 1757 803 1797 essem
830 1755 930 1811 ego
951 1741 1153 1805 dicere,
1177 1741 1319 1794 Dixit
1343 1741 1577 1813 Moyses.
1603 1741 1737 1795 dixit
1758 1742 1941 1807 Isaias,

361 1844 451 1889 aut
478 1835 615 1889 dixit
648 1834 887 1904 reliquus
913 1834 1294 1903 prophetarum
1323 1833 1457 1889 ordo
1476 1875 1492 1897 ,
1525 1833 1592 1887 de
1618 1832 1856 1898 Christo,
1890 1841 1947 1887 et

362 1927 430 1981 de
456 1926 521 1981 iis
550 1942 669 1996 qua:
709 1934 951 1995 tempore
995 1925 1258 1981 adventus
1283 1926 1401 1994 ejus
1447 1935 1705 1980 eventura
1749 1926 1943 1979 erant?

364 2018 578 2072 Poterat
604 2016 773 2086 quivis
797 2017 1158 2087 respondere:
1186 2016 1460 2072 Undenam
1489 2017 1687 2070 scimus
1708 2016 1945 2088 Moysem

365 2110 531 2165 fuisse
562 2109 912 2178 prophetam,
945 2118 1002 2162 et
1045 2108 1160 2164 hinc
1190 2109 1413 2173 dixisse,
1456 2117 1547 2161 aut
1600 2108 1942 2177 przrdieasse,

365 2199 819 2269 quemadmodum
851 2199 1001 2254 vobis
1024 2200 1341 2254 Christianis
1378 2199 1443 2253 ad
1480 2200 1944 2256 confirmationem

363 2290 624 2345 doctrina:
642 2300 831 2345 vestra:
853 2290 1116 2345 blaterare
1133 2292 1304 2345 visum
1323 2300 1423 2356 est,
1448 2291 1732 2360 prophetas
1755 2307 1949 2361 nempe

367 2382 593 2450 tingere,
621 2390 676 2437 et
720 2382 935 2436 nomina
964 2381 1206 2439 fabulose
1249 2384 1617 2438 comminisci?
1657 2400 1826 2438 nosne
1854 2385 1949 2439 de-

364 2475 553 2529 bemus
581 2476 719 2531 haue
744 2478 1116 2535 auctoritatem
1142 2479 1461 2534 admittere?
1486 2479 1637 2534 Nunc
1667 2495 1796 2535 vero
1820 2496 1949 2535 con-

370 2566 683 2631 tradicenti,
722 2569 931 2623 etiarnsi
976 2572 1183 2641 magnis
1237 2572 1472 2625 munitus
1526 2572 1594 2625 sit
1634 2572 1945 2640 ratiociniis,

362 2661 539 2714 omnis
581 2660 788 2718 sublata
830 2662 1040 2719 occasio
1078 2672 1180 2728 est,
1232 2678 1301 2718 eo
1334 2664 1475 2734 quod
1517 2664 1606 2720 illa
1646 2665 1947 2719 testimonia

364 2753 505 2823 apud
537 2756 681 2823 ipsos
706 2754 944 2823 deposita
971 2756 1099 2822 sint,
1128 2771 1246 2825 quae
1272 2771 1369 2811 nos
1410 2756 1476 2810 ad
1500 2756 1807 2826 dogmatum
1844 2772 1946 2812 no-

364 2861 597 2901 strorum
633 2848 996 2903 defensionem
1033 2849 1318 2905 aﬂerimus.
1360 2849 1513 2906 Unde
1552 2851 1693 2905 enim
1732 2851 1947 2921 coargui

363 2954 470 2994 non
491 2941 659 3010 possit
677 2957 863 2996 eorum
880 2941 1101 2997 levitas?
1122 2942 1201 2997 Ne
1224 2943 1382 3013 igitur
1406 2942 1523 2997 ιιιρε
1536 2942 1799 3008 dicantur,
1824 2959 1947 3012 per-

366 3033 511 3093 misit
554 3043 612 3089 ut
640 3034 761 3090 libri
805 3034 1199 3105 Scriptus-arum
1242 3036 1381 3105 apud
1410 3036 1531 3091 illos
1574 3044 1789 3098 essent,
1818 3044 1875 3091 ut
1902 3038 1948 3092 si

366 3125 493 3180 mihi
534 3126 669 3181 fides
712 3136 952 3197 negetur,
979 3128 1130 3197 quasi
1172 3128 1239 3182 ad
1264 3127 1600 3198 prepriorum
1639 3127 1948 3199 dogmatum

363 3220 585 3289 gratiam
616 3220 704 3276 illa
732 3222 1079 3277 contineris:
1101 3262 1116 3288 ,
1143 3221 1249 3277 illis
1275 3221 1409 3277 ﬁdes
1434 3222 1728 3290 habeatur,
1759 3222 1847 3292 qui
1878 3221 1947 3277 ab

364 3312 468 3365 illis
509 3312 847 3383 dogmatibus
888 3314 1197 3369 abluu‘rent.
1226 3313 1284 3370 Si
1327 3314 1567 3371 Judtenm
1613 3316 1943 3387 interroges,

362 3418 471 3457 non
499 3403 619 3457 dico
650 3405 934 3473 quemdam
960 3405 1028 3459 de
1055 3405 1213 3475 plebe
1238 3420 1300 3461 ac
1335 3405 1405 3462 de
1440 3407 1622 3472 turba,
1653 3409 1747 3462 sed
1774 3409 1863 3478 qui
1892 3416 1948 3464 et

363 3496 527 3550 verbo
550 3496 747 3565 polleat
774 3506 829 3551 et
854 3498 1026 3566 legem
1055 3506 1254 3562 teneat,
1279 3497 1444 3553 Estne
1463 3498 1743 3553 Christus?
1763 3509 1816 3554 et
1838 3514 1944 3554 non

362 3588 504 3643 dicat
533 3604 638 3641 non
677 3602 799 3644 esse
818 3629 834 3653 ,
858 3589 955 3644 sed
983 3604 1105 3643 esse
1144 3589 1382 3659 quidem,
1408 3600 1463 3645 at
1489 3608 1592 3647 non
1633 3608 1753 3648 esse
1780 3593 1941 3661 hunc,

362 3692 520 3748 quem
548 3692 644 3732 vos
683 3677 890 3745 dicitis,
916 3679 1010 3734 sed
1035 3680 1198 3733 alium
1228 3696 1243 3735 :
1272 3680 1529 3736 hactenus
1556 3683 1643 3738 ille
1685 3699 1798 3737 rem
1836 3700 1944 3739 non

361 3768 574 3835 evertit,
606 3768 700 3824 sed
724 3784 1002 3838 personam
1027 3770 1080 3825 in
1105 3769 1321 3826 dubium
1353 3774 1579 3827 vocavit.
1605 3774 1758 3828 Aliud
1783 3790 1945 3844 porro

359 3870 443 3914 est
473 3875 588 3916 rem
628 3876 845 3932 negare,
877 3862 1019 3919 aliud
1070 3878 1200 3918 vero
1240 3880 1543 3935 personam.
1589 3866 1653 3925 Ut
1695 3870 1739 3923 si
1768 3870 1886 3940 quis
1911 3886 1943 3926 a

360 3968 447 4008 tne
471 3952 709 4008 debitum
736 3963 1000 4023 reposcat,
1031 3954 1174 4010 aliud
1198 3967 1281 4011 est
1300 3956 1502 4024 dicere,
1520 3958 1634 4013 Non
1665 3958 1855 4025 debeo,
1889 3971 1943 4017 ct

357 4044 500 4098 aliud
524 4044 725 4111 dicere,
744 4044 858 4100 Non
887 4045 1002 4108 tibi,
1025 4046 1119 4102 sed
1139 4048 1226 4101 alii
1249 4047 1440 4103 debeo.
1464 4049 1679 4105 Interim
1701 4051 1940 4109 debitum

358 4136 409 4194 in
439 4138 691 4194 confesso
712 4148 814 4194 est.
841 4140 991 4206 Quod
1014 4140 1170 4210 igitur
1197 4139 1440 4198 Christus
1466 4143 1554 4207 sit,
1580 4144 1635 4198 id
1666 4145 1739 4199 illi
1770 4149 1940 4201 conti-

360 4238 561 4293 tentur,
586 4229 833 4285 dubitant
857 4240 1034 4287 autem
1062 4247 1131 4286 an
1156 4232 1245 4288 hic
1270 4234 1360 4299 sit,
1391 4234 1481 4304 qui
1509 4250 1541 4288 a
1562 4235 1717 4291 nobis
1744 4237 1940 4308 praedi-

354 4331 526 4386 catur,
546 4331 741 4377 etcum
766 4324 856 4391 qui
883 4339 987 4378 non
1004 4325 1217 4380 exsistit
1240 4325 1545 4392 admittunt,
1562 4328 1687 4397 quia
1705 4344 1828 4383 eum
1849 4330 1938 4399 qui

357 4430 486 4471 vere
515 4426 597 4471 est
625 4425 905 4485 negarunt.
934 4418 1002 4472 Et
1024 4418 1272 4475 advertas
1304 4421 1491 4483 velim,
1521 4422 1692 4490 ipsum
1719 4422 1935 4491 legisla-

355 4514 526 4561 torem
570 4505 804 4579 Moysem
844 4508 957 4578 ipsa
998 4507 1227 4564 hominis
1257 4509 1573 4566 formatione
1609 4512 1801 4567 Filium
1850 4515 1935 4568 in~

352 4600 569 4665 ducere,
588 4600 810 4671 ejusque
824 4602 1202 4672 cognitionem.
1220 4603 1379 4670 Dixit,
1398 4604 1518 4660 Fiat
1535 4607 1903 4675 ﬁrmamentum
1914 4632 1938 4680 ;

352 4692 505 4757 dixit,
532 4691 787 4746 Gemtiut
826 4703 996 4758 terra;
1022 4693 1182 4761 dixit,
1220 4695 1453 4751 Edacant
1480 4715 1642 4767 aqum.
1672 4699 1804 4755 Ctun
1834 4716 1934 4755 au-

353 4795 459 4839 tem
480 4786 628 4840 venit
671 4787 736 4841 ad
763 4786 1033 4841 hominem
1061 4790 1135 4844 ait
1165 4808 1177 4842 :
1209 4789 1275 4843 Et
1301 4792 1428 4845 dixit
1454 4791 1623 4857 Dens,
1659 4792 1934 4851 Faciamus

351 4880 622 4933 nominem.
650 4880 919 4950 Interrogo
938 4881 1209 4937 Judaeum:
1234 4884 1288 4939 Si
1309 4885 1455 4938 solus
1474 4896 1577 4952 est,
1600 4901 1698 4941 nec
1714 4897 1794 4941 est
1809 4903 1930 4943 cum

349 4987 416 5026 co
463 4972 648 5039 Filius,
694 4990 851 5042 quem
902 4985 1280 5043 praedicamus,
1330 4979 1374 5032 si
1420 4994 1529 5034 non
1573 4988 1657 5035 est
1701 4981 1932 5049 Spiritus

347 5072 584 5129 sanctus,
612 5080 769 5133 quem
792 5065 1096 5132 adoramus,
1121 5069 1334 5122 cuinam
1362 5069 1515 5132 dixit,
1539 5070 1811 5127 Faciaimts
1838 5073 1931 5127 Ito-

349 5153 574 5207 na'nem?
600 5154 802 5209 Caelum
828 5155 979 5224 jussu
1008 5160 1124 5212 solo
1154 5158 1298 5224 facit,
1327 5168 1521 5214 terram
1547 5169 1602 5216 et
1626 5164 1827 5232 reliqua
1856 5164 1927 5218 si-

346 5247 575 5301 militer:
599 5262 723 5301 cum
747 5247 1016 5303 hominem
1035 5261 1202 5316 creat,
1226 5249 1555 5307 divinitatem
1580 5253 1696 5307 Filii
1713 5255 1925 5311 demum

346 5340 535 5395 volens
549 5342 699 5411 ψιαεί
722 5358 816 5411 per
835 5342 1093 5397 fenestras
1108 5344 1542 5413 conspiciendam
1563 5347 1822 5415 praebere,
1841 5348 1925 5402 di-

343 5431 436 5496 cit,
462 5429 731 5487 Faciatuas
752 5434 1041 5499 hominem;
1064 5443 1121 5489 ut
1139 5436 1385 5490 ostendat
1410 5438 1555 5491 illum
1581 5439 1634 5491 in
1662 5440 1925 5507 prioribus

342 5524 504 5577 etiam
526 5525 776 5581 creandis
799 5527 898 5582 sibi
927 5530 1131 5583 socium
1155 5529 1336 5584 fuisse.
1368 5530 1528 5586 Aiunt
1548 5530 1727 5601 itaque
1750 5531 1924 5589 Judtei

342 5614 394 5668 in
424 5626 707 5685 angustum
747 5619 984 5685 redacti,
1018 5634 1118 5675 nec
1162 5621 1401 5679 valentes
1448 5623 1516 5677 ita
1558 5632 1795 5694 apertam
1837 5624 1921 5679 di-

340 5708 570 5765 ctionem
601 5720 836 5780 ωιιωιτο,
866 5712 1038 5784 ipsum
1070 5712 1123 5769 id
1148 5714 1349 5786 angelis
1388 5714 1585 5779 dixisse
1613 5733 1626 5771 :
1670 5717 1919 5788 quoniam

1807 237 2183 295 SEVERIANI

3558 251 3659 311 ιθι

2048 354 2299 409 dictionis
2342 364 2583 411 naturam
2632 365 2816 425 aperte
2858 372 3053 428 negare
3082 373 3189 417 nou
3232 371 3511 430 possunt,
3556 367 3663 419 alio

2048 448 2209 499 modo
2262 447 2599 517 negationem
2657 447 2798 501 illam
2851 448 3140 509 insinuant.
3197 451 3432 507 Cuinam
3502 454 3661 526 igitur

2047 538 2200 600 dixit,
2232 536 2548 593 Faciamus?
2574 540 2812 611 Angelis,
2840 541 3101 612 inquiunt.
3134 543 3329 612 Quaero
3350 587 3367 611 ,
3392 543 3523 600 Utri
3554 564 3659 601 ma.

2042 627 2190 697 jores
2220 639 2364 693 sunt,
2410 631 2606 701 angeli,
2654 648 2720 684 an
2773 632 3057 687 homines?
3081 632 3221 689 Sane
3268 636 3480 705 angeli.
3530 637 3657 692 Nam

2047 718 2260 789 quando
2302 721 2461 774 etiam
2513 721 2799 777 admodum
2847 722 2897 778 in
2946 724 3138 779 virtute
3184 724 3565 795 profecimus,
3600 746 3659 784 ne

2050 820 2175 867 tunc
2203 813 2418 882 quidem
2452 814 2572 869 illos
2613 830 2950 884 superamus,
2994 816 3087 871 sed
3115 831 3271 887 pares
3312 818 3400 873 eis
3446 834 3655 873 sumus.

2048 902 2199 957 Nunc
2232 920 2363 959 vero
2404 905 2467 959 iis
2496 916 2683 960 natura
2722 906 2878 978 longe
2916 908 3195 964 inferiores
3222 924 3439 976 sumus,
3479 910 3656 967 incor-

2048 998 2331 1068 parcisque
2355 999 2556 1068 angelis
2579 1015 2762 1054 smnus
2793 1001 3045 1063 minores.

2120 1088 2175 1143 6.
2208 1089 2343 1144 Audi
2376 1091 2627 1146 Davidem
2656 1091 2754 1147 hac
2778 1092 2846 1148 de
2870 1109 2930 1148 re
2958 1092 3335 1151 testiﬁcantem
3369 1113 3384 1149 :
3414 1094 3571 1164 Quid
3593 1110 3653 1150 est

2049 1183 2219 1245 homo,
2247 1182 2381 1253 quod
2402 1200 2591 1237 memor
2616 1201 2669 1237 es
2691 1186 2819 1255 ejus,
2854 1195 2944 1238 aut
2971 1185 3106 1255 ﬁlius
3137 1186 3383 1251 hominis,
3407 1189 3652 1258 quorum

2048 1275 2219 1328 visitas
2266 1275 2421 1328 eum?
2466 1275 2699 1330 Minuiin
2746 1292 2861 1331 eum
2914 1277 3067 1347 paulo
3117 1278 3287 1332 minus
3333 1278 3402 1332 ab
3459 1281 3650 1349 angelis

2050 1364 2221 1435 (Psal.
2249 1368 2303 1423 8.
2325 1367 2379 1423 5.
2402 1365 2477 1438 6).
2502 1366 2659 1424 Certe
2680 1367 2914 1423 minores
2939 1370 3140 1440 angelis
3166 1385 3355 1425 sumus
3386 1388 3401 1424 :
3447 1385 3556 1425 nos
3585 1372 3656 1424 in.

2049 1456 2304 1523 feriores,
2334 1459 2505 1528 angeli
2534 1458 2792 1528 majores.
2821 1459 2877 1515 Si
2903 1474 3023 1514 cum
3055 1459 3331 1516 hominem
3363 1461 3529 1515 illurn
3562 1464 3650 1516 mi—

2050 1562 2235 1602 norem
2287 1548 2508 1615 faceret,
2552 1565 2687 1620 epus
2731 1550 2920 1606 habuit
2967 1552 3173 1622 angelis
3220 1553 3563 1607 consiliariis
3607 1566 3648 1608 et

2049 1639 2404 1708 adjutoribus,
2433 1655 2553 1695 cum
2584 1641 2814 1711 majores
2844 1642 3077 1709 faceret,
3119 1659 3224 1698 non
3253 1660 3425 1699 unum
3459 1661 3649 1715 nempe

2050 1731 2335 1801 angelum,
2384 1734 2478 1788 sed
2524 1734 2613 1787 illa
2660 1734 2824 1788 millia
2865 1735 3091 1790 millium
3138 1736 3644 1799 innumerabilium;

2050 1823 2503 1892 quemadmodum
2534 1825 2675 1879 enim
2699 1826 2978 1880 luminaria
3008 1828 3165 1882 simul
3187 1827 3375 1884 omnia
3401 1827 3560 1893 fecit,
3584 1831 3648 1884 sic

2049 1925 2103 1969 et
2132 1915 2352 1985 angelos
2378 1925 2433 1971 et
2467 1917 2819 1989 archangelns
2863 1918 3055 1984 simul;
3086 1929 3141 1974 et
3169 1929 3247 1975 tot
3287 1928 3420 1975 sunt
3451 1929 3517 1974 ut
3542 1936 3646 1974 om-

2050 2024 2173 2062 nem
2217 2018 2471 2079 superent
2516 2026 2821 2077 numerum,
2870 2012 3170 2083 clamatque
3199 2013 3392 2067 Daniel
3426 2030 3443 2067 :
3480 2010 3644 2067 Decies

2050 2101 2233 2156 millies
2262 2103 2393 2156 dena
2417 2103 2576 2156 millia
2597 2104 2947 2159 ministrabant
2968 2106 3033 2172 ei,
3053 2116 3102 2159 et
3122 2106 3283 2160 millia
3310 2106 3545 2160 millium
3567 2109 3643 2158 ad-

2049 2194 2250 2249 stabant
2277 2196 2323 2249 ei
2348 2195 2505 2266 (Dan.
2538 2198 2591 2251 7.
2618 2196 2729 2267 l0).
2761 2196 2906 2252 Dena
2933 2198 3095 2252 millia
3124 2197 3393 2253 denorum
3420 2198 3639 2252 millium

2051 2288 2366 2359 angelorum
2411 2288 2556 2357 fecit,
2602 2290 2872 2361 milliaque
2915 2291 3138 2346 millium
3173 2291 3639 2362 archangelornm,

2050 2396 2150 2435 nec
2191 2396 2325 2451 Opus
2372 2382 2555 2437 habuit
2599 2383 2905 2440 consiliario
2951 2392 3044 2439 aut
3080 2384 3369 2454 adjutore,
3419 2394 3482 2439 et
3529 2401 3637 2438 cum

2051 2489 2215 2527 unum
2240 2473 2442 2530 faceret
2470 2476 2670 2530 luteum
2705 2476 3007 2541 hominem,
3039 2477 3263 2531 consilio
3294 2477 3505 2543 utitur,
3537 2493 3640 2531 ser-

2052 2582 2265 2621 monem
2289 2567 2514 2635 confert,
2548 2568 2827 2623 consilium
2852 2567 2986 2622 init?
3014 2568 3139 2635 Quis
3163 2579 3237 2621 est
3258 2568 3453 2622 homo?
3476 2584 3641 2622 nonne

2054 2669 2194 2716 terra
2223 2670 2277 2715 et
2301 2660 2368 2717 de
2406 2660 2586 2715 terra?
2613 2677 2791 2715 nonne
2820 2660 2955 2715 cinis
3000 2669 3053 2714 ct
3078 2659 3291 2714 favilla?
3327 2659 3641 2726 Clamatque

2051 2751 2319 2807 Abraham
2346 2768 2496 2808 suam
2532 2752 2830 2821 prmdicans
2852 2752 3108 2809 vilitatem
3142 2769 3155 2806 :
3188 2749 3301 2823 Ego
3328 2764 3507 2805 autem
3536 2769 3639 2805 sunt

2052 2854 2187 2899 terra
2215 2854 2263 2900 et
2288 2846 2414 2901 cinis
2443 2844 2596 2915 (Gen.
2632 2846 2719 2901 l8.
2750 2846 2866 2916 27).
2898 2844 3035 2914 Quid
3065 2855 3188 2900 sunt
3218 2845 3437 2916 angeli?
3468 2860 3637 2899 nonne

2050 2937 2307 3007 spiritus?
2352 2953 2529 2993 nonne
2573 2939 2750 3008 ignis?
2791 2939 2928 2993 Audi
2968 2938 3224 2992 Davidem
3265 2937 3590 2992 clamantem
3624 2956 3635 2989 :

2055 3031 2157 3098 Qui
2184 3036 2309 3103 facit
2335 3031 2543 3103 angelos
2568 3049 2685 3087 suos
2714 3032 2943 3104 spiritus,
2971 3040 3017 3085 et
3047 3032 3302 3085 ministros
3326 3047 3452 3085 suos
3479 3032 3637 3101 ignari

2051 3132 2274 3177 urentem
2301 3122 2470 3196 (Psal.
2501 3124 2625 3179 105.
2654 3123 2734 3193 4).
2766 3122 2895 3179 Cum
2923 3124 3058 3196 ignis
3086 3132 3329 3176 naturam
3357 3123 3633 3183 conderet,

2051 3215 2410 3285 intelligentes
2440 3224 2494 3270 et
2521 3215 2865 3286 incorporeos
2890 3216 3129 3286 spiritus,
3160 3230 3263 3269 non
3289 3230 3425 3285 opus
3458 3216 3635 3269 habuit

2050 3307 2377 3374 consiliario,
2429 3323 2533 3362 non
2579 3308 2743 3371 socio,
2793 3324 2899 3363 non
2943 3308 3048 3364 alio
3093 3308 3344 3378 quoniam
3384 3307 3439 3362 in
3476 3323 3635 3376 opere

2049 3398 2293 3468 adjutore
2325 3419 2338 3453 :
2371 3409 2425 3454 et
2455 3416 2575 3455 cum
2608 3416 2730 3456 eum
2753 3402 2841 3471 qui
2873 3399 2941 3456 de
2969 3408 3110 3455 terra
3138 3411 3218 3456 est
3246 3399 3449 3466 condit,
3480 3400 3635 3453 mise-

2050 3504 2165 3543 rum
2196 3489 2365 3556 illum,
2398 3491 2586 3557 vilem,
2619 3492 2708 3562 qui
2738 3491 2884 3549 brevi
2915 3501 3095 3563 postea
3140 3501 3380 3561 tempore
3414 3509 3523 3545 non
3550 3491 3633 3545 fu-

2051 3589 2201 3635 turus
2229 3590 2333 3648 est,
2368 3582 2454 3653 qui
2488 3584 2539 3636 in
2587 3584 2834 3653 sepulcro
2879 3584 3232 3649 dissolvetur,
3261 3586 3349 3653 qui
3396 3593 3631 3654 tempore

2047 3684 2414 3742 eonsumetur,
2467 3677 2748 3731 consilium
2794 3676 2910 3743 init,
2952 3678 3263 3734 consultat?
3309 3677 3506 3740 Etiam,
3552 3679 3632 3729 in.

2050 3769 2219 3838 quiet,
2245 3769 2396 3824 decet
2426 3770 2710 3825 Dominum
2742 3771 2811 3826 ob
2840 3786 3104 3827 summam
3127 3788 3276 3827 suam
3308 3773 3627 3834 bonitatem,

2048 3860 2229 3916 dicere
2251 3862 2469 3919 famulis
2493 3865 2845 3933 praesentibus
2867 3906 2883 3933 ,
2915 3864 3050 3935 Quid
3080 3865 3197 3919 ﬁeri
3230 3865 3479 3935 oportet?
3506 3866 3625 3934 quid

2047 3954 2343 4010 faciemus?
2367 3956 2478 4011 lloc
2507 3973 2719 4029 quoque
2744 3958 2983 4014 concedo
3003 4001 3016 4022 ,
3046 3974 3107 4013 ac
3137 3969 3254 4028 post
3284 3969 3485 4013 tantum
3512 3976 3624 4013 cer-

2048 4056 2247 4113 tamen,
2274 4046 2499 4102 admilto
2519 4091 2534 4115 ,
2563 4050 2713 4117 illud,
2742 4049 3047 4116 Faciamus,
3079 4051 3144 4105 ad
3184 4053 3401 4121 angelos
3426 4053 3619 4107 dictum

2044 4140 2227 4197 fuisse.
2261 4140 2414 4207 lllud,
2445 4140 2741 4209 Faciamus,
2769 4144 2959 4199 audisti
2982 4162 2995 4209 ;
3022 4145 3146 4200 illud
3166 4162 3310 4211 vero,
3338 4146 3620 4201 Secundum

2044 4232 2313 4304 imaginem
2335 4243 2383 4288 et
2406 4236 2785 4291 similitudinem
2805 4252 2908 4291 non
2933 4237 3147 4292 vidisti?
3171 4237 3281 4292 lloc
3304 4240 3443 4291 enim
3466 4240 3621 4292 verbo

2042 4324 2347 4383 Judteorum
2373 4336 2427 4383 et
2449 4330 2819 4385 haereticorum
2846 4346 2939 4385 ora
2964 4331 3253 4385 obstruain.
3279 4330 3460 4400 Neque
3483 4334 3621 4386 enim

2042 4416 2280 4485 Judazus,
2322 4436 2495 4491 neque
2522 4437 2734 4477 rursum
2772 4422 3086 4487 haereticus,
3117 4424 3230 4493 ipse
3264 4440 3471 4494 quoque
3500 4441 3621 4479 vere

2041 4509 2291 4577 Judzeus;
2325 4512 2431 4566 imo
2460 4513 2609 4583 pejor
2640 4533 2653 4569 :
2685 4514 2758 4568 illi
2791 4529 3020 4584 namque
3048 4531 3243 4584 cnrpus
3279 4515 3482 4570 visibile
3502 4532 3620 4569 cru-

2043 4600 2359 4668 cilixerunt;
2408 4602 2462 4658 hi
2514 4620 2642 4659 vero
2699 4605 3025 4661 divinitatem
3080 4606 3394 4661 invisibilem
3448 4608 3615 4675 impu-

2041 4704 2204 4764 gnant
2223 4712 2237 4759 ;
2255 4696 2362 4750 into
2380 4712 2506 4751 vero
2519 4698 2755 4767 ipsorum
2770 4699 3014 4755 salutem.
3038 4699 3235 4753 Verum
3262 4709 3313 4755 ct
3336 4700 3404 4753 illi
3424 4700 3491 4752 im
3501 4716 3539 4768 pi
3551 4724 3615 4749 μ-

2039 4790 2213 4843 sibilia
2254 4791 2466 4860 aggredi
2507 4792 2857 4847 demonstrati
2888 4802 3029 4846 sunt.
3054 4792 3386 4862 Quapropter
3428 4796 3611 4862 partim

2039 4897 2225 4952 pinnas
2266 4880 2422 4952 hujus
2462 4882 2712 4937 facinoris
2752 4884 2805 4938 in
2845 4886 3089 4954 praesenti
3132 4883 3409 4949 dederunt,
3450 4900 3613 4954 genus

2039 4990 2194 5029 suum
2224 4974 2468 5029 videntes
2501 4991 2596 5046 per
2627 4986 2792 5030 totum
2825 4976 3007 5031 orbem
3048 4977 3370 5049 dispersum.
3397 4978 3607 5031 Denium

2039 5077 2215 5120 autem
2260 5067 2361 5120 illis
2401 5077 2635 5121 extrema
2668 5069 2796 5121 ultio
2833 5078 2914 5123 est
2945 5066 3257 5136 inlligenda,
3286 5070 3490 5139 quando
3515 5086 3607 5123 ex-

2041 5168 2270 5214 tremum
2319 5162 2556 5215 omnium
2600 5161 2857 5231 judicium
2905 5162 3233 5216 reddendum
3283 5164 3400 5217 erit.
3442 5164 3607 5230 Atque

2036 5252 2103 5305 ab
2148 5252 2276 5320 ipsis
2302 5267 2400 5306 suo
2443 5262 2684 5322 tempore
2729 5254 3031 5323 promerita:
3076 5263 3381 5324 repetentur
3416 5268 3599 5322 pense.

2033 5344 2168 5412 Quid
2197 5360 2373 5399 causa:
2400 5345 2558 5413 igitur
2582 5356 2683 5407 est,
2712 5361 2806 5399 cur
2828 5344 2927 5399 hos
2946 5361 3137 5400 omnes
3158 5361 3428 5401 sermones
3459 5348 3601 5402 Vobis

2031 5441 2440 5509 proposuerim?
2479 5440 2613 5494 Volo
2659 5442 2802 5496 enim
2853 5456 3063 5495 rursum
3113 5441 3305 5496 seriem
3348 5454 3598 5513 repetere.

2029 5530 2145 5586 Non
2170 5533 2326 5587 audet
2350 5531 2657 5599 haereticus,
2681 5549 2782 5589 nec
2811 5533 2969 5588 audet
2987 5532 3203 5589 Iudaeus
3226 5532 3422 5600 dicere,
3451 5552 3597 5590 unum

2030 5640 2149 5681 esse
2178 5626 2275 5681 Dei
2314 5635 2367 5682 et
2396 5628 2704 5696 angelorum
2751 5626 3056 5698 imaginem.
3104 5626 3241 5682 Num
3277 5629 3466 5698 angeli,
3508 5630 3596 5699 qni

2035 5717 2157 5773 facti
2179 5726 2321 5789 sunt,
2348 5719 2618 5791 adjutores
2641 5719 2735 5777 Dei
2755 5717 2988 5779 fuerint?
3003 5718 3229 5777 llliuistri
3243 5720 3410 5778 solum
3434 5732 3596 5789 erant,
