3704 6274
30 315 69 371 5
982 306 1068 362 DE
1105 300 1317 362 MUNDI
1355 294 1744 358 CREATIONE
1780 293 2036 354 ORATIO
2073 296 2159 356 ιγ.

28 431 286 496 ndantes,
317 427 516 500 gratias
545 431 786 498 agentes,
816 422 970 494 gnari
997 435 1057 477 se
1084 421 1253 476 factos
1280 431 1425 484 esse,
1458 418 1476 448 ⁸
1506 414 1587 485 let

28 532 133 577 utea
185 537 296 577 non
344 521 542 585 fuisse,
571 533 634 574 ac
663 524 795 571 nutu
829 513 1124 568 voluntatis
1172 511 1316 566 illius
1358 515 1571 563 creatos

32 614 218 687 isse]:
271 612 591 681 stabantque
621 606 1078 677 contemplantes,
1121 601 1476 670 videntesque
1519 613 1582 652 ea

29 723 98 761 ue
141 713 271 776 post
309 705 456 775 ipsos
505 706 643 757 facta
693 700 928 756 fuerant.
979 697 1244 752 Videbam
1282 694 1472 749 caelum
1520 709 1586 748 ex

26 801 157 855 ihilo
185 799 403 862 factum,
426 805 481 853 et
506 795 832 865 stupebant;
861 806 1008 848 mare
1027 797 1386 861 segregatum,
1413 797 1468 843 et
1489 788 1589 842 mi-

26 895 288 954 ibantur;
320 889 820 960 contemplabantur
848 898 1045 943 terram
1087 892 1365 947 ornatam,
1413 893 1466 937 et
1493 897 1592 936 cx-

26 985 398 1041 orrescebant.
429 983 582 1051 Quod
612 977 790 1037 autem
817 980 993 1050 angeli
1035 993 1140 1033 non
1167 978 1438 1046 adjutores
1470 973 1588 1027 fne-

31 1088 111 1143 nt,
171 1079 270 1134 sed
310 1077 697 1141 admiratores,
731 1077 806 1129 ait
851 1075 991 1128 Deus
1034 1072 1228 1127 Jobum
1269 1070 1587 1140 alloquens:

24 1171 218 1232 mando
247 1169 346 1240 feci
370 1169 564 1232 stellas,
595 1168 926 1220 laudauerunt
949 1181 1028 1218 me
1048 1181 1218 1219 omnes
1243 1161 1412 1233 angeli
1439 1170 1487 1216 et
1511 1176 1592 1213 ce-

24 1264 345 1315 cbraverunt
393 1258 528 1327 (Job.
561 1255 650 1311 58.
701 1256 776 1325 7).

74 1353 246 1416 Illud,
273 1349 576 1412 Faciamus,
603 1347 911 1402 Trinitatem
932 1353 980 1400 et
998 1346 1251 1398 unitatem
1274 1343 1588 1396 subindicat.

22 1477 73 1485 —
115 1444 410 1498 Faciamus
451 1443 728 1496 hominem.
762 1440 972 1495 Dictum
1023 1439 1150 1493 illud
1191 1444 1246 1492 et
1280 1436 1589 1505 loquentem

22 1537 287 1606 agnilicat
326 1544 380 1589 et
433 1533 763 1588 audientem.
815 1531 950 1586 Vide
993 1530 1304 1586 orthodoxe
1337 1525 1459 1581 ﬁdei
1505 1541 1592 1579 ra-

22 1630 164 1682 lium
217 1642 437 1697 semper
473 1626 892 1697 splendentem:
933 1631 988 1677 et
1026 1623 1105 1677 sol
1149 1622 1339 1678 lucens
1380 1619 1590 1674 radium

20 1734 173 1772 suum
214 1717 481 1787 adjunxit.
531 1716 808 1770 Faciamus
836 1716 1093 1769 hominem
1126 1712 1408 1766 secundum
1449 1712 1591 1763 ima-

20 1811 186 1875 ﬁnem
221 1819 270 1861 et
309 1808 707 1863 similitudinem
751 1817 1002 1860 nostram.
1050 1804 1410 1859 Personarum
1445 1799 1592 1854 ordi-

20 1920 119 1957 nem
169 1905 426 1970 servavit,
455 1914 510 1960 et
536 1904 848 1959 substantia:
872 1903 1156 1958 unitatem.
1197 1900 1592 1954 Faciamus'ho-

20 1996 181 2049 tinem
200 1996 481 2050 secundum
508 1995 800 2067 imaginem.
831 1993 947 2050 Non
977 1992 1268 2048 secundum
1298 1992 1592 2060 imagines:

18 2102 169 2158 teque
199 2088 348 2142 enim
372 2088 474 2142 alia
506 2096 588 2143 est
617 2088 791 2158 imago
828 2086 1025 2152 Patris,
1068 2085 1172 2139 alia
1214 2085 1356 2142 Filii.
1405 2085 1595 2139 Facia-

18 2196 108 2232 aus
142 2196 156 2231 :
183 2189 246 2234 ut
274 2194 624 2248 personarum
657 2179 958 2250 pluritatem
990 2178 1269 2242 ostendat;
1305 2178 1596 2233 Secundum

18 2272 272 2342 maginem
305 2281 576 2326 nostram:
603 2281 665 2326 ut
691 2271 1296 2325 consubstantialitatem
1340 2270 1595 2326 declaret.

16 2364 257 2430 )uisnam
289 2379 420 2418 vero
453 2373 536 2419 est
561 2363 735 2434 magni
767 2363 924 2433 hujus
948 2364 1214 2418 sermonis
1244 2371 1299 2419 et
1323 2361 1598 2417 admiran-

16 2460 73 2512 lze
99 2459 395 2513 creationis
425 2459 639 2514 socius?
663 2459 832 2514 Judzei
863 2459 1257 2524 contradicunt,
1285 2475 1350 2515 ac
1371 2460 1454 2516 vel
1479 2475 1601 2515 con-

16 2551 151 2606 atati
186 2551 529 2622 impudenter
558 2565 618 2607 se
641 2559 872 2622 gerunt;
907 2550 1145 2606 ba'retici
1179 2552 1469 2618 insaniunt,
1500 2567 1599 2607 ve-

16 2641 130 2695 itas
177 2641 542 2712 impugnatur,
585 2642 800 2713 pietatis
843 2641 1088 2699 doctrina
1117 2643 1368 2700 invictam
1400 2659 1510 2715 prae
1540 2660 1600 2701 se

14 2739 98 2784 ert
121 2730 544 2788 confessionem.

67 2824 124 2877 7.
169 2823 329 2879 Unde
364 2825 524 2895 igitur
561 2825 908 2882 ostendemus
935 2827 1020 2881 cui
1061 2826 1277 2894 dixerit,
1325 2827 1599 2883 Faciamus

14 2918 256 2970 inminent
278 2917 305 2971 .’
328 2927 420 2972 aut
449 2919 568 2989 quis
591 2927 675 2974 est
698 2919 815 2989 ejus
842 2920 1219 2976 consiliarius?
1249 2922 1380 2976 lllud
1415 2923 1559 2977 enim
1580 2964 1596 2988 ,

14 3009 304 3077 Faciamus,
345 3011 687 3082 praesentiam
721 3013 1012 3068 consiliarii
1054 3014 1235 3086 exigit.
1294 3016 1381 3070 Ait
1423 3017 1601 3087 itaque

12 3113 190 3156 reatus
217 3101 378 3156 lsaias
403 3104 471 3158 de
500 3103 774 3174 unigenito
798 3103 931 3160 Filio
955 3105 1068 3174 Dei,
1117 3106 1205 3177 qui
1246 3118 1462 3178 propter
1502 3123 1601 3164 nos

12 3209 240 3249 mmana
271 3194 414 3250 venit
444 3195 614 3251 forma
649 3215 663 3252 :
694 3195 834 3252 Puer
873 3207 1023 3253 natus
1069 3209 1142 3254 est
1179 3200 1341 3266 nobis,
1375 3201 1512 3269 ﬁlius
1555 3211 1601 3256 et

18 3287 199 3342 avenis
227 3287 377 3343 datus
405 3300 478 3342 est
502 3287 660 3356 (Isai.
681 3288 736 3346 9.
756 3290 832 3362 6).
865 3289 968 3359 Qui
998 3306 1103 3347 non
1135 3303 1252 3348 erat
1281 3308 1413 3362 puer
1442 3304 1598 3348 natus

12 3387 118 3444 :st;
155 3379 249 3450 qui
279 3388 396 3436 erat
426 3379 613 3446 Filius,
645 3380 803 3438 datus
848 3392 952 3438 est.
1007 3381 1078 3438 Et
1115 3385 1374 3439 vocabitur
1418 3403 1599 3441 nomen

12 3473 131 3539 rjus,
178 3471 356 3543 magni
376 3474 574 3528 consilii
601 3475 832 3545 angelus,
864 3490 1056 3546 nempe
1095 3478 1265 3546 pueri,
1295 3479 1383 3548 qui
1431 3477 1598 3535 Filius

12 3575 114 3620 :rat
142 3575 366 3636 propter
389 3565 743 3635 divinitatem,
785 3584 918 3640 puer
947 3579 1123 3625 autem
1147 3581 1364 3641 propter
1407 3575 1598 3626 huma-

12 3657 247 3711 iitatem.
281 3655 464 3728 Magni
482 3661 680 3714 consilii
725 3661 957 3732 angelus,
1006 3663 1322 3717 admirabilis
1363 3666 1598 3720 consilia-

12 3750 124 3805 νῆα.
162 3749 222 3805 Si
262 3765 425 3822 porro
452 3752 813 3809 consiliarium
837 3755 923 3810 cui
949 3755 1100 3818 dixit,
1132 3755 1406 3812 Faciamus
1434 3758 1598 3811 homi-

12 3859 113 3896 nem
165 3844 446 3896 secundum
489 3844 760 3916 imaginem
805 3857 852 3900 et
896 3847 1277 3904 similitudinem
1328 3860 1552 3903 nostram
1580 3891 1595 3915 ,

12 3935 183 4006 mgni
214 3936 422 3991 consilii
449 3937 710 4008 Angelum
739 3953 921 4006 vocas,
965 3940 1224 4007 nondum,
1257 3956 1290 3996 ο
1316 3941 1597 4011 propheta,

12 4027 323 4098 iignitatem
363 4027 480 4098 ejus
508 4029 653 4099 quia
685 4037 738 4085 te
775 4031 1109 4087 consiliarius
1151 4042 1372 4087 vocatur
1415 4033 1598 4089 decla-

12 4119 158 4175 -asti.
194 4118 317 4174 Fuit
359 4122 502 4175 enim
544 4130 600 4176 et
637 4121 847 4194 Moyses
873 4124 1209 4179 consiliarius
1259 4141 1274 4178 :
1321 4125 1602 4181 videbatur

12 4214 146 4268 enim
177 4213 460 4269 consilium
484 4214 615 4270 dare
642 4230 766 4273 cum
790 4215 1027 4272 diceret:
1054 4217 1138 4273 Ne
1164 4220 1365 4273 occidas
1405 4237 1506 4287 eos,
1540 4236 1603 4274 ne

12 4305 135 4361 Vorte
177 4305 352 4360 dicant
382 4315 552 4376 gentes
599 4321 621 4362 :
667 4305 748 4362 Eo
785 4310 920 4379 quod
963 4325 1064 4364 non
1104 4319 1267 4381 posset
1314 4311 1430 4366 illos
1463 4312 1604 4380 prole

12 4412 213 4468 augere,
251 4398 436 4452 occidit
470 4415 575 4454 eos.
613 4399 811 4455 Verum
837 4417 906 4456 ne
936 4402 1248 4457 miraculum
1267 4403 1332 4458 ad
1353 4405 1603 4460 consilia-

12 4490 140 4544 rium
171 4503 342 4558 usque
379 4491 631 4546 statueris
664 4509 678 4546 :
710 4507 778 4547 ne
814 4507 1100 4549 commune
1141 4511 1335 4550 nomen
1387 4496 1598 4564 feceris,

12 4581 100 4635 etsi
149 4580 308 4634 multi
333 4581 624 4637 consiliarii
663 4586 792 4651 sint,
826 4599 894 4638 ne
918 4587 1238 4641 contumelia
1267 4587 1529 4645 afficiatur
1555 4591 1602 4646 is

12 4675 92 4743 ιιιί
124 4675 280 4728 solus
315 4681 418 4729 est.
450 4677 522 4730 At
549 4676 807 4742 nondum,
839 4677 1029 4749 inquit,
1062 4679 1178 4749 ejus
1219 4682 1307 4750 qui
1339 4683 1600 4752 praadica-

12 4776 88 4819 Lur
123 4764 443 4834 dignitatem
471 4767 632 4823 nosti.
677 4769 814 4825 Audi
838 4770 905 4825 de
931 4771 1230 4828 admirabili
1257 4776 1600 4844 consiliario;

12 4857 173 4913 Isaias
204 4860 350 4914 enim
391 4860 444 4916 id
485 4861 627 4933 quod
663 4864 911 4934 sequitur
936 4865 1005 4921 ab
1043 4883 1128 4932 eo,
1157 4868 1295 4939 quod
1323 4871 1602 4944 praecedit,

12 4955 393 5022 interpretatur
425 4952 814 5023 :Admirabilis,
856 4957 1046 5028 inquit,
1081 4961 1420 5027 consiliarius,
1466 4962 1605 5017 Deus

12 5046 180 5098 rortis.
241 5044 409 5100 Recte
461 5045 570 5102 Deo
623 5046 989 5103 fortitudinem
1049 5052 1309 5121 adjunxit.
1375 5053 1606 5120 Quare?

12 5136 472 5206 Quemadmodum
499 5139 642 5194 enim
682 5141 836 5195 multi
882 5141 1031 5197 fuere
1074 5145 1383 5212 consiliarii,
1431 5161 1605 5217 neque

12 5241 188 5283 Lamen
216 5228 338 5283 ideo
363 5230 518 5284 unius
539 5231 830 5287 consiliarii
860 5233 1090 5304 dignitas
1119 5236 1237 5291 laedi
1263 5237 1482 5304 debuit,
1527 5240 1604 5296 sic

15 5322 127 5389 [uia
171 5320 327 5375 multi
361 5319 515 5378 fuere
552 5323 622 5378 dii
669 5325 831 5394 (nam
859 5328 970 5381 ait:
1008 5326 1116 5397 Ego
1139 5329 1262 5394 dixi,
1285 5333 1373 5386 Dii
1393 5335 1526 5394 estis,
1558 5344 1603 5388 et

12 5413 98 5465 ﬁlii
157 5411 407 5467 Altissimi
454 5430 626 5469 omnes
673 5414 863 5488 [PsaL
896 5418 983 5473 8i.
1016 5417 1126 5491 6];
1191 5437 1254 5476 ac
1291 5439 1498 5478 rursum
1530 5427 1604 5479 ait

12 5509 150 5561 Deus
178 5507 376 5580 Moysi,
410 5508 543 5564 Ecce
579 5511 725 5581 posui
751 5521 798 5565 te
821 5513 873 5565 in
897 5514 1043 5566 deum
1075 5513 1361 5571 Pharaonis
1406 5518 1601 5590 [Exod.

12 5603 50 5654 l.
83 5599 135 5672 l]
162 5600 200 5671 ),
253 5601 339 5656 hic
368 5601 457 5672 qui
487 5603 808 5673 praedicatur
836 5621 943 5661 non
967 5606 1148 5664 debuit
1175 5615 1490 5667 contumelia
1519 5613 1599 5668 af-

65 5804 82 5833 ι
125 5801 318 5850 I'hrasis
339 5802 569 5854 articulus
589 5805 672 5868 qui
697 5807 885 5857 uncinis
905 5805 1141 5858 clauditur
1159 5811 1302 5861 deest
1327 5813 1373 5860 in
1401 5812 1540 5862 Savil.

3181 303 3288 360 £66

1694 413 1802 470 fici.
1829 416 1908 469 Ac
1937 429 2008 468 ne
2038 423 2192 486 putes
2220 429 2344 472 eum
2370 416 2438 472 ita
2465 416 2624 474 deum
2653 433 2794 486 esse,
2826 427 2884 474 ut
2911 429 3025 475 erat
3051 419 3286 494 Moyses,

1694 519 1752 565 ut
1780 519 1936 565 erant
1959 511 2212 580 apostoli,
2263 511 2486 578 addidit,
2517 511 2654 567 Deus
2694 516 2855 585 fortis.
2888 514 3100 589 Moyses
3144 516 3288 572 Deus

1694 611 1829 668 erat,
1859 617 1966 657 non
2013 601 2188 672 fortis,
2233 603 2330 659 sed
2375 603 2688 662 fortitudine
2729 607 2978 662 donatus.
3018 608 3175 664 Aliud
3205 620 3292 665 est

1695 693 2010 750 fortitudine
2058 694 2305 762 donatus,
2359 705 2414 749 et
2463 697 2604 750 aliud
2651 697 2825 753 fortis.
2874 699 3033 754 Aliud
3063 702 3288 770 gratiam

1695 788 2062 857 commodans,
2090 789 2234 844 aliud
2250 789 2536 860 accipiens.
2570 789 2706 844 Deus
2734 791 2898 862 fortis.
2925 791 3132 864 Moyses
3156 793 3292 848 deus

1695 891 1810 935 erat
1838 881 2150 936 fortitudine
2168 880 2417 944 donatus,
2450 882 2657 936 etiamsi
2687 881 2967 952 grandium
3006 885 3292 938 miraculo.

1697 986 1814 1024 rum
1844 979 2082 1040 patrator
2109 987 2123 1036 ;
2161 987 2348 1026 verum
2376 972 2600 1041 gratiam
2627 973 2838 1043 accipit.
2889 974 3002 1028 Sub
3027 985 3290 1043 potestate

1695 1071 1850 1117 erant
1875 1063 2124 1132 apostoli,
2175 1075 2362 1132 potens
2392 1075 2473 1120 est
2500 1065 2770 1132 Servator,
2800 1075 2855 1122 et
2893 1067 3097 1124 tribuit.
3152 1067 3294 1125 Deus

1697 1155 1862 1225 fortis.
1910 1154 2093 1226 Neque
2135 1155 2237 1210 hoc
2277 1167 2481 1211 tantum
2524 1158 2654 1213 satis
2700 1159 2906 1224 habuit,
2947 1161 3039 1215 sed
3072 1161 3294 1231 adjicit,

1697 1257 1894 1316 potens,
1946 1257 2002 1302 ut
2043 1256 2098 1302 et
2140 1261 2239 1302 nos
2279 1258 2335 1303 et
2376 1249 2657 1304 haereticos
2685 1250 2924 1318 doceret,
2957 1269 3025 1308 ne
3063 1255 3162 1309 sub
3199 1271 3297 1324 po-

1697 1349 1888 1395 testate
1939 1340 2242 1397 diceremus
2287 1357 2413 1397 eum
2470 1343 2560 1413 qni
2608 1344 2707 1413 ipsi
2748 1346 2998 1416 potestati
3044 1347 3292 1416 imperat.

1697 1432 1852 1487 Aliud
1893 1441 1975 1488 est
2017 1433 2118 1488 sub
2162 1442 2426 1503 potestate
2465 1436 2821 1501 constitutus,
2886 1437 3029 1492 aliud
3074 1447 3289 1510 potens.

1697 1525 1790 1581 Vis
1820 1541 1979 1582 nosse
2011 1527 2300 1583 discrimen
2339 1529 2480 1584 inter
2505 1544 2627 1584 eum
2649 1530 2737 1598 qui
2767 1546 2838 1586 ex
2868 1544 2927 1585 se
2966 1542 3155 1602 potens
3195 1534 3289 1600 sit,

1697 1629 1753 1672 et
1795 1633 1918 1673 eum
1947 1621 2038 1690 qui
2059 1619 2161 1675 sub
2185 1629 2450 1690 potestate
2470 1621 2579 1676 sit?
2602 1623 2841 1692 Apostoli
2870 1624 2972 1679 sub
3005 1634 3290 1694 potestate,

1698 1710 1960 1766 Servator
1987 1727 2118 1768 vero
2146 1722 2338 1782 potens
2365 1723 2502 1770 erat.
2525 1713 2719 1770 Paulus
2744 1714 2876 1772 vidit
2899 1717 2956 1772 in
2984 1717 3292 1776 Macedonia

1701 1800 1930 1870 puellam
1989 1803 2236 1872 spiritum
2278 1804 2537 1876 Pythonis
2577 1805 2893 1874 habentem,
2940 1810 3294 1880 omnibusque

1701 1893 1968 1951 dicentem
2003 1913 2018 1952 :
2048 1896 2122 1951 Hi
2147 1898 2374 1953 homines
2397 1900 2526 1953 servi
2557 1897 2658 1953 Dei
2696 1901 2933 1956 altissimi
2957 1914 3096 1958 sunt.
3125 1904 3293 1977 Αἴθη

1701 1995 1868 2040 autem
1902 1987 2067 2058 ferens
2102 1989 2321 2054 Paulus,
2349 2006 2615 2046 conuersus
2639 1991 2770 2048 dixit
2796 1994 2996 2064 spiritui
3035 1996 3168 2068 (Act.
3199 1997 3290 2054 16.

1704 2080 1791 2134 l7.
1823 2080 1912 2152 18)
1936 2096 1952 2147 ;
2000 2097 2106 2137 non
2133 2092 2310 2138 autem
2335 2083 2550 2155 puellae,
2578 2074 2674 2140 sed
2704 2087 2934 2156 puellam
2968 2091 3246 2159 occupanti
3271 2132 3290 2158 ,

1702 2170 1961 2228 Denuntio
1986 2173 2074 2229 tibi
2111 2179 2168 2234 in
2195 2177 2396 2231 nomine
2421 2176 2626 2232 Domini
2648 2177 2773 2234 Jesu
2795 2176 3004 2248 Christi,
3052 2191 3107 2236 ut
3141 2200 3294 2238 exeas

1703 2267 1767 2320 ab
1805 2266 1917 2321 illa.
1980 2267 2150 2324 Vocat
2197 2269 2517 2340 Dominum,
2563 2279 2624 2326 ut
2659 2272 2907 2328 ostendat
2946 2288 3008 2330 se
3052 2289 3292 2330 servum.

1702 2356 1836 2424 Qnia
1866 2373 2025 2429 supra
2057 2359 2328 2418 hominem
2359 2361 2462 2418 hoc
2497 2363 2816 2420 miraculum
2843 2374 2980 2432 erat,
3007 2367 3148 2437 quod
3178 2367 3293 2423 dae-

1703 2466 1891 2508 mones
1942 2453 2224 2510 obedirent
2267 2455 2590 2524 hominibus,
2644 2473 2712 2514 ne
2755 2459 2900 2515 visus
2931 2475 3118 2516 vocem
3140 2476 3294 2533 rape-

1704 2554 1808 2612 ret,
1852 2561 1986 2603 neve
2029 2547 2094 2614 ii,
2135 2549 2228 2619 qui
2271 2549 2365 2605 Dei
2405 2551 2634 2606 ministri
2681 2561 2868 2618 erant,
2914 2553 2988 2609 dii
3033 2569 3154 2611 esse
3197 2571 3295 2626 pu-

1707 2644 1965 2703 tarentur,
2021 2638 2296 2709 Denuntio,
2345 2642 2539 2714 inquit,
2587 2643 2678 2698 tibi
2723 2645 2776 2699 in
2819 2647 3020 2701 nomine
3060 2646 3290 2702 Domini.

1706 2730 1858 2787 Servi
1884 2741 1969 2788 est
1996 2733 2338 2802 denuntiare,
2371 2737 2466 2792 Dei
2495 2752 2618 2792 cum
2655 2746 2920 2810 potestate
2965 2754 3145 2810 agere.
3194 2741 3292 2796 Vi-

1705 2825 1827 2880 disti
1861 2825 2112 2882 famulum
2156 2828 2581 2897 denuntiantem,
2621 2831 2743 2886 vide
2789 2833 3072 2888 Dominum
3115 2833 3288 2904 impe-

1705 2927 1933 2974 rantem.
1982 2919 2206 2977 Oblatus
2231 2929 2315 2976 est
2359 2922 2583 2977 Domino
2623 2922 2836 2992 quidam
2889 2923 3286 2989 daemoniacus,

1704 3009 1897 3066 surdus
1924 3022 1979 3067 et
2008 3021 2204 3068 mutus.
2249 3013 2366 3068 Non
2405 3014 2539 3070 dixit
2567 3015 2838 3079 Dominus,
2888 3015 3150 3070 Denuntio
3197 3017 3295 3072 tibi

1707 3103 1873 3158 surdo
1902 3113 1956 3158 et
1981 3113 2130 3160 muto
2158 3104 2459 3172 daemonio;
2491 3105 2606 3170 sed,
2638 3105 2747 3177 Ego
2785 3107 2873 3160 tibi
2900 3107 3158 3176 praecipio.
3192 3108 3296 3164 De-

1706 3195 1968 3250 nuntiatio
2020 3204 2103 3251 est
2147 3196 2318 3262 Pauli,
2375 3197 2607 3267 potentis
2652 3208 2832 3253 autem
2875 3207 2957 3253 est
3001 3199 3291 3270 imperare.

1708 3285 1820 3357 Ego
1862 3287 1952 3341 tibi
1999 3289 2260 3358 principio,
2306 3289 2386 3344 exi
2433 3290 2498 3344 ab
2543 3306 2624 3356 eo,
2672 3306 2761 3344 nec
2785 3291 3004 3359 amplius
3028 3292 3293 3347 intraueris

1708 3376 1898 3447 (Marc.
1918 3378 1970 3434 9.
1990 3378 2102 3442 ει).
2126 3379 2374 3436 Obedivit
2401 3379 2631 3448 daemon,
2650 3381 2796 3436 novit
2816 3382 2958 3438 enim
2983 3384 3291 3451 potentiam.

1705 3471 1855 3525 Dicat
1879 3470 2068 3526 beatus
2084 3470 2333 3528 Ezechiel
2353 3472 2418 3527 ad
2439 3487 2765 3545 synanogam
2785 3474 3087 3530 hmreticam
3122 3492 3137 3530 :
3168 3474 3294 3530 Vivo

1704 3578 1816 3632 ego,
1849 3562 1968 3616 dicit
1995 3561 2245 3618 Dominus
2267 3605 2282 3628 ,
2303 3565 2590 3634 justi/icata
2635 3575 2706 3618 est
2749 3581 2894 3619 soror
2937 3576 3022 3619 tua
3063 3565 3292 3620 Sodoma

1701 3671 1858 3725 supra
1883 3664 1930 3708 te
1974 3653 2301 3725 (EzechJG.
2334 3655 2447 3724 52).
2471 3656 2606 3724 Quid
2647 3666 2730 3712 est
2771 3657 2900 3713 illud
2945 3658 3085 3728 quod
3122 3659 3292 3713 dicit?

1703 3747 1814 3803 Nisi
1845 3749 1989 3804 enim
2017 3749 2147 3804 illud
2174 3748 2447 3817 didiceris,
2497 3766 2602 3806 non
2632 3753 2833 3822 poteris
2861 3752 3046 3807 deduci
3075 3751 3142 3808 ad
3181 3753 3292 3822 spi-

1704 3844 1912 3899 ritnalis
1960 3857 2148 3900 sensus
2192 3845 2617 3914 intelligentiam.
2681 3845 2971 3901 Sodomita:
3023 3845 3294 3917 desperati

1703 3944 1896 3998 erant;
1930 3937 1982 3989 in
2008 3935 2213 3991 scelere
2244 3937 2387 3992 enim
2417 3938 2576 3990 vitam
2608 3938 2972 4007 transigebant
3014 3955 3028 3991 :
3061 3938 3290 4008 ideoque

1705 4027 1957 4083 divinitus
1982 4029 2222 4084 immisso
2249 4029 2548 4098 consumpti
2579 4039 2702 4083 sunt
2731 4030 2870 4099 igne.
2919 4029 3152 4099 Eratque
3197 4030 3292 4084 Je-

1706 4122 1938 4176 rusalem
1965 4129 2087 4190 post
2122 4136 2308 4176 eorum
2335 4121 2577 4188 exitium,
2615 4121 2865 4191 urbisque
2889 4136 3076 4176 eorum
3107 4121 3293 4176 incen-

1705 4213 1875 4279 dium,
1916 4214 2101 4268 mnltis
2126 4213 2581 4283 generationibus,
2630 4213 2808 4284 specie
2833 4213 3046 4283 quidem
3071 4214 3290 4278 ﬂorens,

1706 4307 1906 4378 majora
1929 4315 2106 4363 tamen
2129 4307 2330 4362 scelera
2353 4314 2688 4377 perpetrans.
2738 4305 2870 4362 Cum
2908 4307 3065 4376 igitur
3102 4305 3156 4360 hi
3195 4306 3296 4361 So-

1706 4399 2028 4454 domitarum
2076 4398 2366 4468 nequitiam
2416 4405 2766 4468 superarent,
2810 4397 2955 4466 jnrat
3009 4395 3148 4452 Deus
3197 4412 3296 4466 per

1707 4492 2044 4547 Ezechielem
2085 4491 2168 4547 his
2215 4491 2396 4547 verbis
2449 4509 2464 4547 :
2517 4507 2537 4542 ι
2574 4489 2706 4544 Vivo
2747 4504 2847 4560 ego
2883 4489 3124 4556 Adonai,
3163 4489 3296 4545 dicit

1707 4585 1986 4653 Dominus,
2009 4583 2096 4641 dic
2116 4584 2482 4654 incompositae
2509 4582 2631 4637 lilia:
2649 4581 2952 4637 Jerusalem
2980 4599 2993 4636 :
3020 4581 3136 4637 Non
3165 4597 3292 4650 pec-

1706 4679 1848 4736 cavit
1889 4693 2043 4735 soror
2098 4688 2185 4734 tua
2230 4677 2463 4733 Sodoma
2505 4677 2588 4731 vel
2633 4675 2912 4730 dimidium
2953 4683 3293 4741 peccatorum

1711 4783 1944 4840 tuorum,
1965 4784 2034 4832 .et
2057 4772 2342 4843 justificata
2374 4781 2456 4826 est
2481 4769 2714 4824 Sodoma
2739 4785 2802 4822 ex
2835 4778 2887 4824 te
2912 4786 2931 4821 ι
2959 4767 3167 4840 (Ezech.
3202 4767 3292 4822 16.

1710 4867 1801 4923 48.
1833 4865 1960 4937 52),
2007 4880 2070 4920 ac
2113 4864 2157 4918 si
2197 4864 2424 4928 diceret,
2470 4861 2702 4916 Sodoma
2756 4859 3156 4930 comparatione
3212 4860 3286 4913 tui

1704 4959 1846 5031 justa
1890 4967 2005 5020 est;
2049 4972 2111 5011 ac
2153 4957 2196 5010 si
2239 4956 2358 5023 quis
2414 4954 2676 5007 hrcreticis
2722 4952 2928 5006 diceret
2962 4970 2976 5006 :
3012 4950 3295 5006 Justilicati

1712 5061 1834 5106 sinat
1874 5063 1924 5106 et
1950 5051 2118 5106 Judaei
2148 5066 2214 5104 ex
2245 5048 2440 5118 ingenti
2475 5047 2845 5100 lucrelicorum
2875 5044 3090 5111 furore;
3132 5044 3293 5114 justi-

1712 5146 1850 5202 ficati
1899 5155 2021 5199 sunt
2065 5145 2355 5204 daemones,
2405 5142 2526 5212 quia
2557 5141 2608 5193 bi
2642 5139 2831 5193 Filium
2875 5140 3048 5209 ipsum
3076 5145 3290 5204 vocant,

1711 5243 1784 5299 illi
1815 5258 1941 5298 vero
1966 5239 2258 5310 opificium.
2299 5235 2592 5304 Jusli/icata
2630 5244 2702 5288 est
2750 5233 2979 5289 Sodoma
3018 5251 3079 5287 ea:
3108 5244 3172 5288 te.
3199 5234 3295 5287 llic

1711 5348 1887 5392 autem
1935 5336 2107 5391 obiter
2132 5349 2313 5404 qnznro
2343 5347 2555 5387 causam
2587 5346 2682 5384 cur
2713 5331 2746 5383 ii
2776 5330 2862 5398 qui
2894 5327 3292 5382 Sodoniitarum

1711 5433 1910 5487 scelera
1953 5436 2348 5499 perpetrarunt,
2391 5441 2494 5478 non
2547 5424 2816 5492 perierunt
2856 5432 2914 5475 ut
2961 5419 3293 5482 Sodomitze;

1711 5524 1818 5579 imo
1858 5527 2038 5589 etiam,
2089 5523 2134 5576 si
2173 5521 2334 5588 duplo
2379 5518 2579 5586 majora
2633 5521 3003 5584 peccaverunt,
3045 5526 3142 5566 cur
3187 5527 3294 5563 non

1710 5619 1966 5676 devastati
1996 5628 2116 5671 sunt
2147 5626 2202 5670 ut
2230 5615 2340 5669 illi?

1781 5712 1834 5766 8.
1877 5713 2016 5766 Deus
2056 5710 2231 5778 itaque
2280 5723 2385 5760 non
2435 5704 2594 5759 modo
2642 5701 2854 5757 videbat
2897 5701 3165 5770 ingentem
3195 5698 3294 5753 Ju-

1717 5806 1952 5860 da‘orum
1982 5801 2326 5871 impia-tatem,
2351 5797 2444 5852 sed
2473 5796 2632 5851 etiam
2660 5809 2800 5859 eam,
2818 5806 2942 5863 qua:
2973 5798 3092 5863 post
3120 5788 3292 5846 futura
