3720 6276
92 304 206 366 ιδθ

72 428 415 499 ’μελλόντων
452 423 744 479 πιστεύειν.
774 426 848 478 οὐ
885 425 991 497 γὰρ
1026 426 1256 496 ἀνῆλθεν
1292 429 1321 479 6
1347 425 1554 489 Παῦλος
1600 425 1678 486 είς

104 510 505 582 Ἰερουσαλὴμ,
558 509 808 577 λέγουσιν
858 512 908 562 οί
957 510 1376 563 συναπόστυλοι·
1416 509 1678 576 Θεωρεῖς,

91 593 335 660 ἀδελφέ
368 592 585 653 Παῦλε,
615 591 799 644 πόσαι
827 591 1112 659 μυριάδες
1140 593 1256 645 εἰσὶ
1284 591 1404 645 τῶν
1440 606 1683 645 πιστευο

92 677 349 729 σάντων
385 671 709 727 Ἰουδαίων.
739 674 981 742 Προῖδὼν
1016 670 1110 728 οὖν
1146 675 1273 737 τοὺς
1310 674 1680 736 πιστεύοντας,

91 760 361 825 ἐφείσατο
393 755 500 807 τῶν
534 756 977 824 ἀπιστησάντων·
1023 757 1086 809 οὐ
1118 755 1186 809 δι’
1230 756 1505 822 ἐκείνους,
1547 755 1685 810 ἀλλὰ

90 843 186 893 διὰ
226 838 379 912 [47ίὶ]
406 838 496 891 τὸν
522 835 580 901 ἐξ
621 838 801 889 αὐτῶν
834 838 1092 907 μέλλοντα
1124 840 1404 894 τίκτεσθαι
1450 840 1679 911 καρπόν.

93 922 211 975 Καὶ
248 921 516 992 μαρτυρεί
549 920 771 981 Ἡσαΐας
793 935 808 950 ⁸
840 921 951 973 Καὶ
982 924 1033 973 εὶ
1071 921 1159 989 μὴ
1202 923 1417 989 Κύριος
1443 923 1685 976 Σαϐαὼθ

89 1005 490 1076 ἐγκατέλιπεν
524 1002 671 1071 ἡμῖν
694 1003 953 1072 σπέρμα,
981 1005 1062 1069 ὡς
1098 1004 1332 1073 Σόδομα
1362 1004 1442 1058 ἂν
1475 1005 1684 1073 ἐγενή-

91 1093 314 1157 θημεν,
365 1087 460 1139 καί
510 1084 589 1151 ὠς
641 1086 917 1154 Γόμορρα
963 1086 1040 1140 ἂν
1090 1086 1489 1155 ὡμοιώθημεν.
1543 1082 1683 1139 Ἀλλ’

94 1168 215 1242 ἄρα
252 1169 327 1241 μή
358 1171 516 1239 ἡμεῖς
557 1167 896 1237 ἑὸιασάμεθα
924 1168 987 1220 τὸ
1023 1168 1194 1238 ῥῆμα,
1233 1168 1325 1220 καὶ
1356 1168 1484 1238 περὶ
1524 1167 1682 1221 ἄλλου

92 1252 260 1307 εἶπεν
298 1253 551 1314 Ἦσαῒαςς
598 1250 737 1302 Ἀλλ’
778 1250 942 1303 ἄκουε
990 1251 1159 1304 ταῦτα
1210 1250 1419 1303 Παύλου
1448 1250 1543 1302 τοῦ
1575 1249 1683 1303 τῶν

93 1334 399 1407 προφητῶν
435 1332 664 1400 ἀδελφοῦ
707 1333 800 1386 καὶ
838 1332 1122 1403 ἑρμηνέως
1177 1333 1454 1400 λέγοντος’
1496 1332 1686 1386 Ἀδελ-

89 1421 226 1488 φοί,
262 1419 380 1472 νῦν
420 1415 638 1485 λεῖμμα
664 1416 791 1468 κατ’
819 1414 1085 1482 ἐκλογὴν
1118 1415 1360 1483 χάριτος
1412 1414 1680 1484 γέγονεν,

93 1504 210 1555 ἵνα
266 1497 430 1567 σωθῇ
498 1497 565 1551 τό
630 1494 1019 1566 κατάλειμμα.
1084 1498 1193 1551 Καὶ
1264 1497 1460 1561 καθὼς
1517 1493 1686 1551 εἶπεν

102 1586 379 1649 Ἠσαΐας’
411 1584 479 1636 El
503 1580 591 1650 μὴ
620 1582 833 1649 Κύριος
859 1579 1100 1634 Σαϐαὼθ
1125 1579 1516 1648 ἐγκατέλιπεν
1540 1579 1686 1649 ἡμῖν

88 1666 359 1734 σπέρμα,
393 1666 469 1731 ὡς
501 1664 733 1733 Σόδομα
772 1661 849 1716 ἂν
885 1662 1270 1732 ἐγενήθημεν.
1301 1662 1548 1716 Ἃπαντα
1576 1662 1685 1734 γὰρ

91 1749 347 1821 προεῖδεν
383 1748 411 1800 ὁ
454 1746 606 1809 Θεὸς,
642 1746 734 1798 καὶ
768 1746 866 1815 οὐχ
910 1745 987 1808 ὼς
1025 1746 1185 1816 ἡμεῖς
1218 1745 1393 1816 χρόνῳ
1438 1744 1685 1798 διδασκό-

95 1833 248 1903 μεθα
275 1831 343 1883 τὰ
372 1830 693 1901 πράγματα,
716 1826 860 1880 οὕτω
898 1828 993 1881 καὶ
1023 1831 1051 1881 6
1082 1828 1215 1891 Θεὸς
1244 1828 1331 1880 διὰ
1358 1828 1456 1898 τῆς
1490 1828 1685 1899 πείρας

96 1915 389 1986 μανθάνει.
435 1911 621 1975 Πάλιν,
667 1910 743 1973 ὼς
774 1910 1034 1974 πολλάκις
1071 1905 1243 1975 εἷπον,
1288 1910 1357 1963 τὰ
1403 1910 1530 1981 τέλη
1575 1912 1720 1963 τῶνε

90 1997 315 2051 αίὼνων
341 1995 595 2047 ἔϐλεπεν⁸
626 1993 717 2045 τὸν
752 1994 925 2064 Ἀδὰμ
955 1988 1095 2048 εἶδεν
1126 1994 1526 2063 ἁμαρτάνοντα,
1559 2009 1689 2061 προ-

90 2081 251 2153 εώρα
298 2078 394 2132 καὶ
438 2080 566 2141 τοὺς
595 2077 653 2144 ἐξ
692 2077 859 2130 αὑτοῦ
899 2076 1189 2147 μέλλοντας
1232 2075 1495 2143 δικαίους,
1529 2076 1684 2129 ἐόλε-

90 2182 202 2217 πσν
237 2179 259 2201 ι
310 2161 473 2216 αὑτὸν
532 2160 925 2230 ἐκδαλλόμενον
984 2159 1080 2212 τοῦ
1137 2159 1501 2232 παραδείσου·
1546 2160 1682 2214 ἀλλὰ

92 2244 388 2316 προεώρα,
413 2244 494 2297 ὃτι
518 2242 843 2313 ἡτοίμασται
875 2242 1024 2313 αύτῷ
1056 2241 1345 2313 βασίλειον.
1373 2242 1447 2295 Τὸ
1471 2242 1529 2296 δὲ
1562 2242 1685 2298 θαυ-

94 2329 333 2397 μαστὸν,
366 2325 473 2395 πρὸ
517 2324 612 2377 τοῦ
662 2325 993 2396 παραδείσου
1044 2326 1077 2395 ἡ
1130 2322 1376 2395 βασιλεία
1442 2324 1679 2392 ἐγένετοσ

88 2408 417 2477 Θαυμάζεις
442 2406 525 2459 ὅτι
553 2406 725 2477 Ἀδὰμ
750 2406 1011 2476 ἐξεϐλήθη
1041 2406 1136 2460 τοῦ
1164 2406 1521 2476 παραδείσους
1551 2407 1685 2461 Θαύ-

92 2509 276 2564 μασον
304 2492 384 2544 ὅτι
418 2492 522 2561 πρὸ
550 2490 645 2544 τοῦ
679 2486 1012 2562 παραδείσου
1046 2492 1079 2561 ἡ
1116 2489 1361 2560 βασιλεία
1389 2490 1497 2543 τῶν
1521 2491 1684 2561 ούρα-

90 2577 206 2628 νῶν
244 2574 394 2644 αὐτῷ
428 2573 742 2644 ἡτοίμαστο.
770 2572 934 2640 Λέγει
962 2574 991 2624 ό
1023 2574 1233 2644 Σωτήρ·
1269 2572 1468 2637 Δεῦτε,
1497 2575 1552 2626 οί
1586 2575 1683 2627 sb-

86 2657 421 2728 ,ιογημένοι
465 2656 571 2711 τοῦ
605 2660 835 2724 Πατρός
861 2674 1001 2725 μου,
1042 2656 1535 2725 κληρονομήσατε
1570 2656 1683 2724 τὴν

88 2741 551 2812 ⁴πἰτοιμαονμειίνην
602 2740 745 2809 ὑμῖν
791 2740 1119 2806 βασιλείαν
1174 2740 1295 2793 ἀπὸ
1344 2740 1683 2809 καταϐολῆς

88 2830 362 2895 κόσμου.

170 2965 633 3038 Αἰσχυνθήτωσαν
670 2966 957 3034 αἱρετικοὶ,
991 2964 1059 3017 τὰ
1106 2964 1533 3036 ἡτοιμασμέναὶ)
1571 2967 1681 3027 τοῖς

89 3053 281 3122 ἆγίοις
320 3051 425 3122 πρὸ
469 3049 769 3120 καταϐολῆς
802 3050 1028 3120 κόσμου,
1074 3052 1164 3102 καὶ
1204 3050 1232 3100 6
1268 3049 1392 3111 Υἱὸς
1436 3043 1503 3117 ἦν
1551 3065 1681 3100 ποτε

86 3140 186 3189 ὅτε
218 3135 319 3187 οὐκ
348 3128 435 3203 ἦν.
480 3134 729 3203 Σχήματι
775 3131 1095 3201 ὁμολογοῦσι
1148 3132 1447 3200 Μονογενῆ,
1496 3130 1681 3201 ἐπειδὴ

87 3215 397 3284 ἀπαλεῖψαι
429 3215 491 3268 τὸ
540 3216 775 3285 γράμμα
818 3215 877 3267 οὐ
914 3213 1204 3267 δύνανται·
1250 3214 1311 3266 τὸ
1345 3213 1494 3284 ῥῆμα
1522 3213 1679 3283 χαρί-

86 3301 318 3366 ζονται,
363 3298 457 3351 καὶ
488 3298 549 3349 τὸ
593 3298 824 3367 πρᾶγμα
871 3296 1215 3350 κλέπτουσιν.
1267 3296 1393 3348 Ἐὰν
1441 3295 1681 3365 εἴπωμεν

88 3381 369 3453 μονογενῆ
423 3381 579 3440 Υἱὸν,
627 3379 830 3441 εὐθέως
878 3378 1132 3446 λέγουσι·
1182 3378 1497 3448 Γέγραπται
1549 3378 1676 3442 καὶ,

85 3464 481 3534 Πρωτότοιιος
510 3462 713 3529 πάσης
750 3461 861 3529 τῆς
896 3460 1269 3529 οικουμένης.
1301 3460 1506 3513 Οὐκοῦν
1541 3460 1681 3513 κατὰ

86 3549 228 3611 τοὺς
274 3546 585 3616 αίρετικοὺς
617 3546 685 3599 τὰ
717 3545 811 3598 δύο
845 3544 1096 3614 μάχεται.
1146 3545 1209 3596 Εἰ
1262 3544 1371 3614 γὰρ
1402 3543 1678 3613 πρωτότο-

88 3647 228 3693 κος,
262 3629 324 3680 ού
362 3628 683 3698 μο·.ογενής’
718 3630 747 3679 6
785 3626 893 3698 γὰρ
943 3626 1318 3697 πρωτότοκος,
1358 3626 1487 3679 ὅταν
1527 3626 1680 3678 ἀδελ-

88 3714 237 3784 φοὺς
290 3711 424 3781 ἔχη,
478 3709 822 3780 πρωτότοκος
864 3708 1117 3776 λέγεται·
1162 3710 1191 3762 6
1230 3707 1287 3761 δὲ
1349 3707 1675 3777 μονογενὴς,

87 3797 199 3849 ἐὰν
242 3793 503 3862 ἀδελφοὺς
549 3791 682 3863 ἔχῃ,
732 3790 1023 3862 μονογενὴς
1068 3791 1128 3843 ού
1160 3790 1409 3858 λέγεται·
1456 3808 1678 3862 μονογε-

87 3879 199 3949 νὴς
231 3877 338 3948 γάρ
386 3878 532 3928 ἐστιν
563 3877 591 3928 6
632 3874 791 3944 μόνος
838 3873 901 3927 ἐκ
948 3892 1092 3937 τινος
1141 3874 1417 3943 γεννηθείς
1442 3892 1454 3903 -
1496 3873 1678 3936 καθὼς

92 3960 201 4014 καὶ
260 3960 294 4028 ἡ
348 3956 539 4028 Γραφὴ
606 3959 873 4029 μαρτυρεί
928 3957 1063 4029 πρὸς
1119 3957 1211 4009 τὸν
1284 3956 1533 4027 Ἀϐραὰμ
1588 3956 1679 4009 λέ-

91 4056 313 4111 γουσα*
347 4039 502 4094 Λάϐε
540 4039 648 4092 τὸν
686 4042 819 4093 υἱόν
848 4054 966 4093 σου
1016 4041 1123 4091 τὸν
1163 4037 1481 4108 μονογενῆ.
1524 4041 1681 4110 Πρω-

88 4126 324 4186 τότοκος
349 4122 563 4191 λέγεται
591 4124 620 4175 6
650 4122 910 4192 ἀδελφοὺς
947 4121 1114 4192 ἔχων
1161 4119 1430 4191 πρωτεύει
1461 4120 1568 4191 γὰρ
1600 4118 1681 4189 τῷ

88 4208 356 4275 γενέσθαι
414 4206 651 4275 πρῶτος.
704 4205 763 4257 '0
811 4204 868 4257 δὲ
923 4203 1214 4275 μονογενὴς
1268 4204 1347 4273 τῷ
1402 4203 1477 4274 μὴ
1535 4205 1679 4274 ἔχειν

89 4288 369 4358 ἂδελφοὺς
425 4287 642 4355 λέγεται
690 4289 1003 4357 μονογενής.
1058 4288 1169 4339 Καὶ
1222 4286 1425 4357 ἑτέρως
1470 4286 1527 4339 δὲ
1578 4303 1679 4357 μο-

91 4374 332 4441 νογενής
374 4373 541 4435 ἐστιν,
575 4370 604 4423 6
636 4371 929 4440 μονογενὴς
966 4369 1029 4422 ἐκ
1056 4385 1200 4431 τινος
1241 4370 1541 4440 γεννηθεὶς,
1582 4370 1680 4438 ούχ

90 4458 121 4507 ὁ
152 4454 321 4525 μόνος
357 4452 679 4522 γενόμενος,
714 4452 788 4514 ὡς
820 4450 1231 4523 ῥᾳδιουργοῦσιν
1259 4451 1543 4522 αίρετικοί.
1567 4452 1680 4504 Μο-

93 4539 352 4609 νογενὴς,
393 4539 476 4592 ὅτι
523 4539 681 4608 μόνος
724 4539 938 4606 ἐγένετο
974 4537 1233 4599 τοιοῦτος.
1280 4537 1487 4591 Οὐκοῦν
1527 4538 1621 4590 καὶ
1650 4538 1680 4589 6

103 4629 305 4691 Ίιλίας
334 4627 648 4697 μονογενὴς,
677 4627 757 4679 ὅτι
792 4626 953 4696 μόνος
981 4626 1220 4689 τοιοῦτος
1241 4640 1254 4654 ·
1281 4626 1417 4696 ὅπερ
1442 4626 1541 4679 οὐκ
1566 4625 1678 4696 ἔχει

90 4718 283 4783 λόγον.
327 4712 487 4765 Ἀλλὰ
536 4713 799 4782 μονογενῆ
850 4713 969 4776 ἔθος
1021 4713 1203 4780 λέγειν
1250 4715 1315 4783 τῇ
1350 4712 1541 4785 Γραφῇ
1586 4713 1679 4765 τὸν

91 4804 269 4877 μόνον
293 4802 355 4853 ἐκ
393 4817 536 4862 τινος
569 4799 913 4871 γεννηθέντα,
944 4798 1084 4852 κατὰ
1110 4799 1208 4870 τὴν
1245 4798 1676 4870 προπαρατεθεῖ-

92 4909 204 4945 σαν
246 4888 518 4953 ἀπόδειξιν
542 4887 618 4959 τῷ
649 4888 872 4958 ῥήματι.
908 4887 1167 4958 Πρόσεχε.
1206 4885 1266 4943 Ὀ
1312 4888 1674 4957 πρωτότοκος,

88 4982 200 5033 ἐὰν
238 4976 503 5043 ἀδελφοὺς
539 4977 613 5046 μὴ
648 4975 775 5046 ἔχη,
829 4973 1118 5045 μονογενής
1165 4974 1333 5025 ἐστιν.
1394 4972 1536 5041 Ἐγὼ
1580 4974 1678 5042 οὐχ

90 5068 224 5131 ἕνα,
252 5064 313 5117 οὐ
342 5062 454 5125 δύο,
484 5063 543 5115 ού
571 5067 739 5134 τρεῖς,
765 5062 899 5115 ἀλλά
928 5061 1153 5123 πολλοὺς
1180 5060 1562 5133 πρωτοτόκους
1582 5062 1679 5113 εὑ-

92 5155 302 5227 ρίσκω.
342 5149 503 5204 Ξένον
542 5151 792 5222 πρᾶγμα.
825 5148 1160 5220 Πρωτότοκοι
1189 5148 1305 5213 πῶς
1340 5148 1555 5213 πολλοί;
1584 5143 1681 5212 Εἷς

87 5240 212 5309 γὰρ
244 5237 449 5307 ὀφείλει
490 5232 647 5290 εἶναι.
694 5236 963 5302 Ἐξέτεινα
989 5234 1079 5287 τὸν
1110 5233 1265 5303 λόγον
1300 5233 1389 5287 διὰ
1418 5234 1508 5287 τὸν
1532 5250 1681 5304 πρω-

86 5329 326 5381 τότοκον
354 5326 449 5378 καὶ
475 5326 567 5379 τὸν
600 5323 893 5395 μονογενῆ·
916 5322 1132 5393 λύωμεν
1160 5322 1218 5375 δὲ
1247 5321 1307 5375 τὸ
1326 5321 1551 5393 ἄπορον.
1576 5320 1679 5374 Τὸν

161 5536 194 5566 ⁸
227 5533 352 5595 Τοὺς
370 5533 417 5589 ἐξ
438 5532 584 5581 αὑτοῦ
608 5529 1071 5595 δικαιοπραγοῦντας,
1108 5531 1312 5595 ἔϐλεπεν.

166 5599 199 5639 ι»
222 5594 316 5644 Hic
338 5599 475 5643 locus
496 5606 597 5642 non
618 5602 750 5641 vacat
777 5593 1056 5653 sbspicioue
1077 5593 1260 5642 mendi.
1284 5593 1395 5642 Sav.
1414 5596 1523 5654 post
1546 5593 1679 5654 ἡτοι-

86 5656 564 5783 ὥμέλνᾷῗτυέριει
588 5655 838 5709 ἀκούοντες
879 5655 1047 5714 ἀγαθά,
1071 5668 1113 5703 s.
1167 5653 1676 5717 Badiumposlmi,

401 5815 674 5873 ΡΑτιιοι..
723 5810 840 5868 Gn.
896 5806 1044 5867 LVI.

1166 295 1255 363 DE
1282 294 1497 363 unum
1530 304 1926 361 CREATIONE
1971 306 2230 362 ORATIO
2270 312 2357 367 IV.

3254 317 3361 376 668

1785 423 2001 497 πρῶτον
2036 426 2365 480 πιστεύοντα
2392 426 2525 490 Θεὸς
2565 429 2623 482 ὲν
2657 432 2722 501 τῇ
2761 431 2865 503 ἰδίᾳ
2896 432 3057 504 γενεᾷ
3085 435 3360 504 πρωτότο-

1783 528 1879 563 κον
1914 512 2100 576 καλεῖ,
2134 513 2233 583 οὐχ
2274 514 2350 577 ὡς
2381 514 2598 587 πρῶτον
2639 516 2816 571 ἄλλων
2854 520 3083 583 πιστῶν,
3118 521 3255 574 ἀλλὰ
3298 525 3359 576 έν

1783 600 1897 661 τοῖς
1939 600 2091 662 ἰδίοις
2137 601 2351 670 χρόνοις
2388 601 2604 672 πρῶτον
2650 604 2918 672 φανέντα·
2956 601 3089 669 οἷον,
3123 609 3181 659 ὲν
3205 607 3359 680 [47η

1783 686 2047 758 Αἰγύπτῳ
2089 680 2161 759 ἦν
2201 691 2231 742 ὁ
2266 686 2424 755 λαὸς,
2474 690 2620 759 λέγει
2658 694 2687 745 6
2741 691 2874 756 Θεὸς
2922 693 3008 748 διὰ
3050 694 3358 759 Μωῦσέως·

1795 775 1930 839 Υἱὸς
1975 777 2352 843 πρωτότοκός
2398 794 2517 846 μου
2570 778 2828 848 Ἰσραήλ.
2870 776 3060 833 Εἶπαο
3112 782 3361 846 Ἑξαπύ-

1784 866 2031 918 στειλόν
2052 882 2153 934 μοι
2180 865 2288 919 τὸν
2313 868 2468 920 λαόν
2486 884 2626 935 μου.
2672 866 2798 920 Ἰδοὺ
2828 866 2951 930 λαὸς
2982 870 3323 939 πρωτότοκος
3341 887 3356 900 ·

1785 952 1970 1022 ἐπειδὴ
2002 955 2059 1006 ὲν
2087 953 2165 1023 τῷ
2192 953 2368 1024 καιρῷ
2391 954 2585 1025 ἐκείνῳ
2620 954 2832 1023 πρῶτος
2856 951 2923 1026 ἦν
2953 957 3080 1020 λαὸς
3116 960 3360 1025 ἐπεγνωσ-

1785 1039 1895 1101 κὼς
1925 1036 2017 1091 τὸν
2055 1040 2208 1093 Θεόν.
2254 1038 2515 1108 Ἀνέκυψε
2564 1040 2703 1110 μετὰ
2754 1040 2927 1094 ταῦτα
2981 1041 3169 1107 Δαυῖδ,
3223 1041 3361 1113 μετὰ

1784 1125 1875 1177 τὸν
1908 1126 2093 1195 νόμον,
2139 1126 2277 1196 μετὰ
2327 1124 2528 1189 πολλὰς
2559 1127 2751 1195 γενεὰς
2776 1168 2791 1192 ,
2836 1130 2928 1180 καὶ
2963 1128 3356 1197 ἐπαγγέλλεται

1786 1211 1958 1279 λέγων
1985 1214 2013 1264 6
2046 1212 2178 1274 Θεὸς
2202 1252 2217 1278 ,
2251 1213 2315 1264 ὲκ
2339 1212 2431 1264 τοῦ
2467 1214 2780 1284 σπέρματος
2808 1215 2971 1267 αὐτοῦ
3002 1214 3092 1269 τὸν
3121 1217 3357 1286 Χριστὸν

1785 1300 2145 1369 ἀναστήσειν,
2206 1301 2299 1352 καὶ
2343 1300 2493 1368 λέγει
2542 1302 2747 1365 οὕτως’
2787 1298 2986 1369 Εὗρον
3030 1305 3211 1359 Δαυῒδ
3252 1307 3361 1360 τὸν

1784 1385 2009 1439 δοῦλόν
2033 1405 2173 1455 μου,
2203 1386 2273 1439 ἐν
2299 1386 2479 1454 ἐλαίῳ
2505 1387 2650 1456 ἁγίῳ
2681 1388 2896 1457 ἕχρισα
2928 1391 3132 1444 αὐτόν.
3167 1392 3360 1457 Αὐτὸς

1783 1473 2203 1527 ἐπικαλέσεταί
2228 1490 2307 1541 με
2328 1514 2343 1537 ,
2390 1473 2591 1542 Πατήρ
2618 1492 2737 1543 μου
2762 1471 2822 1529 εἷ
2856 1476 2957 1529 σύ.
2998 1478 3169 1547 Κάγὼ
3200 1495 3359 1547 πρω-

1786 1560 2033 1613 τότοκον
2058 1560 2311 1628 θήσομαι
2333 1562 2538 1614 αὐτόν.
2569 1562 2631 1612 El
2662 1561 2716 1613 δὲ
2751 1562 3096 1632 πρωτότοκος
3118 1566 3148 1617 6
3172 1564 3355 1626 Δαυῒδ.

1786 1647 2126 1718 πρωτότοκος
2152 1648 2246 1700 καὶ
2271 1649 2299 1698 6
2329 1647 2476 1710 λαός.
2527 1647 2587 1699 '0
2627 1647 2799 1717 Ἀδὰμ
2832 1652 3174 1718 πρωτότοκος
3203 1652 3261 1702 ἐν
3288 1654 3354 1723 τῇ

1789 1734 1893 1807 ἰδίᾳ
1917 1737 2099 1806 γενεᾷ,
2124 1735 2267 1799 Νῶε,
2302 1735 2424 1805 Σήμ
2459 1736 2812 1807 πρωτότοκοι,
2859 1737 3110 1809 Ἀϐραὰμ
3143 1741 3359 1809 πρωτό-

1783 1839 1940 1886 τοκος
1969 1826 2027 1876 ἐν
2068 1826 2135 1894 τῇ
2183 1823 2289 1894 ίδίᾳ
2331 1825 2523 1895 γενεᾷ,
2554 1825 2828 1895 Μωῦσῆς,
2869 1822 3129 1889 Ἡσαΐας,
3170 1829 3356 1899 ἐπειδὴ

1783 1910 1926 1964 κατὰ
1950 1912 2075 1974 τοὺς
2107 1911 2316 1964 ἑαυτῶν
2344 1911 2568 1981 χρόνους
2604 1912 2919 1982 προέκυψαν
2941 1915 3022 1976 είς
3050 1912 3351 1968 εὐσέϐειαν.

1797 1997 1893 2050 Ἐκ
1932 1998 2136 2053 τούτων
2189 1999 2400 2053 πολλῶν
2444 2001 2807 2071 πρωτοτόκων
2854 2002 3093 2073 συνήχθη
3144 2004 3352 2075 μεγάλη

1796 2085 2111 2158 Ἐκκλησία,
2136 2088 2233 2142 καὶ
2268 2086 2416 2141 ἐστιν
2448 2090 2507 2141 ὲν
2537 2087 2771 2159 οὐρανῷ.
2798 2090 3086 2161 Μαρτυρεῖ
3109 2090 3351 2154 Παῦλοςο

1782 2175 2285 2241 Προσεληλύθατε
2308 2175 2465 2228 Σιὼν
2489 2176 2610 2243 όρει
2641 2175 2738 2229 καί
2762 2177 2935 2230 πόλει
2960 2178 3110 2232 Θεοῦ
3139 2176 3354 2245 ζῶντος

1796 2259 2211 2330 Ἰερουσαλὴμ,
2242 2261 2341 2315 καὶ
2368 2262 2658 2332 μυριάσιν
2697 2264 2968 2333 ἀγγέλων
3004 2266 3352 2335 πανηγύρει,

1783 2347 1881 2400 καί
1915 2348 2240 2415 Ἐκκλησία
2281 2350 2667 2416 πρωτοτόκων
2705 2349 3244 2419 ἀπογεγραμμένων
3283 2352 3356 2406 ἐν

1785 2432 2081 2502 οὐρανοῖς.
2121 2434 2375 2487 Ἐκείνων
2410 2434 2516 2487 τῶν
2553 2435 2911 2506 πρωτοτόκων
2941 2428 3021 2498 εἷς
3053 2438 3168 2490 ἐστι
3213 2438 3353 2492 κατὰ

1784 2523 1963 2588 σάρκα
1989 2520 2243 2589 Χριστὸς,
2269 2521 2408 2574 κατὰ
2440 2522 2539 2592 τὴν
2564 2519 2793 2591 θεότητα
2819 2523 3149 2592 Μονογενής.
3182 2523 3356 2577 Ἐπει-

1782 2607 1846 2675 δὴ
1885 2606 1994 2674 γὰρ
2022 2608 2149 2671 τοὺς
2193 2609 2253 2660 ὲν
2298 2609 2504 2682 ἑκάστῃ
2532 2610 2696 2678 γενεᾷ
2736 2610 3145 2679 προκόπτοντας
3186 2627 3354 2682 προσ-

1782 2693 2140 2763 λαμδάνεται,
2177 2694 2319 2766 μετὰ
2350 2696 2569 2748 πάντων
2596 2696 2689 2747 καὶ
2718 2696 2879 2759 αὐτὸς
2904 2698 3244 2768 πρωτότοκος
3264 2698 3352 2751 λέ-

1779 2798 1954 2849 γεται.
2002 2786 2102 2839 Διὰ
2146 2783 2306 2838 τοῦτο
2351 2784 2498 2852 λέγει
2556 2783 2800 2850 Παῦλος·
2852 2786 3228 2855 Πρωτότοκος
3281 2789 3354 2842 ἐν

1780 2870 2032 2938 πολλοῖς
2077 2870 2381 2941 ἀδελφοῖς.
2438 2871 2579 2925 Ἀλλ’
2626 2871 2705 2925 ενι
2748 2871 2878 2942 περὶ
2920 2871 3016 2926 τοῦ
3061 2871 3350 2946 ανθρώπου

1781 2962 1952 3015 πολλά
1977 2965 2148 3016 εἰπεῖν
2168 2980 2180 2993 ·
2215 2965 2464 3035 τηρεῖται
2491 2963 2548 3017 δὲ
2574 2963 2635 3018 τὸ
2668 2964 2912 3034 διήγημα
2939 2966 3004 3035 τῇ
3039 2965 3171 3034 ἑξῆς
3196 2966 3254 3017 ἐν
3280 2968 3349 3036 τῇ

1781 3052 1913 3121 ἕκτῃ
1945 3052 2148 3123 ἡμέρᾳ,
2196 3054 2255 3105 ὲν
2372 3052 2466 3105 κα)⁹
2508 3051 2776 3122 ἐπλάσθη,
2812 3053 2918 3118 ἵνα,
2963 3053 3061 3122 τῆς
3089 3053 3185 3106 τοῦ
3211 3053 3351 3106 Θεοῦ

1781 3141 1999 3211 χάριτος
2047 3140 2443 3211 συνεργούσης,
2474 3140 2844 3211 ὲντελέστερον
2868 3141 3170 3211 σαφηνισθῇ
3209 3142 3350 3195 κατὰ

1779 3226 2009 3297 δύναμιν
2027 3225 2125 3299 τὴν
2145 3225 2419 3295 ἡμετέραν
2439 3227 2467 3277 6
2484 3226 2637 3293 λόγος
2657 3242 2671 3257 ο
2693 3227 2793 3280 ούκ
2819 3226 2877 3293 ιε
2899 3221 2974 3280 ὧν
2998 3228 3346 3298 λογιζόμεθα,

1779 3314 1893 3369 ἀλλ’
1925 3315 1983 3381 ἐξ
2015 3308 2090 3369 ὧν
2125 3314 2513 3384 παιδευόμεθα.
2562 3313 2730 3384 Κοινὴ
2778 3314 2887 3385 γάρ
2915 3316 2948 3384 ή
2979 3317 3155 3385 πηγὴ,
3191 3317 3349 3369 κοινὰ

1780 3403 1956 3456 πάντα
1976 3404 2044 3456 τὰ
2064 3402 2401 3474 προκείμενα
2418 3400 2585 3469 δῶρα,
2602 3402 2699 3454 ἐὰν
2731 3402 2891 3470 μόνον
2916 3402 3156 3471 θέλωμεν
3184 3403 3348 3473 ἡμεῖς

1784 3489 1923 3558 μετὰ
1950 3490 2130 3559 πάσης
2149 3488 2458 3560 προθυμίας
2488 3487 2826 3551 σπουδάζειν.
2848 3488 3150 3560 Τρέψωμεν
3170 3489 3229 3542 δὲ
3251 3488 3346 3542 τὸν

1779 3574 1937 3643 λόγον
1962 3576 2055 3630 ἐπὶ
2075 3575 2173 3647 τήν
2203 3573 2313 3628 τῶν
2339 3574 2483 3643 ήθῶν
2510 3575 2848 3645 ἐπιμέλειαν.

1849 3700 1914 3760 θ’.
1951 3700 2091 3764 Χθὲς
2121 3700 2332 3770 ἐδείχθη
2356 3698 2471 3762 πῶς
2485 3698 2567 3751 δεῖ
2604 3693 2742 3752 εἶναι
2758 3699 2990 3769 ἔπαρσιν
3031 3699 3227 3769 χειρῶν
3260 3715 3347 3750 πε-

1780 3787 2278 3859 παῤῥησιασμένων
2305 3787 2364 3839 ὲν
2396 3785 2667 3857 εὐσεϐείᾳ.
2706 3786 2765 3838 '0
2809 3785 2985 3848 διδοὺς
3030 3785 3223 3855 πένησι
3260 3783 3350 3837 λε-

1780 3877 1943 3945 γέτω,
1981 3878 2275 3943 Ἐπαρσις
2308 3873 2427 3928 τῶν
2466 3873 2681 3944 χειρῶν
2714 3893 2855 3943 μου.
2886 3874 2948 3927 '0
2982 3874 3211 3944 ἐγείρων
3255 3873 3348 3926 τὸν

1780 3964 2015 4016 πεσόντα
2041 3963 2276 4031 λεγέτω,
2309 3962 2606 4029 Ἔπαρσις
2631 3959 2748 4014 τῶν
2771 3960 2987 4030 χειρῶν
3006 3977 3149 4027 μου.
3176 3960 3349 4030 Ζητή-

1783 4066 1964 4119 σωμεν
1990 4050 2048 4103 δὲ
2079 4050 2140 4101 τὸ
2168 4048 2454 4119 προοίμιον
2478 4048 2573 4099 τοῦ
2601 4046 2843 4116 ψαλμοῦ,
2876 4048 3063 4118 ἐπειδὴ
3089 4048 3125 4100 ἃ
3146 4046 3345 4115 ψάλλο-

1785 4152 1883 4205 μεν
1920 4135 2137 4196 πάντως
2195 4134 2393 4186 εἰδέναι
2441 4134 2568 4203 χρή.
2618 4132 2771 4185 Διατί
2811 4132 3075 4203 λέγομεν,
3120 4132 3347 4187 Κατευ-

1780 4221 2048 4287 θυνθήτω
2096 4221 2135 4289 ἠ
2180 4219 2490 4289 προσευχὴ
2530 4236 2649 4287 μου
2676 4220 2756 4285 ὡς
2793 4220 3054 4289 θυμίαμα
3090 4220 3349 4273 ἐνώπιόν

1778 4314 1895 4364 σου
1916 4328 1933 4375 ;
1955 4312 2071 4364 [liv
2088 4310 2198 4380 γὰρ
2225 4309 2479 4380 θυμίαμα
2501 4309 2892 4363 κατευθύνεται
2910 4319 2933 4348 ο
2956 4327 2970 4340 ’
2999 4311 3061 4363 ού
3089 4311 3197 4381 γὰρ
3214 4308 3349 4374 Θεὸς

1780 4399 1976 4469 εὐωδίᾳ
2015 4398 2270 4469 τέρπεται
2323 4398 2531 4468 μύρων.
2573 4398 2638 4451 Τί
2685 4394 2778 4451 οὖν
2824 4400 2963 4461 ἐστι,
3014 4402 3350 4454 Κατευθυν-

1780 4485 1936 4552 θήσω
1973 4487 2010 4553 ή
2040 4484 2350 4555 προσευχὴ
2395 4501 2551 4555 μους
2589 4486 2664 4543 Τὸ
2701 4485 2902 4559 ἄρθρον
2942 4487 3153 4551 λείπει,
3190 4486 3277 4547 ἶνα

1780 4574 1840 4626 τὸ
1876 4574 2163 4643 λεγόμενον
2195 4572 2435 4628 τοιοῦτον
2455 4589 2471 4606 ⁸
2518 4573 2982 4639 Κατευθυνθήτω
3016 4575 3055 4643 ἡ
3093 4587 3350 4643 προσευ-

1780 4660 1858 4729 χή
1882 4678 2002 4730 μου
2027 4660 2106 4725 ὠς
2134 4661 2395 4729 θυμίαμα
2422 4659 2679 4714 ἐνώπιόν
2706 4677 2844 4714 σου.
2873 4662 3027 4714 Ποῖον
3065 4661 3347 4731 θυμίαμα;

1779 4747 1883 4800 Δύο
1910 4743 1978 4815 ἦν
2007 4747 2367 4819 θυσιαστήρια
2392 4749 2449 4799 ἐν
2483 4750 2548 4814 τῇ
2579 4751 2750 4817 σκηνῇ
2774 4763 2789 4776 ⁸
2814 4748 2873 4802 ἒν
2904 4750 2961 4801 ὲν
2982 4749 3046 4818 τῇ
3076 4748 3211 4817 αὐλῇ
3244 4746 3349 4810 ἔξω

1780 4836 1840 4886 ὲν
1887 4834 2137 4904 ὑπαίθρῳ
2157 4849 2171 4863 ·
2208 4824 2392 4903 ἕτερον
2422 4832 2479 4885 δὲ
2506 4835 2588 4896 είς
2618 4833 2688 4886 τὰ
2721 4834 2853 4901 ἅγια
2888 4834 2989 4889 ὑπὸ
3019 4834 3234 4904 στέγην.
3276 4834 3349 4887 T6

1780 4918 1889 4973 ἔσω
1921 4920 2303 4989 θυσιαστήριον
2345 4919 2703 4990 θυμιαμάτων
2742 4915 2811 4991 ἦν
2841 4920 3021 4990 μόνον,
3058 4921 3156 4990 οὐχ
3182 4920 3350 4992 αἱμά-

1779 5024 1889 5061 των
1915 5007 2124 5078 χύσεως
2143 5023 2157 5037 ·
2197 5008 2257 5060 τὸ
2294 5007 2351 5060 δὲ
2394 5008 2499 5074 ἔξω
2529 5008 2911 5079 θυσιαστήριον
2937 5008 3046 5061 τῶν
3075 5008 3351 5080 θυομένων

1781 5094 1936 5159 ζώων
1970 5095 2065 5149 καὶ
2112 5093 2292 5167 ἄρτων
2323 5096 2637 5165 προσφορᾶς
2674 5096 2768 5149 καί
2814 5113 2973 5150 τινων
3003 5095 3196 5150 ἄλλων.
3242 5096 3353 5148 Καὶ

1780 5187 1871 5240 τὸν
1904 5185 2004 5256 μὲν
2048 5182 2152 5248 ἔξω
2192 5183 2373 5253 βωμὸν
2408 5183 2618 5237 κελεύει
2664 5187 2692 5238 6
2732 5185 2866 5249 Θεὸς
2905 5184 2982 5255 τῷ
3026 5186 3254 5239 Μωῦσετ
3289 5186 3352 5237 ἐκ

1783 5273 1934 5346 [478]
1978 5272 2141 5326 λίθων
2182 5272 2535 5342 ἁπελεκήτων
2577 5271 2839 5342 ποιῆσαι·
2870 5273 2960 5326 τὸν
3003 5271 3059 5326 δὲ
3102 5272 3249 5325 ἔνδον
3293 5273 3352 5323 ὲν

1844 5475 1868 5505 ε
1895 5471 2047 5520 Savil.
2068 5476 2208 5533 putat
2232 5470 2495 5534 legendum
2514 5472 2616 5534 πῶς
2636 5472 2727 5534 γάρ
2748 5472 2975 5534 θυμίαμα.
3009 5471 3155 5534 Forte
3177 5472 3354 5519 melius

1784 5536 1975 5595 legatur
2011 5531 2106 5580 πᾶν
2127 5534 2216 5594 γὰρ
2236 5532 2445 5595 θυμίαμα
2483 5533 2538 5579 οὐ
2561 5531 2904 5595 κατευθύνεταιζ
2952 5532 3257 5595 llludpog'rn,
3297 5536 3355 5595 τό

1780 5590 1947 5659 ᾇρθρον
1968 5590 2175 5659 nixu}.
2194 5590 2202 5594 ⁷
2219 5590 2434 5659 τοιοῦτον
2464 5598 2609 5659 ᾳρεει
2635 5595 2684 5641 in
2712 5593 2842 5659 _Sav.
2863 5600 2926 5659 let
2963 5590 3240 5659 Comligﬁs_.
3267 5592 3357 5655 qui

1782 5653 1966 5717 ll'ab'ent
1986 5670 2093 5703 κατ.
2116 5656 2146 5710 ἡ
2170 5668 2248 5717 πρ.
2265 5656 2451 5715 μου,ὼς
2470 5654 2680 5717 θυμίαμα
2705 5653 2902 5717 ένῴπιόν
2920 5668 3032 5717 aqu;
3057 5655 3191 5717 ποῖον
3215 5653 3356 5717 θυμά

1782 5668 1966 5703 habent
1986 5670 2093 5703 κατ.
2116 5668 2146 5710 η
2265 5668 2451 5715 μου,ως
2470 5668 2680 5714 υυμιαμα
2705 5668 2902 5701 ενωπιον
2920 5668 3032 5708 σου;
3057 5669 3191 5701 πο·ον
3215 5668 3351 5717 θυμοῖ

1782 5717 1866 5763 δύο
1885 5716 1942 5770 ἦν
1966 5721 2065 5763 etc.
2088 5740 2149 5750 —
2215 5712 2254 5774 Ῑ.
2292 5719 2451 5763 notam
2472 5712 2848 5773 interpretationi
2878 5713 3054 5764 Latina:
3070 5716 3351 5773 subjectum.

2938 5807 3019 5865 ‘29
