3720 6276
376 397 440 462 τῇ
475 390 683 460 σκηνῇ,
713 404 775 442 εκ
826 389 1048 460 χρυσίου
1084 407 1524 462 τετορνευμενου.
1562 393 1626 445 Τί
1656 392 1949 445 αἰνίττεται

377 484 409 550 ἡ
450 478 542 533 τοῦ
586 478 721 531 Θεοῦ
757 478 917 549 χάρις
963 479 1052 532 6:6
1083 480 1307 542 τούτων,
1355 482 1651 548 ἀναγκαῖον
1694 482 1946 552 ζητῆσαι.

374 569 479 622 Δύο
509 568 669 631 λαοὺς
696 568 1166 639 ύπηρετουμένους
1196 573 1261 638 τῇ
1288 569 1379 622 τοῦ
1402 570 1536 622 Θεοῦ
1562 571 1708 643 δόξῃ,
1739 572 1832 623 1:61
1859 569 1950 622 τὸν

381 657 483 724 μὲν
504 655 827 708 ἀπαίδευτον
858 655 1003 718 λαὸν,
1037 653 1127 708 τὸν
1155 656 1212 708 δὲ
1241 657 1692 726 πεπαιδευμένον.
1735 657 1791 710 ’0
1819 656 1950 727 περὶ

375 740 519 806 λέξιν
547 741 858 806 σολοικίζων
889 742 921 812 ἢ
960 741 1328 813 βαρϐαρίζων,
1359 745 1483 806 τοὺς
1513 743 1702 809 λόγους
1730 743 1842 813 ἔχει
1870 742 1950 796 λί-

376 829 501 892 θους
531 829 934 895 ἀπελεκήτους·
968 829 1079 882 ἀλλ’
1106 830 1254 899 ὅμως
1283 832 1361 892 εἰς
1406 831 1789 900 θυσιαστήριον
1825 845 1951 901 προ-

373 915 694 988 χωροῦνται.
740 916 908 968 Πάλιν
957 917 1374 986 τετορνευμένος
1421 917 1618 987 χρυσὸς
1659 919 1687 970 6
1735 917 1950 984 ἔντιμος

375 1003 592 1071 λέγεται
615 1002 762 1065 λίθος
787 1019 799 1032 ·
835 1003 928 1055 1:61
955 1000 1077 1054 οὔτε
1111 998 1263 1064 οὗτος
1293 1003 1670 1074 ύπεραίρεται,
1702 1002 1824 1056 οὕτε
1861 995 1951 1055 οὗ·

375 1109 464 1154 τος
490 1091 838 1144 ἐκϐάλλεται.
865 1090 975 1143 K61
999 1089 1106 1160 γὰρ
1127 1092 1246 1143 ἐκεῖ
1266 1090 1400 1143 Θεοῦ
1431 1091 1834 1162 θυσιαστήριον,
1857 1089 1950 1143 1:61

374 1176 607 1230 ἐνταῦθα
636 1176 770 1229 Θεοῦ
811 1175 1212 1247 θυσιαστήριον.
1241 1172 1349 1229 Ἶῐν
1383 1177 1438 1228 δέ
1470 1178 1533 1230 ὲκ
1557 1177 1838 1247 τεσσάρων
1870 1178 1950 1229 εί-

373 1268 479 1320 ῑῶν
508 1269 861 1337 συγκείμενον
888 1267 950 1320 16
991 1267 1182 1338 μύρον,
1217 1268 1472 1337 στάκτης,
1505 1269 1714 1338 ὄνυχος,
1749 1268 1952 1339 χαλϐά-

374 1373 492 1425 νης,
541 1355 778 1408 λιϐάνου.
826 1355 979 1408 Ἐπεὶ
1012 1350 1103 1407 οὖν
1148 1356 1242 1407 καὶ
1279 1354 1341 1406 16
1377 1355 1546 1426 μύρον
1581 1358 1644 1409 ἐκ
1679 1356 1950 1427 διαφόρων

375 1441 682 1509 σύγκειται,
719 1441 868 1512 καὶὴ
897 1441 1068 1512 ἀρετὴ
1096 1442 1152 1494 δὲ
1192 1443 1256 1494 ἐκ
1283 1442 1573 1513 διαφόρων,
1608 1444 1762 1514 φησὶ,
1801 1448 1950 1497 Κατ-

371 1530 715 1597 ευθυνθήτω
747 1530 784 1596 ἠ
811 1530 1122 1597 προσευχὴ
1149 1547 1267 1598 μου
1291 1531 1370 1596 ὠς
1401 1532 1660 1600 θυμίαμα
1695 1530 1951 1585 ἐνώπιόν

373 1632 490 1670 σου
519 1633 531 1645 ·
564 1619 640 1681 ώς
669 1619 843 1671 ἐκεῖνο
877 1618 936 1671 16
967 1621 1031 1672 ἐκ
1063 1618 1272 1672 πολλῶν
1328 1619 1703 1688 συγκείμενον,
1739 1620 1832 1673 1:61
1869 1621 1950 1684 είς

377 1708 504 1777 μίαν
532 1708 758 1761 εὐωδίαν
799 1706 1247 1778 ἀποτελούμενον.
1299 1708 1514 1779 Ἐπειδὴ
1545 1709 1682 1778 μετά
1718 1710 1815 1780 τῆς
1853 1711 1947 1763 εύ-

373 1795 475 1866 χῆς
509 1795 818 1866 εἰσέρχεταί
850 1814 933 1860 τις
961 1796 1216 1865 νηστείαν
1250 1795 1411 1866 ἔχων,
1442 1796 1832 1868 ἐλεημοσύνην,
1861 1796 1950 1850 πί-

375 1897 513 1946 στιν,
544 1882 951 1952 άπεικασθήτω,
989 1882 1174 1950 φησὶν,
1207 1884 1240 1952 ἠ
1270 1883 1544 1954 τετραπλῆ
1568 1883 1737 1954 ἀρετὴ
1755 1885 1950 1955 ἐκείνῳ

372 1968 453 2038 τῷ
489 1969 796 2040 θυμιάματι
841 1969 919 2040 τῷ
961 1969 1191 2024 ἐνώπιόν
1225 1988 1319 2023 σου
1351 1971 1750 2024 κατευθύνοντι.
1792 1971 1950 2025 Οῦτω

374 2057 469 2110 1:61
496 2059 524 2110 6
557 2059 826 2129 μακάριος
872 2057 1034 2111 Δαυῒδ
1067 2057 1323 2127 ἀλλαχοῦ,
1370 2058 1547 2124 Ἰδοὺ,
1579 2060 1734 2129 φησὶ,
1769 2059 1950 2112 τίκα-

373 2144 510 2209 λὸν,
537 2143 577 2212 ἢ
608 2145 667 2198 τί
697 2144 974 2210 τερπνὸν,
1003 2146 1140 2200 ἀλλ’
1172 2146 1209 2214 ἣ
1235 2146 1304 2198 τὸ
1329 2147 1628 2201 κατοικεῖν
1648 2147 1950 2216 ἀδελφοὺς

373 2230 474 2284 ἐπὶ
505 2230 572 2284 τὸ
603 2233 753 2285 αὑτό
769 2249 787 2295 ;
825 2233 918 2298 Ὠς
942 2234 1138 2300 μύρον
1161 2233 1262 2286 ἐπὶ
1302 2232 1574 2301 κεφαλῆς
1593 2234 1659 2286 τὸ
1685 2235 1950 2289 καταϐαῖ-

374 2333 487 2370 νσν
509 2317 606 2370 ἐπὶ
629 2316 898 2386 πώγωνα,
928 2318 1034 2372 τὸν
1059 2317 1312 2388 πώγωνα
1330 2319 1436 2371 τοῦ
1454 2318 1684 2388 Ἀαρών.
1704 2321 1952 2375 Ἀπεικά-

375 2401 458 2467 ζει
479 2403 600 2475 ,τὴν
646 2405 866 2474 ἀγάπην
900 2403 1056 2475 μύρῳ
1092 2404 1384 2475 ίερατικῷ,
1421 2404 1518 2477 τὴν
1546 2407 1710 2478 εὐχὴν
1757 2407 1951 2477 θυμιά-

379 2506 510 2557 ματι
546 2489 825 2562 ίερατικῷ.

452 2601 636 2672 Ἔχεις
666 2603 767 2674 τὴν
796 2603 1188 2675 σωφροσύνην;
1233 2603 1480 2673 Ἀδελφδς
1518 2601 1572 2657 εί
1613 2604 1706 2659 τοῦ
1737 2605 1947 2676 ἱερέως.

390 2687 712 2762 ’ἱερωσύνην
739 2690 892 2762 (φέρε
927 2691 1124 2760 εἰπεῖν)
1155 2690 1254 2742 οὐκ
1287 2691 1413 2761 ἔχω,
1445 2691 1798 2764 σωφροσύνην
1819 2692 1947 2763 έχω.

391 2774 614 2846 Ἀδελφή
641 2777 789 2830 ἐστιν
811 2778 843 2847 ἡ
870 2777 978 2848 ἐμὴ
1017 2777 1338 2848 σωφροσύνη
1379 2780 1478 2848 τῆς
1504 2781 1602 2850 σῆς
1630 2780 1948 2851 ἱερωσύνης.

380 2862 552 2915 Πόθεν
596 2862 787 2928 τοῦτο;
818 2863 930 2917 K61
976 2863 1086 2933 γὰρ
1127 2865 1334 2922 ἐκεῖνον
1368 2865 1532 2934 ἁγνὸν
1561 2867 1641 2920 δεῖ
1685 2862 1822 2920 εἶναι
1858 2869 1952 2922 τὸν

381 2947 787 3020 ἱερουργοῦντα,
827 2948 921 3001 1:61
953 2949 1052 3020 ἐμὲ
1088 2951 1250 3018 άγνὸν
1299 2953 1388 3004 16v
1428 2953 1776 3026 λατρεύοντα.
1823 2955 1950 3009 Ἐὰν

378 3036 487 3106 ἔχω
515 3037 890 3106 σωφροσύνην,
921 3036 1184 3106 λαμϐάνω
1213 3040 1536 3115 ἱερωσύνην.
1557 3042 1726 3095 Πόθεν
1757 3041 1946 3106 τοῦτο;

378 3123 539 3176 Δαυῖδ
583 3123 800 3193 φεύγων
844 3123 935 3176 τὸν
979 3124 1150 3177 Σαοὺλ
1195 3122 1328 3196 ἦλθε
1371 3127 1511 3198 πρὸς
1566 3129 1824 3201 Ἀϐιάθαρ
1857 3131 1951 3182 16v

376 3213 657 3284 ἀρχιερέα,
701 3213 795 3266 καὶ
820 3212 968 3281 λέγει
1002 3213 1182 3283 αύτῷ·
1221 3215 1331 3284 Δός
1354 3233 1455 3282 μοι
1483 3215 1701 3283 ἄρτους
1721 3233 1734 3245 ·
1763 3218 1947 3282 ἐπειδὴ

375 3297 632 3368 ἐξαίφνης
670 3299 979 3369 ἀπεστάλην
1023 3301 1174 3370 παρά
1211 3300 1474 3369 βασιλέως
1503 3303 1598 3355 1:61
1631 3304 1813 3372 ἐφόδια
1851 3306 1951 3357 ούκ

376 3384 503 3454 ἔχω.
531 3385 692 3452 Λέγει
719 3387 748 3437 6
771 3387 1060 3457 ἀρχιερεὺς
1087 3389 1117 3440 ό
1147 3386 1257 3439 τῶν
1286 3388 1466 3458 νόμων
1499 3389 1760 3460 ἔμπειρος
1782 3409 1795 3422 ’
1827 3395 1950 3447 οὐκ

374 3471 548 3524 ἐστιν
568 3471 711 3538 ἡμῖν
724 3471 901 3538 ἄρτος
923 3472 1132 3537 ἄλλος,
1150 3474 1288 3526 ἀλλ’
1314 3473 1352 3540 ἣ
1375 3474 1559 3542 ἅγιος,
1577 3475 1651 3528 ὃν
1668 3478 1779 3530 οὐκ
1805 3477 1950 3541 ἐξὸν

375 3559 542 3622 ἄλλῳ
561 3558 792 3628 φαγεῖν,
826 3560 963 3613 ἀλλ’
987 3560 1025 3626 ἢ
1053 3559 1134 3624 τῷ
1159 3561 1316 3627 ἱερεῖ.
1343 3563 1495 3614 Ἐπεὶ
1517 3559 1610 3616 οὖν
1637 3564 1830 3619 ἐϐλεπε
1850 3566 1950 3638 τὴν

373 3647 656 3716 ἀνάγκην,
696 3645 943 3712 ἐφοϐεῖτο
982 3646 1038 3699 δὲ
1086 3649 1210 3711 τοὺς
1247 3649 1346 3719 τῆς
1393 3650 1704 3721 προθέσεως
1750 3655 1948 3724 ἄρτους

375 3733 688 3805 προδοῦναι,
740 3734 895 3802 ζητεί
940 3737 1089 3806 παρά
1131 3736 1240 3790 τῶν
1287 3738 1361 3809 μὴ
1413 3741 1512 3792 ούκ
1543 3740 1710 3795 όντων
1755 3743 1947 3814 ἱερέων

374 3821 750 3892 καθαρότητα,
797 3823 891 3875 καὶ
936 3823 1122 3891 λέγει’
1155 3827 1225 3878 El
1265 3826 1396 3880 ἐστι
1437 3829 1508 3880 τὰ
1557 3829 1837 3897 παιδάρια
1875 3833 1948 3886 τὰ

367 3911 518 3978 μετὰ
549 3908 665 3963 σοῦ
703 3908 932 3978 καθαρὰ
964 3909 1082 3964 ἀπὸ
1117 3911 1436 3980 γυναικῶν,
1472 3914 1638 3969 λάϐε.
1691 3916 1801 3987 Τὴν
1838 3918 1946 3989 γάρ

373 3995 746 4068 σωφροσύνην,
769 3996 1000 4068 ἀδελφὴν
1033 3998 1129 4068 τῆς
1165 3999 1459 4070 ἱερωσύνης
1484 4004 1689 4071 ἡγεῖτο.
1721 4004 1830 4057 Καὶ
1861 4005 1946 4058 ἴνα

375 4089 448 4158 μή
482 4105 565 4152 τις
602 4088 683 4150 είς
729 4086 978 4157 διαϐολὴν
1018 4085 1109 4139 τοῦ
1161 4087 1347 4158 ἱερέως
1381 4089 1599 4143 ἐκλάϐοι
1633 4091 1694 4144 τὸ
1723 4091 1944 4162 δοθῆναι

370 4176 497 4238 τοὺς
535 4175 728 4245 ἄρτους
777 4176 889 4235 τοῖς
934 4171 1010 4243 μὴ
1057 4165 1205 4227 οὖσιν
1242 4175 1504 4246 ἱερεῦσιν,
1555 4177 1717 4231 ἄκουε
1758 4179 1875 4242 πῶς
1916 4183 1945 4233 6

370 4266 563 4336 Σωτὴρ
590 4264 665 4326 ώς
691 4263 871 4324 καλῶς
913 4260 1076 4316 αὐτοῦ
1121 4265 1404 4332 γεγονότος
1443 4268 1790 4336 μνημονεύει.
1831 4269 1944 4320 Ἐν-

371 4350 599 4404 εκάλουν
623 4353 734 4413 τοῖς
771 4348 1089 4411 ἀποστόλοις
1119 4351 1247 4402 ποτέ
1291 4352 1552 4412 Ἰουδαῖοι,
1587 4354 1668 4407 ὅτι
1704 4354 1943 4424 στάχυας

372 4437 628 4496 τίλλουσι,
671 4437 762 4488 1:61
797 4436 1071 4505 ψώχοντες
1123 4440 1239 4501 ταῖς
1272 4439 1455 4508 χερσὶν
1493 4441 1754 4494 ἐσθίουσι·
1795 4443 1941 4512 λέγει

373 4525 556 4585 αὐτοῖς
595 4525 624 4576 6
659 4523 850 4594 Σωτήρ
869 4539 881 4552 ·
915 4525 1034 4576 Οὐκ
1063 4523 1359 4593 ἀνέγνωτε
1403 4526 1459 4577 τί
1483 4527 1734 4596 ἐποίησε
1761 4529 1942 4583 Δαυῒδ

372 4611 470 4662 ὅτε
513 4610 795 4663 ἐπείνασε
819 4650 834 4672 ,
879 4611 977 4663 καὶ
1037 4609 1178 4674 τοὺς
1215 4609 1430 4679 ἄρτους
1462 4610 1573 4679 τῆς
1606 4615 1938 4683 προθέσεως

369 4697 612 4768 ἔφαγεν,
637 4699 741 4764 οὓς
761 4700 870 4751 οὐκ
899 4697 1044 4763 ἐξόν
1061 4695 1138 4767 ἦν
1166 4699 1394 4768 φαγεῖν,
1416 4700 1556 4754 οὔτε
1579 4703 1782 4770 αὐτόν,
1803 4707 1941 4761 οὔτε

370 4785 512 4852 τοὺς
531 4786 657 4855 μετ’
695 4785 900 4846 αὐτοῦ,
955 4787 1005 4839 εὶ
1043 4784 1128 4854 μὴ
1176 4786 1316 4851 τοὺς
1345 4787 1517 4855 ἱερεῖς
1537 4790 1759 4856 μόνον;
1789 4788 1940 4856 Εἶδες

368 4875 602 4943 ἀδελφὴν
643 4873 940 4944 ἱερωσύνης
970 4872 1357 4942 σωφροσύνην;
1396 4871 1534 4938 εἶδες
1577 4878 1692 4940 πῶς
1734 4880 1760 4930 6
1809 4879 1941 4944 Θεὸς

369 4965 426 5018 ού
461 4965 725 5033 πρόσωπα
756 4963 963 5033 βλέπει,
1000 4963 1114 5017 ἀλλ’
1153 4963 1412 5031 ἀλήθειαν
1436 4963 1748 5034 δοκιμάζει;

439 5080 491 5124 ι’.
515 5069 1067 5140 Παρασκευασώμεθα
1082 5070 1257 5122 τοίνυν
1276 5069 1409 5140 πρὸς
1419 5071 1685 5134 εὐποιΐαν,
1701 5073 1835 5143 πρὸς
1859 5073 1939 5126 δι-

368 5156 679 5225 καιοσύνην,
729 5157 816 5210 ἵνα
860 5158 893 5226 ἡ
937 5157 1159 5226 νηστεία
1191 5157 1330 5228 λάϐῃ
1364 5158 1557 5227 πτερά.
1590 5158 1801 5228 Ὥσπερ
1831 5161 1940 5230 γὰρ

367 5244 632 5305 πετεινὸν,
662 5243 755 5296 ἐὰν
785 5246 858 5313 μὴ
893 5242 992 5314 ἔχῃ
1021 5243 1116 5312 τὴν
1142 5242 1251 5295 τῶν
1277 5242 1564 5312 πτερύγων
1594 5245 1933 5315 συνέργειαν,

369 5331 518 5407 [479]
545 5332 805 5385 ἵπτασθαι
833 5331 893 5383 οὐ
925 5329 1176 5383 δύναταιο
1206 5328 1378 5392 οὕτως
1408 5331 1500 5383 καὶ
1531 5332 1562 5402 ὴ
1599 5334 1821 5402 νηστεία
1845 5334 1936 5387 δύο

368 5421 542 5493 πτερά
580 5420 692 5490 ἔχει
716 5461 732 5486 ,
782 5416 1089 5489 προσευχὴν
1127 5415 1221 5468 καὶ
1259 5416 1645 5488 ἐλεημοσύνην,
1691 5413 1766 5472 ὧν
1806 5419 1933 5474 ἄνευ

366 5510 479 5563 ἀνω
523 5508 737 5579 τρέχειν
768 5509 828 5560 οὑ
859 5505 1100 5558 δύναται.
1139 5504 1309 5557 Βλέπε
1342 5505 1432 5557 16v
1465 5506 1764 5577 Κορνήλιον
1799 5509 1934 5578 μετά

364 5597 463 5666 τῆς
491 5596 742 5667 νηστείας
787 5597 880 5648 1:61
911 5593 1080 5646 ταῦτα
1121 5591 1190 5644 τά
1238 5593 1413 5663 πτερά
1449 5595 1800 5663 κεκτημένον.
1843 5597 1934 5650 Διὸ

369 5683 464 5738 καὶ
496 5683 678 5753 φωνῆς
702 5683 852 5753 αὐτῷ
876 5681 1170 5752 γενομένης
1200 5679 1428 5749 Ιῆκουσεν
1459 5682 1764 5752 οὐρανόθεν·
1786 5687 1931 5752 Κίρ-

1798 275 2162 336 SEVERIANI
3525 285 3618 338 ιτη

2060 389 2251 456 νήλιε,
2289 392 2349 444 αἱ
2374 403 2702 458 προσευχαι
2729 405 2845 443 σου
2872 389 2968 442 καὶ
2995 390 3056 442 αἱ
3087 389 3493 459 ἑλεημοσυναι
3513 409 3640 448 σου·

2057 476 2366 544 ἀνέϐησαν
2394 478 2546 545 πρὸς
2569 478 2674 530 τὸν
2706 477 2874 530 Θεόν.
2934 475 3164 529 Ύπόθου
3197 476 3336 540 ζῶον
3361 475 3508 534 εἶναι
3533 486 3622 544 τὴν

2057 563 2332 631 νηστείαν,
2360 563 2639 632 άγαπητέ·
2677 561 2849 630 πτερά
2877 561 2934 614 δὲ
2963 563 3124 615 πάλιν
3171 566 3374 634 ταύτης
3400 567 3622 637 ἐλεημο-

2061 648 2226 720 σύνην
2250 651 2344 704 1:61
2359 650 2664 722 προσευχὴν
2687 649 3033 705 καθεστάναι.
3051 643 3126 702 ὧν
3146 651 3275 703 ἄνευ
3290 649 3502 722 ταύτην
3525 656 3623 709 ἀνω

2061 737 2136 806 μὴ
2175 736 2432 790 δύνασθαι
2481 736 2716 806 τρέχειν.
2766 735 2823 787 '0
2870 735 3142 798 τοιοῦτος,
3186 736 3289 789 κᾶν
3334 739 3410 807 μὴ
3463 738 3623 812 λαλῇ,

2056 823 2267 894 γλώττῃ
2312 824 2517 894 μεγάλῃ
2549 824 2611 875 τὸ
2638 823 2841 876 δίκαιον
2873 822 2989 892 βοᾷ.
3037 823 3263 892 Μεγάλη
3295 827 3408 896 γὰρ
3433 827 3626 882 6:161:0-

2059 909 2222 982 σύνης
2267 914 2558 981 συνήγορος
2607 912 2798 982 ἀρετή.
2855 911 2946 964 Διὸ
2991 912 3169 980 λέγει’
3217 913 3624 984 Εισάκουσον,

2057 999 2250 1065 Κύριε,
2287 998 2676 1066 δικαιοσύνης
2710 1016 2850 1067 μου.
2887 998 3109 1066 Πρῶτον
3140 999 3238 1068 μὲν
3263 997 3360 1054 οὖν
3386 1005 3489 1056 καὶ
3541 1007 3624 1075 μέ-

2057 1101 2241 1153 γιστον
2267 1085 2470 1152 ἀγαθον
2508 1084 2784 1157 προσευχὴ
2812 1087 2905 1138 1:61
2931 1085 3260 1157 ἐλεημοσύνη
3293 1089 3390 1143 1:61
3429 1089 3626 1146 δικαιο-

2058 1172 2265 1241 πραγία
2285 1189 2298 1201 ·
2327 1173 2387 1224 16
2419 1171 2474 1224 δὲ
2505 1173 2743 1240 ἀσφαλὲς
2772 1173 2864 1226 καὶ
2887 1172 3178 1226 ἀσάλευτον
3211 1175 3306 1226 1:61
3343 1176 3476 1246 ῥίζα
3501 1181 3626 1232 πάν-

2056 1277 2162 1312 των
2193 1261 2224 1331 ἡ
2258 1260 2384 1331 περὶ
2413 1259 2502 1311 τὸν
2530 1259 2662 1311 Θεὸν
2681 1259 2899 1327 γνῶσις,
2927 1261 2960 1330 ή
2986 1257 3081 1311 τοῦ
3107 1261 3454 1329 Μονογενοῦς
3481 1283 3628 1335 προσ-

2057 1348 2298 1417 κύνησις,
2337 1350 2370 1418 ὴ
2417 1347 2510 1400 τοῦ
2549 1349 2702 1416 ἁγίου
2741 1348 3055 1418 Πνεύματος
3087 1349 3370 1419 ὁμολογία,
3421 1354 3522 1423 μία
3553 1358 3629 1407 πί.

2058 1452 2194 1500 στις,
2220 1435 2543 1506 ἀδιαίρετος,
2581 1433 2850 1505 ἀσφαλὴς,
2880 1435 3152 1506 ἀσχιστος,
3198 1438 3520 1508 ἀμέριστος.
3551 1443 3630 1493 E7-

2060 1540 2220 1593 ρηται
2244 1523 2272 1574 ὃ
2300 1522 2478 1593 μέλλω
2506 1522 2705 1591 λέγειν,
2729 1523 2842 1575 ἀλλ’
2873 1523 3022 1593 ὅμως
3057 1523 3214 1576 πάλιν
3242 1525 3408 1593 λέγω.
3429 1527 3489 1580 Ὁ
3509 1529 3630 1591 Θεὸς

2059 1609 2219 1678 σοφὸς
2264 1609 2341 1662 ὢν
2374 1608 2754 1680 συνεχώρησεν
2795 1609 2903 1662 61:6
2931 1608 3038 1662 τῶν
3070 1610 3211 1663 ἱδίων
3251 1612 3504 1684 ἐξάρχων
3540 1619 3628 1678 τὰς
3683 1608 3685 1670 ἶ

2057 1658 2302 1768 ᾆὶεέἐᾶειξ
2322 1658 2612 1764 ἰέεὶᾷἓεξ
2629 1658 2957 1766 ’ἐξοινᾷιᾷιζιξ
2971 1658 3626 1771 ἶεοζοίἓίρῗὲἓςᾷὲτεζιζῖ
3683 1658 3687 1786 1

2058 1785 2144 1836 ἵνα
2183 1786 2322 1854 φανῇ
2356 1784 2436 1836 ὅτι
2483 1784 2544 1835 ού
2591 1782 2726 1836 Θεοῦ
2760 1783 2936 1853 δόγμα
2957 1822 2974 1846 ,
3004 1783 3118 1836 ἀλλ’
3151 1785 3460 1855 ἀνθρώπων
3491 1792 3632 1842 ἐστὶν
3685 1782 3687 1840 i

2058 1869 2267 1939 εὕρεμα
2291 1870 2359 1923 τά
2385 1870 2512 1940 παρ’
2539 1869 2718 1924 αὐτῶν
2748 1869 3106 1940 δοξαζόμενα·
3141 1867 3272 1937 οἷον,
3292 1874 3630 1928 Μακεδονια-
3685 1863 3687 1868 ’

2058 1902 2267 1939 ςυμεμυ.
2291 1902 2359 1923 ιιι
2385 1902 2497 1940 “uti
2539 1902 2607 1924 μιν
2622 1902 2718 1923 ιων
2748 1902 3080 1940 υυιιυιδυμεννυ.
3141 1902 3272 1937 υιυν,
3292 1902 3630 1928 ιῐιαιιευυνια-

2057 1957 2138 2011 νοὶ
2182 1957 2290 2011 61:6
2342 1956 2697 2023 Μακεδονίου,
2739 1956 3006 2028 Ἀρειανοὶ
3043 1957 3152 2011 61:6
3211 1959 3447 2030 Ἀρείου,
3478 1963 3630 2014 Εύνο-

2061 2043 2240 2114 μιανοὶ
2271 2044 2379 2097 61:6
2418 2044 2701 2114 Εὑνομίου.
2745 2045 2972 2114 Ὁμοίως
3017 2045 3122 2098 καὶ·
3164 2047 3220 2099 αἱ
3266 2048 3458 2103 λοιπαὶ
3499 2051 3630 2121 αἱρέ-

2059 2145 2192 2192 σεις.
2233 2127 2343 2199 Τὴν
2377 2129 2557 2199 μέντοι
2583 2130 2764 2182 πίστιν
2801 2130 2909 2184 τῶν
2936 2131 3249 2187 ἀποστόλων
3280 2134 3533 2206 ἄτρωτον
3552 2137 3628 2190 θέ-
3690 2148 3691 2154 ‘

2056 2217 2167 2272 λων
2201 2217 2458 2286 φυλάξαι,
2485 2218 2546 2270 ού
2582 2217 2962 2289 συνεχώρησεν
2995 2220 3177 2286 αὐτοῖς
3204 2223 3315 2275 ἀπὸ
3344 2224 3626 2295 ἀνθρώπου

2057 2302 2437 2373 ὀνομάζεσθαι.
2463 2303 2581 2356 Κᾶν
2604 2304 2712 2375 γάρ
2735 2305 2939 2358 καλῶσι
2970 2308 3396 2376 όμοουσιαστάς,
3421 2313 3525 2364 οὐκ
3553 2312 3628 2365 ἂν·

2059 2390 2275 2456 θρωπον
2304 2390 2718 2462 ἑρμηνεύουσιν,
2746 2391 2883 2445 ἀλλά
2917 2392 3009 2464 τὴν
3039 2395 3220 2447 πίστιν
3241 2397 3626 2468 κηρύττουσιν.
3692 2393 3693 2412 ³

1959 2530 1985 2562 .r
2062 2477 2182 2530 Ὅτι
2223 2477 2330 2548 γὰρ
2360 2477 2421 2530 τὺ
2454 2478 2562 2532 61:6
2590 2477 2892 2548 ἀνθρώπων
2934 2479 3211 2534 καλεῖσθαι
3251 2483 3356 2536 οὐκ
3391 2483 3514 2537 ἐστι
3549 2502 3631 2538 πι-

2059 2562 2222 2625 στῶν,
2236 2565 2351 2616 ἀλλ’
2367 2565 2679 2636 αἱρετικῶν,
2701 2565 2850 2634 λέγει
2867 2565 3076 2629 Παῦλος
3092 2569 3399 2638 Κορινθίοις
3426 2589 3494 2640 με
3505 2575 3629 2641 696-

2061 2667 2220 2720 μενος
2240 2668 2253 2682 ⁸
2291 2653 2502 2707 Ἀκούω
2525 2655 2594 2706 ἐν
2618 2653 2762 2723 ὑμῖν
2783 2656 3089 2724 σχίσματα
3118 2636 3270 2712 εἶναι
3289 2675 3302 2687 ·
3327 2661 3364 2711 ό
3377 2636 3516 2727 μὲν-
3694 2636 3695 2668 ³

2056 2737 2237 2808 λέγει,
2274 2739 2420 2810 Ἐγὼ
2455 2740 2570 2809 μέν
2609 2743 2726 2810 εἱμι
2772 2742 3037 2806 Παύλου,
3227 2741 3295 2794 δὲ
3346 2743 3629 2808 Ἀπολλὼ,

2057 2828 2171 2898 ἐγὼ
2189 2827 2256 2880 δὲ
2278 2828 2468 2897 Κηφᾶ.
2507 2829 2670 2900 Ὁρᾷς
2698 2830 2780 2882 ὅτι
2805 2829 2865 2882 τὸ
2891 2829 2998 2882 61:6
3025 2828 3324 2900 ἀνθρώπιον
3347 2832 3632 2886 καλεῖσθαι

2060 2917 2372 2986 σχισμάτων
2419 2917 2599 2982 ὲστίν;
2635 2918 2748 2970 Ούκ
2802 2912 2870 2988 ἦν
2905 2917 3340 2988 ἀξιοπιστότερος
3387 2922 3633 2974 Μακεδο-

2058 3005 2173 3058 νίου
2223 3004 2458 3075 Πέτρος;
2507 3004 2590 3056 T6
2635 3005 2874 3074 ὀνόματα
2919 3003 3027 3056 τῶν
3078 3005 3390 3058 ἀποστόλων
3443 3009 3634 3077 φεύγει

2059 3089 2488 3160 παραχωροῦντα
2519 3092 2584 3160 τῇ
2617 3090 2740 3162 δόξῃ
2784 3091 2876 3143 τοῦ
2905 3090 3141 3161 Χριστοῦ
3164 3134 3178 3156 ,
3215 3093 3308 3145 καὶ
3352 3096 3422 3148 σὺ
3463 3113 3633 3151 κατα-

2057 3177 2272 3246 τέμνεις
2313 3177 2411 3245 τὴν
2459 3175 2670 3240 πίστιν,
2715 3177 2813 3237 τὴν
2859 3177 3158 3248 ἀδιαίρετον
3188 3177 3492 3248 βασιλείαν,
3540 3185 3634 3253 τὴν

2059 3263 2355 3334 ἀμέριστον
2400 3262 2591 3328 δόξαν;
2634 3263 2792 3316 Ἀλλά
2839 3263 3000 3334 μέχρι
3036 3264 3259 3318 τούτου·
3291 3266 3496 3337 ἔχομεν
3530 3272 3634 3342 γὰρ

2057 3351 2147 3404 16v
2174 3350 2364 3421 λύχνον
2387 3351 2482 3404 καὶ
2507 3349 2568 3402 16
2596 3349 2710 3419 φῶς
2731 3366 2743 3378 ·
2776 3352 3015 3418 Λύχνος
3041 3352 3148 3422 γὰρ
3175 3353 3298 3418 τοῖς
3333 3357 3491 3408 ποσί
3511 3375 3630 3424 μου

2058 3442 2090 3493 ό
2114 3440 2297 3508 νόμος
2325 3453 2464 3500 σου,
2493 3436 2592 3490 καὶ
2619 3435 2744 3506 φῶς
2779 3437 2907 3504 ταῖς
2938 3439 3157 3506 τρίϐοις
3183 3457 3322 3508 μου.
3349 3443 3512 3496 Διατί
3542 3443 3632 3495 λύ-

2057 3543 2215 3595 χνος;
2261 3524 2401 3578 διατί
2449 3523 2596 3593 φῶς;
2651 3524 2858 3594 Λύχνος
2886 3526 2994 3595 γὰρ
3024 3528 3135 3588 τοῖς
3169 3530 3630 3599 κατηχουμένοις,

2058 3611 2173 3681 φῶς
2195 3615 2307 3676 τοῖς
2331 3601 2744 3682 τελειουμένοις.
3057 3639 3060 3642 ν

2128 3720 2437 3792 Παρακαλῶ
2465 3719 2564 3792 τὴν
2589 3718 2858 3790 ὑμετέραν
2896 3719 3135 3790 ἀγάπην,
3171 3721 3447 3792 ἄχραντον
3475 3726 3632 3795 ὑμῶν

2053 3809 2152 3878 τὴν
2177 3807 2430 3880 νηστείαν
2451 3806 2703 3876 φυλάξαι,
2737 3807 3034 3876 ἀμόλυντον
3065 3809 3172 3862 ἀπὸ
3194 3809 3433 3875 ἀδικίας,
3457 3815 3629 3866 καθα-

2058 3897 2153 3966 ράν
2181 3896 2288 3948 ἀπὸ
2319 3893 2652 3958 πλεονεξίας.
2679 3895 2851 3947 Βλέπε
2876 3896 3208 3966 ματαιότητα
3230 3899 3338 3950 τῶν
3373 3902 3506 3971 περὶ
3532 3903 3628 3972 τὴν

2053 3986 2261 4055 ἀποχὴν
2296 3985 2404 4036 τῶν
2441 3984 2742 4055 βρωμάτων
2783 3983 3175 4054 σχολαζόντων,
3223 3987 3318 4038 1:61
3353 3988 3457 4059 τὴν
3491 3992 3625 4044 ἀποο

2052 4074 2153 4144 χὴν
2183 4072 2290 4125 τῶν
2321 4058 2729 4143 ἁμαρτημάτων
2777 4073 2852 4142 μὴ
2894 4069 3307 4142 φροντιζόντων.
3358 4058 3434 4128 Ού
3466 4077 3622 4136 πίνω.

2054 4161 2238 4230 φησὶν,
2268 4154 2432 4224 οἶνον,
2461 4160 2562 4211 οὐκ
2591 4158 2757 4211 ἐσθίω
2785 4158 2982 4223 ἔλαιον,
3004 4159 3063 4211 ού
3095 4158 3290 4228 τρώγω
3318 4163 3478 4232 κρέα.
3512 4165 3624 4216 K6—

2051 4246 2156 4310 λῶς
2189 4246 2402 4316 ἀληθῶς
2427 4245 2514 4298 διὰ
2540 4245 2670 4297 Θεόν
2691 4260 2704 4274 ο
2734 4243 2873 4296 καλά
2899 4244 2992 4298 καὶ
3018 4245 3185 4298 ταῦτα
3203 4260 3229 4286 ι
3252 4264 3266 4278 ·
3292 4247 3432 4302 ἀλλά
3459 4251 3622 4320 ζητή-

2053 4351 2234 4404 σωμεν
2257 4332 2318 4385 16
2347 4332 2824 4403 πρᾶγμα.¹’Λρτος,
2857 4331 3022 4402 ὕδωρ,
3049 4327 3211 4395 οἶνος,
3246 4334 3406 4406 κρέα.
3424 4335 3624 4399 ἔλαιον,

2052 4421 2229 4475 πάντα
2260 4419 2430 4473 ταῦτα
2458 4417 2592 4471 Θεοῦ
2624 4418 3078 4488 δημιουργήματα
3096 4435 3108 4448 ·
3145 4419 3430 4484 πλεονεξία
3453 4421 3507 4472 δὲ
3531 4425 3626 4474 καὶ

2050 4506 2237 4560 ἀδικία
2280 4506 2375 4559 1:61
2403 4505 2626 4560 ἀσέϐεια
2657 4506 2750 4557 τοῦ
2797 4505 3044 4558 διαϐόλου
3075 4504 3227 4578 ἔργα.
3276 4506 3398 4559 Τῶν
3445 4507 3628 4578 ἔργων

2049 4592 2143 4646 τοῦ
2189 4592 2322 4646 Θεοῦ
2371 4593 2664 4660 ἀφίστασαι
2710 4589 2800 4643 6:6
2846 4590 3134 4659 νηστείαν·
3163 4589 3270 4643 τῶν
3317 4590 3495 4662 ἔργων
3527 4591 3626 4643 τοῦ

2048 4681 2294 4736 διαϐόλου
2326 4681 2425 4732 οὐκ
2469 4677 2762 4746 ἀφίστασαι
2809 4677 2897 4729 διά
2940 4677 3224 4744 νηστείαν;
3252 4677 3484 4748 Ἀρτος,
3529 4681 3626 4730 1:61

2049 4768 2208 4833 οἶνος,
2249 4768 2340 4821 1:61
2368 4766 2565 4828 ἔλαιον,
2617 4767 2712 4818 1:61
2757 4765 2859 4818 ὃσα
2897 4763 3052 4827 ἀλλα,
3103 4764 3236 4818 Θεοῦ
3281 4766 3422 4818 εἰσιν
3460 4766 3622 4837 ἔργα,

2048 4859 2143 4910 ὅλα
2174 4855 2312 4908 καλά
2347 4853 2440 4906 καὶ
2466 4851 2607 4904 καλά
2631 4852 2770 4904 λίαν.
2800 4851 2960 4919 Λέγει
2993 4850 3198 4915 Παῦλος
3218 4869 3232 4882 ·
3250 4849 3381 4906 Πᾶν
3395 4855 3630 4922 κτίσμα

2051 4945 2198 5000 Θεοῦ
2252 4944 2467 5006 καλὸν,
2502 4941 2600 4994 καί
2645 4939 2825 4994 οὐδὲν
2871 4941 3212 5006 ἀπόϐλητον
3235 4957 3247 4969 ·
3305 4939 3620 5012 [48υ1μετ’

2045 5030 2430 5100 εὐχαριστίας
2477 5026 2915 5097 λαμϐάνωμενδ
2936 5043 2949 5055 ·
2998 5026 3285 5095 ἁγιάζεται
3349 5028 3462 5096 γὰρ
3519 5027 3622 5081 διὰ

2047 5115 2232 5183 λόγου
2261 5110 2409 5167 Θεοῦ
2451 5111 2551 5164 καὶ
2593 5110 2933 5175 ἐντεύξεως.
2990 5110 3052 5162 Ei
3082 5105 3175 5164 οὖν
3205 5109 3531 5176 εὐλογεῖται,
3567 5113 3616 5162 εἱ

2044 5195 2136 5252 οὖν
2183 5195 2509 5266 ἁγιάζεται,
2556 5193 2698 5247 διατί
2742 5192 3091 5263 ἀπεχόμεθα;
3137 5192 3366 5246 Ἀδικίαι
3413 5192 3473 5245 δὲ
3519 5193 3618 5245 καὶ

2045 5277 2344 5346 πλεονεξίαι
2391 5280 2485 5333 1:61
2537 5283 2603 5332 τὰ
2641 5277 2862 5330 τοιαῦτα
2890 5275 2984 5329 τοῦ
3027 5275 3268 5328 διαϐόλου
3304 5275 3441 5344 ἔργα
3484 5275 3612 5327 εἰσί.

2043 5365 2162 5418 Τῶν
2193 5365 2368 5434 ἔργων
2413 5361 2506 5415 τοῦ
2561 5360 2696 5415 Θεοῦ
2744 5361 3036 5430 ἀφίστασαι
3086 5359 3173 5412 6:6
3213 5359 3486 5427 νηστείαν,
3521 5359 3614 5410 1:61

2106 5565 2128 5592 °
2155 5562 2263 5610 Sav.
2289 5567 2340 5610 el
2363 5557 2617 5610 Combeﬂs.
2641 5557 2951 5620 distinguunt
2987 5559 3143 5613 καλῶς
3163 5557 3235 5605 ἀλ.
3263 5556 3304 5604 δ.
3327 5553 3452 5604 θεὸν
3484 5549 3614 5602 καλὰ

2041 5627 2120 5673 καὶ
2139 5621 2303 5670 ταῦτα.

2103 5688 2128 5725 b
2153 5686 2263 5734 Sav.
2286 5689 2336 5733 et
2359 5681 2482 5730 Bibl.
2507 5682 2871 5745 λαμϐανόμεπν.
