3720 6276
8 404 112 464 εδθ

8 520 167 585 culo;
211 528 378 572 unum
409 512 462 568 in
506 511 645 567 atrio
681 504 932 564 exteriori
976 504 1077 560 sub
1117 501 1236 567 dio;
1282 497 1427 554 aliud
1464 496 1603 551 intra

7 620 197 667 sancta
228 606 328 663 sub
354 614 513 660 tecto.
545 600 771 657 Interius
807 598 975 652 altare
1003 594 1071 650 ad
1113 594 1386 648 incensum
1430 587 1605 643 solum

7 713 151 768 erat,
196 714 303 755 non
342 696 407 751 ad
448 693 765 750 eﬁ'usionem
809 688 1099 758 sanguinis.
1137 682 1386 738 Exterius
1427 686 1604 733 autem

8 796 185 850 altare
212 790 281 845 ad
308 786 555 843 animalia
581 796 699 855 qua:
724 778 1150 848 immolabantur,
1180 774 1247 829 ad
1288 785 1451 842 panes
1476 782 1605 839 pro-

8 872 318 959 positionis,
349 890 403 937 et
441 879 508 935 ad
549 885 745 932 cmtera
788 873 1052 945 quaedam.
1076 866 1415 933 Exteriorem
1456 876 1605 917 arant

8 957 175 1054 jussit
203 975 458 1032 Dominus
486 968 652 1041 Moysi
683 983 747 1023 ex
790 961 1044 1034 impolitis
1071 957 1334 1028 lapidibus
1362 964 1601 1015 struere;

8 1042 329 1129 interiorem
352 1077 484 1120 vero
514 1062 566 1116 in
593 1055 957 1120 tabernaculo,
987 1067 1053 1108 ex
1088 1062 1219 1104 auro
1247 1046 1431 1118 polito.
1467 1042 1606 1109 Quid

7 1168 198 1223 divina
225 1160 395 1233 gratia
428 1172 523 1229 per
551 1154 666 1209 haec
686 1148 1007 1213 subindicet,
1031 1157 1209 1215 opera:
1233 1139 1465 1212 pretium
1492 1135 1607 1191 fue-

8 1261 78 1316 rit
118 1228 430 1327 explorare.
464 1250 606 1303 Duos
634 1257 828 1313 nempe
855 1237 1082 1310 populos
1111 1233 1204 1291 Dei
1232 1231 1416 1304 gloriae
1445 1228 1608 1283 mini-

8 1316 277 1411 strantes,
306 1352 533 1413 quorum
566 1348 707 1390 unus
746 1328 1060 1391 ineruditus,
1091 1324 1227 1379 alter
1258 1320 1429 1391 probe
1456 1316 1610 1372 insti-

8 1451 169 1496 tutus
211 1410 302 1491 sit.
324 1410 444 1499 'Qui
475 1431 529 1485 in
568 1425 889 1482 dictionibus
918 1419 1217 1476 solmcissat
1257 1422 1313 1471 et
1348 1410 1611 1468 barbarus

8 1544 113 1598 est,
150 1541 432 1585 sermones
456 1521 661 1595 profert
701 1526 759 1573 ut
791 1513 995 1584 lapides
1034 1509 1337 1581 impolitus;
1374 1514 1608 1560 attamen

10 1628 45 1681 ii
94 1624 173 1679 ad
214 1620 403 1676 altaris
446 1622 767 1671 structuram
819 1606 1120 1663 conferunt.
1164 1601 1371 1657 Rursus
1420 1610 1609 1651 aurum

8 1717 318 1789 expolitum
346 1711 611 1783 pretiosus
636 1705 828 1761 dicitur
856 1701 1027 1770 lapis;
1056 1707 1109 1752 at
1134 1708 1306 1764 neque
1326 1691 1413 1747 hic
1436 1688 1611 1746 extol-

11 1787 170 1879 litur,
202 1823 382 1881 neque
419 1806 509 1861 ille
546 1802 774 1873 ejicitur.
806 1797 938 1853 Nam
967 1804 1021 1849 et
1050 1792 1157 1848 illic
1185 1791 1355 1846 altare
1401 1787 1515 1852 Dei,
1558 1792 1613 1838 et

12 1907 102 1960 hic
126 1880 307 1957 altare
328 1899 448 1954 Dei.
477 1895 713 1964 Eratque
739 1906 806 1946 cx
830 1896 1058 1959 quatuor
1077 1880 1355 1954 speciebus
1376 1891 1615 1946 unguen-

13 2009 128 2051 tum
158 1992 547 2063 cumpositum,
585 2002 652 2043 ex
680 1991 869 2050 stacte,
897 1994 965 2036 ex
993 1992 1185 2049 onyce,
1215 1990 1280 2029 ex
1307 1972 1536 2044 galbano
1562 1978 1617 2023 rt

13 2090 199 2145 thure.
231 2086 365 2154 Quia
402 2082 561 2154 igitur
587 2086 910 2148 unguentum
932 2071 1093 2127 variis
1114 2085 1179 2125 ex
1205 2068 1369 2123 rebus
1394 2077 1616 2132 compn-

13 2186 190 2245 nitur,
236 2179 514 2246 virtusque
561 2172 688 2226 item
732 2184 799 2223 ex
838 2164 1002 2220 variis
1043 2167 1275 2223 constat,
1309 2156 1428 2211 ideo
1466 2154 1613 2220 dicit,

11 2275 299 2343 Dirigatnr
325 2268 488 2322 oratio
518 2281 625 2318 mea
652 2262 779 2316 sicut
806 2260 1062 2312 incensum
1101 2254 1153 2307 in
1195 2260 1461 2320 conspectu
1487 2256 1570 2300 tuo
1598 2261 1618 2298 :

12 2363 478 2439 quemadmodum
511 2357 641 2413 illud
678 2370 744 2411 ex
775 2352 957 2408 multis
983 2347 1355 2417 compositum,
1383 2350 1439 2397 et
1459 2330 1618 2395 unam

12 2459 375 2533 fragrantiam
402 2454 673 2511 emittens.
719 2449 853 2517 Quia
890 2462 1013 2503 cum
1051 2442 1291 2498 oratione
1323 2434 1619 2507 ingreditur

12 2559 142 2628 quis
160 2552 378 2625 jejunio
414 2558 654 2611 ornatus,
697 2545 1057 2613 eleemosyna,
1096 2537 1220 2603 ﬁde,
1252 2533 1451 2591 Similis
1480 2539 1617 2598 esto,

15 2626 224 2720 inquit,
255 2642 552 2717 quadrupla
581 2639 752 2694 virtus
796 2636 1015 2690 incenso
1058 2631 1156 2694 illi,
1205 2626 1346 2699 quod
1387 2626 1439 2679 in
1487 2639 1619 2678 con-

14 2716 215 2812 spectu
249 2716 343 2793 tuo
379 2734 644 2804 dirigitur.
686 2730 776 2786 Sic
814 2736 865 2782 et
906 2726 1090 2781 beatus
1130 2722 1292 2777 David
1328 2718 1452 2773 alibi
1490 2716 1563 2771 ait
1602 2730 1617 2769 :

16 2836 164 2889 Ecce
190 2848 346 2903 quam
374 2829 556 2882 bonum
586 2834 632 2879 et
668 2838 818 2891 quam
836 2817 1145 2892 jucundum,
1179 2813 1403 2867 habitare
1437 2802 1641 2880 fratres

14 2932 71 2984 in
102 2902 299 2991 unum,
332 2924 459 2978 sicut
486 2927 793 2990 unguentum
827 2916 878 2968 in
922 2915 1103 2982 capite,
1132 2908 1267 2980 quod
1292 2903 1545 2960 descendit
1569 2902 1623 2956 in

18 3020 264 3081 barbam,
296 3012 501 3068 barbam
527 3011 698 3064 Aaron
729 3005 898 3078 (Psal.
929 3003 1049 3059 l3‘2.
1080 3003 1129 3056 1.
1154 2998 1209 3070 ‘2)
1233 3000 1246 3053 ε
1274 2995 1515 3051 Similem
1544 2992 1624 3046 di-

15 3115 96 3167 cit
138 3110 427 3165 caritatem
474 3109 746 3173 unguento
782 3093 1133 3160 sacerdotali,
1187 3090 1485 3146 orationem
1536 3084 1622 3139 iu-

17 3217 201 3260 censo
231 3195 575 3255 sacerdotali.

93 3290 433 3351 Continentia
467 3284 733 3342 sacerdotii
759 3297 902 3337 soror
927 3287 1018 3333 est.
1037 3308 1104 3319 -
1121 3272 1456 3332 Continentia
1480 3283 1622 3341 pra:-

16 3390 179 3444 ditus
232 3384 333 3439 es?
377 3381 570 3461 .Frater
613 3391 672 3432 es
723 3372 1037 3429 sacerdotis.
1080 3366 1446 3424 Sacerdotium
1490 3362 1628 3417 forte

21 3495 137 3535 non
176 3454 780 3538 habeo,'continentiam
812 3464 1003 3518 habeo.
1029 3460 1196 3517 Soror
1227 3467 1309 3513 est
1351 3454 1628 3510 continen-

19 3575 97 3627 tia
140 3584 268 3625 mea
299 3564 584 3624 sacerdotii
616 3561 712 3617 tui.
740 3559 893 3616 Unde
918 3554 1059 3611 hoc?
1097 3551 1305 3608 Etenim
1334 3549 1484 3619 illum
1509 3560 1629 3603 esse

20 3673 248 3719 castum
280 3666 515 3729 oportet,
544 3654 633 3725 qui
661 3650 966 3710 sacerdotio
993 3648 1247 3718 fungitur,
1289 3654 1344 3701 et
1382 3658 1491 3709 me,
1539 3640 1631 3711 qui

24 3759 213 3811 Deum
238 3753 434 3807 colant.
466 3748 521 3806 Si
552 3747 850 3801 castitatem
879 3743 1124 3806 habeam,
1154 3737 1512 3794 sacerdotium
1541 3748 1632 3789 ac-

22 3848 203 3918 cipio.
231 3842 514 3899 Undeuam
546 3837 691 3892 hoc?
717 3834 880 3890 David
912 3832 1119 3902 fugiens
1147 3845 1178 3884 a
1204 3829 1365 3884 Same
1393 3825 1543 3881 venit
1566 3821 1634 3879 ad

25 3915 400 3995 Abiatharum
439 3931 516 4005 (a)
565 3943 829 3985 summum
872 3922 1237 3984 sacerdotem,
1277 3919 1457 3988 aitque
1497 3915 1575 3970 illi
1619 3933 1632 3969 :

26 4036 120 4089 Da
156 4030 287 4085 mihi
312 4043 467 4100 panes
492 4026 567 4097 (t.
599 4023 730 4093 Reg.
756 4019 846 4074 21.
878 4018 932 4074 5.
959 4017 1041 4085 ι),
1063 4014 1184 4085 quia
1206 4020 1425 4082 repente
1444 4008 1638 4063 missus

26 4144 164 4183 sum
197 4139 230 4179 a
252 4137 399 4193 rege,
423 4128 478 4174 et
504 4116 691 4172 viatica
717 4128 823 4169 non
850 4110 1040 4165 habeo.
1071 4105 1377 4175 Respondet
1397 4113 1638 4156 summus

26 4192 514 4285 sacerdoslegum
553 4209 756 4282 peritus
798 4222 813 4259 :
846 4202 970 4259 Non
1007 4215 1080 4256 est
1109 4198 1249 4253 nobis
1293 4196 1439 4267 panis
1480 4192 1638 4256 alius,

29 4316 144 4369 nisi
175 4310 330 4383 panis
357 4316 580 4369 sanctus,
609 4316 756 4371 quem
782 4314 882 4352 non
908 4296 1023 4350 licet
1050 4293 1159 4357 alii,
1190 4306 1342 4361 quam
1370 4285 1636 4351 sacerdoti,

30 4375 337 4464 concedas.
378 4397 515 4468 Quia
542 4395 704 4465 igitur
747 4388 1119 4445 necessitatem
1153 4381 1391 4444 videbat,
1422 4375 1644 4433 timebat

32 4515 183 4555 vero
212 4508 382 4567 panes
408 4485 782 4562 propositionis
805 4482 1036 4546 tradere,
1057 4476 1247 4548 qmerit
1269 4476 1335 4529 ab
1358 4474 1423 4529 iis
1443 4471 1535 4543 qui
1560 4485 1647 4525 sa-

34 4563 312 4649 cerdotes
356 4600 465 4641 non
510 4590 687 4646 erant,
724 4593 793 4632 an
842 4574 961 4646 puri
1004 4580 1204 4636 essent,
1250 4568 1485 4638 dicitque
1528 4583 1542 4620 :
1585 4563 1647 4619 Si

34 4682 239 4741 mundi
264 4688 383 4735 sunt
408 4675 552 4748 pueri
587 4673 675 4744 qui
713 4680 877 4724 tecum
913 4675 1033 4721 sunt
1073 4664 1135 4718 ab
1179 4661 1441 4728 uxoribus,
1482 4672 1646 4715 sume.

34 4770 458 4831 Continentiam
498 4765 640 4822 enim
667 4760 888 4833 putabat
915 4772 1037 4813 esse
1072 4754 1356 4811 sacerdotii
1383 4764 1647 4807 sororem.

38 4875 132 4927 Ac
183 4881 258 4923 ne
302 4864 423 4935 quis
466 4862 519 4916 in
562 4855 886 4914 calumniam
932 4850 1227 4908 sacerdotis
1271 4847 1445 4903 trahat
1488 4844 1649 4909 illud,

37 4957 209 5033 quod
242 4969 408 5027 partes
427 4951 631 5007 dederit
654 4950 737 5012 iis,
761 4947 850 5017 qui
874 4943 1179 5001 sacerdotes
1203 4955 1308 4995 non
1329 4944 1504 5004 erant,
1528 4935 1654 4990 audi

37 5050 342 5127 quomodo
368 5049 625 5102 Servatur
651 5043 702 5097 id
724 5040 874 5111 quasi
902 5038 1067 5109 probe
1098 5035 1293 5090 factum
1322 5044 1655 5088 commemo-

37 5123 164 5207 ret.
196 5142 522 5201 lncusabant
547 5135 836 5207 aliquando
859 5131 1133 5204 apostolos
1157 5126 1349 5191 Judaei,
1378 5123 1523 5195 quod
1548 5123 1659 5194 spi-

36 5254 149 5297 cas
200 5234 481 5295 vellerent,
526 5237 582 5283 et
617 5226 861 5282 manibus
894 5220 1251 5278 confricantes
1280 5216 1655 5279 comederent;

40 5329 266 5402 quibus
305 5323 383 5377 ait
419 5322 673 5375 Servatur
704 5334 717 5371 :
755 5314 875 5370 Non
913 5314 1103 5383 legistis
1131 5310 1251 5381 quid
1280 5309 1449 5380 fecerit
1493 5306 1661 5361 David

39 5437 181 5477 cum
210 5416 423 5472 esuriret
440 5414 467 5467 ?
496 5427 651 5482 panes
679 5405 1039 5479 propositionis
1062 5402 1296 5464 comedit,
1327 5417 1454 5471 quos
1482 5415 1582 5453 non
1608 5398 1663 5452 li-

42 5513 216 5569 cebat
244 5508 292 5561 ei
333 5505 610 5567 comedere,
643 5516 733 5555 nec
758 5501 820 5553 iis
844 5499 930 5567 qui
959 5513 1070 5549 cum
1100 5494 1191 5549 illo
1219 5504 1382 5558 ermtt,
1414 5490 1503 5545 sed
1543 5488 1664 5543 solis

42 5596 422 5663 sacerdotibus
449 5591 598 5663 (Luc.
631 5592 684 5648 6.
711 5592 764 5646 5.
796 5590 876 5662 4).
903 5588 1143 5644 Vidistin'
1165 5600 1404 5641 sororem
1435 5596 1554 5638 esse
1577 5594 1667 5635 sa-

52 5784 193 5899 .33“.

370 5836 483 5889 elec
508 5837 614 5899 ejus
637 5841 775 5896 pater
797 5837 921 5882 erat.

1044 387 1133 444 DE
1166 379 1383 442 MUNDI
1416 369 1812 435 CREATIONE
1851 370 2105 433 ORATIO
2143 377 2231 433 lV.

256 5777 485 5827 Memoria
510 5774 686 5824 labitur
708 5770 1016 5820 Severianus.
1041 5769 1123 5820 Hic
1147 5766 1278 5819 enim
1307 5776 1407 5817 non
1421 5761 1670 5823 Abiathar,

3189 377 3295 433 ‘70

1715 491 1936 547 cerdotii
1965 490 2302 547 castitatem?
2330 491 2560 547 vidistin‘
2582 491 2850 563 quomodo
2872 492 3010 549 Deus
3037 507 3297 564 personas

1712 597 1817 638 non
1845 583 2086 653 recipiat,
2117 583 2211 639 sed
2239 584 2515 639 veritatem
2542 581 2823 653 exploret?

1714 766 1728 777 θ
1785 674 1877 777 11)ζ
1913 673 2284 744 Praeparemus
2314 687 2412 729 nos
2440 689 2571 745 ergo
2596 674 2662 728 ad
2692 674 3120 743 beneﬁcentiam,
3145 685 3199 730 et
3227 675 3295 730 ad

1708 765 1989 835 justitiam,
2022 775 2078 821 ut
2099 766 2356 836 jejunium
2404 768 2516 822 alas
2555 765 2797 835 accipiat.
2838 766 3297 833 Quemadmodum

1712 858 1857 914 enim
1885 860 2000 914 avis
2024 860 2236 913 nonnisi
2268 861 2468 914 alarum
2508 874 2610 929 Ope
2641 860 2821 915 volare
2859 868 3033 929 potest
3069 878 3082 915 :
3125 861 3203 916 sic
3244 873 3301 917 ct

1707 948 1969 1020 jejunium
1993 950 2124 1006 duas
2144 952 2304 1007 habet
2324 953 2458 1021 alas,
2484 952 2780 1007 orationem
2801 960 2855 1006 et
2874 952 3298 1024 eleemosynam,

1713 1043 1903 1113 quibus
1929 1045 2238 1100 destitutum
2268 1058 2478 1105 sursum
2513 1058 2731 1099 currere
2759 1042 2960 1113 nequit.
2996 1043 3128 1099 Vide
3163 1044 3302 1099 Cor-

1714 1139 1911 1195 nelium
1936 1154 2056 1194 cum
2082 1137 2286 1207 jejunio
2313 1138 2394 1191 his
2418 1152 2630 1207 quoque
2654 1135 2753 1191 alis
2782 1137 3131 1203 instructum;
3163 1152 3303 1206 qua-

1717 1241 1934 1302 propter
1957 1240 2011 1285 et
2036 1245 2219 1293 vocem
2247 1229 2446 1284 audivit
2475 1228 2541 1283 de
2574 1227 2707 1283 caelo
2745 1246 2762 1283 :
2794 1227 3015 1294 Corneli,
3046 1229 3306 1283 orationes

1716 1332 1819 1377 tua:
1842 1332 1890 1376 et
1917 1323 2245 1391 eteemosynae
2270 1331 2370 1375 tute
2392 1320 2724 1375 ascenderunt
2749 1320 2817 1373 ad
2842 1318 3009 1373 Deum
3042 1318 3175 1389 (Act.
3206 1320 3298 1374 1υ.

1713 1416 1795 1487 4).
1828 1416 1994 1487 Finge
2022 1416 2217 1470 animal
2263 1430 2381 1472 esse
2418 1413 2701 1485 jejunium,
2743 1413 3037 1479 carissime,
3079 1413 3302 1482 ejusque

1715 1513 1828 1566 alas
1871 1524 1994 1566 esse
2030 1509 2424 1579 eleemosynam
2473 1515 2527 1561 et
2569 1506 2904 1569 orationem;
2955 1506 3070 1558 sine
3112 1505 3303 1574 quibus

1716 1618 1928 1659 sursum
1958 1600 2084 1657 ferri
2113 1616 2217 1654 non
2244 1599 2434 1669 possit.
2463 1597 2563 1665 Qui
2586 1596 2706 1650 talis
2732 1604 2832 1660 est,
2867 1595 2965 1649 etsi
2988 1610 3096 1649 non
3120 1596 3305 1665 loqua-

1719 1707 1823 1760 tur,
1855 1693 2118 1766 justitiam
2144 1707 2332 1761 magna
2363 1706 2494 1744 voce
2522 1688 2736 1743 clamat.
2768 1687 2953 1757 Magna
2984 1688 3178 1756 quippe
3213 1687 3306 1756 ju.

1718 1788 1875 1842 stitiae
1899 1797 2116 1857 patrona
2148 1783 2315 1839 virtus
2338 1791 2439 1838 cst.
2474 1781 2596 1836 Ideo
2623 1780 2751 1835 dicit
2774 1798 2788 1835 :
2813 1780 3038 1845 Exaudi,
3064 1779 3301 1847 Domine,

1717 1880 1964 1949 justitiam
1992 1892 2177 1931 meam.
2209 1875 2446 1930 Primum
2477 1874 2652 1943 itaque
2675 1872 3072 1940 maximumque
3103 1872 3303 1926 honutn

1720 1982 1803 2027 est
1825 1968 2017 2034 oratio,
2045 1969 2381 2038 eleemosyna
2412 1975 2468 2021 et
2487 1965 2724 2035 justitia;
2756 1964 2898 2035 quod
2926 1974 3104 2020 autem
3130 1974 3305 2021 tutum

1721 2079 1805 2125 est
1832 2078 1885 2125 et
1915 2069 2288 2124 inconcussum
2320 2067 2663 2136 onmiumque
2705 2065 2877 2130 radix,
2909 2064 3003 2119 Dei
3045 2066 3301 2135 cognitio,

1724 2163 1990 2232 Unigeniti
2037 2160 2310 2225 adoratio,
2363 2158 2593 2228 Spiritus
2642 2156 2812 2212 sancti
2862 2156 3159 2223 confessio,
3200 2174 3307 2213 una

1722 2258 1855 2313 lhles
1879 2256 2123 2321 indivisa,
2147 2269 2357 2318 secuta,
2380 2262 2513 2319 tuta,
2539 2252 2696 2307 nullis
2719 2252 2955 2322 partibus
2975 2253 3160 2308 scissa.
3187 2253 3307 2308 .lam

1722 2351 1920 2405 dictum
1950 2358 2035 2404 est
2067 2349 2211 2419 quod
2238 2347 2481 2402 dicturus
2523 2360 2664 2410 sum,
2706 2353 2939 2400 attamen
2984 2360 3195 2400 rursum
3226 2345 3310 2401 di-

1723 2455 1861 2495 cam.
1905 2440 2046 2494 Deus
2084 2439 2298 2508 sapiens
2326 2452 2446 2492 cum
2491 2437 2579 2503 sit,
2623 2436 2866 2506 permisit
2907 2446 2966 2491 ut
3005 2437 3236 2492 lia2reses
3276 2453 3309 2492 a

1724 2530 1839 2584 suis
1863 2528 2171 2584 auctoribus
2211 2528 2656 2598 dogmatibusquc
2686 2541 2882 2582 nomen
2922 2526 3185 2583 baberent
3205 2569 3222 2596 ,
3250 2537 3323 2593 ut

1724 2621 1849 2678 hinc
1880 2624 2107 2693 liqueret
2146 2638 2251 2677 non
2284 2621 2376 2677 Dei
2417 2621 2711 2676 doctrinam
2733 2662 2748 2686 ,
2790 2620 2885 2675 sed
2916 2620 3189 2675 hominum
3220 2621 3306 2676 in-

1725 2729 1946 2774 ventum
1973 2734 2092 2775 esse
2118 2720 2329 2774 illorum
2357 2718 2671 2788 opiniones;
2702 2719 2930 2785 exempli
2974 2732 3131 2787 causa
3154 2757 3168 2782 ,
3201 2716 3311 2771 Ma-

1725 2813 2004 2869 cedoniani
2026 2829 2053 2866 a
2075 2811 2406 2878 Macedonio,
2430 2812 2612 2867 Ariani
2634 2812 2701 2867 ab
2731 2813 2879 2875 Ario,
2904 2784 3217 2865 Eunomiani
3240 2809 3310 2865 ab

1726 2907 2008 2963 Eunomio.
2038 2905 2293 2962 Similiter
2323 2914 2375 2959 et
2401 2904 2621 2975 reliquae
2652 2902 2904 2959 licereses.
2931 2902 3311 2973 Apostolorum

1726 3017 1855 3057 vero
1876 3001 2035 3056 ﬁdem
2062 3014 2182 3054 cum
2206 2999 2575 3054 intemeratum
2605 3011 2823 3053 servare
2848 2997 3027 3061 vellet,
3057 3011 3163 3050 non
3194 3010 3313 3064 per-

1727 3094 1873 3150 misit
1902 3104 1959 3149 ut
1982 3094 2050 3150 ab
2070 3093 2285 3150 homine
2311 3107 2506 3149 nomen
2531 3092 2755 3148 haberet
2776 3106 2791 3146 :
2814 3089 3020 3144 etiamsi
3050 3088 3189 3143 enim
3215 3103 3315 3143 nos

1727 3196 1922 3244 vocent
1951 3187 2372 3249 llomousiastas,
2403 3199 2510 3240 non
2550 3184 2649 3237 viri
2696 3192 2873 3238 tamen
2902 3196 3098 3237 nomen
3132 3180 3313 3249 profe-

1729 3288 1873 3344 runt,
1907 3277 2000 3332 sed
2031 3276 2187 3333 ﬁdem
2214 3275 2525 3345 pradicant.
2555 3272 2709 3341 Quod
2734 3272 2875 3326 enim
2915 3271 2983 3325 ab
3012 3269 3315 3324 hominibus

1730 3386 1924 3426 nomen
1967 3369 2184 3432 habere,
2228 3382 2336 3422 non
2377 3366 2448 3420 sit
2481 3365 2735 3427 ﬁdelium,
2775 3363 2868 3419 sed
2917 3360 3313 3423 haereticorum,

1732 3465 1808 3518 ait
1855 3463 2049 3517 Paulus
2086 3459 2394 3516 Corinthios
2435 3457 2759 3526 redarguens
2807 3472 2822 3509 :
2871 3453 3036 3507 Audio
3080 3453 3133 3506 in
3180 3432 3318 3504 nobis

1732 3556 2005 3611 schismata
2032 3569 2154 3615 esse,
2178 3568 2295 3606 nam
2314 3551 2448 3605 alius
2466 3547 2667 3620 quidem
2690 3546 2850 3600 dicit:
2878 3544 2983 3614 Ego
3002 3559 3114 3598 sum
3145 3541 3319 3608 Pauli,

1734 3668 1825 3722 ego
1853 3659 2018 3703 autent
2047 3647 2253 3719 Apollo,
2282 3662 2373 3717 ego
2401 3659 2513 3699 vero
2538 3641 2725 3711 Ceplue
2751 3640 2829 3712 (1.
2857 3638 2974 3692 Cor.
3006 3637 3056 3690 1.
3092 3638 3179 3689 11.
3208 3636 3319 3703 12).

1737 3745 1926 3800 Videu’
1945 3744 2013 3797 ab
2038 3740 2344 3796 hominibus
2369 3735 2663 3805 nuncupari
2689 3733 3032 3788 schismatum
3059 3744 3179 3786 esse
3201 3744 3326 3799 pro-

1737 3837 1949 3909 prium?
1978 3837 2171 3890 Annon
2200 3831 2305 3888 ﬁde
2333 3830 2545 3900 dignior
2572 3823 3148 3895 PetrusMacedouio?
3175 3823 3325 3890 Apo-

1738 3932 1998 3987 stolorum
2024 3927 2239 3982 nomina
2266 3923 2473 3994 fugiunt
2503 3935 2624 3992 quae
2641 3918 2833 3991 gloria:
2870 3915 3067 3972 Christi
3096 3913 3322 3976 cedant;

1742 4035 1798 4081 tu
1826 4040 1954 4080 vero
1990 4021 2191 4077 scindis
2235 4017 2415 4082 ﬁdem,
2459 4013 2746 4070 indivisum
2778 4025 3022 4080 regnum,
3054 4009 3328 4077 insepara-

1740 4116 1903 4173 bilem
1934 4110 2198 4183 gloriam?
2230 4109 2425 4163 Verum
2453 4106 2711 4161 hactenus
2740 4120 2753 4157 :
2783 4101 3041 4156 habemus
3066 4097 3208 4154 enim
3239 4098 3327 4152 lu-

1742 4222 1961 4264 cernam
1989 4212 2045 4259 et
2073 4202 2254 4257 lumen
2286 4218 2299 4253 :
2328 4213 2451 4253 nam
2479 4195 2711 4251 Lucerna
2738 4193 2945 4264 pedibus
2974 4191 3098 4244 meis
3124 4188 3330 4243 verbum

1746 4311 1908 4365 tuum,
1936 4306 1982 4351 et
2012 4297 2183 4351 tamen
2209 4292 2397 4348 semitis
2421 4289 2544 4344 meis
2571 4286 2743 4359 (Psat.
2780 4284 2902 4339 H8.
2934 4281 3082 4351 105).
3108 4279 3216 4335 Cur
3243 4279 3328 4334 lu-

1746 4392 1945 4449 cerna?
1969 4404 2065 4445 cur
2107 4386 2228 4442 lux?
2264 4384 2505 4439 Lucerna
2546 4380 2746 4450 quippe
2793 4371 3208 4448 catechumcnis,
3241 4369 3333 4425 lux

1747 4490 1814 4545 iis
1850 4486 1939 4559 qui
1978 4481 2167 4539 initiati
2209 4477 2479 4551 mysteriis
2511 4482 2653 4531 sunt.

1820 4554 2084 4651 Jejuniunt
2106 4588 2222 4629 eum
2247 4572 2390 4628 bonis
2414 4568 2646 4639 operibus
2669 4565 2995 4635 conjunctum
3022 4572 3130 4613 esse
3169 4554 3332 4610 debet.

1752 4647 1984 4744 —Rogo
2011 4667 2287 4726 caritatem
2314 4672 2567 4727 vestram,
2598 4666 2655 4714 ut
2679 4657 3051 4712 intemeratum
3078 4647 3336 4719 jejunium

1755 4741 1990 4823 vestrum
2036 4760 2282 4825 servetis,
2328 4754 2666 4825 impollutam
2715 4747 2784 4801 ab
2826 4741 3105 4813 injustitia,
3148 4751 3337 4807 purum

1756 4857 1825 4913 ab
1849 4854 2092 4911 avaritia.
2124 4848 2255 4905 Vide
2292 4844 2571 4902 stultitiam
2598 4853 2816 4911 eorum,
2846 4834 2936 4904 qui
2965 4827 3340 4888 abstinentiam

1758 4964 1789 5003 a
1831 4947 1967 5002 cibis
1999 4950 2289 5004 sectantur,
2332 4951 2432 4992 nec
2472 4940 2662 4989 curant
2698 4944 2729 4983 a
2776 4924 3009 4997 peccatis
3047 4919 3338 4976 abstinere.

1759 5041 1875 5096 Non
1909 5038 2055 5103 bibo,
2107 5033 2296 5103 inquit,
2339 5030 2541 5091 vinum,
2588 5040 2695 5080 non
2734 5015 3197 5083 comedooleum,
3238 5024 3345 5065 non

1762 5133 1866 5190 edo
1892 5143 2100 5187 carnes.
2128 5125 2274 5181 Bene
2302 5138 2431 5178 sane
2455 5120 2568 5174 bam
2593 5124 2809 5187 propter
2831 5112 2995 5165 Deum
3027 5112 3344 5161 servantur:

1765 5228 1881 5282 haec
1908 5224 2048 5279 bona
2077 5227 2233 5283 sunt;
2263 5215 2358 5272 sed
2388 5228 2500 5269 rem
2527 5219 2850 5280 quaeramus.
2883 5200 3061 5263 Panis,
3091 5210 3250 5266 aqua,
3275 5192 3352 5244 vi-

1767 5335 1916 5383 num,
1946 5329 2156 5380 carnes,
2203 5310 2401 5372 oleum,
2450 5306 2564 5361 haec
2601 5302 2778 5357 omnia
2823 5297 2916 5352 Dei
2962 5306 3125 5362 opera
3169 5294 3293 5342 sunt
3335 5298 3352 5335 :

1768 5412 1986 5471 avaritia
2037 5378 2194 5472 vero,
2238 5400 2496 5473 injustitia
2539 5406 2595 5452 et
2636 5394 2881 5463 impietas
2920 5399 3056 5457 opus
3089 5389 3213 5436 sunt
3240 5378 3356 5430 dia-

1716 5578 1723 5585 .
1771 5507 1897 5564 buli.
1929 5506 1973 5559 A
2004 5502 2097 5558 Dei
2122 5497 2375 5568 operibus
2413 5491 2650 5548 abstines
2690 5492 2907 5556 prepter
2930 5475 3227 5585 jejunium,1
3243 5478 3298 5585 et
3321 5484 3351 5520 a

1772 5562 1969 5657 diaboli
1996 5562 2250 5665 operibus
2286 5602 2391 5642 non
2419 5585 2654 5641 abstines
2680 5584 2895 5646 propter
2928 5562 3227 5639 jejunium?
3252 5562 3355 5617 Pa-

1776 5694 1881 5757 nis,
1909 5689 2116 5751 vinum,
2145 5685 2342 5744 oleum,
2384 5686 2440 5733 et
2476 5677 2521 5730 si
2566 5685 2669 5741 qua
2712 5667 2837 5729 alia,
2880 5662 2971 5717 Dei
3019 5666 3144 5713 sunt
3172 5670 3359 5726 opera,

1779 5745 1967 5843 cuncta
1999 5745 2133 5836 bona
2165 5784 2219 5828 et
2255 5767 2542 5827 admodum
2582 5763 2739 5817 bona.
2774 5757 2861 5811 Ait
2893 5751 3091 5809 Paulus
3126 5768 3148 5810 ;
3176 5745 3367 5821 Omnis
