3704 6274
394 278 493 336 t‘tt
878 260 885 267 ’

388 406 622 453 creatura
648 393 744 447 Dei
770 392 921 457 bona,
949 400 994 445 et
1022 390 1150 445 nihil
1178 388 1525 456 reﬁciendum,
1554 384 1689 456 quod
1718 402 1833 438 cum
1858 400 1977 454 grao

390 501 575 543 narum
606 487 801 540 actione
822 486 1159 555 percipiamus
1179 500 1196 536 :
1218 482 1563 549 saneti/icatur
1590 480 1721 532 enim
1748 494 1836 546 per
1861 494 1973 531 ver-

389 584 504 634 bum
530 578 627 632 Dei
652 588 698 631 et
724 577 1002 630 oralionem
1033 574 1107 646 (Ι.
1140 573 1275 627 Tim.
1308 574 1362 627 4.
1390 574 1442 626 4.
1467 573 1543 643 5).
1575 571 1631 625 Si
1662 585 1789 640 ergo
1815 569 1976 622 henc-

389 672 606 736 dicitur,
629 669 672 724 si
696 682 823 738 ergo
844 666 1224 732 sanctificatur,
1252 680 1349 719 cur
1370 660 1735 717 abstinemus?
1759 657 1974 728 lnjusti-

389 765 456 818 tia
483 772 683 830 autem,
714 761 963 826 avaritia,
986 767 1039 814 et
1060 759 1105 814 si
1131 773 1235 829 qua
1264 758 1389 820 alia,
1416 754 1612 810 diaboli
1642 761 1767 808 sunt
1787 764 1971 821 Opera.

388 855 471 909 Ab
513 854 763 923 operibus
807 852 903 906 Dei
944 850 1180 905 abstines
1232 859 1454 919 propter
1489 848 1768 919 jejunium,
1814 855 1869 900 ct
1909 844 1977 899 ab

389 947 640 1016 operibus
692 944 890 998 diaboli
953 959 1058 997 non
1120 941 1358 997 abstines
1411 950 1627 1011 propter
1681 937 1975 1009 pietatem?

389 1038 571 1107 Atqui,
614 1037 825 1100 fratres,
872 1033 1129 1089 adversus
1173 1049 1294 1087 eum
1328 1034 1416 1102 qui
1454 1046 1559 1086 non
1601 1030 1823 1103 jejuuat,
1869 1042 1972 1083 non

391 1130 593 1198 prolata
626 1126 886 1181 sententia
911 1135 1014 1192 est,
1037 1125 1292 1180 adversus
1318 1139 1436 1177 eum
1464 1132 1662 1188 autem,
1686 1122 1772 1193 qui
1796 1121 1975 1190 inique

388 1223 516 1291 agit,
546 1236 760 1292 pinnam
802 1219 1200 1274 intermittatur.
1234 1219 1317 1273 Ab
1360 1218 1425 1272 iis
1457 1231 1576 1287 quas
1606 1215 1820 1270 innoxia
1850 1221 1975 1269 sunt

388 1327 676 1377 cavemus,
736 1326 833 1367 nec
882 1324 1133 1365 cavemus
1184 1309 1252 1364 ab
1304 1310 1403 1375 iis,
1455 1323 1573 1377 qua:
1627 1318 1753 1360 sunt
1801 1305 1972 1373 culpa:

388 1404 635 1459 obnoxia.
669 1405 813 1459 Bona
843 1417 930 1458 res
967 1410 1050 1458 est
1087 1403 1447 1473 eleemosyna,
1487 1416 1606 1471 qua:
1635 1399 1813 1470 Specie
1850 1397 1971 1467 qui-

388 1494 508 1547 dem
538 1494 814 1563 dispergit,
848 1508 905 1547 re
943 1501 1118 1547 autem
1162 1500 1466 1562 congregat.
1512 1488 1968 1556 Quemadmodum

389 1584 531 1638 enim
559 1584 789 1654 agricola
818 1594 971 1639 terrae
1000 1585 1311 1647 faeneratur,
1331 1601 1393 1638 ex
1423 1599 1523 1653 qua
1552 1583 1754 1637 semina
1778 1596 1969 1649 exspe-

389 1685 535 1730 ctat:
587 1677 664 1730 sic
707 1676 1047 1747 eleemosyna
1084 1676 1212 1731 dttm
1258 1676 1374 1730 aliis
1407 1675 1521 1729 dari
1569 1674 1798 1738 videtur,
1848 1687 1971 1726 vere

387 1766 533 1821 danti
565 1769 825 1822 recondit.
859 1768 989 1822 Nam
1015 1768 1087 1822 ait
1116 1768 1279 1821 David
1323 1786 1336 1821 :
1367 1767 1637 1837 Dispersit,
1673 1766 1808 1819 dedit
1839 1781 1969 1834 pau-

388 1858 607 1927 peribus,
633 1860 828 1927 iustitia
858 1860 966 1927 eius
993 1870 1155 1913 manet
1186 1860 1237 1912 in
1258 1860 1503 1914 siccatum
1536 1858 1705 1927 (Psal.
1739 1858 1861 1912 111.
1888 1856 1967 1924 9).

388 1949 475 2004 Sic
501 1950 825 2019 jejunemus,
855 1951 934 2005 sic
960 1951 1263 2016 adoremus,
1295 1951 1371 2004 sic
1409 1951 1711 2015 credamus,
1760 1949 1968 2003 Patrem

387 2042 765 2111 glorificantes,
815 2042 1007 2097 Filium
1052 2042 1263 2113 hymnis
1312 2043 1671 2106 celebrantes,
1713 2040 1965 2109 Spiritum

388 2143 627 2190 sanctum
656 2134 959 2200 adorantes,
986 2135 1106 2204 quia
1132 2135 1230 2204 ipsi
1256 2134 1420 2204 gloria
1450 2134 1499 2187 in
1524 2132 1738 2187 srecula.
1774 2134 1963 2185 Amen.

634 2269 878 2339 Ejusdem
906 2269 957 2322 in
1000 2270 1225 2339 quintam
1261 2269 1393 2322 diem
1432 2268 1717 2321 creationis.

458 2407 509 2460 1.
536 2404 695 2461 Multa
722 2404 932 2474 quidem
955 2420 1250 2475 magnaque
1279 2420 1306 2457 a
1330 2403 1707 2473 benignissimo
1732 2402 1840 2457 Deo
1872 2403 1966 2456 lio-

384 2496 616 2551 minibus
645 2510 898 2550 concessa
924 2511 1148 2549 munera
1170 2504 1327 2558 sunt;
1374 2496 1599 2565 primum
1645 2501 1821 2547 autem
1849 2495 1964 2562 ejus

386 2587 783 2656 maximumque
812 2586 1010 2641 donum
1037 2596 1117 2641 est
1152 2584 1542 2655 Scripturarum
1589 2586 1847 2641 doctrina.
1872 2586 1963 2642 Sol

382 2678 525 2731 enim
553 2686 606 2731 et
658 2678 800 2743 luna,
851 2678 1129 2747 omnisque
1172 2678 1443 2732 stellarum
1474 2678 1703 2744 chorus,
1746 2678 1963 2734 flutuina

382 2769 534 2837 item,
566 2767 756 2831 fontes,
786 2776 841 2824 et
868 2769 1036 2835 lacus,
1061 2769 1127 2824 ad
1156 2784 1440 2840 corporum
1463 2787 1617 2826 usuin
1642 2770 1777 2825 facta
1805 2781 1959 2839 sunt;

381 2875 549 2914 sacrae
576 2875 707 2915 vero
732 2861 1043 2931 Scripturze,
1089 2862 1154 2916 ad
1189 2865 1483 2918 animarum
1534 2866 1961 2922 emendationem

381 2958 506 3003 sunt
530 2951 683 3004 datas.
714 2950 923 3017 Quanto
947 2962 1122 3006 autem
1151 2954 1325 3006 anima
1343 2969 1565 3023 corpore
1590 2956 1832 3024 superior
1857 2966 1959 3023 est,

382 3050 531 3095 tanto
555 3044 801 3111 superius
828 3043 949 3097 aliis
994 3052 1077 3098 est
1113 3044 1411 3099 divinarum
1440 3045 1831 3115 Scripturarum
1862 3049 1962 3102 do-

379 3147 528 3186 num.
554 3132 676 3188 ldeo
702 3134 775 3188 ait
799 3133 1049 3190 Servator
1075 3154 1088 3189 :
1113 3135 1426 3191 Scrutamini
1444 3137 1757 3207 Scripturas,
1776 3139 1827 3192 in
1851 3141 1963 3208 qui-

380 3224 470 3278 bus
514 3225 748 3279 videmini
793 3226 945 3279 vitam
989 3235 1228 3281 cateruam
1258 3228 1439 3282 habere
1481 3227 1672 3298 (loan.
1720 3231 1774 3284 5.
1826 3230 1894 3286 39
1915 3227 1956 3301 ).

379 3315 692 3371 Scrutemur
711 3330 839 3388 ergo
868 3318 1146 3373 thesauros
1170 3319 1563 3388 Scripturarum
1583 3362 1598 3389 ,
1631 3329 1685 3375 et
1708 3336 1826 3392 qua:
1847 3321 1963 3390 pol-

376 3405 508 3459 liciti
563 3422 747 3461 sumus
795 3406 1187 3477 aggrediamur,
1242 3409 1579 3480 hominisque
1632 3413 1957 3468 creationem

377 3510 475 3565 pro
503 3496 641 3550 virili
675 3505 854 3551 nostra
875 3497 1167 3553 ordiamur.
1198 3497 1367 3555 Nemo
1395 3516 1522 3554 vero
1540 3517 1747 3556 rursum
1776 3518 1958 3573 repre-

376 3588 575 3643 hendat
625 3603 687 3643 ea
736 3604 855 3658 quae
902 3590 1197 3646 accuratius
1242 3591 1625 3661 exploraturus:
1666 3592 1768 3648 hoc
1815 3594 1955 3647 enim

375 3681 586 3736 illorum
637 3683 910 3752 proprium
951 3692 1033 3738 est
1058 3683 1147 3752 qui
1175 3685 1359 3754 nugari
1387 3684 1620 3749 student,
1649 3701 1709 3740 ea
1740 3702 1959 3756 carpere

375 3787 494 3841 quae
522 3788 551 3826 a
579 3773 687 3830 Deo
712 3782 907 3829 statuta
930 3782 1073 3841 sunt,
1105 3783 1160 3829 et
1180 3790 1241 3829 ea
1272 3791 1391 3846 quae
1412 3785 1661 3832 accurate
1711 3778 1960 3832 dicuntur

376 3865 793 3935 reprehendere.
826 3866 1014 3921 Audivi
1045 3867 1122 3921 sic
1144 3868 1446 3923 incursantes
1474 3886 1487 3921 :
1516 3868 1645 3936 Quae
1670 3872 1960 3926 necessitas

375 3965 492 4011 erat
514 3956 582 4012 de
609 3957 727 4026 igne
757 3968 810 4012 et
855 3973 989 4029 aqua
1031 3958 1145 4013 haec
1188 3958 1404 4014 dicere:
1429 3960 1617 4015 stridet
1646 3961 1803 4033 ignis,
1837 3977 1957 4017 cum

374 4062 508 4118 aqua
537 4051 589 4103 in
617 4065 743 4104 eum
793 4050 1068 4119 injicitur?
1095 4051 1222 4118 Nos,
1270 4053 1499 4119 aiebant,
1524 4069 1628 4109 non
1662 4071 1837 4111 rerum
1868 4072 1963 4111 na-

377 4141 626 4195 turalium
664 4140 1088 4211 disquisitionem
1134 4145 1442 4214 quarrimus,
1490 4147 1584 4203 sed
1636 4148 1955 4203 divinarum.

373 4232 523 4286 Scias
553 4242 727 4286 autem
762 4244 990 4301 Oportet,
1036 4237 1147 4289 lucc
1175 4237 1333 4290 verba
1367 4239 1672 4307 ignavorum
1710 4250 1761 4295 et
1813 4241 1958 4294 iner-

376 4326 504 4377 tium
527 4339 647 4378 esse
672 4326 965 4387 hominum.
995 4328 1122 4382 Post
1149 4328 1462 4398 theologiam
1489 4334 1629 4385 enim
1652 4350 1830 4387 rerum
1867 4351 1957 4388 ua-

376 4414 627 4468 tttralium
650 4418 917 4469 enarratio
938 4417 1119 4485 pietati
1137 4417 1535 4475 fundamentum
1559 4424 1761 4491 prtcbct
1782 4442 1796 4478 :
1818 4427 1956 4494 quod

377 4506 421 4559 si
477 4506 793 4559 naturalium
828 4522 1003 4560 rerum
1057 4511 1615 4567 commemorationem
1641 4514 1954 4582 eliminant,

374 4607 627 4654 accusent
651 4600 956 4670 prophetas,
989 4603 1258 4671 apostolos
1285 4615 1525 4675 arguant.
1562 4608 1849 4677 Apostolus
1872 4625 1957 4666 res

374 4690 645 4747 naturales
674 4701 905 4747 tractat:
945 4711 963 4744 ι
1000 4693 1117 4749 Νοη
1152 4696 1327 4751 omnis
1369 4711 1495 4751 caro
1550 4698 1735 4753 eadem
1785 4715 1953 4765 caro;

374 4784 467 4837 sed
521 4783 622 4837 alia
669 4798 796 4839 caro
852 4784 1146 4853 hominum,
1193 4786 1292 4841 alia
1334 4787 1713 4857 jumentorum,
1745 4791 1846 4844 alia
1880 4791 1959 4859 pi-

374 4876 566 4939 scium,
597 4875 701 4928 alia
744 4876 953 4937 avium;
986 4886 1040 4932 et
1083 4892 1304 4947 corpora
1351 4880 1602 4941 crelestia.
1635 4890 1688 4934 et
1729 4896 1957 4950 corpora

376 4973 586 5019 terrena
617 4983 636 5016 ι
681 4964 777 5035 (1.
823 4966 942 5020 Cor.
973 4969 1060 5023 15.
1092 4968 1183 5024 59.
1224 4971 1294 5025 40
1317 4973 1355 5041 ).
1397 4972 1503 5025 Cur
1535 4974 1788 5026 naturalia
1816 4974 1958 5028 edis-

374 5055 505 5108 serit
535 5053 748 5118 Paulus,
780 5064 835 5109 et
854 5072 918 5111 ex
945 5061 1158 5112 musicis
1183 5060 1545 5116 instrumentis
1565 5065 1957 5119 accusationem

374 5147 621 5212 instituit,
650 5156 705 5202 et
724 5149 795 5203 ait
819 5165 834 5203 :
872 5169 889 5201 ‹
915 5150 1046 5205 Tam
1067 5151 1251 5217 multa,
1280 5163 1337 5205 ut
1369 5161 1513 5223 puta,
1534 5168 1727 5224 genera
1752 5156 1955 5227 lingua-

374 5253 495 5292 rum
526 5246 652 5292 sunt
678 5238 731 5292 in
764 5238 982 5304 mundo,
1008 5249 1061 5294 et
1082 5240 1211 5294 nihil
1234 5242 1350 5296 sine
1373 5257 1503 5297 voce
1526 5244 1642 5297 est?
1672 5244 1881 5300 Etenim
1908 5248 1953 5301 si

374 5330 633 5385 incertam
666 5346 850 5386 vocem
873 5332 1078 5387 dederit
1102 5332 1245 5398 tuba,
1272 5335 1389 5403 quis
1410 5334 1618 5405 parabit
1644 5351 1703 5391 sc
1732 5337 1796 5392 ad
1820 5353 1957 5407 prte-

374 5424 544 5478 lium?
569 5426 681 5479 sive
704 5426 850 5490 tibia,
893 5425 1007 5481 sive
1035 5425 1256 5491 cithara,
1300 5428 1398 5481 nisi
1427 5426 1819 5483 distinctionem
1868 5445 1955 5485 so.

375 5517 581 5571 nituum
610 5518 875 5584 dederint,
903 5519 1171 5589 quomodo
1201 5530 1555 5589 cognoscetur
1581 5521 1631 5575 id
1658 5523 1798 5592 quod
1828 5524 1952 5578 tibia

376 5616 469 5662 aut
511 5608 651 5678 quod
683 5609 883 5664 cithara
939 5612 1146 5665 canitur
1182 5630 1201 5663 ι
1237 5611 1330 5681 (1.
1367 5611 1483 5666 Cor.
1515 5613 1600 5668 14.
1632 5614 1718 5667 10.
1750 5614 1802 5669 8.
1836 5615 1955 5686 7)?

380 5697 516 5765 Quid
544 5698 688 5754 Pauli
708 5702 880 5770 lingua
919 5714 1203 5759 commune
1232 5701 1465 5760 habebat
1493 5720 1613 5759 cum
1647 5706 1769 5760 tibia
1798 5718 1849 5761 et
1871 5710 1947 5762 ei-

1807 262 1966 323 SEVI

2134 260 2178 316 \‘l
3587 276 3666 333 475

2084 378 2275 436 thara‘t
2300 378 2406 435 Sed
2437 378 2839 449 philosophatur
2885 396 2952 436 ex
3000 381 3064 437 iis
3108 396 3229 453 qua:
3257 384 3358 439 sub
3397 400 3665 456 aspectum

2081 470 2298 536 cadunt,
2333 481 2389 524 ut
2427 486 2488 525 ea
2515 470 2749 525 declaret
2787 487 2904 541 qute
2945 471 3215 528 intellectu
3246 478 3665 545 perspiciuntur.

2080 561 2220 631 Quid
2272 578 2490 619 necesse
2541 574 2657 617 erat
2700 564 2751 617 in
2807 564 2940 617 libro
2988 564 3109 630 Job,
3159 565 3227 620 dc
3274 576 3352 620 tot
3410 572 3666 639 [mitisque

2081 653 2412 708 naturalibus
2481 654 2643 708 rebus
2709 655 2961 708 tractari?
3018 673 3037 706 ς
3091 655 3286 711 Leonis
3353 657 3665 725 fortitods1

2080 748 2263 803 leaenae
2285 764 2409 814 vox,
2437 748 2683 817 superbia
2729 748 3019 803 draconum
3068 750 3329 804 exstincta
3373 760 3491 804 est.
3544 752 3666 821 Μςμ

2081 842 2354 896 mecoleon
2416 841 2611 911 periit,
2674 857 2740 895 eo
2805 841 2944 909 quod
3010 856 3115 895 non
3190 841 3417 898 haberet
3482 860 3665 899 eseam

2080 933 2213 986 Pulli
2260 941 2437 986 autem
2480 933 2746 986 vulturum
2776 934 2879 986 alte
2904 932 3086 985 volant
3111 952 3130 984 ι
3160 932 3315 1004 (Job.
3339 934 3395 987 ι.
3431 934 3526 989 10.
3564 938 3666 1003 ll.

2078 1025 2189 1081 Cur
2236 1026 2372 1080 alius
2421 1025 2675 1095 propheta
2734 1025 2981 1089 diccbat,
3045 1045 3064 1077 ι
3092 1024 3371 1091 Quomodo
3416 1028 3466 1080 si
3510 1041 3666 1083 Suml

2080 1117 2241 1172 leuet
2270 1119 2460 1189 rapiat,
2502 1126 2659 1187 atque
2686 1118 2857 1187 rugiat
2880 1130 3042 1186 super
3072 1117 3330 1185 prmdam,
3349 1127 3410 1172 et
3433 1120 3665 1188 replem-

2081 1217 2168 1265 tur
2192 1218 2399 1264 montes
2428 1224 2558 1264 voce
2580 1210 2694 1278 ejus
2727 1228 2745 1261 ι
2808 1208 2973 1280 (Isai.
3020 1209 3188 1281 5L4)
3217 1210 3239 1261 ἲ
3278 1208 3518 1279 Ipseque
3563 1213 3601 1267 S
3620 1232 3665 1261 t-

2076 1308 2229 1355 vator
2256 1300 2324 1356 de
2368 1300 2694 1355 naturalibus
2740 1301 2897 1355 rebus
2941 1300 3377 1356 sermocinatur:
3432 1320 3454 1352 ι
3492 1301 3665 1356 εἰηιῐξς

2077 1400 2160 1445 est
2184 1406 2404 1462 regnum
2448 1391 2698 1445 caelorum
2747 1404 2912 1460 grano
2953 1390 3175 1460 sinapis,
3202 1389 3347 1461 quod
3393 1392 3665 1447 minimum

2076 1493 2158 1537 est
2182 1484 2427 1547 omnibus
2457 1484 2771 1549 seminibus,
2802 1498 2921 1537 cum
2961 1493 3139 1538 autem
3183 1486 3449 1550 creverit,
3508 1488 3665 1555 majm

2074 1583 2158 1630 est
2187 1576 2433 1631 omnibus
2453 1575 2684 1630 oleribus
2719 1595 2738 1628 ι
2785 1574 3004 1645 (Matth.
3040 1575 3126 1629 15.
3149 1576 3239 1631 51.
3277 1576 3393 1646 52)
3422 1594 3437 1629 :
3462 1591 3529 1631 ac
3558 1594 3657 1629 rur-

2076 1679 2234 1719 sum:
2273 1683 2292 1716 ι
2355 1664 2541 1720 Simile
2592 1673 2675 1719 est
2728 1680 2948 1735 regnum
2991 1665 3265 1731 caelorum,
3316 1666 3659 1735 quemadmo-

2075 1756 2200 1811 dum
2232 1758 2275 1811 si
2303 1756 2464 1811 homo
2482 1756 2640 1826 jaeiat
2691 1766 2984 1811 sementem
3018 1771 3186 1819 suam,
3222 1768 3275 1811 et
3305 1757 3597 1826 germinet,
3622 1772 3660 1810 et

2076 1860 2304 1917 crescat,
2343 1849 2470 1905 dum
2500 1850 2668 1905 nescit
2698 1849 2788 1904 ille
2824 1867 2836 1903 :
2875 1848 3013 1903 ultro
3046 1849 3187 1903 enim
3218 1859 3358 1903 terra
3381 1850 3656 1919 germinat.

2077 1944 2248 2014 primo
2268 1943 2512 2009 herbam,
2528 1942 2721 1997 deinde
2739 1943 2938 2015 Spicam
2962 1961 2974 1997 :
2995 1941 3187 1997 deinde
3214 1942 3458 1997 triticum
3492 1942 3659 2011 impie;

2074 2039 2129 2093 in
2155 2039 2301 2108 spica
2334 2056 2354 2089 ›
2393 2036 2595 2109 (Marc.
2638 2036 2691 2090 4.
2724 2035 2892 2089 26-28
2918 2035 2957 2105 ).
3008 2033 3333 2088 Naturaliter
3389 2034 3557 2089 etiam
3602 2038 3655 2085 de

2074 2130 2206 2186 caelo
2232 2138 2420 2185 tractat
2453 2129 2705 2185 Servator
2744 2145 2758 2180 :
2797 2146 2815 2177 ‹
2854 2126 2908 2182 Si
2938 2126 3150 2190 caelum,
3200 2126 3397 2196 inquit,
3450 2141 3654 2194 veSpere

2076 2225 2295 2277 rubrum
2324 2223 2497 2288 fuerit,
2532 2222 2730 2289 dicitis,
2761 2221 3021 2275 Serenum
3055 2220 3176 2285 erit,
3209 2219 3364 2273 rubet
3392 2220 3539 2272 enim
3562 2235 3627 2271 ex

2074 2315 2181 2371 lum
2211 2334 2223 2369 :
2256 2324 2310 2370 et
2335 2315 2432 2369 sub
2457 2314 2764 2381 diluculum,
2788 2311 2958 2367 Hodie
2984 2312 3151 2365 imber
3170 2311 3271 2364 erit
3296 2329 3310 2363 :
3337 2311 3500 2364 rubet
3526 2310 3648 2363 enim

2073 2408 2223 2464 triste
2247 2407 2434 2462 omium
2473 2426 2492 2459 ι
2528 2405 2845 2476 (Matt/LIB.
2870 2404 2926 2457 2.
2947 2405 2980 2459 5
3001 2404 3044 2473 ).
3074 2402 3209 2471 Quid
3240 2401 3324 2456 his
3347 2416 3490 2470 opus
3518 2404 3651 2454 erat?

2071 2488 2198 2553 ilice
2226 2498 2345 2552 dico
2374 2507 2591 2568 propter
2610 2511 2703 2552 eos
2724 2497 2809 2566 qui
2834 2495 3020 2549 inscite
3049 2491 3456 2565 reprehendere
3482 2506 3651 2563 aggre-

2070 2589 2305 2645 diuntur.
2359 2589 2434 2644 De
2491 2589 2600 2643 Deo
2625 2596 2869 2643 movetur
2897 2599 3096 2651 sermo,
3137 2594 3192 2640 et
3233 2591 3547 2641 accuratam
3573 2584 3650 2636 dr-

2068 2680 2255 2735 etrinte
2294 2679 2685 2733 enarrationem
2743 2678 2928 2732 audire
2968 2675 3187 2732 renuis?
3235 2674 3469 2740 Quando
3509 2675 3648 2743 igitur

2070 2771 2395 2841 propositum
2419 2780 2501 2824 est
2531 2786 2624 2840 per
2649 2769 2881 2823 divinam
2908 2769 3127 2838 gratiam
3150 2766 3217 2821 de
3246 2765 3487 2820 hominis
3516 2780 3648 2819 cres~

2068 2863 2212 2918 tione
2242 2877 2545 2917 sermonem
2574 2861 2791 2928 habere,
2825 2875 2929 2914 non
2961 2874 3057 2928 pro
3098 2860 3173 2913 rei
3222 2858 3507 2929 dignitate,
3572 2860 3644 2910 sed

2068 2970 2165 3026 pro
2195 2954 2443 3009 facultate
2472 2964 2652 3008 nostra
2687 2967 2863 3023 opera:
2890 2952 3117 3023 pretium
3147 2960 3229 3005 est
3264 2949 3332 3003 ad
3363 2964 3643 3018 argumen-

2070 3056 2177 3102 tum
2210 3046 2518 3116 procedere.

2137 3140 2192 3193 2.
2218 3138 2476 3194 Ornatum
2504 3153 2658 3193 suum
2680 3146 2959 3206 acceperat
2986 3134 3198 3199 caélum,
3228 3141 3367 3187 terra
3398 3131 3645 3186 fructibus

2066 3239 2320 3287 coronata
2341 3238 2475 3293 erat,
2501 3244 2650 3299 aquae
2672 3229 2833 3283 maris
2858 3236 3145 3297 segregata:
3180 3226 3421 3291 fuerant,
3464 3227 3645 3295 stirpes

2065 3328 2499 3396 germinaverant
2523 3364 2535 3385 ,
2563 3323 2732 3375 bruta:
2760 3321 3058 3374 animantes
3087 3318 3362 3389 productae
3410 3316 3613 3371 fuerant
3631 3360 3665 3391 ,χ

2068 3416 2268 3485 repleta
2299 3422 2414 3469 erat
2442 3423 2607 3478 terra,
2636 3421 2824 3465 ornata
2852 3421 2965 3464 erat
2994 3410 3205 3474 domus,
3251 3408 3644 3463 desiderabatur

2066 3507 2305 3562 omnium
2336 3520 2452 3575 qua:
2483 3504 2618 3558 facta
2666 3503 2875 3557 fuerant
2926 3503 3086 3556 herus
3133 3509 3188 3555 et
3245 3498 3665 3570 paterfamilias,

2066 3598 2209 3653 Dixit
2248 3596 2386 3651 Deus
2409 3611 2428 3649 .°
2455 3595 2725 3649 Faciamus
2750 3594 3000 3647 hominem
3033 3593 3101 3646 ad
3129 3592 3399 3662 imaginem
3434 3600 3482 3643 et
3513 3591 3642 3644 simi-

2066 3689 2326 3742 litudinem
2356 3685 2764 3757 nostram(Gen.
2813 3685 2864 3737 1.
2901 3683 3027 3755 26).
3083 3683 3515 3736 Demonstratum
3573 3690 3665 3753 est

2065 3781 2256 3850 pridie,
2281 3796 2398 3851 qua:
2424 3780 2492 3833 sit
2522 3778 2661 3832 illius
2688 3777 2835 3831 vocis
2862 3777 2961 3840 vis,
2995 3773 3288 3837 Faciamus,
3333 3785 3387 3827 et
3418 3774 3535 3843 quis
3568 3774 3638 3826 cui

2064 3873 2311 3942 loquatur
2348 3889 2361 3924 :
2395 3872 2510 3941 quis
2550 3869 2903 3933 consiliarius,
2937 3876 2989 3920 ct
3041 3865 3191 3937 cujus
3233 3866 3304 3918 sit
3353 3866 3640 3918 communis

2064 3960 2399 4016 deliberatio.
2434 3961 2630 4015 Verum
2681 3960 2800 4029 quia
2833 3973 2899 4012 ex
2940 3956 3232 4027 Scripturis
3280 3956 3634 4017 ostendimus,

2063 4052 2424 4111 consiliarium
2454 4052 2658 4122 antiqui
2700 4052 2840 4106 illius
2884 4050 3090 4106 consilii
3131 4049 3325 4104 Filium
3376 4065 3533 4114 esse,
3585 4064 3636 4101 ac

2065 4148 2296 4218 Spiritus
2325 4144 2493 4201 sancti
2520 4145 2740 4213 gloriam
2787 4144 3081 4207 tacuimus;
3133 4157 3200 4197 ne
3246 4157 3313 4196 ex
3360 4141 3518 4195 nobis
3560 4142 3634 4208 qui

2063 4242 2176 4293 sani
2206 4252 2411 4302 sumus,
2445 4236 2477 4290 ii
2509 4237 2593 4306 qui
2632 4244 2888 4305 a-grotaut
2910 4235 3218 4287 occasiones
3246 4242 3483 4302 captent,
3510 4233 3635 4286 scire

2062 4337 2289 4393 oportet,
2326 4343 2482 4381 unam
2515 4342 2631 4381 esse
2660 4326 2901 4395 gloriam,
2936 4340 3093 4377 unam
3118 4326 3458 4383 sententiam.
3482 4340 3633 4377 unum

2063 4427 2373 4488 operantem
2399 4433 2697 4471 sermonem
2724 4416 2914 4477 Patris,
2944 4424 2996 4469 et
3026 4415 3143 4469 Filii
3174 4425 3228 4469 et
3259 4416 3489 4483 Spiritus
3520 4431 3634 4468 san.

2062 4515 2152 4565 cti.
2177 4511 2487 4580 Appellatus
2509 4520 2589 4563 est
2607 4509 2693 4562 hic
2714 4508 3048 4562 consiliarius
3076 4507 3270 4561 Filius:
3296 4506 3419 4559 alibi
3446 4508 3632 4560 dictum

2062 4614 2163 4670 est,
2215 4605 2306 4658 Dei
2347 4604 2624 4658 scientiam
2671 4602 2935 4656 nemiuem
2980 4599 3194 4663 habere,
3243 4599 3341 4652 nisi
3392 4600 3631 4669 Spiritum

2062 4705 2325 4751 sanctum.
2352 4695 2434 4748 Ait
2460 4691 2653 4747 Paulus
2683 4709 2696 4744 :
2724 4689 2890 4744 Nemo
2919 4690 3011 4743 scit
3031 4705 3144 4757 qua:
3157 4698 3269 4742 sunt
3287 4690 3521 4753 hominis,
3548 4692 3633 4741 νιίιὶ

2062 4788 2270 4859 spiritus
2303 4784 2540 4851 hominis,
2578 4783 2665 4853 qui
2706 4782 2759 4834 in
2798 4782 2910 4850 ipso
2939 4792 3011 4835 est
3040 4781 3150 4834 :ita
3170 4790 3215 4833 et
3243 4795 3356 4850 qua:
3385 4780 3481 4833 Dei
3529 4792 3633 4835 sunt

2062 4894 2209 4932 nemo
2237 4878 2485 4947 cognovit,
2516 4874 2613 4927 nisi
2669 4872 2893 4943 Spiritus
2942 4871 3039 4925 Dei
3090 4872 3172 4939 (Ι.
3199 4871 3317 4925 Cor.
3349 4871 3404 4924 ἓ.
3436 4874 3491 4926 11
3520 4872 3558 4934 ).
3582 4874 3627 4926 Si

2062 4969 2300 5039 Spiritus,
2340 4968 2530 5037 quiest
2561 4966 2612 5019 in
2640 4973 2713 5029 te,
2760 4978 2789 5017 a
2837 4972 2924 5017 tua
2954 4964 3251 5017 substantia
3292 4964 3495 5017 alienus
3534 4978 3624 5023 est,

2061 5064 2218 5118 ctiam
2232 5061 2321 5130 qui
2340 5062 2391 5115 in
2410 5061 2517 5115 Deo
2530 5058 2847 5127 cstSpiritus
2864 5057 3068 5112 alienus
3079 5066 3159 5111 est
3172 5074 3199 5108 a
3219 5058 3307 5112 Dei
3326 5059 3620 5112 substantia.

2132 5155 2328 5220 Patris,
2360 5153 2487 5207 Filii
2523 5162 2569 5207 et
2604 5152 2828 5221 Spiritus
2853 5150 3013 5203 sancti
3037 5166 3139 5203 una
3158 5150 3407 5204 voluntas.
3428 5181 3495 5190 ——
3516 5151 3623 5205 Vult

2061 5246 2258 5317 aliquid
2291 5244 2485 5300 Pater?
2534 5243 2734 5297 Eadem
2775 5241 3022 5296 voluntas
3074 5250 3126 5295 et
3170 5240 3287 5295 Filii
3324 5249 3379 5295 et
3415 5241 3621 5310 Spiritus
3664 5232 3665 5237 “

2052 5339 2232 5393 'saneti
2277 5344 2378 5392 est.
2410 5335 2536 5390 Vult
2590 5334 2787 5404 aliquid
2833 5331 3036 5386 Filius?
3064 5331 3262 5385 Eadem
3317 5332 3553 5385 voluntas
3578 5343 3618 5384 et

2062 5431 2233 5484 Patris
2263 5437 2316 5483 et
2352 5426 2583 5496 Spiritus
2622 5436 2722 5479 cst.
2758 5423 2881 5478 Vult
2921 5423 3119 5492 aliquid
3149 5422 3416 5491 Spiritus?
3444 5425 3616 5478 Eadem
3664 5416 3665 5419 “

2063 5522 2309 5576 voluntas
2340 5529 2391 5575 et
2421 5518 2593 5573 Patris
2630 5525 2683 5572 et
2713 5515 2851 5571 Filii.
2892 5515 3125 5570 Suscitat
3166 5515 3324 5569 Pater
3369 5520 3619 5569 mortuos?

2060 5615 2290 5670 Suscitat
2314 5623 2368 5667 et
2406 5612 2590 5667 Filius.
2638 5612 2725 5665 Ait
2764 5610 2957 5679 quippe
2994 5608 3263 5673 Servator,
3314 5610 3457 5664 Sicut
3500 5614 3617 5665 enim
3664 5592 3665 5629 ‘

2067 5705 2223 5759 Pater
2252 5702 2456 5758 suscitat
2506 5714 2730 5757 mortuos
2772 5712 2820 5757 et
2849 5703 3085 5771 viviﬁcat,
3114 5703 3184 5755 sic
3232 5712 3279 5756 et
3326 5702 3373 5755 F
3376 5704 3485 5757 ilius
3510 5722 3615 5773 quas
