3720 6276
8 254 121 308 ιη

7 378 127 431 τῶν
168 378 350 450 ἔργων
393 378 489 432 τοῦ
534 379 780 434 διαϐόλου
829 383 888 435 οὐ
937 384 1145 458 χωρίζῃ
1190 385 1258 438 δι’
1291 388 1603 451 εύσέϐειαν;

7 469 129 520 Καὶ
173 466 313 538 μὴν,
341 466 595 535 ἀδελφοὶ,
623 469 763 523 κατά
792 469 888 522 τοῦ
936 472 1009 543 μὴ
1045 474 1395 543 νηστεύοντος
1427 475 1607 544 κρίσις

8 555 111 624 οὐχ
135 553 377 625 ὥρισται
400 570 414 584 ο
449 555 590 609 κατά
614 554 669 607 δέ
695 555 789 608 τοῦ
818 557 1128 622 ἀδικοῦντος
1148 561 1418 631 τιμωρίαν
1452 564 1607 631 ἠπεί-

8 642 207 708 λησεν.
244 640 326 696 Τά
363 642 631 695 ἀνεύθυνα
678 641 973 713 φεύγομεν,
1025 645 1117 697 καλ⁹
1161 648 1231 701 τά
1266 648 1497 702 ύπόδικα
1541 650 1602 702 ού

8 729 330 800 ξεύγομενς
371 730 601 805 Ἀγαθὸν
640 733 672 805 ἡ
702 731 1041 805 ἐλεημοσύνη
1061 751 1075 764 ·
1108 737 1174 805 τῇ
1221 737 1322 804 μὲν
1351 737 1459 808 γὰρ
1484 739 1604 808 ὕψει

8 817 433 889 τκορπιζομένη
455 860 470 885 ,
499 822 564 889 τῇ
596 818 652 872 δὲ
687 820 915 890 ἀληθείᾳ
963 823 1207 890 συνάγει.
1241 824 1448 896 Ὥσπερ
1493 827 1603 897 γάρ

8 905 270 976 γεωργὸς
300 908 365 977 τῇ
397 908 467 977 γῇ
497 905 748 972 δανείζει,
803 908 897 978 ἀφ’
926 903 994 981 ἦς
1022 910 1300 981 ἐκδέχεται
1334 913 1404 967 τὰ
1435 914 1603 984 σπέρ-

8 1010 167 1045 lata
194 1009 209 1023 ·
246 985 419 1054 οὕτως
450 995 489 1067 ήη
534 992 870 1065 ἐλεημοσύνη
923 995 1070 1050 δοκεῖ
1097 998 1196 1067 μὲν
1240 999 1420 1063 ἄλλοις
1460 1002 1599 1054 δίδο-

7 1078 162 1142 τθαι,
183 1082 254 1149 τῇ
284 1079 340 1132 δὲ
363 1079 592 1151 ἀληθεία
618 1078 695 1150 τῷ
718 1080 971 1135 δεδωκότι
993 1084 1334 1153 ταμιεύεται.
1354 1087 1600 1157 Ἐσκόρ-

8 1182 158 1218 τισε
185 1168 319 1237 γὰρ,
370 1168 531 1237 φησιν
563 1170 591 1220 6
636 1166 799 1221 Δαυῒδ
820 1208 834 1233 ,
862 1169 1045 1224 ἔδωκε
1092 1172 1216 1238 τοῖς
1249 1175 1529 1242 πένησιν,
1559 1177 1598 1245 ἠ

8 1251 379 1321 δικαιοσύνη
408 1254 596 1307 αὐτοῦ
635 1255 804 1323 μένει
830 1257 918 1320 είς
942 1256 1047 1309 τὸν
1070 1258 1285 1317 αίῶνα.
1321 1260 1479 1314 Οὕτω
1505 1280 1601 1334 νη-

7 1340 335 1410 πεύσωμεν
356 1380 370 1403 ,
411 1340 553 1394 οὕτω
601 1345 1088 1415 προσκυνήσωμεν,
1119 1346 1262 1401 οὕτω
1294 1350 1600 1403 πιστεύσω-

8 1442 132 1488 ιεν,
165 1426 264 1478 τὸν
298 1427 518 1499 Πατέρα
551 1427 883 1494 δοξάζοντες,
914 1431 1006 1484 τὸν
1038 1432 1167 1486 Υίὸν
1192 1434 1510 1504 ὑμνοῦντες,
1537 1436 1598 1489 τὸ

8 1512 240 1582 ξινεῦμα
265 1513 329 1565 τὸ
354 1514 508 1583 ἅγιον
534 1516 990 1587 προσκυνοῦντες,
1020 1519 1103 1572 ὅτι
1130 1520 1277 1591 αύτῷ
1305 1523 1341 1593 ἠ
1362 1521 1486 1589 δόξα
1518 1525 1599 1587 είς

7 1601 131 1664 ;οῦς
164 1600 399 1664 αἰῶνας.
452 1602 645 1674 Ἀμήν.
1348 1596 1353 1602 ’

7 1755 39 1805 Γ
35 1752 119 1806 οῦ
150 1753 349 1807 αὐτοῦ
372 1756 458 1820 είς
480 1753 596 1823 τὴν
642 1755 920 1845 πίμπέτην
968 1759 1197 1829 ἡμέραν
1230 1760 1339 1830 τῆς
1369 1778 1595 1832 κοσμο-

690 1841 911 1893 maiae.

64 1977 145 2023 α’.
174 1970 359 2025 Πολλά
383 1972 480 2042 μὲν
513 1974 607 2027 καὶ
633 1975 845 2045 μεγάλα
876 1976 945 2031 τὰ
965 1978 1116 2048 παρὰ
1152 1978 1248 2032 τοῦ
1279 1979 1582 2051 φιλανθρὼ-

8 2082 100 2116 mu
120 2063 270 2117 Θεοῦ
292 2067 400 2127 τοῖς
426 2064 730 2137 ἀνθρώποις
742 2068 947 2140 δεδωρη
956 2070 1093 2139 μένα
1110 2086 1124 2100 θ
1146 2070 1333 2142 πρώτη
1355 2072 1411 2125 δὲ
1428 2073 1594 2126 αὐτοῦ

8 2161 90 2211 ca!
124 2158 370 2229 μεγίστη
401 2158 590 2212 πασῶν
618 2159 837 2231 δωρεῶν
864 2163 897 2231 ἡ
926 2160 1035 2215 τῶν
1068 2163 1303 2234 Γραφῶν
1341 2164 1594 2219 διδασκα-

8 2251 103 2304 cia.
145 2251 344 2313 ἸΙλιος
390 2252 488 2322 μὲν
534 2251 643 2324 γὰρ
690 2254 784 2306 καὶ
838 2254 1069 2326 σελήνη,
1120 2257 1213 2310 καλ⁵
1258 2259 1362 2321 πᾶς
1401 2262 1431 2312 6
1485 2261 1593 2313 τῶν

8 2344 224 2415 ἱστρων
263 2346 442 2417 χορὸς,
490 2348 584 2399 καὶ
631 2350 865 2419 ποταμοὶ
906 2351 1001 2402 καὶ
1043 2352 1219 2422 πηγαὶ
1264 2352 1356 2405 καὶ
1407 2353 1592 2424 λίμναι

7 2437 137 2507 πρὸς
172 2438 279 2507 τὴν
310 2437 419 2490 τῶν
452 2439 718 2509 σωμάτων
745 2441 1041 2512 θεραπείαν
1069 2444 1430 2515 γεγένηνται·
1452 2450 1505 2501 αί
1533 2448 1591 2501 δὲ

8 2533 155 2598 ιγιαι
182 2532 401 2602 Γραφαὶ
431 2532 567 2603 πρὸς
591 2533 689 2603 τὴν
718 2533 825 2588 τῶν
861 2534 1050 2606 ψυχῶν
1079 2536 1367 2610 διόρθωσιν
1406 2541 1592 2613 ἐδόθη-

7 2643 92 2677 ιαν
115 2643 131 2655 ο
198 2625 311 2693 ὅσῳ
340 2624 397 2678 δὲ
451 2624 719 2694 σωμάτων
748 2626 1003 2699 ἀνωτέρα
1024 2628 1191 2701 ψυχὴ,
1216 2631 1454 2702 τοσούτῳ
1482 2635 1592 2689 τῶν

8 2718 179 2771 ίλλων
205 2717 425 2787 δωρεῶν
465 2717 714 2789 ἀνωτέρα
763 2720 796 2790 ἡ
828 2720 936 2773 τῶν
988 2720 1148 2775 θείων
1182 2722 1431 2793 Γραφῶν.
1490 2727 1590 2779 Διά

8 2810 159 2861 ῑοῦτθ
182 2808 333 2875 λέγει
354 2810 382 2861 6
402 2809 591 2879 Σωτήρ
612 2825 625 2837 ·
665 2808 974 2878 Ἐρευνᾶτε
993 2812 1099 2878 τὰς
1117 2813 1382 2884 Γραφὰς,
1404 2815 1475 2869 ἐν
1493 2811 1590 2881 αἶς

8 2901 233 2956 ΐοκεῖτε
273 2900 426 2969 ζωὴν
449 2900 690 2959 αίώνιον
732 2903 917 2972 ἔχειν.
961 2905 1370 2979 Ἐρευνήσωμεν
1410 2909 1589 2963 τοίνυν

8 2995 115 3058 οὓς
162 2995 475 3066 θησαυροὺς
526 2994 636 3047 τῶν
685 2995 938 3066 Γραφῶν,
990 2999 1085 3052 καὶ
1128 3000 1229 3069 τῆς
1257 3002 1588 3071 ἐπαγγελίας

7 3084 297 3155 ιψὼμεθα,
337 3087 432 3138 καὶ
471 3084 564 3139 τοῦ
594 3086 882 3159 ἀνθρώπου
906 3088 1006 3159 τὴν
1053 3089 1412 3163 δημιουργίαν
1445 3093 1587 3146 κατά

8 3178 232 3247 ιύναμιν
284 3177 520 3243 ἐξειπεῖν
570 3179 1030 3250 ἐπιχειρήσωμεν.
1071 3182 1277 3253 Μηδεὶς
1319 3183 1377 3238 δὲ
1426 3185 1586 3240 πάλιν

8 3270 310 3342 ιεμφέσθω
334 3274 446 3335 τοῖς
469 3272 605 3340 μετά
623 3272 908 3344 ἀκριϐείας
928 3272 1280 3345 ζητουμένοις
1297 3294 1310 3309 ’
1331 3277 1464 3332 ἴδιον
1478 3280 1585 3352 γάρ

16 3366 92 3416 ὧν
123 3362 398 3433 φλυαρεῖν
431 3364 854 3434 ἐπιχειρούντων
888 3365 946 3421 τὸ
975 3366 1291 3438 μέμφεσθαι
1327 3374 1446 3435 ταῖς
1489 3372 1583 3427 τοῦ

8 3456 123 3509 ἐοῦ
190 3454 469 3521 διατάξεσι
518 3456 615 3509 καὶ
667 3456 919 3526 ἐγκαλεῖν
965 3460 1077 3522 τοῖς
1122 3461 1260 3531 μετά
1305 3461 1585 3533 ἀκριϐείας

8 3548 594 3620 εγομένοις.Ἤκουσά
614 3567 776 3603 τινων
796 3550 1193 3618 ἐγκαλούντων,
1216 3554 1298 3608 ὅτι
1322 3574 1405 3621 τις
1428 3559 1585 3628 χρεία

8 3638 50 3709 ιν
74 3642 265 3693 εἰπεῖν
301 3640 428 3709 περὶ
457 3640 628 3711 πυρὸς
661 3640 755 3695 καὶ
786 3640 1008 3707 ὓδατος,
1049 3643 1131 3698 ὅτι
1172 3645 1351 3716 τρίζει
1372 3647 1433 3701 τὸ
1472 3647 1582 3721 πῦρ

8 3734 194 3794 δατος
224 3730 681 3802 ἐπιϐαλλομένου;
725 3732 933 3803 Ἡμεῖς,
962 3736 1117 3805 φησὶ,
1150 3737 1493 3805 φυσιολογίαν
1520 3740 1581 3794 ού

8 3827 226 3895 κέλομεν
259 3822 568 3894 μανθάνειν,
597 3824 730 3877 ἀλλά
757 3824 1052 3894 θεολογίαν.
1105 3830 1195 3882 Δεῖ
1243 3829 1299 3883 δὲ
1348 3829 1543 3889 εἰδέναι
1563 3873 1579 3898 ,

12 3938 60 3971 τι
91 3917 284 3971 ταῦτα
316 3917 383 3970 τὰ
409 3918 628 3988 ῥήματα
652 3919 836 3989 ἀργῶν
857 3922 972 3973 ἐστι
996 3921 1091 3973 καὶ
1120 3922 1397 3995 ῥᾳθύμων.
1426 3927 1583 3980 Μετὰ

7 4014 91 4081 υάρ
121 4011 234 4080 τὴν
263 4009 541 4079 θεολογίαν
578 4012 610 4080 ἡ
643 4012 955 4081 φυσιολογία
987 4015 1225 4085 κρηπῖδα
1258 4016 1485 4088 παρέχει
1511 4023 1578 4092 τῇ

10 4104 255 4172 ύσεϐείᾳ.
283 4118 295 4131 ·
324 4104 443 4157 είδέ
470 4104 787 4158 ἐκϐάλλουσι
818 4106 1184 4175 φυσιολογίαν,
1215 4109 1581 4178 ἐγκαλείσθω-

8 4216 83 4253 αν
114 4200 240 4259 τοῖς
264 4188 593 4267 προφήταις,
638 4198 1037 4269 μεμφέσθωσαν
1079 4204 1192 4265 τοῖς
1236 4203 1575 4270 ἀποστόλοις.

8 4292 50 4342 0
86 4288 425 4352 Ἀπόστολος
454 4289 796 4359 φυσιολογεῖ·
824 4293 906 4346 Οὐ
950 4290 1118 4346 πᾶσα
1159 4294 1315 4361 σὰρξ
1344 4296 1382 4363 ἡ
1424 4296 1576 4366 αὑτὴ

7 4380 147 4451 νᾰρξ
172 4396 191 4410 ’
229 4379 366 4435 ἀλλ’
394 4379 553 4449 άλλη
587 4382 704 4451 μὲν
737 4381 893 4452 σὰρξ
935 4383 1280 4452 ἀνθρώπων,
1313 4387 1472 4457 ἄλλη
1512 4389 1579 4444 δὲ

7 4472 151 4540 ’ὰρξ
193 4470 450 4538 κτηνῶν,
491 4472 650 4542 ἄλλη
696 4472 764 4528 δὲ
790 4475 1031 4544 ἰχθύων,
1060 4475 1217 4545 ἄλλη
1263 4476 1332 4532 δὲ
1389 4495 1575 4536 πετει-

8 4566 140 4618 -ῶν-
169 4566 275 4618 καί
298 4565 543 4635 σώματα
557 4568 904 4636 ἐπουράνια,
939 4572 1037 4626 καί
1059 4571 1303 4642 σώματα
1325 4574 1572 4646 ἐπίγεια.

7 4659 141 4714 ιιατί
173 4658 489 4727 φυσιολογεῖ
514 4660 744 4727 Παῦλος,
772 4663 867 4716 καὶ
899 4664 1005 4717 ἀπὸ
1028 4666 1301 4736 μουσικῶν
1329 4668 1577 4737 ὁργάνων

8 4754 236 4821 γκαλεῖ,
266 4753 362 4805 καὶ
394 4752 577 4821 λέγει·
610 4753 881 4808 Τοσαῦτα
900 4758 953 4810 εὶ
984 4758 1176 4827 τύχοι,
1194 4759 1337 4829 γένη
1365 4761 1580 4830 φωνῶν

8 4863 159 4899 στιν
198 4846 269 4898 ὲν
289 4847 514 4914 κόσμῳ,
546 4844 645 4898 καί
666 4846 849 4900 οὐδὲν
873 4847 1115 4916 ἀφωνόν
1137 4849 1307 4912 ἐστι;
1335 4851 1443 4905 Καὶ
1468 4853 1577 4922 γὰρ

8 4940 84 4992 ὰν
120 4937 368 5004 ἄδηλον
394 4938 607 5007 φωνὴν
636 4937 908 5009 σάλπιγξ
940 4940 1042 5007 δῷ,
1072 4942 1165 5008 τίς
1198 4942 1350 5016 [481]
1387 4961 1576 5013 παρα-

7 5030 447 5096 ’κευάζεταιείς
476 5030 781 5101 πόλεμον;
810 5031 947 5086 Εἴτε
972 5033 1180 5099 αὐλὸς,
1200 5035 1320 5088 εῑτε
1343 5036 1575 5105 κιθάρα,

8 5124 85 5178 ἀν
121 5120 473 5191 διαστολὴν
518 5122 643 5189 τοῖς
676 5124 960 5193 φθόγγοις
1002 5123 1086 5193 μὴ
1133 5124 1236 5191 δῷ,
1271 5125 1397 5193 πῶς
1431 5145 1578 5197 γνω-

7 5215 291 5281 ’θήσεται
324 5212 391 5265 τὸ
416 5215 797 5283 αὐλούμενον
828 5215 867 5285 ἣ
905 5216 973 5270 τὸ
1007 5216 1484 5288 κιθαριζόμενον;
1511 5219 1577 5272 Τί

8 5311 164 5363 οινὺν
188 5305 336 5377 εἶχεν
353 5309 385 5375 ἡ
402 5308 615 5362 Παύλου
634 5308 853 5378 γλῶσσα
864 5310 999 5384 πρὸς
1023 5310 1182 5364 αὐλὸν
1205 5315 1298 5367 καὶ
1312 5314 1541 5385 κιθάραν
1557 5333 1573 5383 ;

7 5402 160 5455 Αλλά
220 5400 536 5469 φυσιολογεῖ
562 5401 671 5454 ἀπὸ
696 5401 805 5463 τῶν
832 5401 1174 5473 φαινομένων
1194 5443 1209 5466 ,
1257 5405 1343 5459 ἵνα
1396 5426 1564 5478 παρα-

8 5497 160 5564 τήσῃ
216 5491 286 5544 τὰ
316 5490 599 5562 νοούμενα.
638 5492 733 5557 Τίς
763 5488 832 5565 ἦν
878 5493 1037 5565 χρεία
1073 5495 1131 5547 ἐν
1160 5497 1227 5567 τῇ
1272 5495 1440 5569 βίϐλῳ
1480 5500 1575 5554 τοῦ

7 5584 108 5637 [ὼϐ
167 5582 634 5655 φυσιολογηθῆναι
687 5583 971 5650 τοσαύτας
1024 5586 1245 5654 Σθένος
1289 5589 1535 5658 λέοντος
1557 5634 1572 5657 ,

8 5677 152 5746 κυνῆ
199 5676 456 5749 λεαίνης
476 5717 492 5746 ,
551 5678 845 5748 γαυρίαμα
895 5677 1238 5751 δρακόντων
1285 5681 1565 5753 ἐσϐέσθη.

1096 270 1182 323 DE
1220 272 1436 329 Μύκοι
1474 273 1870 330 CREATIONE
1905 274 2161 331 ORATIO
2198 276 2261 330 ν.

3177 277 3291 335 ΔἹΞ

1717 390 2159 458 Μυρμηκολέων
2186 390 2372 442 ὤλετο
2421 389 2579 458 παρὰ
2627 390 2689 443 τὸ
2739 388 2822 459 μὴ
2871 391 3033 457 ἔχειν
3062 389 3280 459 βοράν.

1710 479 1968 536 Νεοσσοὶ
1990 479 2058 533 δὲ
2075 479 2284 549 γυπῶν
2302 479 2373 533 τὰ
2402 480 2609 549 ὑψηλὰ
2639 480 2935 535 πέτονται.
2958 481 3107 535 Διατί
3125 481 3283 546 ἄλλος

1713 574 1998 643 προφήτης
2036 572 2220 641 ἔλεγεν
2240 588 2253 603 °
2285 574 2393 627 Ὃν
2419 574 2641 640 τρόπον
2676 572 2785 626 ἐὰν
2814 571 2967 640 λάϐῃ
2996 571 3152 626 λέων
3180 574 3281 628 καί

1706 665 1969 733 ἁρπάσῃ,
2005 666 2328 735 καίβοήσῃ
2356 665 2453 720 ἐπὶ
2482 665 2560 734 τῇ
2591 664 2761 734 θήρᾳ,
2802 668 2898 720 καί
2930 666 3176 733 πλησθῇ
3210 665 3282 720 τὰ
3328 722 3331 727 ,

1708 765 1817 835 ὄρη
1846 766 1956 835 τῆς
1981 766 2186 835 φωνῆς
2215 767 2436 831 αὐτοῦς
2468 765 2579 820 Καὶ
2623 766 2784 826 αὐτὸς
2820 767 2847 817 6
2879 765 3070 835 Σωτὴρ
3094 781 3282 834 φυσιο-

1694 858 1854 929 ,λογεῖ
1869 878 1883 891 ·
1911 860 2102 930 Ὁμοία
2122 860 2292 914 ἐστίν
2308 854 2646 929 ἡβασιλεία
2666 859 2784 913 τῶν
2802 857 3071 928 οἰιρανῶν
3087 859 3281 925 κόκκῳ

1708 952 2046 1024 σινήπεως,
2101 953 2131 1008 ὃ
2174 954 2526 1023 μικρότερον
2571 952 2688 1022 μὲν
2718 953 2849 1006 ἐστι
2913 949 3032 1003 τῶν
3072 949 3283 1004 ἄλλων

1703 1047 2079 1116 σπερμάτων,
2122 1046 2388 1114 αὺξηθὲν
2431 1045 2518 1110 δὲ,
2558 1042 2757 1114 μεῖζον
2789 1041 3029 1097 πάντων
3056 1040 3293 1110 γίνεται

1703 1137 1823 1191 τῶν
1843 1137 2126 1208 λαχάνιον
2141 1154 2155 1169 ⁸
2182 1138 2276 1192 καὶ
2301 1136 2463 1191 πάλιν
2478 1154 2492 1169 ’
2523 1136 2719 1205 Ὁμοία
2736 1134 2906 1188 ἐστὶν
2930 1134 2966 1202 ἡ
2990 1132 3281 1196 ,ϐασιλεία

1701 1232 1820 1287 τῶν
1845 1232 2137 1302 οἰφανῶν,
2165 1234 2247 1299 ὡς
2277 1233 2387 1287 ἐὰν
2410 1228 2893 1299 ἅνθρωποςβάλῃ
2914 1228 3021 1281 τόν
3047 1227 3281 1295 σπόρον

1700 1328 1909 1392 αὑτοῦ,
1954 1328 2053 1382 καί
2102 1326 2429 1395 βλαστάνῃ
2486 1325 2587 1379 καὶ
2618 1324 2985 1394 μηκύνηται,
3035 1321 3116 1386 ὡς
3165 1322 3278 1373 οὐκ

1699 1415 1861 1473 οἶδεν
1911 1420 2125 1486 αὐτός’
2178 1419 2479 1489 αὐτομάτη
2537 1417 2650 1489 γὰρ
2699 1417 2738 1485 ἡ
2786 1414 2861 1485 γῆ
2901 1411 3275 1478 ,βλαστάνειν

1700 1513 1934 1580 πρῶτον
1954 1514 2192 1581 χόρτον,
2232 1510 2359 1567 εἶτα
2391 1512 2647 1581 στάχυν,
2666 1506 2809 1576 ⁵εἷτα
2837 1507 3011 1563 σῖτον
3059 1503 3282 1573 πληροῖ

1696 1604 1768 1660 ἐν
1793 1604 1871 1664 τῶ
1896 1604 2136 1673 στάχυϊ.
2164 1604 2588 1673 Φυσιολογεῖκαὶ
2618 1602 2709 1655 τὸν
2730 1599 2955 1670 οὐρανὸν
2983 1600 3011 1651 6
3039 1596 3232 1666 Σωτήρ
3257 1612 3271 1626 ⁸

1680 1694 1852 1750 ¹Ἐὰην
1879 1697 2139 1766 γένηται,
2172 1697 2366 1766 φησὶν,
2412 1698 2445 1749 ὀ
2482 1694 2737 1762 οὐρανὸς
2777 1692 2958 1760 ὀψίας
3011 1688 3270 1757 πυρρὸς,

1695 1788 1920 1860 λέγετε,
1947 1789 2155 1853 Εὐδία,
2184 1786 2459 1857 πιγάράζει
2494 1787 2601 1857 γὰρ
2627 1789 2658 1840 ό
2700 1782 2987 1851 οὐρανός’
3020 1780 3117 1833 καὶ
3150 1780 3270 1832 ὑπὸ

1697 1884 1805 1939 τὸν
1838 1884 2071 1953 ὄρθρον,
2101 1882 2372 1952 Σήμερον
2400 1877 2639 1949 χειμὼν,
2676 1874 2952 1945 πυρράζει
2983 1877 3093 1943 γὰρ
3119 1888 3270 1925 στυ-

1698 1980 1921 2051 γνάζων
1967 1984 2001 2036 ό
2044 1979 2320 2048 οὐρανός.
2357 1978 2454 2042 Τίς
2490 1971 2583 2031 οῦν
2614 1973 2771 2045 χρεία
2799 1972 3043 2035 τούτων;
3080 1966 3291 2029 Ταῦτα,

1694 2076 1836 2143 λέγω
1869 2074 1956 2128 διὰ
1985 2074 2111 2136 τοὺς
2156 2071 2493 2135 ἀπαιδεύτως
2542 2067 2792 2137 ἐγκαλεῖν
2836 2060 3264 2134 ἐπιχειροῦντας.

1696 2168 1831 2243 Περὶ.
1876 2165 2010 2220 Θεοῦ
2045 2167 2276 2220 κινεῖται
2307 2163 2462 2232 λόγος
2485 2201 2499 2227 ,
2538 2161 2634 2214 καὶ
2673 2158 2893 2228 φεύγεις
2924 2155 3023 2225 τὴν
3061 2153 3266 2225 ἀκριϐῆ

1693 2260 1803 2315 τῶν
1850 2260 2135 2329 δογμάτων
2185 2257 2486 2329 ἀκρόασιν;
2552 2254 2703 2308 Ἐπεὶ
2746 2251 2926 2305 τοίνυν
2984 2248 3266 2321 πρόκειται
3312 2270 3325 2281 ο

1692 2351 1827 2406 Θεοῦ
1882 2352 2065 2424 χάριτι
2112 2351 2192 2414 είς
2248 2348 2347 2419 τὴν
2402 2346 2497 2400 τοῦ
2565 2344 2855 2416 ἀνθρώπου
2904 2342 3267 2414 δημιουργίαν
3312 2358 3313 2361 ‘

1691 2448 1900 2512 εἰπεῖν,
1934 2444 1996 2498 ού
2037 2446 2159 2497 κατ’
2206 2442 2363 2508 ἀξίαν
2406 2439 2501 2493 τοῦ
2552 2438 2895 2509 πράγματος,
2945 2436 3080 2491 ἀλλά
3126 2434 3269 2489 κατὰ

1689 2538 1916 2609 δύναμιν
1944 2537 2039 2609 τὴν
2068 2535 2361 2608 ἡμετέραν,
2407 2530 2718 2601 ἀναγκαίως
2761 2529 2842 2606 είς
2874 2527 2973 2599 τὴν
3010 2526 3267 2581 ὑπόθεσιν

1691 2630 2039 2704 καθήξωμεν.

1762 2732 1826 2804 β’.
1856 2730 2225 2801 Ἐκεκόσμητο
2244 2731 2272 2784 6
2288 2728 2534 2800 οὐρανὸς,
2548 2724 2890 2795 ἐστεφάνωτο
2905 2724 3016 2785 τοῖς
3032 2722 3265 2792 καρποῖς

1687 2827 1720 2895 η
1767 2825 1863 2896 γῆ,
1907 2822 2163 2894 διώριστο
2184 2822 2273 2889 ,τά
2296 2822 2394 2892 τῆς
2426 2820 2700 2889 θαλάσσης
2729 2816 2917 2881 ὕδατα,
2963 2812 3263 2883 ἐϐλάστησε

1690 2916 2062 2987 βλαστήματα,
2088 2913 2325 2985 προῆλθε
2356 2912 2425 2966 τά
2463 2913 2632 2981 ἄλογα
2663 2910 2798 2977 ζῶα,
2839 2907 3197 2978 ἐπεπλήρωτο
3228 2906 3273 2975 η

1690 3008 2002 3080 οἰκουμένη.
2032 3005 2369 3076 ἐκεκόσμητο
2401 3006 2430 3057 ό
2467 3000 2636 3066 οἶκος.
2663 3002 2875 3055 ἔλειπεν
2900 3002 2928 3054 6
2950 2997 3266 3052 οἰκοδεσπό-

1686 3118 1787 3171 της
1808 3101 2027 3155 πάντων
2050 3099 2158 3153 τῶν
2186 3096 2513 3168 γενομένων.
2541 3091 2728 3149 Είπεν
2748 3097 2781 3148 ὁ
2804 3092 2967 3159 Θεὸς,
2998 3088 3264 3155 Ποιήσω-

1679 3210 1797 3264 μεν
1817 3192 2129 3261 ἄνθρωπον
2151 3191 2279 3245 κατ’
2303 3188 2506 3244 είκόνα
2525 3185 2817 3257 ἡμετέραν
2832 3184 2927 3239 καί
2957 3183 3258 3252 ὁμοίωσιν.

1698 3284 1937 3355 Ἐδείχθη
1970 3286 2037 3355 τῇ
2068 3282 2367 3354 προτεραίᾳ
2397 3280 2481 3344 τίς
2520 3283 2553 3351 ἡ
2603 3279 2831 3350 δύναμις
2856 3276 2972 3341 τοῦ,
3002 3272 3264 3339 Ποιήσω·

1678 3397 1813 3449 μεν,
1826 3379 1969 3442 τίνος
1988 3378 2017 3430 6
2030 3376 2208 3445 λόγος,
2233 3375 2478 3446 καὶπρὸς
2493 3374 2613 3427 τίνα
2626 3375 2654 3426 6
2669 3371 2827 3435 λόγος
2840 3390 2853 3403 ο
2869 3369 2952 3434 τίς
2972 3368 3001 3421 6
3022 3365 3263 3436 σύμϐου-

1684 3471 1795 3535 λος,
1825 3472 1922 3523 καὶ
1957 3470 2100 3533 τίνος
2129 3471 2163 3538 ὴ
2212 3469 2367 3539 κοινὴ
2392 3466 2602 3536 σκέψις.
2634 3463 2773 3518 Ἀλλ’
2802 3461 2989 3531 ἐπειδὴ
3021 3458 3128 3512 ἀπὸ
3151 3455 3259 3509 τῶν

1682 3563 1916 3635 Γραφῶν
1933 3563 2359 3635 παρεστήσαμεν
2380 3556 2680 3631 σύμϐουλον
2704 3556 2801 3627 τῆς
2813 3552 3045 3626 ἀρχαίας
3065 3550 3265 3621 βουλῆς

1682 3656 1774 3710 τὸν
1797 3655 1946 3720 Υἰὸν,
1973 3654 2363 3724 ἐσιωπήσαμεν
2403 3651 2461 3706 δέ
2503 3650 2595 3705 τοῦ
2624 3648 2781 3718 ἀγίου
2813 3646 3129 3717 Πνεύματος
3160 3644 3275 3712 τὴν,

1681 3751 1859 3815 δόξαν,
1889 3750 1978 3803 ἴνα
2035 3748 2110 3820 μὴ
2158 3746 2412 3820 ἀφορμὰς
2436 3747 2697 3817 δέχωνται
2735 3745 2865 3814 παρ’
2893 3740 3049 3813 ὴμῶν
3081 3740 3261 3809 ὑγιαι-

1682 3843 1879 3896 νόντων
1910 3842 1959 3896 οί
1980 3840 2284 3906 νοσοῦντες,
2310 3840 2606 3907 ἀναγκαῖον
2630 3837 2851 3895 εἰδέναι.
2871 3836 2955 3889 ὅτι
2988 3833 3087 3904 μία
3113 3831 3259 3897 δόξα,

1684 3936 1784 4006 μία
1809 3935 2037 4006 γνώμη,
2084 3928 2165 3997 εἷς
2205 3933 2360 4001 λόγος
2400 3931 2639 4001 ἐνεργῶν
2666 3929 2760 3983 τοῦ
2796 3927 3009 3997 Πατρδς
3041 3925 3132 3978 καὶ
3163 3923 3269 3978 τοῦ

1683 4028 1816 4083 Υίοῦ
1848 4028 1944 4081 καὶ
1997 4026 2092 4080 τοῦ
2142 4027 2298 4095 ἁγίου
2348 4024 2683 4095 Πνεύματος.
2749 4021 2976 4091 Εἴρηται
3026 4015 3261 4069 ἐνταῦθα

1684 4118 1987 4191 σύμϐουλος
2009 4121 2037 4173 6
2059 4117 2185 4182 Υἱός
2207 4134 2223 4151 ο
2256 4114 2490 4186 ἀλλαχοῦ
2527 4115 2763 4187 εἴρηται,
2803 4111 2885 4164 ὅτι
2926 4110 3024 4178 τὴν
3056 4108 3259 4178 γνῶσιν

1680 4211 1772 4266 τοῦ
1815 4210 1950 4265 Θεοῦ
1991 4209 2166 4271 οὐδεὶς
2210 4206 2369 4273 οἶδεν,
2401 4209 2449 4261 εί
2492 4206 2568 4277 μὴ
2613 4206 2675 4259 τὸ
2715 4203 2938 4273 Πνεῦμα
2982 4201 3041 4254 τὸ
3080 4199 3253 4269 ἅγιον.

1680 4304 1843 4373 Λέγει
1870 4303 2099 4369 Παῦλος,
2115 4303 2196 4357 ὅτι
2220 4300 2427 4366 Οὐδεὶς
2443 4295 2566 4354 οἶδε
2586 4297 2702 4352 τῶν
2723 4294 3046 4363 ἀνθρώπων
3064 4292 3136 4347 τὰ
3151 4290 3257 4346 τοῦ

1679 4393 2017 4465 ἀνθρώπου,
2047 4395 2100 4447 εί
2123 4392 2211 4463 μὴ
2245 4392 2309 4446 τὸ
2342 4392 2590 4461 πνεῦμα
2606 4390 2713 4446 τοῦ
2750 4385 3065 4455 ἀνθρώπου
3091 4384 3157 4438 τὸ
3188 4382 3258 4437 ἐν

1678 4484 1839 4552 αὐτῷ
1857 4504 1871 4518 ο
1898 4486 2053 4540 οὕτω
2076 4483 2176 4539 καί
2202 4483 2274 4538 τὰ
2300 4484 2405 4540 τοῦ
2433 4483 2582 4538 Θεοῦ
2603 4480 2801 4548 οὐδεὶς
2830 4475 3074 4544 οἷδεν,εὶ
3086 4476 3172 4547 μὴ
3189 4475 3260 4531 τὸ

1678 4580 1922 4650 Πνεῦμα
1935 4579 2044 4634 τοῦ
2062 4578 2229 4634 Θεοῦ.
2255 4579 2318 4631 Εί
2336 4578 2398 4631 τὸ
2425 4578 2481 4631 ἐν
2507 4576 2590 4631 σοὶ
2611 4575 2832 4647 πνεῦμα
2850 4574 3129 4647 ἀλλότριον
3157 4573 3258 4645 τῆς

1682 4674 1779 4743 σῆς
1800 4671 2011 4736 οὐσίας,
2054 4671 2146 4725 καὶ
2174 4670 2236 4724 τὸ
2262 4674 2320 4724 ἐν
2340 4669 2417 4741 τῷ
2438 4668 2559 4739 Θεῷ
2594 4667 2821 4739 Πνεῦμα
2846 4666 3126 4741 ἀλλότριον
3156 4666 3271 4737 τῆς.

1678 4765 1772 4819 τοῦ
1797 4763 1931 4819 Θεοῦ
1953 4764 2159 4827 οὐσίας.

1750 4863 2007 4918 Βούλεταί
2052 4881 2104 4915 τι
2160 4863 2384 4932 Πατήρ;
2453 4862 2517 4913 Ἢ
2568 4860 2703 4929 αὑτὴ
2767 4857 2928 4929 βουλὴ
2981 4856 3076 4911 καὶ
3122 4853 3250 4908 Υἱοῦ

1678 4957 1772 5011 καὶ
1805 4956 1959 5025 ἁγίου
1998 4954 2329 5024 Πνεύματος.
2379 4951 2632 5006 Βούλεταί
2681 4968 2733 5004 τι
2784 4950 2948 5015 Υίός;
3008 4949 3072 5002 Ἠ
3115 4946 3254 5019 αὑτὴ

1679 5052 1841 5123 βουλὴ
1893 5049 2103 5120 Πατρὸς
2150 5048 2244 5102 καὶ
2286 5047 2620 5117 Πνεύματος.
2680 5044 2935 5100 Βούλεταί
2990 5060 3044 5097 τι
3100 5040 3252 5115 [482]

1677 5143 1938 5215 Πνεῦμα;
1983 5142 2048 5194 Ἡ
2075 5141 2216 5213 αὑτὴ
2248 5139 2410 5211 βουλὴ
2447 5139 2660 5210 Πατρὸς
2692 5139 2788 5193 καὶ
2821 5136 2971 5191 Υίοῦ.
3016 5135 3252 5207 Ἐγείρει

1675 5239 1705 5291 6
1728 5236 1913 5309 Πατὴρ
1941 5238 2066 5300 τοὺς
2094 5234 2355 5308 νεκρούς;
2398 5233 2632 5305 Ἐγείρει
2679 5233 2775 5287 καὶ
2803 5234 2832 5287 6
2860 5231 3006 5296 Υίός.
3032 5230 3196 5299 Λέγει
3225 5232 3253 5283 6

1677 5329 1866 5400 Σωτήρ
1887 5345 1902 5360 ·
1937 5330 2161 5395 Ὠσπερ
2183 5326 2293 5396 γὰρ
2313 5329 2346 5381 ό
2367 5324 2568 5393 Πατὴρ
2601 5325 2810 5394 ἐγείρει
2832 5322 2974 5388 τοὺς
3001 5320 3253 5389 νεκροὺς

1676 5422 1773 5476 καὶ
1806 5418 2085 5482 ζωοποιεῖ,
2105 5418 2258 5472 οὕτω
2295 5417 2396 5471 καί
2422 5421 2456 5472 ό
2483 5417 2612 5483 Υἱὸς
2638 5416 2745 5482 οὖς
2770 5415 2930 5470 θέλει
2967 5408 3250 5473 ζωοποιεῖ,

1689 5513 1818 5567 Ἰδοὺ
1840 5514 1874 5583 ἡ
1895 5512 2054 5584 βουλὴ
2090 5510 2424 5581 συνηγμένη.
2456 5510 2567 5562 Ποῦ
2592 5505 2685 5563 οῦν
2715 5510 2748 5578 ἡ
2770 5507 2933 5576 βουλὴ
2964 5504 3059 5558 τοῦ
3083 5501 3253 5558 Πνεύ-

1679 5616 1882 5673 ματοςς
1916 5602 2133 5654 Ἄκουε.
2171 5599 2360 5653 Ταῦτα
2379 5597 2448 5651 δὲ
2478 5596 2677 5652 πάντα
2698 5594 2928 5665 ἐνεργεῖ
2961 5594 3024 5647 τὸ
3058 5592 3128 5647 ἐν
3151 5590 3252 5646 καὶ

1682 5695 1747 5747 τὸ
1770 5692 1918 5749 αὐτὸ
1932 5692 2193 5762 Πνεῦμα,
2221 5689 2489 5761 διαιροῦν
2508 5691 2628 5759 ίδίᾳ
2646 5688 2884 5755 ἑκάστῳ
2904 5685 3235 5755 καθὼςβού-
