3720 6276
39 246 153 303 ιτδ

39 360 154 416 vult
183 355 403 426 rlviﬁcat
429 353 625 425 (Joan.
651 352 704 407 5.
740 351 801 406 2i
829 350 869 421 ).
898 349 1038 406 Ecce
1058 348 1362 417 conjuncta
1383 348 1646 405 voluntas.

47 450 155 506 Ubi
177 461 309 518 ergo
338 447 583 501 voluntas
610 442 883 512 Spiritus?
911 440 1066 496 Audi.
1099 439 1226 493 Ila-c
1268 449 1437 494 autem
1481 440 1649 493 omnia

43 548 296 607 operatur
350 552 478 589 unus
507 544 654 604 atque
701 532 831 585 idem
882 531 1128 599 Spiritus,
1168 531 1394 583 dividens
1439 529 1650 600 singulis

48 639 206 699 prout
235 629 341 682 uult
371 628 464 697 (1.
514 625 631 680 Cor.
668 624 754 679 12.
782 625 835 677 11
864 623 903 692 ).
936 622 1110 679 Unum
1140 637 1363 693 regnum
1395 622 1567 677 Patris
1596 632 1650 677 et

50 720 179 774 Filii
205 728 263 775 et
286 717 514 788 Spiritus
540 715 733 770 sancti.
758 712 1010 784 Coarguit
1034 722 1212 773 autem
1241 714 1383 768 Deus
1419 728 1533 778 eos,
1560 712 1652 783 qui

51 790 178 865 sine
202 802 476 864 voluntate
518 806 609 861 Dei
653 804 853 875 aliquid
899 820 1056 874 agere
1108 814 1389 860 conantur.
1442 804 1530 858 Ait
1560 818 1653 873 per

56 898 380 971 prophetam
416 916 430 950 :
471 897 559 951 γω
587 897 682 965 lilii
727 895 1020 961 desertores,
1058 896 1177 947 dicit
1227 894 1495 948 Dominus.
1548 892 1652 947 Fe-

54 992 202 1046 cistis
229 991 518 1054 consilium,
551 1005 653 1041 non
678 1003 767 1059 per
797 1002 894 1053 me,
928 997 972 1040 et
998 987 1207 1057 fwdera,
1231 1004 1330 1040 non
1358 1004 1446 1056 per
1478 986 1651 1056 Spiri-

57 1099 174 1137 tum
220 1099 389 1138 meum
439 1080 601 1152 (Isai.
636 1080 725 1135 50.
775 1080 864 1151 1).
894 1079 1049 1135 Clare
1073 1073 1311 1135 sanctam
1335 1081 1653 1136 Trinitatem

54 1183 494 1229 commonstrans
514 1171 723 1227 dicebat
748 1170 1034 1225 Zacharias
1058 1170 1315 1240 pr0pheta
1334 1171 1443 1241 (a):
1476 1192 1494 1223 ι
1512 1171 1655 1226 Con-

57 1263 337 1318 fortentur
357 1278 543 1315 manus
565 1260 877 1326 Zorobabel,
906 1260 1035 1316 dicit
1062 1260 1336 1321 Dominus,
1368 1269 1420 1314 et
1442 1261 1653 1315 COnfor-

59 1365 252 1411 tentur
293 1370 482 1409 manus
520 1353 748 1408 .losedec
781 1352 1091 1418 sacerdotis,
1129 1360 1183 1407 et
1214 1368 1401 1407 manus
1444 1354 1649 1422 populi,

54 1451 187 1523 quia
224 1463 327 1517 ego
363 1444 635 1500 vobiscum
681 1460 818 1509 sum,
863 1443 989 1498 dicit
1037 1444 1312 1509 Dominus,
1342 1453 1394 1498 et
1420 1444 1653 1499 Verbum

57 1556 247 1595 meum
290 1539 520 1601 bonum;
549 1537 844 1607 etSpiritus
874 1551 1023 1590 meus
1068 1535 1119 1589 in
1153 1535 1328 1590 medio
1362 1544 1595 1590 vestrum
1628 1554 1647 1588 ι

56 1634 239 1705 (Agg.
280 1632 333 1685 2.
364 1632 415 1687 5.
450 1630 539 1702 6).
570 1631 833 1685 Prteterea
876 1644 1023 1696 vero,
1067 1628 1282 1694 fratres,
1323 1630 1654 1700 regeneratio

57 1732 252 1777 nostra
280 1722 565 1777 creationis
593 1719 947 1775 testimonium
979 1729 1080 1774 est.
1105 1719 1215 1775 Nisi
1255 1719 1482 1790 Spiritus
1512 1721 1654 1775 Patri

54 1826 115 1869 et
163 1814 305 1869 Filio
332 1828 553 1868 consors
577 1811 762 1867 fuisset
792 1813 841 1865 in
872 1811 1165 1876 creatione,
1207 1826 1381 1880 neque
1411 1811 1568 1865 fuerit
1599 1812 1650 1865 in

58 1905 492 1977 regeneratione.
523 1904 800 1970 Quomodo
829 1902 1197 1973 liaptizamur?
1226 1902 1292 1956 In
1326 1906 1525 1957 nomine
1551 1902 1657 1958 Pa-

55 1998 154 2049 tris
195 2006 243 2049 et
275 1994 401 2048 Filii
425 2005 471 2048 et
512 1995 737 2064 Spiritus
782 1996 939 2048 sancti
989 1993 1217 2067 (Matth.
1246 1994 1335 2050 28.
1370 1996 1493 2066 I9).
1527 1996 1657 2063 Qua:

58 2087 241 2157 major
267 2086 565 2158 generatio,
593 2100 660 2139 an
705 2086 1011 2153 creationis,
1059 2102 1124 2139 an
1173 2087 1517 2143 initiationis?
1546 2090 1657 2144 Illic

56 2179 387 2248 principium
414 2178 535 2231 vitae
562 2177 612 2232 in
643 2186 891 2243 mortem,
924 2178 1009 2231 hic
1041 2179 1355 2249 principium
1389 2182 1574 2235 mortis
1600 2182 1656 2236 in

54 2272 251 2325 vitam.
285 2270 383 2338 Qui
414 2284 540 2340 ergo
571 2269 683 2324 fieri
710 2278 905 2340 potest,
935 2283 992 2325 ut
1014 2273 1242 2341 Spiritus
1267 2251 1483 2329 sanctus
1511 2275 1560 2329 in
1590 2290 1656 2331 eo

56 2363 210 2433 quod
244 2363 419 2432 majus
444 2370 528 2418 est
554 2378 775 2417 consors
802 2364 869 2417 sit
894 2364 1065 2419 Patris
1110 2375 1163 2420 et
1193 2366 1343 2432 Filii;
1378 2368 1429 2421 in
1459 2383 1655 2438 corpo-

56 2457 161 2509 rali
184 2462 368 2510 autem
386 2456 656 2509 creatione
673 2472 701 2508 a
722 2457 988 2511 communi
1010 2457 1267 2528 dignitate
1290 2462 1656 2516 removeatur?

58 2549 370 2617 Numquam
414 2547 614 2603 conditi
665 2549 969 2614 fuissemus,
1007 2550 1108 2603 nisi
1154 2564 1183 2602 a
1225 2550 1427 2620 Spiritu
1471 2560 1656 2608 sancto

56 2639 284 2693 formati
314 2653 574 2695 essemus.
601 2639 667 2693 Et
696 2640 817 2709 quia
849 2640 902 2693 in
955 2641 1125 2711 prima
1164 2642 1435 2698 creatione
1477 2643 1657 2699 socius

54 2740 147 2785 est
175 2729 349 2784 Patris
394 2740 449 2786 et
494 2730 634 2795 Filii,
672 2732 916 2786 similiter
960 2740 1015 2786 et
1051 2732 1103 2786 in
1141 2733 1458 2804 baptismate
1480 2735 1657 2790 socius

54 2829 146 2874 est
170 2830 223 2875 et
244 2820 478 2890 adjuter.
506 2821 707 2876 Ilursus
728 2822 783 2876 in
811 2821 1202 2878 resurrectione
1242 2822 1354 2879 fieri
1377 2824 1563 2894 nequit
1600 2832 1659 2881 ut

57 2927 168 2966 nos
195 2913 304 2967 alio
336 2912 497 2968 modo
523 2928 885 2984 resurgamus,
908 2929 1067 2984 quam
1096 2915 1255 2971 Patre
1272 2916 1501 2983 volente,
1522 2916 1658 2973 Filio

54 3013 431 3071 cooperante,
477 3012 532 3058 et
580 3003 778 3072 Spiritu
825 3014 1010 3058 sancto
1047 3005 1291 3060 virtutem
1345 3016 1653 3076 prrestante.

56 3095 207 3149 Audi
263 3095 544 3149 Dominum
608 3096 910 3161 dicentem;
966 3104 1110 3152 recte
1166 3097 1275 3152 dixi
1331 3098 1657 3154 Dominum:

55 3187 281 3243 etiamsi
316 3189 459 3243 enim
490 3189 637 3244 Pauli
682 3205 779 3242 vox
812 3190 901 3256 sit,
934 3189 1140 3244 Domini
1173 3198 1351 3246 tamen
1380 3200 1462 3246 est
1493 3210 1506 3246 :
1533 3192 1658 3248 licet

55 3280 214 3333 enim
244 3295 309 3333 ex
342 3280 454 3349 ipso
481 3280 665 3335 audire
690 3297 703 3333 :
744 3281 821 3333 An
844 3281 1237 3350 experimentum
1261 3284 1486 3353 quwritis
1523 3286 1653 3356 ejus,

54 3371 150 3439 qui
176 3370 228 3423 in
254 3388 332 3423 me
362 3371 596 3438 loquitur,
621 3370 808 3427 Christi
835 3370 927 3444 (2.
953 3370 1070 3425 Cor.
1113 3374 1200 3429 15.
1227 3373 1325 3445 '5)?
1368 3375 1456 3429 Ait
1499 3375 1658 3446 igitur

57 3462 114 3514 in
166 3459 333 3513 Paulo
380 3462 601 3531 Inqttens
635 3480 647 3515 :
688 3479 707 3512 ι
737 3460 843 3515 Vos
874 3471 1051 3516 autem
1086 3478 1190 3518 non
1224 3464 1353 3519 estis
1380 3466 1432 3519 in
1463 3480 1656 3533 carne,

56 3550 159 3604 sed
188 3550 238 3603 in
258 3551 446 3619 spiritu
475 3571 488 3606 :
512 3552 554 3605 si
577 3551 788 3626 quidem
812 3552 1039 3622 Spiritus
1061 3555 1154 3609 Dei
1182 3554 1385 3611 habitat
1407 3559 1458 3611 in
1474 3548 1655 3613 vobis.

55 3645 118 3697 Si
146 3644 273 3713 quis
295 3652 469 3698 autem
498 3645 753 3715 Spiritum
783 3646 871 3698 Dei
904 3661 1007 3701 non
1045 3645 1257 3712 habeat,
1302 3648 1387 3703 hic
1424 3664 1529 3705 non
1577 3659 1659 3705 est

54 3738 207 3807 ejus.
252 3736 310 3792 Si
349 3744 527 3793 autem
563 3737 810 3793 Christus
831 3739 883 3793 in
914 3740 1063 3794 vobis
1091 3748 1192 3807 est,
1225 3755 1417 3811 corpus
1443 3743 1656 3813 quidem

55 3840 340 3887 mortuum
369 3840 452 3886 est
493 3843 715 3902 propter
766 3842 1037 3901 peccatum
1067 3873 1083 3899 ,
1133 3834 1353 3902 spiritus
1391 3851 1517 3890 vero
1551 3837 1655 3892 vita

57 3932 291 3993 propter
309 3924 592 3993 justitiam.
615 3924 765 3992 Quod
792 3925 836 3977 si
868 3923 1097 3994 Spiritus
1122 3927 1237 3996 ejus
1263 3930 1353 3997 qui
1384 3932 1657 3986 suscitavit

53 4000 337 4068 Christum
371 4014 575 4069 habitat
604 4016 654 4069 in
689 4016 860 4081 vobis,
892 4017 979 4083 qui
1010 4018 1289 4073 suscitavit
1326 4018 1594 4076 Christum
1625 4039 1657 4077 a

54 4107 296 4161 mortuis
316 4107 597 4162 vivitieabit
622 4117 676 4162 et
695 4109 937 4162 mortalia
965 4123 1186 4178 corpora
1212 4119 1409 4177 vestra,
1440 4123 1657 4182 propter

52 4196 451 4252 inhabitantem
481 4199 737 4267 Sp'ritum
763 4198 877 4266 ejus
899 4199 950 4253 in
975 4200 1121 4253 vobis
1146 4220 1164 4253 ›
1191 4199 1366 4269 (Rom.
1395 4202 1447 4256 8.
1477 4202 1652 4276 9-11).

50 4290 231 4345 Extra
280 4288 492 4343 Patrem
546 4298 600 4344 et
646 4289 842 4344 Filium
893 4299 947 4344 et
997 4289 1253 4362 Spiritum
1286 4303 1529 4347 sanctum
1558 4309 1655 4349 nee

51 4383 237 4451 prima
270 4380 471 4435 creatio
496 4390 597 4448 est,
646 4396 743 4436 nec
796 4382 1028 4436 secunda
1080 4385 1371 4452 generatio,
1422 4400 1519 4440 nec
1562 4401 1657 4455 po-

48 4482 266 4527 strema
290 4473 631 4527 resurrectio.
682 4471 956 4527 Faciamus
991 4474 1261 4529 hominem.

124 4566 190 4622 5.
220 4565 320 4620 llic
362 4566 475 4636 jam
525 4580 619 4621 eos
654 4568 743 4637 qui
787 4566 1185 4636 reprehendunt
1214 4572 1649 4638 prmmonuimus.

47 4658 310 4720 "ominis
343 4658 631 4733 appellatio
693 4658 950 4714 IIebraiea
1018 4661 1194 4729 lingua
1239 4660 1413 4731 ignem
1453 4662 1653 4733 signifi-

46 4760 144 4807 cat
298 4749 396 4804 Hic
416 4750 651 4804 animum
669 4749 883 4814 adhibe,
906 4766 1086 4820 quaeso
1108 4769 1119 4803 :
1140 4754 1228 4821 qui
1256 4753 1463 4807 sincere
1482 4754 1649 4821 audit,

45 4849 249 4914 utpote
269 4842 511 4901 veritatis
539 4841 1096 4906 amicusetalumnus,
1120 4842 1348 4898 salutem
1373 4847 1652 4915 consequi-

46 4947 142 4989 tur
174 4951 191 4988 :
217 4933 311 5004 qui
339 4948 467 4989 vero
498 4932 693 5003 iniquis
719 4941 801 4987 est
826 4932 1064 4997 auribus,
1094 4949 1199 4988 non
1230 4935 1422 5004 quaerit
1452 4936 1505 4989 in
1545 4952 1651 5006 quo

44 5028 347 5083 utilitatem
372 5026 621 5095 accipiat,
647 5024 741 5081 sed
770 5026 821 5080 in
851 5041 957 5097 quo
992 5027 1322 5085 criminetur.
1358 5026 1527 5083 Ilomo
1548 5028 1652 5083 He-

44 5120 240 5172 liniica
257 5115 484 5172 dialecto
503 5116 639 5186 ignis
658 5116 868 5172 dicitur.
891 5117 1000 5173 IIoc
1021 5133 1216 5173 nomen
1236 5133 1338 5174 non
1357 5120 1472 5175 sine
1492 5136 1650 5176 causa

42 5211 290 5267 inditum
316 5218 401 5265 est
424 5209 631 5263 Adamo
677 5228 691 5263 :
725 5210 817 5264 sed
853 5219 1080 5280 quatuor
1120 5221 1245 5265 sunt
1285 5211 1546 5268 elementa
1596 5214 1648 5268 in

39 5298 261 5357 mundo
289 5298 541 5371 (rursum
568 5300 636 5354 de
663 5299 821 5354 rebus
846 5315 944 5370 ago
975 5302 1327 5367 naturalibus,
1360 5304 1522 5362 velint
1555 5320 1650 5361 no-

106 5433 195 5497 ta)
226 5438 378 5497 [aecus
398 5433 578 5497 citatus
600 5438 677 5482 est
696 5408 863 5497 Ἀδδεί
885 5469 899 5491 ,
926 5439 981 5482 ιιι
1020 5431 1164 5497 Biblia
1204 5434 1402 5485 adeunti
1442 5437 1647 5497 patebit.

109 5492 196 5557 (b)
231 5494 336 5559 Yiri
375 5492 637 5559 appellatio
674 5492 904 5543 IIebraiea
944 5495 1131 5559 accedit
1169 5497 1225 5559 ad
1266 5498 1391 5559 ignis
1428 5492 1644 5547 nomen:

35 5554 185 5611 ’ρκ’
206 5554 283 5605 rir
320 5554 557 5605 Hebraice
595 5557 899 5615 dieiturftvn
939 5556 1075 5618 ignis.
1105 5558 1193 5605 Sed
1218 5560 1255 5605 si
1282 5554 1436 5619 ipsum
1470 5574 1647 5608 nomen

38 5634 176 5684 31>:
204 5624 352 5677 Μανῆ
367 5624 469 5675 vult
490 5626 551 5676 ad
570 5627 698 5687 ignis
720 5639 897 5677 nonien
921 5630 1177 5687 accedere,
1192 5628 1336 5691 longe
1357 5638 1487 5679 errat
1503 5638 1647 5681 Seve-

38 5712 235 5755 τιωιιιδ.

1106 234 1193 289 DE
1230 229 1443 289 MUNDI
1480 227 1870 297 CREATIONE
1910 230 2161 286 ORATIO
2204 232 2265 286 ν.

3232 231 3338 289 4Ἷό

1756 347 1891 408 Ιίηι)
1928 356 2312 418 :terra,aqua,
2356 362 2464 412 aer,
2517 347 2672 418 ignis.
2732 348 2936 404 Cmtera
2979 348 3243 403 elementa
3283 358 3342 403 ut

1756 446 2106 493 suntmancnt
2128 454 2143 504 ;
2168 438 2393 507 exempli
2416 453 2595 504 causa,
2613 438 2656 492 si
2686 446 2838 492 terra:
2864 438 3076 509 glebam
3095 452 3341 508 sumpse-

1758 530 1851 595 ris,
1880 544 1983 584 non
2012 539 2166 605 potes
2190 545 2254 583 ex
2278 544 2338 584 ea
2378 544 2535 599 quam
2580 540 2727 584 tenes
2767 532 2977 599 glebam
3021 545 3291 600 apponere
3327 548 3340 582 :

1757 637 1885 692 ergo
1914 621 1959 676 si
1988 621 2195 692 glebam
2222 621 2533 690 sumpseris,
2560 620 2611 675 id
2640 627 2822 695 manet
2844 622 2983 691 quod
3011 631 3110 676 est.
3135 623 3344 690 Aquam

1758 727 1969 766 rursum
1995 711 2042 766 si
2067 726 2312 766 mensura
2340 711 2564 781 quadam
2596 713 2920 779 sumpseris,
2949 722 3127 766 manet
3155 713 3344 767 eadem

1759 818 1916 873 aqua,
1950 812 2293 871 augmentum
2322 818 2426 855 non
2451 802 2665 868 accipit.
2702 806 2839 857 Aere
2869 804 2913 857 si
2962 813 3131 858 utrem
3169 804 3343 879 reple.-

1758 880 1921 958 vrris,
1969 896 2129 947 alium
2174 903 2344 948 utrem
2377 895 2560 947 exilio
2602 894 2826 962 implere
2860 909 2967 949 non
3001 903 3170 963 potes.
3209 895 3347 965 Ignis

1758 1002 1885 1042 vero
1914 1001 2018 1040 non
2045 996 2226 1040 manet
2256 986 2427 1053 qualis
2454 996 2555 1040 est.
2587 987 2754 1039 Parva
2776 986 3086 1042 accenditur
3106 989 3345 1050 lucerna,

1758 1080 2172 1149 innumerasque
2190 1095 2257 1133 ex
2289 1080 2374 1132 illa
2402 1078 2544 1134 faces
2568 1080 2836 1143 accendis,
2884 1080 3142 1151 integram
3174 1082 3350 1134 forna-

1759 1186 1896 1236 cem,
1932 1169 2202 1224 Ilammam
2252 1171 2541 1240 ingentem,
2596 1186 2697 1226 nec
2747 1178 2930 1226 manet
2979 1172 3116 1240 ignis
3160 1172 3347 1226 eadem

1760 1262 1948 1328 forma,
1979 1262 2075 1317 sed
2102 1263 2487 1332 quantumlibet
2512 1264 2788 1317 materiam
2817 1264 3164 1333 corripuerit,
3193 1280 3349 1319 exsu-

1760 1356 2035 1425 perantius
2055 1367 2298 1427 augetur.
2328 1356 2459 1411 Cum
2495 1357 2768 1425 praesciret
2805 1372 2932 1428 ergo
2962 1357 3120 1421 Deus,
3153 1374 3215 1412 cx
3245 1375 3350 1412 uno

1760 1462 1987 1516 corpore
2010 1450 2242 1502 humano
2272 1448 2553 1517 replendos
2602 1465 2723 1505 esse
2770 1450 2915 1505 orbis
2948 1452 3205 1506 terminos
3233 1452 3349 1520 (Iu—

1761 1553 1920 1592 cerna
1952 1538 2148 1609 quippe
2180 1555 2282 1593 una
2312 1550 2387 1593 tot
2427 1540 2672 1595 accendit
2694 1540 2855 1604 faces,
2886 1554 3108 1613 eratque
3135 1544 3347 1608 oriens,

1706 1698 1709 1701 Α
1760 1629 2032 1697 occidens,
2077 1632 2373 1699 septentrio
2402 1640 2455 1685 et
2482 1631 3026 1700 meridies),nomcn
3054 1634 3350 1689 indiditrei

1761 1732 2199 1785 consentaneum.
2234 1723 2438 1779 Idcirco
2468 1725 2639 1793 ipsum
2678 1724 2869 1779 Adami
2914 1740 3108 1781 nomen
3164 1729 3351 1796 pignus

1762 1821 1877 1867 erat
1903 1813 2048 1867 orbis
2082 1823 2363 1869 terrarum.
2399 1814 2531 1881 Quia
2569 1814 2713 1868 enim
2741 1814 2975 1869 futurum
2999 1829 3114 1869 erat
3142 1826 3199 1869 ut
3222 1832 3353 1885 qua-

1764 1915 1883 1959 tuor
1919 1905 2131 1961 climata
2158 1922 2224 1960 ex
2259 1906 2374 1975 ipso
2405 1906 2773 1975 implerentur,
2808 1907 3034 1976 imponit
3061 1908 3109 1963 ei
3153 1923 3348 1962 nomen

1763 1997 1932 2052 Adam
1960 2014 1974 2050 ε
2006 2004 2134 2069 ἄλφα
2158 2000 2364 2059 ἀνατολὴ
2386 2039 2400 2063 ,
2429 1999 2649 2065 ονὶθιιεη
2682 2004 2821 2053 δέλτα
2855 2004 2980 2059 δύσις
3005 2040 3019 2065 ,
3070 2001 3345 2065 occidens,

1760 2098 1887 2163 ἄλφα
1909 2098 2096 2163 ἄρκτος,
2119 2093 2430 2162 septentrio,
2457 2104 2519 2157 μῦ
2544 2103 2827 2163 μεσημϐρία,
2851 2094 3121 2149 meridies.
3156 2095 3220 2148 El
3248 2110 3348 2147 uo-

1764 2199 1885 2237 men
1920 2184 2156 2239 etIitera:
2182 2184 2549 2250 testificantur,
2580 2184 2847 2240 hominem
2872 2186 3198 2255 repleturum
3230 2202 3351 2241 esse

1762 2275 1946 2331 orbein
1978 2287 2260 2331 terrarum.
2290 2277 2522 2332 Vocatur
2546 2293 2672 2349 ergo
2695 2278 2953 2334 IIebraiea
2986 2280 3161 2349 lingua
3195 2280 3349 2348 ignis.

1763 2369 1894 2435 Quia
1943 2370 2101 2440 igitur
2142 2370 2275 2439 ignis
2313 2370 2721 2439 appellationem
2763 2370 2943 2436 habet,
2994 2385 3100 2424 non
3151 2370 3357 2425 dubitat

1763 2463 2036 2533 Scriptura
2066 2463 2225 2517 etiam
2246 2463 2462 2533 angelos
2479 2461 2725 2518 homines
2741 2478 2951 2518 vocare.
2972 2462 3195 2530 Quando
3211 2462 3352 2517 enim

1763 2564 2024 2612 venerunt
2048 2554 2210 2609 Maria
2252 2563 2311 2625 et,
2334 2555 2494 2610 socia:
2519 2554 2772 2609 mulieres
2802 2553 2869 2609 ad
2902 2566 3303 2608 monumentum
3337 2594 3352 2619 ,

1763 2649 1891 2704 dicit
1922 2668 1933 2700 :
1959 2648 2091 2703 Ecce
2132 2648 2432 2702 adstiterant
2469 2646 2571 2702 illis
2621 2648 2722 2701 duo
2768 2649 2862 2702 viri
2905 2646 3062 2717 (Luc.
3117 2647 3207 2700 21.
3254 2646 3352 2717 4).

1763 2743 1931 2797 Erant
1955 2753 2135 2797 autem
2178 2741 2372 2811 angeli.
2416 2741 2520 2810 Ipsi
2564 2756 2694 2796 vero
2727 2740 2900 2811 angeli
2948 2754 3159 2809 quoque
3219 2740 3356 2808 ignis

1763 2842 2020 2890 vocantur
2047 2852 2060 2888 :
2092 2849 2236 2901 nam,
2265 2834 2364 2901 Qui
2389 2834 2511 2905 facit
2550 2834 2755 2904 angelos
2782 2850 2898 2888 suos
2927 2834 3153 2903 spiritus,
3181 2843 3226 2886 et
3267 2834 3359 2886 mi-

1762 2930 1946 2983 nistros
1974 2944 2092 2983 suos
2116 2928 2283 2998 ignem
2310 2936 2534 2982 urentem
2557 2921 2725 2992 (Psal.
2757 2928 2878 2984 I05.
2906 2929 2989 2997 4).
3014 2926 3174 2982 Viros
3201 2936 3359 2982 vocat

1764 3020 1903 3085 illos,
1934 3022 2058 3090 quia
2084 3034 2421 3075 communem
2450 3018 2781 3074 habentcum
2810 3018 3025 3073 homine
3056 3018 3351 3075 notionem.

1765 3113 1967 3184 Ecquid
2015 3112 2247 3167 mirum?
2276 3113 2395 3182 Ipse
2442 3111 2583 3167 Deus
2615 3121 2833 3167 vocatur
2860 3112 3014 3181 ignis,
3043 3120 3263 3165 vocatur
3293 3122 3349 3165 et

1764 3206 1944 3260 homo.
1976 3207 2065 3260 Ait
2092 3205 2344 3260 Servator
2369 3204 2436 3258 de
2461 3204 2621 3259 Patre
2648 3218 2746 3257 suo
2773 3225 2785 3257 :
2815 3202 2984 3257 Homo
3019 3203 3223 3272 quidam
3245 3212 3351 3256 erat

1765 3296 2149 3369 paterfamilias,
2170 3297 2254 3367 qui
2279 3295 2521 3365 plantavit
2543 3294 2757 3348 vineam.
2783 3292 2847 3347 Et
2870 3294 3003 3347 misit
3029 3309 3194 3348 servos
3211 3308 3351 3358 suos,

1765 3400 1809 3444 tt
1839 3389 1991 3444 occisi
2015 3398 2129 3442 sunt
2154 3388 2281 3442 serui
2306 3385 2524 3459 (Matth.
2550 3386 2643 3440 21.
2664 3386 2754 3440 55.
2786 3402 2892 3455 sqq.
2921 3387 2960 3455 ).
2993 3384 3164 3453 thue
3191 3399 3344 3438 com-

1766 3481 1958 3551 pendio
1984 3480 2155 3537 dicam
2182 3497 2196 3533 :
2228 3478 2294 3534 Et
2324 3479 2450 3534 dixit
2473 3478 2622 3532 homo
2650 3477 2758 3544 ille,
2794 3476 2974 3530 Adhuc
3000 3492 3158 3529 unum
3188 3475 3354 3543 [ilium

1763 3574 2171 3641 habeo;mittam
2197 3572 2364 3637 illum,
2402 3571 2447 3625 si
2491 3575 2621 3641 forte
2665 3577 3004 3625 reuereantur.
3056 3568 3195 3634 Quid
3246 3567 3348 3621 sibi

1764 3668 1873 3721 vult
1926 3682 2120 3721 nomen
2179 3667 2338 3722 homo
2391 3680 2488 3735 pro
2540 3664 2758 3720 nomine
2796 3663 3019 3718 divino?
3060 3662 3178 3717 Non
3208 3663 3354 3716 enim

1764 3758 1898 3812 dixit
1927 3755 2230 3826 parabolam
2270 3775 2283 3810 :
2331 3771 2436 3810 non
2465 3754 2617 3820 dixit,
2664 3753 2844 3810 Simile
2889 3764 3003 3819 est;
3033 3752 3149 3819 sed,
3183 3751 3353 3807 Homo

1762 3848 1965 3918 quidam
1987 3858 2113 3902 crat.
2144 3846 2348 3902 Idcirco
2374 3846 2584 3917 Moyses
2609 3863 2622 3899 :
2654 3844 2796 3899 Deus
2820 3854 2987 3911 noster
3014 3844 3144 3914 ignis
3170 3859 3355 3897 consu-

1763 3959 1902 3996 mens
1928 3941 1946 4014 (
1970 3941 2117 3995 Deut.
2147 3941 2203 3995 4.
2234 3939 2362 4011 24).
2386 3938 2630 3995 Salvator
2645 3952 2857 4007 quoque
2880 3945 3155 4007 postquam
3187 3951 3352 3989 vene-

1764 4043 1845 4087 rat
1872 4032 2001 4087 dicit
2034 4050 2046 4084 :
2074 4030 2256 4102 Ignem
2276 4030 2386 4084 veni
2404 4030 2596 4083 mittere
2624 4029 2676 4081 in
2704 4038 2886 4081 terram
2905 4028 2923 4097 (
2945 4025 3073 4079 Luc.
3108 4025 3195 4079 12.
3219 4025 3289 4080 49
3310 4030 3350 4094 ).

1763 4123 1992 4178 Adhibet
2017 4122 2193 4192 itaque
2217 4136 2408 4175 nomen
2437 4121 2513 4175 rei
2540 4127 2977 4174 consentaneum.
3003 4117 3350 4186 Quandoqui-

1761 4214 1883 4269 dem
1941 4213 2098 4284 ignis,
2144 4221 2202 4267 ut
2219 4212 2329 4283 jam
2359 4211 2491 4278 dixi,
2519 4226 2581 4266 ex
2625 4225 2791 4281 parvo
2816 4223 3039 4279 magnus
3069 4207 3269 4275 evadit,
3301 4220 3355 4262 et

1762 4305 1973 4361 homoa
2019 4319 2189 4376 parvo
2230 4304 2414 4359 orbem
2449 4312 2711 4357 terrarum
2738 4300 2997 4372 implevit,
3023 4310 3242 4354 vocatus
3272 4313 3356 4354 est

1762 4397 1923 4452 homo
1969 4397 2135 4468 ignis,
2164 4412 2259 4466 per
2287 4396 2438 4461 illud,
2469 4395 2743 4450 Faciamus
2770 4395 3061 4449 hominem:
3089 4411 3211 4449 nam
3242 4394 3351 4450 lle-

1761 4491 1940 4547 braice
1962 4500 2045 4547 est
2072 4508 2084 4544 :
2119 4489 2395 4559 Faciamus
2424 4493 2606 4562 ignem.

1830 4586 2018 4641 Contra
2034 4585 2575 4656 Anthropomorphitas
2594 4601 2611 4639 :
2628 4585 2765 4640 Deus
2782 4603 2881 4640 non
2900 4585 3343 4639 circumscribitur.

1759 4712 1829 4721 —
1855 4679 2129 4734 Faciamus
2174 4680 2428 4734 hominem
2472 4681 2541 4733 ad
2586 4680 2858 4751 imaginem
2906 4689 3153 4733 nostram.
3198 4678 3349 4732 Multi

1760 4773 2043 4827 Stultorum
2065 4780 2118 4825 et
2140 4771 2505 4839 imperitorum
2527 4779 2798 4840 putarunt,
2824 4769 3095 4825 hominem
3122 4769 3189 4825 ad
3216 4770 3350 4824 ima.

1758 4865 1938 4935 ginem
1961 4864 2055 4918 Dei
2086 4874 2226 4927 esse,
2257 4861 2396 4932 quod
2430 4862 2571 4916 Deus
2598 4876 2756 4916 nares
2784 4859 2999 4925 habeat,
3022 4873 3111 4915 aut
3139 4861 3346 4925 oculos,

1759 4956 1845 5011 vel
1872 4968 2048 5017 aures,
2079 4953 2161 5007 vel
2190 4968 2273 5019 os,
2300 4962 2357 5007 ut
2381 4968 2479 5007 nos
2508 4953 2769 5008 habemus
2798 4968 2812 5006 :
2840 4961 2896 5007 at
2926 4952 3055 5007 falsa
3086 4952 3347 5007 absurda-

1758 5063 1862 5118 que
1882 5056 1963 5100 est
1991 5047 2109 5102 hazc
2134 5045 2336 5116 opinio.
2358 5046 2557 5116 Estque
2584 5045 2843 5102 hactenus
2875 5044 3095 5102 haeresis
3120 5061 3239 5116 qua:
3269 5044 3350 5100 di-

1757 5142 1830 5195 cit
1866 5140 2073 5195 Numen
2112 5139 2348 5195 divinum
2398 5140 2629 5201 hominis
2672 5138 2899 5196 formam
2948 5139 3168 5195 habere.
3212 5140 3345 5208 Quia

1757 5233 1901 5286 enim
1919 5230 2220 5297 audierunt,
2248 5230 2398 5285 Oculi
2420 5229 2645 5295 Domini,
2670 5248 2816 5286 aures
2842 5230 3042 5285 Domini
3061 5229 3234 5300 (Psal.
3254 5232 3342 5286 55.

1758 5323 1871 5394 16),
1912 5331 1986 5386 et,
2032 5322 2288 5377 Oderatus
2325 5335 2395 5376 est
2434 5320 2682 5377 Dominus
2723 5322 2871 5389 (Gen.
2909 5323 2964 5379 8.
3001 5324 3117 5393 21),
3148 5333 3223 5388 et,
3274 5320 3344 5376 0s

1760 5417 1967 5472 Domini
1994 5418 2253 5487 loquutum
2279 5427 2350 5471 est
2377 5418 2528 5485 (lsai.
2563 5418 2612 5470 1.
2646 5416 2761 5486 20),
2789 5426 2861 5481 et,
2887 5416 3076 5470 Manus
3105 5415 3198 5469 Dei
3224 5417 3343 5483 fecit

1758 5510 1902 5579 (Job.
1949 5511 2036 5566 12.
2067 5512 2140 5581 9),
2187 5522 2259 5575 et,
2294 5509 2457 5563 Pedes
2490 5509 2583 5563 Dei
2624 5520 2862 5564 steterunt
2896 5510 3063 5580 (Psnl.
3114 5510 3229 5563 13L
3262 5509 3339 5569 7),

1758 5605 2133 5672 incorporeum
2175 5620 2294 5657 cum
2344 5603 2599 5657 membris
2641 5602 3015 5670 depinxerunt,
3063 5604 3341 5659 sententiae

1761 5694 2138 5751 absurditalem
2177 5711 2279 5749 non
2317 5696 2689 5764 perripientes.
2724 5693 2859 5748 Dicit
2894 5693 3052 5761 Deus,
3085 5703 3138 5748 ut
3167 5692 3367 5749 discas.
