3704 6274
348 214 453 267 475

346 324 546 378 ncillam
590 323 820 380 hominis
862 340 983 380 cum
1015 325 1123 378 Deo
1162 338 1283 379 esse
1308 323 1732 391 similitudinem,
1760 339 1929 394 quan-

346 425 458 471 tum
490 415 693 470 scilicet
724 415 790 470 ad
817 416 1150 485 corporalem
1190 416 1445 487 speciem.
1473 416 1587 472 Non
1618 418 1761 472 enim
1789 416 1929 472 hanc

345 525 530 563 vocem
558 509 709 575 tollo,
745 508 1020 569 Faciamus
1048 509 1300 565 hominem
1327 512 1395 571 ad
1414 510 1703 581 imaginem.
1735 509 1929 565 Verum

346 601 768 656 demonstratum
791 610 896 668 est,
920 601 1189 671 quomodo
1212 602 1280 657 ad
1300 602 1572 674 imaginem
1597 602 1740 657 dicat
1769 602 1927 657 Deus.

346 693 539 751 Cazlum
566 703 611 748 et
638 704 823 748 terram
864 712 955 763 ego
993 695 1199 764 impleo,
1234 696 1355 748 dicit
1395 694 1646 749 Dominus-
1678 694 1808 764 (Jer.
1836 694 1927 750 23.

343 787 460 860 24).
504 786 711 843 Rursus
741 788 880 843 idem
911 804 924 840 :
956 786 1146 847 Culum
1190 787 1314 841 mihi
1341 788 1556 851 solium;
1603 797 1737 841 terra
1764 796 1934 840 autem

344 878 624 932 scabellum
653 877 838 948 pedum
879 894 1105 932 meorum
1142 876 1295 949 (lsai.
1329 876 1419 931 66.
1454 875 1530 947 1).
1567 877 1812 933 Vocesne
1840 891 1932 932 se-

343 984 573 1038 quemur
593 969 617 1022 ‘l
641 969 1008 1024 serviemusne
1050 969 1264 1023 literze?
1292 968 1397 1024 Sed
1436 984 1556 1039 quae
1587 968 1711 1024 hinc
1739 982 1934 1024 conse-

344 1072 580 1133 quuntur
620 1077 707 1117 me
753 1062 1093 1132 redarguerit.
1135 1060 1415 1129 Quomodo
1449 1061 1695 1130 cogitabo
1740 1061 1931 1116 calum

344 1154 537 1208 solium
576 1153 736 1208 esse?
776 1153 980 1208 Solium
1021 1153 1393 1222 complectitur
1434 1150 1746 1216 sedentem;
1794 1152 1933 1207 Deus

346 1260 474 1299 vero
502 1261 607 1299 non
641 1245 1117 1305 circumscribitur.
1144 1244 1282 1299 Nihil
1308 1252 1391 1299 est
1422 1244 1563 1299 circa
1604 1244 1810 1309 Deum;
1837 1242 1933 1300 sed

346 1338 463 1408 ipse
507 1337 675 1391 ambit
713 1336 893 1391 omnia
938 1344 992 1391 et
1036 1335 1424 1405 circumcingit.
1465 1334 1520 1390 Si
1572 1350 1700 1404 ergo
1742 1334 1930 1388 cmlum

347 1428 543 1483 habeat
594 1430 811 1495 solium,
863 1429 1132 1500 quomodo
1184 1428 1371 1483 omium
1421 1428 1599 1498 palmo
1646 1426 1933 1484 metietur?

344 1520 615 1591 quomodo
650 1520 803 1576 sedet
844 1522 894 1574 in
932 1520 1103 1575 Caelo?
1129 1520 1322 1574 Coelum
1353 1518 1478 1573 milii
1501 1520 1641 1573 sedes
1679 1526 1773 1583 est.
1800 1528 1934 1572 terra

323 1624 512 1677 autem
536 1613 809 1668 scabellum
837 1613 1023 1683 pedum
1042 1629 1263 1677 meorum
1289 1612 1440 1683 (lsai.
1458 1609 1679 1682 40.12).
1705 1608 1931 1667 Ubinam

345 1706 537 1761 sedet?
565 1707 617 1760 in
654 1706 787 1761 caelo
817 1705 956 1776 quod
994 1704 1299 1761 cernimus?
1328 1704 1511 1759 Stella:
1555 1714 1680 1758 sunt
1708 1703 1808 1759 sub
1843 1702 1935 1757 lir-

348 1808 656 1863 mamento;
697 1814 849 1867 aqme
895 1812 1057 1867 super
1087 1796 1215 1851 illud
1253 1798 1439 1867 posiae
1478 1805 1619 1851 sunt.
1668 1793 1725 1853 Si
1774 1809 1932 1865 supra

346 1888 517 1954 sedet,
562 1904 668 1944 non
714 1906 877 1960 super
915 1890 1096 1953 etulos,
1149 1888 1243 1943 sed
1285 1889 1336 1942 in
1370 1890 1647 1955 superiore
1691 1889 1844 1943 caelo.
1877 1887 1934 1943 Si

346 1981 499 2036 sedet
518 1981 759 2047 omnino,
782 1980 943 2035 etiam
974 1980 1135 2049 pedes
1158 1994 1328 2049 usque
1356 1980 1421 2033 ad
1451 1987 1644 2033 terram
1678 1978 1930 2049 pendent.

347 2073 606 2128 Talemne
651 2072 873 2143 figuram
905 2072 1167 2126 adscribis
1205 2071 1281 2136 ei,
1311 2070 1401 2140 qui
1431 2071 1548 2127 sine
1592 2070 1758 2139 ligura
1803 2071 1931 2125 est?

347 2166 541 2221 Annon
570 2164 791 2233 impium
821 2173 904 2218 est
932 2162 1057 2217 illud
1088 2164 1157 2216 ita
1182 2162 1452 2232 cogitare?
1474 2162 1718 2226 Demum,
1750 2162 1793 2217 si
1821 2162 1936 2232 ejus

350 2254 514 2325 pedes
562 2265 760 2309 terram
795 2255 1021 2317 calcant,
1065 2253 1333 2321 quomodo
1370 2255 1642 2309 serimus?
1668 2256 1936 2324 quomodo

350 2346 646 2401 metimus?
671 2347 940 2415 quomodo
970 2345 1377 2417 pet-transimus,
1408 2361 1505 2400 nec
1533 2345 1586 2401 in
1616 2346 1781 2415 pedes
1820 2348 1936 2417 ejus

351 2438 734 2508 impingimus?
775 2438 1059 2504 Quomodo
1100 2439 1287 2501 caelum
1338 2438 1516 2507 palmo
1556 2454 1775 2493 mensus
1813 2440 1936 2494 est?

350 2545 511 2601 quam
543 2545 765 2601 magnos
805 2530 988 2585 habuit
1012 2530 1207 2600 digitos
1234 2530 1578 2599 proportione
1603 2530 1937 2586 divinitatis?

352 2630 408 2677 et
434 2621 703 2691 quomodo
744 2622 938 2677 talibus
979 2621 1157 2691 digitis
1202 2622 1420 2692 exiguas
1460 2622 1667 2678 tabulas
1699 2623 1928 2693 scripsit,

354 2728 530 2783 neque
570 2712 676 2768 illis
725 2713 1010 2783 pluribus?
1038 2713 1147 2767 Nos
1195 2714 1363 2768 tribus
1401 2712 1582 2783 digitis
1630 2715 1933 2780 scribimus,

352 2804 573 2875 reliquis
600 2819 818 2873 operam
841 2804 1269 2870 cOoferentibus;
1302 2805 1439 2858 Deus
1467 2820 1574 2860 uno
1593 2805 1756 2876 digito
1787 2805 1940 2859 tabu-

354 2900 437 2954 las
465 2899 699 2969 scripsit.
727 2897 978 2955 Vidistin‘
1005 2899 1236 2968 aliquem
1260 2913 1367 2953 uno
1394 2897 1559 2968 digito
1579 2898 1939 2956 scribentem?

354 2988 492 3044 Sunt
516 2989 633 3043 hare
659 2990 827 3058 magis
857 2990 1162 3052 sententiae,
1191 3004 1349 3059 quam
1372 2989 1556 3044 verba.

426 3086 481 3138 4.
523 3082 703 3153 Imago
743 3083 838 3149 Dei
866 3099 1058 3149 sumus,
1086 3083 1357 3152 quomodo.
1379 3112 1454 3122 —
1476 3080 1750 3138 Faciamus
1777 3084 1942 3136 homi-

356 3192 472 3229 nem
496 3176 563 3241 ad
590 3176 861 3246 imaginem
886 3184 1130 3230 nostram.
1161 3173 1289 3229 Vult
1317 3175 1456 3230 Deus
1495 3183 1552 3229 ut
1585 3186 1841 3246 quantum
1869 3182 1937 3232 ad

354 3269 606 3322 virtutem
646 3266 848 3321 similes
875 3266 973 3337 ipsi
1000 3267 1187 3320 simus.
1210 3265 1348 3332 Quid
1375 3277 1476 3333 est,
1518 3267 1601 3320 Ad
1629 3269 1938 3339 inmginem?

360 3359 501 3429 Deus
533 3368 749 3423 sanctus
794 3369 911 3424 cst;
953 3359 996 3412 si
1030 3359 1198 3423 sancti
1241 3358 1513 3423 fuerimus,
1548 3359 1615 3414 ad
1653 3360 1938 3431 imaginem

358 3449 454 3505 Dei
482 3465 687 3505 sumus.
720 3449 873 3515 Nam,
912 3449 1087 3504 Estote
1119 3452 1299 3513 sancti,
1328 3453 1445 3520 quia
1474 3468 1564 3522 ego
1590 3464 1793 3507 sanctus
1829 3470 1942 3508 sum

363 3541 546 3617 (Leuit.
591 3542 679 3599 19.
838 3542 978 3595 Deus
1003 3541 1182 3610 justus
1224 3550 1344 3605 est;
1387 3542 1431 3596 si
1460 3542 1719 3612 justitiam
1764 3554 1943 3600 secte-

362 3650 503 3701 mur,
538 3633 712 3703 imago
742 3634 833 3688 Dei
861 3647 1066 3695 sumus.
1112 3631 1240 3686 Nam
1269 3633 1447 3687 Justus
1473 3633 1739 3699 Dominus,
1790 3646 1836 3689 et
1851 3637 1945 3706 ju-

362 3731 552 3787 stitiam
582 3728 758 3782 dilexit
803 3728 973 3797 (Psal.
1010 3727 1095 3782 10.
1124 3726 1201 3797 8).
1248 3726 1303 3783 Si
1344 3727 1721 3783 misericordes
1750 3729 1938 3797 simus,

361 3823 540 3897 imago.
568 3837 756 3875 sumus
783 3820 895 3875 Dei.
921 3821 1009 3875 Ait
1034 3821 1174 3876 enim
1214 3818 1468 3875 Servatur
1498 3837 1511 3875 :
1540 3819 1716 3875 Esto'e
1744 3822 1943 3875 miseri-

363 3915 563 3980 cordes,
602 3914 729 3968 sicut
759 3911 917 3967 Pater
940 3922 1100 3967 vester
1139 3912 1420 3981 misericors
1458 3924 1531 3966 est
1559 3911 1708 3983 (Luc.
1742 3914 1793 3968 6.
1827 3915 1940 3987 56).

360 4005 526 4061 Vides
570 4022 671 4076 qua
717 4006 769 4060 in
800 4015 947 4076 parte
993 4006 1061 4061 sit
1103 4002 1320 4073 imago?
1365 4003 1613 4059 Ostendit
1652 4015 1707 4060 et
1749 4005 1945 4061 Paulus

360 4099 647 4169 imaginem
674 4114 688 4164 ;
715 4097 787 4155 ait
819 4098 960 4163 enim
988 4115 1001 4151 :
1026 4096 1211 4151 Exuite
1251 4113 1336 4157 vos
1365 4106 1579 4150 veterem
1617 4097 1870 4151 hominem
1899 4107 1946 4153 et

359 4192 554 4258 induite
579 4209 780 4258 novum,
813 4192 899 4262 qui
914 4190 1189 4261 secundum
1220 4189 1383 4243 Deum
1403 4199 1600 4245 creatus
1622 4201 1695 4244 est
1722 4191 1774 4244 in
1799 4192 1946 4262 agni-

362 4287 497 4353 tione
537 4286 780 4349 veritatis,
833 4284 1111 4349 secundum
1162 4283 1429 4353 imaginem
1475 4283 1585 4350 eius
1629 4283 1715 4353 qui
1760 4283 1945 4337 creauit

363 4395 477 4432 eum
516 4377 650 4453 (Col.
682 4379 734 4433 5.
780 4380 833 4431 9.
875 4376 988 4447 10).
1032 4376 1193 4431 Vides
1244 4374 1526 4439 virtutibus
1576 4375 1756 4441 tribui,
1803 4374 1946 4445 quod

365 4470 641 4543 Scriptura
683 4469 833 4531 dicit,
884 4467 965 4521 Ad
1006 4468 1275 4537 imaginem
1313 4467 1576 4529 nostram?
1624 4466 1681 4520 In
1723 4482 1829 4535 quo
1865 4476 1948 4521 est

362 4564 501 4618 ratio
547 4561 828 4632 imaginis?
857 4560 911 4614 lu
939 4569 1201 4631 potestate
1241 4560 1365 4613 item
1392 4577 1404 4612 :
1431 4558 1686 4629 Imperant
1730 4561 1947 4630 piscibus

362 4658 541 4727 maris,
570 4666 616 4710 et
639 4654 926 4729 volatilibus
953 4654 1084 4718 cwli,
1113 4664 1157 4708 et
1184 4653 1365 4718 bestiis,
1396 4663 1441 4706 et
1467 4652 1750 4722 reptilibus,
1783 4662 1827 4705 et
1849 4658 1945 4723 ju-

362 4751 559 4813 mentis,
588 4761 633 4803 et
677 4751 922 4814 universa:
949 4759 1093 4803 terra:
1120 4742 1275 4817 (Gen.
1320 4748 1371 4801 1.
1412 4745 1525 4821 26).
1558 4746 1603 4801 Ο
1630 4746 1724 4800 Dei
1756 4760 1948 4805 conse-

362 4852 615 4910 quentern
639 4842 917 4897 ordinem!
948 4856 980 4896 o
1009 4841 1289 4895 verborum
1317 4846 1619 4893 accuratam
1648 4838 1905 4893 rationem
1929 4839 1942 4893 ε

363 4934 470 4988 Cur
500 4934 634 4987 dixit
682 4934 851 5003 prius,
898 4931 1118 4997 Prtesint
1158 4930 1376 5005 piscibus
1416 4929 1608 4984 muris?
1641 4929 1945 4985 Secundum

362 5023 607 5078 ordinem
663 5024 950 5078 creationis
1018 5032 1103 5078 est
1159 5022 1293 5077 ordo
1348 5022 1749 5076 dominationis.
1812 5022 1946 5086 Quia

367 5113 521 5184 primi
551 5130 615 5169 ex
648 5114 780 5167 mari
811 5112 939 5167 facti
987 5122 1111 5168 sunt
1150 5117 1327 5183 pisces
1375 5123 1430 5167 et
1466 5112 1725 5178 volatilia,
1762 5122 1949 5185 postea

363 5220 494 5263 vero
534 5221 601 5259 ex
632 5214 770 5259 terra
799 5203 1170 5274 quadrupedes
1216 5213 1272 5258 et
1302 5203 1499 5270 reliqua
1543 5188 1755 5271 pecora,
1788 5202 1946 5256 indu-

361 5300 436 5354 cit
466 5299 611 5368 prius
648 5314 710 5351 ca
742 5314 860 5368 qua:
889 5296 1060 5365 priora
1092 5294 1226 5351 facta
1259 5305 1399 5349 sunt.
1446 5293 1665 5347 Prwsint
1705 5294 1945 5362 piscibus,

361 5404 408 5447 et
457 5392 763 5460 volatilibus,
818 5402 866 5445 et
916 5390 1103 5455 bestiis,
1157 5399 1205 5443 et
1268 5388 1563 5460 reptilibusA
1590 5397 1638 5441 et
1677 5386 1945 5456 jumeutis.

293 5549 300 5556 .
360 5485 717 5552 Quamobrem
743 5494 851 5539 tres
879 5482 1028 5552 pueri
1062 5480 1439 5538 benediceutes
1468 5481 1517 5533 in
1532 5477 1767 5534 Tornace
1794 5477 1948 5532 ordi-

363 5593 485 5633 nem
526 5585 778 5632 servant:
813 5594 831 5627 ι
862 5574 1199 5639 Benedicite,
1250 5572 1417 5626 maria
1456 5579 1510 5626 et
1548 5571 1787 5634 ﬂumina,
1838 5568 1949 5623 Do-

365 5684 532 5726 mino.
579 5670 902 5735 Benedicite,
944 5678 1061 5724 cete
1107 5677 1159 5723 et
1201 5665 1379 5723 omnia
1408 5680 1528 5733 quat
1570 5676 1855 5722 moventur
1893 5668 1944 5723 in
1972 5690 1981 5697 η

1802 211 2168 268 SEVERIANI

3534 217 3635 269 476

2035 324 2207 393 aquis,
2241 324 2487 378 Domino.
2514 326 2835 393 Benedicite,
2858 344 3047 385 omnes
3076 331 3321 387 volucres
3349 332 3501 396 cadi,
3534 333 3637 384 De.

2042 415 2207 468 mino.
2240 412 2564 485 Benedicite,
2598 416 2780 473 bestiae
2822 429 2877 474 et
2917 435 3132 491 pecora.
3176 422 3518 489 Benedicite,
3552 425 3637 478 ﬁlii

2038 506 2311 562 hominum
2337 526 2357 559 ι
2391 506 2551 580 (Dan.
2569 509 2626 563 2.
2641 509 2873 581 78.-82).
2906 512 3021 566 Alia
3039 524 3358 583 supererant
3380 514 3637 569 conside-

2034 600 2239 665 randa;
2277 599 2370 656 sed
2406 600 2474 656 ad
2513 602 2843 672 propositum
2892 612 3240 660 revertamur.
3293 605 3368 660 Et
3402 608 3640 677 formarit

2036 689 2177 744 Dcus
2204 690 2453 745 hominem
2481 690 2632 764 (Gen.
2654 691 2710 746 2.
2744 693 2823 763 7).
2853 693 2969 751 Non
3006 696 3323 765 simpliciter
3348 696 3523 761 dixit,
3550 696 3641 751 Fc-

2036 781 2141 845 cit;
2181 781 2297 845 sed,
2350 780 2630 836 Formavit.
2680 783 2959 839 Formatio
2991 785 3187 842 dicitur
3225 786 3295 841 de
3332 787 3551 843 decore
3597 798 3642 843 et

2037 883 2264 932 ornatu;
2298 882 2355 928 ut
2379 874 2590 944 quando
2627 875 2820 945 aliquis
2848 877 3033 932 videns
3075 878 3374 933 formosum
3409 880 3639 944 vultum,

2036 965 2159 1036 quia
2190 967 2410 1036 pulchre
2438 966 2774 1037 ejiormatum
2815 978 2917 1036 est,
2964 969 3112 1032 dicit.
3143 970 3283 1025 Nihil
3312 971 3457 1027 fecit
3506 970 3639 1025 Deus

2038 1057 2091 1112 in
2121 1072 2347 1128 corpore
2391 1068 2586 1128 praeter
2612 1058 2887 1125 decorum,
2935 1061 3030 1116 sed
3075 1072 3130 1116 ct
3170 1061 3375 1117 decoro
3428 1072 3489 1116 et
3532 1064 3639 1115 usui

2038 1155 2327 1223 prospexit.
2358 1154 2599 1224 Exempli
2624 1169 2805 1220 causa,
2836 1155 3023 1211 oculus
3051 1156 3158 1211 duo
3184 1157 3371 1225 habet,
3401 1172 3568 1211 usum
3596 1170 3639 1211 et

2038 1247 2283 1303 decorem
2316 1266 2328 1301 :
2360 1262 2482 1302 nam
2521 1258 2574 1304 et
2599 1248 2763 1312 videt,
2796 1258 2850 1303 et
2889 1258 3170 1304 venustum
3196 1250 3379 1306 reddit
3410 1250 3635 1313 vultum,

2038 1337 2332 1408 faciemque
2375 1347 2553 1403 ornat,
2601 1339 2887 1408 omniaque
2935 1340 3213 1407 conspicit.
3267 1340 3443 1394 Auris
3495 1356 3637 1395 usam

2039 1431 2224 1496 habet,
2259 1441 2580 1504 aspectuque
2600 1432 2835 1502 jucunda
2879 1432 3166 1501 est:quod
3206 1432 3353 1487 enim
3402 1432 3637 1486 circum-

2038 1523 2268 1592 positum
2314 1532 2397 1576 est
2421 1523 2719 1595 cymbalum
2756 1523 2952 1577 animal
2982 1532 3223 1579 exornat.
3255 1524 3639 1589 Similiterque

2040 1628 2201 1668 nasus
2248 1613 2443 1668 olfactu
2497 1614 2802 1669 necessario
2851 1614 3102 1683 praeditus
3144 1624 3257 1678 est;
3309 1613 3442 1677 sed,
3490 1628 3637 1669 secus

2039 1719 2196 1773 quam
2228 1704 2282 1761 in
2306 1705 2515 1759 cmteris
2540 1704 2881 1767 animalibus,
2913 1704 3059 1759 velut
3092 1705 3330 1779 medium
3380 1705 3638 1773 parietem

2039 1794 2201 1850 efﬁcit
2228 1795 2295 1849 ad
2321 1794 2572 1851 decorem
2600 1794 2974 1865 complendum
3001 1813 3014 1849 :
3044 1794 3097 1855 id
3123 1796 3263 1850 enim
3308 1796 3409 1865 uni
3446 1795 3639 1850 homini

2038 1890 2295 1960 competit
2324 1907 2337 1943 :
2361 1898 2553 1945 caetera
2576 1890 2771 1960 quippe
2790 1889 3037 1943 animalia
3067 1904 3249 1944 nasum
3274 1906 3390 1943 non
3423 1890 3635 1956 habent,

2039 1981 2134 2036 sed
2165 1996 2326 2036 unam
2352 1990 2557 2035 tantum
2588 1982 2794 2036 narium
2835 1980 3174 2051 positionem.
3204 1980 3320 2038 Hoc
3345 1995 3495 2035 vero
3535 1999 3638 2036 eam

2039 2073 2109 2128 ob
2130 2088 2242 2128 rem
2273 2072 2520 2127 formavit
2555 2072 2714 2127 Deus.
2744 2073 2870 2127 ldco
2908 2070 3097 2135 David,
3133 2069 3233 2136 Qui
3258 2071 3533 2142 plantavit
3560 2090 3637 2124 au-

2040 2180 2168 2230 rem,
2191 2180 2292 2218 non
2320 2164 2538 2217 audiet?
2562 2174 2651 2217 aut
2679 2164 2765 2235 qui
2791 2164 2939 2231 finxit
2968 2163 3193 2231 oculum,
3219 2180 3321 2216 non
3349 2164 3637 2215 considerat

2046 2254 2215 2324 (Psal.
2245 2255 2333 2311 95.
2364 2255 2459 2325 9)?
2503 2256 2591 2311 Sic
2640 2269 2837 2321 terram
2883 2254 3000 2313 fecit
3048 2254 3116 2310 ad
3163 2268 3426 2317 ornatum
3485 2264 3539 2309 et
3585 2256 3639 2309 ad

2044 2363 2219 2402 usum.
2248 2348 2326 2402 Ac
2343 2364 2409 2401 ne
2450 2346 2602 2415 plura
2644 2346 2737 2401 tibi
2773 2345 2965 2400 decora
2992 2360 3322 2409 recenseam,
3356 2355 3636 2415 postquam

2044 2456 2205 2494 unnm
2232 2439 2418 2495 dixero
2446 2439 2873 2511 praetergrediar.
2908 2438 3063 2495 Dedit
3089 2439 3227 2495 Deus
3259 2438 3510 2506 homini,
3544 2440 3639 2491 vim

2042 2529 2264 2597 scilicet,
2289 2546 2411 2605 cum
2437 2530 2554 2584 aliis
2584 2530 2743 2586 etiam
2779 2529 2999 2584 uberum
3029 2529 3494 2584 concinnitatem.
3532 2528 3638 2583 Vno

2042 2637 2138 2677 cur
2160 2622 2362 2677 ubera?
2387 2622 2608 2680 Decoris
2637 2636 2817 2677 causa.
2854 2620 2987 2676 Nam
3017 2632 3134 2677 esto
3167 2621 3389 2677 mulieri
3424 2636 3640 2675 conces-

2043 2715 2175 2773 serit
2199 2717 2359 2769 ubera
2384 2713 2453 2768 ob
2482 2723 2688 2768 natura;
2730 2713 3124 2775 necessitatem,
3155 2712 3223 2767 ad
3250 2712 3418 2767 lactis
3447 2714 3638 2767 submi-

2044 2809 2410 2865 uistrationem
2434 2823 2449 2873 ;
2473 2808 2587 2862 viro
2615 2821 2711 2862 our
2734 2805 2931 2862 ubera?
2961 2806 3041 2861 Ad
3070 2805 3349 2873 decorum,
3380 2804 3462 2861 ad
3492 2822 3640 2859 orni-

2047 2902 2177 2957 t'um.
2206 2900 2666 2970 Quemadmodum
2711 2899 2856 2956 enim
2903 2901 2954 2954 in
2986 2900 3225 2955 :rdiliciis
3262 2900 3372 2955 alia
3406 2899 3554 2954 fiunt
3588 2903 3641 2953 ob

2044 2996 2442 3067 necessitatem,
2467 2995 2565 3050 alia
2594 2993 2662 3050 ob
2680 2994 2933 3051 decorum
2964 3011 2977 3048 :
3008 2995 3084 3049 sic
3113 2995 3249 3049 Deus
3281 3004 3335 3049 et
3368 2993 3641 3047 hominem

2046 3088 2274 3152 ornavit,
2301 3096 2357 3144 et
2377 3088 2476 3158 ipsi
2502 3086 2566 3141 ad
2594 3103 2745 3141 usum
2770 3086 3070 3142 necessaria
3091 3086 3337 3141 contulit.
3366 3084 3642 3141 Fut‘matit

2045 3197 2170 3237 eum
2199 3190 2421 3250 accepto
2450 3179 2669 3249 pulvere
2695 3178 2761 3235 dc
2800 3190 2963 3234 terra.
2993 3178 3171 3233 Beata:
3199 3178 3639 3232 Christianorum

2046 3287 2191 3342 spes,
2239 3271 2283 3326 si
2340 3271 2758 3325 intellexerimus
2807 3285 2867 3324 ea
2907 3286 3025 3339 quae
3064 3269 3331 3324 audimus.
3383 3270 3506 3323 Cur
3550 3286 3641 3323 non

2047 3363 2201 3426 dixit,
2228 3362 2449 3433 Accepit
2472 3362 2678 3432 glebam
2709 3362 2776 3415 de
2806 3362 2983 3414 terra?
3012 3360 3237 3415 Tantum
3252 3376 3467 3431 corpus
3493 3361 3640 3415 clior-

2049 3455 2212 3509 mavit
2241 3473 2253 3509 :
2278 3470 2341 3510 ac
2387 3471 2451 3507 ne
2493 3454 2646 3525 gleba
2675 3452 2892 3524 quidem
2918 3467 3051 3522 Opus
3095 3452 3302 3518 habuit,
3334 3453 3438 3507 sed
3475 3454 3643 3507 pulve-

2047 3561 2163 3603 rem
2204 3545 2446 3615 accepit?
2480 3545 2617 3599 Deus
2658 3542 2901 3614 prazvidit
2942 3542 3121 3598 futura
3164 3558 3227 3597 ac
3276 3543 3321 3597 si
3356 3547 3641 3612 praesentia

2049 3648 2249 3694 essent.
2280 3638 2412 3706 Quia
2441 3638 2763 3709 praevidcbat
2794 3636 2895 3692 hoc
2914 3636 3112 3691 animal
3146 3650 3263 3691 esse
3297 3637 3639 3701 moriturum,

2050 3740 2105 3786 et
2137 3731 2189 3785 in
2220 3730 2493 3800 pulverem
2537 3728 3017 3795 transmutandum,
3065 3729 3172 3797 iam
3217 3727 3349 3783 olim
3398 3729 3457 3782 in
3501 3744 3639 3783 crea-

2052 3821 2196 3876 tione
2226 3836 2376 3890 spem
2405 3819 2811 3875 resurrectionis
2835 3819 3088 3874 ostendit.
3122 3820 3330 3889 Accipit
3363 3821 3641 3890 pulverem

2050 3912 2121 3967 de
2150 3923 2312 3973 terra.
2348 3920 2405 3966 ut
2431 3928 2551 3967 cum
2596 3911 2797 3967 videris
2842 3911 2893 3966 in
2934 3912 3181 3981 sepulcro
3209 3911 3521 3980 pulverem,
3562 3927 3641 3964 no-

2051 4008 2192 4061 veris
2221 4021 2364 4070 enm,
2397 4006 2484 4076 qui
2532 4005 2659 4060 illud
2690 4003 3006 4067 elformavit,
3038 4004 3138 4059 hoc
3165 4020 3379 4074 quoque
3425 4008 3638 4059 suscita-

2052 4107 2228 4153 turum
2269 4113 2409 4153 esse.
2448 4096 2712 4150 Formavit
2756 4096 3009 4150 hominem
3036 4105 3236 4165 sumpto
3266 4095 3333 4148 de
3370 4104 3518 4149 terra
3544 4096 3642 4163 pul-

2051 4206 2180 4253 vere,
2200 4198 2244 4242 et
2261 4188 2523 4259 insit/flavit
2553 4188 2602 4241 in
2625 4188 2805 4259 facient
2824 4188 2932 4259 ejus
2951 4188 3259 4259 spiraculum
3282 4188 3403 4241 vita:
3425 4187 3578 4259 (Cen.
3593 4188 3635 4241 ἓ.

2052 4282 2129 4351 7).
2165 4280 2296 4336 Vide
2334 4280 2617 4335 discrimen
2665 4280 2805 4335 inter
2834 4279 3079 4334 homines
3123 4288 3176 4334 et
3221 4280 3405 4337 bruta.
3451 4280 3640 4335 Canem

2053 4373 2228 4427 omnia
2259 4387 2378 4427 cum
2410 4371 2609 4426 faceret
2638 4371 2797 4438 Deus,
2825 4371 2983 4424 simul
3010 4371 3187 4425 omnia
3220 4370 3501 4439 produxit,
3531 4386 3639 4424 cum

2053 4480 2279 4535 corpore
2306 4464 2555 4517 animam.
2589 4463 2984 4527 Animadverte,
3018 4477 3220 4532 qmeso.
3257 4461 3413 4517 Fecit
3454 4464 3639 4517 natati-

2055 4558 2145 4622 lia,
2175 4557 2332 4613 simul
2359 4558 2588 4612 animam
2617 4564 2671 4611 et
2707 4571 2921 4625 corpus.
2956 4556 3153 4610 Educat
3198 4566 3333 4609 terra
3360 4558 3636 4618 animalia,

2054 4650 2230 4721 prodit
2272 4649 2431 4704 simul
2478 4665 2600 4703 cum
2648 4664 2873 4719 corpore
2922 4649 3118 4703 anima.
3173 4647 3423 4701 llominis
3479 4650 3640 4717 primo

2054 4760 2247 4814 corpus
2274 4742 2417 4811 facit,
2448 4741 2641 4797 deinde
2660 4742 2913 4795 animam.
2946 4740 3108 4811 Cujus
3138 4740 3249 4809 Spei
3275 4740 3484 4793 causa?
3506 4740 3641 4807 Qua-

2056 4835 2121 4890 lis
2151 4833 2420 4900 formatio,
2461 4832 2580 4887 taiis
2609 4833 2826 4889 solutio.
2876 4831 2999 4887 Ideo
3028 4832 3329 4885 animantes
3374 4847 3537 4901 Spem
3565 4846 3640 4884 rc-

2054 4926 2406 4983 surrectionis
2433 4942 2542 4980 non
2572 4925 2791 4990 habent,
2825 4925 2949 4995 quia
2980 4940 3085 4994 quo
3113 4923 3273 4977 modo
3316 4923 3473 4978 facta:
3502 4934 3639 4985 sunt,

2054 5020 2245 5079 eodem
2272 5018 2429 5074 modo
2467 5018 2782 5071 moriuntur.
2814 5016 2983 5072 Simul
3011 5030 3206 5086 corpus
3232 5023 3286 5069 et
3304 5014 3491 5068 ‘aniina
3526 5016 3637 5068 abo-

2057 5111 2253 5165 lentur.
2278 5109 2486 5179 Corpus
2507 5108 2737 5162 hominis
2758 5108 2824 5163 de
2854 5116 2993 5162 terra
3014 5108 3240 5177 accepit,
3263 5108 3507 5161 animam
3541 5108 3636 5174 ip~e

2060 5203 2241 5267 tribuit
2268 5201 2523 5266 creando,
2558 5218 2662 5254 non
2694 5217 2759 5255 ex
2786 5216 2881 5254 sua
2921 5199 3219 5255 substantia
3252 5199 3633 5269 producendo;

2057 5303 2117 5349 ut
2148 5294 2275 5349 eum
2316 5302 2580 5348 mortuum
2626 5293 2785 5348 fuerit
2813 5309 3035 5364 corpus,
3074 5294 3187 5347 sive
3214 5290 3402 5357 homo,
3455 5307 3527 5346 nc
3555 5292 3634 5343 de-

2057 5403 2335 5458 speremus
2370 5388 2438 5443 de
2478 5388 2674 5461 anima.
2722 5387 2859 5453 Quid
2901 5387 3066 5452 enim,
3111 5385 3252 5455 quod
3298 5386 3353 5439 in
3397 5386 3634 5455 sepulcro

2057 5480 2356 5551 depositura
2380 5481 2449 5535 sit
2482 5480 2715 5549 corpus?
2741 5479 2815 5533 Nc
2846 5478 3111 5548 putaveris
3143 5477 3213 5531 ibi
3242 5492 3365 5531 esse
3389 5478 3630 5531 animam.

2057 5573 2172 5627 Non
2198 5573 2341 5629 enim
2371 5573 2439 5628 de
2467 5583 2603 5626 terra
2645 5581 2852 5641 Sumpta
2883 5580 2985 5636 est,
3029 5585 3127 5635 nec
3155 5569 3207 5622 in
3237 5580 3440 5622 terram
3471 5584 3632 5624 rever.

2059 5684 2216 5731 ιριιητ,
2254 5676 2412 5746 spe...
2446 5679 2573 5736 ergo
2598 5665 2798 5720 statuit.
2835 5663 2957 5719 ideo
2984 5663 3143 5718 etiam
3191 5660 3241 5715 in
3278 5659 3531 5721 Ezechiel
3558 5673 3631 5716 τε·
