3704 6274
12 224 144 281 £75

16 340 477 414 περιγράφεται.
518 340 682 393 Οὐδέν
720 339 835 393 ἐστι
883 336 1008 409 περὶ
1047 336 1140 390 τὸν
1168 335 1330 388 Θεόν’
1367 334 1545 387 πάντα
1573 329 1631 383 δέ

22 432 250 484 κυκλοῖ
275 433 369 484 καὶ
393 431 616 501 τειχίζει
644 434 672 485 6
702 431 852 495 Θεός.
883 430 946 484 Εἰ
975 424 1065 483 οὖν
1099 427 1324 499 οὐρανὸν
1363 425 1475 496 ἔχει
1506 422 1631 494 θρό-

22 537 149 584 νον,
186 522 317 587 πῶς
341 524 602 594 μετρήσει
627 521 720 575 τὸν
741 522 967 594 οὐρανὸν
993 519 1238 591 σπιθαμῇ
1264 535 1278 584 ;
1308 516 1429 579 Πῶς
1453 514 1510 568 δὲ
1539 513 1634 567 καὶ

23 614 296 686 κάθηται
326 617 406 680 επ
438 617 528 668 τὸν
553 615 810 686 οὐρανόν;
859 615 922 668 '0
957 611 1212 682 οὐρανὸς
1238 609 1368 680 ἐμοὶ
1402 607 1631 675 θρόνος,

21 712 64 778 ἡ
100 713 182 768 δὲ
215 713 299 783 γῆ
327 713 658 770 ὑποπόδιον
690 712 808 766 τῶν
832 711 1033 766 ποδῶν
1050 727 1189 780 μου.
1221 705 1332 760 Ποῦ
1359 703 1631 774 κάθηταις

25 807 132 857 ἐπὶ
183 805 290 858 τὸν
335 805 688 874 φαινόμενον;
749 803 1002 874 Ἀστέρες
1061 801 1318 854 ὑποκάτω
1369 795 1462 850 τοῦ
1518 810 1635 846 στε-

31 896 368 967 ρεώματος,
431 896 575 969 ὕδωρ
631 897 834 950 ἐπάνω.
892 896 955 948 Εἰ
1005 893 1190 946 ἐπάνω
1243 890 1496 960 κάθηται,
1536 887 1635 940 οὐκ

27 987 247 1040 ἐπάνω
273 987 381 1040 τῶν
415 987 676 1058 οὐρανῶν,
711 986 825 1038 ἀλλ’
855 989 934 1050 είς
961 986 1050 1038 τὸν
1088 982 1358 1054 ἀνώτερον
1387 977 1632 1050 οὐρανόν.

27 1079 98 1131 ΕΞ
141 1079 392 1150 κάθηται
424 1081 658 1142 πάντως,
687 1080 781 1130 καὶ
804 1079 852 1131 οἱ
885 1077 1043 1140 πόδες
1072 1074 1374 1146 κρέμανται
1409 1069 1514 1132 ἕως
1537 1067 1637 1138 τῆς

26 1171 169 1242 γῆς.
221 1169 476 1223 Τοιοῦτον
527 1171 710 1240 σχῆμα
759 1167 1044 1238 περιτίθης
1087 1165 1172 1237 τῷ“
1211 1159 1632 1233 άσχηματΐστιρ;

29 1261 162 1316 Οὐκ
199 1261 354 1317 ἐστιν
387 1261 581 1326 ἀσεϐἐς
618 1261 896 1316 καὶτοῦτο
937 1260 1078 1313 οῦτω
1107 1257 1329 1328 νοῆσαι;
1363 1249 1632 1306 Εἷτα’λοιο

28 1351 169 1415 πδν,
209 1355 262 1406 εί
288 1355 340 1408 οἱ
365 1354 522 1417 πόδες
550 1352 714 1408 αὐτοῦ
745 1353 972 1407 πατοῦσι
993 1351 1092 1421 τὴν
1119 1349 1244 1419 γῆν.
1269 1344 1386 1408 πῶς
1414 1340 1634 1410 σπείρο-

33 1460 146 1512 μεν
171 1459 189 1508 ;
221 1443 343 1507 πῶς
363 1444 646 1516 θερίζομεν
672 1461 686 1510 ;
715 1445 830 1508 πῶς
859 1440 1183 1514 διερχόμεθα
1205 1439 1280 1511 μὴ
1306 1431 1636 1504 συγκρούον-

28 1546 132 1592 τες
171 1531 350 1582 αὐτοῦ
378 1533 491 1595 τοῖς
521 1531 708 1595 ποσίν;
739 1529 861 1592 Πῶς
893 1531 949 1582 δὲ
991 1529 1262 1598 ἐμέτρησε
1293 1523 1382 1576 τὸν
1411 1518 1636 1588 οὐρανὸν

35 1622 345 1692 σπιθαμῇ;
394 1622 510 1686 πῶς
555 1621 843 1684 δακτύλους
891 1617 1004 1691 εἶχε
1036 1618 1309 1690 μεγάλους
1343 1612 1636 1678 ἀναλόγους

33 1714 106 1782 τῇ
174 1712 436 1787 θεότητι;
493 1716 588 1769 καὶ
640 1715 760 1777 πῶς
797 1715 853 1766 ἐν
909 1711 1136 1774 ἐκείνοις
1188 1711 1302 1771 τοῖς
1353 1701 1635 1764 δακτύλοις

31 1804 264 1877 ἔγραψε
295 1806 504 1871 πλάκας
531 1807 731 1878 μικράς
756 1803 1038 1866 δακτύλοις
1071 1801 1334 1860 τοιούτοις
1353 1837 1366 1860 ,
1395 1795 1486 1849 καὶ
1515 1792 1635 1846 οὐδὲ

33 1897 304 1964 πολλοῖς
347 1898 534 1968 Ἡμεῖς
567 1899 712 1969 τρισὶ
748 1896 1030 1958 δακτύλοις
1068 1893 1368 1963 γράφομεν,
1399 1888 1506 1942 τῶν
1544 1886 1640 1940 άλ-

33 1989 154 2041 λων
205 1988 643 2062 συνεργούντωψ
693 1989 823 2052 Θεὸς
871 1989 950 2042 ἐνὶ
999 1984 1245 2055 δακτύλῳ
1283 1982 1382 2044 τάς
1425 1977 1637 2040 πλάκας

36 2081 323 2152 ἔγραψεν.
354 2080 502 2146 Εἶδες
519 2101 640 2139 τινα
665 2084 746 2136 ἐνὶ
767 2081 1012 2154 δακτύλῳ
1032 2079 1344 2152 γράφοντα;
1372 2071 1638 2144 Νοήματά

36 2182 168 2241 ἐστι
197 2177 380 2236 ταῦτα
414 2177 611 2248 μᾶλλον
639 2177 672 2250 ἢ
697 2178 933 2250 ῥήματα.

114 2315 188 2370 δ’.
214 2316 571 2386 Ποιήσωμεν
606 2318 918 2387 ἄνθρωπον
945 2312 1068 2368 κατ’
1096 2310 1298 2366 εικόνα
1323 2304 1634 2377 ἡμετέραν.

39 2407 323 2470 Βούλεται
351 2411 496 2480 ἡμᾶς
521 2413 548 2462 6
560 2410 688 2472 Θεὸς
705 2407 943 2479 μιμητάς
957 2404 1118 2458 αὐτοῦ
1133 2398 1267 2457 εἶναι
1286 2401 1403 2453 κατ’
1417 2396 1636 2468 ἀρετήν.

40 2500 112 2552 Τί
164 2502 315 2565 ἐστι,
353 2503 488 2554 Κατ’
528 2502 766 2564 είκόνα;
805 2499 937 2563 Θεὸς
987 2498 1171 2567 ἆγιοςο
1213 2493 1307 2548 ἐὰν
1354 2488 1640 2562 γενώμεθα

43 2596 228 2662 ἅγιοι,
274 2595 393 2648 κατ’
422 2597 604 2649 εἰκόνα
633 2594 797 2664 ἐσμὲν
835 2591 992 2646 Θεοῦ.
1035 2589 1289 2644 Γίνεσθε
1323 2585 1431 2656 γὰρ
1466 2584 1638 2652 ἅγιοι,

44 2687 144 2742 ὅτι
176 2687 303 2756 ἐγὼ
333 2686 500 2756 ἅγιός
539 2689 674 2755 ειμι.
721 2685 851 2748 Θεὸς
881 2683 1122 2744 δίκαιοςο
1162 2679 1256 2732 ἐὰν
1299 2672 1642 2742 δικαιοσύνην

47 2786 434 2858 μετέλθωμεν,
451 2783 612 2837 εἰκών
641 2787 804 2853 ἐσμεν
827 2775 980 2834 Θεοῦ.
1006 2778 1238 2842 Δίκαιος
1275 2772 1381 2844 7&9
1406 2769 1642 2839 Κύριος,

47 2880 154 2932 καὶ
188 2877 588 2942 δικαιοσύνην
628 2875 961 2944 ἠγάπησεν.
1005 2869 1130 2924 Ἐὰν
1164 2862 1313 2938 ὦμεν
1344 2860 1644 2935 φιλάνθρωτ

47 2988 175 3029 πει.
210 2969 538 3038 ἐλεήμονες,
575 2966 738 3020 είκών
771 2967 938 3036 ἐσμεν
964 2961 1055 3016 τοῦ
1085 2959 1242 3014 Θεοῦ.
1269 2956 1432 3023 Λέγει
1470 2954 1579 3022 γὰρ
1619 2951 1648 3002 6

50 3063 296 3134 Σωτήρ·
338 3061 592 3114 Γίνεσθε
635 3059 1022 3127 οἰκτίρμονες,
1065 3055 1145 3120 ὡς
1181 3056 1214 3107 ό
1251 3048 1451 3116 Πατὴρ
1483 3044 1649 3114 ὑμῶν

52 3155 366 3222 οἰκτείρει.
400 3147 552 3216 Εἶδες
581 3151 684 3205 ποῦ
717 3153 750 3222 ή
795 3149 987 3213 είκών;
1019 3148 1268 3199 Δείκνυσι
1309 3142 1401 3194 καὶ
1439 3136 1649 3197 Παῦλος

50 3252 161 3320 τὴν
210 3246 416 3300 εἰκόνα·
444 3245 590 3314 λέγει
627 3243 736 3314 γάρ
761 3261 774 3272 ·
823 3240 1230 3296 Ἀποδύσασθε
1261 3234 1368 3288 τὸν
1391 3228 1651 3284 παλαιὸν

53 3345 424 3409 ἄνθρωπον,
477 3337 572 3390 καὶ
621 3335 960 3389 ἐνδύσασθε
1001 3333 1109 3386 τὸν
1146 3327 1322 3394 νέον,
1353 3326 1464 3379 τὸν
1502 3321 1652 3375 κατὰ

57 3434 224 3492 Θεὸν
263 3429 579 3486 κτισθέντα
603 3430 690 3495 είς
724 3427 1050 3497 ἐπίγνωσιν
1074 3421 1356 3490 ἀληθείας
1375 3459 1389 3484 ,
1420 3416 1544 3470 κατ’
1575 3417 1653 3468 εὶ-

58 3531 223 3600 κόνα
255 3525 364 3578 τοῦ
394 3523 712 3586 κτίσαντος
739 3519 944 3574 αὐτόν.
980 3513 1130 3579 Εἶδες
1161 3515 1246 3568 ὅτι
1288 3513 1408 3572 ταῖς
1436 3509 1654 3578 ἀρεταῖς

58 3620 443 3691 ἐπιγράφεται
467 3616 548 3679 τὸ,
588 3614 725 3668 Κατ’
759 3613 961 3666 εἰκόνα
991 3608 1322 3679 ἡμετέραν;
1372 3603 1460 3655 Ἐν
1485 3600 1590 3654 τίνι
1617 3600 1652 3668 ή

61 3712 276 3776 είκὼν;
345 3710 431 3762 Ἐν
481 3710 546 3778 τῇ
612 3703 827 3774 ἐξουσίᾳ
877 3701 1036 3756 πάλιν
1061 3717 1074 3730 ·
1138 3696 1501 3766 Ἀρχέτωσαν
1539 3691 1657 3746 τῶν

65 3807 304 3875 ἐχθύων
331 3802 439 3869 τῆς
465 3799 802 3864 θαλάσσης,
834 3795 929 3849 καὶ
957 3793 1075 3848 τῶν
1101 3787 1384 3845 πετεινῶν
1414 3785 1521 3842 τοῦ
1553 3784 1656 3838 οὺς

59 3898 289 3970 ρανοῦ,
320 3897 418 3950 καὶ
445 3893 560 3948 τῶν
581 3891 814 3961 θηρίων,
838 3889 932 3942 καὶ
956 3886 1073 3942 τῶν
1099 3881 1379 3953 ἑρπετῶν,
1413 3879 1510 3934 καὶ
1541 3876 1659 3931 τῶν

67 3976 337 4058 κτηνῶν,
368 3987 464 4042 καὶ
493 3987 695 4054 πάσης
717 3985 825 4052 τῆς
854 3982 986 4054 γῆς.
1021 3982 1087 4033 Ὢ
1117 3981 1214 4050 τῆς
1248 3976 1340 4030 τοῦ
1369 3973 1504 4027 Θεοῦ
1533 3973 1662 4025 ἀκο-

66 4082 300 4144 λουθίας
318 4098 332 4112 ο
358 4079 402 4132 ῶ
421 4080 518 4150 τῆς
539 4078 643 4131 τῶν
668 4077 926 4148 ῥημάτων
947 4071 1246 4144 ἀκριϐείας.
1271 4069 1421 4121 Διατί
1447 4065 1661 4136 πρῶτον

70 4173 508 4247 ἐμνημόνευσεν,
547 4170 907 4241 Ἀρχέτωσαν
931 4167 1048 4220 τῶν
1071 4165 1288 4234 ἰχθύων
1308 4159 1417 4228 τῆς
1437 4156 1662 4212 θαλάσ-

71 4283 240 4334 σηςς
281 4264 437 4319 Κατὰ
461 4263 558 4335 τὴν
589 4263 737 4328 τάξιν
761 4263 858 4331 τῆς
890 4256 1247 4330 δημιουργίας
1275 4250 1424 4326 [Ᾰ85]
1452 4251 1485 4321 ή
1511 4247 1663 4313 τάξις

73 4364 182 4432 τῆς
197 4358 534 4421 δεσποτείας.
573 4357 790 4426 Ἐπειδὴ
820 4353 1024 4426 πρῶτοι
1047 4353 1110 4405 ἐκ
1137 4349 1233 4420 τῆς
1252 4347 1524 4416 Θαλάσσης
1544 4343 1663 4412 ἐγέο

75 4472 240 4514 νοντο
273 4453 486 4524 ἰχθύες,
526 4453 619 4505 καὶ
651 4449 900 4509 πετεινὰ,
945 4446 1078 4518 μετὰ
1114 4445 1284 4498 ταῦτα
1323 4443 1380 4496 δὲ
1410 4439 1518 4494 ἀπὸ
1561 4436 1667 4506 γῆς

75 4551 155 4604 τά
187 4545 495 4618 τετράποδα
533 4545 626 4597 καὶ
671 4542 739 4596 τά
782 4540 942 4593 λοιπά
989 4539 1180 4608 κτήνη,
1231 4534 1441 4600 εἰσάγει
1481 4525 1574 4583 οῦν
1598 4527 1669 4581 τά

80 4644 289 4716 πρῶτα
313 4641 598 4710 γενόμενα.
641 4634 1004 4706 Ἀρχέτωσαν
1025 4631 1141 4684 τῶν
1162 4629 1400 4697 ἰχθύων,
1430 4623 1525 4678 καὶ
1553 4622 1672 4676 τῶν

80 4733 411 4796 πετεινῶν,
441 4731 539 4786 καὶ
566 4729 684 4784 τῶν
715 4727 960 4796 θηρίων,
993 4724 1086 4778 καὶ
1117 4721 1234 4775 τῶν
1261 4715 1542 4786 ἑρπετῶν,
1572 4711 1670 4767 και

84 4829 216 4884 τῶν
242 4823 496 4894 κτηνῶν.
533 4821 697 4875 Ὅθεν
732 4820 824 4874 καὶ
848 4820 897 4871 οἱ
925 4818 1072 4888 τρεῖς
1107 4812 1295 4873 παῖδες
1327 4806 1672 4874 εὐλογοῦντες

87 4927 154 4999 ἐν
206 4924 274 4992 τῇ
318 4917 532 4990 καμίνῳ
580 4913 906 4985 φυλάττουσι
950 4912 1047 4979 τὴν
1097 4904 1284 4971 τάξινο
1332 4898 1671 4968 Εὐλοτεῖτε,

90 4990 408 5070 θάλασσαι
439 5011 534 5064 καὶ
571 5005 819 5076 ποταμοὶ
842 5045 857 5070 ,
897 5003 1002 5057 τὸν
1037 5002 1272 5069 Κύριον.
1322 4990 1672 5061 Εύνῑογεῐτε,

94 5107 259 5174 κήτη
287 5103 384 5157 καὶ
421 5100 618 5155 πάντα
649 5099 722 5153 τὰ
760 5095 1079 5164 κινούμενα
1103 5093 1173 5145 ἐν
1200 5090 1399 5149 ὕδασι,
1427 5083 1534 5137 τὸν
1564 5083 1678 5137 Κύ-

85 5215 254 5270 ριον.
284 5194 601 5262 Εὑλογεῖτε
622 5232 636 5258 ,
678 5190 875 5244 πάντα
901 5188 970 5241 τὰ
997 5184 1235 5238 πετεινὰ
1267 5179 1372 5233 τοῦ
1399 5175 1676 5246 οὐρανοῦ,

97 5267 212 5346 τὸν
241 5289 480 5356 Κύριον.
510 5269 846 5352 Εὐλογεῖτε.
870 5279 941 5354 τὰ
969 5276 1142 5345 θηρία
1165 5274 1261 5327 καὶ
1286 5271 1357 5325 τὰ
1383 5267 1573 5332 νηκτὰ
1601 5268 1677 5337 (ι.

101 5386 337 5456 κτήνη).
369 5369 718 5450 Εὑλογεῖτέ,
757 5375 874 5431 υἱοὶ
918 5371 1036 5426 τῶν
1071 5368 1412 5436 ἀνθρώπων.
1444 5359 1552 5416 Ἦν
1583 5362 1682 5433 μὲν

6 5495 16 5506 '
101 5476 200 5543 οὖν
231 5479 326 5531 καὶ
347 5477 508 5555 ἕτερα
539 5473 904 5543 ἐπιθεωρῆσαι
925 5484 940 5498 ’
970 5466 1084 5521 ἀλλ’
1117 5466 1195 5526 είς
1227 5462 1288 5515 τὸ
1328 5459 1683 5532 προκείμενον

105 5572 518 5640 ἐπανέλθωμεν.
542 5569 651 5623 Καὶ
680 5570 950 5622 ἔπλασεν
979 5566 1010 5616 ό
1045 5560 1185 5626 Θεὸς
1205 5557 1312 5612 τὸν
1350 5555 1682 5622 ἄνθρωπον.

108 5665 228 5740 Ωὐκ
268 5660 420 5735 εἶπεν
451 5662 654 5732 ἁπλῶς,
679 5660 966 5729 ἐποίησεν,
1006 5653 1117 5710 ἀλλ’
1157 5653 1445 5709 ἔπλασεν.
1483 5645 1684 5709 ΙΙλάσις

1085 217 1172 271 DE
1210 214 1429 272 MUNDI
1468 210 1862 269 CBEATIONE
1898 206 2153 265 ORATIO
2191 203 2258 260 Υ.
2295 244 2298 248 .

3203 191 3304 246 6-76

1737 327 1953 396 λέγεται
1994 323 2087 376 ἐπὶ
2112 322 2214 392 τῆς
2238 314 2589 388 εὐπρεπείας
2612 311 2687 376 ὼς
2711 311 2837 364 ὅταν
2862 324 2947 371 τις
2971 305 3308 375 θεασάμενος

1738 421 2034 492 πρόσωπον
2050 416 2342 487 εὔμορφον,
2371 410 2557 481 ἐπειδὴ
2574 407 2736 463 καλὸν
2759 405 3002 474 πλάσμα,
3028 403 3182 473 λέγῃ.
3206 402 3307 454 Οὐ-

1734 514 1824 569 δὲν
1853 511 2105 582 ἐποίησεν
2125 511 2153 562 6
2176 506 2307 569 Θεὸς
2331 507 2390 558 ἐν
2411 503 2490 574 τῷ
2525 501 2736 572 σώματι
2761 498 3026 570 ἀπρεπὲς,
3051 493 3187 549 ἀλλά
3211 493 3304 546 καὶ

1735 606 1871 676 πρὸς
1896 581 2004 673 τὴν
2027 600 2357 670 εὐπρέπειαν
2394 595 2488 649 καὶ
2521 592 2657 665 πρὸς
2692 591 2790 663 τὴν
2820 590 3036 661 χρῆσιν.
3079 581 3237 654 Οἷον,
3273 584 3307 638 ὁ

1735 697 2009 768 ὀφθαλμὸς
2039 694 2132 747 δύο
2160 692 2274 763 ἔχει
2295 733 2309 757 ,
2339 690 2432 744 καὶ
2464 689 2661 759 χρῆσιν
2691 683 2786 738 καὶ
2816 680 3177 752 εὐπρέπειανο
3212 679 3307 732 καὶ

1733 790 1844 861 7&9
1874 789 2078 859 βλέπει,
2104 787 2199 840 καὶ
2231 781 2510 852 φαιδρύνει
2539 779 2600 831 τὸ
2628 777 2950 847 πρόσωπον,
2987 772 3082 825 καὶ
3112 771 3306 839 κοσμεῖ

1734 884 1833 953 τὴν
1858 883 2000 951 ὄψιν,
2030 879 2122 933 καὶ
2157 878 2260 949 ὁρᾷ
2283 875 2479 929 πάντα.
2521 871 2590 924 Ἦ
2629 868 2766 939 ἀκοὴ
2794 866 2906 938 ἔχει
2944 866 3043 936 τὴν
3087 865 3304 935 χρῆσιν,

1736 976 1848 1048 ἔχει
1901 975 1998 1044 τὴν
2047 972 2219 1042 δψινι
2247 986 2265 1002 ο
2318 968 2380 1022 τὸ
2429 966 2537 1037 7&9
2588 960 2968 1033 περικείμενον
3031 957 3309 1027 κύμϐαλον

1737 1073 1932 1141 κοσμεῖ
1971 1069 2032 1122 τὸ
2072 1065 2228 1130 ζῶον.
2281 1061 2510 1133 Ὁμοίως
2539 1060 2572 1128 ή
2609 1056 2694 1128 ῥὶς
2737 1055 2850 1125 εχει
2895 1053 2991 1123 τὴν
3041 1052 3307 1122 ὄσφρησιν

1737 1159 2066 1229 ἀναγκαίανο
2101 1154 2214 1210 ἀλλ’
2240 1152 2373 1224 ἔχει,
2405 1149 2557 1220 παρὰ
2577 1147 2644 1200 τὰ
2669 1145 2803 1200 ἄλλα
2830 1143 2964 1208 ζῶα,
2994 1141 3181 1212 ῶσπερ
3219 1157 3309 1211 με·

1741 1255 1998 1324 σότοιχον,
2032 1249 2123 1304 καὶ⁸
2150 1243 2388 1316 πληροῦν
2412 1242 2509 1312 τὴν
2535 1237 2864 1310 εὐπρέπειαν
2888 1251 2901 1264 ·
2934 1233 3092 1286 τοῦτο
3112 1230 3188 1302 τῷ
3219 1232 3307 1284 άν-

1738 1323 1939 1416 Θρώπῳ
1986 1339 2252 1409 ὑπάρχει·
2287 1333 2356 1387 τά
2397 1331 2506 1402 γὰρ
2543 1329 2677 1385 ἄλλα
2723 1327 2837 1392 ζῶα
2880 1325 3158 1396 μυκτῆρας
3206 1323 3307 1376 οὐκ

1737 1412 1968 1506 ἔχουσιν,
1995 1430 2130 1484 ἀλλὰ
2169 1428 2295 1499 μίαν
2329 1423 2555 1478 καθόλου
2585 1420 2682 1490 τὴν
2723 1418 2890 1470 θέσιν.
2922 1414 3090 1469 Τοῦτο
3131 1413 3188 1467 δε
3219 1412 3307 1466 διὰ

1736 1528 1894 1579 τοῦτο
1933 1525 2160 1577 ἔπλασεν
2189 1522 2217 1573 6
2244 1517 2395 1580 Θεός.
2427 1515 2516 1567 Διὸ
2543 1513 2636 1565 καὶ
2665 1509 2825 1564 Δαυῖδ
2845 1526 2858 1538 ο
2908 1508 2969 1560 '0
3001 1505 3307 1576 φυτεύσας

1828 1612 1957 1681 οὖς,
1990 1613 2122 1682 οὐχ)
2158 1578 2366 1664 ἀκούει
2378 1623 2396 1671 ;
2432 1605 2470 1673 ἢ
2513 1607 2546 1658 ό
2579 1600 2820 1666 πλάσας
2844 1599 2950 1652 τὸν
2973 1593 3306 1666 ὀφθαλμὸν,
3355 1578 3368 1682 ’γ

1737 1707 1872 1774 οὐχὶ
1915 1700 2219 1764 κατανοεῖ;
2269 1697 2422 1752 Οὕτω
2461 1695 2554 1749 καὶ
2596 1692 2696 1761 τὴν
2733 1690 2834 1760 γῆν
2885 1687 3140 1758 ἐποίησε,
3172 1685 3308 1756 πρὸς

1738 1797 2085 1870 εὐπρέπειαν,
2108 1792 2245 1864 πρὸς
2267 1790 2482 1861 χρῆσιν.
2505 1785 2610 1839 Καὶ
2636 1784 2725 1838 ἵνα
2753 1782 2825 1853 μὴ
2848 1777 3006 1844 δείξω
3030 1795 3111 1831 σοι
3141 1775 3309 1830 πολλά

1736 1895 2010 1967 εὐπρεπῆ,
2042 1892 2098 1945 ἓν
2121 1888 2290 1944 εἰπὼν
2325 1886 2726 1957 ὑπερϐήσομαι.
2757 1883 2997 1937 Ἔδωκεν
3016 1880 3045 1932 6
3073 1878 3205 1941 Θεὸς
3231 1877 3309 1947 τῷ

1738 1963 2029 2061 ἀνθρώπῳ,
2049 1985 2193 2054 λέγω
2215 1981 2279 2052 δὴ
2305 1979 2382 2050 τῷ
2405 1978 2577 2048 ἀνδρὶ,
2608 1975 2744 2047 μετά
2767 1973 2874 2027 τῶν
2901 1972 3070 2027 ἄλλων
3089 1970 3182 2024 καὶ
3197 1963 3310 2040 ’μα-

1739 2060 1879 2135 στῶν
1905 2077 2187 2151 ἁρμονίαν.
2226 2071 2405 2143 Ἀνδρὶ
2435 2069 2634 2140 μαστὸς
2661 2065 2834 2130 διατί;
2866 2064 2964 2116 Διά
2989 2063 3086 2133 τὴν
3117 2060 3312 2130 εὐπρέ-

1738 2189 1916 2228 πειαν.
1960 2171 2140 2224 Ἔστω
2172 2165 2280 2237 γὰρ
2307 2161 2525 2232 γυναικὶ
2556 2159 2644 2212 διὰ
2669 2157 2728 2210 τὸ
2756 2157 3048 2225 ἀναγκαῖον
3081 2154 3178 2222 τῆς
3213 2151 3310 2220 φύ-

1746 2281 1904 2328 σεως,
1929 2259 2018 2315 διὰ
2040 2257 2137 2330 τὴν
2167 2253 2430 2328 χορηγίαν
2465 2249 2558 2304 τοῦ
2585 2247 2884 2318 γάλακτος·
2927 2244 3076 2316 ἀνδρὶ
3110 2241 3311 2313 μαστὸς

1739 2355 1880 2410 διατί
1897 2371 1912 2420 ;
1927 2351 2028 2406 Διὰ
2044 2353 2142 2422 τὴν
2168 2347 2519 2420 εὐπρέπειαν,
2543 2341 2630 2396 διὰ
2644 2342 2739 2412 τὴν
2763 2336 3082 2408 εὐκοσμίαν.
3104 2336 3314 2402 ’Ὠσπερ

1740 2448 1850 2519 γὰρ
1894 2448 1950 2499 ἐν
1989 2448 2101 2508 τοῖς
2155 2439 2546 2510 οἰκοδομήμασι
2589 2433 2712 2486 τινά
2758 2429 2854 2500 μὲν
2886 2429 3094 2497 γίνεται
3130 2424 3219 2480 διὰ
3253 2424 3314 2478 τὸ

1741 2514 2067 2608 άναγκαῖον,
2093 2535 2216 2589 τινὰ
2246 2533 2302 2586 δε
2324 2531 2413 2586 διὰ
2435 2528 2534 2598 τὴν
2558 2523 2908 2595 εὐπρέπειαν·
2935 2518 3103 2576 οὕτως
3127 2519 3156 2570 6
3185 2514 3314 2577 Θεὸς

1743 2632 1838 2687 καὶ
1862 2607 2155 2699 ἐκόσμησε
2195 2625 2285 2678 τὸν
2325 2621 2640 2692 ἄνθρωπον,
2677 2613 2772 2667 καὶ
2812 2609 2946 2680 πρὸς
2984 2609 3083 2680 τὴν
3121 2607 3314 2678 χρῆσιν

1744 2697 2063 2795 ἀπήρτισεν.
2078 2697 2360 2772 νἜπλασεν
2383 2713 2544 2766 αὐτὸν
2574 2707 2701 2780 χοῦν
2729 2703 2910 2759 λαϐὼν
2932 2700 3041 2754 ἀπὸ
3064 2697 3163 2768 τῆς
3187 2699 3310 2767 γῆς.

1744 2786 2025 2887 Μακάριαι
2057 2815 2111 2865 αἱ
2143 2805 2483 2882 Χριστιανῶν
2513 2801 2723 2862 ἐλπίδες
2745 2837 2760 2862 ,
2800 2795 2896 2848 ἐὰν
2927 2790 3236 2860 ἐπιγνῶμεν
3281 2786 3319 2840 ἃ.

1746 2882 2033 2977 ἀκούομεν.
2058 2903 2206 2957 Διατί
2232 2901 2330 2954 οὐκ
2350 2893 2470 2951 εἷπε
2489 2912 2504 2927 ο
2529 2893 2726 2947 Ἔλαϐε
2747 2889 2912 2960 βῶλον
2931 2885 3036 2940 άπὸ
3053 2883 3152 2953 τῆς
3179 2882 3280 2950 γῆς
3301 2889 3316 2944 ς

1747 2997 2011 3052 Τοσοῦτον
2047 2996 2202 3066 σῶμα
2250 2992 2480 3046 ἔπλασευ
2525 2987 2618 3041 καὶ
2661 2983 2722 3036 οὐ
2766 2980 2956 3053 χρείαν
2999 2976 3156 3046 ἔσχεν
3198 2972 3320 3026 οὐδὲ

1751 3089 1943 3161 βώλου,
1966 3087 2100 3140 ἀλλὰ
2126 3063 2251 3156 χοῦν
2277 3080 2575 3152 λαμϐάνεις
2617 3077 2676 3129 Ὀ
2705 3072 2836 3135 Θεὸς
2860 3067 3074 3138 προεῖδε
3104 3066 3172 3120 τὰ
3205 3063 3323 3135 μέλ-

1749 3156 1906 3235 λοντα
1937 3179 2010 3242 ὡς
2043 3178 2189 3230 ὄντα.
2235 3171 2452 3242 Ἐπειδὴ
2478 3166 2720 3240 προῄδει,
2749 3165 2830 3217 ὅτι
2859 3160 3039 3232 μέλλει
3067 3156 3320 3226 τελευτᾷν

1751 3274 1812 3328 τὸ
1843 3271 2000 3337 ζῶον,
2043 3269 2134 3320 καὶ
2167 3267 2245 3328 εἰς
2283 3263 2410 3334 χοῦν
2448 3256 2906 3332 μεταϐάλλεσθαι,
2939 3247 3226 3321 προλαϐὼν
3264 3249 3322 3299 ἐν

1753 3367 1819 3436 τῇ
1867 3358 2190 3434 δημιουργίᾳ.
2238 3353 2403 3419 ἔδειξε
2439 3351 2538 3422 τὴν
2582 3346 2773 3401 ἐλπίδα
2815 3343 2915 3414 τῆς
2955 3340 3321 3400 ἀναστάσεως.

1753 3430 2032 3526 λαμϐάνει
2063 3449 2188 3521 χοῦν
2217 3445 2323 3501 ἀπὸ
2358 3444 2460 3514 τῆς
2485 3442 2611 3512 γῆς,
2645 3439 2711 3492 ἵν’
2755 3439 2881 3491 ὅταν
2923 3435 3038 3505 ἴδῃς
3071 3434 3128 3485 ἐν
3170 3430 3324 3497 τάφῳ

1756 3554 1906 3624 χοῦν,
1938 3550 2078 3621 γνῷς
2105 3550 2186 3601 ὃτι
2213 3545 2242 3596 6
2277 3544 2450 3596 ἐκεῖνο
2479 3538 2686 3600 πλάσας
2721 3536 2814 3589 καὶ
2837 3533 2995 3586 τοῦτο
3023 3528 3321 3596 άνίστητιν.

1761 3614 2034 3700 τΕπέῑασε
2055 3640 2159 3693 τὸν
2184 3639 2513 3705 ἄνθρωπον,
2535 3630 2688 3700 χοῦν
2708 3625 2907 3681 λαϐὼν
2925 3621 3041 3678 ἀπὸ
3061 3618 3172 3688 τῆς
3192 3614 3324 3686 γῆς,

1758 3737 1853 3792 καὶ
1902 3733 2284 3802 ἐνεφύσησεν
2313 3728 2399 3792 είς
2429 3723 2495 3777 τὸ
2544 3721 2866 3790 πρόσωπον
2903 3711 3087 3768 αὐτοῦ
3130 3707 3329 3774 πνοὴν

1760 3829 1926 3897 ζωῆς.
1973 3799 2145 3878 Ιέλέπε
2191 3817 2454 3889 διαφοράν
2495 3811 2794 3883 ἀνθρώπων
2837 3809 2930 3861 καὶ
2976 3805 3203 3872 ἀλόγων.
3249 3799 3330 3853 Τὰ

1760 3891 1895 3978 ἄλλα
1924 3920 2095 3974 πάντα
2126 3914 2290 3968 ποιῶν
2311 3911 2339 3963 ὁ
2367 3909 2518 3972 Θεὸς,
2540 3903 2676 3977 ὁμοῦ
2708 3903 2883 3955 πάντα
2899 3899 3166 3969 ἐπήγαγε,
3193 3891 3330 3963 μετὰ

1761 4015 1854 4069 τοῦ
1888 4013 2133 4084 σώματος
2183 4007 2277 4060 καὶ
2307 4005 2405 4073 τὴν
2448 4001 2649 4070 ψυχήν.
2689 3995 2962 4068 Πρόσεχε,
3007 3985 3328 4060 παρακαλῶ.

1777 4110 2028 4178 Ἐποίησε
2069 4105 2136 4158 τά
2180 4099 2371 4172 νηκτὰ,
2417 4095 2551 4166 ὁμοῦ
2601 4092 2759 4162 σῶμα
2806 4086 2956 4162 [486]
2998 4085 3093 4140 καὶ
3133 4085 3328 4153 ψυχήν,

1779 4174 2141 4268 Ἐξαΐὰγέτω
2187 4195 2223 4261 ἡ
2268 4189 2345 4261 γῆ
2385 4186 2528 4250 ζῶα·
2571 4181 2835 4255 προῆλθεν
2874 4177 3010 4249 ὁμοῦ
3055 4175 3188 4245 μετά
3225 4174 3332 4227 τῶν

1769 4265 2035 4362 σωμάτων
2067 4285 2159 4340 καὶ
2183 4286 2215 4354 ἡ
2236 4282 2402 4352 ψυχή.
2428 4278 2530 4332 Τὸν
2548 4275 2830 4346 ἄνθρωπον
2854 4272 2998 4324 ποιεῖ
3019 4267 3094 4336 τῷ
3123 4265 3334 4335 σώματι

1770 4358 2004 4456 πρῶτον,
2042 4375 2160 4432 εἶτα
2182 4379 2248 4446 τῇ
2273 4373 2439 4443 ψυχῇ.
2469 4367 2566 4422 Διὰ
2590 4366 2747 4421 ποίαν
2774 4363 2994 4424 ἐλπίδα;
3021 4361 3120 4412 Οῖα
3143 4360 3176 4429 ἡ
3203 4358 3337 4412 πλά-

1769 4495 1875 4542 σις,
1908 4471 2130 4541 τοιαύτη
2166 4467 2261 4522 καὶ
2284 4468 2318 4537 ή
2355 4463 2506 4525 λύσις
2525 4478 2539 4491 ο
2564 4459 2634 4512 τά
2673 4456 2788 4523 ζῶα
2825 4455 2913 4508 διά
2933 4452 3092 4507 τοῦτο
3115 4451 3340 4504 ἀνάστα-

1773 4588 1854 4624 σιν
1877 4569 1975 4621 οὐκ
1997 4565 2130 4636 ἔχει,
2159 4559 2344 4628 ἐπειδὴ
2365 4557 2438 4620 ὼς
2459 4553 2694 4623 ἐγένετο,
2715 4548 2856 4602 οὕτω
2878 4547 2970 4600 καὶ
2989 4543 3338 4614 ἀποθνήσκει⁶

1772 4661 1905 4733 ὁμοῦ
1945 4659 2004 4712 τὸ
2027 4631 2190 4725 ’σῶμα
2232 4652 2325 4706 καὶ
2352 4652 2386 4720 ἡ
2409 4646 2555 4718 ψυχή
2582 4643 2921 4714 ἀφανίζεται.
2958 4638 3032 4690 Τὸ
3062 4635 3220 4705 σῶμα
3249 4631 3342 4684 τοῦ

1774 4723 2059 4825 ἀνθρώπου
2096 4723 2286 4799 ἔλαϐεν
2327 4741 2433 4794 ἀπὸ
2463 4739 2562 4807 τῆς
2595 4739 2727 4803 γῆς,
2758 4733 2855 4803 τὴν
2885 4729 2941 4783 δε
2974 4728 3150 4797 ψυχὴν
3184 4723 3345 4785 αὐτὸς

1775 4815 1954 4900 δίδωσι
1994 4840 2217 4902 κτίσας,
2245 4833 2672 4905 δημιουργήσας,
2708 4825 2807 4878 οὐκ
2851 4823 2915 4874 ἐκ
2947 4819 3043 4889 τῆς
3075 4817 3208 4879 ἰδίας
3254 4815 3348 4868 οὐ·

1779 4939 1897 5002 σίας
1920 4931 2184 4995 ἐκϐαλὼν,
2214 4930 2280 4983 ἵν’
2305 4929 2430 4981 ὅταν
2467 4921 2712 4990 ἀποθάνῃ
2741 4916 2803 4970 τὸ
2833 4914 3011 4984 σῶμα,
3037 4910 3071 4982 ἢ
3097 4910 3126 4960 6
3148 4909 3350 4979 6'wO9w-

1780 5000 1900 5096 πος,
1935 5029 2009 5099 μὴ
2036 5021 2362 5092 άπογνῶμεν
2392 5018 2490 5088 τῆς
2515 5013 2712 5085 ψυχῆς.
2745 5008 2812 5062 Τί
2836 5006 2965 5076 γὰρ,
2983 5003 3069 5099 δτι
3093 5001 3264 5070 ἐτάφη
3290 5000 3349 5052 ἐν

1779 5091 1949 5192 τάφῖρ.
1961 5091 2021 5172 τὸ
2053 5115 2210 5186 σῶμα
2231 5131 2245 5180 ;
2270 5091 2365 5182 Μὴ
2391 5107 2767 5181 προσδοκήσῃς
2803 5100 2921 5154 ἐκεῖ
2956 5091 3095 5150 εῖναι
3127 5092 3224 5164 τὴν
3248 5092 3351 5161 ψυ-

1780 5186 2010 5286 χήνίΟὐ
2045 5209 2154 5279 7&9
2185 5203 2295 5262 ἀπὸ
2319 5204 2420 5272 γῆς
2448 5199 2676 5270 ἐλήφθη,
2715 5195 2838 5249 οὐδὲ
2861 5193 2941 5255 είς
2979 5191 3082 5260 γῆν
3117 5186 3354 5256 ἀπέρχε-

1780 5274 1893 5363 ται.
1934 5274 2203 5374 Ἔστησεν
2231 5296 2324 5353 οῦν
2352 5299 2452 5368 τὴν
2495 5293 2703 5348 ἐλπίδα.
2739 5287 2837 5343 Διά
2867 5284 3026 5341 τοῦτο
3060 5281 3153 5334 καὶ
3189 5280 3247 5332 ἐν
3277 5274 3355 5346 τῷ

1796 5397 2051 5469 Ἰεζεκιὴλ
2094 5369 2427 5464 προφητεύει
2475 5387 2572 5459 τὴν
2622 5383 2918 5438 ἀνάστασιν
2961 5373 3105 5428 οὕτω
3147 5369 3353 5436 λέγων·

1853 5581 1880 5609 ⁸
1904 5575 2160 5629 Combeﬁs.
2185 5571 2450 5632 legendum
2467 5572 2607 5633 putat
2627 5564 2750 5628 ἔχειν
2776 5559 2860 5616 τὴν
2881 5555 3060 5620 τέρψιν.
3083 5548 3185 5602 Sed
3207 5544 3361 5600 lectio

1791 5647 1846 5694 ut
1867 5646 1945 5692 est
1970 5639 2086 5688 ferri
2110 5639 2299 5712 ροιεεῐ.
