3704 6274
58 228 163 286 ιἸυἹ

58 341 440 398 surrectionem
469 337 788 394 vaticinatur
813 334 897 390 bis
937 332 1158 390 verbis:
1189 334 1408 387 Mortuis
1445 333 1639 387 ossibus

57 451 241 501 corpus
266 438 454 504 factum
479 439 553 485 est
580 428 789 502 (Ezech.
822 428 908 482 37.
941 424 1019 496 9).
1050 423 1250 479 Deinde
1275 424 1348 477 ait
1372 441 1387 477 :
1416 423 1499 477 Ea:
1514 439 1642 491 qna-

59 536 170 577 tttor
207 523 364 578 ventis
401 522 564 576 veniat
605 521 839 589 spiritus,
884 528 929 571 et
967 516 1282 587 ingrediatur
1324 516 1381 568 in
1418 524 1642 568 mortuos

57 617 176 683 hos,
198 625 247 669 et
284 615 471 669 vivant.
509 613 598 667 Sic
629 621 684 667 et
715 611 876 665 David
907 610 1101 664 clamat
1129 626 1143 661 :
1174 607 1384 676 Auferes
1411 606 1643 676 spiritum

57 724 251 775 eorum,
291 716 341 761 et
365 705 629 774 deﬁcient,
672 713 719 755 et
757 702 808 755 in
837 700 1090 769 pulverem
1136 714 1284 752 suum
1312 705 1639 750 revertentur.

60 798 273 853 Emittes
303 795 553 867 Sptritum
581 803 743 859 tuum,
774 800 819 845 et
849 791 1175 855 creabantur,
1201 797 1249 841 et
1274 786 1535 841 renovabis
1557 785 1642 854 [a-

57 890 182 942 cient
208 899 354 941 terrae
375 883 551 959 (Psal.
581 884 705 939 105.
734 881 824 938 29.
855 881 970 949 50).
1000 878 1187 933 Vidisti
1212 878 1467 949 Spiritum
1491 890 1643 931 crea-

60 978 275 1035 torem?
302 977 477 1032 vidisti
504 991 624 1030 cum
658 975 768 1028 Deo
787 970 1139 1041 operantem?

138 1070 195 1125 5.
238 1068 341 1123 Sed
379 1066 443 1119 ad
475 1065 803 1136 propositum
834 1076 1182 1117 revertamur.
1217 1058 1516 1129 lusu/ﬂavit.
1544 1057 1647 1112 Per

59 1160 230 1225 illud,
278 1157 596 1227 Insuﬂiavit,
648 1155 841 1208 anim'e
901 1152 1296 1222 simplicitatem
1347 1147 1583 1203 ostendit
1630 1166 1647 1203 :

59 1253 182 1307 ideo
209 1264 307 1305 nec
332 1249 517 1303 multis
539 1249 908 1301 cominnatur.
939 1241 1169 1298 Attende
1189 1241 1322 1310 jam.
1346 1238 1479 1306 Quia
1498 1253 1651 1293 crea-

61 1354 177 1397 tura
207 1344 618 1402 inveteraverat,
644 1336 788 1391 illam
813 1335 1057 1391 Christus
1082 1334 1133 1387 in
1157 1332 1552 1402 diSpensatione
1575 1328 1648 1401 (a)

65 1436 347 1489 instaurat.
401 1432 684 1487 Formatus
723 1437 807 1484 est
850 1427 1016 1481 Adam
1063 1426 1130 1480 de
1172 1434 1314 1480 terra
1358 1422 1653 1478 :formavit

61 1529 307 1582 Christus
345 1526 474 1581 caeci
520 1524 704 1578 oculos
737 1538 803 1577 ex
828 1523 941 1576 luto
960 1562 975 1586 ,
1006 1530 1063 1574 ut
1092 1520 1217 1575 hinc
1246 1519 1463 1573 noveris
1490 1532 1609 1571 eum
1634 1557 1649 1581 ,

62 1620 150 1689 qui
190 1617 399 1686 accepit
425 1615 693 1685 pulverem
719 1612 785 1668 de
814 1622 952 1667 terra
974 1654 989 1678 ,
1018 1621 1071 1666 et
1101 1611 1368 1665 formavit.
1400 1608 1647 1662 lnsufﬁa-

60 1710 136 1763 vit
180 1710 320 1763 Deus
360 1709 414 1763 in
459 1706 643 1760 faciem
671 1704 839 1759 Adam
889 1703 1150 1772 spiracula
1179 1701 1335 1765 vitae;
1367 1698 1650 1754 insufﬁavit

58 1802 305 1857 Christus
354 1800 405 1854 in
444 1797 635 1853 faciem
678 1799 1080 1866 apostolorum,
1119 1803 1174 1848 et
1212 1792 1347 1847 dixit
1391 1790 1656 1860 :Accipite

60 1893 315 1964 Spiritum
357 1900 587 1945 sanctum
633 1888 813 1961 (Joan.
852 1888 942 1942 20.
969 1887 1083 1959 22).
1116 1887 1243 1939 Eam
1274 1900 1394 1955 quae
1423 1884 1654 1953 perierat

57 1983 252 2039 Adami
297 1980 749 2045 insulﬁationem,
796 1978 1039 2032 Christus
1090 1977 1357 2040 restituit,
1401 1985 1456 2029 et
1483 1974 1654 2028 factus

59 2085 141 2129 est
178 2087 366 2128 rursus
393 2071 553 2125 homo
580 2071 630 2123 in
652 2071 884 2123 animam
911 2068 1200 2121 viventem.
1232 2066 1329 2119 llic
1354 2065 1511 2119 seriei
1534 2064 1653 2117 ani-

58 2180 203 2218 mum
250 2162 464 2217 adhibe.
518 2159 739 2215 Etiamsi
785 2159 927 2213 enim
959 2158 1101 2213 vocis
1147 2171 1403 2227 organum
1434 2154 1648 2223 deﬁcit,

58 2266 317 2314 consueta
367 2266 541 2312 tamen
595 2271 691 2326 spe
739 2268 1109 2325 prtecurrcns,
1158 2251 1490 2319 fratrumque
1531 2259 1653 2302 vota

57 2354 405 2418 accelerans,
452 2351 616 2405 credo
659 2349 890 2403 dandum
939 2347 1067 2402 mihi
1104 2362 1224 2401 esse
1254 2344 1471 2399 verbmn
1498 2384 1512 2409 ,
1548 2359 1652 2396 non

58 2443 240 2497 meriti
292 2442 400 2498 mei
440 2455 637 2506 causa,
680 2439 773 2493 sed
814 2436 1106 2492 alacritatis
1130 2435 1434 2490 auditorum
1460 2433 1653 2502 gratia.

58 2534 289 2589 Etiamsi
317 2533 516 2589 sanctis
537 2547 641 2585 non
668 2532 836 2585 simus
865 2528 1247 2599 comparandi;
1271 2536 1325 2580 at
1346 2526 1418 2579 illi
1445 2539 1657 2595 quoque

57 2627 183 2682 talia
225 2634 358 2681 sunt
394 2624 565 2697 passi,
594 2623 945 2692 corporisque
970 2617 1367 2675 inﬁrmitatibus
1396 2616 1657 2686 impedie-

58 2720 276 2776 bantur.
316 2717 371 2772 ld
417 2715 729 2772 testificatur
770 2712 937 2767 David
979 2712 1161 2767 dicens
1204 2729 1219 2763 :
1258 2709 1507 2763 Laboravi
1545 2709 1656 2761 σιτι-

59 2830 204 2867 mans
223 2853 239 2877 ,
264 2827 433 2865 rauca:
460 2811 609 2878 facta:
635 2817 750 2861 sunt
775 2809 949 2876 fauces
979 2821 1101 2858 mea:
1130 2802 1301 2877 (Psat.
1334 2807 1424 2857 os.
1454 2804 1531 2872 λι).
1551 2801 1658 2855 Ille-

59 2908 161 2962 lius
208 2920 372 2976 porro
413 2914 493 2959 cst
531 2918 689 2955 rauca
720 2915 849 2955 voce
877 2907 1020 2954 recta
1050 2897 1263 2962 dicere,
1290 2912 1448 2966 quam
1469 2937 1484 2961 ,
1513 2906 1657 2948 recta

60 3015 227 3064 voce,
274 2998 456 3051 animo
487 3008 798 3065 perversum
829 3005 966 3045 esse.
1001 2988 1258 3042 Ptautavit
1288 2986 1422 3041 Deus
1452 2985 1660 3057 paradi-

61 3108 171 3145 sum
194 3090 250 3143 in
276 3088 437 3142 Edent
461 3088 530 3140 ad
550 3087 790 3140 orientem
817 3082 966 3155 (Gen.
999 3081 1054 3136 2.
1087 3081 1166 3149 8).
1192 3080 1327 3146 Quid
1349 3088 1431 3135 est
1454 3078 1659 3132 Edem?

63 3182 231 3240 Edem
264 3179 527 3251 signiﬁcat
556 3177 775 3232 delicias
802 3191 818 3240 ;
850 3190 913 3230 ac
941 3174 985 3229 si
1013 3173 1129 3242 quis
1151 3172 1373 3237 diceret,
1400 3170 1661 3224 Plantavit

64 3272 379 3344 paradisum
410 3271 460 3324 in
490 3269 697 3324 deliciis
720 3311 733 3331 ,
758 3267 871 3321 sive
900 3267 952 3319 in
982 3265 1240 3319 delicioso
1266 3264 1386 3317 loco
1406 3304 1419 3325 ,
1454 3262 1506 3314 in
1540 3261 1659 3331 pul-

63 3368 196 3421 chro
237 3365 380 3419 loco.
423 3364 653 3432 Ideoque
693 3362 744 3415 in
786 3361 888 3413 ﬁne
913 3358 1041 3412 dicit
1074 3374 1087 3410 :
1121 3355 1189 3408 Et
1214 3356 1355 3427 ejecit
1382 3353 1543 3407 Adam
1568 3394 1583 3419 ,
1615 3362 1661 3406 et

64 3457 335 3512 collocavit
364 3472 479 3509 eum
504 3471 566 3508 ea:
591 3453 799 3506 adverso
827 3449 1053 3520 paradisi
1078 3445 1367 3516 voluptatis.
1400 3443 1660 3498 Plantavit

63 3550 203 3607 Deus
224 3547 523 3618 paradisum
550 3545 603 3597 in
633 3543 795 3596 Edent
823 3541 888 3593 ad
913 3540 1150 3593 orientem
1173 3535 1326 3609 (Gen.
1349 3537 1401 3591 5.
1424 3534 1536 3605 24).
1553 3534 1662 3589 Cur

64 3658 169 3694 non
199 3640 257 3692 in
288 3639 391 3691 alio
417 3637 651 3699 climate,
674 3633 768 3688 sed
790 3631 856 3686 ad
877 3630 1142 3686 orientem
1166 3626 1487 3696 paradisus?
1507 3624 1663 3680 Unde

66 3733 282 3789 initium
312 3744 501 3785 cursus
523 3725 893 3791 luminarinm,
923 3723 1047 3777 inde
1070 3721 1387 3791 principium
1417 3720 1539 3773 vita:
1562 3719 1661 3772 ho-

66 3829 298 3881 minum.
325 3823 707 3893 Praesigniﬁcat
736 3821 874 3875 Deus
900 3817 1139 3872 futurum
1175 3835 1187 3870 :
1218 3815 1281 3870 ad
1314 3814 1576 3869 orientem
1610 3813 1665 3866 in

68 3918 324 3991 paradiso
371 3915 519 3985 ponit
565 3913 863 3976 hominem,
912 3918 970 3964 ut
1007 3907 1288 3971 ostendat,
1316 3905 1662 3976 quemadmo-

67 4010 193 4065 dum
237 4007 525 4062 luminaria
572 4005 658 4059 illa
696 4001 923 4059 orientia
954 4008 1175 4054 currunt
1204 3997 1269 4050 ad
1298 3994 1663 4059 occidentem,

66 4113 118 4156 et
145 4099 403 4156 occidunt
445 4115 459 4153 :
491 4097 562 4151 ita
608 4105 663 4151 et
701 4094 843 4149 hunc
880 4101 1133 4161 Oportere
1159 4104 1190 4142 a
1218 4088 1321 4141 vita
1354 4087 1408 4141 in
1440 4093 1665 4139 mortem

69 4207 294 4247 currere
319 4200 377 4244 et
390 4187 657 4253 occidere,
682 4178 1445 4256 quemadmodumluminaria,
1471 4176 1667 4229 alium-

69 4299 175 4358 que
244 4295 460 4336 rursum
511 4281 788 4333 'oricntem
858 4288 1072 4330 sumere
1148 4288 1213 4325 ex
1280 4267 1669 4323 resurrectione

71 4354 433 4428 mortuorum.
479 4368 726 4423 Cucurrit
761 4365 929 4421 Adam
976 4365 1041 4417 ad
1081 4359 1449 4423 occidentem,
1478 4354 1671 4411 occidit

71 4468 131 4523 in.
169 4466 478 4536 sepulcrum
526 4481 540 4517 :
586 4469 826 4531 sequuta:
872 4467 997 4513 sunt
1036 4456 1180 4508 illum
1220 4469 1307 4506 res
1367 4459 1559 4514 terrae,
1615 4456 1671 4503 et

72 4575 193 4615 cum
241 4559 340 4614 illo
377 4554 656 4610 occidente
700 4550 921 4620 sepulta:
960 4556 1098 4601 sunt.
1137 4545 1289 4598 Venit
1313 4541 1589 4604 Christus,
1618 4547 1673 4593 et

73 4666 196 4711 eum
219 4649 315 4718 qui
336 4645 610 4701 occiderat
632 4643 760 4696 oriri
788 4639 1012 4695 curavit.
1042 4636 1163 4691 Ideo
1186 4635 1313 4689 dicit
1341 4632 1407 4687 de
1434 4632 1524 4685 illo
1551 4646 1673 4699 pro-

75 4747 236 4815 pheta
270 4759 286 4797 :
319 4740 453 4795 Ecce
473 4740 548 4793 vir
568 4779 583 4805 ,
618 4737 795 4790 Oriens
821 4748 1004 4787 nomen
1030 4731 1159 4800 ejus,
1183 4738 1230 4781 et
1255 4728 1346 4781 sub
1366 4726 1455 4778 illo
1483 4724 1674 4777 orietur

78 4837 267 4908 (Zach.
312 4835 368 4891 6.
421 4834 512 4903 12)
538 4851 551 4895 ;
595 4844 787 4898 nempe
812 4843 877 4882 ex
905 4823 1182 4893 sepulcris.
1212 4820 1265 4872 ln
1296 4818 1500 4872 Adamo
1528 4815 1667 4868 orci-

74 4905 151 4983 dtt
192 4928 398 4988 homo,
444 4925 498 4977 in
544 4922 755 4976 Christo
792 4928 945 4971 ortus
964 4924 1045 4970 est
1078 4933 1090 4966 :
1121 4913 1171 4965 id
1204 4910 1514 4965 testiﬁcatur
1539 4905 1671 4959 Pau-

78 5023 160 5078 lus
212 5040 227 5076 :
286 5039 306 5072 s
341 5018 472 5072 Nam
516 5016 651 5069 sicut
680 5015 729 5065 in
762 5010 928 5065 Adam
962 5021 1149 5063 omnes
1174 5002 1490 5063 moriuntur,
1524 4998 1593 5050 ita
1621 5006 1675 5051 et

78 5118 128 5171 in
158 5114 380 5170 Christo
403 5123 589 5163 omnes
608 5104 1012 5160 viviﬁcabuntur
1042 5118 1060 5151 ι
1096 5099 1170 5170 (Ι.
1190 5095 1306 5151 Cor.
1332 5092 1579 5161 15.22).‹
1609 5089 1676 5143 Ει

78 5205 296 5276 accepit
329 5205 467 5256 Deus
494 5200 789 5263 hominem,
818 5210 973 5264 quem
1004 5191 1219 5253 fecerat,
1244 5196 1299 5242 et
1330 5185 1496 5255 posuit
1528 5182 1673 5237 illum

79 5304 129 5354 in
156 5274 412 5369 paradisi)
438 5311 456 5345 ›
487 5290 637 5363 (Cen.
663 5288 845 5357 2.15).
874 5285 1053 5341 Intulit
1075 5283 1222 5336 illum
1253 5281 1303 5333 in
1333 5287 1567 5348 paratam
1591 5274 1677 5328 do-

80 5408 253 5448 mum.
288 5383 751 5455 Qucmadmodnm
783 5382 827 5436 is
846 5421 859 5444 ,
887 5379 974 5448 qui
1001 5378 1229 5446 aliquem
1253 5375 1437 5427 invitat
1463 5370 1525 5423 ad
1549 5385 1678 5424 con-

84 5486 328 5549 mium,
372 5478 548 5549 primo
592 5481 814 5544 apparat
851 5470 1026 5537 aedes,
1066 5477 1119 5522 et
1157 5476 1279 5519 tunc
1323 5461 1526 5518 inducit
1554 5476 1675 5513 cum

144 5638 223 5701 (ω
257 5633 485 5701 scilicet.
520 5629 591 5701 in.
611 5624 936 5701 incarnatione
1095 5613 1678 5701 Piﬁf‘ffffi‘fiiiifﬂtﬁ'?

83 5675 961 5762 sct‘iit'tourvibuvévber'disttensatwneut,
981 5681 1355 5737 incarnationem
1377 5675 1674 5738 iui-“uigor”

1143 220 1233 276 DE
1271 220 1487 277 MUNDI
1524 219 1915 275 CBEATIONE
1954 219 2214 275 ORATIO
2244 221 2303 274 γ.

1748 346 1906 401 quem
1945 332 2188 385 invitavit
2220 352 2233 387 :
2265 334 2342 387 sic
2370 343 2425 389 et
2454 334 2539 389 hic
2568 351 2822 406 quoque:
2850 339 3053 406 paravit
3082 340 3159 393 ilii
3189 342 3336 397 ardes

1749 424 2095 492 magniﬁcas,
2154 423 2457 494 paradisum
2488 466 2502 490 ,
2549 436 2604 480 et
2654 428 2732 481 sic
2781 428 3058 483 invitatum
3105 430 3337 486 induxit.

1748 514 1974 570 Ubinam
2024 514 2280 571 formatus
2326 518 2457 571 est?
2498 517 2554 572 In
2598 528 2735 575 terra
2760 560 2776 587 ,
2815 530 2964 575 extra
3007 523 3329 591 paradisum.

1749 604 2215 672 Quemadmodum
2254 607 2398 661 enim
2430 608 2709 664 luminaria
2729 653 2746 677 ,
2778 611 2906 671 alibi
2933 612 3068 667 facta
3094 624 3218 669 sunt
3237 656 3253 682 ,
3281 625 3339 671 er

1751 697 1920 766 posita
1962 707 2086 752 sunt
2123 698 2178 752 in
2203 699 2338 754 caelo
2370 716 2385 753 :
2411 700 2488 755 sic
2517 709 2573 756 et
2598 700 2767 756 Adam
2792 712 2942 759 extra
2971 705 3227 760 tormatus
3251 714 3329 761 est

1752 788 1802 841 in
1845 788 1949 843 alia
1999 798 2153 845 terra:
2198 798 2383 860 parte,
2422 801 2477 845 et
2515 800 2641 848 tunc
2668 792 2912 849 inductus
2937 805 3020 849 est
3046 796 3097 850 in
3126 797 3335 867 paradi-

1750 892 1889 931 sum.
1931 877 2210 933 Undenam
2256 879 2401 935 hoc?
2446 881 2534 935 Ait
2582 882 2855 952 Scriptura
2880 884 2934 938 in
2960 885 3337 957 ﬁne,quando

1750 969 1954 1035 ejectus
1992 980 2075 1025 est
2112 971 2281 1025 Adam
2311 990 2325 1025 :
2361 991 2383 1025 ο
2414 972 2482 1027 Ει
2508 974 2686 1027 emisit
2715 974 2856 1030 Deus
2881 976 3050 1031 Adam
3083 979 3151 1034 de
3178 995 3339 1048 para-

1751 1061 1870 1116 diso
1899 1062 2207 1130 voluptatis,
2232 1073 2291 1118 ut
2308 1074 2622 1134 operaretur
2640 1076 2857 1133 terram,
2875 1067 2944 1122 de
2957 1084 3062 1139 qua
3087 1084 3340 1141 sumptus

1752 1162 1854 1209 est.
1900 1153 2086 1209 Posuit
2114 1155 2259 1209 illum
2298 1156 2349 1209 in
2379 1157 2628 1225 paradiso
2655 1159 2971 1228 voluptatis,
3001 1171 3057 1215 ut
3086 1178 3342 1233 operare-

1756 1251 1841 1296 tur
1868 1252 1923 1298 et
1950 1245 2244 1299 custodiret
2274 1245 2452 1299 illum:
2485 1246 2638 1324 (Gen.
2670 1249 2726 1302 2.
2757 1250 2872 1319 25).
2904 1250 2975 1306 Ut
3004 1264 3339 1321 operaretur.

1753 1330 1891 1397 Quid
1932 1333 1983 1387 in
2026 1335 2273 1403 paradiso
2315 1336 2755 1393 desiderabatur?
2792 1341 2873 1395 sin
2900 1344 3161 1411 cperario
3204 1361 3341 1415 opus

1755 1432 1908 1489 erat,
1959 1425 2224 1480 undenam
2268 1428 2546 1481 aratrum?
2593 1428 2733 1484 unde
2756 1432 2855 1484 alia
2887 1434 3227 1501 agricultura:
3255 1437 3341 1490 in-

1755 1516 2086 1568 strumenta?
2110 1516 2329 1584 Operari
2358 1528 2409 1572 et
2435 1519 2704 1575 custodire
2732 1532 3051 1592 pra-ceptum
3078 1524 3167 1580 Dei
3191 1569 3205 1592 ,
3235 1527 3341 1581 illi-

1756 1621 1858 1673 que
1898 1605 2159 1671 credere,
2206 1607 2299 1662 Dei
2336 1622 2471 1678 opus
2515 1620 2649 1664 erat.
2690 1611 2779 1665 Ait
2802 1611 3055 1668 Servatur
3086 1633 3098 1668 :
3134 1616 3246 1671 Hoc
3270 1627 3343 1673 est

1757 1710 1884 1762 opus
1906 1693 2001 1747 Dei
2020 1736 2034 1760 ,
2068 1705 2121 1747 ut
2149 1698 2365 1750 credatis
2390 1699 2442 1751 in
2473 1717 2614 1765 cum,
2643 1718 2787 1768 quem
2807 1704 2941 1756 misit
2964 1705 3052 1759 ille
3081 1706 3257 1777 (Joan.
3285 1709 3340 1764 6.

1756 1786 1869 1858 29).
1910 1786 2365 1853 Quemadmodum
2400 1789 2559 1859 igitur
2582 1790 2796 1847 Christo
2821 1796 3043 1850 credere
3070 1813 3204 1867 opus
3226 1810 3341 1867 est,

1756 1879 1834 1931 sic
1860 1879 2019 1932 etiam
2051 1879 2271 1934 credere
2297 1893 2561 1952 praacepto
2578 1925 2592 1947 ,
2630 1885 2945 1940 moriturum
2972 1902 3092 1942 esse
3110 1928 3128 1956 ,
3151 1890 3193 1942 si
3220 1892 3343 1945 teti-

1756 1971 1926 2039 gerit;
1957 1972 2217 2025 victurum
2239 2012 2254 2037 ,
2288 1973 2331 2025 si
2363 1988 2467 2027 non
2498 1975 2746 2042 tetigerit.
2786 1981 2933 2047 Opus
2957 1988 3073 2032 erat
3096 1979 3347 2047 spiritua-

1759 2062 1884 2116 lium
1909 2064 2191 2117 verbormu
2218 2065 2539 2120 observatio.
2568 2066 2714 2121 Pauli
2734 2082 2867 2137 Opus
2889 2070 3195 2139 quodnam?
3217 2088 3346 2132 num

1756 2155 1988 2223 agricola
2015 2154 2210 2209 Paulus
2238 2166 2354 2210 erat
2377 2157 2400 2209 ?
2430 2173 2559 2211 num
2583 2158 2740 2212 aliam
2765 2158 2947 2214 habuit
2970 2164 3303 2217 vocationem
3323 2164 3349 2217 Υ

1759 2263 1936 2302 nonne
1981 2257 2147 2302 totum
2188 2248 2305 2318 ejus
2331 2264 2464 2319 opus
2491 2261 2601 2304 erat
2622 2291 2638 2317 ,
2665 2252 2886 2305 verbum
2909 2251 2933 2305 ?
2960 2269 3134 2308 nonne
3158 2256 3351 2323 pracdi-

1759 2341 1945 2394 calio?
1975 2340 2112 2395 Dicit
2142 2350 2315 2395 tamen
2346 2342 2622 2412 discipulis
2643 2385 2658 2409 ,
2689 2342 2834 2413 Opus
2856 2361 3016 2397 meum
3036 2361 3120 2398 vos
3150 2347 3268 2400 estis
3291 2348 3345 2400 in

1760 2430 1977 2485 Domino
1999 2431 2208 2501 (LCor.
2237 2433 2293 2488 9.
2323 2433 2397 2501 1).
2431 2432 2497 2487 Ut
2527 2444 2844 2501 operaretur,
2877 2435 3076 2506 inquit,
3108 2446 3156 2491 et
3184 2447 3354 2492 custo-

1760 2523 1889 2576 diret
1914 2524 2082 2578 illum.
2114 2524 2162 2578 A
2192 2524 2463 2594 quonam?
2488 2524 2596 2578 Fur
2623 2541 2729 2579 non
2757 2534 2903 2591 erat,
2936 2529 3108 2581 viator
3136 2528 3312 2582 nullus
3332 2569 3350 2595 ,

1761 2615 2038 2670 insidiator
2063 2616 2240 2670 nullus
2267 2634 2279 2670 :
2309 2631 2337 2668 a
2367 2632 2474 2686 quo
2503 2615 2837 2670 custodiret?
2866 2615 2937 2672 Ut
2961 2617 3257 2673 custodiret
3282 2620 3347 2672 il-

1761 2708 1868 2761 lum
1910 2708 2049 2773 sibi;
2091 2722 2159 2762 ne
2189 2709 2567 2776 praevaricatus
2587 2707 2886 2771 amitteret;
2916 2708 3008 2762 sed
3039 2718 3094 2761 ut
3119 2708 3347 2763 manda-

1763 2812 1872 2855 tum
1915 2800 2223 2855 custodiens
2268 2784 2508 2855 servaret
2547 2797 2649 2854 sibi
2696 2798 3020 2870 paradisum.
3071 2799 3186 2855 Una
3231 2816 3352 2856 cum

1763 2910 1892 2951 voce
1920 2909 2071 2948 mens
2097 2894 2313 2948 deﬁcit:
2346 2908 2528 2947 verum
2557 2893 2837 2947 sentcntiis
2869 2893 3197 2948 insistamus.
3230 2893 3353 2948 Po—

1761 2988 1860 3040 suit
1898 2987 2041 3039 iltum
2079 2987 2133 3039 in
2164 2985 2423 3056 paradiso.
2461 2984 2722 3054 Deinceps
2747 2982 3022 3053 Scriptura
3051 3000 3117 3038 ex
3144 2985 3208 3038 iis
3232 3000 3353 3054 quae

1763 3086 2154 3147 praecesserunt
2194 3075 2495 3131 subindicat
2532 3073 2731 3129 futura.
2763 3074 2978 3128 Flauius
3007 3085 3174 3128 autem
3196 3092 3355 3145 egre-

1763 3169 1995 3223 diebatur
2036 3184 2100 3221 ex
2140 3167 2331 3233 Edem,
2377 3167 2599 3237 irrigans
2645 3166 2936 3237 paradisum
2959 3165 3115 3237 (Gen.
3146 3167 3202 3220 2.
3236 3167 3351 3234 10).

1764 3260 1899 3315 Hinc
1937 3259 2086 3315 disce
2114 3274 2217 3313 non
2246 3257 2517 3311 hortulum
2549 3256 2715 3311 fuisse
2744 3256 3050 3327 paradisum
3071 3297 3087 3321 ,
3116 3258 3360 3327 angustis

1766 3352 2007 3406 terminis
2033 3350 2514 3419 circumscriptum.
2547 3348 2761 3402 Fluvius
2790 3358 2967 3402 tantus
2989 3347 3276 3417 irrigabat,
3300 3358 3357 3401 ut

1764 3460 1830 3500 ex
1866 3445 1983 3514 ejus
2021 3443 2369 3499 redundantia
2394 3450 2622 3512 quatuor
2646 3440 2790 3495 ﬂuvii
2816 3440 3106 3494 orirentur.
3134 3438 3363 3493 Fluvius

1768 3549 1938 3593 autem
1979 3537 2325 3607 egrediebatur
2359 3551 2427 3589 ea:
2476 3533 2635 3587 Edem
2655 3574 2671 3600 ,
2700 3544 2753 3585 ut
2778 3533 3010 3602 irrigaret
3037 3532 3355 3601 paradisum.

1767 3632 1970 3687 Deinde
1998 3640 2273 3700 postquam
2314 3628 2621 3696 irrigavcrat
2640 3665 2653 3690 ,
2686 3623 3023 3678 dividebatur
3049 3624 3100 3675 in
3129 3630 3356 3693 quatuor

1766 3723 1935 3792 capita
1965 3739 1979 3786 ;
2026 3722 2075 3775 in
2124 3719 2355 3790 Tigrim,
2404 3719 2455 3771 in
2502 3717 2675 3771 Nilum
2697 3756 2713 3781 ,
2748 3716 2797 3769 in
2830 3715 3188 3792 Euphratem,
3221 3723 3275 3767 et
3306 3716 3362 3766 in

1768 3816 2053 3871 Phisonem
2076 3855 2091 3879 ,
2132 3813 2211 3866 sic
2247 3814 2297 3865 in
2338 3810 2610 3880 Scriptura
2651 3809 2885 3875 dictum,
2914 3785 3072 3876 quem
3099 3821 3239 3860 nunc
3269 3821 3355 3859 vo-

1767 3916 1891 3962 cant
1914 3904 2231 3959 Danubium.

1842 3999 1894 4051 6.
1943 3995 2047 4051 Cur
2079 4005 2180 4047 tam
2216 3994 2314 4046 late
2350 4000 2540 4060 pateret
2565 3990 2865 4060 paradisus,
2893 4004 3007 4041 cum
3030 3988 3194 4039 Adam
3220 3987 3363 4040 solus

1770 4090 2092 4144 iuhabitaret.
2142 4086 2439 4139 Flauiorum
2461 4099 2523 4136 ea:
2543 4082 2781 4151 paradiso
2802 4080 3114 4135 manantium
3136 4076 3368 4147 explica-

1773 4184 1842 4237 tio
1879 4179 2174 4251 singularis.
2205 4207 2277 4217 -—
2304 4176 2434 4231 Vide
2480 4172 2900 4244 magnitudinem
2943 4170 3087 4224 lluvii
3119 4169 3271 4223 divisi
3307 4167 3361 4223 in

1774 4286 2000 4347 quatuor
2044 4272 2261 4327 ﬂumina
2309 4287 2323 4322 :
2376 4270 2565 4338 hicque
2610 4267 2756 4321 solus
2803 4264 2986 4334 irrigat
3033 4260 3357 4332 paradisum.

1774 4375 2038 4436 Quorsum
2093 4363 2257 4418 talis?
2306 4362 2450 4416 solus
2500 4368 2620 4414 erat
2664 4359 2869 4420 Adam;
2911 4370 3030 4425 qua:
3072 4351 3364 4408 necessitas

1779 4460 1910 4517 tanti
1948 4459 2133 4515 ﬂuvii?
2168 4456 2273 4512 Sed
2319 4470 2423 4509 non
2465 4453 2553 4506 uni
2599 4460 2799 4504 tantum
2847 4446 3124 4518 paradisus
3151 4453 3368 4514 paratus

1775 4566 1922 4622 erat,
1961 4566 2149 4608 verum
2196 4549 2388 4605 ﬁnibus
2429 4558 2605 4601 teri-a3.
2634 4544 2968 4613 Pra‘paratus
2993 4547 3109 4594 erat
3136 4536 3363 4607 patriar-

1776 4651 1891 4704 chis
1910 4690 1927 4716 ,
1956 4644 2233 4718 prophetis
2249 4683 2271 4710 ,
2289 4639 2545 4711 apostolis
2564 4678 2578 4701 ,
2602 4632 2948 4704 evangelistis
2968 4670 2991 4696 ,
3016 4627 3361 4700 martyribus,

1778 4739 2174 4798 confessoribus
2195 4734 2416 4797 sanctis,
2446 4731 2716 4794 ﬁdelibus,
2739 4727 2823 4795 pie
2844 4722 3164 4786 viventibus,
3189 4720 3365 4775 omni-

1782 4838 1880 4891 bus
1898 4833 2080 4904 justis.
2107 4831 2164 4887 Si
2184 4828 2326 4883 enim
2354 4822 2545 4880 latroni
2572 4836 2672 4874 una
2701 4818 2831 4873 hora
2861 4813 3136 4870 conﬁtenti
3160 4811 3368 4881 paradi-

1780 4902 2186 4981 sum'Servator
2214 4916 2457 4990 promisit
2496 4914 2680 4968 dicens
2721 4927 2736 4962 :
2781 4907 2948 4961 Hodie
2973 4920 3167 4959 mecum
3191 4902 3289 4956 etis
3317 4902 3370 4955 iu

1783 5019 2019 5091 paradiso
2065 5015 2214 5089 (Luc.
2255 5012 2348 5067 25.
2391 5009 2518 5080 45);
2547 5006 2639 5077 qui
2663 5020 2691 5058 a
2721 5002 2997 5073 juventute
3024 4998 3366 5060 laborarunt,

1784 5086 2085 5175 Abraham,
2132 5109 2277 5162 Isaac
2298 5147 2311 5171 ,
2351 5102 2546 5167 Jacob,
2598 5098 2756 5167 hujus
2789 5094 2879 5148 ﬁlii
2913 5088 3224 5161 patriarchae
3246 5128 3260 5151 ,
3293 5086 3369 5155 (a)

1785 5208 1953 5279 [.llmn
1987 5203 2169 5272 utique
2187 5206 2310 5253 sunt
2335 5189 2695 5264 consequuti.]
2724 5191 2786 5241 At
2817 5195 2941 5239 ante
2966 5182 3063 5237 hos
3084 5195 3271 5235 omnes
3297 5182 3370 5231 la-

1785 5270 1868 5353 tro
1894 5270 2193 5365 paradisum
2215 5286 2574 5357 consequitur.
2600 5280 2772 5350 Opi-ra
2800 5292 2926 5351 ergo
2950 5274 3090 5328 Deus
3114 5270 3242 5331 edit,
3265 5282 3370 5320 non

1785 5393 1901 5462 ejus
1934 5403 2092 5444 causa
2119 5384 2258 5456 quod
2291 5388 2539 5449 apparet,
2574 5376 2665 5430 sed
2692 5373 2809 5441 ejus
2838 5366 2977 5438 quod
3006 5370 3366 5433 exSpectatur.

1785 5450 1891 5538 Uur
1930 5450 2151 5535 tantam
2170 5485 2330 5531 terra:
2358 5467 2688 5526 latitudinem
2716 5462 2868 5517 fecit?
2896 5474 2963 5512 an
2994 5461 3209 5525 propter
3229 5450 3371 5505 Ada-

1789 5592 1967 5636 mtnn,
2014 5588 2081 5626 an
2121 5578 2335 5638 promer
2374 5579 2467 5618 eos
2508 5560 2595 5630 qui
2630 5558 2772 5611 illam
2800 5567 2938 5606 nunc
2970 5543 3365 5603 inhabitabant!

1858 5668 1930 5729 (tt)
1964 5674 2074 5724 Quit:
2101 5662 2285 5712 uncinis
2307 5656 2611 5714 clauduntur,
2636 5650 2815 5699 desunt
2839 5647 2884 5692 in
2908 5649 3087 5691 Graeco.
