  <div class='ocr_page' id='page_1' title='image "/cluster/home/n/w/nwhite01/storage/ocr_20150623/56/hvd.32044019304435/467.png"; bbox 0 0 3704 6274; ppageno 0'>
   <div class='ocr_carea' id='block_1_1' title="bbox 387 191 491 245">
    <p class='ocr_par' dir='ltr' id='par_1_1' title="bbox 387 191 491 245">
     <span class='ocr_line' id='line_1_1' title="bbox 387 191 491 245; baseline -0.019 0"><span class='ocrx_word' id='word_1_1' title='bbox 387 191 491 245; x_wconf 70' lang='grc'><strong>679</strong></span> 
     </span>
    </p>
   </div>
   <div class='ocr_carea' id='block_1_2' title="bbox 382 308 1971 380">
    <p class='ocr_par' dir='ltr' id='par_1_2' title="bbox 382 308 1971 380">
     <span class='ocr_line' id='line_1_2' title="bbox 382 308 1971 380; baseline -0.006 -10"><span class='ocrx_word' id='word_1_2' title='bbox 382 312 513 370; x_wconf 83' lang='lat' dir='ltr'><strong>lude</strong></span> <span class='ocrx_word' id='word_1_3' title='bbox 537 309 777 363; x_wconf 84' lang='lat' dir='ltr'><strong>dividitur</strong></span> <span class='ocrx_word' id='word_1_4' title='bbox 801 311 853 363; x_wconf 88' lang='lat' dir='ltr'><strong>in</strong></span> <span class='ocrx_word' id='word_1_5' title='bbox 882 318 1093 378; x_wconf 84' lang='lat' dir='ltr'><strong>quatuor</strong></span> <span class='ocrx_word' id='word_1_6' title='bbox 1123 309 1396 380; x_wconf 86' lang='lat' dir='ltr'><strong>principia.</strong></span> <span class='ocrx_word' id='word_1_7' title='bbox 1428 308 1540 363; x_wconf 86' lang='lat' dir='ltr'><strong>Non</strong></span> <span class='ocrx_word' id='word_1_8' title='bbox 1563 308 1729 372; x_wconf 75' lang='lat' dir='ltr'><strong>dixit,</strong></span> <span class='ocrx_word' id='word_1_9' title='bbox 1758 308 1811 362; x_wconf 92' lang='lat' dir='ltr'><strong>In</strong></span> <span class='ocrx_word' id='word_1_10' title='bbox 1840 322 1971 378; x_wconf 86' lang='lat' dir='ltr'><strong>qua-</strong></span> 
     </span>
    </p>
   </div>
   <div class='ocr_carea' id='block_1_3' title="bbox 384 400 1970 472">
    <p class='ocr_par' dir='ltr' id='par_1_3' title="bbox 384 400 1970 472">
     <span class='ocr_line' id='line_1_3' title="bbox 384 400 1970 472; baseline -0.003 -12"><span class='ocrx_word' id='word_1_11' title='bbox 384 415 504 460; x_wconf 98' lang='lat' dir='ltr'><strong>tuor</strong></span> <span class='ocrx_word' id='word_1_12' title='bbox 548 416 778 472; x_wconf 67' lang='lat' dir='ltr'><strong>espansa</strong></span> <span class='ocrx_word' id='word_1_13' title='bbox 816 402 1032 454; x_wconf 82' lang='lat' dir='ltr'><strong>ﬂumina</strong></span> <span class='ocrx_word' id='word_1_14' title='bbox 1052 441 1068 466; x_wconf 94' lang='lat'><strong>,</strong></span> <span class='ocrx_word' id='word_1_15' title='bbox 1116 401 1210 456; x_wconf 90' lang='lat' dir='ltr'><strong>sed</strong></span> <span class='ocrx_word' id='word_1_16' title='bbox 1257 403 1312 455; x_wconf 89' lang='lat' dir='ltr'><strong>in</strong></span> <span class='ocrx_word' id='word_1_17' title='bbox 1340 412 1568 471; x_wconf 92' lang='lat' dir='ltr'><strong>quatuor</strong></span> <span class='ocrx_word' id='word_1_18' title='bbox 1597 402 1850 470; x_wconf 85' lang='lat' dir='ltr'><strong>principia</strong></span> <span class='ocrx_word' id='word_1_19' title='bbox 1877 442 1892 466; x_wconf 93' lang='lat'><strong>,</strong></span> <span class='ocrx_word' id='word_1_20' title='bbox 1919 400 1970 455; x_wconf 87' lang='lat' dir='ltr'><strong>id</strong></span> 
     </span>
    </p>
   </div>
   <div class='ocr_carea' id='block_1_4' title="bbox 387 491 1972 562">
    <p class='ocr_par' dir='ltr' id='par_1_4' title="bbox 387 491 1972 562">
     <span class='ocr_line' id='line_1_4' title="bbox 387 491 1972 562; baseline -0.002 -12"><span class='ocrx_word' id='word_1_21' title='bbox 387 502 471 550; x_wconf 83' lang='lat' dir='ltr'><strong>est</strong></span> <span class='ocrx_word' id='word_1_22' title='bbox 493 534 510 560; x_wconf 88' lang='lat'><strong>,</strong></span> <span class='ocrx_word' id='word_1_23' title='bbox 548 492 743 548; x_wconf 85' lang='lat' dir='ltr'><strong>fontes.</strong></span> <span class='ocrx_word' id='word_1_24' title='bbox 773 491 977 547; x_wconf 85' lang='lat' dir='ltr'><strong>Nomen</strong></span> <span class='ocrx_word' id='word_1_25' title='bbox 1007 491 1096 546; x_wconf 91' lang='lat' dir='ltr'><strong>uni</strong></span> <span class='ocrx_word' id='word_1_26' title='bbox 1120 491 1352 558; x_wconf 87' lang='lat' dir='ltr'><strong>Phison,</strong></span> <span class='ocrx_word' id='word_1_27' title='bbox 1382 508 1540 562; x_wconf 85' lang='lat' dir='ltr'><strong>quem</strong></span> <span class='ocrx_word' id='word_1_28' title='bbox 1572 492 1729 546; x_wconf 92' lang='lat' dir='ltr'><strong>modo</strong></span> <span class='ocrx_word' id='word_1_29' title='bbox 1758 491 1972 547; x_wconf 83' lang='lat' dir='ltr'><strong>diceba-</strong></span> 
     </span>
    </p>
   </div>
   <div class='ocr_carea' id='block_1_5' title="bbox 382 585 1972 653">
    <p class='ocr_par' dir='ltr' id='par_1_5' title="bbox 382 585 1972 653">
     <span class='ocr_line' id='line_1_5' title="bbox 382 585 1972 653; baseline -0.002 -11"><span class='ocrx_word' id='word_1_30' title='bbox 382 602 501 642; x_wconf 91' lang='lat' dir='ltr'><strong>mus</strong></span> <span class='ocrx_word' id='word_1_31' title='bbox 530 603 545 653; x_wconf 92' lang='lat'><strong>;</strong></span> <span class='ocrx_word' id='word_1_32' title='bbox 582 585 775 641; x_wconf 90' lang='lat' dir='ltr'><strong>deinde</strong></span> <span class='ocrx_word' id='word_1_33' title='bbox 802 585 988 642; x_wconf 90' lang='lat' dir='ltr'><strong>Gehon</strong></span> <span class='ocrx_word' id='word_1_34' title='bbox 1014 628 1029 651; x_wconf 91' lang='lat'><strong>,</strong></span> <span class='ocrx_word' id='word_1_35' title='bbox 1070 585 1155 641; x_wconf 93' lang='lat' dir='ltr'><strong>hic</strong></span> <span class='ocrx_word' id='word_1_36' title='bbox 1183 596 1265 642; x_wconf 90' lang='lat' dir='ltr'><strong>est</strong></span> <span class='ocrx_word' id='word_1_37' title='bbox 1291 587 1459 643; x_wconf 87' lang='lat' dir='ltr'><strong>Nilus.</strong></span> <span class='ocrx_word' id='word_1_38' title='bbox 1488 586 1675 644; x_wconf 87' lang='lat' dir='ltr'><strong>Gehon</strong></span> <span class='ocrx_word' id='word_1_39' title='bbox 1700 597 1850 642; x_wconf 90' lang='lat' dir='ltr'><strong>vetus</strong></span> <span class='ocrx_word' id='word_1_40' title='bbox 1876 604 1972 640; x_wconf 79' lang='lat' dir='ltr'><strong>no-</strong></span> 
     </span>
    </p>
   </div>
   <div class='ocr_carea' id='block_1_6' title="bbox 380 678 1971 748">
    <p class='ocr_par' dir='ltr' id='par_1_6' title="bbox 380 678 1971 748">
     <span class='ocr_line' id='line_1_6' title="bbox 380 678 1971 748; baseline -0.001 -14"><span class='ocrx_word' id='word_1_41' title='bbox 380 696 501 735; x_wconf 91' lang='lat' dir='ltr'><strong>men</strong></span> <span class='ocrx_word' id='word_1_42' title='bbox 538 679 656 748; x_wconf 85' lang='lat' dir='ltr'><strong>ejus</strong></span> <span class='ocrx_word' id='word_1_43' title='bbox 695 688 778 733; x_wconf 92' lang='lat' dir='ltr'><strong>est</strong></span> <span class='ocrx_word' id='word_1_44' title='bbox 814 695 829 733; x_wconf 87' lang='lat'><strong><em>:</em></strong></span> <span class='ocrx_word' id='word_1_45' title='bbox 870 678 923 733; x_wconf 87' lang='lat' dir='ltr'><strong>id</strong></span> <span class='ocrx_word' id='word_1_46' title='bbox 958 678 1268 734; x_wconf 87' lang='lat' dir='ltr'><strong>testiﬁcatur</strong></span> <span class='ocrx_word' id='word_1_47' title='bbox 1303 678 1562 735; x_wconf 83' lang='lat' dir='ltr'><strong>Jeremias</strong></span> <span class='ocrx_word' id='word_1_48' title='bbox 1584 679 1806 735; x_wconf 87' lang='lat' dir='ltr'><strong>dicens:</strong></span> <span class='ocrx_word' id='word_1_49' title='bbox 1836 679 1971 745; x_wconf 80' lang='lat' dir='ltr'><strong>Quid</strong></span> 
     </span>
    </p>
   </div>
   <div class='ocr_carea' id='block_1_7' title="bbox 379 774 1969 847">
    <p class='ocr_par' dir='ltr' id='par_1_7' title="bbox 379 774 1969 847">
     <span class='ocr_line' id='line_1_7' title="bbox 379 774 1969 847; baseline -0.002 -17"><span class='ocrx_word' id='word_1_50' title='bbox 379 779 467 831; x_wconf 89' lang='lat' dir='ltr'><strong>tibi</strong></span> <span class='ocrx_word' id='word_1_51' title='bbox 496 786 543 830; x_wconf 85' lang='lat' dir='ltr'><strong>et</strong></span> <span class='ocrx_word' id='word_1_52' title='bbox 572 778 664 830; x_wconf 78' lang='lat' dir='ltr'><strong>vite</strong></span> <span class='ocrx_word' id='word_1_53' title='bbox 689 775 925 846; x_wconf 66' lang='lat' dir='ltr'><strong>Egypti,</strong></span> <span class='ocrx_word' id='word_1_54' title='bbox 952 786 1006 829; x_wconf 90' lang='lat' dir='ltr'><strong>ut</strong></span> <span class='ocrx_word' id='word_1_55' title='bbox 1028 775 1168 829; x_wconf 88' lang='lat' dir='ltr'><strong>bibas</strong></span> <span class='ocrx_word' id='word_1_56' title='bbox 1193 792 1375 845; x_wconf 87' lang='lat' dir='ltr'><strong>aquam</strong></span> <span class='ocrx_word' id='word_1_57' title='bbox 1397 774 1573 829; x_wconf 85' lang='lat' dir='ltr'><strong>Gelton</strong></span> <span class='ocrx_word' id='word_1_58' title='bbox 1595 774 1729 847; x_wconf 83' lang='lat' dir='ltr'><strong>(Jer.</strong></span> <span class='ocrx_word' id='word_1_59' title='bbox 1756 776 1809 829; x_wconf 94' lang='lat'><strong>2.</strong></span> <span class='ocrx_word' id='word_1_60' title='bbox 1842 774 1969 845; x_wconf 87' lang='lat' dir='ltr'><strong>I8)?</strong></span> 
     </span>
    </p>
   </div>
   <div class='ocr_carea' id='block_1_8' title="bbox 379 865 1961 934">
    <p class='ocr_par' dir='ltr' id='par_1_8' title="bbox 379 865 1961 934">
     <span class='ocr_line' id='line_1_8' title="bbox 379 865 1961 934; baseline -0.002 -13"><span class='ocrx_word' id='word_1_61' title='bbox 379 868 474 922; x_wconf 90' lang='lat' dir='ltr'><strong>llic</strong></span> <span class='ocrx_word' id='word_1_62' title='bbox 520 868 755 921; x_wconf 89' lang='lat' dir='ltr'><strong>animum</strong></span> <span class='ocrx_word' id='word_1_63' title='bbox 801 866 1014 921; x_wconf 86' lang='lat' dir='ltr'><strong>adhibe.</strong></span> <span class='ocrx_word' id='word_1_64' title='bbox 1061 867 1244 934; x_wconf 81' lang='lat' dir='ltr'><strong>Cogita</strong></span> <span class='ocrx_word' id='word_1_65' title='bbox 1291 865 1431 919; x_wconf 91' lang='lat' dir='ltr'><strong>hunc</strong></span> <span class='ocrx_word' id='word_1_66' title='bbox 1473 880 1593 920; x_wconf 87' lang='lat' dir='ltr'><strong>esse</strong></span> <span class='ocrx_word' id='word_1_67' title='bbox 1637 866 1961 934; x_wconf 80' lang='lat' dir='ltr'><strong>paradisum.</strong></span> 
     </span>
    </p>
   </div>
   <div class='ocr_carea' id='block_1_9' title="bbox 379 956 1967 1027">
    <p class='ocr_par' dir='ltr' id='par_1_9' title="bbox 379 956 1967 1027">
     <span class='ocr_line' id='line_1_9' title="bbox 379 956 1967 1027; baseline -0.002 -16"><span class='ocrx_word' id='word_1_68' title='bbox 379 959 504 1013; x_wconf 71' lang='lat' dir='ltr'><strong>llaec</strong></span> <span class='ocrx_word' id='word_1_69' title='bbox 531 960 673 1013; x_wconf 90' lang='lat' dir='ltr'><strong>enim</strong></span> <span class='ocrx_word' id='word_1_70' title='bbox 697 958 885 1012; x_wconf 87' lang='lat' dir='ltr'><strong>melius</strong></span> <span class='ocrx_word' id='word_1_71' title='bbox 904 967 1120 1026; x_wconf 88' lang='lat' dir='ltr'><strong>aspectu</strong></span> <span class='ocrx_word' id='word_1_72' title='bbox 1142 972 1299 1027; x_wconf 87' lang='lat' dir='ltr'><strong>quam</strong></span> <span class='ocrx_word' id='word_1_73' title='bbox 1323 956 1488 1011; x_wconf 91' lang='lat' dir='ltr'><strong>verbo</strong></span> <span class='ocrx_word' id='word_1_74' title='bbox 1513 963 1812 1011; x_wconf 87' lang='lat' dir='ltr'><strong>traduntur.</strong></span> <span class='ocrx_word' id='word_1_75' title='bbox 1837 958 1967 1011; x_wconf 84' lang='lat' dir='ltr'><strong>Pro-</strong></span> 
     </span>
    </p>
   </div>
   <div class='ocr_carea' id='block_1_10' title="bbox 375 1048 1967 1119">
    <p class='ocr_par' dir='ltr' id='par_1_10' title="bbox 375 1048 1967 1119">
     <span class='ocr_line' id='line_1_10' title="bbox 375 1048 1967 1119; baseline 0.001 -16"><span class='ocrx_word' id='word_1_76' title='bbox 375 1050 453 1103; x_wconf 91' lang='lat' dir='ltr'><strong>dit</strong></span> <span class='ocrx_word' id='word_1_77' title='bbox 495 1051 681 1119; x_wconf 88' lang='lat' dir='ltr'><strong>ingens</strong></span> <span class='ocrx_word' id='word_1_78' title='bbox 721 1049 946 1113; x_wconf 83' lang='lat' dir='ltr'><strong>ﬂuvius,</strong></span> <span class='ocrx_word' id='word_1_79' title='bbox 991 1050 1211 1118; x_wconf 80' lang='lat' dir='ltr'><strong>copioso</strong></span> <span class='ocrx_word' id='word_1_80' title='bbox 1256 1048 1505 1117; x_wconf 61' lang='lat' dir='ltr'><strong>prieditus</strong></span> <span class='ocrx_word' id='word_1_81' title='bbox 1544 1049 1731 1113; x_wconf 80' lang='lat' dir='ltr'><strong>alveo,</strong></span> <span class='ocrx_word' id='word_1_82' title='bbox 1756 1059 1808 1103; x_wconf 91' lang='lat' dir='ltr'><strong>et</strong></span> <span class='ocrx_word' id='word_1_83' title='bbox 1832 1050 1967 1118; x_wconf 83' lang='lat' dir='ltr'><strong>rigat</strong></span> 
     </span>
    </p>
   </div>
   <div class='ocr_carea' id='block_1_11' title="bbox 376 1139 1963 1210">
    <p class='ocr_par' dir='ltr' id='par_1_11' title="bbox 376 1139 1963 1210">
     <span class='ocr_line' id='line_1_11' title="bbox 376 1139 1963 1210; baseline 0.001 -17"><span class='ocrx_word' id='word_1_84' title='bbox 376 1140 705 1209; x_wconf 81' lang='lat' dir='ltr'><strong>paradisum.</strong></span> <span class='ocrx_word' id='word_1_85' title='bbox 750 1139 878 1193; x_wconf 90' lang='lat' dir='ltr'><strong>Inde</strong></span> <span class='ocrx_word' id='word_1_86' title='bbox 926 1140 977 1193; x_wconf 91' lang='lat' dir='ltr'><strong>in</strong></span> <span class='ocrx_word' id='word_1_87' title='bbox 1022 1140 1428 1193; x_wconf 89' lang='lat' dir='ltr'><strong>subterranemn</strong></span> <span class='ocrx_word' id='word_1_88' title='bbox 1453 1141 1733 1210; x_wconf 86' lang='lat' dir='ltr'><strong>quemdam</strong></span> <span class='ocrx_word' id='word_1_89' title='bbox 1764 1142 1963 1195; x_wconf 89' lang='lat' dir='ltr'><strong>hiatum</strong></span> 
     </span>
    </p>
   </div>
   <div class='ocr_carea' id='block_1_12' title="bbox 376 1229 1964 1302">
    <p class='ocr_par' dir='ltr' id='par_1_12' title="bbox 376 1229 1964 1302">
     <span class='ocr_line' id='line_1_12' title="bbox 376 1229 1964 1302; baseline 0.003 -19"><span class='ocrx_word' id='word_1_90' title='bbox 376 1229 567 1295; x_wconf 79' lang='lat' dir='ltr'><strong>fertur,</strong></span> <span class='ocrx_word' id='word_1_91' title='bbox 598 1231 1018 1301; x_wconf 82' lang='lat' dir='ltr'><strong>immensamque</strong></span> <span class='ocrx_word' id='word_1_92' title='bbox 1039 1233 1140 1286; x_wconf 91' lang='lat' dir='ltr'><strong>sub</strong></span> <span class='ocrx_word' id='word_1_93' title='bbox 1164 1240 1306 1286; x_wconf 87' lang='lat' dir='ltr'><strong>terra</strong></span> <span class='ocrx_word' id='word_1_94' title='bbox 1330 1242 1571 1302; x_wconf 80' lang='lat' dir='ltr'><strong>penetrat</strong></span> <span class='ocrx_word' id='word_1_95' title='bbox 1593 1232 1728 1285; x_wconf 78' lang='lat' dir='ltr'><strong>viam</strong></span> <span class='ocrx_word' id='word_1_96' title='bbox 1745 1274 1758 1297; x_wconf 91' lang='lat'><strong>,</strong></span> <span class='ocrx_word' id='word_1_97' title='bbox 1786 1242 1839 1287; x_wconf 90' lang='lat' dir='ltr'><strong>ut</strong></span> <span class='ocrx_word' id='word_1_98' title='bbox 1865 1248 1964 1288; x_wconf 83' lang='lat' dir='ltr'><strong>no-</strong></span> 
     </span>
    </p>
   </div>
   <div class='ocr_carea' id='block_1_13' title="bbox 376 1323 1961 1397">
    <p class='ocr_par' dir='ltr' id='par_1_13' title="bbox 376 1323 1961 1397">
     <span class='ocr_line' id='line_1_13' title="bbox 376 1323 1961 1397; baseline 0.004 -21"><span class='ocrx_word' id='word_1_99' title='bbox 376 1324 452 1377; x_wconf 84' lang='lat' dir='ltr'><strong>\it</strong></span> <span class='ocrx_word' id='word_1_100' title='bbox 481 1324 525 1377; x_wconf 91' lang='lat' dir='ltr'><strong>is</strong></span> <span class='ocrx_word' id='word_1_101' title='bbox 553 1323 641 1393; x_wconf 89' lang='lat' dir='ltr'><strong>qui</strong></span> <span class='ocrx_word' id='word_1_102' title='bbox 674 1324 808 1377; x_wconf 89' lang='lat' dir='ltr'><strong>viam</strong></span> <span class='ocrx_word' id='word_1_103' title='bbox 836 1325 1021 1378; x_wconf 86' lang='lat' dir='ltr'><strong>stravit</strong></span> <span class='ocrx_word' id='word_1_104' title='bbox 1049 1326 1302 1379; x_wconf 87' lang='lat' dir='ltr'><strong>Dominus</strong></span> <span class='ocrx_word' id='word_1_105' title='bbox 1330 1343 1345 1377; x_wconf 77' lang='lat' dir='ltr'><strong><em>z</em></strong></span> <span class='ocrx_word' id='word_1_106' title='bbox 1380 1325 1656 1397; x_wconf 74' lang='lat' dir='ltr'><strong>[luxusque</strong></span> <span class='ocrx_word' id='word_1_107' title='bbox 1682 1328 1773 1382; x_wconf 90' lang='lat' dir='ltr'><strong>diu</strong></span> <span class='ocrx_word' id='word_1_108' title='bbox 1800 1330 1961 1396; x_wconf 89' lang='lat' dir='ltr'><strong>latet,</strong></span> 
     </span>
    </p>
   </div>
   <div class='ocr_carea' id='block_1_14' title="bbox 370 1417 1961 1489">
    <p class='ocr_par' dir='ltr' id='par_1_14' title="bbox 370 1417 1961 1489">
     <span class='ocr_line' id='line_1_14' title="bbox 370 1417 1961 1489; baseline 0.002 -19"><span class='ocrx_word' id='word_1_109' title='bbox 370 1427 535 1487; x_wconf 86' lang='lat' dir='ltr'><strong>atque</strong></span> <span class='ocrx_word' id='word_1_110' title='bbox 566 1418 615 1470; x_wconf 93' lang='lat' dir='ltr'><strong>in</strong></span> <span class='ocrx_word' id='word_1_111' title='bbox 644 1417 851 1470; x_wconf 84' lang='lat' dir='ltr'><strong>diversa</strong></span> <span class='ocrx_word' id='word_1_112' title='bbox 886 1419 994 1470; x_wconf 74' lang='lat' dir='ltr'><strong>loco</strong></span> <span class='ocrx_word' id='word_1_113' title='bbox 1023 1418 1309 1486; x_wconf 88' lang='lat' dir='ltr'><strong>dividitur,</strong></span> <span class='ocrx_word' id='word_1_114' title='bbox 1343 1420 1710 1489; x_wconf 89' lang='lat' dir='ltr'><strong>iuvenitnrque</strong></span> <span class='ocrx_word' id='word_1_115' title='bbox 1741 1421 1877 1475; x_wconf 91' lang='lat' dir='ltr'><strong>alius</strong></span> <span class='ocrx_word' id='word_1_116' title='bbox 1909 1424 1961 1474; x_wconf 90' lang='lat' dir='ltr'><strong>in</strong></span> 
     </span>
    </p>
   </div>
   <div class='ocr_carea' id='block_1_15' title="bbox 372 1510 1960 1580">
    <p class='ocr_par' dir='ltr' id='par_1_15' title="bbox 372 1510 1960 1580">
     <span class='ocr_line' id='line_1_15' title="bbox 372 1510 1960 1580; baseline 0.001 -14"><span class='ocrx_word' id='word_1_117' title='bbox 372 1510 676 1578; x_wconf 69' lang='lat' dir='ltr'><strong>1Ethiopia,</strong></span> <span class='ocrx_word' id='word_1_118' title='bbox 720 1510 854 1563; x_wconf 86' lang='lat' dir='ltr'><strong>alius</strong></span> <span class='ocrx_word' id='word_1_119' title='bbox 891 1511 944 1564; x_wconf 88' lang='lat' dir='ltr'><strong>in</strong></span> <span class='ocrx_word' id='word_1_120' title='bbox 984 1511 1258 1566; x_wconf 89' lang='lat' dir='ltr'><strong>occidente</strong></span> <span class='ocrx_word' id='word_1_121' title='bbox 1280 1553 1296 1577; x_wconf 92' lang='lat'><strong>,</strong></span> <span class='ocrx_word' id='word_1_122' title='bbox 1328 1512 1461 1566; x_wconf 87' lang='lat' dir='ltr'><strong>alius</strong></span> <span class='ocrx_word' id='word_1_123' title='bbox 1491 1513 1541 1565; x_wconf 92' lang='lat' dir='ltr'><strong>in</strong></span> <span class='ocrx_word' id='word_1_124' title='bbox 1574 1514 1778 1568; x_wconf 89' lang='lat' dir='ltr'><strong>oriente</strong></span> <span class='ocrx_word' id='word_1_125' title='bbox 1803 1556 1816 1580; x_wconf 88' lang='lat'><strong>,</strong></span> <span class='ocrx_word' id='word_1_126' title='bbox 1852 1514 1960 1569; x_wconf 91' lang='lat' dir='ltr'><strong>Deo</strong></span> 
     </span>
    </p>
   </div>
   <div class='ocr_carea' id='block_1_16' title="bbox 370 1602 1961 1675">
    <p class='ocr_par' dir='ltr' id='par_1_16' title="bbox 370 1602 1961 1675">
     <span class='ocr_line' id='line_1_16' title="bbox 370 1602 1961 1675; baseline 0.003 -20"><span class='ocrx_word' id='word_1_127' title='bbox 370 1603 448 1657; x_wconf 92' lang='lat' dir='ltr'><strong>sic</strong></span> <span class='ocrx_word' id='word_1_128' title='bbox 479 1616 579 1670; x_wconf 68' lang='lat' dir='ltr'><strong>per.</strong></span> <span class='ocrx_word' id='word_1_129' title='bbox 598 1602 1003 1656; x_wconf 89' lang='lat' dir='ltr'><strong>subterraneum</strong></span> <span class='ocrx_word' id='word_1_130' title='bbox 1032 1602 1242 1657; x_wconf 86' lang='lat' dir='ltr'><strong>alveum</strong></span> <span class='ocrx_word' id='word_1_131' title='bbox 1272 1603 1533 1668; x_wconf 89' lang='lat' dir='ltr'><strong>trahente,</strong></span> <span class='ocrx_word' id='word_1_132' title='bbox 1563 1604 1843 1675; x_wconf 88' lang='lat' dir='ltr'><strong>primoque</strong></span> <span class='ocrx_word' id='word_1_133' title='bbox 1864 1604 1961 1659; x_wconf 89' lang='lat' dir='ltr'><strong>ﬂu-</strong></span> 
     </span>
    </p>
   </div>
   <div class='ocr_carea' id='block_1_17' title="bbox 368 1691 1956 1751">
    <p class='ocr_par' dir='ltr' id='par_1_17' title="bbox 368 1691 1956 1751">
     <span class='ocr_line' id='line_1_17' title="bbox 368 1691 1956 1751; baseline 0.003 -6"><span class='ocrx_word' id='word_1_134' title='bbox 368 1692 457 1746; x_wconf 85' lang='lat' dir='ltr'><strong>vio</strong></span> <span class='ocrx_word' id='word_1_135' title='bbox 492 1701 773 1747; x_wconf 77' lang='lat' dir='ltr'><strong>extraneos</strong></span> <span class='ocrx_word' id='word_1_136' title='bbox 816 1691 988 1748; x_wconf 85' lang='lat' dir='ltr'><strong>fontes</strong></span> <span class='ocrx_word' id='word_1_137' title='bbox 1035 1703 1276 1749; x_wconf 88' lang='lat' dir='ltr'><strong>curante.</strong></span> <span class='ocrx_word' id='word_1_138' title='bbox 1312 1694 1417 1749; x_wconf 90' lang='lat' dir='ltr'><strong>Cur</strong></span> <span class='ocrx_word' id='word_1_139' title='bbox 1443 1695 1556 1748; x_wconf 92' lang='lat' dir='ltr'><strong>ita?</strong></span> <span class='ocrx_word' id='word_1_140' title='bbox 1580 1695 1656 1749; x_wconf 89' lang='lat' dir='ltr'><strong>Ne</strong></span> <span class='ocrx_word' id='word_1_141' title='bbox 1678 1696 1956 1751; x_wconf 82' lang='lat' dir='ltr'><strong>fluviorum</strong></span> 
     </span>
    </p>
   </div>
   <div class='ocr_carea' id='block_1_18' title="bbox 370 1786 1959 1858">
    <p class='ocr_par' dir='ltr' id='par_1_18' title="bbox 370 1786 1959 1858">
     <span class='ocr_line' id='line_1_18' title="bbox 370 1786 1959 1858; baseline 0.003 -20"><span class='ocrx_word' id='word_1_142' title='bbox 370 1786 592 1854; x_wconf 79' lang='lat' dir='ltr'><strong>vestigia</strong></span> <span class='ocrx_word' id='word_1_143' title='bbox 633 1796 950 1854; x_wconf 85' lang='lat' dir='ltr'><strong>sequentes,</strong></span> <span class='ocrx_word' id='word_1_144' title='bbox 998 1786 1299 1856; x_wconf 86' lang='lat' dir='ltr'><strong>paradisum</strong></span> <span class='ocrx_word' id='word_1_145' title='bbox 1330 1787 1659 1853; x_wconf 82' lang='lat' dir='ltr'><strong>invenirent,</strong></span> <span class='ocrx_word' id='word_1_146' title='bbox 1690 1804 1755 1843; x_wconf 93' lang='lat' dir='ltr'><strong>ne</strong></span> <span class='ocrx_word' id='word_1_147' title='bbox 1782 1799 1959 1858; x_wconf 88' lang='lat' dir='ltr'><strong>posset</strong></span> 
     </span>
    </p>
   </div>
   <div class='ocr_carea' id='block_1_19' title="bbox 372 1875 1953 1951">
    <p class='ocr_par' dir='ltr' id='par_1_19' title="bbox 372 1875 1953 1951">
     <span class='ocr_line' id='line_1_19' title="bbox 372 1875 1953 1951; baseline 0.004 -22"><span class='ocrx_word' id='word_1_148' title='bbox 372 1875 674 1930; x_wconf 89' lang='lat' dir='ltr'><strong>hominibus</strong></span> <span class='ocrx_word' id='word_1_149' title='bbox 719 1878 931 1946; x_wconf 89' lang='lat' dir='ltr'><strong>pervius</strong></span> <span class='ocrx_word' id='word_1_150' title='bbox 978 1892 1115 1933; x_wconf 89' lang='lat' dir='ltr'><strong>esse.</strong></span> <span class='ocrx_word' id='word_1_151' title='bbox 1146 1878 1278 1933; x_wconf 87' lang='lat' dir='ltr'><strong>Nam</strong></span> <span class='ocrx_word' id='word_1_152' title='bbox 1306 1879 1350 1933; x_wconf 89' lang='lat' dir='ltr'><strong>si</strong></span> <span class='ocrx_word' id='word_1_153' title='bbox 1381 1894 1446 1933; x_wconf 88' lang='lat' dir='ltr'><strong>eo</strong></span> <span class='ocrx_word' id='word_1_154' title='bbox 1477 1880 1580 1935; x_wconf 88' lang='lat' dir='ltr'><strong>iter</strong></span> <span class='ocrx_word' id='word_1_155' title='bbox 1604 1896 1722 1936; x_wconf 89' lang='lat' dir='ltr'><strong>esse</strong></span> <span class='ocrx_word' id='word_1_156' title='bbox 1755 1892 1953 1951; x_wconf 85' lang='lat' dir='ltr'><strong>posset,</strong></span> 
     </span>
    </p>
   </div>
   <div class='ocr_carea' id='block_1_20' title="bbox 368 1971 1955 2041">
    <p class='ocr_par' dir='ltr' id='par_1_20' title="bbox 368 1971 1955 2041">
     <span class='ocr_line' id='line_1_20' title="bbox 368 1971 1955 2041; baseline 0.004 -17"><span class='ocrx_word' id='word_1_157' title='bbox 368 1984 529 2026; x_wconf 90' lang='lat' dir='ltr'><strong>nemo</strong></span> <span class='ocrx_word' id='word_1_158' title='bbox 553 1982 675 2025; x_wconf 75' lang='lat' dir='ltr'><strong>ante</strong></span> <span class='ocrx_word' id='word_1_159' title='bbox 701 1971 892 2026; x_wconf 82' lang='lat' dir='ltr'><strong>divites</strong></span> <span class='ocrx_word' id='word_1_160' title='bbox 924 1972 1224 2041; x_wconf 88' lang='lat' dir='ltr'><strong>paradisum</strong></span> <span class='ocrx_word' id='word_1_161' title='bbox 1258 1972 1517 2027; x_wconf 83' lang='lat' dir='ltr'><strong>inveniret</strong></span> <span class='ocrx_word' id='word_1_162' title='bbox 1554 1992 1567 2027; x_wconf 93' lang='lat'><strong>:</strong></span> <span class='ocrx_word' id='word_1_163' title='bbox 1600 1990 1782 2029; x_wconf 89' lang='lat' dir='ltr'><strong>verum</strong></span> <span class='ocrx_word' id='word_1_164' title='bbox 1814 1976 1955 2031; x_wconf 89' lang='lat' dir='ltr'><strong>Deus</strong></span> 
     </span>
    </p>
   </div>
   <div class='ocr_carea' id='block_1_21' title="bbox 366 2065 1955 2135">
    <p class='ocr_par' dir='ltr' id='par_1_21' title="bbox 366 2065 1955 2135">
     <span class='ocr_line' id='line_1_21' title="bbox 366 2065 1955 2135; baseline 0.003 -17"><span class='ocrx_word' id='word_1_165' title='bbox 366 2065 591 2119; x_wconf 90' lang='lat' dir='ltr'><strong>occlusit</strong></span> <span class='ocrx_word' id='word_1_166' title='bbox 614 2077 717 2118; x_wconf 90' lang='lat' dir='ltr'><strong>tam</strong></span> <span class='ocrx_word' id='word_1_167' title='bbox 745 2065 1066 2134; x_wconf 90' lang='lat' dir='ltr'><strong>pauperibus</strong></span> <span class='ocrx_word' id='word_1_168' title='bbox 1090 2105 1104 2125; x_wconf 89' lang='lat'><strong>.</strong></span> <span class='ocrx_word' id='word_1_169' title='bbox 1132 2080 1289 2135; x_wconf 88' lang='lat' dir='ltr'><strong>quam</strong></span> <span class='ocrx_word' id='word_1_170' title='bbox 1318 2065 1587 2130; x_wconf 86' lang='lat' dir='ltr'><strong>divitibus,</strong></span> <span class='ocrx_word' id='word_1_171' title='bbox 1618 2076 1674 2121; x_wconf 93' lang='lat' dir='ltr'><strong>ut</strong></span> <span class='ocrx_word' id='word_1_172' title='bbox 1702 2067 1815 2122; x_wconf 91' lang='lat' dir='ltr'><strong>sola</strong></span> <span class='ocrx_word' id='word_1_173' title='bbox 1844 2069 1955 2121; x_wconf 91' lang='lat' dir='ltr'><strong>vir-</strong></span> 
     </span>
    </p>
   </div>
   <div class='ocr_carea' id='block_1_22' title="bbox 369 2158 1956 2231">
    <p class='ocr_par' dir='ltr' id='par_1_22' title="bbox 369 2158 1956 2231">
     <span class='ocr_line' id='line_1_22' title="bbox 369 2158 1956 2231; baseline 0.004 -21"><span class='ocrx_word' id='word_1_174' title='bbox 369 2166 479 2211; x_wconf 91' lang='lat' dir='ltr'><strong>tute</strong></span> <span class='ocrx_word' id='word_1_175' title='bbox 506 2158 642 2209; x_wconf 91' lang='lat' dir='ltr'><strong>viam</strong></span> <span class='ocrx_word' id='word_1_176' title='bbox 688 2158 1003 2211; x_wconf 86' lang='lat' dir='ltr'><strong>invenirent.</strong></span> <span class='ocrx_word' id='word_1_177' title='bbox 1035 2160 1299 2226; x_wconf 86' lang='lat' dir='ltr'><strong>Quantum</strong></span> <span class='ocrx_word' id='word_1_178' title='bbox 1328 2160 1525 2213; x_wconf 86' lang='lat' dir='ltr'><strong>laboris</strong></span> <span class='ocrx_word' id='word_1_179' title='bbox 1551 2175 1834 2231; x_wconf 90' lang='lat' dir='ltr'><strong>suscepere</strong></span> <span class='ocrx_word' id='word_1_180' title='bbox 1865 2177 1956 2231; x_wconf 83' lang='lat' dir='ltr'><strong>pa-</strong></span> 
     </span>
    </p>
   </div>
   <div class='ocr_carea' id='block_1_23' title="bbox 368 2246 1952 2321">
    <p class='ocr_par' dir='ltr' id='par_1_23' title="bbox 368 2246 1952 2321">
     <span class='ocr_line' id='line_1_23' title="bbox 368 2246 1952 2321; baseline 0.006 -23"><span class='ocrx_word' id='word_1_181' title='bbox 368 2246 611 2300; x_wconf 66' lang='lat' dir='ltr'><strong>triarcha:</strong></span> <span class='ocrx_word' id='word_1_182' title='bbox 632 2288 647 2313; x_wconf 90' lang='lat'><strong>,</strong></span> <span class='ocrx_word' id='word_1_183' title='bbox 688 2248 990 2318; x_wconf 72' lang='lat' dir='ltr'><strong>prephetm,</strong></span> <span class='ocrx_word' id='word_1_184' title='bbox 1041 2248 1240 2316; x_wconf 86' lang='lat' dir='ltr'><strong>sancti,</strong></span> <span class='ocrx_word' id='word_1_185' title='bbox 1274 2262 1572 2318; x_wconf 69' lang='lat' dir='ltr'><strong>qumrentes</strong></span> <span class='ocrx_word' id='word_1_186' title='bbox 1608 2253 1908 2321; x_wconf 88' lang='lat' dir='ltr'><strong>paradisum</strong></span> <span class='ocrx_word' id='word_1_187' title='bbox 1935 2296 1952 2321; x_wconf 90' lang='lat'><strong>,</strong></span> 
     </span>
    </p>
   </div>
   <div class='ocr_carea' id='block_1_24' title="bbox 366 2338 1949 2415">
    <p class='ocr_par' dir='ltr' id='par_1_24' title="bbox 366 2338 1949 2415">
     <span class='ocr_line' id='line_1_24' title="bbox 366 2338 1949 2415; baseline 0.006 -24"><span class='ocrx_word' id='word_1_188' title='bbox 366 2353 467 2392; x_wconf 87' lang='lat' dir='ltr'><strong>nec</strong></span> <span class='ocrx_word' id='word_1_189' title='bbox 488 2338 825 2394; x_wconf 88' lang='lat' dir='ltr'><strong>invenerunt.</strong></span> <span class='ocrx_word' id='word_1_190' title='bbox 851 2341 1013 2395; x_wconf 89' lang='lat' dir='ltr'><strong>Latro</strong></span> <span class='ocrx_word' id='word_1_191' title='bbox 1036 2382 1048 2404; x_wconf 92' lang='lat'><strong>,</strong></span> <span class='ocrx_word' id='word_1_192' title='bbox 1082 2342 1170 2411; x_wconf 90' lang='lat' dir='ltr'><strong>qui</strong></span> <span class='ocrx_word' id='word_1_193' title='bbox 1194 2342 1246 2395; x_wconf 93' lang='lat' dir='ltr'><strong>in</strong></span> <span class='ocrx_word' id='word_1_194' title='bbox 1274 2342 1361 2396; x_wconf 91' lang='lat' dir='ltr'><strong>illa</strong></span> <span class='ocrx_word' id='word_1_195' title='bbox 1393 2346 1481 2397; x_wconf 87' lang='lat' dir='ltr'><strong>via</strong></span> <span class='ocrx_word' id='word_1_196' title='bbox 1506 2359 1609 2398; x_wconf 90' lang='lat' dir='ltr'><strong>non</strong></span> <span class='ocrx_word' id='word_1_197' title='bbox 1639 2345 1949 2415; x_wconf 88' lang='lat' dir='ltr'><strong>incesserat,</strong></span> 
     </span>
    </p>
   </div>
   <div class='ocr_carea' id='block_1_25' title="bbox 366 2430 1954 2507">
    <p class='ocr_par' dir='ltr' id='par_1_25' title="bbox 366 2430 1954 2507">
     <span class='ocr_line' id='line_1_25' title="bbox 366 2430 1954 2507; baseline 0.006 -24"><span class='ocrx_word' id='word_1_198' title='bbox 366 2430 460 2484; x_wconf 90' lang='lat' dir='ltr'><strong>sed</strong></span> <span class='ocrx_word' id='word_1_199' title='bbox 503 2431 759 2497; x_wconf 89' lang='lat' dir='ltr'><strong>credidit,</strong></span> <span class='ocrx_word' id='word_1_200' title='bbox 801 2447 926 2487; x_wconf 85' lang='lat' dir='ltr'><strong>vere</strong></span> <span class='ocrx_word' id='word_1_201' title='bbox 955 2434 1092 2487; x_wconf 89' lang='lat' dir='ltr'><strong>viam</strong></span> <span class='ocrx_word' id='word_1_202' title='bbox 1120 2434 1357 2499; x_wconf 90' lang='lat' dir='ltr'><strong>invenit,</strong></span> <span class='ocrx_word' id='word_1_203' title='bbox 1389 2451 1509 2489; x_wconf 91' lang='lat' dir='ltr'><strong>eum</strong></span> <span class='ocrx_word' id='word_1_204' title='bbox 1538 2451 1730 2506; x_wconf 86' lang='lat' dir='ltr'><strong>nempe</strong></span> <span class='ocrx_word' id='word_1_205' title='bbox 1757 2437 1843 2507; x_wconf 89' lang='lat' dir='ltr'><strong>qui</strong></span> <span class='ocrx_word' id='word_1_206' title='bbox 1874 2438 1954 2492; x_wconf 88' lang='lat' dir='ltr'><strong>di-</strong></span> 
     </span>
    </p>
   </div>
   <div class='ocr_carea' id='block_1_26' title="bbox 365 2521 1950 2596">
    <p class='ocr_par' dir='ltr' id='par_1_26' title="bbox 365 2521 1950 2596">
     <span class='ocr_line' id='line_1_26' title="bbox 365 2521 1950 2596; baseline 0.006 -21"><span class='ocrx_word' id='word_1_207' title='bbox 365 2523 471 2588; x_wconf 77' lang='lat' dir='ltr'><strong>xit,</strong></span> <span class='ocrx_word' id='word_1_208' title='bbox 522 2521 634 2593; x_wconf 88' lang='lat' dir='ltr'><strong>Ego</strong></span> <span class='ocrx_word' id='word_1_209' title='bbox 678 2540 787 2577; x_wconf 88' lang='lat' dir='ltr'><strong>sum</strong></span> <span class='ocrx_word' id='word_1_210' title='bbox 817 2524 917 2577; x_wconf 82' lang='lat' dir='ltr'><strong>via.</strong></span> <span class='ocrx_word' id='word_1_211' title='bbox 945 2526 1152 2580; x_wconf 88' lang='lat' dir='ltr'><strong>Invenit</strong></span> <span class='ocrx_word' id='word_1_212' title='bbox 1180 2527 1518 2595; x_wconf 88' lang='lat' dir='ltr'><strong>paradisum,</strong></span> <span class='ocrx_word' id='word_1_213' title='bbox 1548 2544 1704 2596; x_wconf 90' lang='lat' dir='ltr'><strong>quem</strong></span> <span class='ocrx_word' id='word_1_214' title='bbox 1736 2529 1950 2585; x_wconf 90' lang='lat' dir='ltr'><strong>inobse-</strong></span> 
     </span>
    </p>
   </div>
   <div class='ocr_carea' id='block_1_27' title="bbox 364 2615 1949 2691">
    <p class='ocr_par' dir='ltr' id='par_1_27' title="bbox 364 2615 1949 2691">
     <span class='ocr_line' id='line_1_27' title="bbox 364 2615 1949 2691; baseline 0.006 -25"><span class='ocrx_word' id='word_1_215' title='bbox 364 2615 578 2683; x_wconf 90' lang='lat' dir='ltr'><strong>queutia</strong></span> <span class='ocrx_word' id='word_1_216' title='bbox 610 2617 782 2684; x_wconf 89' lang='lat' dir='ltr'><strong>primo</strong></span> <span class='ocrx_word' id='word_1_217' title='bbox 813 2616 1015 2671; x_wconf 89' lang='lat' dir='ltr'><strong>homini</strong></span> <span class='ocrx_word' id='word_1_218' title='bbox 1042 2618 1265 2672; x_wconf 86' lang='lat' dir='ltr'><strong>occlusit</strong></span> <span class='ocrx_word' id='word_1_219' title='bbox 1293 2617 1470 2689; x_wconf 83' lang='lat' dir='ltr'><strong>(Joan.</strong></span> <span class='ocrx_word' id='word_1_220' title='bbox 1502 2620 1586 2673; x_wconf 80' lang='lat' dir='ltr'><strong>I4.</strong></span> <span class='ocrx_word' id='word_1_221' title='bbox 1616 2620 1694 2691; x_wconf 85' lang='lat'><strong>6).</strong></span> <span class='ocrx_word' id='word_1_222' title='bbox 1725 2621 1949 2676; x_wconf 87' lang='lat' dir='ltr'><strong>Causam</strong></span> 
     </span>
    </p>
   </div>
   <div class='ocr_carea' id='block_1_28' title="bbox 362 2708 1950 2780">
    <p class='ocr_par' dir='ltr' id='par_1_28' title="bbox 362 2708 1950 2780">
     <span class='ocr_line' id='line_1_28' title="bbox 362 2708 1950 2780; baseline 0.005 -20"><span class='ocrx_word' id='word_1_223' title='bbox 362 2717 539 2762; x_wconf 87' lang='lat' dir='ltr'><strong>autem</strong></span> <span class='ocrx_word' id='word_1_224' title='bbox 596 2724 779 2777; x_wconf 61' lang='lat' dir='ltr'><strong>quaero</strong></span> <span class='ocrx_word' id='word_1_225' title='bbox 833 2725 931 2763; x_wconf 86' lang='lat' dir='ltr'><strong>cur</strong></span> <span class='ocrx_word' id='word_1_226' title='bbox 977 2708 1434 2780; x_wconf 85' lang='lat' dir='ltr'><strong>historiographus</strong></span> <span class='ocrx_word' id='word_1_227' title='bbox 1463 2752 1478 2776; x_wconf 92' lang='lat'><strong>,</strong></span> <span class='ocrx_word' id='word_1_228' title='bbox 1531 2722 1950 2768; x_wconf 88' lang='lat' dir='ltr'><strong>commemorato</strong></span> 
     </span>
    </p>
   </div>
   <div class='ocr_carea' id='block_1_29' title="bbox 365 2798 1947 2869">
    <p class='ocr_par' dir='ltr' id='par_1_29' title="bbox 365 2798 1947 2869">
     <span class='ocr_line' id='line_1_29' title="bbox 365 2798 1947 2869; baseline 0.005 -18"><span class='ocrx_word' id='word_1_229' title='bbox 365 2800 536 2867; x_wconf 90' lang='lat' dir='ltr'><strong>primo</strong></span> <span class='ocrx_word' id='word_1_230' title='bbox 580 2798 773 2866; x_wconf 78' lang='lat' dir='ltr'><strong>ﬂuvio,</strong></span> <span class='ocrx_word' id='word_1_231' title='bbox 799 2799 994 2855; x_wconf 82' lang='lat' dir='ltr'><strong>dixerit</strong></span> <span class='ocrx_word' id='word_1_232' title='bbox 1024 2819 1035 2855; x_wconf 96' lang='lat'>:</span> <span class='ocrx_word' id='word_1_233' title='bbox 1067 2799 1147 2853; x_wconf 87' lang='lat' dir='ltr'><strong>Ibi</strong></span> <span class='ocrx_word' id='word_1_234' title='bbox 1172 2812 1243 2855; x_wconf 89' lang='lat' dir='ltr'><strong>est</strong></span> <span class='ocrx_word' id='word_1_235' title='bbox 1275 2818 1458 2855; x_wconf 87' lang='lat' dir='ltr'><strong>aurum</strong></span> <span class='ocrx_word' id='word_1_236' title='bbox 1484 2804 1696 2869; x_wconf 88' lang='lat' dir='ltr'><strong>bonum,</strong></span> <span class='ocrx_word' id='word_1_237' title='bbox 1728 2805 1947 2859; x_wconf 78' lang='lat' dir='ltr'><strong>carbun-</strong></span> 
     </span>
    </p>
   </div>
   <div class='ocr_carea' id='block_1_30' title="bbox 359 2890 1949 2965">
    <p class='ocr_par' dir='ltr' id='par_1_30' title="bbox 359 2890 1949 2965">
     <span class='ocr_line' id='line_1_30' title="bbox 359 2890 1949 2965; baseline 0.006 -22"><span class='ocrx_word' id='word_1_238' title='bbox 359 2890 504 2944; x_wconf 80' lang='lat' dir='ltr'><strong>culus</strong></span> <span class='ocrx_word' id='word_1_239' title='bbox 542 2901 589 2944; x_wconf 88' lang='lat' dir='ltr'><strong>et</strong></span> <span class='ocrx_word' id='word_1_240' title='bbox 627 2893 757 2961; x_wconf 85' lang='lat' dir='ltr'><strong>lapis</strong></span> <span class='ocrx_word' id='word_1_241' title='bbox 782 2893 1017 2962; x_wconf 74' lang='lat' dir='ltr'><strong>prasinus</strong></span> <span class='ocrx_word' id='word_1_242' title='bbox 1043 2893 1192 2962; x_wconf 81' lang='lat' dir='ltr'><strong>(Gen.</strong></span> <span class='ocrx_word' id='word_1_243' title='bbox 1224 2894 1279 2947; x_wconf 94' lang='lat'><strong>2.</strong></span> <span class='ocrx_word' id='word_1_244' title='bbox 1307 2894 1419 2965; x_wconf 84' lang='lat' dir='ltr'><strong>I2).</strong></span> <span class='ocrx_word' id='word_1_245' title='bbox 1451 2896 1503 2951; x_wconf 88' lang='lat' dir='ltr'><strong>Si</strong></span> <span class='ocrx_word' id='word_1_246' title='bbox 1536 2911 1753 2965; x_wconf 62' lang='lat' dir='ltr'><strong>prorsus</strong></span> <span class='ocrx_word' id='word_1_247' title='bbox 1782 2908 1949 2952; x_wconf 64' lang='lat' dir='ltr'><strong>terra-</strong></span> 
     </span>
    </p>
   </div>
   <div class='ocr_carea' id='block_1_31' title="bbox 362 2983 1946 3059">
    <p class='ocr_par' dir='ltr' id='par_1_31' title="bbox 362 2983 1946 3059">
     <span class='ocr_line' id='line_1_31' title="bbox 362 2983 1946 3059; baseline 0.006 -24"><span class='ocrx_word' id='word_1_248' title='bbox 362 2998 478 3036; x_wconf 91' lang='lat' dir='ltr'><strong>rum</strong></span> <span class='ocrx_word' id='word_1_249' title='bbox 527 2983 711 3037; x_wconf 91' lang='lat' dir='ltr'><strong>orbem</strong></span> <span class='ocrx_word' id='word_1_250' title='bbox 754 2983 1112 3052; x_wconf 88' lang='lat' dir='ltr'><strong>describeret,</strong></span> <span class='ocrx_word' id='word_1_251' title='bbox 1142 2995 1414 3055; x_wconf 81' lang='lat' dir='ltr'><strong>Oporteret</strong></span> <span class='ocrx_word' id='word_1_252' title='bbox 1451 3003 1580 3042; x_wconf 86' lang='lat' dir='ltr'><strong>sane</strong></span> <span class='ocrx_word' id='word_1_253' title='bbox 1618 2989 1669 3043; x_wconf 91' lang='lat' dir='ltr'><strong>in</strong></span> <span class='ocrx_word' id='word_1_254' title='bbox 1712 2990 1946 3059; x_wconf 88' lang='lat' dir='ltr'><strong>qualibet</strong></span> 
     </span>
    </p>
   </div>
   <div class='ocr_carea' id='block_1_32' title="bbox 360 3073 1941 3150">
    <p class='ocr_par' dir='ltr' id='par_1_32' title="bbox 360 3073 1941 3150">
     <span class='ocr_line' id='line_1_32' title="bbox 360 3073 1941 3150; baseline 0.004 -22"><span class='ocrx_word' id='word_1_255' title='bbox 360 3074 578 3143; x_wconf 82' lang='lat' dir='ltr'><strong>regione</strong></span> <span class='ocrx_word' id='word_1_256' title='bbox 614 3073 794 3129; x_wconf 87' lang='lat' dir='ltr'><strong>dicere</strong></span> <span class='ocrx_word' id='word_1_257' title='bbox 821 3090 939 3144; x_wconf 66' lang='lat' dir='ltr'><strong>qua:</strong></span> <span class='ocrx_word' id='word_1_258' title='bbox 966 3076 1072 3131; x_wconf 92' lang='lat' dir='ltr'><strong>illic</strong></span> <span class='ocrx_word' id='word_1_259' title='bbox 1104 3077 1240 3130; x_wconf 90' lang='lat' dir='ltr'><strong>bona</strong></span> <span class='ocrx_word' id='word_1_260' title='bbox 1272 3078 1572 3145; x_wconf 88' lang='lat' dir='ltr'><strong>orirentur,</strong></span> <span class='ocrx_word' id='word_1_261' title='bbox 1604 3080 1941 3150; x_wconf 77' lang='lat' dir='ltr'><strong>smaragdos,</strong></span> 
     </span>
    </p>
   </div>
   <div class='ocr_carea' id='block_1_33' title="bbox 358 3168 1938 3243">
    <p class='ocr_par' dir='ltr' id='par_1_33' title="bbox 358 3168 1938 3243">
     <span class='ocr_line' id='line_1_33' title="bbox 358 3168 1938 3243; baseline 0.006 -21"><span class='ocrx_word' id='word_1_262' title='bbox 358 3168 702 3239; x_wconf 85' lang='lat' dir='ltr'><strong>hyacinthos,</strong></span> <span class='ocrx_word' id='word_1_263' title='bbox 738 3168 823 3223; x_wconf 90' lang='lat' dir='ltr'><strong>ubi</strong></span> <span class='ocrx_word' id='word_1_264' title='bbox 857 3171 1145 3239; x_wconf 87' lang='lat' dir='ltr'><strong>topazium,</strong></span> <span class='ocrx_word' id='word_1_265' title='bbox 1180 3173 1265 3226; x_wconf 91' lang='lat' dir='ltr'><strong>ubi</strong></span> <span class='ocrx_word' id='word_1_266' title='bbox 1288 3172 1513 3229; x_wconf 75' lang='lat' dir='ltr'><strong>diversa:</strong></span> <span class='ocrx_word' id='word_1_267' title='bbox 1536 3173 1639 3229; x_wconf 74' lang='lat' dir='ltr'><strong>illa:</strong></span> <span class='ocrx_word' id='word_1_268' title='bbox 1664 3178 1938 3243; x_wconf 66' lang='lat' dir='ltr'><strong>materias;</strong></span> 
     </span>
    </p>
   </div>
   <div class='ocr_carea' id='block_1_34' title="bbox 357 3258 1942 3334">
    <p class='ocr_par' dir='ltr' id='par_1_34' title="bbox 357 3258 1942 3334">
     <span class='ocr_line' id='line_1_34' title="bbox 357 3258 1942 3334; baseline 0.006 -21"><span class='ocrx_word' id='word_1_269' title='bbox 357 3258 451 3313; x_wconf 89' lang='lat' dir='ltr'><strong>sed</strong></span> <span class='ocrx_word' id='word_1_270' title='bbox 481 3274 667 3314; x_wconf 91' lang='lat' dir='ltr'><strong>aurum</strong></span> <span class='ocrx_word' id='word_1_271' title='bbox 697 3268 897 3315; x_wconf 89' lang='lat' dir='ltr'><strong>tantum</strong></span> <span class='ocrx_word' id='word_1_272' title='bbox 923 3277 987 3317; x_wconf 91' lang='lat' dir='ltr'><strong>ac</strong></span> <span class='ocrx_word' id='word_1_273' title='bbox 1013 3263 1146 3318; x_wconf 89' lang='lat' dir='ltr'><strong>duos</strong></span> <span class='ocrx_word' id='word_1_274' title='bbox 1176 3264 1379 3334; x_wconf 88' lang='lat' dir='ltr'><strong>lapides</strong></span> <span class='ocrx_word' id='word_1_275' title='bbox 1404 3268 1660 3334; x_wconf 90' lang='lat' dir='ltr'><strong>assumit,</strong></span> <span class='ocrx_word' id='word_1_276' title='bbox 1693 3269 1942 3323; x_wconf 87' lang='lat' dir='ltr'><strong>sacerdo-</strong></span> 
     </span>
    </p>
   </div>
   <div class='ocr_carea' id='block_1_35' title="bbox 355 3350 1937 3432">
    <p class='ocr_par' dir='ltr' id='par_1_35' title="bbox 355 3350 1937 3432">
     <span class='ocr_line' id='line_1_35' title="bbox 355 3350 1937 3432; baseline 0.009 -29"><span class='ocrx_word' id='word_1_277' title='bbox 355 3350 411 3404; x_wconf 91' lang='lat' dir='ltr'><strong>tii</strong></span> <span class='ocrx_word' id='word_1_278' title='bbox 441 3352 718 3420; x_wconf 89' lang='lat' dir='ltr'><strong>primitias,</strong></span> <span class='ocrx_word' id='word_1_279' title='bbox 742 3355 862 3423; x_wconf 86' lang='lat' dir='ltr'><strong>quia</strong></span> <span class='ocrx_word' id='word_1_280' title='bbox 891 3356 1141 3411; x_wconf 90' lang='lat' dir='ltr'><strong>sacerdos</strong></span> <span class='ocrx_word' id='word_1_281' title='bbox 1166 3372 1380 3412; x_wconf 86' lang='lat' dir='ltr'><strong>auream</strong></span> <span class='ocrx_word' id='word_1_282' title='bbox 1409 3361 1655 3414; x_wconf 86' lang='lat' dir='ltr'><strong>laminam</strong></span> <span class='ocrx_word' id='word_1_283' title='bbox 1676 3362 1937 3432; x_wconf 83' lang='lat' dir='ltr'><strong>gestabat,</strong></span> 
     </span>
    </p>
   </div>
   <div class='ocr_carea' id='block_1_36' title="bbox 355 3445 1935 3521">
    <p class='ocr_par' dir='ltr' id='par_1_36' title="bbox 355 3445 1935 3521">
     <span class='ocr_line' id='line_1_36' title="bbox 355 3445 1935 3521; baseline 0.007 -24"><span class='ocrx_word' id='word_1_284' title='bbox 355 3448 405 3498; x_wconf 89' lang='lat' dir='ltr'><strong>in</strong></span> <span class='ocrx_word' id='word_1_285' title='bbox 453 3459 553 3513; x_wconf 91' lang='lat' dir='ltr'><strong>qua</strong></span> <span class='ocrx_word' id='word_1_286' title='bbox 604 3445 697 3499; x_wconf 88' lang='lat' dir='ltr'><strong>Dei</strong></span> <span class='ocrx_word' id='word_1_287' title='bbox 738 3460 932 3502; x_wconf 91' lang='lat' dir='ltr'><strong>nomen</strong></span> <span class='ocrx_word' id='word_1_288' title='bbox 960 3458 1074 3503; x_wconf 89' lang='lat' dir='ltr'><strong>erat</strong></span> <span class='ocrx_word' id='word_1_289' title='bbox 1109 3450 1440 3521; x_wconf 90' lang='lat' dir='ltr'><strong>inscriptum.</strong></span> <span class='ocrx_word' id='word_1_290' title='bbox 1467 3453 1631 3507; x_wconf 86' lang='lat' dir='ltr'><strong>Erant</strong></span> <span class='ocrx_word' id='word_1_291' title='bbox 1658 3454 1935 3510; x_wconf 88' lang='lat' dir='ltr'><strong>duodecim</strong></span> 
     </span>
    </p>
   </div>
   <div class='ocr_carea' id='block_1_37' title="bbox 354 3536 1935 3615">
    <p class='ocr_par' dir='ltr' id='par_1_37' title="bbox 354 3536 1935 3615">
     <span class='ocr_line' id='line_1_37' title="bbox 354 3536 1935 3615; baseline 0.007 -26"><span class='ocrx_word' id='word_1_292' title='bbox 354 3536 555 3604; x_wconf 87' lang='lat' dir='ltr'><strong>lapides</strong></span> <span class='ocrx_word' id='word_1_293' title='bbox 602 3551 760 3607; x_wconf 85' lang='lat' dir='ltr'><strong>supra</strong></span> <span class='ocrx_word' id='word_1_294' title='bbox 804 3540 1096 3596; x_wconf 90' lang='lat' dir='ltr'><strong>sacerdotis</strong></span> <span class='ocrx_word' id='word_1_295' title='bbox 1139 3552 1351 3611; x_wconf 88' lang='lat' dir='ltr'><strong>pectus,</strong></span> <span class='ocrx_word' id='word_1_296' title='bbox 1394 3545 1635 3612; x_wconf 88' lang='lat' dir='ltr'><strong>sardius,</strong></span> <span class='ocrx_word' id='word_1_297' title='bbox 1666 3547 1935 3615; x_wconf 86' lang='lat' dir='ltr'><strong>topazius,</strong></span> 
     </span>
    </p>
   </div>
   <div class='ocr_carea' id='block_1_38' title="bbox 352 3627 1932 3709">
    <p class='ocr_par' dir='ltr' id='par_1_38' title="bbox 352 3627 1932 3709">
     <span class='ocr_line' id='line_1_38' title="bbox 352 3627 1932 3709; baseline 0.009 -30"><span class='ocrx_word' id='word_1_298' title='bbox 352 3627 662 3697; x_wconf 89' lang='lat' dir='ltr'><strong>smaragdus</strong></span> <span class='ocrx_word' id='word_1_299' title='bbox 682 3670 697 3695; x_wconf 90' lang='lat'><strong>,</strong></span> <span class='ocrx_word' id='word_1_300' title='bbox 729 3630 1111 3696; x_wconf 87' lang='lat' dir='ltr'><strong>carbunculus,</strong></span> <span class='ocrx_word' id='word_1_301' title='bbox 1141 3635 1452 3703; x_wconf 86' lang='lat' dir='ltr'><strong>sapphirus,</strong></span> <span class='ocrx_word' id='word_1_302' title='bbox 1470 3636 1670 3706; x_wconf 79' lang='lat' dir='ltr'><strong>jaSpis,</strong></span> <span class='ocrx_word' id='word_1_303' title='bbox 1696 3637 1932 3709; x_wconf 70' lang='lat' dir='ltr'><strong>ligor-ius,</strong></span> 
     </span>
    </p>
   </div>
   <div class='ocr_carea' id='block_1_39' title="bbox 350 3718 1935 3803">
    <p class='ocr_par' dir='ltr' id='par_1_39' title="bbox 350 3718 1935 3803">
     <span class='ocr_line' id='line_1_39' title="bbox 350 3718 1935 3803; baseline 0.01 -33"><span class='ocrx_word' id='word_1_304' title='bbox 350 3718 597 3784; x_wconf 86' lang='lat' dir='ltr'><strong>achates,</strong></span> <span class='ocrx_word' id='word_1_305' title='bbox 643 3719 974 3792; x_wconf 79' lang='lat' dir='ltr'><strong>amethystus</strong></span> <span class='ocrx_word' id='word_1_306' title='bbox 998 3766 1013 3787; x_wconf 90' lang='lat'><strong>,</strong></span> <span class='ocrx_word' id='word_1_307' title='bbox 1060 3724 1456 3796; x_wconf 82' lang='lat' dir='ltr'><strong>chrysolithus,</strong></span> <span class='ocrx_word' id='word_1_308' title='bbox 1494 3729 1760 3800; x_wconf 83' lang='lat' dir='ltr'><strong>beryllus,</strong></span> <span class='ocrx_word' id='word_1_309' title='bbox 1794 3747 1935 3803; x_wconf 81' lang='lat' dir='ltr'><strong>onyx</strong></span> 
     </span>
    </p>
   </div>
   <div class='ocr_carea' id='block_1_40' title="bbox 354 3806 1932 3890">
    <p class='ocr_par' dir='ltr' id='par_1_40' title="bbox 354 3806 1932 3890">
     <span class='ocr_line' id='line_1_40' title="bbox 354 3806 1932 3890; baseline 0.01 -30"><span class='ocrx_word' id='word_1_310' title='bbox 354 3806 546 3879; x_wconf 78' lang='lat' dir='ltr'><strong>(Exod.</strong></span> <span class='ocrx_word' id='word_1_311' title='bbox 589 3808 677 3865; x_wconf 74' lang='lat'><strong>&#39;28.</strong></span> <span class='ocrx_word' id='word_1_312' title='bbox 711 3810 919 3882; x_wconf 70' lang='lat'><strong>17-20).</strong></span> <span class='ocrx_word' id='word_1_313' title='bbox 953 3812 1030 3867; x_wconf 77' lang='lat' dir='ltr'><strong>Ex</strong></span> <span class='ocrx_word' id='word_1_314' title='bbox 1058 3813 1140 3869; x_wconf 91' lang='lat' dir='ltr'><strong>his</strong></span> <span class='ocrx_word' id='word_1_315' title='bbox 1167 3815 1445 3872; x_wconf 90' lang='lat' dir='ltr'><strong>duodecim</strong></span> <span class='ocrx_word' id='word_1_316' title='bbox 1476 3818 1738 3888; x_wconf 89' lang='lat' dir='ltr'><strong>lapidibus</strong></span> <span class='ocrx_word' id='word_1_317' title='bbox 1768 3822 1932 3890; x_wconf 89' lang='lat' dir='ltr'><strong>prasi-</strong></span> 
     </span>
    </p>
   </div>
   <div class='ocr_carea' id='block_1_41' title="bbox 349 3905 1933 3977">
    <p class='ocr_par' dir='ltr' id='par_1_41' title="bbox 349 3905 1933 3977">
     <span class='ocr_line' id='line_1_41' title="bbox 349 3905 1933 3977; baseline 0.011 -24"><span class='ocrx_word' id='word_1_318' title='bbox 349 3914 449 3954; x_wconf 91' lang='lat' dir='ltr'><strong>nus</strong></span> <span class='ocrx_word' id='word_1_319' title='bbox 486 3912 792 3971; x_wconf 87' lang='lat' dir='ltr'><strong>segregatus</strong></span> <span class='ocrx_word' id='word_1_320' title='bbox 829 3913 911 3958; x_wconf 91' lang='lat' dir='ltr'><strong>est</strong></span> <span class='ocrx_word' id='word_1_321' title='bbox 943 3905 1102 3961; x_wconf 88' lang='lat' dir='ltr'><strong>tribui</strong></span> <span class='ocrx_word' id='word_1_322' title='bbox 1126 3909 1473 3977; x_wconf 87' lang='lat' dir='ltr'><strong>sacerdotali,</strong></span> <span class='ocrx_word' id='word_1_323' title='bbox 1504 3921 1556 3965; x_wconf 89' lang='lat' dir='ltr'><strong>et</strong></span> <span class='ocrx_word' id='word_1_324' title='bbox 1581 3914 1933 3971; x_wconf 86' lang='lat' dir='ltr'><strong>carbunculus</strong></span> 
     </span>
    </p>
   </div>
   <div class='ocr_carea' id='block_1_42' title="bbox 346 3993 1934 4072">
    <p class='ocr_par' dir='ltr' id='par_1_42' title="bbox 346 3993 1934 4072">
     <span class='ocr_line' id='line_1_42' title="bbox 346 3993 1934 4072; baseline 0.012 -26"><span class='ocrx_word' id='word_1_325' title='bbox 346 3994 525 4062; x_wconf 70' lang='lat' dir='ltr'><strong>regiae.</strong></span> <span class='ocrx_word' id='word_1_326' title='bbox 569 3993 703 4061; x_wconf 88' lang='lat' dir='ltr'><strong>Quid</strong></span> <span class='ocrx_word' id='word_1_327' title='bbox 742 3996 813 4050; x_wconf 90' lang='lat' dir='ltr'><strong>ita</strong></span> <span class='ocrx_word' id='word_1_328' title='bbox 837 3996 860 4048; x_wconf 89' lang='lat'><strong>?</strong></span> <span class='ocrx_word' id='word_1_329' title='bbox 885 3999 1014 4063; x_wconf 82' lang='lat' dir='ltr'><strong>Quia</strong></span> <span class='ocrx_word' id='word_1_330' title='bbox 1042 3999 1177 4070; x_wconf 81' lang='lat' dir='ltr'><strong>ignis</strong></span> <span class='ocrx_word' id='word_1_331' title='bbox 1203 4006 1474 4072; x_wconf 91' lang='lat' dir='ltr'><strong>proprium</strong></span> <span class='ocrx_word' id='word_1_332' title='bbox 1503 4014 1582 4060; x_wconf 89' lang='lat' dir='ltr'><strong>est</strong></span> <span class='ocrx_word' id='word_1_333' title='bbox 1609 4022 1763 4063; x_wconf 88' lang='lat' dir='ltr'><strong>ttrerc</strong></span> <span class='ocrx_word' id='word_1_334' title='bbox 1788 4018 1842 4063; x_wconf 91' lang='lat' dir='ltr'><strong>et</strong></span> <span class='ocrx_word' id='word_1_335' title='bbox 1870 4010 1934 4064; x_wconf 87' lang='lat' dir='ltr'><strong>il-</strong></span> 
     </span>
    </p>
   </div>
   <div class='ocr_carea' id='block_1_43' title="bbox 345 4086 1925 4171">
    <p class='ocr_par' dir='ltr' id='par_1_43' title="bbox 345 4086 1925 4171">
     <span class='ocr_line' id='line_1_43' title="bbox 345 4086 1925 4171; baseline 0.012 -31"><span class='ocrx_word' id='word_1_336' title='bbox 345 4086 603 4141; x_wconf 82' lang='lat' dir='ltr'><strong>luminare</strong></span> <span class='ocrx_word' id='word_1_337' title='bbox 651 4106 664 4143; x_wconf 88' lang='lat'><strong>:</strong></span> <span class='ocrx_word' id='word_1_338' title='bbox 710 4090 953 4161; x_wconf 83' lang='lat' dir='ltr'><strong>regisque</strong></span> <span class='ocrx_word' id='word_1_339' title='bbox 998 4096 1270 4163; x_wconf 89' lang='lat' dir='ltr'><strong>proprium</strong></span> <span class='ocrx_word' id='word_1_340' title='bbox 1300 4096 1612 4155; x_wconf 83' lang='lat' dir='ltr'><strong>benefacere</strong></span> <span class='ocrx_word' id='word_1_341' title='bbox 1639 4110 1693 4155; x_wconf 90' lang='lat' dir='ltr'><strong>et</strong></span> <span class='ocrx_word' id='word_1_342' title='bbox 1720 4104 1925 4171; x_wconf 88' lang='lat' dir='ltr'><strong>punire.</strong></span> 
     </span>
    </p>
   </div>
   <div class='ocr_carea' id='block_1_44' title="bbox 344 4178 1925 4262">
    <p class='ocr_par' dir='ltr' id='par_1_44' title="bbox 344 4178 1925 4262">
     <span class='ocr_line' id='line_1_44' title="bbox 344 4178 1925 4262; baseline 0.011 -31"><span class='ocrx_word' id='word_1_343' title='bbox 344 4178 499 4232; x_wconf 86' lang='lat' dir='ltr'><strong>Ponit</strong></span> <span class='ocrx_word' id='word_1_344' title='bbox 522 4179 710 4235; x_wconf 84' lang='lat' dir='ltr'><strong>Ruben</strong></span> <span class='ocrx_word' id='word_1_345' title='bbox 739 4184 961 4252; x_wconf 90' lang='lat' dir='ltr'><strong>primam</strong></span> <span class='ocrx_word' id='word_1_346' title='bbox 993 4187 1184 4240; x_wconf 84' lang='lat' dir='ltr'><strong>tribum</strong></span> <span class='ocrx_word' id='word_1_347' title='bbox 1216 4188 1267 4241; x_wconf 91' lang='lat' dir='ltr'><strong>in</strong></span> <span class='ocrx_word' id='word_1_348' title='bbox 1296 4190 1490 4255; x_wconf 91' lang='lat' dir='ltr'><strong>sardio,</strong></span> <span class='ocrx_word' id='word_1_349' title='bbox 1524 4191 1844 4262; x_wconf 85' lang='lat' dir='ltr'><strong>Symeonem</strong></span> <span class='ocrx_word' id='word_1_350' title='bbox 1874 4196 1925 4250; x_wconf 90' lang='lat' dir='ltr'><strong>in</strong></span> 
     </span>
    </p>
   </div>
   <div class='ocr_carea' id='block_1_45' title="bbox 342 4272 1929 4354">
    <p class='ocr_par' dir='ltr' id='par_1_45' title="bbox 342 4272 1929 4354">
     <span class='ocr_line' id='line_1_45' title="bbox 342 4272 1929 4354; baseline 0.011 -31"><span class='ocrx_word' id='word_1_351' title='bbox 342 4272 577 4340; x_wconf 89' lang='lat' dir='ltr'><strong>topazio,</strong></span> <span class='ocrx_word' id='word_1_352' title='bbox 610 4272 734 4327; x_wconf 87' lang='lat' dir='ltr'><strong>Levi</strong></span> <span class='ocrx_word' id='word_1_353' title='bbox 765 4274 816 4327; x_wconf 90' lang='lat' dir='ltr'><strong>in</strong></span> <span class='ocrx_word' id='word_1_354' title='bbox 839 4274 1011 4344; x_wconf 91' lang='lat' dir='ltr'><strong>lapide</strong></span> <span class='ocrx_word' id='word_1_355' title='bbox 1034 4278 1248 4346; x_wconf 87' lang='lat' dir='ltr'><strong>prasino</strong></span> <span class='ocrx_word' id='word_1_356' title='bbox 1269 4321 1283 4345; x_wconf 93' lang='lat'><strong>,</strong></span> <span class='ocrx_word' id='word_1_357' title='bbox 1313 4278 1534 4349; x_wconf 77' lang='lat' dir='ltr'><strong>ludam,</strong></span> <span class='ocrx_word' id='word_1_358' title='bbox 1560 4299 1626 4337; x_wconf 79' lang='lat' dir='ltr'><strong>ex</strong></span> <span class='ocrx_word' id='word_1_359' title='bbox 1650 4299 1755 4354; x_wconf 87' lang='lat' dir='ltr'><strong>quo</strong></span> <span class='ocrx_word' id='word_1_360' title='bbox 1774 4284 1929 4340; x_wconf 86' lang='lat' dir='ltr'><strong>Citri-</strong></span> 
     </span>
    </p>
   </div>
   <div class='ocr_carea' id='block_1_46' title="bbox 342 4363 1924 4441">
    <p class='ocr_par' dir='ltr' id='par_1_46' title="bbox 342 4363 1924 4441">
     <span class='ocr_line' id='line_1_46' title="bbox 342 4363 1924 4441; baseline 0.012 -29"><span class='ocrx_word' id='word_1_361' title='bbox 342 4370 476 4427; x_wconf 85' lang='lat' dir='ltr'><strong>stus,</strong></span> <span class='ocrx_word' id='word_1_362' title='bbox 508 4363 557 4415; x_wconf 93' lang='lat' dir='ltr'><strong>in</strong></span> <span class='ocrx_word' id='word_1_363' title='bbox 585 4363 905 4419; x_wconf 86' lang='lat' dir='ltr'><strong>carbunculo</strong></span> <span class='ocrx_word' id='word_1_364' title='bbox 931 4366 1241 4422; x_wconf 89' lang='lat' dir='ltr'><strong>rubicundo.</strong></span> <span class='ocrx_word' id='word_1_365' title='bbox 1274 4369 1428 4426; x_wconf 89' lang='lat' dir='ltr'><strong>Certe</strong></span> <span class='ocrx_word' id='word_1_366' title='bbox 1454 4371 1612 4427; x_wconf 84' lang='lat' dir='ltr'><strong>Isaias</strong></span> <span class='ocrx_word' id='word_1_367' title='bbox 1644 4385 1760 4441; x_wconf 92' lang='lat' dir='ltr'><strong>post</strong></span> <span class='ocrx_word' id='word_1_368' title='bbox 1785 4378 1924 4432; x_wconf 89' lang='lat' dir='ltr'><strong>mul-</strong></span> 
     </span>
    </p>
   </div>
   <div class='ocr_carea' id='block_1_47' title="bbox 342 4450 1925 4530">
    <p class='ocr_par' dir='ltr' id='par_1_47' title="bbox 342 4450 1925 4530">
     <span class='ocr_line' id='line_1_47' title="bbox 342 4450 1925 4530; baseline 0.011 -26"><span class='ocrx_word' id='word_1_369' title='bbox 342 4461 391 4504; x_wconf 89' lang='lat' dir='ltr'><strong>ta</strong></span> <span class='ocrx_word' id='word_1_370' title='bbox 441 4450 617 4519; x_wconf 89' lang='lat' dir='ltr'><strong>elapsa</strong></span> <span class='ocrx_word' id='word_1_371' title='bbox 642 4461 877 4523; x_wconf 89' lang='lat' dir='ltr'><strong>tempora</strong></span> <span class='ocrx_word' id='word_1_372' title='bbox 905 4454 1032 4510; x_wconf 90' lang='lat' dir='ltr'><strong>dicit</strong></span> <span class='ocrx_word' id='word_1_373' title='bbox 1050 4457 1397 4530; x_wconf 74' lang='lat' dir='ltr'><strong>Jerosolyma:</strong></span> <span class='ocrx_word' id='word_1_374' title='bbox 1426 4480 1439 4517; x_wconf 87' lang='lat'><strong><em>:</em></strong></span> <span class='ocrx_word' id='word_1_375' title='bbox 1464 4459 1529 4517; x_wconf 90' lang='lat' dir='ltr'><strong>In</strong></span> <span class='ocrx_word' id='word_1_376' title='bbox 1551 4466 1781 4519; x_wconf 88' lang='lat' dir='ltr'><strong>manibus</strong></span> <span class='ocrx_word' id='word_1_377' title='bbox 1804 4469 1925 4523; x_wconf 88' lang='lat' dir='ltr'><strong>meis</strong></span> 
     </span>
    </p>
   </div>
   <div class='ocr_carea' id='block_1_48' title="bbox 339 4541 1925 4627">
    <p class='ocr_par' dir='ltr' id='par_1_48' title="bbox 339 4541 1925 4627">
     <span class='ocr_line' id='line_1_48' title="bbox 339 4541 1925 4627; baseline 0.013 -35"><span class='ocrx_word' id='word_1_378' title='bbox 339 4541 547 4609; x_wconf 76' lang='lat' dir='ltr'><strong>depinxi</strong></span> <span class='ocrx_word' id='word_1_379' title='bbox 567 4558 734 4596; x_wconf 88' lang='lat' dir='ltr'><strong>muros</strong></span> <span class='ocrx_word' id='word_1_380' title='bbox 757 4552 888 4611; x_wconf 89' lang='lat' dir='ltr'><strong>tuos,</strong></span> <span class='ocrx_word' id='word_1_381' title='bbox 916 4547 1038 4600; x_wconf 85' lang='lat' dir='ltr'><strong>etin</strong></span> <span class='ocrx_word' id='word_1_382' title='bbox 1062 4559 1327 4619; x_wconf 85' lang='lat' dir='ltr'><strong>conspectu</strong></span> <span class='ocrx_word' id='word_1_383' title='bbox 1356 4568 1462 4606; x_wconf 88' lang='lat' dir='ltr'><strong>meo</strong></span> <span class='ocrx_word' id='word_1_384' title='bbox 1479 4571 1529 4607; x_wconf 87' lang='lat' dir='ltr'><strong>es</strong></span> <span class='ocrx_word' id='word_1_385' title='bbox 1556 4572 1771 4627; x_wconf 80' lang='lat' dir='ltr'><strong>semper.</strong></span> <span class='ocrx_word' id='word_1_386' title='bbox 1794 4558 1925 4613; x_wconf 84' lang='lat' dir='ltr'><strong>Ecce</strong></span> 
     </span>
    </p>
   </div>
   <div class='ocr_carea' id='block_1_49' title="bbox 339 4635 1917 4715">
    <p class='ocr_par' dir='ltr' id='par_1_49' title="bbox 339 4635 1917 4715">
     <span class='ocr_line' id='line_1_49' title="bbox 339 4635 1917 4715; baseline 0.014 -32"><span class='ocrx_word' id='word_1_387' title='bbox 339 4648 570 4701; x_wconf 72' lang='lat' dir='ltr'><strong>prwparo</strong></span> <span class='ocrx_word' id='word_1_388' title='bbox 598 4635 958 4690; x_wconf 82' lang='lat' dir='ltr'><strong>carbunculum</strong></span> <span class='ocrx_word' id='word_1_389' title='bbox 983 4638 1204 4709; x_wconf 88' lang='lat' dir='ltr'><strong>lapidem</strong></span> <span class='ocrx_word' id='word_1_390' title='bbox 1226 4650 1363 4696; x_wconf 87' lang='lat' dir='ltr'><strong>tuum</strong></span> <span class='ocrx_word' id='word_1_391' title='bbox 1381 4642 1533 4715; x_wconf 84' lang='lat' dir='ltr'><strong>(lsui.</strong></span> <span class='ocrx_word' id='word_1_392' title='bbox 1558 4646 1646 4702; x_wconf 63' lang='lat'><strong>49.</strong></span> <span class='ocrx_word' id='word_1_393' title='bbox 1670 4649 1917 4705; x_wconf 68' lang='lat' dir='ltr'><strong>I6.et54.</strong></span> 
     </span>
    </p>
   </div>
   <div class='ocr_carea' id='block_1_50' title="bbox 340 4724 1921 4812">
    <p class='ocr_par' dir='ltr' id='par_1_50' title="bbox 340 4724 1921 4812">
     <span class='ocr_line' id='line_1_50' title="bbox 340 4724 1921 4812; baseline 0.012 -34"><span class='ocrx_word' id='word_1_394' title='bbox 340 4724 426 4797; x_wconf 88' lang='lat' dir='ltr'><strong>II)</strong></span> <span class='ocrx_word' id='word_1_395' title='bbox 448 4767 461 4789; x_wconf 93' lang='lat'><strong>,</strong></span> <span class='ocrx_word' id='word_1_396' title='bbox 492 4726 827 4782; x_wconf 88' lang='lat' dir='ltr'><strong>Servatorcm</strong></span> <span class='ocrx_word' id='word_1_397' title='bbox 857 4729 1179 4800; x_wconf 84' lang='lat' dir='ltr'><strong>signiﬁcans.</strong></span> <span class='ocrx_word' id='word_1_398' title='bbox 1217 4733 1347 4789; x_wconf 82' lang='lat' dir='ltr'><strong>Ecce</strong></span> <span class='ocrx_word' id='word_1_399' title='bbox 1373 4738 1543 4802; x_wconf 88' lang='lat' dir='ltr'><strong>enim,</strong></span> <span class='ocrx_word' id='word_1_400' title='bbox 1591 4739 1793 4810; x_wconf 88' lang='lat' dir='ltr'><strong>inquit,</strong></span> <span class='ocrx_word' id='word_1_401' title='bbox 1824 4760 1921 4812; x_wconf 83' lang='lat' dir='ltr'><strong>po-</strong></span> 
     </span>
    </p>
   </div>
   <div class='ocr_carea' id='block_1_51' title="bbox 336 4817 1918 4901">
    <p class='ocr_par' dir='ltr' id='par_1_51' title="bbox 336 4817 1918 4901">
     <span class='ocr_line' id='line_1_51' title="bbox 336 4817 1918 4901; baseline 0.015 -34"><span class='ocrx_word' id='word_1_402' title='bbox 336 4833 452 4869; x_wconf 89' lang='lat' dir='ltr'><strong>nam</strong></span> <span class='ocrx_word' id='word_1_403' title='bbox 481 4818 532 4870; x_wconf 86' lang='lat' dir='ltr'><strong>in</strong></span> <span class='ocrx_word' id='word_1_404' title='bbox 562 4817 688 4872; x_wconf 86' lang='lat' dir='ltr'><strong>Sion</strong></span> <span class='ocrx_word' id='word_1_405' title='bbox 714 4819 934 4890; x_wconf 83' lang='lat' dir='ltr'><strong>lapidem</strong></span> <span class='ocrx_word' id='word_1_406' title='bbox 968 4826 1295 4894; x_wconf 76' lang='lat' dir='ltr'><strong>angularem,</strong></span> <span class='ocrx_word' id='word_1_407' title='bbox 1329 4830 1566 4896; x_wconf 86' lang='lat' dir='ltr'><strong>electum,</strong></span> <span class='ocrx_word' id='word_1_408' title='bbox 1598 4833 1867 4901; x_wconf 84' lang='lat' dir='ltr'><strong>pretiosum</strong></span> <span class='ocrx_word' id='word_1_409' title='bbox 1898 4855 1918 4890; x_wconf 88' lang='lat'><strong><em>:</em></strong></span> 
     </span>
    </p>
   </div>
   <div class='ocr_carea' id='block_1_52' title="bbox 330 4909 1915 4996">
    <p class='ocr_par' dir='ltr' id='par_1_52' title="bbox 330 4909 1915 4996">
     <span class='ocr_line' id='line_1_52' title="bbox 330 4909 1915 4996; baseline 0.013 -38"><span class='ocrx_word' id='word_1_410' title='bbox 330 4915 379 4959; x_wconf 85' lang='lat' dir='ltr'><strong>et</strong></span> <span class='ocrx_word' id='word_1_411' title='bbox 426 4909 513 4977; x_wconf 85' lang='lat' dir='ltr'><strong>qui</strong></span> <span class='ocrx_word' id='word_1_412' title='bbox 554 4912 720 4965; x_wconf 80' lang='lat' dir='ltr'><strong>credet</strong></span> <span class='ocrx_word' id='word_1_413' title='bbox 748 4912 800 4964; x_wconf 87' lang='lat' dir='ltr'><strong>in</strong></span> <span class='ocrx_word' id='word_1_414' title='bbox 829 4928 941 4966; x_wconf 89' lang='lat' dir='ltr'><strong>eum</strong></span> <span class='ocrx_word' id='word_1_415' title='bbox 960 4954 974 4979; x_wconf 87' lang='lat'><strong>,</strong></span> <span class='ocrx_word' id='word_1_416' title='bbox 1008 4932 1108 4969; x_wconf 87' lang='lat' dir='ltr'><strong>non</strong></span> <span class='ocrx_word' id='word_1_417' title='bbox 1135 4919 1472 4987; x_wconf 79' lang='lat' dir='ltr'><strong>confundetur</strong></span> <span class='ocrx_word' id='word_1_418' title='bbox 1499 4920 1649 4993; x_wconf 86' lang='lat' dir='ltr'><strong>(Isai.</strong></span> <span class='ocrx_word' id='word_1_419' title='bbox 1682 4924 1773 4980; x_wconf 76' lang='lat'><strong>28.</strong></span> <span class='ocrx_word' id='word_1_420' title='bbox 1806 4928 1915 4996; x_wconf 81' lang='lat' dir='ltr'><strong>l6).</strong></span> 
     </span>
    </p>
   </div>
   <div class='ocr_carea' id='block_1_53' title="bbox 334 5000 1917 5087">
    <p class='ocr_par' dir='ltr' id='par_1_53' title="bbox 334 5000 1917 5087">
     <span class='ocr_line' id='line_1_53' title="bbox 334 5000 1917 5087; baseline 0.012 -32"><span class='ocrx_word' id='word_1_421' title='bbox 334 5000 695 5056; x_wconf 79' lang='lat' dir='ltr'><strong>Carbunculus</strong></span> <span class='ocrx_word' id='word_1_422' title='bbox 736 5019 864 5073; x_wconf 87' lang='lat' dir='ltr'><strong>ergo</strong></span> <span class='ocrx_word' id='word_1_423' title='bbox 891 5018 1194 5077; x_wconf 87' lang='lat' dir='ltr'><strong>segregatus</strong></span> <span class='ocrx_word' id='word_1_424' title='bbox 1221 5020 1302 5064; x_wconf 87' lang='lat' dir='ltr'><strong>est</strong></span> <span class='ocrx_word' id='word_1_425' title='bbox 1329 5013 1487 5082; x_wconf 56' lang='lat' dir='ltr'><strong>regiae</strong></span> <span class='ocrx_word' id='word_1_426' title='bbox 1516 5015 1673 5071; x_wconf 91' lang='lat' dir='ltr'><strong>tribui</strong></span> <span class='ocrx_word' id='word_1_427' title='bbox 1703 5032 1717 5081; x_wconf 94' lang='lat'><strong>;</strong></span> <span class='ocrx_word' id='word_1_428' title='bbox 1744 5019 1917 5087; x_wconf 87' lang='lat' dir='ltr'><strong>prasi-</strong></span> 
     </span>
    </p>
   </div>
   <div class='ocr_carea' id='block_1_54' title="bbox 334 5093 1911 5180">
    <p class='ocr_par' dir='ltr' id='par_1_54' title="bbox 334 5093 1911 5180">
     <span class='ocr_line' id='line_1_54' title="bbox 334 5093 1911 5180; baseline 0.011 -35"><span class='ocrx_word' id='word_1_429' title='bbox 334 5107 435 5146; x_wconf 87' lang='lat' dir='ltr'><strong>nus</strong></span> <span class='ocrx_word' id='word_1_430' title='bbox 482 5093 792 5147; x_wconf 87' lang='lat' dir='ltr'><strong>sacerdotali</strong></span> <span class='ocrx_word' id='word_1_431' title='bbox 842 5111 855 5147; x_wconf 91' lang='lat'><strong>:</strong></span> <span class='ocrx_word' id='word_1_432' title='bbox 896 5112 1017 5150; x_wconf 89' lang='lat' dir='ltr'><strong>nam</strong></span> <span class='ocrx_word' id='word_1_433' title='bbox 1063 5101 1340 5155; x_wconf 88' lang='lat' dir='ltr'><strong>sacerdotii</strong></span> <span class='ocrx_word' id='word_1_434' title='bbox 1381 5112 1463 5159; x_wconf 89' lang='lat' dir='ltr'><strong>est</strong></span> <span class='ocrx_word' id='word_1_435' title='bbox 1488 5116 1633 5162; x_wconf 90' lang='lat' dir='ltr'><strong>recte</strong></span> <span class='ocrx_word' id='word_1_436' title='bbox 1670 5116 1911 5180; x_wconf 74' lang='grc' dir='ltr'><strong>πράττειν,</strong></span> 
     </span>
    </p>
   </div>
   <div class='ocr_carea' id='block_1_55' title="bbox 331 5184 1915 5263">
    <p class='ocr_par' dir='ltr' id='par_1_55' title="bbox 331 5184 1915 5263">
     <span class='ocr_line' id='line_1_55' title="bbox 331 5184 1915 5263; baseline 0.013 -27"><span class='ocrx_word' id='word_1_437' title='bbox 331 5200 509 5255; x_wconf 87' lang='lat' dir='ltr'><strong>agere.</strong></span> <span class='ocrx_word' id='word_1_438' title='bbox 550 5187 591 5238; x_wconf 90' lang='lat' dir='ltr'><strong>A</strong></span> <span class='ocrx_word' id='word_1_439' title='bbox 621 5184 780 5240; x_wconf 87' lang='lat' dir='ltr'><strong>ﬂuvio</strong></span> <span class='ocrx_word' id='word_1_440' title='bbox 808 5186 898 5243; x_wconf 91' lang='lat' dir='ltr'><strong>illo</strong></span> <span class='ocrx_word' id='word_1_441' title='bbox 925 5187 1245 5245; x_wconf 88' lang='lat' dir='ltr'><strong>dirimuntur</strong></span> <span class='ocrx_word' id='word_1_442' title='bbox 1269 5205 1493 5263; x_wconf 89' lang='lat' dir='ltr'><strong>quatuor</strong></span> <span class='ocrx_word' id='word_1_443' title='bbox 1515 5198 1686 5253; x_wconf 89' lang='lat' dir='ltr'><strong>fontes</strong></span> <span class='ocrx_word' id='word_1_444' title='bbox 1712 5199 1915 5256; x_wconf 87' lang='lat' dir='ltr'><strong>ﬂuvio-</strong></span> 
     </span>
    </p>
   </div>
   <div class='ocr_carea' id='block_1_56' title="bbox 330 5275 1913 5356">
    <p class='ocr_par' dir='ltr' id='par_1_56' title="bbox 330 5275 1913 5356">
     <span class='ocr_line' id='line_1_56' title="bbox 330 5275 1913 5356; baseline 0.011 -28"><span class='ocrx_word' id='word_1_445' title='bbox 330 5290 469 5328; x_wconf 92' lang='lat' dir='ltr'><strong>rum.</strong></span> <span class='ocrx_word' id='word_1_446' title='bbox 500 5275 607 5331; x_wconf 87' lang='lat' dir='ltr'><strong>Cur</strong></span> <span class='ocrx_word' id='word_1_447' title='bbox 635 5291 760 5346; x_wconf 90' lang='lat' dir='ltr'><strong>ergo</strong></span> <span class='ocrx_word' id='word_1_448' title='bbox 781 5291 915 5345; x_wconf 90' lang='lat' dir='ltr'><strong>aqua</strong></span> <span class='ocrx_word' id='word_1_449' title='bbox 937 5292 1121 5333; x_wconf 90' lang='lat' dir='ltr'><strong>eorum</strong></span> <span class='ocrx_word' id='word_1_450' title='bbox 1148 5299 1253 5336; x_wconf 90' lang='lat' dir='ltr'><strong>non</strong></span> <span class='ocrx_word' id='word_1_451' title='bbox 1276 5287 1492 5354; x_wconf 84' lang='lat' dir='ltr'><strong>aequalis</strong></span> <span class='ocrx_word' id='word_1_452' title='bbox 1512 5287 1632 5341; x_wconf 84' lang='lat' dir='ltr'><strong>est?</strong></span> <span class='ocrx_word' id='word_1_453' title='bbox 1656 5289 1913 5356; x_wconf 64' lang='lat' dir='ltr'><strong>Quaarunt</strong></span> 
     </span>
    </p>
   </div>
   <div class='ocr_carea' id='block_1_57' title="bbox 327 5367 1912 5448">
    <p class='ocr_par' dir='ltr' id='par_1_57' title="bbox 327 5367 1912 5448">
     <span class='ocr_line' id='line_1_57' title="bbox 327 5367 1912 5448; baseline 0.01 -26"><span class='ocrx_word' id='word_1_454' title='bbox 327 5367 469 5422; x_wconf 89' lang='lat' dir='ltr'><strong>enim</strong></span> <span class='ocrx_word' id='word_1_455' title='bbox 499 5369 755 5434; x_wconf 90' lang='lat' dir='ltr'><strong>studiosi,</strong></span> <span class='ocrx_word' id='word_1_456' title='bbox 787 5369 833 5423; x_wconf 91' lang='lat' dir='ltr'><strong>si</strong></span> <span class='ocrx_word' id='word_1_457' title='bbox 856 5370 924 5424; x_wconf 92' lang='lat' dir='ltr'><strong>ab</strong></span> <span class='ocrx_word' id='word_1_458' title='bbox 948 5386 1053 5425; x_wconf 93' lang='lat' dir='ltr'><strong>uno</strong></span> <span class='ocrx_word' id='word_1_459' title='bbox 1080 5371 1238 5427; x_wconf 89' lang='lat' dir='ltr'><strong>ﬂuvio</strong></span> <span class='ocrx_word' id='word_1_460' title='bbox 1258 5417 1272 5441; x_wconf 90' lang='lat'><strong>,</strong></span> <span class='ocrx_word' id='word_1_461' title='bbox 1302 5390 1385 5429; x_wconf 83' lang='lat' dir='ltr'><strong>aut</strong></span> <span class='ocrx_word' id='word_1_462' title='bbox 1410 5379 1478 5432; x_wconf 89' lang='lat' dir='ltr'><strong>ab</strong></span> <span class='ocrx_word' id='word_1_463' title='bbox 1500 5395 1604 5434; x_wconf 93' lang='lat' dir='ltr'><strong>uno</strong></span> <span class='ocrx_word' id='word_1_464' title='bbox 1625 5380 1791 5448; x_wconf 89' lang='lat' dir='ltr'><strong>fonte,</strong></span> <span class='ocrx_word' id='word_1_465' title='bbox 1815 5399 1912 5439; x_wconf 92' lang='lat' dir='ltr'><strong>cur</strong></span> 
     </span>
    </p>
   </div>
   <div class='ocr_carea' id='block_1_58' title="bbox 330 5464 1915 5541">
    <p class='ocr_par' dir='ltr' id='par_1_58' title="bbox 330 5464 1915 5541">
     <span class='ocr_line' id='line_1_58' title="bbox 330 5464 1915 5541; baseline 0.01 -28"><span class='ocrx_word' id='word_1_466' title='bbox 330 5476 434 5515; x_wconf 87' lang='lat' dir='ltr'><strong>non</strong></span> <span class='ocrx_word' id='word_1_467' title='bbox 483 5476 587 5515; x_wconf 89' lang='lat' dir='ltr'><strong>una</strong></span> <span class='ocrx_word' id='word_1_468' title='bbox 633 5464 869 5517; x_wconf 89' lang='lat' dir='ltr'><strong>omnium</strong></span> <span class='ocrx_word' id='word_1_469' title='bbox 909 5465 1179 5533; x_wconf 85' lang='lat' dir='ltr'><strong>qualitas?</strong></span> <span class='ocrx_word' id='word_1_470' title='bbox 1209 5467 1344 5533; x_wconf 84' lang='lat' dir='ltr'><strong>Quid</strong></span> <span class='ocrx_word' id='word_1_471' title='bbox 1373 5486 1500 5541; x_wconf 90' lang='lat' dir='ltr'><strong>ergo</strong></span> <span class='ocrx_word' id='word_1_472' title='bbox 1526 5473 1601 5528; x_wconf 91' lang='lat' dir='ltr'><strong>rei</strong></span> <span class='ocrx_word' id='word_1_473' title='bbox 1628 5478 1751 5529; x_wconf 81' lang='lat' dir='ltr'><strong>est?</strong></span> <span class='ocrx_word' id='word_1_474' title='bbox 1782 5477 1915 5530; x_wconf 83' lang='lat' dir='ltr'><strong>Afﬁ-</strong></span> 
     </span>
    </p>
   </div>
   <div class='ocr_carea' id='block_1_59' title="bbox 326 5552 1909 5638">
    <p class='ocr_par' dir='ltr' id='par_1_59' title="bbox 326 5552 1909 5638">
     <span class='ocr_line' id='line_1_59' title="bbox 326 5552 1909 5638; baseline 0.013 -33"><span class='ocrx_word' id='word_1_475' title='bbox 326 5552 541 5607; x_wconf 90' lang='lat' dir='ltr'><strong>ciuntur</strong></span> <span class='ocrx_word' id='word_1_476' title='bbox 566 5554 859 5609; x_wconf 90' lang='lat' dir='ltr'><strong>secundum</strong></span> <span class='ocrx_word' id='word_1_477' title='bbox 891 5564 1107 5623; x_wconf 90' lang='lat' dir='ltr'><strong>terram,</strong></span> <span class='ocrx_word' id='word_1_478' title='bbox 1136 5571 1191 5614; x_wconf 88' lang='lat' dir='ltr'><strong>et</strong></span> <span class='ocrx_word' id='word_1_479' title='bbox 1214 5562 1497 5631; x_wconf 88' lang='lat' dir='ltr'><strong>qualitates</strong></span> <span class='ocrx_word' id='word_1_480' title='bbox 1524 5566 1782 5636; x_wconf 88' lang='lat' dir='ltr'><strong>Iocormn,</strong></span> <span class='ocrx_word' id='word_1_481' title='bbox 1816 5585 1909 5638; x_wconf 87' lang='lat' dir='ltr'><strong>per</strong></span> 
     </span>
    </p>
   </div>
   <div class='ocr_carea' id='block_1_60' title="bbox 324 5647 1906 5730">
    <p class='ocr_par' dir='ltr' id='par_1_60' title="bbox 324 5647 1906 5730">
     <span class='ocr_line' id='line_1_60' title="bbox 324 5647 1906 5730; baseline 0.016 -34"><span class='ocrx_word' id='word_1_482' title='bbox 324 5658 443 5713; x_wconf 82' lang='lat' dir='ltr'><strong>qua:</strong></span> <span class='ocrx_word' id='word_1_483' title='bbox 468 5652 760 5703; x_wconf 83' lang='lat' dir='ltr'><strong>transeunt.</strong></span> <span class='ocrx_word' id='word_1_484' title='bbox 784 5647 1240 5717; x_wconf 85' lang='lat' dir='ltr'><strong>Quemadmodum</strong></span> <span class='ocrx_word' id='word_1_485' title='bbox 1266 5654 1377 5727; x_wconf 87' lang='lat' dir='ltr'><strong>ipsa</strong></span> <span class='ocrx_word' id='word_1_486' title='bbox 1408 5672 1541 5730; x_wconf 83' lang='lat' dir='ltr'><strong>aqua</strong></span> <span class='ocrx_word' id='word_1_487' title='bbox 1564 5676 1721 5718; x_wconf 84' lang='lat' dir='ltr'><strong>unam</strong></span> <span class='ocrx_word' id='word_1_488' title='bbox 1749 5663 1906 5723; x_wconf 80' lang='lat' dir='ltr'><strong>habet</strong></span> 
     </span>
    </p>
   </div>
   <div class='ocr_carea' id='block_1_61' title="bbox 1824 187 3638 292">
    <p class='ocr_par' dir='ltr' id='par_1_61' title="bbox 1824 187 3638 292">
     <span class='ocr_line' id='line_1_61' title="bbox 1824 187 3638 292; baseline 0.011 -49"><span class='ocrx_word' id='word_1_489' title='bbox 1824 187 2186 246; x_wconf 64' lang='lat' dir='ltr'><strong>summam</strong></span> <span class='ocrx_word' id='word_1_490' title='bbox 3563 234 3638 292; x_wconf 59' lang='grc'><strong>,80</strong></span> 
     </span>
    </p>
   </div>
   <div class='ocr_carea' id='block_1_62' title="bbox 2081 318 3639 405">
    <p class='ocr_par' dir='ltr' id='par_1_62' title="bbox 2081 318 3639 405">
     <span class='ocr_line' id='line_1_62' title="bbox 2081 318 3639 405; baseline 0.024 -41"><span class='ocrx_word' id='word_1_491' title='bbox 2081 318 2327 369; x_wconf 88' lang='lat' dir='ltr'><strong>naturam</strong></span> <span class='ocrx_word' id='word_1_492' title='bbox 2372 326 2427 371; x_wconf 90' lang='lat' dir='ltr'><strong>et</strong></span> <span class='ocrx_word' id='word_1_493' title='bbox 2469 324 2816 394; x_wconf 84' lang='lat' dir='ltr'><strong>qualitatem,</strong></span> <span class='ocrx_word' id='word_1_494' title='bbox 2868 329 2964 385; x_wconf 90' lang='lat' dir='ltr'><strong>sed</strong></span> <span class='ocrx_word' id='word_1_495' title='bbox 3007 335 3052 387; x_wconf 89' lang='lat' dir='ltr'><strong>si</strong></span> <span class='ocrx_word' id='word_1_496' title='bbox 3079 335 3442 401; x_wconf 90' lang='lat' dir='ltr'><strong>absinthium.</strong></span> <span class='ocrx_word' id='word_1_497' title='bbox 3470 343 3511 397; x_wconf 90' lang='lat' dir='ltr'><strong>si</strong></span> <span class='ocrx_word' id='word_1_498' title='bbox 3539 364 3639 405; x_wconf 79' lang='lat' dir='ltr'><strong>ane-</strong></span> 
     </span>
    </p>
   </div>
   <div class='ocr_carea' id='block_1_63' title="bbox 2082 401 3637 507">
    <p class='ocr_par' dir='ltr' id='par_1_63' title="bbox 2082 401 3637 507">
     <span class='ocr_line' id='line_1_63' title="bbox 2082 401 3637 507; baseline 0.024 -51"><span class='ocrx_word' id='word_1_499' title='bbox 2082 401 2262 471; x_wconf 89' lang='lat' dir='ltr'><strong>thum,</strong></span> <span class='ocrx_word' id='word_1_500' title='bbox 2290 408 2336 461; x_wconf 93' lang='lat' dir='ltr'><strong>si</strong></span> <span class='ocrx_word' id='word_1_501' title='bbox 2364 418 2477 464; x_wconf 92' lang='lat' dir='ltr'><strong>ruta</strong></span> <span class='ocrx_word' id='word_1_502' title='bbox 2509 412 2814 471; x_wconf 81' lang='lat' dir='ltr'><strong>infundatur</strong></span> <span class='ocrx_word' id='word_1_503' title='bbox 2833 460 2847 483; x_wconf 89' lang='lat'><strong>,</strong></span> <span class='ocrx_word' id='word_1_504' title='bbox 2878 421 3036 476; x_wconf 88' lang='lat' dir='ltr'><strong>aliam</strong></span> <span class='ocrx_word' id='word_1_505' title='bbox 3067 428 3295 496; x_wconf 85' lang='lat' dir='ltr'><strong>acquirit</strong></span> <span class='ocrx_word' id='word_1_506' title='bbox 3319 401 3637 507; x_wconf 67' lang='lat' dir='ltr'><strong>qualitatem;</strong></span> 
     </span>
    </p>
   </div>
   <div class='ocr_carea' id='block_1_64' title="bbox 2079 502 3637 587">
    <p class='ocr_par' dir='ltr' id='par_1_64' title="bbox 2079 502 3637 587">
     <span class='ocr_line' id='line_1_64' title="bbox 2079 502 3637 587; baseline 0.026 -41"><span class='ocrx_word' id='word_1_507' title='bbox 2079 508 2143 548; x_wconf 90' lang='lat' dir='ltr'><strong>ac</strong></span> <span class='ocrx_word' id='word_1_508' title='bbox 2168 506 2356 553; x_wconf 90' lang='lat' dir='ltr'><strong>natura</strong></span> <span class='ocrx_word' id='word_1_509' title='bbox 2385 502 2598 571; x_wconf 89' lang='lat' dir='ltr'><strong>quidem</strong></span> <span class='ocrx_word' id='word_1_510' title='bbox 2627 521 2731 562; x_wconf 90' lang='lat' dir='ltr'><strong>una</strong></span> <span class='ocrx_word' id='word_1_511' title='bbox 2752 548 2767 573; x_wconf 92' lang='lat'><strong>,</strong></span> <span class='ocrx_word' id='word_1_512' title='bbox 2797 510 2889 565; x_wconf 88' lang='lat' dir='ltr'><strong>sed</strong></span> <span class='ocrx_word' id='word_1_513' title='bbox 2916 516 3154 570; x_wconf 79' lang='lat' dir='ltr'><strong>materia:</strong></span> <span class='ocrx_word' id='word_1_514' title='bbox 3184 526 3553 584; x_wconf 87' lang='lat' dir='ltr'><strong>transmutaut.</strong></span> <span class='ocrx_word' id='word_1_515' title='bbox 3573 502 3637 587; x_wconf 68' lang='lat' dir='ltr'><strong>Sic</strong></span> 
     </span>
    </p>
   </div>
   <div class='ocr_carea' id='block_1_65' title="bbox 2077 588 3639 683">
    <p class='ocr_par' dir='ltr' id='par_1_65' title="bbox 2077 588 3639 683">
     <span class='ocr_line' id='line_1_65' title="bbox 2077 588 3639 683; baseline 0.023 -43"><span class='ocrx_word' id='word_1_516' title='bbox 2077 590 2236 643; x_wconf 91' lang='lat' dir='ltr'><strong>etiam</strong></span> <span class='ocrx_word' id='word_1_517' title='bbox 2264 588 2319 646; x_wconf 90' lang='lat' dir='ltr'><strong>in</strong></span> <span class='ocrx_word' id='word_1_518' title='bbox 2348 592 2552 663; x_wconf 85' lang='lat' dir='ltr'><strong>ﬂuviis,</strong></span> <span class='ocrx_word' id='word_1_519' title='bbox 2577 599 2695 668; x_wconf 88' lang='lat' dir='ltr'><strong>quia</strong></span> <span class='ocrx_word' id='word_1_520' title='bbox 2728 615 2822 670; x_wconf 89' lang='lat' dir='ltr'><strong>per</strong></span> <span class='ocrx_word' id='word_1_521' title='bbox 2840 613 3094 667; x_wconf 81' lang='lat' dir='ltr'><strong>extranea</strong></span> <span class='ocrx_word' id='word_1_522' title='bbox 3116 610 3229 664; x_wconf 91' lang='lat' dir='ltr'><strong>loca</strong></span> <span class='ocrx_word' id='word_1_523' title='bbox 3257 626 3510 683; x_wconf 84' lang='lat' dir='ltr'><strong>manant;</strong></span> <span class='ocrx_word' id='word_1_524' title='bbox 3536 621 3639 677; x_wconf 74' lang='lat' dir='ltr'><strong>alius</strong></span> 
     </span>
    </p>
   </div>
   <div class='ocr_carea' id='block_1_66' title="bbox 2079 689 3638 775">
    <p class='ocr_par' dir='ltr' id='par_1_66' title="bbox 2079 689 3638 775">
     <span class='ocr_line' id='line_1_66' title="bbox 2079 689 3638 775; baseline 0.022 -43"><span class='ocrx_word' id='word_1_525' title='bbox 2079 694 2173 747; x_wconf 85' lang='lat' dir='ltr'><strong>per</strong></span> <span class='ocrx_word' id='word_1_526' title='bbox 2213 689 2437 752; x_wconf 90' lang='lat' dir='ltr'><strong>terram,</strong></span> <span class='ocrx_word' id='word_1_527' title='bbox 2487 702 2604 759; x_wconf 66' lang='lat' dir='ltr'><strong>quae</strong></span> <span class='ocrx_word' id='word_1_528' title='bbox 2644 690 2910 747; x_wconf 86' lang='lat' dir='ltr'><strong>diversam</strong></span> <span class='ocrx_word' id='word_1_529' title='bbox 2951 695 3111 753; x_wconf 89' lang='lat' dir='ltr'><strong>habet</strong></span> <span class='ocrx_word' id='word_1_530' title='bbox 3152 704 3498 775; x_wconf 84' lang='lat' dir='ltr'><strong>qualitatem,</strong></span> <span class='ocrx_word' id='word_1_531' title='bbox 3537 712 3638 768; x_wconf 70' lang='lat' dir='ltr'><strong>alius</strong></span> 
     </span>
    </p>
   </div>
   <div class='ocr_carea' id='block_1_67' title="bbox 2075 773 2954 845">
    <p class='ocr_par' dir='ltr' id='par_1_67' title="bbox 2075 773 2954 845">
     <span class='ocr_line' id='line_1_67' title="bbox 2075 773 2954 845; baseline 0.017 -22"><span class='ocrx_word' id='word_1_532' title='bbox 2075 784 2173 838; x_wconf 86' lang='lat' dir='ltr'><strong>per</strong></span> <span class='ocrx_word' id='word_1_533' title='bbox 2194 773 2350 829; x_wconf 90' lang='lat' dir='ltr'><strong>aliam</strong></span> <span class='ocrx_word' id='word_1_534' title='bbox 2372 816 2387 841; x_wconf 92' lang='lat'><strong>,</strong></span> <span class='ocrx_word' id='word_1_535' title='bbox 2420 792 2450 830; x_wconf 91' lang='lat' dir='ltr'><strong>a</strong></span> <span class='ocrx_word' id='word_1_536' title='bbox 2478 779 2606 838; x_wconf 89' lang='lat' dir='ltr'><strong>locis</strong></span> <span class='ocrx_word' id='word_1_537' title='bbox 2633 781 2954 845; x_wconf 86' lang='lat' dir='ltr'><strong>inliciuntur.</strong></span> 
     </span>
    </p>
   </div>
   <div class='ocr_carea' id='block_1_68' title="bbox 2148 863 3637 954">
    <p class='ocr_par' dir='ltr' id='par_1_68' title="bbox 2148 863 3637 954">
     <span class='ocr_line' id='line_1_68' title="bbox 2148 863 3637 954; baseline 0.021 -39"><span class='ocrx_word' id='word_1_538' title='bbox 2148 863 2199 915; x_wconf 90' lang='lat'><strong>7.</strong></span> <span class='ocrx_word' id='word_1_539' title='bbox 2230 863 2327 920; x_wconf 83' lang='lat' dir='ltr'><strong>Ubi</strong></span> <span class='ocrx_word' id='word_1_540' title='bbox 2357 881 2386 919; x_wconf 89' lang='lat' dir='ltr'><strong>a</strong></span> <span class='ocrx_word' id='word_1_541' title='bbox 2413 869 2676 937; x_wconf 85' lang='lat' dir='ltr'><strong>positione</strong></span> <span class='ocrx_word' id='word_1_542' title='bbox 2707 873 2946 931; x_wconf 90' lang='lat' dir='ltr'><strong>locorum</strong></span> <span class='ocrx_word' id='word_1_543' title='bbox 2977 877 3192 943; x_wconf 82' lang='lat' dir='ltr'><strong>ﬂumina</strong></span> <span class='ocrx_word' id='word_1_544' title='bbox 3222 886 3562 954; x_wconf 85' lang='lat' dir='ltr'><strong>qualitatibus</strong></span> <span class='ocrx_word' id='word_1_545' title='bbox 3581 896 3637 947; x_wconf 76' lang='lat' dir='ltr'><strong>at.</strong></span> 
     </span>
    </p>
   </div>
   <div class='ocr_carea' id='block_1_69' title="bbox 2074 956 3637 1054">
    <p class='ocr_par' dir='ltr' id='par_1_69' title="bbox 2074 956 3637 1054">
     <span class='ocr_line' id='line_1_69' title="bbox 2074 956 3637 1054; baseline 0.02 -46"><span class='ocrx_word' id='word_1_546' title='bbox 2074 956 2290 1023; x_wconf 90' lang='lat' dir='ltr'><strong>fecerat,</strong></span> <span class='ocrx_word' id='word_1_547' title='bbox 2318 960 2531 1021; x_wconf 91' lang='lat' dir='ltr'><strong>demum</strong></span> <span class='ocrx_word' id='word_1_548' title='bbox 2578 964 2633 1019; x_wconf 92' lang='lat' dir='ltr'><strong>in</strong></span> <span class='ocrx_word' id='word_1_549' title='bbox 2675 969 2921 1036; x_wconf 81' lang='lat' dir='ltr'><strong>paradiso</strong></span> <span class='ocrx_word' id='word_1_550' title='bbox 2950 974 3072 1026; x_wconf 89' lang='lat' dir='ltr'><strong>facit</strong></span> <span class='ocrx_word' id='word_1_551' title='bbox 3104 974 3267 1030; x_wconf 85' lang='lat' dir='ltr'><strong>Omne</strong></span> <span class='ocrx_word' id='word_1_552' title='bbox 3313 979 3507 1048; x_wconf 83' lang='lat' dir='ltr'><strong>lignum</strong></span> <span class='ocrx_word' id='word_1_553' title='bbox 3547 987 3637 1054; x_wconf 74' lang='lat' dir='ltr'><strong>pid-</strong></span> 
     </span>
    </p>
   </div>
   <div class='ocr_carea' id='block_1_70' title="bbox 2073 1049 3637 1138">
    <p class='ocr_par' dir='ltr' id='par_1_70' title="bbox 2073 1049 3637 1138">
     <span class='ocr_line' id='line_1_70' title="bbox 2073 1049 3637 1138; baseline 0.02 -39"><span class='ocrx_word' id='word_1_554' title='bbox 2073 1049 2249 1103; x_wconf 78' lang='lat' dir='ltr'><strong>cltrum</strong></span> <span class='ocrx_word' id='word_1_555' title='bbox 2273 1052 2400 1118; x_wconf 85' lang='lat' dir='ltr'><strong>visu,</strong></span> <span class='ocrx_word' id='word_1_556' title='bbox 2430 1064 2477 1108; x_wconf 89' lang='lat' dir='ltr'><strong>et</strong></span> <span class='ocrx_word' id='word_1_557' title='bbox 2502 1056 2571 1110; x_wconf 81' lang='lat' dir='ltr'><strong>ad</strong></span> <span class='ocrx_word' id='word_1_558' title='bbox 2599 1074 2761 1111; x_wconf 81' lang='lat' dir='ltr'><strong>escam</strong></span> <span class='ocrx_word' id='word_1_559' title='bbox 2780 1077 2931 1115; x_wconf 84' lang='lat' dir='ltr'><strong>suave</strong></span> <span class='ocrx_word' id='word_1_560' title='bbox 2957 1063 3106 1129; x_wconf 81' lang='lat' dir='ltr'><strong>(Gen.</strong></span> <span class='ocrx_word' id='word_1_561' title='bbox 3137 1067 3190 1120; x_wconf 87' lang='lat'><strong>2.</strong></span> <span class='ocrx_word' id='word_1_562' title='bbox 3218 1067 3295 1138; x_wconf 87' lang='lat'><strong>9).</strong></span> <span class='ocrx_word' id='word_1_563' title='bbox 3327 1070 3485 1127; x_wconf 83' lang='lat' dir='ltr'><strong>Prius</strong></span> <span class='ocrx_word' id='word_1_564' title='bbox 3503 1049 3637 1132; x_wconf 67' lang='lat' dir='ltr'><strong>trans.</strong></span> 
     </span>
    </p>
   </div>
   <div class='ocr_carea' id='block_1_71' title="bbox 2069 1143 3636 1224">
    <p class='ocr_par' dir='ltr' id='par_1_71' title="bbox 2069 1143 3636 1224">
     <span class='ocr_line' id='line_1_71' title="bbox 2069 1143 3636 1224; baseline 0.021 -34"><span class='ocrx_word' id='word_1_565' title='bbox 2069 1143 2332 1208; x_wconf 71' lang='lat' dir='ltr'><strong>greSSOris</strong></span> <span class='ocrx_word' id='word_1_566' title='bbox 2375 1149 2774 1205; x_wconf 80' lang='lat' dir='ltr'><strong>excusationem</strong></span> <span class='ocrx_word' id='word_1_567' title='bbox 2829 1155 3063 1212; x_wconf 90' lang='lat' dir='ltr'><strong>abstulit.</strong></span> <span class='ocrx_word' id='word_1_568' title='bbox 3108 1160 3239 1224; x_wconf 74' lang='lat' dir='ltr'><strong>Quia</strong></span> <span class='ocrx_word' id='word_1_569' title='bbox 3270 1164 3417 1216; x_wconf 90' lang='lat' dir='ltr'><strong>enim</strong></span> <span class='ocrx_word' id='word_1_570' title='bbox 3462 1166 3525 1221; x_wconf 91' lang='lat' dir='ltr'><strong>de</strong></span> <span class='ocrx_word' id='word_1_571' title='bbox 3552 1185 3636 1223; x_wconf 84' lang='lat' dir='ltr'><strong>tnu-</strong></span> 
     </span>
    </p>
   </div>
   <div class='ocr_carea' id='block_1_72' title="bbox 2070 1232 3634 1324">
    <p class='ocr_par' dir='ltr' id='par_1_72' title="bbox 2070 1232 3634 1324">
     <span class='ocr_line' id='line_1_72' title="bbox 2070 1232 3634 1324; baseline 0.018 -38"><span class='ocrx_word' id='word_1_572' title='bbox 2070 1232 2202 1289; x_wconf 86' lang='lat' dir='ltr'><strong>liere</strong></span> <span class='ocrx_word' id='word_1_573' title='bbox 2228 1235 2379 1303; x_wconf 87' lang='lat' dir='ltr'><strong>dixit,</strong></span> <span class='ocrx_word' id='word_1_574' title='bbox 2426 1238 2564 1295; x_wconf 83' lang='lat' dir='ltr'><strong>Vidit</strong></span> <span class='ocrx_word' id='word_1_575' title='bbox 2608 1245 2788 1297; x_wconf 82' lang='lat' dir='ltr'><strong>mulier</strong></span> <span class='ocrx_word' id='word_1_576' title='bbox 2828 1247 3040 1317; x_wconf 86' lang='lat' dir='ltr'><strong>lignum,</strong></span> <span class='ocrx_word' id='word_1_577' title='bbox 3072 1252 3209 1320; x_wconf 83' lang='lat' dir='ltr'><strong>quod</strong></span> <span class='ocrx_word' id='word_1_578' title='bbox 3238 1255 3514 1324; x_wconf 78' lang='lat' dir='ltr'><strong>pulchrum</strong></span> <span class='ocrx_word' id='word_1_579' title='bbox 3556 1265 3634 1314; x_wconf 54' lang='lat' dir='ltr'><strong>vita</strong></span> 
     </span>
    </p>
   </div>
   <div class='ocr_carea' id='block_1_73' title="bbox 2070 1332 3633 1422">
    <p class='ocr_par' dir='ltr' id='par_1_73' title="bbox 2070 1332 3633 1422">
     <span class='ocr_line' id='line_1_73' title="bbox 2070 1332 3633 1422; baseline 0.017 -40"><span class='ocrx_word' id='word_1_580' title='bbox 2070 1340 2215 1397; x_wconf 84' lang='lat' dir='ltr'><strong>esset,</strong></span> <span class='ocrx_word' id='word_1_581' title='bbox 2257 1346 2300 1385; x_wconf 89' lang='lat' dir='ltr'><strong>et</strong></span> <span class='ocrx_word' id='word_1_582' title='bbox 2329 1332 2396 1386; x_wconf 84' lang='lat' dir='ltr'><strong>ad</strong></span> <span class='ocrx_word' id='word_1_583' title='bbox 2425 1338 2720 1394; x_wconf 82' lang='lat' dir='ltr'><strong>vescendum</strong></span> <span class='ocrx_word' id='word_1_584' title='bbox 2746 1357 2900 1394; x_wconf 85' lang='lat' dir='ltr'><strong>suave</strong></span> <span class='ocrx_word' id='word_1_585' title='bbox 2929 1341 3078 1411; x_wconf 81' lang='lat' dir='ltr'><strong>(Gen.</strong></span> <span class='ocrx_word' id='word_1_586' title='bbox 3110 1347 3161 1401; x_wconf 74' lang='lat'><strong>5..</strong></span> <span class='ocrx_word' id='word_1_587' title='bbox 3193 1346 3247 1413; x_wconf 87' lang='lat'><strong>6)</strong></span> <span class='ocrx_word' id='word_1_588' title='bbox 3275 1367 3289 1401; x_wconf 88' lang='lat'><strong>:</strong></span> <span class='ocrx_word' id='word_1_589' title='bbox 3322 1364 3391 1403; x_wconf 86' lang='lat' dir='ltr'><strong>ne</strong></span> <span class='ocrx_word' id='word_1_590' title='bbox 3423 1353 3539 1420; x_wconf 88' lang='lat' dir='ltr'><strong>quis</strong></span> <span class='ocrx_word' id='word_1_591' title='bbox 3565 1371 3633 1422; x_wconf 86' lang='lat' dir='ltr'><strong>po-</strong></span> 
     </span>
    </p>
   </div>
   <div class='ocr_carea' id='block_1_74' title="bbox 2071 1426 3636 1510">
    <p class='ocr_par' dir='ltr' id='par_1_74' title="bbox 2071 1426 3636 1510">
     <span class='ocr_line' id='line_1_74' title="bbox 2071 1426 3636 1510; baseline 0.016 -34"><span class='ocrx_word' id='word_1_592' title='bbox 2071 1430 2225 1487; x_wconf 89' lang='lat' dir='ltr'><strong>taret,</strong></span> <span class='ocrx_word' id='word_1_593' title='bbox 2250 1426 2389 1481; x_wconf 89' lang='lat' dir='ltr'><strong>inter</strong></span> <span class='ocrx_word' id='word_1_594' title='bbox 2412 1428 2512 1482; x_wconf 88' lang='lat' dir='ltr'><strong>alia</strong></span> <span class='ocrx_word' id='word_1_595' title='bbox 2542 1430 2678 1499; x_wconf 91' lang='lat' dir='ltr'><strong>ligna</strong></span> <span class='ocrx_word' id='word_1_596' title='bbox 2710 1431 2811 1487; x_wconf 90' lang='lat' dir='ltr'><strong>hoc</strong></span> <span class='ocrx_word' id='word_1_597' title='bbox 2838 1436 3011 1491; x_wconf 88' lang='lat' dir='ltr'><strong>solum</strong></span> <span class='ocrx_word' id='word_1_598' title='bbox 3040 1438 3293 1494; x_wconf 89' lang='lat' dir='ltr'><strong>decorum</strong></span> <span class='ocrx_word' id='word_1_599' title='bbox 3322 1441 3508 1510; x_wconf 86' lang='lat' dir='ltr'><strong>fuisse,</strong></span> <span class='ocrx_word' id='word_1_600' title='bbox 3529 1445 3636 1503; x_wconf 81' lang='lat' dir='ltr'><strong>hanc</strong></span> 
     </span>
    </p>
   </div>
   <div class='ocr_carea' id='block_1_75' title="bbox 2070 1518 3635 1601">
    <p class='ocr_par' dir='ltr' id='par_1_75' title="bbox 2070 1518 3635 1601">
     <span class='ocr_line' id='line_1_75' title="bbox 2070 1518 3635 1601; baseline 0.017 -35"><span class='ocrx_word' id='word_1_601' title='bbox 2070 1518 2432 1583; x_wconf 66' lang='lat' dir='ltr'><strong>prarstautiam</strong></span> <span class='ocrx_word' id='word_1_602' title='bbox 2464 1518 2717 1578; x_wconf 82' lang='lat' dir='ltr'><strong>omnibus</strong></span> <span class='ocrx_word' id='word_1_603' title='bbox 2761 1525 2938 1581; x_wconf 91' lang='lat' dir='ltr'><strong>inesse</strong></span> <span class='ocrx_word' id='word_1_604' title='bbox 2976 1529 3285 1587; x_wconf 88' lang='lat' dir='ltr'><strong>testiﬁcatus</strong></span> <span class='ocrx_word' id='word_1_605' title='bbox 3316 1544 3426 1601; x_wconf 87' lang='lat' dir='ltr'><strong>est,</strong></span> <span class='ocrx_word' id='word_1_606' title='bbox 3468 1546 3516 1591; x_wconf 89' lang='lat' dir='ltr'><strong>et</strong></span> <span class='ocrx_word' id='word_1_607' title='bbox 3546 1541 3635 1594; x_wconf 85' lang='lat' dir='ltr'><strong>visu</strong></span> 
     </span>
    </p>
   </div>
   <div class='ocr_carea' id='block_1_76' title="bbox 2064 1605 3633 1697">
    <p class='ocr_par' dir='ltr' id='par_1_76' title="bbox 2064 1605 3633 1697">
     <span class='ocr_line' id='line_1_76' title="bbox 2064 1605 3633 1697; baseline 0.017 -40"><span class='ocrx_word' id='word_1_608' title='bbox 2064 1605 2346 1675; x_wconf 81' lang='lat' dir='ltr'><strong>elegantia,</strong></span> <span class='ocrx_word' id='word_1_609' title='bbox 2377 1619 2430 1663; x_wconf 91' lang='lat' dir='ltr'><strong>et</strong></span> <span class='ocrx_word' id='word_1_610' title='bbox 2455 1612 2607 1667; x_wconf 89' lang='lat' dir='ltr'><strong>valde</strong></span> <span class='ocrx_word' id='word_1_611' title='bbox 2636 1614 2792 1682; x_wconf 91' lang='lat' dir='ltr'><strong>bona,</strong></span> <span class='ocrx_word' id='word_1_612' title='bbox 2829 1626 2883 1671; x_wconf 92' lang='lat' dir='ltr'><strong>ut</strong></span> <span class='ocrx_word' id='word_1_613' title='bbox 2908 1618 3079 1673; x_wconf 88' lang='lat' dir='ltr'><strong>discas</strong></span> <span class='ocrx_word' id='word_1_614' title='bbox 3108 1638 3227 1676; x_wconf 90' lang='lat' dir='ltr'><strong>eum</strong></span> <span class='ocrx_word' id='word_1_615' title='bbox 3262 1641 3369 1678; x_wconf 92' lang='lat' dir='ltr'><strong>non</strong></span> <span class='ocrx_word' id='word_1_616' title='bbox 3402 1642 3470 1681; x_wconf 83' lang='lat' dir='ltr'><strong>ex</strong></span> <span class='ocrx_word' id='word_1_617' title='bbox 3496 1645 3633 1697; x_wconf 82' lang='lat' dir='ltr'><strong>penu-</strong></span> 
     </span>
    </p>
   </div>
   <div class='ocr_carea' id='block_1_77' title="bbox 2064 1697 3633 1778">
    <p class='ocr_par' dir='ltr' id='par_1_77' title="bbox 2064 1697 3633 1778">
     <span class='ocr_line' id='line_1_77' title="bbox 2064 1697 3633 1778; baseline 0.018 -29"><span class='ocrx_word' id='word_1_618' title='bbox 2064 1697 2140 1750; x_wconf 90' lang='lat' dir='ltr'><strong>ria</strong></span> <span class='ocrx_word' id='word_1_619' title='bbox 2186 1707 2574 1769; x_wconf 86' lang='lat' dir='ltr'><strong>transgressutn</strong></span> <span class='ocrx_word' id='word_1_620' title='bbox 2620 1721 2770 1770; x_wconf 87' lang='lat' dir='ltr'><strong>esse,</strong></span> <span class='ocrx_word' id='word_1_621' title='bbox 2815 1710 2908 1762; x_wconf 91' lang='lat' dir='ltr'><strong>sed</strong></span> <span class='ocrx_word' id='word_1_622' title='bbox 2938 1711 2987 1763; x_wconf 94' lang='lat' dir='ltr'><strong>in</strong></span> <span class='ocrx_word' id='word_1_623' title='bbox 3034 1711 3303 1770; x_wconf 86' lang='lat' dir='ltr'><strong>afﬂuentia</strong></span> <span class='ocrx_word' id='word_1_624' title='bbox 3350 1734 3479 1772; x_wconf 90' lang='lat' dir='ltr'><strong>eum</strong></span> <span class='ocrx_word' id='word_1_625' title='bbox 3521 1737 3633 1778; x_wconf 77' lang='lat' dir='ltr'><strong>esset</strong></span> 
     </span>
    </p>
   </div>
   <div class='ocr_carea' id='block_1_78' title="bbox 2065 1793 3631 1882">
    <p class='ocr_par' dir='ltr' id='par_1_78' title="bbox 2065 1793 3631 1882">
     <span class='ocr_line' id='line_1_78' title="bbox 2065 1793 3631 1882; baseline 0.016 -41"><span class='ocrx_word' id='word_1_626' title='bbox 2065 1802 2384 1858; x_wconf 72' lang='lat' dir='ltr'><strong>prosa-Mum</strong></span> <span class='ocrx_word' id='word_1_627' title='bbox 2412 1793 2594 1849; x_wconf 88' lang='lat' dir='ltr'><strong>fuisse.</strong></span> <span class='ocrx_word' id='word_1_628' title='bbox 2617 1796 2682 1849; x_wconf 86' lang='lat' dir='ltr'><strong>Et</strong></span> <span class='ocrx_word' id='word_1_629' title='bbox 2707 1799 2897 1869; x_wconf 81' lang='lat' dir='ltr'><strong>lignum</strong></span> <span class='ocrx_word' id='word_1_630' title='bbox 2925 1804 3058 1867; x_wconf 75' lang='lat' dir='ltr'><strong>vita&#39;,</strong></span> <span class='ocrx_word' id='word_1_631' title='bbox 3088 1806 3276 1876; x_wconf 87' lang='lat' dir='ltr'><strong>inquit,</strong></span> <span class='ocrx_word' id='word_1_632' title='bbox 3296 1810 3349 1863; x_wconf 92' lang='lat' dir='ltr'><strong>in</strong></span> <span class='ocrx_word' id='word_1_633' title='bbox 3378 1812 3538 1865; x_wconf 82' lang='lat' dir='ltr'><strong>medio</strong></span> <span class='ocrx_word' id='word_1_634' title='bbox 3561 1835 3631 1882; x_wconf 62' lang='grc' dir='ltr'><strong>ρας</strong></span> 
     </span>
    </p>
   </div>
   <div class='ocr_carea' id='block_1_79' title="bbox 2062 1882 3633 1974">
    <p class='ocr_par' dir='ltr' id='par_1_79' title="bbox 2062 1882 3633 1974">
     <span class='ocr_line' id='line_1_79' title="bbox 2062 1882 3633 1974; baseline 0.018 -42"><span class='ocrx_word' id='word_1_635' title='bbox 2062 1882 2240 1944; x_wconf 80' lang='lat' dir='ltr'><strong>radisi,</strong></span> <span class='ocrx_word' id='word_1_636' title='bbox 2271 1892 2316 1935; x_wconf 87' lang='lat' dir='ltr'><strong>et</strong></span> <span class='ocrx_word' id='word_1_637' title='bbox 2344 1885 2536 1955; x_wconf 86' lang='lat' dir='ltr'><strong>lignum</strong></span> <span class='ocrx_word' id='word_1_638' title='bbox 2564 1889 2783 1943; x_wconf 74' lang='lat' dir='ltr'><strong>scientia:</strong></span> <span class='ocrx_word' id='word_1_639' title='bbox 2806 1890 2924 1946; x_wconf 86' lang='lat' dir='ltr'><strong>boni</strong></span> <span class='ocrx_word' id='word_1_640' title='bbox 2948 1903 2995 1946; x_wconf 89' lang='lat' dir='ltr'><strong>et</strong></span> <span class='ocrx_word' id='word_1_641' title='bbox 3020 1898 3142 1950; x_wconf 85' lang='lat' dir='ltr'><strong>mali</strong></span> <span class='ocrx_word' id='word_1_642' title='bbox 3163 1898 3313 1969; x_wconf 78' lang='lat' dir='ltr'><strong>(Gen.</strong></span> <span class='ocrx_word' id='word_1_643' title='bbox 3343 1901 3400 1954; x_wconf 81' lang='lat'><strong>2.</strong></span> <span class='ocrx_word' id='word_1_644' title='bbox 3433 1902 3507 1974; x_wconf 90' lang='lat'><strong>9).</strong></span> <span class='ocrx_word' id='word_1_645' title='bbox 3536 1905 3633 1960; x_wconf 77' lang='lat' dir='ltr'><strong>Tria</strong></span> 
     </span>
    </p>
   </div>
   <div class='ocr_carea' id='block_1_80' title="bbox 2063 1972 3630 2064">
    <p class='ocr_par' dir='ltr' id='par_1_80' title="bbox 2063 1972 3630 2064">
     <span class='ocr_line' id='line_1_80' title="bbox 2063 1972 3630 2064; baseline 0.017 -39"><span class='ocrx_word' id='word_1_646' title='bbox 2063 1972 2323 2041; x_wconf 79' lang='lat' dir='ltr'><strong>lignorum</strong></span> <span class='ocrx_word' id='word_1_647' title='bbox 2368 1977 2676 2035; x_wconf 88' lang='lat' dir='ltr'><strong>discrimina</strong></span> <span class='ocrx_word' id='word_1_648' title='bbox 2708 2001 2721 2037; x_wconf 88' lang='lat'><strong>:</strong></span> <span class='ocrx_word' id='word_1_649' title='bbox 2752 1984 2851 2037; x_wconf 90' lang='lat' dir='ltr'><strong>alia</strong></span> <span class='ocrx_word' id='word_1_650' title='bbox 2886 1986 2961 2040; x_wconf 90' lang='lat' dir='ltr'><strong>illi</strong></span> <span class='ocrx_word' id='word_1_651' title='bbox 3005 1988 3125 2043; x_wconf 88' lang='lat' dir='ltr'><strong>data</strong></span> <span class='ocrx_word' id='word_1_652' title='bbox 3157 2000 3301 2058; x_wconf 91' lang='lat' dir='ltr'><strong>sunt,</strong></span> <span class='ocrx_word' id='word_1_653' title='bbox 3332 2004 3390 2049; x_wconf 92' lang='lat' dir='ltr'><strong>ut</strong></span> <span class='ocrx_word' id='word_1_654' title='bbox 3423 1998 3630 2064; x_wconf 82' lang='lat' dir='ltr'><strong>viveret;</strong></span> 
     </span>
    </p>
   </div>
   <div class='ocr_carea' id='block_1_81' title="bbox 2060 2064 3631 2152">
    <p class='ocr_par' dir='ltr' id='par_1_81' title="bbox 2060 2064 3631 2152">
     <span class='ocr_line' id='line_1_81' title="bbox 2060 2064 3631 2152; baseline 0.019 -37"><span class='ocrx_word' id='word_1_655' title='bbox 2060 2064 2182 2127; x_wconf 89' lang='lat' dir='ltr'><strong>alia,</strong></span> <span class='ocrx_word' id='word_1_656' title='bbox 2217 2075 2273 2119; x_wconf 85' lang='grc' dir='ltr'><strong>ιιι</strong></span> <span class='ocrx_word' id='word_1_657' title='bbox 2312 2067 2447 2123; x_wconf 89' lang='lat' dir='ltr'><strong>bene</strong></span> <span class='ocrx_word' id='word_1_658' title='bbox 2488 2071 2723 2139; x_wconf 87' lang='lat' dir='ltr'><strong>viveret;</strong></span> <span class='ocrx_word' id='word_1_659' title='bbox 2765 2076 2890 2143; x_wconf 89' lang='lat' dir='ltr'><strong>alia,</strong></span> <span class='ocrx_word' id='word_1_660' title='bbox 2940 2089 2994 2133; x_wconf 93' lang='lat' dir='ltr'><strong>ut</strong></span> <span class='ocrx_word' id='word_1_661' title='bbox 3024 2096 3236 2152; x_wconf 86' lang='lat' dir='ltr'><strong>semper</strong></span> <span class='ocrx_word' id='word_1_662' title='bbox 3277 2087 3502 2143; x_wconf 87' lang='lat' dir='ltr'><strong>viveret.</strong></span> <span class='ocrx_word' id='word_1_663' title='bbox 3531 2092 3631 2145; x_wconf 80' lang='lat' dir='ltr'><strong>Erat</strong></span> 
     </span>
    </p>
   </div>
   <div class='ocr_carea' id='block_1_82' title="bbox 2062 2155 3628 2243">
    <p class='ocr_par' dir='ltr' id='par_1_82' title="bbox 2062 2155 3628 2243">
     <span class='ocr_line' id='line_1_82' title="bbox 2062 2155 3628 2243; baseline 0.019 -35"><span class='ocrx_word' id='word_1_664' title='bbox 2062 2155 2199 2210; x_wconf 88' lang='lat' dir='ltr'><strong>unde</strong></span> <span class='ocrx_word' id='word_1_665' title='bbox 2223 2157 2357 2213; x_wconf 86' lang='lat' dir='ltr'><strong>bene</strong></span> <span class='ocrx_word' id='word_1_666' title='bbox 2383 2161 2603 2228; x_wconf 88' lang='lat' dir='ltr'><strong>viveret,</strong></span> <span class='ocrx_word' id='word_1_667' title='bbox 2632 2182 2694 2220; x_wconf 81' lang='lat' dir='ltr'><strong>ex</strong></span> <span class='ocrx_word' id='word_1_668' title='bbox 2720 2168 2912 2236; x_wconf 90' lang='lat' dir='ltr'><strong>quibus</strong></span> <span class='ocrx_word' id='word_1_669' title='bbox 2938 2171 3098 2227; x_wconf 89' lang='lat' dir='ltr'><strong>edere</strong></span> <span class='ocrx_word' id='word_1_670' title='bbox 3125 2175 3349 2243; x_wconf 87' lang='lat' dir='ltr'><strong>licebat;</strong></span> <span class='ocrx_word' id='word_1_671' title='bbox 3381 2192 3495 2235; x_wconf 86' lang='lat' dir='ltr'><strong>erat</strong></span> <span class='ocrx_word' id='word_1_672' title='bbox 3519 2186 3628 2239; x_wconf 79' lang='lat' dir='ltr'><strong>unde</strong></span> 
     </span>
    </p>
   </div>
   <div class='ocr_carea' id='block_1_83' title="bbox 2058 2246 3628 2339">
    <p class='ocr_par' dir='ltr' id='par_1_83' title="bbox 2058 2246 3628 2339">
     <span class='ocr_line' id='line_1_83' title="bbox 2058 2246 3628 2339; baseline 0.017 -38"><span class='ocrx_word' id='word_1_673' title='bbox 2058 2246 2195 2302; x_wconf 89' lang='lat' dir='ltr'><strong>bene</strong></span> <span class='ocrx_word' id='word_1_674' title='bbox 2224 2250 2517 2315; x_wconf 81' lang='lat' dir='ltr'><strong>viveret,ex</strong></span> <span class='ocrx_word' id='word_1_675' title='bbox 2549 2257 2847 2324; x_wconf 85' lang='lat' dir='ltr'><strong>prohibitis.</strong></span> <span class='ocrx_word' id='word_1_676' title='bbox 2879 2261 3092 2319; x_wconf 87' lang='lat' dir='ltr'><strong>Poterat</strong></span> <span class='ocrx_word' id='word_1_677' title='bbox 3116 2268 3257 2321; x_wconf 89' lang='lat' dir='ltr'><strong>enim</strong></span> <span class='ocrx_word' id='word_1_678' title='bbox 3289 2269 3429 2327; x_wconf 89' lang='lat' dir='ltr'><strong>bene</strong></span> <span class='ocrx_word' id='word_1_679' title='bbox 3453 2275 3628 2339; x_wconf 62' lang='lat' dir='ltr'><strong>vivere,</strong></span> 
     </span>
    </p>
   </div>
   <div class='ocr_carea' id='block_1_84' title="bbox 2058 2339 3629 2434">
    <p class='ocr_par' dir='ltr' id='par_1_84' title="bbox 2058 2339 3629 2434">
     <span class='ocr_line' id='line_1_84' title="bbox 2058 2339 3629 2434; baseline 0.019 -41"><span class='ocrx_word' id='word_1_680' title='bbox 2058 2339 2100 2393; x_wconf 91' lang='lat' dir='ltr'><strong>si</strong></span> <span class='ocrx_word' id='word_1_681' title='bbox 2130 2342 2387 2412; x_wconf 85' lang='lat' dir='ltr'><strong>tetigisset</strong></span> <span class='ocrx_word' id='word_1_682' title='bbox 2417 2361 2522 2401; x_wconf 92' lang='lat' dir='ltr'><strong>non</strong></span> <span class='ocrx_word' id='word_1_683' title='bbox 2553 2350 2837 2418; x_wconf 88' lang='lat' dir='ltr'><strong>prohibita,</strong></span> <span class='ocrx_word' id='word_1_684' title='bbox 2871 2364 3043 2412; x_wconf 91' lang='lat' dir='ltr'><strong>etnon</strong></span> <span class='ocrx_word' id='word_1_685' title='bbox 3077 2360 3336 2431; x_wconf 86' lang='lat' dir='ltr'><strong>tetigisset</strong></span> <span class='ocrx_word' id='word_1_686' title='bbox 3367 2366 3629 2434; x_wconf 76' lang='lat' dir='ltr'><strong>prohibita.</strong></span> 
     </span>
    </p>
   </div>
   <div class='ocr_carea' id='block_1_85' title="bbox 2056 2429 3633 2520">
    <p class='ocr_par' dir='ltr' id='par_1_85' title="bbox 2056 2429 3633 2520">
     <span class='ocr_line' id='line_1_85' title="bbox 2056 2429 3633 2520; baseline 0.02 -36"><span class='ocrx_word' id='word_1_687' title='bbox 2056 2429 2185 2486; x_wconf 87' lang='lat' dir='ltr'><strong>Illud</strong></span> <span class='ocrx_word' id='word_1_688' title='bbox 2218 2445 2333 2489; x_wconf 90' lang='lat' dir='ltr'><strong>erat</strong></span> <span class='ocrx_word' id='word_1_689' title='bbox 2369 2437 2503 2493; x_wconf 88' lang='lat' dir='ltr'><strong>bene</strong></span> <span class='ocrx_word' id='word_1_690' title='bbox 2528 2440 2725 2508; x_wconf 89' lang='lat' dir='ltr'><strong>vivere,</strong></span> <span class='ocrx_word' id='word_1_691' title='bbox 2766 2444 2874 2501; x_wconf 91' lang='lat' dir='ltr'><strong>Deo</strong></span> <span class='ocrx_word' id='word_1_692' title='bbox 2903 2448 3144 2520; x_wconf 90' lang='lat' dir='ltr'><strong>obsequi.</strong></span> <span class='ocrx_word' id='word_1_693' title='bbox 3177 2429 3420 2511; x_wconf 74' lang='lat' dir='ltr'><strong>l’osituin</strong></span> <span class='ocrx_word' id='word_1_694' title='bbox 3449 2472 3561 2514; x_wconf 87' lang='lat' dir='ltr'><strong>erat</strong></span> <span class='ocrx_word' id='word_1_695' title='bbox 3588 2465 3633 2515; x_wconf 84' lang='lat' dir='ltr'><strong>li-</strong></span> 
     </span>
    </p>
   </div>
   <div class='ocr_carea' id='block_1_86' title="bbox 2054 2527 3632 2617">
    <p class='ocr_par' dir='ltr' id='par_1_86' title="bbox 2054 2527 3632 2617">
     <span class='ocr_line' id='line_1_86' title="bbox 2054 2527 3632 2617; baseline 0.019 -42"><span class='ocrx_word' id='word_1_696' title='bbox 2054 2537 2214 2593; x_wconf 88' lang='lat' dir='ltr'><strong>gnum</strong></span> <span class='ocrx_word' id='word_1_697' title='bbox 2244 2527 2363 2581; x_wconf 73' lang='lat' dir='ltr'><strong>vitaa</strong></span> <span class='ocrx_word' id='word_1_698' title='bbox 2390 2530 2440 2582; x_wconf 94' lang='lat' dir='ltr'><strong>in</strong></span> <span class='ocrx_word' id='word_1_699' title='bbox 2481 2533 2679 2600; x_wconf 90' lang='lat' dir='ltr'><strong>medio,</strong></span> <span class='ocrx_word' id='word_1_700' title='bbox 2707 2536 2860 2605; x_wconf 85' lang='lat' dir='ltr'><strong>quasi</strong></span> <span class='ocrx_word' id='word_1_701' title='bbox 2892 2543 3198 2610; x_wconf 67' lang='lat' dir='ltr'><strong>praemium;</strong></span> <span class='ocrx_word' id='word_1_702' title='bbox 3234 2546 3439 2617; x_wconf 78' lang='lat' dir='ltr'><strong>lignum</strong></span> <span class='ocrx_word' id='word_1_703' title='bbox 3480 2555 3632 2607; x_wconf 83' lang='lat' dir='ltr'><strong>scien-</strong></span> 
     </span>
    </p>
   </div>
   <div class='ocr_carea' id='block_1_87' title="bbox 2058 2616 3633 2698">
    <p class='ocr_par' dir='ltr' id='par_1_87' title="bbox 2058 2616 3633 2698">
     <span class='ocr_line' id='line_1_87' title="bbox 2058 2616 3633 2698; baseline 0.016 -30"><span class='ocrx_word' id='word_1_704' title='bbox 2058 2616 2143 2669; x_wconf 71' lang='lat' dir='ltr'><strong>tiat</strong></span> <span class='ocrx_word' id='word_1_705' title='bbox 2166 2657 2181 2679; x_wconf 86' lang='lat'><strong>,</strong></span> <span class='ocrx_word' id='word_1_706' title='bbox 2212 2628 2270 2673; x_wconf 90' lang='lat' dir='ltr'><strong>ut</strong></span> <span class='ocrx_word' id='word_1_707' title='bbox 2299 2620 2565 2691; x_wconf 68' lang='lat' dir='ltr'><strong>palo-sim,</strong></span> <span class='ocrx_word' id='word_1_708' title='bbox 2600 2635 2657 2680; x_wconf 91' lang='lat' dir='ltr'><strong>ut</strong></span> <span class='ocrx_word' id='word_1_709' title='bbox 2701 2631 3053 2698; x_wconf 87' lang='lat' dir='ltr'><strong>gymnasium.</strong></span> <span class='ocrx_word' id='word_1_710' title='bbox 3082 2632 3137 2689; x_wconf 91' lang='lat' dir='ltr'><strong>Si</strong></span> <span class='ocrx_word' id='word_1_711' title='bbox 3191 2616 3502 2696; x_wconf 87' lang='lat' dir='ltr'><strong>mandatum</strong></span> <span class='ocrx_word' id='word_1_712' title='bbox 3543 2661 3633 2697; x_wconf 78' lang='lat' dir='ltr'><strong>ser-</strong></span> 
     </span>
    </p>
   </div>
   <div class='ocr_carea' id='block_1_88' title="bbox 2054 2710 3633 2792">
    <p class='ocr_par' dir='ltr' id='par_1_88' title="bbox 2054 2710 3633 2792">
     <span class='ocr_line' id='line_1_88' title="bbox 2054 2710 3633 2792; baseline 0.018 -32"><span class='ocrx_word' id='word_1_713' title='bbox 2054 2721 2146 2762; x_wconf 88' lang='lat' dir='ltr'><strong>ves</strong></span> <span class='ocrx_word' id='word_1_714' title='bbox 2166 2710 2304 2766; x_wconf 91' lang='lat' dir='ltr'><strong>cirea</strong></span> <span class='ocrx_word' id='word_1_715' title='bbox 2332 2712 2529 2782; x_wconf 82' lang='lat' dir='ltr'><strong>lignum</strong></span> <span class='ocrx_word' id='word_1_716' title='bbox 2557 2716 2679 2786; x_wconf 92' lang='lat' dir='ltr'><strong>hoc,</strong></span> <span class='ocrx_word' id='word_1_717' title='bbox 2720 2721 2918 2790; x_wconf 90' lang='lat' dir='ltr'><strong>accipis</strong></span> <span class='ocrx_word' id='word_1_718' title='bbox 2948 2726 3247 2792; x_wconf 66' lang='lat' dir='ltr'><strong>prasmium.</strong></span> <span class='ocrx_word' id='word_1_719' title='bbox 3280 2733 3357 2786; x_wconf 84' lang='lat' dir='ltr'><strong>Ae</strong></span> <span class='ocrx_word' id='word_1_720' title='bbox 3387 2735 3509 2789; x_wconf 89' lang='lat' dir='ltr'><strong>vide</strong></span> <span class='ocrx_word' id='word_1_721' title='bbox 3556 2739 3633 2788; x_wconf 81' lang='lat' dir='ltr'><strong>mi-</strong></span> 
     </span>
    </p>
   </div>
   <div class='ocr_carea' id='block_1_89' title="bbox 2052 2804 3634 2888">
    <p class='ocr_par' dir='ltr' id='par_1_89' title="bbox 2052 2804 3634 2888">
     <span class='ocr_line' id='line_1_89' title="bbox 2052 2804 3634 2888; baseline 0.018 -34"><span class='ocrx_word' id='word_1_722' title='bbox 2052 2804 2311 2859; x_wconf 88' lang='lat' dir='ltr'><strong>raculum.</strong></span> <span class='ocrx_word' id='word_1_723' title='bbox 2346 2806 2579 2863; x_wconf 83' lang='lat' dir='ltr'><strong>Paradisi</strong></span> <span class='ocrx_word' id='word_1_724' title='bbox 2608 2811 2746 2882; x_wconf 87' lang='lat' dir='ltr'><strong>ligna</strong></span> <span class='ocrx_word' id='word_1_725' title='bbox 2769 2816 2968 2881; x_wconf 88' lang='lat' dir='ltr'><strong>omnia,</strong></span> <span class='ocrx_word' id='word_1_726' title='bbox 2992 2816 3185 2888; x_wconf 88' lang='lat' dir='ltr'><strong>ubique</strong></span> <span class='ocrx_word' id='word_1_727' title='bbox 3207 2822 3257 2875; x_wconf 92' lang='lat' dir='ltr'><strong>in</strong></span> <span class='ocrx_word' id='word_1_728' title='bbox 3287 2824 3513 2881; x_wconf 86' lang='lat' dir='ltr'><strong>circuitu</strong></span> <span class='ocrx_word' id='word_1_729' title='bbox 3536 2843 3634 2881; x_wconf 63' lang='lat' dir='ltr'><strong>vcr-</strong></span> 
     </span>
    </p>
   </div>
   <div class='ocr_carea' id='block_1_90' title="bbox 2052 2895 3632 2974">
    <p class='ocr_par' dir='ltr' id='par_1_90' title="bbox 2052 2895 3632 2974">
     <span class='ocr_line' id='line_1_90' title="bbox 2052 2895 3632 2974; baseline 0.016 -27"><span class='ocrx_word' id='word_1_730' title='bbox 2052 2895 2263 2960; x_wconf 87' lang='lat' dir='ltr'><strong>nantia,</strong></span> <span class='ocrx_word' id='word_1_731' title='bbox 2319 2898 2514 2969; x_wconf 84' lang='lat' dir='ltr'><strong>ubique</strong></span> <span class='ocrx_word' id='word_1_732' title='bbox 2563 2901 2831 2960; x_wconf 90' lang='lat' dir='ltr'><strong>fructifera</strong></span> <span class='ocrx_word' id='word_1_733' title='bbox 2881 2925 2895 2959; x_wconf 90' lang='lat'>:</span> <span class='ocrx_word' id='word_1_734' title='bbox 2944 2907 3048 2962; x_wconf 92' lang='lat' dir='ltr'><strong>duo</strong></span> <span class='ocrx_word' id='word_1_735' title='bbox 3100 2920 3305 2968; x_wconf 90' lang='lat' dir='ltr'><strong>tantum</strong></span> <span class='ocrx_word' id='word_1_736' title='bbox 3360 2917 3415 2971; x_wconf 89' lang='lat' dir='ltr'><strong>in</strong></span> <span class='ocrx_word' id='word_1_737' title='bbox 3474 2920 3632 2974; x_wconf 76' lang='lat' dir='ltr'><strong>medio</strong></span> 
     </span>
    </p>
   </div>
   <div class='ocr_carea' id='block_1_91' title="bbox 2050 2987 3631 3069">
    <p class='ocr_par' dir='ltr' id='par_1_91' title="bbox 2050 2987 3631 3069">
     <span class='ocr_line' id='line_1_91' title="bbox 2050 2987 3631 3069; baseline 0.017 -32"><span class='ocrx_word' id='word_1_738' title='bbox 2050 2994 2217 3051; x_wconf 91' lang='lat' dir='ltr'><strong>erant,</strong></span> <span class='ocrx_word' id='word_1_739' title='bbox 2251 2987 2315 3041; x_wconf 89' lang='lat' dir='ltr'><strong>ad</strong></span> <span class='ocrx_word' id='word_1_740' title='bbox 2337 2993 2667 3060; x_wconf 82' lang='lat' dir='ltr'><strong>gymnasium</strong></span> <span class='ocrx_word' id='word_1_741' title='bbox 2698 3004 2749 3049; x_wconf 90' lang='lat' dir='ltr'><strong>et</strong></span> <span class='ocrx_word' id='word_1_742' title='bbox 2777 2998 3022 3053; x_wconf 79' lang='lat' dir='ltr'><strong>stadium.</strong></span> <span class='ocrx_word' id='word_1_743' title='bbox 3054 3000 3182 3069; x_wconf 62' lang='lat' dir='ltr'><strong>Quae</strong></span> <span class='ocrx_word' id='word_1_744' title='bbox 3220 3004 3271 3059; x_wconf 90' lang='lat' dir='ltr'><strong>in</strong></span> <span class='ocrx_word' id='word_1_745' title='bbox 3301 3006 3529 3063; x_wconf 88' lang='lat' dir='ltr'><strong>circuitu</strong></span> <span class='ocrx_word' id='word_1_746' title='bbox 3555 3012 3631 3064; x_wconf 81' lang='lat' dir='ltr'><strong>ali-</strong></span> 
     </span>
    </p>
   </div>
   <div class='ocr_carea' id='block_1_92' title="bbox 2049 3082 3633 3172">
    <p class='ocr_par' dir='ltr' id='par_1_92' title="bbox 2049 3082 3633 3172">
     <span class='ocr_line' id='line_1_92' title="bbox 2049 3082 3633 3172; baseline 0.018 -43"><span class='ocrx_word' id='word_1_747' title='bbox 2049 3086 2286 3132; x_wconf 88' lang='lat' dir='ltr'><strong>mentum</strong></span> <span class='ocrx_word' id='word_1_748' title='bbox 2332 3082 2657 3150; x_wconf 72' lang='lat' dir='ltr'><strong>prtebehant.</strong></span> <span class='ocrx_word' id='word_1_749' title='bbox 2707 3086 2902 3143; x_wconf 84' lang='lat' dir='ltr'><strong>Verum</strong></span> <span class='ocrx_word' id='word_1_750' title='bbox 2955 3096 3393 3163; x_wconf 86' lang='lat' dir='ltr'><strong>transgressionis</strong></span> <span class='ocrx_word' id='word_1_751' title='bbox 3431 3111 3490 3154; x_wconf 91' lang='lat' dir='ltr'><strong>et</strong></span> <span class='ocrx_word' id='word_1_752' title='bbox 3525 3103 3633 3172; x_wconf 74' lang='lat' dir='ltr'><strong>ligni</strong></span> 
     </span>
    </p>
   </div>
   <div class='ocr_carea' id='block_1_93' title="bbox 2046 3171 3630 3256">
    <p class='ocr_par' dir='ltr' id='par_1_93' title="bbox 2046 3171 3630 3256">
     <span class='ocr_line' id='line_1_93' title="bbox 2046 3171 3630 3256; baseline 0.017 -35"><span class='ocrx_word' id='word_1_753' title='bbox 2046 3182 2225 3224; x_wconf 88' lang='lat' dir='ltr'><strong>sermo</strong></span> <span class='ocrx_word' id='word_1_754' title='bbox 2265 3171 2406 3227; x_wconf 90' lang='lat' dir='ltr'><strong>aliud</strong></span> <span class='ocrx_word' id='word_1_755' title='bbox 2435 3173 2486 3228; x_wconf 92' lang='lat' dir='ltr'><strong>in</strong></span> <span class='ocrx_word' id='word_1_756' title='bbox 2520 3185 2727 3246; x_wconf 83' lang='lat' dir='ltr'><strong>tempus</strong></span> <span class='ocrx_word' id='word_1_757' title='bbox 2753 3191 3085 3249; x_wconf 80' lang='lat' dir='ltr'><strong>reservetur;</strong></span> <span class='ocrx_word' id='word_1_758' title='bbox 3111 3190 3436 3256; x_wconf 85' lang='lat' dir='ltr'><strong>propositum</strong></span> <span class='ocrx_word' id='word_1_759' title='bbox 3467 3171 3630 3247; x_wconf 77' lang='lat' dir='ltr'><strong>autem</strong></span> 
     </span>
    </p>
   </div>
   <div class='ocr_carea' id='block_1_94' title="bbox 2048 3260 3632 3339">
    <p class='ocr_par' dir='ltr' id='par_1_94' title="bbox 2048 3260 3632 3339">
     <span class='ocr_line' id='line_1_94' title="bbox 2048 3260 3632 3339; baseline 0.017 -27"><span class='ocrx_word' id='word_1_760' title='bbox 2048 3260 2148 3315; x_wconf 89' lang='lat' dir='ltr'><strong>hoc</strong></span> <span class='ocrx_word' id='word_1_761' title='bbox 2169 3261 2278 3330; x_wconf 87' lang='lat' dir='ltr'><strong>jam</strong></span> <span class='ocrx_word' id='word_1_762' title='bbox 2320 3274 2400 3317; x_wconf 90' lang='lat' dir='ltr'><strong>est</strong></span> <span class='ocrx_word' id='word_1_763' title='bbox 2434 3282 2448 3317; x_wconf 90' lang='lat'><strong>:</strong></span> <span class='ocrx_word' id='word_1_764' title='bbox 2477 3266 2693 3322; x_wconf 89' lang='lat' dir='ltr'><strong>adducit</strong></span> <span class='ocrx_word' id='word_1_765' title='bbox 2729 3270 2868 3326; x_wconf 89' lang='lat' dir='ltr'><strong>Deus</strong></span> <span class='ocrx_word' id='word_1_766' title='bbox 2893 3276 3136 3330; x_wconf 88' lang='lat' dir='ltr'><strong>animalia</strong></span> <span class='ocrx_word' id='word_1_767' title='bbox 3184 3282 3362 3334; x_wconf 90' lang='lat' dir='ltr'><strong>omnia</strong></span> <span class='ocrx_word' id='word_1_768' title='bbox 3389 3283 3453 3337; x_wconf 93' lang='lat' dir='ltr'><strong>ad</strong></span> <span class='ocrx_word' id='word_1_769' title='bbox 3510 3286 3632 3339; x_wconf 79' lang='lat' dir='ltr'><strong>Ada-</strong></span> 
     </span>
    </p>
   </div>
   <div class='ocr_carea' id='block_1_95' title="bbox 2046 3355 3626 3446">
    <p class='ocr_par' dir='ltr' id='par_1_95' title="bbox 2046 3355 3626 3446">
     <span class='ocr_line' id='line_1_95' title="bbox 2046 3355 3626 3446; baseline 0.016 -42"><span class='ocrx_word' id='word_1_770' title='bbox 2046 3367 2211 3406; x_wconf 90' lang='lat' dir='ltr'><strong>mum.</strong></span> <span class='ocrx_word' id='word_1_771' title='bbox 2268 3355 2498 3411; x_wconf 80' lang='lat' dir='ltr'><strong>Audiant</strong></span> <span class='ocrx_word' id='word_1_772' title='bbox 2525 3358 2757 3417; x_wconf 60' lang='lat' dir='ltr'><strong>haeretici</strong></span> <span class='ocrx_word' id='word_1_773' title='bbox 2790 3380 2803 3416; x_wconf 73' lang='grc' dir='ltr'>ε</span> <span class='ocrx_word' id='word_1_774' title='bbox 2837 3379 2936 3420; x_wconf 90' lang='lat' dir='ltr'><strong>nec</strong></span> <span class='ocrx_word' id='word_1_775' title='bbox 2982 3369 3192 3425; x_wconf 88' lang='lat' dir='ltr'><strong>mireris</strong></span> <span class='ocrx_word' id='word_1_776' title='bbox 3234 3372 3280 3425; x_wconf 93' lang='lat' dir='ltr'><strong>si</strong></span> <span class='ocrx_word' id='word_1_777' title='bbox 3318 3374 3387 3427; x_wconf 88' lang='lat' dir='ltr'><strong>ad</strong></span> <span class='ocrx_word' id='word_1_778' title='bbox 3431 3377 3626 3446; x_wconf 80' lang='lat' dir='ltr'><strong>singula</strong></span> 
     </span>
    </p>
   </div>
   <div class='ocr_carea' id='block_1_96' title="bbox 2044 3443 3625 3539">
    <p class='ocr_par' dir='ltr' id='par_1_96' title="bbox 2044 3443 3625 3539">
     <span class='ocr_line' id='line_1_96' title="bbox 2044 3443 3625 3539; baseline 0.016 -40"><span class='ocrx_word' id='word_1_779' title='bbox 2044 3443 2224 3513; x_wconf 89' lang='lat' dir='ltr'><strong>dicta,</strong></span> <span class='ocrx_word' id='word_1_780' title='bbox 2264 3450 2332 3504; x_wconf 90' lang='lat' dir='ltr'><strong>ad</strong></span> <span class='ocrx_word' id='word_1_781' title='bbox 2376 3453 2611 3522; x_wconf 87' lang='lat' dir='ltr'><strong>singulas</strong></span> <span class='ocrx_word' id='word_1_782' title='bbox 2656 3471 2813 3511; x_wconf 88' lang='lat' dir='ltr'><strong>voces</strong></span> <span class='ocrx_word' id='word_1_783' title='bbox 2858 3469 3042 3515; x_wconf 88' lang='lat' dir='ltr'><strong>contra</strong></span> <span class='ocrx_word' id='word_1_784' title='bbox 3090 3461 3370 3521; x_wconf 72' lang='lat' dir='ltr'><strong>barreticos</strong></span> <span class='ocrx_word' id='word_1_785' title='bbox 3414 3480 3625 3539; x_wconf 80' lang='lat' dir='ltr'><strong>agatur;</strong></span> 
     </span>
    </p>
   </div>
   <div class='ocr_carea' id='block_1_97' title="bbox 2042 3545 3624 3625">
    <p class='ocr_par' dir='ltr' id='par_1_97' title="bbox 2042 3545 3624 3625">
     <span class='ocr_line' id='line_1_97' title="bbox 2042 3545 3624 3625; baseline 0.016 -34"><span class='ocrx_word' id='word_1_786' title='bbox 2042 3552 2139 3608; x_wconf 90' lang='lat' dir='ltr'><strong>per</strong></span> <span class='ocrx_word' id='word_1_787' title='bbox 2193 3555 2407 3597; x_wconf 91' lang='lat' dir='ltr'><strong>omnem</strong></span> <span class='ocrx_word' id='word_1_788' title='bbox 2470 3545 2613 3601; x_wconf 87' lang='lat' dir='ltr'><strong>enim</strong></span> <span class='ocrx_word' id='word_1_789' title='bbox 2680 3552 3016 3607; x_wconf 88' lang='lat' dir='ltr'><strong>occasionem</strong></span> <span class='ocrx_word' id='word_1_790' title='bbox 3078 3557 3545 3625; x_wconf 87' lang='lat' dir='ltr'><strong>reprehenduntur</strong></span> <span class='ocrx_word' id='word_1_791' title='bbox 3597 3566 3624 3617; x_wconf 87' lang='lat' dir='ltr'><strong>ii</strong></span> 
     </span>
    </p>
   </div>
   <div class='ocr_carea' id='block_1_98' title="bbox 2042 3629 3623 3720">
    <p class='ocr_par' dir='ltr' id='par_1_98' title="bbox 2042 3629 3623 3720">
     <span class='ocr_line' id='line_1_98' title="bbox 2042 3629 3623 3720; baseline 0.017 -39"><span class='ocrx_word' id='word_1_792' title='bbox 2042 3629 2130 3698; x_wconf 90' lang='lat' dir='ltr'><strong>qui</strong></span> <span class='ocrx_word' id='word_1_793' title='bbox 2188 3644 2371 3687; x_wconf 89' lang='lat' dir='ltr'><strong>contra</strong></span> <span class='ocrx_word' id='word_1_794' title='bbox 2429 3636 2717 3703; x_wconf 88' lang='lat' dir='ltr'><strong>gloriosum</strong></span> <span class='ocrx_word' id='word_1_795' title='bbox 2763 3658 2984 3709; x_wconf 83' lang='lat' dir='ltr'><strong>regnum</strong></span> <span class='ocrx_word' id='word_1_796' title='bbox 3032 3645 3327 3718; x_wconf 86' lang='lat' dir='ltr'><strong>insurgunt.</strong></span> <span class='ocrx_word' id='word_1_797' title='bbox 3368 3651 3530 3720; x_wconf 79' lang='lat' dir='ltr'><strong>Lapis</strong></span> <span class='ocrx_word' id='word_1_798' title='bbox 3576 3672 3623 3707; x_wconf 65' lang='grc' dir='ltr'>ω</span> 
     </span>
    </p>
   </div>
   <div class='ocr_carea' id='block_1_99' title="bbox 2041 3725 3622 3804">
    <p class='ocr_par' dir='ltr' id='par_1_99' title="bbox 2041 3725 3622 3804">
     <span class='ocr_line' id='line_1_99' title="bbox 2041 3725 3622 3804; baseline 0.017 -31"><span class='ocrx_word' id='word_1_799' title='bbox 2041 3736 2185 3775; x_wconf 87' lang='lat' dir='ltr'><strong>muro</strong></span> <span class='ocrx_word' id='word_1_800' title='bbox 2227 3725 2412 3779; x_wconf 86' lang='lat' dir='ltr'><strong>clamat</strong></span> <span class='ocrx_word' id='word_1_801' title='bbox 2448 3725 2670 3797; x_wconf 86' lang='lat' dir='ltr'><strong>(IIabac.</strong></span> <span class='ocrx_word' id='word_1_802' title='bbox 2713 3731 2767 3784; x_wconf 88' lang='lat'><strong>2.</strong></span> <span class='ocrx_word' id='word_1_803' title='bbox 2802 3736 2919 3804; x_wconf 86' lang='lat' dir='ltr'><strong>Il);</strong></span> <span class='ocrx_word' id='word_1_804' title='bbox 2956 3752 3060 3790; x_wconf 92' lang='lat' dir='ltr'><strong>non</strong></span> <span class='ocrx_word' id='word_1_805' title='bbox 3105 3738 3245 3803; x_wconf 90' lang='lat' dir='ltr'><strong>dico,</strong></span> <span class='ocrx_word' id='word_1_806' title='bbox 3295 3743 3521 3799; x_wconf 84' lang='lat' dir='ltr'><strong>verbum</strong></span> <span class='ocrx_word' id='word_1_807' title='bbox 3568 3764 3622 3800; x_wconf 74' lang='lat' dir='ltr'><strong>ex</strong></span> 
     </span>
    </p>
   </div>
   <div class='ocr_carea' id='block_1_100' title="bbox 2042 3814 3619 3909">
    <p class='ocr_par' dir='ltr' id='par_1_100' title="bbox 2042 3814 3619 3909">
     <span class='ocr_line' id='line_1_100' title="bbox 2042 3814 3619 3909; baseline 0.018 -42"><span class='ocrx_word' id='word_1_808' title='bbox 2042 3814 2338 3885; x_wconf 85' lang='lat' dir='ltr'><strong>Scriptura,</strong></span> <span class='ocrx_word' id='word_1_809' title='bbox 2385 3818 2503 3874; x_wconf 87' lang='lat' dir='ltr'><strong>Iota</strong></span> <span class='ocrx_word' id='word_1_810' title='bbox 2533 3839 2710 3891; x_wconf 87' lang='lat' dir='ltr'><strong>unum,</strong></span> <span class='ocrx_word' id='word_1_811' title='bbox 2739 3838 2825 3879; x_wconf 90' lang='lat' dir='ltr'><strong>aut</strong></span> <span class='ocrx_word' id='word_1_812' title='bbox 2854 3844 2979 3882; x_wconf 82' lang='lat' dir='ltr'><strong>unus</strong></span> <span class='ocrx_word' id='word_1_813' title='bbox 3006 3846 3135 3901; x_wconf 71' lang='lat' dir='ltr'><strong>apex</strong></span> <span class='ocrx_word' id='word_1_814' title='bbox 3162 3833 3374 3903; x_wconf 70' lang='lat' dir='ltr'><strong>(Matth.</strong></span> <span class='ocrx_word' id='word_1_815' title='bbox 3419 3838 3477 3893; x_wconf 88' lang='lat'><strong>5.</strong></span> <span class='ocrx_word' id='word_1_816' title='bbox 3522 3840 3619 3909; x_wconf 69' lang='lat'><strong>{8),</strong></span> 
     </span>
    </p>
   </div>
   <div class='ocr_carea' id='block_1_101' title="bbox 2041 3907 3621 3987">
    <p class='ocr_par' dir='ltr' id='par_1_101' title="bbox 2041 3907 3621 3987">
     <span class='ocr_line' id='line_1_101' title="bbox 2041 3907 3621 3987; baseline 0.018 -28"><span class='ocrx_word' id='word_1_817' title='bbox 2041 3907 2319 3964; x_wconf 77' lang='lat' dir='ltr'><strong>hmretieos</strong></span> <span class='ocrx_word' id='word_1_818' title='bbox 2353 3913 2646 3985; x_wconf 86' lang='lat' dir='ltr'><strong>inculpatos</strong></span> <span class='ocrx_word' id='word_1_819' title='bbox 2685 3935 2787 3973; x_wconf 89' lang='lat' dir='ltr'><strong>non</strong></span> <span class='ocrx_word' id='word_1_820' title='bbox 2815 3921 3029 3987; x_wconf 89' lang='lat' dir='ltr'><strong>sinunt;</strong></span> <span class='ocrx_word' id='word_1_821' title='bbox 3080 3926 3147 3979; x_wconf 91' lang='lat' dir='ltr'><strong>ab</strong></span> <span class='ocrx_word' id='word_1_822' title='bbox 3188 3929 3432 3983; x_wconf 90' lang='lat' dir='ltr'><strong>omnibus</strong></span> <span class='ocrx_word' id='word_1_823' title='bbox 3478 3948 3621 3986; x_wconf 82' lang='lat' dir='ltr'><strong>accu-</strong></span> 
     </span>
    </p>
   </div>
   <div class='ocr_carea' id='block_1_102' title="bbox 2037 4002 3620 4079">
    <p class='ocr_par' dir='ltr' id='par_1_102' title="bbox 2037 4002 3620 4079">
     <span class='ocr_line' id='line_1_102' title="bbox 2037 4002 3620 4079; baseline 0.018 -29"><span class='ocrx_word' id='word_1_824' title='bbox 2037 4008 2223 4054; x_wconf 89' lang='lat' dir='ltr'><strong>santur</strong></span> <span class='ocrx_word' id='word_1_825' title='bbox 2268 4002 2357 4072; x_wconf 88' lang='lat' dir='ltr'><strong>qui</strong></span> <span class='ocrx_word' id='word_1_826' title='bbox 2395 4016 2591 4075; x_wconf 85' lang='lat' dir='ltr'><strong>negant</strong></span> <span class='ocrx_word' id='word_1_827' title='bbox 2618 4010 2852 4064; x_wconf 90' lang='lat' dir='ltr'><strong>onmium</strong></span> <span class='ocrx_word' id='word_1_828' title='bbox 2896 4013 3200 4071; x_wconf 89' lang='lat' dir='ltr'><strong>Dominum.</strong></span> <span class='ocrx_word' id='word_1_829' title='bbox 3254 4019 3620 4079; x_wconf 80' lang='lat' dir='ltr'><strong>Animadverte</strong></span> 
     </span>
    </p>
   </div>
   <div class='ocr_carea' id='block_1_103' title="bbox 2038 4091 3619 4184">
    <p class='ocr_par' dir='ltr' id='par_1_103' title="bbox 2038 4091 3619 4184">
     <span class='ocr_line' id='line_1_103' title="bbox 2038 4091 3619 4184; baseline 0.015 -39"><span class='ocrx_word' id='word_1_830' title='bbox 2038 4091 2215 4162; x_wconf 86' lang='lat' dir='ltr'><strong>igitur.</strong></span> <span class='ocrx_word' id='word_1_831' title='bbox 2242 4093 2433 4151; x_wconf 87' lang='lat' dir='ltr'><strong>Videre</strong></span> <span class='ocrx_word' id='word_1_832' title='bbox 2457 4108 2572 4153; x_wconf 87' lang='lat' dir='ltr'><strong>erat</strong></span> <span class='ocrx_word' id='word_1_833' title='bbox 2591 4116 2703 4156; x_wconf 90' lang='lat' dir='ltr'><strong>rem</strong></span> <span class='ocrx_word' id='word_1_834' title='bbox 2726 4105 3065 4174; x_wconf 89' lang='lat' dir='ltr'><strong>stupendam,</strong></span> <span class='ocrx_word' id='word_1_835' title='bbox 3089 4108 3352 4165; x_wconf 86' lang='lat' dir='ltr'><strong>Adamum</strong></span> <span class='ocrx_word' id='word_1_836' title='bbox 3375 4124 3619 4184; x_wconf 77' lang='lat' dir='ltr'><strong>stantem,</strong></span> 
     </span>
    </p>
   </div>
   <div class='ocr_carea' id='block_1_104' title="bbox 2035 4186 3610 4263">
    <p class='ocr_par' dir='ltr' id='par_1_104' title="bbox 2035 4186 3610 4263">
     <span class='ocr_line' id='line_1_104' title="bbox 2035 4186 3610 4263; baseline 0.017 -26"><span class='ocrx_word' id='word_1_837' title='bbox 2035 4193 2090 4238; x_wconf 90' lang='lat' dir='ltr'><strong>et</strong></span> <span class='ocrx_word' id='word_1_838' title='bbox 2130 4186 2294 4241; x_wconf 89' lang='lat' dir='ltr'><strong>Deum</strong></span> <span class='ocrx_word' id='word_1_839' title='bbox 2339 4191 2491 4259; x_wconf 90' lang='lat' dir='ltr'><strong>quasi</strong></span> <span class='ocrx_word' id='word_1_840' title='bbox 2518 4194 2817 4250; x_wconf 86' lang='lat' dir='ltr'><strong>ministrum</strong></span> <span class='ocrx_word' id='word_1_841' title='bbox 2848 4197 2913 4251; x_wconf 89' lang='lat' dir='ltr'><strong>ad</strong></span> <span class='ocrx_word' id='word_1_842' title='bbox 2944 4198 3207 4254; x_wconf 84' lang='lat' dir='ltr'><strong>Adamum</strong></span> <span class='ocrx_word' id='word_1_843' title='bbox 3247 4204 3610 4263; x_wconf 85' lang='lat' dir='ltr'><strong>adducentem.</strong></span> 
     </span>
    </p>
   </div>
   <div class='ocr_carea' id='block_1_105' title="bbox 2035 4278 3611 4367">
    <p class='ocr_par' dir='ltr' id='par_1_105' title="bbox 2035 4278 3611 4367">
     <span class='ocr_line' id='line_1_105' title="bbox 2035 4278 3611 4367; baseline 0.015 -37"><span class='ocrx_word' id='word_1_844' title='bbox 2035 4278 2253 4332; x_wconf 80' lang='lat' dir='ltr'><strong>Adducit</strong></span> <span class='ocrx_word' id='word_1_845' title='bbox 2280 4282 2422 4336; x_wconf 90' lang='lat' dir='ltr'><strong>enim</strong></span> <span class='ocrx_word' id='word_1_846' title='bbox 2451 4283 2589 4339; x_wconf 90' lang='lat' dir='ltr'><strong>Deus</strong></span> <span class='ocrx_word' id='word_1_847' title='bbox 2614 4288 2876 4342; x_wconf 87' lang='lat' dir='ltr'><strong>animalia.</strong></span> <span class='ocrx_word' id='word_1_848' title='bbox 2908 4289 3004 4345; x_wconf 85' lang='lat' dir='ltr'><strong>llic</strong></span> <span class='ocrx_word' id='word_1_849' title='bbox 3044 4293 3280 4363; x_wconf 86' lang='lat' dir='ltr'><strong>attende,</strong></span> <span class='ocrx_word' id='word_1_850' title='bbox 3324 4312 3432 4352; x_wconf 90' lang='lat' dir='ltr'><strong>non</strong></span> <span class='ocrx_word' id='word_1_851' title='bbox 3463 4299 3611 4367; x_wconf 80' lang='lat' dir='ltr'><strong>dicta,</strong></span> 
     </span>
    </p>
   </div>
   <div class='ocr_carea' id='block_1_106' title="bbox 2034 4369 3614 4448">
    <p class='ocr_par' dir='ltr' id='par_1_106' title="bbox 2034 4369 3614 4448">
     <span class='ocr_line' id='line_1_106' title="bbox 2034 4369 3614 4448; baseline 0.013 -24"><span class='ocrx_word' id='word_1_852' title='bbox 2034 4369 2126 4424; x_wconf 90' lang='lat' dir='ltr'><strong>scd</strong></span> <span class='ocrx_word' id='word_1_853' title='bbox 2167 4374 2506 4429; x_wconf 89' lang='lat' dir='ltr'><strong>sententiam.</strong></span> <span class='ocrx_word' id='word_1_854' title='bbox 2549 4375 2731 4447; x_wconf 83' lang='lat' dir='ltr'><strong>Cogita</strong></span> <span class='ocrx_word' id='word_1_855' title='bbox 2762 4380 2928 4435; x_wconf 90' lang='lat' dir='ltr'><strong>Deum</strong></span> <span class='ocrx_word' id='word_1_856' title='bbox 2958 4391 3210 4448; x_wconf 91' lang='lat' dir='ltr'><strong>stantem,</strong></span> <span class='ocrx_word' id='word_1_857' title='bbox 3260 4396 3315 4441; x_wconf 90' lang='lat' dir='ltr'><strong>et</strong></span> <span class='ocrx_word' id='word_1_858' title='bbox 3357 4388 3614 4444; x_wconf 85' lang='lat' dir='ltr'><strong>Adamum</strong></span> 
     </span>
    </p>
   </div>
   <div class='ocr_carea' id='block_1_107' title="bbox 2032 4461 3616 4537">
    <p class='ocr_par' dir='ltr' id='par_1_107' title="bbox 2032 4461 3616 4537">
     <span class='ocr_line' id='line_1_107' title="bbox 2032 4461 3616 4537; baseline 0.011 -24"><span class='ocrx_word' id='word_1_859' title='bbox 2032 4461 2418 4529; x_wconf 80' lang='lat' dir='ltr'><strong>explorantem.</strong></span> <span class='ocrx_word' id='word_1_860' title='bbox 2442 4466 2676 4522; x_wconf 86' lang='lat' dir='ltr'><strong>Adduxit</strong></span> <span class='ocrx_word' id='word_1_861' title='bbox 2702 4470 2840 4525; x_wconf 88' lang='lat' dir='ltr'><strong>Deus</strong></span> <span class='ocrx_word' id='word_1_862' title='bbox 2865 4472 3063 4537; x_wconf 87' lang='lat' dir='ltr'><strong>omnia,</strong></span> <span class='ocrx_word' id='word_1_863' title='bbox 3090 4474 3299 4530; x_wconf 83' lang='lat' dir='ltr'><strong>Adamo</strong></span> <span class='ocrx_word' id='word_1_864' title='bbox 3318 4476 3458 4533; x_wconf 78' lang='lat' dir='ltr'><strong>dixit</strong></span> <span class='ocrx_word' id='word_1_865' title='bbox 3479 4482 3616 4534; x_wconf 84' lang='lat' dir='ltr'><strong>verbi</strong></span> 
     </span>
    </p>
   </div>
   <div class='ocr_carea' id='block_1_108' title="bbox 2031 4553 3621 4626">
    <p class='ocr_par' dir='ltr' id='par_1_108' title="bbox 2031 4553 3621 4626">
     <span class='ocr_line' id='line_1_108' title="bbox 2031 4553 3621 4626; baseline 0.016 -24"><span class='ocrx_word' id='word_1_866' title='bbox 2031 4553 2199 4619; x_wconf 87' lang='lat' dir='ltr'><strong>gratia</strong></span> <span class='ocrx_word' id='word_1_867' title='bbox 2231 4571 2244 4606; x_wconf 89' lang='lat'><strong>:</strong></span> <span class='ocrx_word' id='word_1_868' title='bbox 2276 4554 2392 4622; x_wconf 85' lang='lat' dir='ltr'><strong>Quo</strong></span> <span class='ocrx_word' id='word_1_869' title='bbox 2427 4558 2642 4613; x_wconf 88' lang='lat' dir='ltr'><strong>nomine</strong></span> <span class='ocrx_word' id='word_1_870' title='bbox 2673 4558 2759 4614; x_wconf 93' lang='lat' dir='ltr'><strong>hic</strong></span> <span class='ocrx_word' id='word_1_871' title='bbox 2791 4561 2882 4615; x_wconf 91' lang='lat' dir='ltr'><strong>tibi</strong></span> <span class='ocrx_word' id='word_1_872' title='bbox 2926 4562 3132 4618; x_wconf 89' lang='lat' dir='ltr'><strong>videtur</strong></span> <span class='ocrx_word' id='word_1_873' title='bbox 3161 4568 3429 4623; x_wconf 89' lang='lat' dir='ltr'><strong>vocandus</strong></span> <span class='ocrx_word' id='word_1_874' title='bbox 3459 4570 3621 4626; x_wconf 79' lang='lat' dir='ltr'><strong>esse?</strong></span> 
     </span>
    </p>
   </div>
   <div class='ocr_carea' id='block_1_109' title="bbox 2034 4642 3615 4716">
    <p class='ocr_par' dir='ltr' id='par_1_109' title="bbox 2034 4642 3615 4716">
     <span class='ocr_line' id='line_1_109' title="bbox 2034 4642 3615 4716; baseline 0.012 -20"><span class='ocrx_word' id='word_1_875' title='bbox 2034 4642 2185 4713; x_wconf 89' lang='lat' dir='ltr'><strong>Isque</strong></span> <span class='ocrx_word' id='word_1_876' title='bbox 2213 4646 2287 4699; x_wconf 90' lang='lat' dir='ltr'><strong>ait</strong></span> <span class='ocrx_word' id='word_1_877' title='bbox 2320 4663 2332 4699; x_wconf 94' lang='lat'><strong>:</strong></span> <span class='ocrx_word' id='word_1_878' title='bbox 2384 4646 2613 4702; x_wconf 85' lang='lat' dir='ltr'><strong>Vocetur</strong></span> <span class='ocrx_word' id='word_1_879' title='bbox 2658 4650 2761 4705; x_wconf 88' lang='lat' dir='ltr'><strong>leo.</strong></span> <span class='ocrx_word' id='word_1_880' title='bbox 2797 4651 2907 4707; x_wconf 90' lang='lat' dir='ltr'><strong>lloc</strong></span> <span class='ocrx_word' id='word_1_881' title='bbox 2953 4654 3091 4709; x_wconf 90' lang='lat' dir='ltr'><strong>Deus</strong></span> <span class='ocrx_word' id='word_1_882' title='bbox 3117 4658 3312 4713; x_wconf 78' lang='lat' dir='ltr'><strong>sanxit.</strong></span> <span class='ocrx_word' id='word_1_883' title='bbox 3361 4659 3459 4715; x_wconf 86' lang='lat' dir='ltr'><strong>llic</strong></span> <span class='ocrx_word' id='word_1_884' title='bbox 3492 4676 3615 4716; x_wconf 88' lang='lat' dir='ltr'><strong>vero</strong></span> 
     </span>
    </p>
   </div>
   <div class='ocr_carea' id='block_1_110' title="bbox 2032 4740 3613 4809">
    <p class='ocr_par' dir='ltr' id='par_1_110' title="bbox 2032 4740 3613 4809">
     <span class='ocr_line' id='line_1_110' title="bbox 2032 4740 3613 4809; baseline 0.013 -20"><span class='ocrx_word' id='word_1_885' title='bbox 2032 4753 2136 4805; x_wconf 87' lang='lat' dir='ltr'><strong>quo</strong></span> <span class='ocrx_word' id='word_1_886' title='bbox 2167 4740 2425 4794; x_wconf 82' lang='lat' dir='ltr'><strong>nomine?</strong></span> <span class='ocrx_word' id='word_1_887' title='bbox 2450 4740 2655 4797; x_wconf 89' lang='lat' dir='ltr'><strong>Taurus</strong></span> <span class='ocrx_word' id='word_1_888' title='bbox 2691 4755 2926 4801; x_wconf 75' lang='lat' dir='ltr'><strong>Vocetur.</strong></span> <span class='ocrx_word' id='word_1_889' title='bbox 2953 4747 3116 4804; x_wconf 81' lang='lat' dir='ltr'><strong>Recte</strong></span> <span class='ocrx_word' id='word_1_890' title='bbox 3144 4752 3395 4808; x_wconf 85' lang='lat' dir='ltr'><strong>statuisti.</strong></span> <span class='ocrx_word' id='word_1_891' title='bbox 3421 4753 3613 4809; x_wconf 84' lang='lat' dir='ltr'><strong>Simili-</strong></span> 
     </span>
    </p>
   </div>
   <div class='ocr_carea' id='block_1_111' title="bbox 2032 4834 3613 4913">
    <p class='ocr_par' dir='ltr' id='par_1_111' title="bbox 2032 4834 3613 4913">
     <span class='ocr_line' id='line_1_111' title="bbox 2032 4834 3613 4913; baseline 0.008 -29"><span class='ocrx_word' id='word_1_892' title='bbox 2032 4841 2214 4902; x_wconf 87' lang='lat' dir='ltr'><strong>terque</strong></span> <span class='ocrx_word' id='word_1_893' title='bbox 2242 4834 2566 4902; x_wconf 81' lang='lat' dir='ltr'><strong>singulorum</strong></span> <span class='ocrx_word' id='word_1_894' title='bbox 2599 4838 2812 4891; x_wconf 91' lang='lat' dir='ltr'><strong>nomina</strong></span> <span class='ocrx_word' id='word_1_895' title='bbox 2841 4839 2980 4894; x_wconf 89' lang='lat' dir='ltr'><strong>Deus</strong></span> <span class='ocrx_word' id='word_1_896' title='bbox 3009 4841 3326 4913; x_wconf 83' lang='lat' dir='ltr'><strong>obsignavit.</strong></span> <span class='ocrx_word' id='word_1_897' title='bbox 3357 4847 3443 4899; x_wconf 73' lang='lat' dir='ltr'><strong>Ait</strong></span> <span class='ocrx_word' id='word_1_898' title='bbox 3475 4850 3613 4901; x_wconf 86' lang='lat' dir='ltr'><strong>cnim</strong></span> 
     </span>
    </p>
   </div>
   <div class='ocr_carea' id='block_1_112' title="bbox 2027 4926 3607 5009">
    <p class='ocr_par' dir='ltr' id='par_1_112' title="bbox 2027 4926 3607 5009">
     <span class='ocr_line' id='line_1_112' title="bbox 2027 4926 3607 5009; baseline 0.007 -26"><span class='ocrx_word' id='word_1_899' title='bbox 2027 4926 2299 4998; x_wconf 85' lang='lat' dir='ltr'><strong>Scriptura</strong></span> <span class='ocrx_word' id='word_1_900' title='bbox 2332 4948 2345 4982; x_wconf 90' lang='lat'><strong>:</strong></span> <span class='ocrx_word' id='word_1_901' title='bbox 2377 4929 2608 4984; x_wconf 73' lang='lat' dir='ltr'><strong>Adduxit</strong></span> <span class='ocrx_word' id='word_1_902' title='bbox 2635 4948 2695 4985; x_wconf 91' lang='lat' dir='ltr'><strong>ea</strong></span> <span class='ocrx_word' id='word_1_903' title='bbox 2720 4933 2787 4985; x_wconf 84' lang='lat' dir='ltr'><strong>ad</strong></span> <span class='ocrx_word' id='word_1_904' title='bbox 2813 4932 3001 5000; x_wconf 84' lang='lat' dir='ltr'><strong>Adam,</strong></span> <span class='ocrx_word' id='word_1_905' title='bbox 3038 4947 3089 4988; x_wconf 88' lang='lat' dir='ltr'><strong>ut</strong></span> <span class='ocrx_word' id='word_1_906' title='bbox 3122 4937 3331 5004; x_wconf 84' lang='lat' dir='ltr'><strong>videret,</strong></span> <span class='ocrx_word' id='word_1_907' title='bbox 3373 4941 3498 5009; x_wconf 84' lang='lat' dir='ltr'><strong>quid</strong></span> <span class='ocrx_word' id='word_1_908' title='bbox 3527 4958 3607 4995; x_wconf 82' lang='lat' dir='ltr'><strong>ra-</strong></span> 
     </span>
    </p>
   </div>
   <div class='ocr_carea' id='block_1_113' title="bbox 2027 5019 3609 5094">
    <p class='ocr_par' dir='ltr' id='par_1_113' title="bbox 2027 5019 3609 5094">
     <span class='ocr_line' id='line_1_113' title="bbox 2027 5019 3609 5094; baseline 0.008 -22"><span class='ocrx_word' id='word_1_909' title='bbox 2027 5031 2164 5074; x_wconf 85' lang='lat' dir='ltr'><strong>caret</strong></span> <span class='ocrx_word' id='word_1_910' title='bbox 2189 5037 2247 5074; x_wconf 86' lang='lat' dir='ltr'><strong>ea</strong></span> <span class='ocrx_word' id='word_1_911' title='bbox 2297 5019 2365 5074; x_wconf 85' lang='lat' dir='ltr'><strong>Et</strong></span> <span class='ocrx_word' id='word_1_912' title='bbox 2410 5039 2558 5077; x_wconf 86' lang='lat' dir='ltr'><strong>omne</strong></span> <span class='ocrx_word' id='word_1_913' title='bbox 2592 5023 2726 5093; x_wconf 85' lang='lat' dir='ltr'><strong>quod</strong></span> <span class='ocrx_word' id='word_1_914' title='bbox 2756 5026 2945 5078; x_wconf 88' lang='lat' dir='ltr'><strong>vocavit</strong></span> <span class='ocrx_word' id='word_1_915' title='bbox 2973 5026 3156 5094; x_wconf 81' lang='lat' dir='ltr'><strong>Adam,</strong></span> <span class='ocrx_word' id='word_1_916' title='bbox 3189 5028 3285 5082; x_wconf 82' lang='lat' dir='ltr'><strong>hoc</strong></span> <span class='ocrx_word' id='word_1_917' title='bbox 3321 5041 3392 5084; x_wconf 86' lang='lat' dir='ltr'><strong>est</strong></span> <span class='ocrx_word' id='word_1_918' title='bbox 3430 5049 3609 5085; x_wconf 78' lang='lat' dir='ltr'><strong>nomen</strong></span> 
     </span>
    </p>
   </div>
   <div class='ocr_carea' id='block_1_114' title="bbox 2025 5112 3607 5188">
    <p class='ocr_par' dir='ltr' id='par_1_114' title="bbox 2025 5112 3607 5188">
     <span class='ocr_line' id='line_1_114' title="bbox 2025 5112 3607 5188; baseline 0.008 -25"><span class='ocrx_word' id='word_1_919' title='bbox 2025 5113 2153 5180; x_wconf 79' lang='lat' dir='ltr'><strong>ejus.</strong></span> <span class='ocrx_word' id='word_1_920' title='bbox 2189 5112 2340 5168; x_wconf 86' lang='lat' dir='ltr'><strong>Vide.</strong></span> <span class='ocrx_word' id='word_1_921' title='bbox 2374 5114 2505 5182; x_wconf 83' lang='lat' dir='ltr'><strong>Quia</strong></span> <span class='ocrx_word' id='word_1_922' title='bbox 2536 5115 2601 5169; x_wconf 90' lang='lat' dir='ltr'><strong>ad</strong></span> <span class='ocrx_word' id='word_1_923' title='bbox 2650 5116 2930 5187; x_wconf 87' lang='lat' dir='ltr'><strong>imaginem</strong></span> <span class='ocrx_word' id='word_1_924' title='bbox 2964 5119 3134 5187; x_wconf 88' lang='lat' dir='ltr'><strong>ipsum</strong></span> <span class='ocrx_word' id='word_1_925' title='bbox 3175 5132 3473 5188; x_wconf 85' lang='lat' dir='ltr'><strong>creaverat,</strong></span> <span class='ocrx_word' id='word_1_926' title='bbox 3518 5140 3607 5177; x_wconf 74' lang='lat' dir='ltr'><strong>vo-</strong></span> 
     </span>
    </p>
   </div>
   <div class='ocr_carea' id='block_1_115' title="bbox 2024 5204 3605 5280">
    <p class='ocr_par' dir='ltr' id='par_1_115' title="bbox 2024 5204 3605 5280">
     <span class='ocr_line' id='line_1_115' title="bbox 2024 5204 3605 5280; baseline 0.009 -24"><span class='ocrx_word' id='word_1_927' title='bbox 2024 5204 2120 5258; x_wconf 90' lang='lat' dir='ltr'><strong>luit</strong></span> <span class='ocrx_word' id='word_1_928' title='bbox 2148 5213 2201 5259; x_wconf 94' lang='lat' dir='ltr'><strong>et</strong></span> <span class='ocrx_word' id='word_1_929' title='bbox 2227 5204 2482 5261; x_wconf 89' lang='lat' dir='ltr'><strong>honorem</strong></span> <span class='ocrx_word' id='word_1_930' title='bbox 2511 5208 2561 5261; x_wconf 90' lang='lat' dir='ltr'><strong>in</strong></span> <span class='ocrx_word' id='word_1_931' title='bbox 2589 5219 2933 5278; x_wconf 87' lang='lat' dir='ltr'><strong>conspectum</strong></span> <span class='ocrx_word' id='word_1_932' title='bbox 2961 5211 3222 5280; x_wconf 87' lang='lat' dir='ltr'><strong>proferre,</strong></span> <span class='ocrx_word' id='word_1_933' title='bbox 3252 5223 3307 5268; x_wconf 93' lang='lat' dir='ltr'><strong>et</strong></span> <span class='ocrx_word' id='word_1_934' title='bbox 3328 5216 3605 5271; x_wconf 82' lang='lat' dir='ltr'><strong>ostendere</strong></span> 
     </span>
    </p>
   </div>
   <div class='ocr_carea' id='block_1_116' title="bbox 2021 5297 3605 5372">
    <p class='ocr_par' dir='ltr' id='par_1_116' title="bbox 2021 5297 3605 5372">
     <span class='ocr_line' id='line_1_116' title="bbox 2021 5297 3605 5372; baseline 0.009 -23"><span class='ocrx_word' id='word_1_935' title='bbox 2021 5311 2148 5351; x_wconf 89' lang='lat' dir='ltr'><strong>vere</strong></span> <span class='ocrx_word' id='word_1_936' title='bbox 2173 5297 2345 5367; x_wconf 91' lang='lat' dir='ltr'><strong>ipsum</strong></span> <span class='ocrx_word' id='word_1_937' title='bbox 2374 5299 2655 5370; x_wconf 84' lang='lat' dir='ltr'><strong>imaginem</strong></span> <span class='ocrx_word' id='word_1_938' title='bbox 2682 5305 2955 5372; x_wconf 66' lang='lat' dir='ltr'><strong>Sapientiae</strong></span> <span class='ocrx_word' id='word_1_939' title='bbox 2979 5303 3137 5359; x_wconf 91' lang='lat' dir='ltr'><strong>ferre.</strong></span> <span class='ocrx_word' id='word_1_940' title='bbox 3174 5306 3251 5361; x_wconf 87' lang='lat' dir='ltr'><strong>Ac</strong></span> <span class='ocrx_word' id='word_1_941' title='bbox 3280 5322 3392 5363; x_wconf 89' lang='lat' dir='ltr'><strong>rem</strong></span> <span class='ocrx_word' id='word_1_942' title='bbox 3418 5312 3605 5363; x_wconf 85' lang='lat' dir='ltr'><strong>miram</strong></span> 
     </span>
    </p>
   </div>
   <div class='ocr_carea' id='block_1_117' title="bbox 2022 5389 3601 5472">
    <p class='ocr_par' dir='ltr' id='par_1_117' title="bbox 2022 5389 3601 5472">
     <span class='ocr_line' id='line_1_117' title="bbox 2022 5389 3601 5472; baseline 0.006 -30"><span class='ocrx_word' id='word_1_943' title='bbox 2022 5389 2161 5444; x_wconf 88' lang='lat' dir='ltr'><strong>vide.</strong></span> <span class='ocrx_word' id='word_1_944' title='bbox 2197 5391 2333 5446; x_wconf 91' lang='lat' dir='ltr'><strong>Deus</strong></span> <span class='ocrx_word' id='word_1_945' title='bbox 2374 5392 2473 5447; x_wconf 89' lang='lat' dir='ltr'><strong>sibi</strong></span> <span class='ocrx_word' id='word_1_946' title='bbox 2522 5395 2735 5449; x_wconf 90' lang='lat' dir='ltr'><strong>nomina</strong></span> <span class='ocrx_word' id='word_1_947' title='bbox 2780 5406 2905 5451; x_wconf 85' lang='lat' dir='ltr'><strong>ante</strong></span> <span class='ocrx_word' id='word_1_948' title='bbox 2947 5396 3248 5463; x_wconf 87' lang='lat' dir='ltr'><strong>deﬁnierat,</strong></span> <span class='ocrx_word' id='word_1_949' title='bbox 3294 5402 3601 5472; x_wconf 68' lang='lat' dir='ltr'><strong>volebatqm</strong></span> 
     </span>
    </p>
   </div>
   <div class='ocr_carea' id='block_1_118' title="bbox 2021 5484 3601 5554">
    <p class='ocr_par' dir='ltr' id='par_1_118' title="bbox 2021 5484 3601 5554">
     <span class='ocr_line' id='line_1_118' title="bbox 2021 5484 3601 5554; baseline 0.006 -18"><span class='ocrx_word' id='word_1_950' title='bbox 2021 5498 2117 5551; x_wconf 91' lang='lat' dir='ltr'><strong>per</strong></span> <span class='ocrx_word' id='word_1_951' title='bbox 2162 5484 2443 5554; x_wconf 86' lang='lat' dir='ltr'><strong>imaginem</strong></span> <span class='ocrx_word' id='word_1_952' title='bbox 2490 5502 2637 5541; x_wconf 91' lang='lat' dir='ltr'><strong>suam</strong></span> <span class='ocrx_word' id='word_1_953' title='bbox 2669 5490 2970 5554; x_wconf 90' lang='lat' dir='ltr'><strong>ostendere,</strong></span> <span class='ocrx_word' id='word_1_954' title='bbox 3015 5490 3200 5546; x_wconf 85' lang='lat' dir='ltr'><strong>Adami</strong></span> <span class='ocrx_word' id='word_1_955' title='bbox 3232 5492 3444 5550; x_wconf 81' lang='lat' dir='ltr'><strong>decreta</strong></span> <span class='ocrx_word' id='word_1_956' title='bbox 3484 5512 3601 5549; x_wconf 83' lang='lat' dir='ltr'><strong>cum</strong></span> 
     </span>
    </p>
   </div>
   <div class='ocr_carea' id='block_1_119' title="bbox 2021 5576 3601 5640">
    <p class='ocr_par' dir='ltr' id='par_1_119' title="bbox 2021 5576 3601 5640">
     <span class='ocr_line' id='line_1_119' title="bbox 2021 5576 3601 5640; baseline 0.008 -12"><span class='ocrx_word' id='word_1_957' title='bbox 2021 5576 2114 5629; x_wconf 90' lang='lat' dir='ltr'><strong>Dei</strong></span> <span class='ocrx_word' id='word_1_958' title='bbox 2146 5576 2413 5632; x_wconf 89' lang='lat' dir='ltr'><strong>voluntate</strong></span> <span class='ocrx_word' id='word_1_959' title='bbox 2441 5582 2765 5635; x_wconf 81' lang='lat' dir='ltr'><strong>consentire.</strong></span> <span class='ocrx_word' id='word_1_960' title='bbox 2801 5582 2960 5637; x_wconf 82' lang='lat' dir='ltr'><strong>Certe</strong></span> <span class='ocrx_word' id='word_1_961' title='bbox 2984 5598 3105 5637; x_wconf 89' lang='lat' dir='ltr'><strong>cum</strong></span> <span class='ocrx_word' id='word_1_962' title='bbox 3135 5584 3296 5639; x_wconf 87' lang='lat' dir='ltr'><strong>vellet</strong></span> <span class='ocrx_word' id='word_1_963' title='bbox 3323 5586 3601 5640; x_wconf 80' lang='lat' dir='ltr'><strong>ostendere</strong></span> 
     </span>
    </p>
   </div>
   <div class='ocr_carea' id='block_1_120' title="bbox 2017 5670 3601 5749">
    <p class='ocr_par' dir='ltr' id='par_1_120' title="bbox 2017 5670 3601 5749">
     <span class='ocr_line' id='line_1_120' title="bbox 2017 5670 3601 5749; baseline 0.006 -24"><span class='ocrx_word' id='word_1_964' title='bbox 2017 5670 2306 5742; x_wconf 80' lang='lat' dir='ltr'><strong>Scriptura,</strong></span> <span class='ocrx_word' id='word_1_965' title='bbox 2337 5670 2451 5728; x_wconf 55' lang='lat' dir='ltr'><strong>huc</strong></span> <span class='ocrx_word' id='word_1_966' title='bbox 2477 5689 2594 5746; x_wconf 79' lang='lat' dir='ltr'><strong>qua:</strong></span> <span class='ocrx_word' id='word_1_967' title='bbox 2626 5675 2862 5735; x_wconf 84' lang='lat' dir='ltr'><strong>Adamus</strong></span> <span class='ocrx_word' id='word_1_968' title='bbox 2888 5675 3142 5749; x_wconf 89' lang='lat' dir='ltr'><strong>imposuit</strong></span> <span class='ocrx_word' id='word_1_969' title='bbox 3170 5681 3402 5747; x_wconf 86' lang='lat' dir='ltr'><strong>nomina,</strong></span> <span class='ocrx_word' id='word_1_970' title='bbox 3436 5680 3601 5738; x_wconf 80' lang='lat' dir='ltr'><strong>Deum</strong></span> 
     </span>
    </p>
   </div>
  </div>
