3720 6276
372 473 545 545 φησί·
580 468 687 525 Kal
719 468 840 525 πᾶν
866 466 897 522 6
925 468 1218 521 ἐκάλεσεν
1256 466 1408 521 αὐτὰ
1440 469 1472 520 ὀ
1523 465 1693 535 Ἀδὰμ
1722 504 1740 533 ,
1768 467 1946 521 τοῦτο

374 557 560 624 ὄνομα
604 553 795 619 αὐτῷ⁸
836 553 955 606 ἀντὶ
1005 551 1132 618 τοῦ,
1183 549 1494 622 Προώριστο
1534 550 1724 612 τοῦτο,
1758 551 1788 602 6
1817 548 1948 611 Θεὸς

372 637 643 703 ἐδόξασεν.

455 719 592 773 Ἀλλ’
625 721 706 783 είς
731 718 791 773 τὸ
810 718 1166 790 προκείμενον
1197 714 1598 785 ἐπανέλθωμεν.
1633 714 1827 785 Στήκει
1858 724 1884 752 ι
1918 713 1947 765 ὀ

382 802 573 872 Ἀδάμ,
608 804 701 856 καὶ
722 804 750 855 ὀ
780 802 911 864 Θεὸς
943 802 1255 872 προήγαγεν
1288 797 1436 867 αὑτῷ
1468 799 1535 851 τά
1564 797 1701 861 ζῶα,
1728 798 1821 850 καὶ
1847 797 1946 866 οὑχ

370 885 648 957 ὑϐρίζεται
678 884 970 955 προσάγων
1004 883 1082 954 τῷ
1126 884 1297 952 δούλῳ
1328 883 1357 933 6
1388 881 1681 950 Δεσπότης.
1710 880 1820 933 Καὶ
1847 877 1944 933 ἐὰν

369 968 675 1021 ἀκούσωσιν
706 967 992 1037 αἰρετικοὶ.
1017 968 1098 1021 ὅτι
1130 965 1363 1039 Χριστὸς
1392 965 1540 1035 ήμᾶς
1573 962 1839 1034 προσάγει
1864 962 1943 1033 τῷ

369 1051 545 1122 Πατρῖ
570 1092 586 1117 ,
621 1050 820 1113 εὐθέως
876 1049 1121 1119 λέγουσιν
1145 1067 1159 1083 ο
1198 1050 1362 1121 Ὁρᾷς
1410 1049 1495 1100 ὅτι
1523 1046 1705 1110 δοῦλός
1753 1049 1939 1110 ἐστιν,

373 1136 622 1204 Ἠγατεν
663 1135 816 1188 αὐτὰ
859 1133 1008 1203 πρὸς
1049 1134 1156 1187 τὸν
1200 1132 1387 1201 Ἀδάμ.
1421 1133 1674 1202 Είστήκει
1702 1132 1730 1183 6
1756 1130 1940 1194 δοῦλος

369 1216 591 1287 κρίνων,
624 1217 718 1269 καὶ
761 1218 790 1268 6
820 1217 1094 1285 Δεσπότης
1124 1216 1433 1286 προσάγων.
1464 1215 1573 1267 Καὶ
1608 1215 1637 1266 6
1665 1213 1798 1277 Θεὸς
1841 1213 1939 1282 μὲν

368 1296 447 1367 τῷ
493 1297 663 1369 Ἀδάμ
695 1298 984 1371 προσάγων
1017 1299 1115 1371 οὑχ
1147 1297 1397 1367 ὑϐρίζετο
1423 1313 1435 1326 ⁸
1486 1296 1717 1369 Χριστὸν
1744 1297 1802 1350 δὲ
1843 1297 1938 1349 ἐὰν

367 1381 641 1435 ἀκούσωσι
669 1369 1012 1453 προσάγοντα
1039 1369 1117 1453 τῷ
1147 1384 1343 1454 Πατρὶ,
1374 1384 1453 1444 είς
1488 1381 1757 1452 ὑπηρέτου
1786 1380 1939 1446 τάξιν

366 1466 633 1521 ἕλκουσιν.
677 1466 801 1517 Ἐὰν
824 1465 1010 1537 εἴπηᾲό
1043 1466 1231 1537 Σωτήρ
1255 1483 1269 1498 ·
1306 1464 1511 1531 Οὐδεὶς
1534 1466 1763 1532 ἔρχεται
1789 1463 1938 1530 πρὸς

366 1551 473 1602 τὸν
498 1548 728 1614 Πατέρα
753 1588 769 1611 ,
801 1551 853 1602 εί
906 1548 987 1617 μὴ
1020 1547 1096 1601 δι’
1120 1548 1272 1617 ἐμοῦ
1296 1565 1311 1579 ο
1343 1547 1544 1610 εὑθέως
1585 1548 1635 1599 οῖ
1673 1547 1937 1616 αίρετικοῖ

358 1632 500 1704 ὀρθά
528 1632 595 1684 τά
622 1626 734 1685 ὦτα
771 1631 823 1695 δ,
857 1632 1055 1701 μᾶλλον
1090 1632 1147 1685 δὲ
1175 1630 1520 1704 στρεϐλά.Τῷ
1561 1630 1731 1698 Ἀδάμ
1766 1647 1934 1701 προσ-

361 1717 516 1785 ἀγων
544 1718 573 1769 6
595 1716 725 1778 Θεὸς
753 1714 821 1768 τά
842 1714 978 1779 ζῶα,
1001 1716 1099 1770 οὐκ
1129 1715 1275 1769 ἔστιν
1304 1714 1467 1769 αὐτοῦ
1499 1715 1777 1786 ὑπηρέτης
1798 1730 1812 1744 ο
1844 1714 1938 1768 ἀν·

362 1800 581 1871 θρωπον
611 1798 742 1862 Θεὸς
769 1798 890 1869 Θεῷ
927 1799 1022 1853 ἐὰν
1072 1800 1396 1871 προσαγάγῃ
1416 1839 1432 1862 ,
1467 1799 1738 1870 ὑπηρέτου
1783 1796 1936 1861 τάξιν

361 1884 511 1955 Exn;
546 1883 662 1936 Ἵνα
701 1882 758 1936 δὲ
786 1882 860 1953 μὴ
890 1881 1063 1955 θρέψῃ
1104 1900 1199 1936 σου
1228 1883 1326 1955 τήν
1356 1883 1509 1936 νόσον
1540 1884 1574 1954 ή
1604 1883 1794 1951 ἄγνοια
1828 1880 1935 1935 τῶν

361 1966 563 2034 λόγων·
625 1965 735 2033 ἐγὼ
783 1962 900 2019 οῐδα
942 1967 1038 2019 καὶ
1080 1966 1202 2019 Υίὸν
1238 1965 1582 2036 προσάγοντα
1611 1964 1687 2035 τῷ
1736 1964 1931 2035 Πατρὶ,

361 2048 458 2101 καὶ
480 2048 570 2101 τὸν
593 2048 811 2117 Πατέρα
836 2048 913 2117 τῷ
944 2047 1077 2116 mp.
1108 2047 1211 2100 Καὶ
1233 2048 1340 2117 γάρ
1359 2047 1529 2101 είπών
1547 2064 1559 2077 ·
1603 2046 1814 2112 οὐδεὶς
1841 2046 1934 2113 ἕρ-

360 2149 529 2201 χεται
563 2133 714 2200 πρὸς
739 2131 846 2185 τὸν
875 2130 1105 2199 Πατέρα
1126 2170 1140 2194 ,
1170 2133 1224 2184 εί
1242 2132 1328 2200 μὴ
1362 2130 1435 2184 δι’
1468 2132 1614 2201 ἐμοῦ
1644 2146 1660 2162 ⁸
1703 2134 1732 2185 6
1771 2130 1934 2194 αὐτὸς

361 2217 553 2269 πάλιν
588 2216 797 2281 Οὐδεὶς
849 2216 1081 2283 ἔρχεται
1112 2216 1264 2282 πρός
1287 2231 1397 2283 με,
1437 2218 1490 2268 εὶ
1534 2214 1621 2284 μὴ
1655 2217 1688 2269 ὀ
1732 2215 1932 2282 Πατήρ

354 2318 476 2370 μου
510 2302 543 2353 ὀ
581 2297 858 2366 οὐράνιος
884 2298 1117 2365 ἐλκύσῃ
1149 2298 1356 2352 αὐτόν.
1400 2296 1560 2361 Ἀλλ’,
1594 2300 1731 2368 ὅπερ
1763 2297 1933 2367 ἔφθην

361 2381 552 2446 εἰπὼν,
581 2377 696 2435 οῖδα
721 2379 1064 2452 προειρηκὼς
1083 2420 1098 2445 ,
1129 2380 1262 2433 ἀλλά
1303 2381 1559 2449 συγγενὲς
1585 2384 1649 2452 τῇ
1680 2381 1931 2435 ὑποθέσει

359 2466 422 2520 τὸ
460 2465 648 2535 ῥῆμαο
679 2463 962 2535 συμϐαίνει
995 2464 1051 2517 δὲ
1080 2464 1199 2517 τότε
1237 2462 1311 2534 μὴ
1354 2463 1678 2534 ἀκηκοέναιο
1718 2465 1811 2517 καὶ
1836 2464 1932 2520 νῦν

359 2549 520 2617 λέγω.
566 2547 843 2617 Ἐννόησον
887 2545 1027 2599 πόσα
1071 2546 1190 2599 ἐστὶ
1236 2545 1306 2599 τά
1360 2544 1512 2617 [491]
1578 2547 1884 2618 τετράποδα
1912 2564 1929 2580 ⁸

356 2633 471 2685 ἀλλ’
495 2631 744 2701 ἐννόησον
779 2629 848 2683 τὰ
873 2630 1056 2700 ἥμερα
1076 2668 1092 2693 ,
1125 2628 1194 2682 τά
1233 2629 1398 2699 ἄγρια
1422 2669 1436 2692 ,
1470 2628 1536 2681 τὰ
1562 2630 1619 2682 ὲν
1645 2629 1793 2701 ὀρεσι
1815 2670 1830 2693 ,
1862 2629 1930 2683 τὰ

357 2719 417 2769 ὲν
446 2715 647 2777 πεδίοις
668 2756 683 2776 ,
702 2714 771 2767 τὰ
796 2715 852 2766 ὲν
884 2713 922 2765 Γ
925 2712 1135 2777 αλλίαις
1161 2753 1175 2777 ,
1205 2711 1275 2766 τὰ
1306 2714 1364 2765 ὲν
1397 2712 1554 2783 Ἰνδίᾳ
1573 2752 1588 2774 ,
1611 2713 1679 2766 τὰ
1703 2716 1760 2767 ὲν
1790 2714 1930 2778 ὅλοις

354 2803 468 2863 τοῖς
492 2799 716 2870 κλίμασι
742 2798 840 2867 τῆς
862 2797 1182 2865 οἰκουμένης
1201 2811 1213 2823 ·
1246 2795 1404 2848 πάλιν
1426 2796 1652 2866 ἑρπετὰ,
1680 2798 1747 2849 τὰ.
1773 2798 1926 2869 γένη,

353 2882 424 2935 τὰ
453 2881 567 2953 εἴδη
592 2920 609 2943 ,
640 2881 708 2934 τά
746 2878 965 2932 πετεινά
1000 2878 1096 2931 ὅλα
1121 2917 1136 2943 ,
1170 2878 1240 2931 τά
1268 2878 1442 2950 νηκτά
1466 2896 1479 2909 ⁸
1512 2879 1608 2932 ὅλα
1643 2878 1710 2933 τὰ
1742 2881 1798 2932 ἐν
1838 2881 1931 2934 θα-

354 2965 559 3035 λάσσῃ,
610 2963 681 3017 τά
732 2964 789 3016 ὲν
831 2961 1047 3030 λίμναις
1068 3001 1083 3025 ,
1114 2960 1180 3014 τά
1213 2963 1270 3014 ὲν
1301 2964 1562 3032 ποταμοῖς
1583 2977 1596 2989 ·
1629 2962 1726 3015 ὅλα
1758 2964 1929 3017 ταῦτα

356 3046 729 3117 παρηγάγετο,
763 3043 859 3097 καὶ
888 3042 1101 3112 ἑκάστῳ
1132 3043 1301 3114 ὄνομα
1330 3043 1496 3097 ὲτίθει
1528 3045 1557 3097 6
1597 3044 1800 3114 Ἀδάμ·
1834 3047 1929 3099 καὶ

356 3133 387 3182 6
424 3130 555 3192 Θεὸς
582 3130 681 3182 οὑκ
717 3129 965 3181 ἀντεῖπεν
989 3167 1004 3191 ,
1044 3126 1157 3180 ἀλλ’
1184 3128 1476 3200 ἐνέμεινεν.
1500 3130 1772 3199 Μυριάδες
1813 3130 1929 3183 ὀνο-

359 3214 562 3283 μάτων,
595 3213 690 3265 καὶ⁵
720 3213 921 3281 στοιχεῖ
950 3222 976 3262 °.
1012 3211 1041 3262 6
1079 3211 1210 3274 Θεός
1234 3229 1246 3241 ·
1278 3211 1336 3263 ἒν
1369 3212 1539 3284 ὄνομα
1572 3212 1716 3281 λέγει
1736 3214 1763 3266 6
1795 3213 1927 3277 Θεὸς

356 3295 647 3368 μαρτυρῶν
674 3296 737 3348 ὲκ
761 3293 855 3347 τοῦ
880 3293 1109 3363 ούρανοῦ
1131 3311 1144 3324 υ
1164 3289 1350 3362 Οὗτός
1375 3296 1546 3349 ἐστιν
1572 3299 1604 3349 ὀ
1634 3297 1765 3360 Υἱός
1783 3314 1924 3365 μου,

353 3382 446 3434 καὶ
487 3378 940 3449 παραγράφονται
968 3376 1017 3429 οἱ
1054 3376 1318 3447 αἱρετικοὶ
1348 3376 1447 3446 τὴν
1481 3376 1661 3447 φωνήν
1694 3378 1774 3431 ἐνὶ
1814 3379 1929 3431 ὀνό-

354 3479 485 3532 ματι
520 3459 933 3532 μαρτυροῦσανο
982 3460 1194 3528 εκείνην
1226 3459 1323 3528 τὴν
1363 3457 1521 3527 ἁγίαν
1566 3460 1747 3529 φωνὴν
1770 3502 1785 3525 ,
1828 3461 1925 3532 τὴν

356 3544 526 3614 μυρία
559 3542 795 3611 ὀνόματα
837 3540 1134 3610 δεξαμένην
1165 3541 1258 3593 καὶ
1319 3541 1393 3611 μή
1438 3542 1919 3611 παραχαράξασαν.

353 3625 704 3698 Πρωηνέχθη
736 3624 804 3678 τά
837 3623 951 3688 ζῶα
997 3624 1089 3676 καὶ
1115 3623 1426 3694 ὠνομάσθη.
1459 3623 1659 3678 Λοιπὸν
1684 3625 1924 3700 εἱστήκει

350 3711 429 3775 ὡς
454 3707 726 3781 βασιλεύς.

422 3794 709 3865 η’.’⁴Ωσπερ
736 3790 829 3843 ἐὰν
849 3788 1240 3861 στρατευοῶσι,
1265 3792 1515 3861 σφραγῖδι
1550 3792 1799 3866 βασιλικῇ
1824 3812 1919 3866 ση-

353 3875 660 3948 μειοῦνται·
696 3874 865 3936 οὕτως
912 3871 1100 3942 ἐπειδὴ
1138 3870 1358 3943 ἔμελλεν
1414 3876 1562 3946 αὑτῷ
1604 3876 1699 3948 τήν
1731 3878 1923 3931 δεσπο-

350 3962 498 4014 τείαν
526 3957 894 4031 παραδιδόναι,
920 3961 1065 4010 ποιεῖ
1089 3957 1323 4028 ὀνόματα
1350 3958 1517 4013 θεῖναι
1540 3960 1615 4025 ὼς
1635 3961 1916 4032 δεσπότην,

346 4046 586 4113 ὀνόματα
612 4043 719 4114 γάρ
748 4041 809 4095 οὑ
845 4041 1056 4111 τίθησιν
1081 4081 1096 4106 ,
1124 4040 1157 4113 ἢ
1183 4041 1456 4113 Δεσπότης
1502 4045 1660 4113 μόνος
1686 4046 1779 4098 καὶ
1805 4048 1914 4101 Πα-

346 4129 410 4194 ad;
422 4145 471 4196 ρ,
518 4127 777 4196 Πρόσεχε.
808 4124 928 4178 Τῶν
960 4125 1239 4195 ὀνομάτων
1264 4124 1300 4179 ά
1345 4127 1442 4197 μὲν
1473 4126 1667 4198 ἔθηκεν
1693 4132 1721 4183 6
1752 4131 1882 4195 Θεὸς
1901 4173 1917 4197 ,

346 4209 382 4263 ἃ
407 4210 463 4263 δὲ
491 4211 520 4263 ὀ
557 4209 744 4279 Ἀδάμ.
766 4210 925 4263 Καὶό
949 4210 1046 4279 μὲν
1067 4209 1199 4272 Θεὸς
1227 4210 1482 4265 ἐκάλεσεν
1514 4213 1759 4283 οὐρανὸν,
1793 4217 1916 4287 γῆν,

346 4293 640 4356 θάλασσαν,
675 4291 979 4362 στερέωμα,
1016 4292 1257 4363 ἡμέραν,
1287 4293 1402 4361 φῶς
1421 4336 1436 4360 ,
1466 4294 1656 4362 νύκτα,
1687 4300 1915 4372 καρπὸν,

347 4377 599 4447 βοτάνην,
632 4375 844 4444 χόρτον,
885 4374 1015 4438 ξύλα
1039 4388 1053 4402 ·
1087 4375 1155 4429 τὰ
1182 4378 1352 4447 κτήνη
1381 4376 1435 4431 δὲ
1467 4380 1562 4431 καὶ
1589 4382 1658 4433 τὰ
1698 4384 1917 4438 πετεινά

342 4462 374 4512 6
415 4458 586 4527 Ἀδὰμ
636 4452 787 4508 εἶπεν
814 4472 827 4485 ·
859 4455 1075 4521 ταῶνα,
1104 4456 1260 4509 ἀετὸν
1280 4497 1295 4522 ,
1349 4460 1578 4530 μόσχον,
1610 4465 1875 4534 πρόϐατον
1898 4482 1913 4497 .

343 4535 500 4604 οὗτος
525 4538 594 4593 τά
622 4538 734 4607 είδη
756 4578 771 4601 ,
799 4540 1004 4602 ἐκεῖνος
1026 4537 1094 4591 τά
1132 4539 1262 4610 γένη
1282 4583 1296 4606 ,
1332 4542 1415 4594 ἵνα
1451 4544 1525 4614 μὴ
1554 4545 1814 4618 ψεύσηται
1858 4550 1918 4603 τὸ

344 4626 496 4696 ῥῆμα
542 4622 635 4676 τοῦ
691 4621 935 4685 εἰπόντος
972 4638 985 4652 ο
1021 4622 1369 4692 Ποιήσωμεν
1424 4627 1735 4697 ἄνθρωπον
1790 4634 1916 4686 κατ’

339 4706 549 4761 εἰκόνα
580 4704 890 4776 ἡμετέραν.
943 4706 1001 4760 '0
1034 4704 1428 4779 Θεὸς-ὀνόματα
1461 4711 1639 4783 τίθησι
1667 4715 1778 4779 τοῖς
1807 4734 1917 4784 φω-

342 4794 538 4865 στῆρσι
558 4808 573 4825 ο
614 4792 713 4862 τήν
738 4790 966 4864 ἄρκτον,
992 4790 1085 4844 τὸν
1126 4790 1342 4863 ὡρίωνα
1361 4832 1377 4856 ,
1405 4796 1503 4867 τὴν
1532 4797 1756 4853 πλειάδα
1781 4841 1794 4864 ,
1826 4801 1915 4854 τὸν

338 4877 571 4947 ἕσπερον
593 4916 608 4936 .
639 4876 728 4929 τὸν
770 4875 1073 4947 φωσφόρον.
1103 4875 1289 4929 Ταῦτα
1322 4877 1498 4931 πάντα
1529 4883 1557 4934 6
1606 4880 1737 4946 Θεὸς
1783 4884 1913 4936 ὠνό-

343 4977 533 5028 μασεν.
566 4962 850 5030 Μαρτυρεῖ
886 4960 1049 5013 Δαυῖδ
1080 4960 1252 5029 λέγων
1276 4980 1289 4993 ·
1335 4963 1397 5015 '0
1420 4965 1682 5033 ἀριθμῶν
1710 4969 1912 5037 πλήθη

338 5042 598 5107 ἄστρων,
639 5042 738 5094 καί
774 5041 963 5096 πᾶσιν
989 5044 1192 5109 αὐτοῖς
1219 5046 1481 5112 ὀνόματα
1528 5047 1747 5103 καλῶν.
1784 5051 1914 5116 Θεὸς

337 5124 717 5193 ὀνοματοποιεῖ
760 5125 826 5178 τὰ
859 5124 971 5178 ἀνω
995 5164 1009 5186 .
1056 5126 1227 5197 Ἀδὰμ
1271 5128 1338 5180 τὰ
1385 5129 1477 5181 ἐπὶ
1507 5132 1609 5199 γῆς
1634 5147 1647 5161 '
1701 5134 1856 5187 καλεῖ
1885 5138 1913 5188 6

336 5208 471 5271 Θεὸς
495 5206 742 5278 οὐρανὸν,
775 5206 897 5277 γῆν,
927 5207 1104 5261 πάντα
1128 5208 1195 5261 τὰ
1227 5210 1387 5263 ἄλλα·
1414 5214 1567 5265 καλεῖ
1589 5215 1677 5268 τὸν
1720 5216 1909 5287 Ἀδάμ,

338 5288 481 5361 πῦρ,
517 5288 823 5360 ἄνθρωπον.
881 5289 937 5344 Ὀ
979 5289 1150 5361 Ἀδάμ
1200 5293 1254 5344 τί
1301 5292 1489 5360 καλεῖς
1540 5297 1745 5367 Ὄνομα
1799 5303 1910 5365 τοῖς

336 5375 582 5444 κτήνεσι,
615 5375 726 5437 τοῖς
759 5375 1053 5438 πετεινοῖς,
1089 5376 1196 5438 τοῖς
1230 5376 1477 5445 ἑρπετοῖς
1498 5418 1513 5442 ,
1537 5380 1647 5442 τοῖς
1678 5379 1905 5452 θηρίοις.

405 5457 577 5511 Καλεῖ
608 5456 777 5529 ὄνομα
819 5456 965 5523 ξένον
996 5459 1024 5511 6
1065 5456 1233 5528 Ἀδάμ
1258 5499 1270 5522 ,
1298 5458 1486 5512 ὀστοῦν
1523 5462 1698 5531 σάρκα
1722 5507 1735 5529 ,
1782 5467 1910 5537 περὶ

399 5590 427 5618 ⁸
449 5590 559 5639 Sav.
598 5592 825 5648 εἱστήκει.

398 5648 558 5715 μευ.
580 5653 649 5715 [an
682 5653 831 5715 λείπει
867 5654 1047 5715 ἔχουσι.

328 5712 537 5834 “Si:
578 5712 835 5765 Combeﬂs.
876 5712 1026 5764 Silvii.
1070 5716 1120 5763 in
1146 5720 1285 5766 textu
1328 5717 1562 5779 στοιχεῖα,
1598 5719 1651 5769 in.
1684 5721 1906 5787 margine

475 5789 487 5818 ι
528 5806 542 5821 ο

1746 350 2001 408 SEVERI
2012 351 2120 407 AN]

3521 351 3628 410 £82

2053 468 2152 537 τῆς
2198 468 2454 535 γυναικὸς
2500 467 2712 537 λέγων’
2754 467 2931 523 Τοῦτο
2982 466 3100 521 νῦν
3147 464 3374 520 ὀστοῦν
3400 464 3475 522 ἐκ
3509 463 3632 519 τῶν

2054 548 2250 603 ὀστῶν
2282 569 2421 619 μου,
2450 553 2544 604 καί
2585 551 2742 619 σὰρξ
2772 552 2840 605 ἐκ
2869 551 2980 619 τῆς
3004 550 3231 617 σαρκός
3255 568 3393 618 μου.
3434 548 3495 601 ⁸0
3518 549 3631 618 γάρ

2053 631 2183 695 Θεὸς
2217 634 2306 687 ὅτε
2360 636 2521 688 αὑτὸν
2556 635 2787 688 ἔπλασεν
2812 676 2826 699 ,
2860 637 2959 687 οὑκ
2990 630 3141 687 εἶπεν
3166 674 3182 697 ,
3230 634 3311 686 ὅτι
3341 634 3398 698 ἐξ
3425 633 3631 685 ὀστέων

2052 715 2213 768 αὑτὸν
2238 716 2434 770 ἔπλασε
2462 720 2554 771 καὶ
2582 719 2803 789 σαρκός.
2837 718 3006 771 Πάλιν
3030 718 3059 769 ὀ
3076 716 3207 779 Θεὸς
3232 716 3398 784 λέγει,
3433 716 3629 786 ἄρρεν·

2050 791 2204 862 οὗτος
2237 799 2401 868 λέγει,
2436 802 2574 873 ἁνήρ
2603 818 2613 830 ’
2645 804 2674 855 6
2709 801 2840 865 Θεὸς
2860 800 3028 868 λέγει,
3062 800 3192 870 θῆλυ
3220 817 3234 830 ·
3260 792 3414 861 οὗτος
3444 798 3625 866 λέγει,

2049 884 2205 953 γυνή.
2237 884 2345 936 Καὶ
2387 883 2447 936 τὸ
2499 883 2843 953 θαυμαστὸν,
2880 883 3066 953 ἐπειδὴ
3110 882 3417 953 Πνεύματος
3466 882 3628 950 ἁγίου

2049 966 2423 1039 ἐπεπλήρωτο,
2453 968 2547 1021 καὶ
2585 968 2795 1021 οὐδέπω
2820 963 2888 1039 ἧν
2924 967 3176 1039 παραϐὰς
3206 970 3232 1020 6
3257 968 3438 1029 ἄθλιος
3461 1007 3477 1031 ,
3510 966 3626 1018 ἀλλ’

2047 1048 2212 1119 ἔγεμε
2246 1051 2462 1121 χάριτος
2483 1089 2497 1112 ,
2526 1052 2560 1120 ή
2595 1052 2921 1122 προφητεία,
2948 1051 3014 1120 ήν
3043 1049 3232 1102 διεῖλον
3269 1050 3373 1120 πρὸ
3398 1049 3629 1120 ἡμερῶν

2047 1132 2140 1183 ἐπὶ
2176 1135 2273 1203 τῆς
2316 1134 2585 1205 ὑμετέρας
2629 1134 2852 1204 ἀγάπης
2874 1173 2888 1196 ,
2930 1133 3024 1203 ὅλη
3076 1128 3143 1204 ἦν
3176 1133 3233 1187 εν
3266 1132 3434 1202 αὑτῷ.
3469 1133 3625 1203 ᾜδει

2045 1213 2154 1286 γὰρ
2179 1215 2249 1269 τὰ
2272 1216 2611 1287 προλαϐόντα
2636 1257 2649 1280 ,
2680 1217 2799 1288 ᾔδει
2829 1217 2897 1270 τά
2943 1216 3235 1278 ἐνεστῶτα,
3271 1216 3364 1269 καὶ
3395 1215 3466 1268 τὰ
3496 1216 3626 1284 μὲλ-

2044 1296 2221 1351 λοντα.
2266 1298 2391 1363 Πῶς
2434 1298 2503 1353 τὰ
2553 1300 2796 1369 παρόντα
2841 1300 2992 1369 ᾔδει;
3033 1299 3121 1352 Ἐν
3160 1298 3371 1369 σώματι
3425 1298 3624 1363 ἔξωθεν

2043 1382 2225 1436 ὀστέον
2260 1384 2319 1436 οὑ
2348 1383 2596 1452 φαίνεται
2620 1400 2632 1413 ·
2670 1383 2782 1437 ἀλλ’
2811 1383 2998 1453 ἐπειδὴ
3025 1383 3086 1436 τὸ
3116 1384 3339 1452 Πνεῦμα
3365 1376 3503 1451 εἶχε.
3536 1382 3623 1434 λέ-

2042 1481 2129 1532 γει
2153 1481 2166 1494 ·
2208 1466 2388 1521 Τοῦτο
2408 1467 2525 1520 νῦν
2550 1466 2776 1520 ὀστοῦν
2807 1468 2875 1521 ὲκ
2912 1466 3031 1520 τῶν
3068 1468 3264 1523 ὀστῶν
3281 1483 3421 1535 μου.
3448 1466 3622 1519 Πόθεν

2042 1549 2181 1619 ⁴ᾔδει,
2230 1550 2281 1602 εί
2316 1549 2390 1621 μὴ
2419 1549 2642 1620 Πνεῦμα
2694 1548 2846 1618 ἅγιον
2898 1549 3286 1619 ἀπεκάλυψεν;
3323 1549 3479 1601 Διατί
3523 1546 3621 1603 οὖν

2043 1632 2257 1703 πρῶτον
2277 1633 2488 1698 ὀστοῦν,
2507 1634 2602 1688 καὶ
2635 1632 2755 1686 τότε
2786 1634 2949 1703 σάρξς
2976 1632 3193 1703 Ἐπειδὴ
3213 1633 3427 1704 πρῶτον
3456 1632 3622 1685 πλευ.

2044 1716 2144 1787 ράν
2165 1716 2357 1772 ἐλαϐεν
2394 1716 2456 1781 ἐξ
2483 1716 2671 1771 αὑτοῦ.
2711 1716 2873 1783 Αὕτη
2894 1758 2908 1781 ,
2942 1718 3097 1787 φησὶ,
3126 1716 3492 1784 κληθήσεται
3521 1735 3623 1784 τι·-

2041 1798 2139 1867 νὴ,
2171 1799 2263 1855 ὅτι
2296 1800 2366 1855 ἐκ
2392 1798 2502 1853 τοῦ
2536 1799 2758 1867 ἀνδρὸς
2785 1799 2977 1868 αὐτῆς
3005 1799 3239 1868 ἐλήφθη
3278 1799 3454 1866 αὕτη.
3489 1800 3621 1868 Προ-

2042 1881 2264 1951 φητεύει
2294 1883 2362 1936 τὰ
2390 1882 2750 1954 προλαϐόντα,
2784 1880 2906 1935 εἶπε
2932 1882 3001 1936 τά
3040 1882 3285 1953 παρόντα
3311 1897 3326 1911 ⁶
3365 1881 3517 1949 λέγει
3553 1882 3619 1934 τὰ

2043 1964 2305 2035 μέλλοντα
2328 1982 2341 1995 °
2388 1965 2535 2018 Ἀντί
2567 1964 2721 2036 [492]
2761 1966 2975 2019 τούτου
3002 1967 3350 2032 καταλείψει
3390 1965 3616 2032 ἄνθρω-

2040 2060 2154 2112 πος
2198 2046 2306 2099 τὸν
2329 2046 2555 2113 πατέρα
2591 2046 2777 2101 αὑτοῦ
2822 2048 2919 2101 καί
2970 2047 3085 2115 τὴν
3112 2046 3358 2116 μητέρα.
3393 2047 3616 2100 Οὐδέπω

2039 2128 2219 2198 γάμος
2240 2168 2254 2191 ,
2286 2129 2380 2182 καὶ
2412 2129 2575 2182 πόθεν
2608 2130 2791 2200 πατὴρ
2829 2130 2924 2184 καὶ
2956 2131 3178 2200 μήτηρς
3218 2129 3381 2183 πάλιν
3420 2130 3613 2183 ἀκουέ-

2038 2229 2218 2265 τωσαν
2242 2211 2525 2283 αίρετικοί.
2561 2212 2849 2282 Ἡθέλησεν
2878 2214 2905 2265 ὀ
2927 2211 3058 2275 Θεὸς
3091 2212 3311 2282 ποιῆσαι
3343 2212 3421 2283 τῷ
3448 2213 3615 2281 ’Δδέιμ

2037 2292 2137 2365 τὴν
2160 2296 2415 2361 γυναῖκα.
2459 2293 2786 2349 Ἐπέϐαλεν
2813 2296 3108 2348 ἔκστασιν
3129 2294 3227 2347 ἐπὶ
3254 2295 3364 2348 τὸν
3410 2294 3612 2361 Ἀδὰμ,

2038 2375 2136 2428 καὶ
2197 2375 2501 2431 ὕπνωσεν.
2562 2378 2678 2429 Πᾶν
2743 2377 2893 2446 ῥῆμα
2947 2376 3083 2430 Θεοῦ
3152 2378 3380 2448 ἀρχαῖον
3436 2378 3613 2430 κακῶν

2038 2459 2258 2526 ἐγένετο
2305 2460 2402 2529 τῆς
2439 2459 2672 2529 φύσεως.
2719 2460 3063 2515 Ἐπαίδευσεν
3096 2462 3205 2515 ἀπὸ
3239 2462 3332 2514 τοῦ
3374 2461 3613 2531 πρώτου,

2038 2542 2156 2604 πῶς
2186 2542 2266 2595 δεῖ
2290 2544 2721 2614 ἀπομερίζεσθαι
2774 2545 2882 2598 ἀπὸ
2925 2545 3019 2599 τοῦ
3065 2545 3353 2619 ἀνθρώπου
3392 2547 3453 2599 τὸ
3485 2546 3617 2599 πλάο

2039 2640 2169 2695 σμα.
2212 2625 2538 2680 Ἐπέϐαλεν
2589 2629 2622 2680 ὀ
2676 2626 2819 2693 Θεὸς
2870 2625 2949 2692 τῷ
2993 2628 3176 2697 Ἀδὰμ
3216 2629 3432 2682 ὕπνον.
3470 2628 3611 2682 Θαυ-

2039 2706 2245 2777 μαστὸν
2291 2710 2541 2779 πρᾶγμα.
2576 2710 2679 2763 Τὸν
2727 2708 2917 2781 καιρόν
2950 2710 3125 2780 λέγει,
3175 2712 3295 2766 καθ’
3341 2710 3403 2762 ὃν
3452 2712 3485 2763 ὀ
3520 2713 3612 2778 γάο

2038 2807 2155 2859 μος.
2192 2791 2398 2854 ’Ύπνος
2431 2792 2687 2857 ἔκστασις
2730 2793 2985 2862 λέγεται,
3042 2795 3228 2866 ἐπειδὴ
3260 2794 3450 2866 ῶσπερ
3513 2795 3613 2859 ἔξω

2036 2872 2227 2926 ἑαυτοῦ
2264 2875 2454 2945 στήκει
2503 2876 2531 2926 6
2578 2875 2879 2946 ἄνθρωπος.
2918 2877 3066 2931 Ἕσω
3096 2879 3129 2949 ή
3172 2878 3312 2948 ψυχὴ
3337 2918 3353 2942 ,
3390 2879 3486 2932 καὶ
3517 2880 3615 2930 οὑκ

2035 2953 2143 3007 ἔσω
2178 2956 2346 3008 ἐστίν.
2378 2957 2491 3010 Οὑκ
2519 2957 2831 3011 αίσθάνεται
2857 2997 2872 3021 ,
2916 2960 2976 3012 οὑ
3031 2963 3172 3021 νοεῖ,
3212 2960 3486 3014 ἀκούουσα
3518 2962 3614 3015 οὑκ

2033 3038 2455 3113 ἀκούει.”Ωσπερ
2476 3045 2713 3114 σήμερον
2735 3044 2983 3115 λέγομεν·
3014 3044 3298 3098 Ἐκστάσει
3318 3047 3609 3116 ἐχρήσατο,

2033 3121 2138 3187 ἔξω
2168 3122 2276 3177 τῶν
2301 3125 2641 3195 πραγμάτων
2667 3126 2954 3197 γενόμενος
2979 3145 2994 3157 ·
3025 3127 3196 3191 οὑτως
3216 3131 3249 3199 ή
3277 3128 3424 3199 ψυχὴ
3442 3169 3459 3193 ,
3486 3131 3611 3182 ὅταν

2033 3206 2138 3269 ἔξω
2165 3207 2389 3279 γένηται
2425 3210 2532 3262 τῶν
2570 3211 2873 3281 αἰσθήσεων
2894 3254 2910 3277 ,
2943 3213 3000 3264 ὲν
3039 3212 3292 3266 ἐκστάσει
3324 3213 3462 3266 ἐστι.
3503 3216 3608 3267 Καὶ

2033 3288 2297 3352 ὕπνωσε,
2324 3293 2476 3362 φησι,
2510 3294 2607 3346 καὶ
2639 3294 2856 3347 ἔλαϐεν
2877 3298 2909 3349 ὀ
2928 3296 3071 3358 Θεὸς
3095 3297 3240 3363 μίαν
3267 3294 3387 3349 τῶν
3417 3301 3607 3352 πλευ-
3698 3328 3699 3337 ι

2024 3371 2153 3439 ρῶν
2202 3374 2408 3428 αὑτοῦ.
2461 3376 2888 3445 Ἐρωτάσθωσαν
2930 3379 3194 3449 αίρετικοὶ
3237 3378 3413 3433 ταῦτα
3438 3396 3450 3410 ·
3493 3380 3610 3444 mh;

2031 3455 2220 3510 ἔλαϐεν
2247 3459 2276 3510 6
2299 3457 2460 3524 Θεός;
2494 3458 2610 3522 πῶς
2629 3460 2728 3512 οὑκ
2761 3460 2998 3531 ἤλγησεν
3042 3463 3071 3514 6
3125 3462 3328 3531 Ἀδάμ;
3364 3464 3482 3526 πῶς
3512 3467 3608 3516 οὐκ

2030 3539 2276 3610 ὠδυνήθη
2299 3556 2315 3604 ;
2342 3540 2457 3594 Μία
2486 3540 2607 3611 θρὶξ
2631 3543 2943 3596 ἀποσπᾶται
2972 3544 3078 3597 ἀπὸ
3100 3544 3192 3598 τοῦ
3216 3545 3489 3616 σώματος,
3518 3550 3610 3600 καὶ
3696 3586 3697 3601 χ

2030 3620 2369 3693 ὀδυνώμεθα·
2407 3622 2510 3677 κᾶν
2542 3624 2725 3678 ὑπνῶν
2769 3621 2910 3700 τιςῇ
2952 3629 3031 3688 εἰς
3062 3626 3129 3679 τὰ
3168 3626 3327 3697 βάθη,
3370 3629 3477 3682 ὑπὸ
3512 3631 3607 3700 τῆς
3696 3680 3697 3683 η

2030 3705 2221 3776 ὀδύνης
2251 3706 2595 3772 ὲξυπνίζεται
2626 3708 2656 3761 ὀ
2686 3708 2963 3763 καθεύδων
2984 3725 3000 3740 °
3031 3710 3282 3765 τοσοῦτον
3315 3712 3476 3782 μέλος
3512 3716 3608 3765 ὲπο

2030 3790 2243 3861 αἰρεται
2265 3830 2281 3853 ,
2318 3792 2552 3863 τοσαύτη
2590 3791 2801 3863 πλευρά
2842 3794 3241 3864 σπαράττεται,
3272 3797 3366 3849 καὶ
3399 3798 3500 3850 οὑκ
3527 3798 3609 3863 ἐξ·

2030 3872 2307 3937 υπνίζεται
2328 3877 2355 3928 ὀ
2379 3876 2684 3941 καθεύδωνς
2713 3876 2827 3930 Οὐκ
2856 3878 3171 3931 ἀπέσπασεν
3193 3880 3361 3951 αὑτήν
3382 3881 3497 3950 βία.
3522 3883 3606 3935 ἵνα
3694 3870 3695 3879 “

2028 3956 2340 4028 ὲξυπνισθῇ,
2364 3959 2462 4012 οὑκ
2487 3958 2903 4031 ἀπεσπάραξεν*
2932 3960 3066 4014 ἀλλὰ
3097 3961 3323 4016 θέλουσα
3350 3966 3384 4032 ή
3416 3965 3603 4033 Γραφὴ

2027 4038 2087 4093 τὸ
2127 4040 2387 4111 σύντομον
2429 4042 2600 4107 δεῖξαι
2657 4043 2751 4097 τοῦ
2794 4044 3072 4115 τεχνίτου,
3113 4045 3279 4113 λέγει,
3322 4048 3599 4104 Ἔλαϐεν.

2043 4123 2346 4194 Ἐλύθησαν
2372 4127 2424 4179 οἱ
2452 4127 2638 4198 ἀρμοὶ,
2673 4129 2768 4181 καὶ
2798 4129 2898 4182 οὐκ
2919 4128 3150 4198 ῇσθετος

2097 4205 2370 4262 θ’.Ἕλαϐε
2383 4211 2483 4281 τὴν
2503 4209 2764 4282 πλευράν,
2789 4210 2939 4265 ὥσπε
2947 4229 2978 4281 ρ
2994 4211 3150 4265 ἔλαϐε
3166 4212 3256 4266 τὸν
3273 4212 3425 4283 χοῦν.
3449 4214 3513 4267 Εἴ
3538 4210 3603 4282 ἧν
3691 4224 3693 4247 τ

2023 4289 2183 4354 ἄλλος
2210 4293 2238 4344 ὀ
2267 4292 2535 4363 ἁρμόσας,
2563 4295 2658 4349 καὶ
2688 4294 2844 4357 ἄλλος
2873 4297 2901 4348 ὀ
2919 4293 3108 4359 λύσας,
3141 4295 3289 4366 μάχη
3328 4291 3429 4365 ἦν·
3466 4299 3517 4351 εί
3546 4298 3599 4349 δὲ
3690 4330 3691 4345 χ

2022 4373 2052 4425 ὀ
2074 4372 2239 4443 δήσας
2261 4374 2466 4440 ἔλυσεν,
2491 4376 2660 4446 ήδέως
2681 4394 2797 4440 πως
2824 4376 3032 4432 ἔλυσεν.
3051 4379 3263 4432 Ἔλαϐε
3282 4377 3398 4446 τὴν
3416 4382 3599 4433 κλει·-

2016 4455 2156 4523 ρὰν,
2196 4457 2295 4510 καὶ
2339 4457 2734 4526 ἀνεπλήρωσε
2779 4459 2978 4528 σάρκα
3004 4461 3132 4515 ἀντ’
3173 4459 3381 4529 αὐτῆς.
3434 4463 3597 4515 Πόθεν

2024 4536 2406 4608 ἀνεπλήρωσεν
2427 4558 2441 4604 ;
2478 4544 2540 4594 ὲκ
2559 4541 2652 4594 τοῦ
2674 4541 2831 4607 ἄλλου
2860 4542 3110 4612 σώματος
3131 4542 3414 4611 εἴλκυσεν;
3444 4545 3596 4597 Ἀλλά

2024 4623 2131 4674 πᾶν
2164 4621 2324 4691 σῶμα
2349 4623 2657 4693 ἑλκόμενον,
2688 4624 3011 4697 λεπτότερον
3043 4627 3269 4693 γίνεται.
3312 4628 3437 4692 Πῶς
3473 4630 3595 4680 ἀνε-

2024 4704 2344 4775 πλήρωσεν;
2397 4707 2509 4760 Καὶ
2572 4709 2698 4781 περὶ
2761 4707 3009 4778 σώματος
3057 4709 3355 4780 λαλοῦμεν,
3394 4713 3489 4764 καὶ
3537 4712 3593 4763 οὐ

2022 4787 2282 4857 νοοῦμεν-
2325 4789 2454 4859 περὶ
2492 4788 2625 4842 Θεοῦ
2661 4790 2948 4860 λαλοῦμεν,
2980 4791 3073 4843 καὶ
3110 4791 3591 4863 πολυπραγμονοῦ-

2025 4885 2157 4938 μεν;
2183 4870 2301 4923 ’Καὶ
2334 4870 2721 4940 ᾠκοδόμησεν
2746 4876 2779 4926 ὀ
2809 4875 3020 4943 Κύριος
3048 4874 3161 4941 τὴν
3194 4877 3488 4943 πλευρὰν,
3520 4876 3593 4943 ἣν

2021 4951 2239 5005 ἐλαϐεν
2275 4953 2394 5007 ἀπὸ
2432 4954 2541 5008 τοῦ
2571 4955 2763 5024 Ἀδὰμ,
2784 4960 2871 5023 είς
2898 4962 3166 5027 γυναῖκα.
3202 4959 3370 5014 Πόθεν
3398 4960 3592 5030 ὀφθαλ-

2024 5038 2113 5104 μοὶ
2144 5034 2254 5087 ἀπὸ
2298 5035 2538 5107 πλευρᾶς
2571 5039 2885 5107 ὲπάγησανς
2933 5040 3095 5094 πόθεν
3146 5042 3342 5114 καρδία
3386 5044 3589 5109 λογιζοο
3626 5072 3630 5083 ι

2023 5115 2195 5187 μένης
2225 5118 2387 5173 πόθεν
2420 5119 2634 5187 γλῶττα
2670 5121 3043 5193 φθεγγομένης
3080 5124 3196 5188 πῶς
3226 5126 3448 5198 διετάθη
3487 5129 3586 5181 ἀπὸ

2022 5199 2259 5272 πλευράς
2288 5202 2533 5272 έντερονς
2574 5203 2688 5267 πῶς
2731 5205 2945 5271 ἐγένετο
2982 5206 3087 5259 άπὸ
3128 5208 3366 5279 πλευρᾶς
3398 5210 3581 5281 €11.19;

2019 5282 2204 5336 Ταῦτα
2244 5285 2359 5346 πῶς
2382 5285 2598 5353 ἐγένετο
2630 5287 2729 5339 οὑκ
2763 5287 2966 5357 ἰσχύεις
2998 5291 3343 5357 καταλαϐεῖν,
3380 5298 3476 5348 καὶ
3500 5295 3583 5346 τὸν

2017 5365 2264 5448 τεχνίτην
2295 5366 2798 5439 πολυπραγμονεῖς;
2830 5370 2990 5423 Ἀλλὰ
3016 5372 3113 5443 τὴν
3144 5374 3326 5428 εἰκόνα
3353 5376 3579 5448 Χριστοῦ

2019 5446 2180 5516 βλέπε
2214 5450 2504 5520 πανταχοῦ.
2538 5451 2612 5503 Οὐ
2654 5451 2915 5526 πρότερον
2950 5452 3133 5509 ἔλαϐεν
3162 5459 3189 5511 ὀ
3211 5458 3341 5520 Θεὸς
3365 5446 3473 5513 ἀπὸ
3495 5458 3577 5511 τοῦ

2029 5529 2197 5601 Ἀδάμ
2226 5531 2322 5602 τὴν
2353 5533 2612 5605 πλευράν,
2644 5536 2747 5598 ἕως
2788 5537 2875 5589 ὅτε
2923 5536 3088 5590 ὕπνον
3126 5540 3272 5607 αὑτῷ
3316 5541 3572 5595 ἐνέϐαλεν.

2015 5616 2200 5677 Διατίς
2235 5614 2367 5667 Ἀπὸ
2402 5616 2642 5688 πλευρᾶς
2676 5622 2708 5689 ή
2746 5619 2982 5690 ἁμαρτία
3027 5622 3213 5690 ἔμελλε
3256 5624 3514 5691 γίνεσθαι,
3543 5624 3571 5694 ή

2013 5698 2101 5750 διά
2143 5700 2239 5769 τῆς
2292 5702 2549 5767 γυναικὸς
2578 5705 2913 5761 είσελθοῦσα.
2948 5703 3146 5760 Ἦλθεν
3186 5709 3214 5759 6
3244 5709 3436 5780 Σωτὴρ
3478 5709 3573 5761 ἀπὸ

2019 5781 2253 5851 πλευρᾶς
2281 5783 2459 5855 φέρων
2488 5784 2631 5858 ὓδωρ
2677 5790 2770 5843 καὶ
2812 5785 2971 5861 αἷμα,
3004 5790 3144 5863 ὕδωρ
3181 5791 3485 5846 ἀποπλύνον
3513 5790 3572 5843 τὰ

3684 4590 3689 4631 ί

3684 4682 3689 4725 ί

3684 4754 3689 4813 ί

3678 4862 3687 4905 1

3676 5136 3685 5177 1

3674 5208 3685 5273 ί

3670 5304 3685 5377 4

3658 5480 3683 5659 ί

3664 5660 3681 5941 ί
