3704 6274
21 361 60 417 ll
1008 357 1095 413 DE
1133 349 1347 410 MUNDI
1384 347 1774 407 CREATIONE
1812 346 2068 409 ORATiO
2107 348 2168 407 ν.

22 474 273 541 tenuisse,
306 474 419 530 ait:
448 473 515 529 Et
542 489 688 528 omne
721 472 854 543 quod
897 474 1085 527 vocavit
1110 472 1295 536 Adam,
1335 471 1427 523 hoc
1472 476 1542 521 est

21 581 137 619 tmen
166 566 315 637 ejus;
354 580 415 619 ac
456 565 497 618 si
536 563 696 629 dicat,
745 562 1067 617 Prtelinitum
1108 571 1241 623 erat,
1275 560 1375 614 hoc
1405 558 1547 613 Deus

21 671 245 714 terevera
253 664 290 711 ι.

35 748 219 804 Contra
259 747 499 803 Arianos.
525 774 595 785 —
616 747 815 801 Verum
844 746 910 801 ad
946 746 1272 815 propositum
1309 750 1547 799 reverta-

26 858 100 895 ur.
127 840 247 895 Stat
283 839 475 902 Adam,
517 849 572 894 et
597 840 735 893 Deus
776 836 992 893 adducit
1025 837 1101 891 illi
1129 837 1398 900 animalia,
1444 850 1545 891 nec

21 932 208 989 :deeori
236 940 321 985 est
347 931 592 997 Domino,
619 928 759 999 quod
787 927 1016 983 adducat
1043 927 1110 982 ad
1139 942 1371 982 servum.
1404 927 1471 981 Et
1500 927 1544 980 si

21 1028 172 1081 idiant
202 1024 463 1088 haeretici,
495 1023 766 1078 Christum
796 1036 894 1076 nos
920 1020 1183 1075 adducere
1207 1020 1273 1073 ad
1301 1019 1541 1083 Patrem,

21 1118 133 1169 alim
177 1116 363 1170 dicunt
394 1132 407 1169 :
438 1114 622 1168 Viden'
666 1113 814 1166 illum
858 1126 980 1167 esse
1024 1111 1277 1166 servum?
1319 1109 1544 1162 Adduxit

21 1209 53 1261 'a
78 1209 142 1261 ad
168 1207 355 1260 Adam.
387 1205 570 1261 Stabat
595 1219 778 1259 servus
802 1201 1066 1273 judicans,
1092 1210 1147 1258 et
1174 1201 1426 1256 Dominus
1452 1201 1545 1255 atl-

22 1315 181 1354 ieens.
207 1300 285 1353 Ac
308 1301 445 1354 Deus
465 1298 677 1367 quidem
703 1296 909 1351 Adamo
931 1295 1200 1351 adducens
1227 1310 1331 1349 non
1354 1294 1540 1363 injuria

22 1394 323 1451 liciebatur;
352 1390 618 1446 Christum
642 1405 769 1444 vero
795 1390 837 1442 si
859 1388 1076 1442 audiant
1101 1386 1332 1442 haeretici
1354 1386 1418 1440 ad
1444 1386 1541 1440 Pa-

22 1502 97 1539 cm
129 1484 416 1549 adducere,
448 1484 624 1537 statim
653 1483 703 1535 in
744 1481 971 1535 ministri
997 1489 1051 1535 et
1090 1478 1271 1533 famuli
1300 1478 1540 1532 ordinem

21 1578 189 1629 ahunt.
221 1575 276 1630 Si
318 1575 460 1629 dicat
492 1572 761 1637 Servatur,
808 1570 973 1625 Nemo
1017 1573 1147 1624 venit
1198 1569 1265 1622 ad
1315 1568 1538 1635 Patrem,

21 1670 58 1722 si
87 1685 170 1737 per
200 1684 279 1720 me
318 1666 492 1736 (Joan.
537 1666 622 1721 M.
653 1664 710 1735 6)
755 1683 768 1719 :
801 1663 977 1719 statim
1023 1662 1258 1717 hterctiei
1296 1664 1539 1728 arrectis,

22 1776 67 1813 l0
110 1759 375 1828 perversis
419 1765 563 1812 stant
598 1755 833 1810 auribus.
865 1753 1145 1808 Adducens
1182 1752 1247 1806 ad
1279 1752 1540 1805 Adamum

21 1851 201 1904 iimalia
250 1850 409 1912 Dens,
448 1863 550 1902 non
582 1857 661 1903 est
700 1846 814 1915 ejus
859 1846 1131 1909 minister;
1181 1844 1447 1897 hominem
1496 1843 1539 1896 si

22 1960 95 1997 aus
124 1943 232 1996 Deo
262 1942 469 2006 offerat,
500 1941 724 1995 ministri
758 1939 915 1993 habet
944 1936 1225 1993 ordinem?
1263 1937 1339 1991 Ne
1363 1946 1539 1991 autem

22 2035 196 2088 orbum
226 2045 376 2087 tuum
407 2034 514 2087 alat
541 2033 824 2086 verborum
854 2031 1181 2101 ignorantia;
1211 2045 1310 2100 ego
1334 2030 1446 2085 scio
1488 2037 1542 2084 et

26 2126 145 2179 lium
175 2125 372 2181 oﬂ'erre
405 2124 568 2189 Patri,
597 2134 648 2179 el
681 2124 892 2179 Patrem
925 2123 1081 2178 Filio.
1113 2122 1242 2177 Cum
1271 2123 1493 2176 dixisset
1524 2139 1536 2176 :

22 2234 118 2270 emo
138 2218 268 2271 venit
288 2217 357 2271 ad
382 2217 604 2280 Patrem,
631 2216 729 2271 nisi
749 2233 836 2285 per
856 2232 934 2267 me
964 2212 1140 2284 (Joau.
1172 2214 1223 2268 6.
1248 2215 1340 2282 44)
1361 2230 1375 2279 ;
1400 2214 1539 2269 idem

22 2323 135 2360 ausus
175 2310 252 2361 ait
280 2326 295 2362 :
332 2307 496 2362 Nemo
538 2309 666 2362 venit
700 2307 769 2361 ad
806 2324 905 2374 me,
954 2307 1052 2360 nisi
1086 2306 1242 2361 Pater
1270 2324 1407 2361 meus
1442 2323 1544 2361 cat-

21 2402 91 2454 uis
113 2402 323 2454 traxerit
342 2418 472 2454 eum.
496 2401 599 2455 Sed
622 2401 760 2470 quod
777 2400 886 2470 jam
914 2410 1036 2456 ante
1064 2417 1148 2456 me
1174 2400 1372 2456 dixisse
1398 2400 1538 2467 seio;

22 2509 134 2547 :rum
158 2493 262 2548 hoc
289 2493 354 2547 ad
379 2510 488 2548 rem
508 2495 617 2563 jam
639 2494 861 2565 quadrat
883 2512 895 2547 :
920 2494 1176 2565 contingit
1200 2504 1375 2549 autem
1398 2508 1541 2563 sarpe

41 2601 136 2637 non
162 2584 430 2648 audiatur,
456 2594 507 2639 et
531 2600 669 2639 nunc
697 2586 855 2640 etiam
882 2583 1020 2639 dico.
1051 2583 1235 2654 Cogita
1263 2592 1393 2654 quot
1417 2592 1542 2639 sunt

21 2674 361 2743 iadrupedes;
404 2674 495 2729 sed
528 2683 699 2730 tecum
741 2684 922 2745 reputa
951 2690 1068 2745 qua:
1097 2676 1203 2729 sint
1242 2686 1537 2743 mansueta,

21 2783 72 2819 ne
100 2767 229 2832 fera,
272 2782 389 2836 qua:
418 2767 469 2820 in
510 2768 796 2832 montibus,
828 2784 946 2837 qua:
986 2768 1038 2822 in
1070 2768 1305 2838 planitie,
1336 2784 1455 2839 quae
1484 2770 1539 2824 in

22 2858 155 2923 illiis,
187 2873 311 2927 qua:
338 2859 389 2910 in
421 2858 586 2922 ludia,
622 2874 739 2928 (pne
769 2859 820 2913 in
849 2858 1097 2913 omnibus
1139 2859 1283 2912 orbis
1313 2860 1540 2914 elimati-

21 2967 55 3004 IS
86 2969 95 3003 :
123 2966 336 3027 rursum
369 2952 604 3021 reptilia;
629 2967 813 3006 eorum
841 2968 1035 3022 genera
1062 2962 1114 3006 et
1136 2954 1363 3022 species,
1396 2954 1543 3009 Vola-

27 3042 68 3093 ia
93 3041 293 3107 omnia,
322 3042 596 3107 natatilia;
630 3057 977 3112 qumcumque
1003 3052 1128 3097 sunt
1154 3043 1203 3095 in
1238 3044 1391 3109 mari,
1419 3059 1538 3113 qua:

43 3134 257 3203 stagnis,
289 3150 407 3204 qua:
438 3134 489 3187 in
520 3135 693 3189 fluviis
728 3154 741 3189 :
773 3134 886 3189 lucc
912 3137 1087 3189 omnia
1119 3136 1537 3203 adducebantur,

54 3224 275 3292 singulis
321 3224 533 3278 nomina
576 3227 883 3296 imponebat
925 3227 1112 3291 Adam,
1145 3228 1387 3297 Deosque
1432 3244 1537 3283 non

22 3317 370 3382 ntradieebat,
420 3318 512 3371 sed
558 3320 946 3387 acquiescebat.
994 3319 1269 3373 Innumero
1324 3321 1539 3376 nomina

28 3418 93 3472 nt,
117 3408 310 3479 hisque
329 3410 613 3478 acquiescit
638 3410 778 3464 Deus
802 3427 815 3464 :
844 3426 1003 3464 unum
1029 3426 1220 3466 nomen
1248 3412 1373 3467 dicit
1400 3414 1539 3469 Deus

64 3500 191 3552 czclo
222 3500 547 3556 testiﬁcaris:
588 3500 689 3555 Hic
735 3511 807 3555 est
851 3500 1017 3556 Filius
1060 3519 1198 3555 meus
1238 3503 1451 3572 (Matth.
1483 3505 1536 3559 ὅ.

21 3591 45 3659 ')
76 3610 87 3643 ε
117 3601 169 3645 et
198 3590 341 3645 hanc
368 3607 551 3646 vocem
585 3608 745 3662 prave
773 3593 1089 3663 detorquent
1126 3594 1378 3659 haeretici,
1420 3611 1538 3666 qua:

21 3683 45 3735 ll
75 3692 280 3738 tantum
326 3685 527 3739 nomini
559 3686 916 3740 testimonium
950 3687 1153 3755 prsebet
1184 3705 1197 3740 :
1229 3688 1372 3742 illam
1410 3704 1538 3745 san-

21 3788 87 3828 am
114 3791 327 3841 vocem,
352 3793 469 3846 qua:
491 3778 768 3833 innumera
791 3781 1027 3848 suscepit
1057 3781 1273 3835 nomina
1306 3783 1539 3838 nullum-

21 3880 56 3919 te
82 3866 305 3921 delevit.
334 3868 576 3924 Adducta
603 3880 725 3923 sunt
754 3869 1025 3935 animalia,
1056 3878 1111 3925 et
1134 3872 1347 3927 nomina
1386 3888 1541 3930 acce-

21 3970 160 4011 :ruut.
187 3960 309 4013 Jam
339 3960 432 4014 ille
459 3962 632 4014 stabat
661 3970 716 4015 nt
748 3979 860 4016 rex.

29 4048 73 4100 8.
105 4051 561 4115 Quemadmodum
583 4068 702 4107 cum
726 4055 919 4107 milites
939 4056 1367 4122 conscribuntur,
1391 4058 1540 4128 regio

21 4144 224 4209 gnaculo
255 4151 549 4197 notantur:
582 4145 659 4198 sic
702 4145 822 4214 quia
854 4144 1083 4201 debebat
1129 4146 1200 4200 illi
1245 4148 1536 4202 dominium

22 4232 182 4299 idere,
209 4234 259 4288 id
286 4232 453 4288 eflicit
474 4243 528 4287 ut
555 4235 767 4288 nomina
799 4236 1031 4305 imponat
1056 4246 1111 4289 ut
1136 4237 1382 4292 dominus
1407 4257 1419 4291 :
1447 4256 1541 4294 uo-

21 4323 90 4376 ina
133 4324 333 4394 quippe
361 4326 571 4379 nonnisi
600 4326 854 4380 Dominus
897 4328 1119 4396 imponit
1154 4337 1207 4382 et
1236 4328 1410 4383 Pater.
1446 4332 1540 4384 At-

21 4416 127 4471 nde.
167 4416 398 4470 Nomina
438 4418 537 4471 alia
571 4417 824 4488 imposuit
855 4419 1013 4483 Deus,
1044 4420 1146 4472 alia
1179 4419 1367 4474 Adam.
1400 4421 1539 4477 Deus

22 4509 154 4562 cavit
196 4509 413 4573 czelum,
448 4518 664 4574 terram,
707 4526 876 4576 mare,
929 4509 1342 4576 ﬁrmamentum,
1371 4512 1535 4579 diem,

21 4616 142 4667 cem,
168 4613 408 4668 noctem,
441 4601 688 4668 fructum,
719 4602 959 4665 herbam,
992 4601 1214 4670 faenum,
1245 4603 1423 4675 ligna;
1456 4619 1541 4675 pe-

26 4709 73 4746 ra
101 4703 276 4749 autem
302 4702 357 4747 et
385 4693 612 4747 volatilia
639 4692 807 4747 Adam
829 4693 1057 4756 vocavit,
1091 4708 1376 4762 pavonem,
1400 4695 1541 4766 aqui-

22 4799 76 4849 m,
100 4785 351 4851 vitulum,
382 4800 535 4839 ovem
566 4803 578 4838 :
608 4784 692 4839 hic
718 4785 944 4851 species,
978 4784 1085 4840 illic
1107 4800 1326 4855 genera,
1351 4804 1418 4842 nc
1441 4788 1539 4843 fal-

22 4893 64 4928 m
86 4876 578 4946 deprehenderetur
598 4876 700 4933 hoc
725 4877 923 4932 dictum
950 4894 963 4930 :
994 4877 1267 4932 Faciamus
1287 4880 1539 4935 hominem

48 4970 314 5036 imaginem
343 4978 568 5021 nostram
598 4968 748 5038 (Gen.
784 4971 833 5023 1.
866 4969 981 5038 26).
1017 4970 1155 5025 Deus
1196 4973 1409 5026 nomina
1440 4973 1539 5026 im-

22 5061 98 5111 lnit
125 5058 500 5123 luminaribus,
535 5058 745 5125 Ursam,
779 5059 1032 5115 Orionem
1054 5102 1068 5126 ,
1102 5061 1402 5127 Pleiadem,
1435 5062 1539 5118 Ve-

21 5167 201 5216 erum,
241 5142 571 5208 Luciferum.
623 5152 749 5207 Haec
801 5154 975 5207 omnia
1033 5153 1171 5208 Deus
1221 5155 1531 5210 nominavit.

21 5248 120 5299 :stis
156 5254 241 5301 est
284 5245 450 5300 David
489 5245 674 5300 dicens
711 5262 727 5302 :
761 5246 859 5312 Qui
902 5256 1130 5301 numerat
1168 5249 1535 5303 multitudinem

22 5338 202 5391 Illarum
246 5346 294 5392 et
324 5339 553 5392 omnibus
582 5340 653 5395 eis
694 5341 897 5394 nomina
925 5350 1063 5393 vocat
1092 5339 1259 5409 (Psal.
1307 5341 1427 5395 146.
1457 5342 1536 5411 4).

21 5445 91 5483 :us
114 5431 332 5485 nomina
363 5432 497 5485 indit
521 5433 786 5501 supernis,
813 5431 983 5486 Adam
1009 5431 1255 5487 terrenis.
1286 5432 1535 5488 Nominat

21 5534 93 5573 :us
118 5522 332 5587 celum,
364 5531 584 5589 terram,
612 5531 803 5579 cuncta
833 5522 953 5585 alia,
990 5521 1179 5583 Adam,
1210 5522 1404 5592 ignem,
1437 5523 1534 5577 ho-

22 5610 164 5666 inem.
193 5612 436 5667 Adamus
465 5627 592 5667 vero
614 5613 740 5683 quid
771 5613 1048 5668 nominat?
1074 5613 1301 5683 lmponit
1339 5630 1530 5668 nomen

21 5704 221 5769 mentis,
252 5703 554 5771 reptilihus,
587 5704 791 5758 besuis.

28 5795 179 5848 Adam
209 5797 489 5867 prophetia:
509 5798 693 5850 donum
716 5809 991 5869 acceperat.
1017 5830 1085 5840 ——
1106 5799 1309 5855 Novum
1338 5815 1528 5856 nomen

3133 359 3241 419 δερ

1661 467 1893 523 Adamus
1918 480 2094 537 vocat,
2122 486 2203 538 os,
2240 485 2479 541 carnem,
2511 471 2574 529 de
2606 473 2829 531 muliere
2867 473 3085 542 dicens;
3123 476 3240 532 Hoc

1657 574 1790 611 nunc
1814 575 1869 613 os
1894 576 1956 614 ea:
1976 562 2168 616 ossibus
2192 564 2334 627 meis,
2366 571 2413 617 et
2439 580 2557 618 caro
2581 565 2647 641 tle
2667 581 2819 619 carne
2844 582 2956 620 mea
2976 568 2994 637 (
3020 565 3147 622 Gen.
3176 567 3235 623 2.

1656 648 1770 721 23).
1800 651 1938 706 Deus
1966 654 2106 708 enim
2134 669 2253 708 cum
2286 658 2457 724 ipsum
2484 655 2750 723 formavit,
2795 674 2899 712 non
2929 658 3083 724 dixit,
3128 658 3239 713 for-

1656 757 1834 797 masse
1872 744 2020 798 illum
2047 760 2113 798 ex
2137 747 2346 802 ossibus
2380 756 2433 803 et
2460 763 2639 802 carne.
2678 748 2881 804 Rursus
2909 750 3035 805 dicit
3077 753 3234 816 Deus,

1656 832 1948 899 Masculus;
1998 835 2086 890 hic
2127 838 2275 904 dicit,
2303 838 2433 894 Vir:
2467 839 2605 894 Deus
2652 839 2795 904 dicit,
2847 840 3109 906 Femina;
3149 842 3238 897 hic

1656 923 1804 986 dicit,
1838 926 2042 981 Mulier.
2065 928 2322 997 Quodque
2345 930 2534 983 mirum
2558 939 2659 995 est,
2683 930 2805 999 quia
2827 932 3023 1001 Spiritu
3052 945 3238 989 sancto

1656 1015 1843 1085 plenus
1872 1026 2005 1082 erat,
2046 1018 2386 1089 nondumque
2430 1021 2593 1074 miser
2637 1032 2997 1093 transgressus
3028 1024 3233 1091 fuerat;

1655 1106 1749 1161 sed
1780 1108 1946 1175 gratia
1974 1108 2206 1177 repletus
2231 1120 2366 1177 erat,
2390 1113 2687 1181 prophetia,
2723 1128 2880 1182 quam
2906 1115 3085 1185 paucis
3110 1128 3235 1170 ante

1654 1196 1844 1252 diebus
1868 1198 2006 1267 apud
2037 1212 2266 1255 vestram
2308 1204 2580 1258 caritatem
2606 1204 3017 1275 distinguebam,
3050 1216 3156 1262 tota
3184 1208 3237 1262 in

1654 1287 1769 1356 ipso
1798 1298 1930 1343 erat.
1974 1289 2184 1346 Sciebat
2215 1292 2355 1345 enim
2390 1296 2678 1359 praeterita,
2710 1296 2912 1351 sciebat
2954 1300 3238 1366 pratsentia

1653 1387 1708 1433 et
1731 1380 1922 1434 futura.
1953 1381 2230 1450 Quomodo
2260 1386 2538 1452 praesentia
2572 1386 2809 1441 sciebat?
2842 1388 2896 1441 In
2922 1404 3147 1457 corpore
3174 1405 3238 1446 os

1652 1482 1802 1528 extra
1830 1488 1934 1528 non
1962 1485 2210 1544 apparet;
2235 1477 2328 1530 sed
2355 1476 2475 1547 quia
2502 1479 2755 1549 Spiritum
2786 1480 3035 1549 habebat,
3063 1480 3194 1537 dicit
3218 1499 3233 1539 :

1656 1561 1768 1616 lloc
1798 1581 1931 1618 nunc
1977 1582 2032 1619 os
2058 1583 2120 1620 ea:
2147 1568 2340 1620 ossibus
2368 1570 2508 1623 meis.
2541 1570 2823 1635 Quomodo
2864 1572 3082 1639 sciebat,
3134 1574 3237 1628 nisi

1653 1653 1880 1723 Spiritus
1906 1666 2119 1711 sanctus
2145 1658 2242 1726 ipsi
2273 1659 2596 1715 revelasset?
2627 1660 2732 1715 Cur
2752 1678 2881 1732 ergo
2907 1664 3135 1732 primum
3175 1680 3237 1719 os

1651 1758 1703 1801 et
1736 1757 1842 1801 tum
1871 1765 2086 1804 carnem
2114 1752 2391 1806 nominat?
2414 1752 2545 1820 Quia
2579 1755 2749 1822 primo
2773 1767 2971 1809 costam
3004 1756 3119 1826 ejus
3149 1772 3239 1811 aco

1649 1839 1808 1908 cepit.
1844 1837 1987 1907 Ηανσ,
2032 1841 2219 1911 inquit,
2252 1844 2506 1897 vocabitur
2534 1847 2732 1911 mulier,
2764 1848 2882 1916 quia
2923 1849 2985 1901 de
3013 1851 3115 1901 viro
3144 1865 3236 1903 suo

1648 1941 1851 2002 sumpta
1882 1943 1953 1987 est
1988 1934 2113 1988 haec.
2148 1935 2475 1991 Vaticinatur
2504 1940 2790 2007 praeterita,
2838 1941 2970 1994 dixit
2998 1957 3237 2010 pra'sen-

1650 2025 1757 2090 tia;
1795 2026 1921 2081 dicit
1942 2026 2050 2096 jam
2091 2027 2284 2082 futura.
2330 2029 2663 2094 Quamobrem
2689 2033 2934 2102 relinquet
2962 2034 3110 2088 homo
3137 2052 3236 2103 pu-

1652 2125 1776 2169 trem
1803 2128 1846 2170 et
1869 2128 2079 2171 matrem
2113 2118 2131 2189 (
2157 2118 2283 2173 Gen.
2315 2119 2369 2173 2.
2399 2120 2514 2190 24).
2546 2120 2791 2176 Nondum
2821 2128 2936 2178 erat
2963 2124 3238 2180 matrimo-

1651 2208 1817 2274 nium,
1848 2218 1901 2264 et
1927 2211 2063 2266 unde
2092 2222 2240 2281 pater
2265 2220 2319 2267 et
2338 2214 2545 2268 mater?
2576 2215 2804 2270 Rursum
2828 2218 3044 2272 audiant
3069 2219 3239 2275 lucre-

1653 2302 1759 2356 tiei.
1788 2300 1967 2355 Voluit
1998 2302 2135 2357 Deus
2163 2304 2369 2358 Adamo
2397 2320 2619 2359 uxorem
2666 2306 2948 2362 elformare
2976 2326 2989 2362 :
3020 2308 3239 2364 Immisit

1650 2393 1878 2448 ecstasim
1906 2393 1959 2446 in
1996 2394 2180 2459 Adam,
2227 2404 2272 2448 et
2316 2396 2609 2449 obdormivit
2637 2395 2793 2466 (Ibid.
2826 2398 2880 2451 2.
2918 2397 3033 2468 2i).
3067 2397 3238 2455 Omne

1653 2485 1746 2540 Dei
1773 2486 1990 2540 verbum
2017 2486 2291 2554 antiquum
2324 2488 2502 2557 regula
2532 2498 2737 2543 natura:
2766 2490 2883 2543 fuit.
2914 2490 3103 2545 Docuit
3124 2493 3236 2561 pri-

1651 2579 1721 2631 mi
1748 2579 2013 2648 exemplo,
2041 2580 2309 2647 quomodo
2332 2590 2574 2649 suscepta
2604 2582 2781 2650 proles
2818 2583 2885 2637 ab
2915 2582 3127 2639 homine
3152 2584 3237 2639 di-

1649 2668 1753 2722 vidi
1781 2668 1991 2722 debeat.
2024 2667 2242 2722 Immisit
2269 2669 2407 2724 Deus
2430 2688 2659 2725 somnum
2681 2672 2735 2727 in
2764 2673 2946 2728 Adam.
2977 2675 3110 2730 Rem
3138 2677 3239 2731 mi-

1650 2775 1763 2814 ram
1790 2761 1802 2813 Ξ
1836 2760 2066 2829 Tempus
2086 2761 2233 2828 dicit,
2257 2777 2362 2831 quo
2387 2764 2779 2821 matrimonium
2804 2768 2981 2823 initur.
3008 2770 3238 2827 Somnus

1650 2852 1869 2906 ecstasis
1896 2862 2133 2919 vocatur,
2161 2853 2282 2923 quia
2311 2854 2470 2909 homo
2491 2858 2641 2927 quasi
2669 2868 2819 2914 extra
2850 2862 3083 2931 seipsum
3112 2871 3237 2919 tunc

1650 2951 1752 2996 est.
1794 2942 1936 2997 Intus
1977 2945 2152 2998 anima
2197 2954 2297 3012 est,
2329 2955 2383 3001 et
2428 2957 2647 3002 nonest
2687 2949 2846 3004 intus.
2894 2951 3011 3006 Non
3054 2955 3238 3020 sentit,

1650 3047 1756 3087 non
1786 3033 2047 3104 intelligit,
2075 3035 2294 3091 audiens
2317 3053 2420 3092 non
2443 3039 2609 3094 audit.
2628 3039 2785 3095 Velut
2810 3040 2968 3099 hodie
2988 3044 3235 3113 dicimus,

1650 3125 1852 3181 Ecstasi
1886 3143 2010 3181 usus
2040 3138 2140 3195 est,
2184 3131 2323 3199 (ιιιυά
2355 3140 2500 3186 extra
2543 3135 2750 3202 negotia
2780 3134 2939 3189 fuerit
2974 3155 2987 3190 :
3016 3138 3093 3191 sic
3118 3139 3237 3191 ani-

1650 3235 1756 3284 ma,
1784 3236 1902 3274 cum
1931 3230 2077 3275 extra
2112 3237 2299 3276 sensus
2324 3222 2499 3289 fuerit,
2528 3226 2578 3279 in
2608 3228 2797 3281 ecstasi
2829 3239 2928 3282 cst.
2965 3227 3030 3282 Et
3057 3229 3235 3284 obdor-

1648 3310 1805 3375 mivit,
1842 3311 2028 3380 inquit,
2062 3324 2107 3366 et
2133 3317 2245 3366 tulit
2276 3313 2413 3368 Deus
2443 3331 2596 3368 unam
2622 3316 2684 3369 de
2713 3317 2863 3370 costis
2890 3319 3019 3387 ejus.
3054 3320 3129 3375 De
3155 3320 3237 3375 his

1648 3401 2042 3471 interrogentur
2086 3402 2319 3458 haeretici
2352 3423 2364 3458 :
2399 3405 2677 3472 Quomodo
2724 3408 2841 3462 tulit
2878 3409 3055 3464 Deus?
3098 3427 3235 3480 quo-

1647 3494 1807 3549 modo
1846 3495 2013 3549 Adam
2051 3495 2288 3551 dolorem
2316 3513 2421 3552 non
2444 3499 2648 3553 sensit?
2678 3502 2943 3570 quomodo
2975 3519 3078 3559 non
3107 3519 3234 3559 cru-

1647 3585 1817 3640 ciatus
1843 3587 1969 3641 est?
1999 3586 2052 3642 Si
2084 3589 2166 3643 vel
2200 3590 2336 3659 pilus
2359 3606 2387 3643 a
2417 3606 2641 3662 corpore
2669 3593 2915 3662 vellatur,
2950 3595 3193 3652 dolemus
3218 3615 3234 3665 ;

1646 3681 1887 3749 quamvis
1913 3680 2021 3735 alto
2061 3682 2180 3751 quis
2216 3698 2409 3751 sopore
2447 3683 2696 3752 dormiat,
2728 3685 2928 3742 doloris
2958 3689 3010 3743 vi
3047 3704 3237 3759 exper-

1646 3772 1863 3842 giscitur
1891 3773 1978 3843 qui
2006 3773 2233 3840 dormit;
2262 3784 2466 3832 tantum
2512 3777 2714 3833 tollitur
2742 3781 3060 3849 membrum,
3094 3792 3237 3837 tanta

1646 3864 1890 3922 evellitur
1916 3876 2083 3926 costa.
2114 3881 2211 3920 nec
2236 3866 2507 3922 dormiens
2536 3885 2565 3922 a
2587 3884 2775 3923 somno
2801 3871 3100 3926 excitatur?
3118 3872 3236 3928 Non

1646 3956 1695 4008 vi
1737 3956 1947 4019 avulsit,
1990 3968 2047 4011 ut
2089 3959 2501 4027 espergiseert-t,
2550 3976 2652 4012 non
2687 3962 3002 4029 discerpsit;
3050 3978 3233 4017 verum

1648 4048 1939 4117 Scriptura,
1989 4058 2043 4102 ut
2086 4052 2319 4105 Artilieis
2361 4051 2688 4106 celeritatem
2735 4056 3010 4119 ostendat,
3058 4052 3233 4121 Tulit,

1648 4139 1836 4208 inquit.
1870 4139 2069 4193 Solutze
2096 4149 2219 4193 sunt
2245 4155 2548 4210 compages,
2580 4150 2633 4196 et
2658 4159 2763 4196 non
2792 4145 2991 4197 sensit?

1718 4230 1769 4282 9.
1799 4227 1942 4282 Tulit
1971 4237 2194 4293 costam,
2223 4238 2280 4283 ut
2310 4230 2502 4284 tulerat
2527 4232 2818 4299 pulverem.
2848 4232 2903 4288 Si
2930 4234 3067 4288 alius
3091 4244 3236 4290 esset

1647 4327 1735 4395 qui
1763 4337 2119 4396 compegerat,
2144 4326 2279 4380 alius
2308 4326 2398 4396 qui
2429 4326 2608 4393 solvit,
2636 4342 2809 4397 pugna
2833 4337 3010 4395 esset;
3035 4331 3114 4383 sin
3138 4345 3232 4383 au-

1650 4423 1753 4469 tem
1786 4417 1873 4486 qui
1906 4416 2161 4486 ligaverat
2187 4415 2377 4480 solvit,
2407 4416 2451 4469 is
2476 4427 2623 4472 certe
2650 4411 2856 4487 placide
2885 4420 3060 4474 solvit.
3095 4419 3233 4474 Tulit

1646 4517 1855 4573 castam,
1888 4518 1933 4560 et
1960 4508 2166 4576 replevit
2190 4524 2282 4577 pro
2308 4524 2366 4561 ea
2393 4524 2613 4560 carnem.
2639 4507 2791 4563 Unde
2815 4509 3076 4579 replevit?
3102 4527 3231 4566 uum

1646 4618 1710 4656 ex
1754 4603 1956 4671 reliquo
1982 4601 2142 4655 traxit
2175 4601 2441 4670 corpore?
2466 4601 2625 4670 Atqui
2657 4615 2814 4656 omne
2834 4617 3026 4672 corpus
3044 4644 3059 4669 ,
3088 4604 3230 4673 quod

1648 4695 1876 4749 trahitur
1904 4705 1958 4750 et
1988 4694 2335 4759 distenditur,
2377 4693 2624 4748 subtilius
2659 4694 2906 4748 efﬁcitur.
2949 4694 3231 4762 Quomodo

1646 4789 1904 4860 replevit?
1938 4790 2009 4843 De
2039 4803 2266 4857 corpore
2303 4787 2588 4857 loquimur,
2618 4795 2672 4841 et
2708 4802 2811 4840 non
2853 4787 3231 4856 intelligimus;

1646 4882 1712 4937 de
1743 4884 1849 4937 Deo
1885 4881 2171 4951 loquimur,
2199 4888 2253 4932 et
2278 4878 2538 4932 curiosius
2566 4878 2939 4946 exploramus?
2968 4877 3035 4931 Et
3059 4880 3231 4948 mdiﬁ-

1645 4974 1773 5026 cavit
1804 4972 2048 5025 Dominus
2077 4982 2265 5023 costam
2285 5011 2301 5037 ,
2330 4985 2479 5037 quam
2507 4970 2687 5022 tulerat
2716 4969 2778 5022 de
2806 4970 3003 5034 Adam,
3032 4971 3085 5024 in
3112 4988 3229 5024 nm-

1644 5066 1812 5117 lierem
1844 5063 1861 5130 (
1883 5063 2009 5116 Gen.
2037 5062 2089 5116 2.
2116 5061 2245 5131 22).
2274 5060 2552 5128 Quomodo
2580 5060 2719 5115 oculi
2749 5076 2811 5116 ex
2843 5070 2988 5116 cesta
3016 5061 3227 5118 formati

1644 5156 1808 5209 sunt?
1840 5154 1976 5207 unde
2003 5168 2096 5208 eor
2122 5152 2404 5222 cogitans?
2435 5152 2572 5205 unde
2605 5152 2780 5221 lingua
2810 5152 3068 5223 loquens?
3096 5170 3227 5222 quo-

1643 5248 1801 5302 modo
1837 5247 2130 5301 distensum
2177 5254 2259 5299 est
2296 5260 2359 5297 ex
2399 5254 2543 5297 costa
2574 5244 2922 5297 intestinum?
2958 5244 3227 5312 quomodo

1643 5355 1706 5394 ex
1745 5349 1889 5394 costa
1933 5338 2081 5408 jecur
2124 5335 2318 5390 factum
2355 5336 2469 5389 est?
2498 5335 2622 5388 llzec
2655 5335 2923 5402 quomodo
2954 5336 3088 5389 facta
3118 5335 3229 5389 sint

1643 5447 1832 5502 capere
1861 5448 1965 5485 non
1996 5441 2173 5501 potes,
2203 5436 2257 5483 ct
2282 5427 2553 5483 Artificem
2580 5428 2789 5483 curiose
2818 5428 3091 5483 scrutaris!
3122 5428 3226 5481 Ve-

1642 5538 1759 5577 rum
1806 5523 1921 5578 vide
1962 5521 2243 5591 imaginem
2286 5517 2482 5574 Christi
2518 5518 2732 5588 ubique.
2776 5518 2889 5571 Non
2932 5518 3078 5586 prius
3109 5515 3227 5570 tulit

1640 5616 1781 5670 Deus
1809 5626 2011 5669 costam
2038 5617 2104 5669 dc
2136 5613 2361 5676 Adamo,
2391 5626 2549 5681 quam
2576 5610 2672 5680 ipsi
2700 5623 2944 5663 somnum
2976 5608 3227 5663 immitte-

1640 5716 1740 5762 ret.
1771 5705 1985 5775 Quare?
2018 5705 2094 5759 Ex
2122 5714 2267 5758 costa
2310 5710 2584 5772 peccatum
2616 5700 2874 5754 oriturum
2905 5707 3053 5762 erat;
3082 5696 3223 5768 quod

1648 5814 1837 5871 nempe
1866 5816 1959 5869 per
1998 5798 2273 5853 mulierem
2301 5794 2535 5851 intravit.
2570 5795 2719 5850 Venit
2747 5794 3000 5849 Senator
3023 5810 3052 5850 e
3077 5804 3223 5850 casta
