3720 6276
415 281 520 339 tes
1588 356 1613 371 δ

406 413 599 470 aquam
631 398 804 453 ferens
833 405 887 451 ct
910 394 1257 466 sanguinem;
1286 408 1475 463 aquam
1504 407 1621 464 qum
1651 401 1867 463 peccata
1897 390 1993 445 ab-

411 490 602 556 lueret,
631 490 940 560 sanguinem
964 488 1055 558 qui
1080 487 1391 559 mysterium
1414 486 1567 539 nobis
1590 483 1841 539 traderet.
1865 481 2000 539 Vide

411 581 653 651 figuram.
682 579 990 635 Dormieute
1026 579 1249 645 Adamo,
1277 587 1424 634 costa
1455 577 1735 633 tollebatur
1767 594 1779 628 :
1809 590 1999 630 somno

408 673 620 744 corpori
651 671 847 728 Christi
888 673 1298 743 superveniente
1318 712 1332 734 ,
1364 679 1512 725 c0sta
1542 669 1914 738 aperiebatur,
1942 676 2000 722 ut

410 776 644 822 veterem
672 764 983 835 tragmdiam
1008 764 1239 818 solveret
1263 778 1358 831 per
1379 777 1566 815 novam
1594 759 1868 815 historiam
1895 777 1908 811 :
1931 758 1999 814 de

411 872 601 913 somno
630 858 820 927 loquor
849 871 955 925 quo
981 856 1033 909 in
1064 869 1222 909 cruce
1259 862 1537 921 cnrreptus
1566 861 1667 906 est.
1699 849 1999 920 zEdiﬁcavit

409 960 601 1003 costam
626 950 679 1002 in
701 949 978 1009 mulierem,
1011 947 1222 999 adduxit
1247 962 1356 997 eam
1386 944 1453 996 ad
1474 944 1659 996 Adam.
1688 943 1731 997 0
1758 942 1999 1012 benigni-

413 1048 573 1092 tatem
607 1038 849 1092 Domini!
879 1037 1089 1104 Quanta
1117 1035 1260 1098 facit,
1290 1035 1503 1097 format,
1536 1043 1662 1101 quot
1692 1033 1997 1088 muneribus

411 1129 615 1183 afficit?
639 1128 868 1183 Additeit
897 1127 1143 1180 animalia
1166 1168 1178 1189 ,
1212 1140 1463 1193 sponsam
1492 1124 1667 1177 tradit.
1696 1123 1827 1192 Quia
1852 1124 1996 1178 enim

413 1222 579 1277 Adam
613 1222 763 1291 quasi
793 1220 1023 1290 pupillus
1048 1228 1182 1283 erat,
1212 1228 1266 1271 et
1292 1218 1399 1271 Eva
1426 1217 1591 1287 virgo,
1623 1217 1737 1270 sine
1766 1228 1917 1287 patre
1945 1225 1998 1272 et

412 1325 580 1367 matre
602 1354 615 1376 ,
648 1313 738 1383 qui
774 1310 1006 1366 officium
1038 1316 1389 1379 prazstarent:
1423 1308 1560 1361 Deus
1591 1306 1752 1376 patris
1780 1306 1994 1361 matris-

411 1422 515 1474 que
555 1403 883 1458 iunctionem
910 1401 1041 1457 obit.
1082 1402 1159 1454 Ac
1197 1399 1317 1453 vide
1360 1399 1530 1469 legem
1563 1416 1575 1452 :
1605 1398 1778 1451 omnis
1804 1397 1997 1467 quippe

410 1513 513 1550 vox
560 1496 651 1551 Dei
696 1494 948 1565 primaeva
993 1501 1194 1547 natura:
1239 1505 1422 1545 norma
1462 1498 1563 1545 est.
1606 1489 1831 1544 Adduxit
1862 1489 1998 1544 Deus

412 1585 674 1639 mulierem
701 1584 770 1636 ad
793 1583 959 1636 Adam
984 1598 1003 1638 :
1030 1593 1083 1638 et
1112 1582 1195 1636 lex
1224 1582 1310 1636 illa
1340 1582 1534 1636 mansit
1568 1581 1634 1635 ad
1667 1582 1805 1636 hunc
1833 1597 1999 1651 usque

413 1677 577 1742 diem,
610 1686 666 1730 ut
697 1691 831 1729 uxor
862 1675 1031 1728 virum
1063 1673 1236 1739 adeat,
1268 1688 1372 1729 non
1404 1674 1575 1727 virum
1604 1673 1668 1727 ad
1697 1689 1914 1729 uxorem
1945 1674 2000 1728 in

411 1782 667 1837 sponsum
688 1766 922 1822 adducit.
944 1765 1104 1820 Erant
1130 1764 1277 1834 nudi,
1294 1776 1338 1821 et
1360 1783 1459 1820 non
1480 1766 1825 1821 erubescebant
1844 1765 1996 1835 (Gen.

411 1858 469 1912 2.
492 1858 605 1928 ‘25).
632 1858 807 1912 Manet
829 1857 1031 1926 regula,
1054 1858 1140 1911 lex
1158 1857 1372 1911 clamat.
1395 1857 1590 1912 Omnes
1612 1858 1691 1913 vir
1708 1857 1995 1925 erubescit,

414 1960 608 2019 prater
634 1950 903 2019 propriam
932 1964 1176 2013 uxorem,
1199 1963 1388 2003 omnes
1412 1963 1546 2003 uxOr
1569 1948 1839 2005 erubescit
1864 1964 2000 2018 prte-

414 2052 494 2095 ter
522 2040 795 2111 proprium
821 2039 1014 2094 virum.
1058 2039 1235 2109 Itaque
1274 2041 1373 2096 hoc
1411 2040 1626 2111 quidem
1660 2041 1768 2095 dixi
1802 2055 1999 2096 secun-

412 2131 538 2185 dum
568 2132 739 2202 legem
764 2149 777 2186 :
802 2146 960 2185 causa
985 2141 1179 2197 autem,
1204 2146 1299 2185 cur
1323 2132 1446 2186 nudi
1473 2148 1575 2186 non
1600 2134 1997 2198 erubescerent,

411 2230 527 2275 erat
553 2222 693 2291 quod
725 2223 1126 2276 immortalitate
1150 2232 1331 2276 essent
1366 2222 1567 2288 induti,
1600 2224 1766 2294 gloria
1794 2224 1993 2279 amicti.

410 2313 525 2367 Non
567 2314 773 2369 sinebat
813 2315 1014 2384 gloria,
1050 2324 1104 2368 nt
1142 2315 1279 2369 nuda
1322 2315 1670 2371 viderentur:
1705 2317 1815 2387 ipsa
1855 2320 1996 2375 enim

410 2405 700 2459 nuditatem
724 2405 1025 2476 obtegebat.
1055 2405 1150 2461 Ubi
1180 2406 1381 2476 poteris
1407 2405 1603 2461 nudum
1629 2408 1805 2465 videre
1826 2410 1999 2466 virum

410 2512 515 2551 non
556 2497 996 2552 erubescentem?
1024 2496 1079 2551 ln
1111 2494 1324 2551 Christo
1369 2498 1541 2568 ipsum
1586 2499 1810 2555 invenis.
1841 2500 2000 2557 Venit

410 2591 605 2648 Petrus
630 2601 681 2645 et
708 2590 943 2647 Joannes
967 2600 1019 2646 et
1053 2590 1283 2646 Jacobus
1310 2591 1360 2645 in
1393 2603 1787 2648 monumentum
1804 2634 1821 2661 ,
1847 2610 1997 2665 qua:-

411 2694 588 2739 rentes
614 2698 829 2754 corpus,
856 2692 909 2738 et
936 2697 1039 2738 non
1067 2682 1407 2747 invenerunt,
1438 2684 1530 2738 sed
1563 2685 1879 2741 invenerunt
1905 2703 1997 2743 ve-

410 2778 660 2829 stimenta
690 2776 952 2841 involuta,
983 2784 1039 2829 ut
1063 2773 1455 2841 ostenderetur,
1486 2784 1608 2846 post
1646 2778 1997 2833 resurrectio-

410 2882 531 2921 nem
555 2866 749 2920 Christi
769 2908 783 2929 ,
813 2867 862 2920 in
894 2866 1007 2936 ipso
1032 2867 1233 2920 servari
1258 2876 1496 2921 veterem
1520 2867 1708 2921 Adami
1736 2867 1957 2923 formam
1977 2909 1993 2935 ,

408 2974 634 3029 esseque
680 2960 797 3013 sine
837 2959 1198 3026 vestimentis,
1244 2972 1352 3012 non
1400 2959 1597 3013 nudum
1643 2968 1859 3023 tamen.
1899 2960 1994 3016 scd

409 3052 679 3106 vestitum.
704 3051 945 3106 Surrexit
973 3048 1235 3115 Christus,
1262 3051 1513 3120 exuitque
1541 3052 1853 3107 vestimenta
1876 3068 1995 3123 qua:

409 3146 643 3200 Adamus
668 3145 933 3212 induerat,
958 3155 1177 3216 eratque
1206 3143 1397 3210 nudus,
1424 3161 1523 3199 uec
1544 3145 1715 3199 nudus
1740 3145 1995 3201 cerneba-

408 3246 511 3291 tur.
534 3235 660 3291 Post
678 3236 1126 3292 resurrectionem
1150 3235 1402 3291 mulieres
1423 3235 1738 3292 vestimenta
1760 3236 1992 3308 projecta

405 3324 607 3380 vident.
642 3324 845 3381 Martha
872 3334 927 3381 et
952 3324 1111 3380 Maria
1142 3325 1327 3381 vident
1353 3342 1497 3392 eum,
1530 3336 1840 3398 agnoscunt,
1867 3343 1993 3399 pro-

406 3416 665 3470 cumbunt
684 3458 698 3482 ,
730 3426 784 3471 et
810 3415 1009 3497 nudum
1041 3432 1146 3473 non
1174 3416 1377 3472 vident.
1407 3416 1559 3473 Unde
1587 3427 1761 3474 vestes
1786 3419 1992 3475 induit?

406 3507 673 3560 Amiserat
699 3507 839 3560 enim
870 3522 962 3561 eos
989 3508 1040 3559 in
1072 3515 1441 3563 monumento.
1469 3506 1652 3562 Priora
1679 3511 1991 3565 vestimenta

406 3595 698 3650 diviserant
736 3596 950 3650 milites.
979 3595 1259 3661 Undenam
1300 3596 1577 3652 induitur?
1604 3598 1742 3653 unde
1768 3599 1858 3670 qui
1888 3615 1989 3654 nu-

406 3684 545 3751 dus,
586 3699 691 3739 non
735 3684 949 3740 nudus?
988 3686 1143 3740 Aliud
1187 3701 1370 3757 quaero
1404 3704 1417 3741 :
1459 3701 1555 3742 cur
1590 3688 1899 3743 vestimenta
1939 3697 1992 3744 et

406 3775 686 3831 sindonem
716 3777 768 3831 in
801 3793 901 3831 una
934 3786 1081 3847 parte
1111 3778 1378 3846 viderunt,
1406 3779 1675 3834 sudarium
1705 3795 1854 3845 vero,
1885 3798 1991 3850 quo

406 3877 567 3937 caput
605 3867 907 3924 Servatoris
945 3871 1178 3925 vinctum
1224 3871 1427 3936 fuerat,
1469 3873 1520 3926 in
1558 3872 1658 3927 alia
1699 3873 1885 3943 parte?
1924 3873 1991 3930 Ut

406 3958 583 4015 divina
630 3960 801 4030 gratia
854 3962 1261 4029 ostenderetur,
1311 3963 1558 4033 quodque
1604 3963 1720 4018 sine
1763 3964 1988 4019 tumultu

404 4052 734 4107 resurrectio
769 4051 975 4107 fuisset.
1005 4053 1071 4107 Et
1099 4053 1219 4122 quia
1256 4068 1524 4108 rumorem
1552 4052 1718 4107 Judtei
1754 4053 1988 4125 sparsuri

403 4153 587 4208 erant,
633 4142 923 4212 discipulos
965 4144 1139 4214 ipsum
1176 4144 1372 4199 furatus
1412 4161 1555 4208 esse,
1596 4146 1849 4217 relinquit
1897 4161 1990 4201 ve-

405 4235 655 4290 stimenta
691 4250 783 4289 sua
826 4236 877 4289 in
918 4245 1280 4291 monumento.
1316 4236 1444 4291 Nam
1485 4238 1572 4307 qui
1613 4249 1879 4294 mortuum
1906 4240 1990 4295 fu-

404 4335 575 4388 ratur,
606 4326 778 4395 ipsum
803 4341 921 4380 cum
949 4328 1279 4382 vestimentis
1301 4325 1522 4382 furatur.
1556 4328 1852 4399 Videreque
1875 4339 1992 4385 erat

405 4415 746 4470 Servatorem
770 4417 1129 4487 egredientem
1156 4433 1220 4471 ex
1245 4418 1506 4486 sepulcro,
1538 4420 1674 4475 sicut
1699 4421 1989 4493 Josephum

405 4522 471 4561 ex
502 4506 665 4562 domo
694 4506 980 4579 Egyptize.
1021 4508 1088 4561 Et
1121 4507 1241 4562 vide
1280 4508 1406 4561 mihi
1441 4508 1792 4568 differentiam
1828 4522 1993 4583 :post

405 4599 854 4654 resurrectionem
890 4598 1036 4653 visus
1073 4607 1157 4653 est
1185 4597 1429 4654 Christus
1469 4600 1639 4655 nudus
1665 4643 1679 4668 ,
1710 4613 1763 4658 et
1803 4604 1994 4663 Petrus

406 4689 584 4745 nudus
624 4706 637 4741 :
680 4705 863 4745 verum
914 4690 1003 4745 ille
1046 4690 1256 4760 quidem
1298 4691 1696 4748 immortalitate
1739 4697 1991 4765 praeditus

406 4789 562 4847 erat,
597 4780 683 4836 hic
709 4789 884 4835 autem
924 4781 1165 4837 mortalis
1193 4780 1365 4837 adhuc
1396 4794 1529 4839 erat.
1556 4784 1712 4840 Jesns
1737 4788 1907 4841 stabat
1936 4789 1988 4842 in

405 4873 604 4938 littore,
633 4873 799 4942 gloria
826 4872 1061 4939 indutus,
1088 4874 1272 4929 dicens
1296 4892 1310 4929 :
1335 4874 1481 4940 Filii,
1504 4894 1623 4931 num
1651 4879 1771 4949 quid
1795 4880 1993 4950 opsonii

408 4963 597 5016 habetis
627 4962 803 5031 (Joan.
830 4963 921 5017 2|.
953 4962 1050 5034 5)?
1079 4963 1223 5029 Non,
1258 4966 1534 5038 inquiunt,
1563 4986 1666 5024 non
1697 4971 1949 5026 habemus
1975 4990 1989 5027 :

410 5066 514 5105 non
541 5052 681 5105 enim
713 5062 970 5107 noverant
993 5070 1135 5110 eum.
1164 5058 1360 5113 Deinde
1385 5058 1510 5114 dicit
1534 5076 1549 5118 :
1584 5061 1771 5115 Mittite
1792 5064 1842 5115 in
1870 5063 1992 5116 dea:-

410 5154 567 5196 teram
596 5145 781 5213 navigii
814 5156 1002 5213 partem
1032 5146 1189 5216 (Ibid.
1228 5164 1272 5201 υ.
1304 5149 1379 5219 6).
1409 5150 1681 5217 Miserum,
1714 5169 1776 5207 ac
1807 5155 1991 5221 ingen-

411 5246 516 5291 tem
547 5236 773 5307 piscium
816 5237 1206 5292 multitudinem
1243 5250 1516 5307 ecperunt.
1553 5245 1807 5312 Agnoscit
1834 5244 1995 5299 Joan-

409 5343 535 5394 nes,
563 5336 618 5384 et
645 5327 773 5383 dicit
795 5328 955 5383 Petro
974 5370 988 5394 ,
1017 5326 1265 5383 Dominus
1289 5339 1362 5383 est
1390 5330 1549 5402 (Ibid.
1573 5349 1620 5386 υ.
1652 5333 1726 5403 7).
1758 5333 1802 5389 Ο
1830 5337 1994 5389 mira-

407 5422 616 5477 culum!
645 5421 759 5476 Non
789 5430 1121 5492 agnoverunt
1142 5436 1206 5475 ex
1229 5435 1379 5487 voce,
1408 5422 1502 5477 sed
1535 5438 1599 5477 ex
1629 5425 1901 5495 Operibus.
1925 5424 1994 5480 Et

410 5520 658 5589 sumpsit,
700 5519 909 5590 inquit,
952 5514 1136 5571 Petrus
1178 5518 1401 5571 tunicam
1435 5533 1455 5572 :
1488 5528 1595 5573 erat
1636 5520 1766 5575 enim
1806 5522 1990 5575 nudus.

411 5607 633 5666 Mortale
669 5626 865 5680 corpus
900 5608 1201 5673 erubescit,
1236 5609 1533 5665 immortale
1571 5627 1676 5668 non
1706 5614 1989 5671 erubescit.

416 5697 610 5754 Verum
637 5701 686 5757 ei
711 5702 798 5771 qui
831 5714 927 5755 nos
962 5700 1130 5770 gloria
1172 5698 1376 5768 induit,
1405 5710 1456 5756 et
1484 5703 1571 5772 qui
1601 5703 1783 5761 orbem
1824 5705 1990 5760 induit

1862 273 2233 331 SEVERIANI

2215 277 2233 331 l
3598 291 3684 350 ιιι

2108 390 2505 447 immortalitate
2530 433 2545 460 ,
2573 390 2698 448 huic
2736 394 3073 464 procldamus
3093 439 3108 463 ,
3141 398 3264 455 huic
3294 402 3681 473 supplicemus,

2106 493 2159 534 ut
2191 497 2287 535 nos
2316 480 2495 536 induat
2522 481 2644 550 fide,
2668 498 2762 553 spe
2786 486 2997 552 salutis,
3022 489 3186 556 gloria
3209 492 3259 545 in
3283 492 3509 549 Christo
3535 512 3547 550 :
3574 513 3683 568 quo.

2104 574 2245 628 niam
2271 573 2413 629 Patri
2442 575 2607 645 gloria
2631 618 2646 642 ,
2677 592 2796 631 cum
2826 580 3094 650 uuigenito
3119 582 3254 638 Filio
3278 594 3333 639 ct
3361 599 3560 644 sancto
3587 590 3680 660 Ερῐο

2103 663 2230 730 ritu,
2258 681 2399 720 nunc
2421 673 2475 720 et
2493 681 2727 739 semper,
2754 678 2806 724 et
2833 670 2886 723 in
2913 673 3104 726 szecula
3132 676 3483 732 saeculorum.
3508 681 3675 736 Amen.

2103 796 2171 852 In
2196 799 2328 852 diem
2350 809 2546 855 sextum
2572 802 2858 867 creationis,
2880 814 2927 857 et
2951 806 3003 858 in
3030 808 3220 875 primos
3242 823 3506 879 paratus,
3529 815 3581 868 in
3599 832 3681 869 srr-

2174 899 2403 956 pentem,
2449 900 2496 945 et
2544 893 2597 944 in
2643 894 2835 962 lignum
2879 897 3133 962 scientitc,
3181 900 3244 953 de
3285 896 3607 958 habitatione
3644 909 3680 959 in

2176 982 2442 1049 paradiso,
2484 983 2644 1053 deque
2675 986 2861 1039 Αριαωί
2897 1004 3011 1041 cum
3059 988 3165 1043 Deo
3207 994 3489 1064 colloquio.
3527 995 3680 1051 Oratio

2174 1082 2314 1127 sexta
2335 1073 2432 1146 (a).
3223 1102 3243 1122 ς

2181 1210 2231 1263 l.
2257 1211 2368 1279 Age
2392 1224 2591 1281 rursus,
2602 1212 2740 1284 quod
2766 1213 2981 1283 polliciti
3008 1232 3194 1273 sumus
3219 1221 3622 1291 aggrediamur.
3642 1237 3676 1281 ct

2102 1309 2471 1370 argumentum
2499 1302 2566 1357 de
2594 1304 2841 1373 paradiso
2868 1305 2934 1360 ad
2963 1307 3122 1363 finem
3148 1325 3315 1382 usque
3336 1313 3675 1371 deducamus.

2104 1393 2213 1448 Etsi
2241 1394 2381 1447 enim
2415 1394 2745 1451 intolerabile
2774 1398 2970 1453 malum
3004 1400 3127 1455 illud
3166 1401 3339 1467 fuerit,
3374 1408 3528 1477 quod
3561 1410 3677 1462 Ad:-

2107 1501 2225 1539 mus
2252 1485 2457 1554 eiectus
2482 1487 2552 1541 sit
2576 1487 2644 1542 de
2673 1489 2937 1558 paradiso,
2963 1492 3117 1563 longe
3144 1496 3314 1566 majus
3338 1499 3453 1552 erit
3482 1502 3675 1561 malum,

2104 1576 2147 1631 si
2180 1591 2276 1631 nos
2305 1592 2334 1630 a
2371 1577 2597 1646 paradisi
2645 1581 2900 1636 memoria
2938 1582 3291 1640 eliminemur.
3337 1584 3482 1644 Rem
3523 1603 3674 1645 autem

2103 1667 2441 1738 attingamus,
2472 1684 2576 1723 non
2607 1674 2976 1729 communibus
3002 1676 3296 1733 rationibus
3316 1695 3441 1735 eam
3473 1693 3676 1737 tractam

2104 1769 2205 1822 tes,
2227 1760 2319 1814 sed
2351 1775 2414 1814 ex
2448 1759 2559 1830 ipsa
2586 1777 2734 1817 sacra
2765 1763 3031 1835 Scriptura
3057 1767 3336 1825 dubiorum
3368 1773 3673 1829 solutionem

2103 1851 2348 1905 mutuati.
2370 1851 2468 1920 Qui
2494 1854 2635 1909 enim
2660 1871 2755 1923 pro
2776 1856 2924 1911 libito
2949 1859 3109 1913 sentit
3137 1870 3190 1914 et
3213 1862 3436 1932 cogitat,
3463 1866 3673 1935 seipsmn

2103 1939 2298 2023 decipit
2318 1958 2332 1996 :
2351 1943 2442 2014 qui
2466 1959 2593 1999 vero
2612 1960 2678 1999 ex
2698 1945 2966 2015 Scriptura
2988 1950 3337 2018 qurestionum
3365 1955 3673 2011 solutionem

2102 2042 2413 2101 mutuatur,
2459 2035 2625 2106 ipsam
2670 2037 2829 2093 habet
2868 2040 3143 2095 veritatem
3188 2043 3528 2114 magistram.
3568 2049 3675 2116 Qui:

2102 2139 2232 2179 vero
2262 2124 2496 2181 fidelium
2526 2128 2674 2182 multi
2717 2128 2951 2198 legentes
2991 2131 3266 2200 dubitant,
3304 2144 3356 2190 et
3401 2137 3675 2193 infidelium

2103 2213 2315 2284 plurimi
2337 2214 2641 2286 ignorantes
2662 2216 3049 2287 blasphemant,
3072 2230 3205 2277 utet
3230 2223 3436 2281 sanctis
3461 2228 3671 2282 animum

2101 2306 2384 2361 certiorem
2410 2307 2716 2373 reddamus,
2749 2317 2803 2364 et
2830 2308 3069 2366 infideles
3102 2314 3463 2380 confutcmus,
3502 2334 3596 2387 pro
3616 2322 3675 2372 ri-

2101 2397 2188 2452 rili
2226 2413 2338 2453 rem
2381 2398 2779 2470 aggrediamur,
2811 2400 2974 2456 Deum
3005 2402 3274 2458 vobiscum
3310 2408 3672 2469 obsecrantes.

2103 2499 2161 2545 ut
2198 2492 2434 2546 veritatis
2474 2492 2629 2547 nobis
2667 2494 2873 2563 copiam
2917 2496 3300 2553 subministret.
3329 2499 3450 2567 Qua
3494 2504 3672 2557 ratione

2103 2582 2262 2638 homo
2286 2584 2528 2639 conditus
2554 2583 2727 2649 fuerit,
2754 2600 2855 2656 qua
2881 2600 3105 2656 corpore
3134 2588 3416 2657 formatus,
3442 2610 3547 2663 qua
3571 2596 3669 2647 item

2100 2689 2129 2728 a
2165 2674 2272 2729 Deo
2300 2684 2475 2731 creata
2504 2676 2678 2730 anima
2735 2678 2877 2734 illius
2907 2678 3069 2734 indita
3096 2682 3306 2753 corpori
3337 2681 3531 2751 fuerit,
3560 2703 3669 2756 quo.

2101 2766 2262 2820 modo
2304 2766 2603 2836 paradisum
2642 2766 2963 2824 domicilium
3008 2769 3291 2839 habuerit,
3322 2775 3428 2829 etsi
3462 2791 3568 2832 non
3600 2794 3669 2845 pro.

2100 2858 2177 2912 rei
2203 2857 2456 2929 dignitate
2475 2898 2490 2924 ,
2530 2874 2626 2929 pro
2658 2858 2906 2916 facultate
2933 2871 3080 2918 certe
3115 2873 3295 2920 nostra
3317 2906 3334 2932 ,
3362 2869 3506 2922 satis
3532 2886 3668 2939 supra

2098 2948 2297 3003 dictum
2324 2956 2424 3002 est.
2452 2948 2568 3005 Jam
2610 2950 2676 3005 ad
2716 2953 3044 3022 propositum
3077 2956 3369 3012 orationem
3402 2972 3666 3015 converta-

2099 3055 2240 3095 mus.
2274 3041 2401 3096 Data
2426 3042 2637 3112 quidem
2670 3043 2872 3097 Adamn
2895 3055 2978 3101 est
3002 3048 3245 3105 universa
3282 3059 3423 3106 terra
3447 3094 3467 3121 ,
3501 3057 3668 3125 praei.

2099 3145 2262 3202 puum
2293 3146 2420 3187 vero
2451 3133 2590 3189 illius
2615 3133 2968 3191 habitaculum
3000 3138 3275 3207 paradisus
3300 3155 3440 3197 erat.
3474 3145 3669 3201 Licebat

2096 3222 2256 3277 etiam
2282 3223 2329 3277 ei
2350 3234 2497 3279 extra
2527 3225 2827 3294 paradisum
2857 3228 2971 3293 ire;
3003 3244 3183 3284 verum
3217 3248 3333 3300 qua:
3357 3244 3515 3289 extra
3548 3253 3669 3307 para-

2098 3310 2271 3366 disum
2293 3322 2446 3367 erant
2466 3312 2697 3370 hominis
2720 3316 3028 3372 habitationi
3049 3318 3293 3388 deputata
3318 3337 3426 3376 non
3452 3325 3665 3385 fuerant.

2096 3401 2189 3457 sed
2211 3401 2400 3471 brutis,
2420 3404 2718 3474 pecoribus,
2741 3407 3193 3477 quadrupedibus,
3213 3410 3354 3476 feris,
3376 3418 3665 3484 reptihbus.

2097 3492 2261 3563 Regia
2301 3509 2430 3549 vero
2472 3503 2526 3549 et
2568 3495 2751 3549 herilis
2791 3495 3046 3553 habitatio
3089 3500 3186 3569 ipsi
3230 3510 3344 3557 erat
3378 3508 3665 3572 paradisus.

2095 3582 2224 3639 Ideo
2270 3584 2409 3639 Deus
2450 3587 2671 3641 adduxit
2706 3587 2951 3642 animalia
2989 3591 3056 3643 ad
3089 3590 3259 3647 Adam
3283 3635 3297 3658 ,
3328 3597 3492 3649 veluti
3526 3600 3591 3651 ab
3617 3615 3663 3653 eo

2095 3684 2360 3743 separata.
2400 3674 2515 3732 Non
2550 3679 2690 3733 enim
2731 3693 2944 3748 semper
2976 3683 3233 3752 mancipia
3266 3684 3389 3740 beru
3431 3689 3661 3749 adstant,

2095 3767 2189 3821 sed
2219 3781 2339 3821 cum
2380 3769 2485 3824 illis
2526 3784 2657 3839 opus
2695 3769 2959 3827 habuerit.
3002 3773 3167 3829 Indita
3207 3778 3525 3836 animalibus
3560 3794 3663 3835 suat

2097 3860 2336 3925 nomina,
2366 3869 2422 3915 et
2445 3862 2621 3916 statim
2642 3863 2811 3932 ejecta
2837 3875 2961 3920 sunt
2981 3882 2999 3923 :
3022 3868 3217 3922 mansit
3236 3881 3410 3925 autem
3436 3876 3604 3927 Adam
3626 3879 3661 3926 in

2095 3949 2361 4018 paradiso.
2380 3953 2478 4009 llic
2490 3969 2619 4010 vero
2630 3952 2927 4024 Scriptura:
2941 3957 3266 4028 diligentiam
3288 3963 3659 4019 animadverte

2168 4042 2512 4096 Animantium
2553 4045 2651 4098 tria
2696 4063 2899 4117 genera.
2939 4080 3010 4090 —
3046 4048 3201 4104 Jussa
3244 4062 3392 4106 erant
3431 4057 3661 4110 animalia

2096 4131 2359 4186 Adamum
2390 4134 2539 4190 adire
2560 4175 2575 4199 ,
2603 4151 2662 4191 se
2685 4138 2759 4193 illi
2791 4139 3077 4205 inclinare,
3110 4142 3316 4213 ipsique
3340 4143 3660 4201 abblandiri:

2095 4224 2328 4293 exempli
2367 4239 2561 4294 causa,
2605 4228 3047 4298 quemadmodum
3091 4241 3245 4287 erant
3277 4236 3376 4289 tria
3415 4236 3663 4307 lignorum

2095 4332 2291 4388 genera
2312 4360 2327 4387 ,
2355 4335 2548 4391 nempe
2576 4320 2715 4391 ligna
2744 4337 2863 4391 qum
2905 4322 3053 4377 illum
3082 4325 3322 4391 alerent,
3354 4336 3411 4382 ut
3437 4331 3667 4387 vireret.

2095 4412 2235 4484 ligna
2261 4429 2379 4485 qua:
2404 4414 2546 4467 illum
2575 4415 2879 4483 probarent,
2908 4426 2966 4470 ut
2994 4418 3129 4473 bene
3156 4420 3373 4487 viveret,
3400 4433 3457 4477 et
3482 4425 3663 4494 lignum

2095 4505 2236 4575 quod
2265 4506 2431 4573 ipsum
2460 4505 2770 4570 custodiret,
2798 4515 2855 4560 ut
2882 4522 3094 4578 semper
3122 4511 3350 4579 viveret;
3375 4514 3453 4569 sic
3479 4525 3532 4569 et
3555 4516 3664 4569 bru-

2096 4603 2268 4649 torum
2314 4595 2660 4651 animantium
2704 4597 2801 4651 tria
2847 4598 2946 4668 ipsi
2984 4614 3236 4656 concessa
3264 4608 3403 4659 ‘sunt
3444 4620 3661 4676 genera:

2095 4700 2259 4739 unum
2286 4684 2353 4740 ad
2383 4700 2558 4741 escam
2579 4728 2594 4751 ,
2624 4687 2851 4743 alterum
2890 4690 2956 4743 ad
2996 4691 3342 4762 obsequium,
3373 4697 3579 4751 tertium
3608 4698 3662 4749 ad

2096 4777 2443 4831 recreandum
2466 4778 2735 4833 animum:
2760 4780 3007 4835 nimirum
3029 4782 3096 4836 ad
3120 4798 3294 4839 escam
3316 4800 3378 4839 ea
3402 4802 3521 4856 qua:
3542 4802 3661 4840 nunc

2098 4878 2431 4935 mactantur;
2464 4869 2529 4923 ad
2569 4872 2939 4937 ministerium,
2967 4874 3106 4944 equi,
3140 4876 3347 4940 cameli,
3390 4880 3547 4941 asini,
3577 4880 3662 4931 bo.

2096 4976 2212 5029 ves,
2243 4963 2451 5033 aliaque
2476 4963 2666 5019 similia
2693 4965 2793 5037 ipsi
2819 4966 3201 5035 ministrantia;
3234 4968 3302 5024 ad
3332 4970 3658 5025 recreandum

2097 5054 2332 5107 animum
2359 5054 2607 5111 animalia
2631 5057 2696 5113 ad
2726 5058 3072 5115 imitationem
3098 5059 3285 5116 idonea
3304 5101 3322 5128 ,
3354 5063 3490 5117 laeua
3519 5076 3659 5115 voces

2096 5145 2357 5201 aeriarum
2379 5146 2578 5212 avium,
2600 5163 2718 5218 qua:
2737 5150 2895 5205 etiam
2917 5164 3078 5205 aures
3095 5151 3384 5207 oblectant.
3407 5151 3658 5219 Quemad-

2097 5236 2312 5293 modum
2339 5241 2481 5295 enim
2507 5256 2700 5311 corpus
2725 5252 2845 5313 post
2868 5243 3097 5309 labores,
3126 5243 3225 5299 nisi
3250 5241 3655 5314 defatigationem

2098 5330 2381 5399 expulerit,
2410 5347 2514 5387 non
2543 5341 2716 5403 potest
2739 5332 2873 5388 alios
2900 5334 3049 5390 adire
3069 5334 3298 5400 labores,
3326 5336 3404 5389 sic
3425 5344 3481 5388 et
3504 5336 3654 5386 anima

2097 5424 2309 5480 virtutis
2334 5424 2606 5481 laboribus
2634 5425 2941 5497 perfuncta,
2975 5428 3075 5482 nisi
3101 5427 3351 5497 iucundis
3377 5428 3657 5496 aspectibus

2098 5524 2390 5585 recreetur,
2420 5517 2487 5574 ad
2514 5519 2961 5589 perseverandum
3001 5520 3053 5575 in
3085 5521 3275 5576 virtute
3312 5533 3419 5574 non
3461 5516 3653 5573 sufﬁcit.

2161 5654 2234 5719 (a)
2269 5664 2378 5706 llaec
2399 5664 2540 5719 sexta
2561 5653 2759 5719 homilia
2780 5668 2876 5706 non
2898 5655 3105 5704 habetur
3141 5656 3190 5704 in
3220 5652 3445 5705 Vaticano
3468 5649 3625 5701 ῦυῶοε
3640 5678 3655 5703 ο

2104 5719 2192 5767 sed
2216 5716 2324 5768 eam
2344 5717 2544 5768 Savilius
2568 5716 2733 5765 edidit.
