3720 6276
37 296 113 359 ωδ
1030 302 1117 356 DE
1156 302 1368 359 MUNDI
1406 304 1498 358 CR

1030 302 1117 356 DE
1156 302 1368 359 MUNDI
1406 302 1802 360 CREATIONE
1840 305 2098 362 ORATIO
2140 307 2225 361 Vl.

37 411 397 482 ιμαρτήματα,
417 409 560 484 αἷμα
595 416 835 486 παρέχον
852 419 984 488 ἡμῖν
1013 421 1072 472 τὸ
1102 419 1420 489 μυστήριον.
1443 419 1589 489 Ὅρα

37 496 97 549 τὸν
125 494 313 548 τύπον.
341 496 724 562 ’Υπνώσαντος
754 500 848 553 τοῦ
880 502 1069 573 Ἀδὰμ,
1109 501 1318 573 πλευρά
1349 501 1592 573 ἐλαμϐά-

38 594 159 632 μετοο
204 578 375 633 ῦπνου
413 582 707 652 γενομένου
736 584 812 654 τῷ
858 584 1076 656 σώματι
1122 585 1216 638 τοῦ
1257 585 1520 656 Χριστοῦ,
1553 588 1588 655 ή

38 661 216 732 πλευρὰ
248 662 494 732 ήνοίγετο
513 705 527 729 ,
557 666 645 720 ῖνα
694 665 829 737 λύσῃ
870 669 971 739 τὴν
1002 668 1235 739 ἀρχαίαν
1262 670 1590 741 τραγῳδίαν,

37 749 77 815 τῇ
116 746 208 816 νέᾳ
243 747 488 819 ἱστορίᾳ⁸
517 747 673 820 ὕπνῳ
699 750 755 803 δὲ
783 750 928 819 λέγω
955 752 1032 822 τῷ
1070 754 1128 804 ἐν
1157 752 1393 823 σταυρῷ.
1427 755 1591 823 ’ῼκο-

37 829 234 897 ἳόμησε
261 829 378 897 τὴν
403 832 676 900 πλευρὰν
702 836 791 901 είς
823 836 1100 904 γυναῖκα,
1140 835 1366 906 ἤγαγεν
1401 836 1596 904 αὐτὴν

37 912 157 983 ἱρὸς
180 913 285 966 τὸν
323 914 513 984 Ἀδάμ.
537 918 601 969 Ὢ
622 917 722 987 τῆς
751 918 942 988 φιλανθ
952 921 1160 991 ρωπίας
1184 921 1279 975 τοῦ
1301 922 1591 975 Δεσπότου.

38 996 158 1049 Ὶόσα
200 1000 376 1059 ποιεῖ,
429 998 676 1066 πλάττει,
718 1001 1031 1074 εὐεργετεῖς
1070 1004 1316 1075 Παράγει
1356 1005 1424 1058 τὰ
1457 1004 1593 1068 ζῶα,

37 1085 385 1151 ιυμφαγωγεῖ.
437 1084 656 1155 Ἐπειδὴ
685 1085 795 1156 γὰρ
829 1086 924 1139 καὶ
961 1088 990 1139 6
1038 1086 1209 1159 Ἀδὰμ
1254 1087 1329 1151 ὡς
1363 1088 1597 1158 ὀρφανὸς

37 1160 102 1235 ἣν,
128 1166 220 1217 καὶ
253 1167 286 1235 ἡ
318 1165 431 1221 Εὕα
449 1168 717 1239 παρθένος
742 1169 1005 1235 ὡσαύτως
1028 1171 1127 1224 οὑκ
1157 1170 1354 1240 ἔχουσα
1386 1173 1596 1243 πατέρα

37 1248 53 1317 ἢ
83 1248 287 1318 μητέρα
309 1247 456 1323 [495]
486 1252 827 1324 πληροῦντας
850 1257 950 1325 τὴν
978 1255 1133 1321 τάξιν
1151 1270 1165 1284 ⁸
1187 1257 1216 1308 6
1245 1254 1379 1317 Θεὸς
1401 1254 1601 1324 πληροῖ

37 1333 215 1399 πατρὸς
241 1332 337 1384 καὶ
366 1336 573 1407 μητρὸς
603 1337 776 1401 τάξιν.
813 1337 917 1391 Καὶ
944 1337 1047 1409 ὅρα
1089 1337 1180 1391 τὸν
1214 1339 1377 1409 νόμον
1398 1354 1413 1370 ο
1448 1343 1600 1393 πᾶσα

38 1414 123 1483 γάρ
167 1416 317 1485 φωνὴ
367 1417 502 1471 Θεοῦ
551 1420 754 1492 ἀρχαία
805 1421 985 1475 κανών
1032 1424 1148 1476 ἐστι
1203 1422 1304 1493 τῆς
1360 1422 1594 1491 φύσεως·

38 1500 265 1566 Ἠγαγεν
291 1503 326 1553 ὁ
356 1500 502 1568 Θεὸς
528 1502 646 1571 τὴν
674 1505 931 1574 γυναῖκα
955 1506 1106 1575 πρὸς
1127 1506 1233 1560 τὸν
1266 1506 1437 1576 Ἀδάμ
1458 1524 1472 1538 ·
1504 1507 1599 1560 καὶ

37 1580 193 1665 ἔμεινε
227 1581 385 1637 τοῦτο
423 1586 587 1656 νόμος
625 1588 732 1653 ἓως
768 1592 869 1660 τῆς
924 1592 1198 1660 σήμερον,
1228 1592 1328 1665 τὴν
1367 1594 1599 1661 γυναῖκα

38 1664 262 1731 γενέσθαι
292 1666 372 1738 τῷ
399 1668 584 1741 ἀνδρί*
619 1672 681 1725 οὑ
711 1673 802 1726 τὸν
845 1673 1015 1745 ἄνδρα
1052 1674 1191 1745 πρὸς
1231 1677 1329 1747 τὴν
1364 1678 1600 1744 γυναῖκα

38 1752 391 1819 νυμφοστολεῖ.
421 1750 618 1810 Ἦσαν
662 1758 908 1827 γυμνοί,
946 1759 1046 1813 καὶ
1079 1761 1191 1815 οὐκ
1230 1760 1593 1830 ᾐσχύνοντο.

37 1833 208 1888 Κανών
235 1837 411 1905 μένει,
451 1841 480 1893 6
511 1839 674 1910 νόμος
855 1842 1069 1907 Πάντας
1097 1844 1406 1915 αἰσχύνεται
1436 1846 1596 1916 ἀνὴρ,

37 1916 167 1981 ἐκτὸς
195 1919 299 1988 τῆς
335 1921 471 1982 ἰδίας
510 1925 803 1992 γυναικός·
838 1927 1046 1990 πάντας
1088 1928 1318 1981 αἰδεῖται
1365 1930 1398 1999 ἡ
1438 1929 1597 2000 γυνὴ.

37 2001 171 2066 ἐκτὸς
211 2005 308 2058 τοῦ
348 2005 478 2060 ἰδίου
514 2008 731 2081 ἀνδρός.
767 2011 877 2064 Καὶ
917 2010 1078 2065 τοῦτο
1129 2011 1227 2082 μὲν
1266 2009 1417 2067 εἷπον
1462 2014 1601 2067 κατὰ

37 2083 106 2136 Ιξὸν
140 2085 334 2156 νόμον
364 2088 427 2142 τὸ
455 2090 512 2143 δὲ
541 2092 714 2144 αἴτιον
752 2092 845 2146 τοῦ
888 2092 961 2165 μὴ
1009 2094 1361 2165 αἰσχύνεσθαι
1389 2095 1467 2167 τῷ
1497 2113 1599 2164 γυ-

38 2167 152 2239 μνῷ,
184 2170 490 2227 ἀθανασίαν
522 2170 662 2244 ἦσαν
696 2177 1073 2248 ἐνδεδυμένοι.
1105 2179 1261 2244 δόξαν
1291 2179 1602 2250 ἐστολισμέ-

38 2270 115 2305 νοι.
142 2253 216 2307 Οὑ
250 2256 546 2329 συνεχώρει
574 2261 608 2331 ἡ
646 2259 773 2327 δόξα
806 2260 1097 2331 βλέπεσθαι
1128 2264 1195 2317 τὰ
1223 2264 1426 2333 γυμνὰ,
1461 2263 1599 2335 αῦτη

38 2336 125 2420 γάρ
158 2337 360 2392 ἔσκεπε
395 2341 496 2412 τὴν
542 2344 878 2413 γυμνότητα.
921 2346 1032 2399 Ποῦ
1077 2346 1209 2420 δύνῃ
1260 2348 1420 2401 πάλιν
1474 2347 1602 2400 ἰδεῖν

37 2418 296 2490 ἱνθρωπον
328 2426 533 2495 γυμνὸν
558 2428 655 2480 καὶ
690 2428 762 2498 μὴ
790 2418 1211 2499 αἰσχυνόμενονς
1243 2432 1332 2484 Ἒν
1364 2430 1442 2502 τῷ
1468 2432 1603 2502 Χρι-

38 2503 127 2586 στῷ
154 2506 317 2561 αὑτὸν
352 2507 649 2579 εὑρίσκεις.
665 2506 838 2565 Ἦλθε
872 2513 1079 2583 Πέτρος
1102 2515 1195 2568 καὶ
1233 2516 1484 2586 Ἰωάννης
1510 2515 1603 2568 καὶ

38 2584 278 2669 Ἰάκωξος
316 2593 397 2654 εἰς
428 2593 489 2644 τὸ
520 2596 806 2664 μνημεῖον,
848 2592 1141 2665 ζητοῦντες
1174 2597 1234 2651 τὸ
1271 2584 1467 2669 σῶμα,
1508 2598 1600 2652 καὶ

37 2670 111 2740 ιὺχ
150 2664 345 2744 εὖρον*
392 2675 506 2728 ἀλλ’
557 2670 716 2748 εὗρον
765 2664 957 2747 ἱμάτια
999 2664 1455 2752 ἐντετυλιγμένα,
1513 2683 1600 2736 ἴνα

37 2752 193 2837 δειχθῇ
215 2798 229 2821 ,
264 2759 369 2823 δτι,
408 2760 549 2830 μετὰ
578 2761 676 2832 τὴν
713 2763 1006 2816 ἀνάστασιν
1035 2764 1128 2817 τοῦ
1167 2766 1402 2837 Χριστοῦ
1423 2807 1437 2829 ,
1467 2767 1602 2820 ἁπο-

37 2836 250 2901 πώζεται
281 2844 343 2896 ἐν
379 2844 529 2915 αὑτῷ
559 2844 620 2898 τὸ
657 2845 881 2917 ἀρχαῖον
924 2850 1109 2921 σχῆμα
1144 2836 1238 2901 τοῦ
1282 2849 1471 2920 Ἀδὰμ,
1504 2851 1600 2903 καὶ

37 2921 218 2989 γίνεται
270 2926 431 2990 ἐκτὸς
480 2929 714 2999 ἱματίων
734 2969 750 2992 ,
779 2929 841 2982 οὑ
870 2932 1075 3001 γυμνὸς
1096 2972 1111 2995 ,
1143 2930 1260 2984 ἀλλ’
1291 2933 1604 3003 ἠμφιεσμέ-

38 3022 120 3069 νος-
162 3009 400 3082 Ἠγέρθη
459 3012 745 3084 Χριστὸς,’
780 3014 874 3066 καὶ
906 3014 1201 3069 ἀποδύεται
1245 3015 1313 3068 τὰ
1349 3017 1536 3087 ἱμάτια
1567 3016 1604 3071 6

37 3090 295 3147 ἐνεδύσατο
322 3097 350 3148 6
385 3095 581 3167 Ἀδὰμ,
621 3097 719 3149 καὶ
761 3092 831 3167 ἦν
862 3098 1091 3169 γυμνὸς,
1132 3098 1226 3151 καὶ
1272 3100 1478 3169 γυμνὸς
1503 3100 1603 3153 οὑκ

37 3172 288 3230 mins-:0.
338 3178 496 3232 Μετά
542 3180 643 3251 τὴν
673 3181 970 3235 ἀνάστασιν
1001 3185 1259 3250 γυναῖκες
1297 3183 1367 3236 τά
1413 3184 1605 3254 ἰμάτια

37 3254 299 3324 βλέπουσιν
330 3261 658 3333 ἐρριμμένα.
695 3264 893 3335 Μάρθα
930 3266 1023 3319 καὶ
1053 3266 1241 3337 Μαρία
1266 3266 1466 3339 όρῶσιν
1501 3269 1602 3322 αὑ-

37 3341 124 3407 τὸν,
147 3345 500 3416 γνωρίζουσι,
546 3350 983 3418 προσπίπτουσι,
1015 3350 1109 3403 καὶ
1146 3350 1354 3420 γυμνὸν
1388 3352 1449 3404 ού
1485 3352 1605 3423 βλέ-

38 3441 194 3484 πουσι.
234 3429 408 3484 Πόθεν
452 3432 727 3487 ἐνδέδυται
770 3434 838 3486 τά
876 3434 1100 3503 ἰμάτια;
1133 3435 1361 3507 Ἐρριψε
1400 3435 1508 3507 γάρ
1546 3440 1604 3491 ἐν

37 3508 95 3579 τῷ
116 3513 289 3584 τάφῳ.
323 3516 405 3570 Τά
435 3515 627 3585 πρῶτα
672 3517 865 3588 ἱμάτια
900 3518 1221 3588 ἐμερίσαντο
1251 3521 1601 3591 στρατιῶται.

37 3593 180 3647 Πόθεν
206 3597 382 3662 οὕτως
411 3598 715 3667 ἐνδέδυται;
762 3601 928 3655 πόθεν
956 3604 985 3655 6
1015 3603 1223 3673 γυμνὸς
1257 3604 1318 3656 οὐ
1355 3604 1561 3675 γυμνός
1585 3624 1601 3673 ;

37 3676 126 3729 Καὶ
152 3680 210 3733 τὸ
241 3681 370 3736 ἀλλο
411 3682 579 3754 ζητῶ.
625 3684 777 3738 Διατί
816 3680 954 3740 εἶδον
998 3686 1065 3739 τὰ
1112 3687 1300 3757 ίμάτια
1346 3688 1443 3741 καὶ
1499 3689 1599 3758 τὴν

38 3763 222 3843 σινδόνα
256 3767 338 3830 εἰς
366 3765 426 3818 ἓν
452 3767 639 3839 μέρος,
664 3768 759 3822 καὶ
782 3767 843 3821 τὸ
866 3769 1146 3841 σουδάριον
1180 3770 1332 3843 παρά
1364 3772 1526 3842 μέρος
1550 3785 1602 3835 ⁸,

38 3836 64 3912 ᾗ
90 3849 117 3917 ἡ
152 3848 361 3920 κεφαλὴ
389 3836 595 3904 ἐδέδετο
628 3854 662 3920 ή
715 3854 979 3924 σωτήριος
999 3870 1013 3919 ;
1032 3836 1158 3908 ψἿνα
1191 3836 1375 3927 δειχθῇ
1406 3836 1446 3926 η’
1473 3856 1603 3924 ἁγία

38 3934 192 4002 χάρις,
217 3934 299 3987 ὅτι
323 3934 383 3987 οὑ
423 3936 561 4004 μετὰ
589 3933 817 4005 θορύϐου
849 3937 883 4006 ή
917 3937 1229 4001 ἀνάστασις.
1272 3938 1383 3992 Καὶ
1417 3939 1603 4010 ἐπειδὴ

38 4015 235 4085 ἔμελλον
269 4018 533 4089 φημίζειν
571 4022 618 4073 οἰ
666 4020 931 4085 Ἰουδαῖοι,
975 4022 1057 4076 ὅτι
1102 4023 1312 4094 ἐκλάπη
1347 4024 1452 4076 ὑπὸ
1492 4024 1602 4079 τῶν

38 4103 292 4172 μαθητῶν,
315 4103 722 4176 καταλιμπάνει
743 4106 810 4159 τά
835 4106 1024 4176 ίμάτια
1048 4106 1214 4160 αὑτοῦ
1243 4110 1299 4160 ἐν
1322 4108 1401 4178 τῷ
1423 4110 1600 4179 τάφῳ.

41 4181 93 4238 ’0
121 4186 225 4258 γὰρ
255 4188 507 4243 κλέπτων
533 4190 749 4260 νεκρὸν,
793 4190 926 4260 μετά
957 4190 1064 4243 τῶν
1097 4191 1326 4262 ἰματίων
1362 4192 1601 4247 κλέπτει.

37 4262 197 4324 Ἧνδὲ
230 4272 358 4325 ἰδεῖν
384 4270 477 4325 τὸν
510 4272 739 4344 Σωτῆρα
764 4272 1049 4337 ἐξελθόντα
1084 4275 1148 4327 ἐκ
1178 4274 1270 4327 τοῦ
1302 4276 1497 4345 τάφου,
1528 4275 1603 4340 ὡς

38 4352 110 4406 τὸν
153 4354 352 4428 Ἰωσὴφ
385 4358 450 4410 ἐκ
482 4356 577 4410 τοῦ
604 4358 754 4411 οἰκου
784 4358 883 4427 τῆς
929 4358 1257 4425 Αἰγυπτίας.
1286 4359 1396 4412 Καὶ
1438 4359 1602 4431 βλέπε

38 4435 115 4505 τὴν
153 4438 450 4510 διαφοράν·
494 4439 631 4509 μετά
684 4440 784 4511 τὴν
822 4440 1118 4494 ἀνάστασιν
1161 4439 1316 4513 ὤφθη
1368 4444 1603 4514 Χριστὸς

37 4523 250 4590 γυμνὸς,
290 4526 387 4577 καὶ
433 4524 643 4595 Πέτρος
685 4524 920 4592 γυμνός·
972 4524 1087 4578 ἀλλ’
1132 4527 1162 4578 6
1207 4525 1306 4596 μὲν
1348 4522 1460 4598 εἶχε
1501 4527 1599 4599 τὴν

38 4603 334 4671 ἀθανασίαν,
357 4607 387 4658 6
416 4607 471 4660 δὲ
494 4602 563 4677 ἦν
596 4607 675 4660 ἐτι
706 4608 917 4680 θνητός.
946 4607 1151 4678 Ἰησοῦς
1184 4611 1426 4683 εἱστήκει
1448 4612 1601 4683 παρὰ

38 4686 108 4739 τὸν
128 4691 392 4759 αἰγιαλὸν,
417 4692 510 4745 καὶ
533 4691 687 4758 δόξαν
716 4693 1108 4764 ἠμφιεσμένος,
1134 4684 1338 4764 λέγων’
1368 4696 1599 4763 Παιδία,

38 4772 98 4839 μή
122 4790 171 4827 τι
193 4775 575 4845 προσφάγιον
604 4775 773 4843 ἔχετε
791 4794 808 4841 ;
828 4775 926 4841 Οὒ,
954 4776 1221 4845 λέγουσιν,
1249 4780 1348 4833 οὑκ
1374 4780 1597 4852 ἔχομεν’

37 4857 81 4907 σὺ
113 4859 214 4931 γάρ
243 4859 548 4931 ἐγνώρισαν
578 4860 761 4913 αὑτὸν.
790 4857 921 4915 Εἶτα
952 4861 1131 4929 λέγει’
1167 4862 1392 4916 Βάλετε
1419 4866 1505 4929 εἰς
1529 4864 1602 4917 τὰ

38 4938 181 5005 δεξιὰ
196 4945 351 5013 μέρη
377 4944 485 4998 τοῦ
514 4945 751 4997 πλοίου.
773 4942 1028 5009 Ἐϐαλον,
1052 4946 1145 4999 καὶ
1170 4945 1443 5017 ἐθήρασαν
1467 4948 1600 5003 πολὺ

37 5024 237 5095 πλῆθος.
268 5028 535 5099 Γνωρίζει
566 5028 838 5098 Ἰωάννης,
874 5029 966 5082 καὶ
996 5028 1145 5099 λέγει
1174 5029 1252 5100 τῷ
1280 5030 1497 5104 Πέτρῳο
1541 5032 1603 5086 '0

37 5109 225 5177 Κύριός
254 5112 447 5166 ἐστιν.
468 5112 534 5165 Ὢ
553 5112 647 5167 τοῦ
674 5112 970 5183 θαύματοςί
1006 5113 1139 5166 Ἀπὸ
1164 5116 1264 5184 τῆς
1297 5116 1481 5185 φωνῆς
1503 5116 1603 5169 οὑκ

37 5192 336 5266 ἐγνώρισαν,
370 5196 488 5250 ἀλλ’
522 5197 630 5251 ἀπὸ
657 5190 767 5251 τῶν
810 5197 1007 5269 ἔργων.
1040 5198 1148 5251 Καὶ
1189 5197 1385 5261 ἔλαϐε,
1418 5200 1600 5267 φησὶν,

37 5280 60 5333 δ
81 5280 293 5351 Πέτρος
314 5282 422 5336 τὸν
444 5282 781 5350 ἐπενδύτην
795 5299 807 5312 ·
825 5279 905 5352 ἦν
926 5282 1035 5356 γὰρ
1056 5281 1301 5352 γυμνός.
1317 5283 1391 5337 Τὸ
1412 5283 1603 5354 θνητὸν

38 5366 176 5435 σῶμα
205 5367 545 5439 αἰσχύνεται,
568 5368 627 5421 τὸ
650 5368 915 5422 ἀθάνατον
947 5368 1047 5421 οὑκ
1071 5366 1406 5437 αἰσχύνεται.
1442 5368 1603 5424 Ἀλλά

37 5448 98 5517 τῷ
122 5451 409 5506 ἐνδύσαντι
450 5453 597 5523 ἡμᾶς
622 5451 799 5516 δόξαν.
834 5451 914 5522 τῷ
959 5450 1243 5506 ἐνδύσαντι
1287 5452 1387 5524 τὴν
1418 5454 1601 5508 οίκου-

38 5531 188 5604 μένην
212 5534 536 5601 ἀθανασίαν,
577 5536 751 5606 τούτῳ
780 5535 1205 5607 προσπέσωμεν.
1241 5534 1432 5590 τοῦτον
1466 5536 1601 5590 καθ-

37 5623 408 5697 ικετεύσωμεν,
437 5626 525 5678 ἶνα
551 5624 747 5696 ἐνδύσῃ
773 5626 919 5695 ἡμᾶς
954 5625 1166 5690 πίστιν,
1196 5624 1388 5679 ἐλπίδα
1422 5643 1600 5699 σωτη-

88 5777 114 5807 ⁶
143 5777 255 5829 Sav.
282 5779 410 5839 cnnj.
438 5779 549 5838 παρ’
568 5779 684 5827 ἄλλο
708 5781 862 5841 μέρος.

351 5883 624 5942 ΡΑτιιοι..
672 5877 789 5941 Gn.
838 5876 997 5942 LVI.

3166 305 3271 359 484

1695 395 1837 492 ρίας,
1879 422 2039 488 δόξαν
2067 423 2165 495 τὴν
2220 426 2276 476 ἐν
2307 423 2558 496 Χριστῷ·
2609 440 2691 477 οτι
2722 421 2800 493 τῷ
2842 416 3019 493 Πατρὶ
3051 421 3084 492 ἡ
3123 420 3271 486 δόξαν

1693 506 1792 559 σὺν
1828 505 1907 577 τῷ
1938 511 2215 577 μονογενεί
2257 508 2370 579 Υἰῷ
2400 509 2490 561 καὶ
2530 506 2609 577 τῷ
2655 506 2797 576 ἁγίῳ
2832 505 3143 576 Πνεύματι,
3177 503 3273 557 νῦν

1692 589 1790 644 καὶ
1816 591 1924 655 ἀεὶ,
1946 591 2042 644 καὶ
2075 592 2156 655 εἰς
2193 592 2318 656 τοὺς
2339 591 2542 655 αἰῶνας
2564 591 2673 644 τῶν
2700 590 2935 644 αἰώνων.
2973 590 3166 661 Ἀμήν.

1696 728 1847 802 [4941
1880 735 1984 796 Εἰς
2008 731 2123 799 τὴν
2141 732 2324 799 ἕκτην
2356 730 2584 801 ἡμέραν
2600 726 2716 802 τῆς
2735 741 3150 802 κοσμοποιιας,
3177 731 3275 783 καί

1765 799 1852 868 είῤ
1882 802 2023 868 τοὺς
2057 799 2587 870 πρωτοπλὰστους,
2627 799 2723 851 καί
2746 801 2833 870 είς
2861 800 2966 851 τόν
2996 799 3155 870 ὅφιν,
3178 802 3275 870 καὶ

1765 874 1853 937 εἰς
1894 873 1960 925 τὸ
1995 868 2185 938 ξύλον
2212 873 2324 941 τῆς
2360 872 2662 940 γνώσεως,
2697 868 2797 921 καὶ
2827 870 2912 941 εἰς
2954 869 3167 941 τὴνᾼὲν
3200 868 3280 941 τῷ

1769 943 2110 1011 παραδείσῳ
2135 939 2442 1013 διατριϐὴν
2462 943 2559 997 καὶ
2581 939 2983 1009 προσομιλίαν
3001 939 3108 994 τοῦ
3132 939 3279 995 Θεοῦ

1763 1016 1913 1083 μετὰ
1941 1015 2049 1070 τοῦ
2084 1015 2275 1086 Ἀδάμ.
2303 1017 2495 1086 Λόγος
2525 1021 2599 1079 ς’.

1767 1147 1837 1203 α’.
1858 1148 1993 1221 Φέρε
2032 1150 2195 1204 πάλιν
2243 1155 2342 1223 τῆς
2380 1153 2708 1222 ἐπαγγελίας
2731 1146 2997 1222 ἁψώμεθα
3020 1190 3034 1211 ,
3060 1148 3152 1202 καὶ
3185 1145 3282 1217 τὴν

1703 1231 1841 1285 κατά
1867 1232 1957 1285 τὸν
1986 1234 2314 1304 παράδεισον
2346 1235 2603 1290 ὑπόθεσιν
2630 1239 2709 1300 εἰς
2734 1237 2884 1298 τέλος
2912 1234 3279 1301 ἐξανύσωμεν.

1700 1315 1764 1369 Ei
1794 1315 1903 1388 γὰρ
1941 1316 2038 1370 καὶ
2089 1318 2363 1390 ἀφόρητον
2406 1320 2623 1388 ἐγένετο
2666 1320 2838 1374 κακὸν
2874 1319 2935 1372 τὸ
2978 1317 3070 1371 τὸν
3113 1315 3284 1384 Ἀδὰμ

1701 1401 2035 1473 ἐκϐληθῆναι
2063 1401 2156 1455 τοῦ
2188 1403 2542 1473 παραδείσου.
2573 1403 2753 1475 πολλῷ
2785 1403 2984 1474 μᾶλλον
3010 1401 3163 1455 ἐσται
3186 1416 3286 1453 κα-

1702 1484 1798 1539 κὸν
1829 1485 1891 1539 τὸ
1917 1486 2010 1539 καὶ
2040 1487 2187 1557 ἡμᾶς
2216 1488 2578 1555 ἐκϐεϐλῆσθαι
2608 1490 2710 1560 τῆς
2739 1489 2958 1559 μνήμης
2981 1486 3075 1540 τοῦ
3106 1500 3286 1553 παρα-

1701 1570 1900 1626 δείσου.
1930 1569 2222 1643 Ἀψώμεθα
2238 1574 2294 1627 δὲ
2311 1573 2409 1643 τῆς
2439 1573 2767 1636 ὑποθέσεως,
2789 1571 2864 1643 μὴ
2887 1572 3085 1633 κοινοῖς
3106 1569 3286 1636 λόγοις

1699 1654 1799 1725 τὴν
1831 1654 2074 1720 ἐξέτασιν
2101 1656 2512 1728 ἐπιτρέψαντες,
2536 1656 2649 1711 ἀλλ’
2679 1658 2774 1712 ἀπ’
2802 1656 2975 1725 αὐτῆς
2996 1656 3096 1726 τῆς
3125 1653 3285 1721 ἁγίας

1702 1738 1927 1809 Γραφῆς
1949 1737 2056 1792 τῶν
2077 1740 2468 1812 ἀπορουμένων
2495 1741 2590 1811 τὴν
2618 1741 2773 1795 λύσιν
2800 1740 3185 1812 λαμΰάνοντες.
3224 1738 3285 1789 '0

1702 1822 1812 1894 γὰρ
1840 1823 1978 1879 νοῶν
2007 1825 2099 1879 καὶ
2133 1826 2345 1895 φρονῶν
2377 1825 2453 1892 ὡς
2482 1825 2747 1896 βούλεται,
2781 1824 2973 1879 ἐαυτὸν
2998 1823 3183 1893 ἀπατᾷ
3206 1838 3220 1852 °
3254 1822 3286 1874 6

1701 1906 1757 1961 δὲ
1802 1908 1954 1978 παρὰ
1996 1908 2098 1978 τῆς
2142 1909 2364 1981 Γραφῆς
2413 1910 2700 1980 μανθάνων
2737 1908 2845 1962 τῶν
2893 1906 3286 1979 ἀπορουμένων

1700 1988 1799 2062 τὴν
1828 1989 2001 2055 λύσιν,
2042 1992 2216 2065 αὑτὴν
2250 1993 2362 2064 ἔχει
2391 1994 2490 2065 τὴν
2521 1992 2780 2065 ἀλήθειαν
2807 1993 3007 2062 ἐαυτῆς
3033 1990 3286 2044 διδάσκαο

1702 2074 1813 2128 λον.
1853 2076 2008 2129 Ἐπεὶ
2051 2077 2233 2131 τοίνυν
2262 2076 2447 2131 πολλοὶ
2481 2077 2575 2131 καὶ
2606 2077 2716 2131 τῶν
2761 2076 2969 2131 πιστῶν
3015 2073 3288 2142 ἀναγινώ-

1704 2174 1928 2223 σκοντες
1959 2160 2243 2231 ἀποροῦσι,
2277 2160 2503 2215 καὶτῶν
2540 2161 2782 2214 ἀπίστων
2812 2158 3129 2229 ἀγνοοῦντες
3159 2156 3287 2227 βλαο

1704 2241 2036 2314 σφημοῦσιν,
2066 2244 2155 2298 ἵνα
2196 2245 2292 2300 καὶ
2320 2247 2434 2309 τοῖς
2469 2244 2644 2313 ἁγίοις
2674 2244 2853 2315 δῶμεν
2888 2243 2989 2312 τὴν
3016 2243 3288 2312 πληροφο-

1705 2326 1846 2397 ρίαν,
1881 2327 1972 2381 και
2016 2331 2131 2392 τοῖς
2160 2328 2416 2393 ἀπίστοις
2441 2328 2533 2383 τὸν
2569 2328 2810 2399 ἔλεγχον,
2844 2326 3111 2397 ἁψώμεθα
3146 2326 3287 2379 κατὰ

1702 2410 1934 2482 δύναμιν
1967 2411 2066 2483 τὴν
2119 2412 2426 2485 ἡμετέραν,
2478 2412 2962 2484 παρακαλέσαντες
3016 2409 3108 2464 τὸν
3153 2408 3287 2462 Θεὸν

1707 2494 1826 2565 μεθ’
1863 2495 2018 2567 ὑμῶν
2053 2497 2360 2568 χορηγῆσαι
2395 2496 2496 2567 τῆς
2551 2496 2811 2567 ἀληθείας
2853 2495 2953 2565 τὴν
3004 2491 3285 2561 ἀφθονίαν.

1706 2580 1896 2644 Ὅπως
1928 2581 2028 2652 μὲν
2054 2578 2147 2636 οὖν
2176 2584 2205 2635 6
2229 2582 2515 2655 ἄνθρωπος
2542 2578 2979 2648 κατεσκευάσθη,
3007 2579 3155 2640 ὅπως
3182 2575 3289 2630 σώο

1707 2681 1837 2734 ματι
1878 2665 2212 2736 διεπλάσθη,
2244 2666 2393 2729 ὅπως
2439 2664 2585 2736 ψυχὴ
2626 2664 2732 2718 ὑπὸ
2770 2663 2904 2717 Θεοῦ
2947 2663 3289 2734 δημιουργη-

1680 2748 1879 2811 νθείσα,
1914 2749 2179 2821 ἐνεϐλήθη
2209 2749 2375 2804 αὑτοῦ
2404 2750 2482 2821 τῷ
2516 2748 2750 2819 σώματι,
2793 2750 2942 2810 ὅπως
2979 2746 3072 2800 τὸν
3106 2747 3288 2817 παρά-

1703 2832 1881 2885 δεισον
1921 2832 2050 2905 ἔσχε
2085 2834 2541 2905 κατοικητήριον,
2588 2836 2638 2887 εί
2694 2834 2787 2887 καί¹
2828 2831 2905 2903 μὴ
2940 2830 3058 2884 κατ’
3107 2828 3288 2896 ἀξίαν,

1702 2916 1818 2970 ἀλλ’
1851 2913 1945 2972 οὖν
1991 2934 2055 2985 γε
2106 2919 2230 2972 ὅσον
2275 2918 2419 2972 κατὰ
2457 2917 2688 2990 δύναμιν
2729 2916 3038 2990 ἡμετέραν,
3092 2913 3291 2975 ἱκανῶς

1703 3002 2050 3075 προείρηται.
2077 3002 2279 3056 Λοιπὸν
2308 3002 2365 3056 δὲ
2395 3003 2488 3055 ἐπὶ⁸
2516 3001 2577 3055 τὸ
2607 3000 2969 3073 προκείμενον
3001 2999 3095 3052 τὸν
3131 2998 3290 3067 λόγον

1701 3086 1995 3157 τρέφωμεν
2017 3087 2065 3141 δ.
2107 3087 2295 3157 Ἐδόθη
2329 3087 2428 3157 μὲν
2457 3086 2534 3157 τῷ
2562 3086 2736 3156 ’Λδάμ
2767 3088 2917 3139 πᾶσα
2941 3087 2974 3155 ὴ
3002 3085 3072 3154 γῆ
3090 3102 3102 3112 ·
3135 3080 3205 3154 ἦν
3233 3083 3290 3135 δὲ

1704 3170 1979 3242 ἐξαίρετον
2028 3170 2197 3225 αὑτοῦ
2234 3172 2551 3241 οἰκητήριον
2588 3172 2616 3224 6
2653 3169 2998 3241 παράδεισος.
3034 3168 3189 3237 Ἐξῆν
3232 3166 3290 3242 δέ

1702 3234 1853 3325 αύτῷ
1881 3243 1975 3307 καὶ
1996 3253 2101 3319 ἐξω
2124 3253 2218 3307 τοῦ
2252 3234 2583 3326 παραδείσου
2620 3234 2854 3323 βαδίζειν
2874 3269 2888 3284 ο
2918 3251 3052 3305 ἁλλά
3082 3234 3155 3303 τά
3183 3234 3288 3317 ῐξώ

1702 3338 1797 3391 τοῦ
1836 3336 2169 3410 παραδείσου
2216 3338 2278 3390 οὑ
2302 3339 2369 3408 τῇ
2421 3338 2635 3407 οἰκήσει
2677 3336 2768 3390 τοῦ
2799 3335 3087 3405 ἀνθρώπου
3132 3333 3285 3404 ἀφώ-

1708 3440 1877 3495 ριστο.
1914 3422 2051 3476 ἀλλά
2081 3424 2193 3487 τοῖς
2238 3421 2471 3490 ἀλόγοις.
2506 3424 2619 3484 τοῖς
2661 3421 2905 3490 κτήνεσι,
2940 3423 3053 3483 τοῖς
3090 3420 3288 3491 τετρά-

1707 3525 1855 3569 ποσι,
1893 3510 2008 3571 τοῖς
2030 3507 2259 3580 θηρίοις,
2299 3510 2413 3570 τοῖς
2450 3508 2719 3577 ἑρπετοῖς.
2752 3500 2862 3558 ’Ἦν
2892 3505 2947 3558 δὲ
2966 3503 3115 3574 αὑτῷ
3144 3503 3293 3574 βασι-

1704 3592 1854 3646 λικὸν
1882 3593 1976 3645 καὶ
2008 3591 2328 3645 δεσποτικὸν
2370 3590 2692 3661 ἐνδιαίτημα
2718 3591 2747 3644 6
2791 3589 3142 3660 παράδεισος.
3191 3589 3293 3642 Διά

1704 3677 1865 3731 τοῦτο
1902 3680 1997 3731 καὶ
2022 3679 2049 3731 6
2078 3676 2210 3741 Θεὸς
2235 3678 2407 3748 ήγαγε
2450 3676 2585 3746 πρὸς
2613 3675 2707 3729 τὸν
2736 3675 2909 3745 ’Δδάμ
2932 3674 3001 3729 τά
3043 3674 3177 3739 ζῶα,
3216 3674 3293 3738 ὡς

1706 3761 2087 3834 κεχωρισμένα
2113 3761 2302 3817 αὑτοῦ.
2331 3761 2405 3813 υὺ
2434 3760 2544 3830 γὰρ
2570 3759 2803 3813 πάντοτε
2833 3758 3193 3829 παρίστανται
3222 3759 3293 3811 τὰ

1704 3846 1866 3900 δοῦλα
1902 3846 1981 3918 τῷ
2012 3847 2270 3919 δεσπότῃ,
2315 3846 2431 3900 ἀλλ’
2474 3847 2603 3899 ὅταν
2627 3844 2808 3897 αὑτῶν
2928 3842 3107 3914 χρεία.
3154 3843 3295 3895 Ὠνο-

1709 3932 1889 4004 μάσθη
1927 3932 1996 3986 τά
2045 3930 2195 3997 ζῶα,
2250 3932 2342 3986 καὶ
2392 3930 2554 3993 εὐθὺς
2597 3927 2896 3999 ἐξεϐλήθη·
2945 3928 3128 3997 ἔμεινε
3173 3925 3230 3980 δέ
3262 3929 3291 3979 6

1718 4016 1888 4085 Ἀδάμ
1917 4016 1975 4067 ἐν
1998 4014 2077 4085 τῷ
2104 4013 2440 4085 παραδείσῳ.
2471 4012 2675 4067 Λοιπὸν
2697 4010 2935 4064 ἐνταῦθα
2959 4010 3057 4082 τὴν
3087 4009 3289 4081 ἀκριόῆ

1705 4098 2031 4169 κατανόησιν
2063 4097 2323 4167 μάθωμεν
2346 4108 2390 4151 ο.
3229 4092 3243 4113 ³

1790 4201 2153 4272 Ἐπετρέπετο
2228 4204 2338 4263 τοῖς
2410 4197 2623 4269 ἀλόγοις
2697 4203 2791 4254 καί
2860 4198 3139 4271 προσιέναι
3215 4198 3293 4269 τῷ

1718 4287 1924 4359 Ἀδὰμ,
1974 4288 2070 4339 καὶ
2125 4284 2537 4346 ὑποκλίνεσθαι,
2588 4285 2682 4338 καὶ
2746 4285 3055 4338 ὑποσαίνειν
3110 4280 3288 4354 αὐτῷ’

1704 4368 1817 4426 οἷόν
1866 4388 1918 4424 τι
1974 4369 2146 4439 λέγωο
2184 4369 2371 4441 ῶσπερ
2414 4364 2554 4440 ἦσαν
2598 4370 2744 4439 τρεῖς
2796 4368 2969 4436 ξύλων
3007 4366 3289 4438 διαφοραί-

1702 4450 1774 4527 ἦν
1794 4454 1904 4525 γάρ
1946 4452 2078 4521 ξύλα
2118 4453 2187 4507 τὰ
2213 4453 2478 4526 τρέφοντα
2509 4452 2672 4507 αὑτὸν
2713 4452 2793 4515 εἰς
2824 4452 2883 4504 τὸ
2906 4453 3023 4522 ζῇν,
3060 4447 3128 4523 ἦν
3160 4450 3294 4515 ξύλα

1704 4542 1772 4595 τὰ
1816 4538 2181 4610 δοκιμάζοντα
2224 4538 2387 4592 αὑτὸν
2426 4539 2507 4603 εἰς
2559 4538 2620 4591 τὸ
2652 4533 2711 4591 εῦ
2754 4534 2875 4608 ζῇν,
2910 4537 3001 4589 καὶ
3027 4531 3095 4607 ἧν
3138 4534 3294 4600 ξύλον

1703 4625 1766 4679 τὸ
1808 4624 2073 4695 φυλάττον
2112 4622 2276 4677 αὑτὸν
2320 4625 2400 4686 εἰς
2440 4623 2501 4676 τὸ
2548 4621 2635 4675 ἀεὶ
2684 4621 2813 4692 ζῇν
2864 4620 3006 4675 οὕτω
3045 4621 3141 4673 καὶ
3182 4619 3293 4671 τῶν

1704 4708 1859 4774 ζώων
1887 4708 1995 4762 τῶν
2023 4707 2233 4776 ἀλόγων
2279 4709 2425 4779 τρεῖς
2473 4706 2733 4778 ἐδόθησαν
2763 4705 2910 4776 αὑτῷ
2946 4705 3129 4772 διαφο-
3165 4705 3286 4775 ραί·

1707 4792 1804 4863 μία
1854 4794 1933 4856 εἰς
1985 4791 2218 4862 βρῶσινο
2274 4793 2374 4844 οὑκ
2406 4790 2554 4859 αὑτῷ
2584 4790 2641 4842 δὲ
2683 4789 2857 4861 μόνῳ,
2895 4787 3032 4841 ἀλλά
3074 4791 3169 4842 καὶ
3205 4788 3286 4857 τῷ

1704 4875 1868 4946 κοινῷ
1921 4875 2200 4946 ἀφώριστο
2243 4875 2420 4944 γένει·
2472 4874 2569 4945 μία
2606 4876 2686 4937 εἰς
2745 4873 2981 4946 βρῶσιν,
3030 4873 3164 4944 ἄλλη
3205 4875 3287 4939 εἰς

1705 4960 2029 5032 ὑπηρεσίαν,
2059 4959 2192 5032 άλλη
2241 4961 2320 5022 εἰς
2352 4956 2739 5029 ψυχαγωγίαν·
2783 4951 2916 5021 οἷον,
2958 4959 3038 5021 εἰς
3085 4953 3287 5029 βρῶσιν

1704 5042 1882 5097 τὰνῦν
1914 5042 2149 5113 θυόμενα
2169 5060 2182 5072 ·
2217 5045 2295 5105 εἰς
2324 5040 2629 5113 ὑπηρεσίαν
2652 5041 2830 5099 ἵπποι.
2861 5040 3119 5112 κάμηλοι,
3153 5041 3284 5103 ὄνοι,

1705 5127 1848 5198 βόες,
1886 5126 1955 5181 τὰ
1989 5128 2126 5183 ἄλλα
2162 5127 2232 5181 τὰ
2262 5125 2672 5198 ὑπουργοῦντα·
2712 5127 2793 5190 εἰς
2819 5124 3181 5197 ψυχαγωγίαν
3218 5126 3287 5179 τά

1707 5212 1919 5285 μιμηλὰ
1953 5213 2088 5278 ζῶα,
2122 5214 2178 5267 αί
2207 5212 2383 5282 φωναὶ⁵
2424 5210 2533 5264 τῶν
2562 5209 2791 5283 ὀρνίθων
2828 5210 2938 5265 τῶν
2985 5211 3186 5282 ἀερίων
3229 5212 3286 5263 αἱ

1703 5298 1949 5368 φαιδραὶ,
1989 5298 2046 5351 αἶ
2078 5300 2175 5352 καὶ
2228 5296 2327 5361 τὰς
2380 5295 2551 5359 ἀκοὰς
2586 5295 2888 5363 θέλγουσιν.
2922 5294 3135 5365 Ὠσπερ
3175 5293 3284 5364 γάρ

1704 5382 1865 5453 σῶμα
1897 5381 2033 5454 μετὰ
2073 5379 2223 5454 1495]
2263 5382 2357 5434 τὸν
2380 5383 2649 5451 κάματον,
2684 5380 2780 5433 ἐὰν
2821 5379 2895 5451 μὴ
2946 5378 3283 5446 ἀποδύσηται

1702 5466 1828 5528 τοὺς
1848 5466 2067 5532 πόνους,
2103 5465 2203 5519 οὑκ
2226 5464 2436 5536 ἀντέχει
2468 5462 2603 5533 πρὸς
2634 5462 2854 5534 ἐτέρους
2893 5463 3115 5522 πόνους’
3139 5458 3282 5510 οὕτω

1764 5611 1792 5673 13
1820 5606 1913 5673 Hic
1946 5605 2333 5673 notat_Sa\j_ll.Ain
2361 5618 2513 5667 marg.
2536 5619 2610 5666 γρ.
2632 5604 2665 5673 6
2687 5601 3080 5673 ὶιόγοΙςΔχωρεὶτω.
3122 5658 3135 5673 ρ

1765 5669 1787 5696 ⁸
1818 5668 1907 5717 Hic
1929 5675 2059 5717 nom
2087 5667 2237 5715 Savil.
2263 5668 2312 5717 iu
2340 5663 2680 5728 ιηετέῖγρζτήν
2699 5663 2941 5728 ἀκρίϐειαν
2962 5663 3277 5728 κατανόησον.

1705 5728 1926 5840 Ιηὶόώγρ.
1952 5732 2286 5793 ἐπετέτραπτο.
2311 5728 2421 5778 Mox
2445 5722 2881 5791 γρ.”’ὑποκ).ιθῆναι,
2907 5730 2961 5774 et
3000 5722 3189 5775 ibidem
3200 5737 3278 5790 γρ.

1705 5806 1793 5839 αυτ
1852 5827 1864 5840 .

1704 5806 1864 5840 mw.

2854 5878 2934 5941 30
