3704 6274
481 256 590 316 685

480 375 746 449 καὶψυχὴ
781 378 909 440 τοὺς
940 370 1043 449 τῆς
1074 378 1276 449 δι’ρετης
1318 387 1516 444 πονους
1552 381 1917 451 ὑπομένουσα,
1956 383 2052 437 ἐὰν

482 459 557 530 μὴ
583 462 702 523 ταῖς
734 461 941 531 ἡδείαις
980 460 1135 530 ὄψεσι
1154 461 1531 535 ψυχαγωγηθῇ
1551 506 1565 527 ,
1609 466 1709 519 οὑκ
1731 466 1893 536 ἀρκεῖ
1918 466 2054 537 πρὸς

475 542 568 596 τὸν
601 543 752 597 τόνον
790 543 888 615 τῆς
918 546 1139 615 ἀρετῆς.
1177 545 1346 599 Ὅταν
1373 547 1459 620 ίδῃ
1502 549 1531 599 6
1562 547 1696 612 Θεὸς
1738 550 2053 619 κάμνουσαν

474 627 672 697 ψυχὴν,
706 626 1024 697 ψυχαγωγεῖ
1043 628 1212 697 αὐτὴν
1237 628 1325 682 διά
1353 630 1459 681 τῶν
1486 630 1683 701 ἡδέων·
1713 627 1823 684 οἷον
1844 632 2053 699 γίνεται

474 711 570 764 καὶ
601 710 688 779 ἐφ’
719 711 895 781 ἡμῶν.
932 711 1200 774 Πολλάκις
1228 712 1337 783 γὰρ
1373 712 1431 777 ἐξ
1460 714 1666 781 ἀγορᾶς
1694 714 2002 768 ἐπανελθὼν
2023 718 2052 769 6

474 792 787 865 ἄνθρωπος,
846 795 940 847 καὶ
990 795 1211 865 μυρίαις
1248 794 1443 855 λύπαις
1492 798 1906 869 περιαντληθείς
1954 799 2051 869 τήν

472 875 731 944 διάνοιαν,
759 878 854 931 καὶ
888 877 1161 948 συντυχὼν
1188 878 1341 948 ὄψεσι
1376 879 1633 944 πολλάκις
1665 881 1925 953 βαρείαις,
1958 885 2053 937 καὶ

474 961 618 1033 ἀφορ
628 963 775 1033 ήτοις
797 960 1108 1031 περιπεσὼν
1130 966 1434 1033 συμφοραῖς
1461 963 1553 1017 καὶ
1573 964 1796 1035 ζημίαις
1811 977 1859 1029 ι,
1880 966 2050 1019 ἐλθὼν

473 1046 555 1107 εἰς
578 1046 678 1115 τὴν
713 1044 893 1117 οἰκίαν
922 1044 1168 1116 εὑρίσκει
1204 1045 1418 1098 παιδίου
1452 1046 1826 1116 ψυχαγωγίαν,
1867 1049 1960 1101 καὶ
1991 1048 2051 1102 τὸ

475 1125 708 1197 σκληρὸν
731 1127 841 1180 τῶν
874 1127 1051 1179 πόνων
1084 1127 1294 1197 ἀλείφει
1321 1129 1380 1182 τὸ
1418 1130 1624 1183 ἁπαλὸν
1655 1132 1755 1201 τῆς
1786 1132 2045 1195 διανοίας.

484 1207 701 1281 Ἐπειδὴ
740 1210 850 1282 γάρ
885 1210 1035 1281 αὑτῷ
1069 1210 1363 1283 ἀθυμοῦντι
1410 1214 1472 1266 οὑ
1506 1215 1643 1286 γυνὴ
1689 1216 2048 1287 προσέρχεται

466 1294 935 1365 παραμυθουμένη
959 1338 973 1361 ,
1027 1296 1103 1359 ώς
1141 1298 1368 1369 ἄκαιρον
1408 1298 1602 1369 ἔχουσα
1647 1300 1745 1373 τὴν
1794 1318 2049 1371 παραμυ-

467 1377 613 1444 θίαν,
644 1378 744 1431 οὑκ
766 1379 988 1449 οἰκέτης
1020 1379 1191 1451 τολμᾷ
1222 1382 1744 1453 παραμυθήσασθαι,
1781 1386 1988 1452 εἰσάγει
2020 1388 2049 1439 6

468 1459 602 1538 Θεὸς
638 1462 738 1532 τὴν
758 1462 1032 1516 ἄπλαστον
1061 1462 1221 1530 φύσιν
1248 1465 1348 1535 τὴν
1375 1464 1702 1537 συγγνώμης
1724 1466 2047 1538 ἀξιουμένην

469 1542 531 1608 ἐξ
553 1537 628 1597 ὧν
652 1546 753 1597 οὑκ
773 1540 901 1607 οίδε,
932 1546 1028 1598 καὶ
1055 1545 1121 1599 δι’
1158 1547 1327 1617 αὑτῆς
1362 1546 1571 1617 ἀλείφει
1595 1548 1693 1620 τὴν
1722 1549 1787 1602 ἐκ
1815 1537 1922 1602 τῶν
1947 1549 2046 1603 πό·-

470 1643 575 1681 νων
624 1631 965 1699 κεκμηκυῖαν
1007 1630 1202 1700 ψυχήν.
1252 1632 1479 1699 Οἰκέτης
1526 1631 1621 1684 ἐὰν
1679 1632 2043 1705 προσγελάσῃ,

450 1709 750 1780 ’νομίζεται
794 1712 1054 1783 ἐπιγελᾷν
1090 1716 1157 1784 τῇ
1194 1712 1349 1785 ὕϐρει
1383 1712 1479 1767 τοῦ
1509 1714 1767 1769 δεσπότου
1791 1730 1805 1744 ⁸
1842 1718 1877 1787 ἠ
1909 1719 2044 1787 γυνὴ

467 1795 563 1848 ἐὰν
604 1796 831 1869 γελάσῃ,
859 1798 1139 1869 νομίζεται
1175 1801 1529 1871 ἀναισθητεῖν
1559 1803 1686 1874 περὶ
1713 1802 1811 1875 τήν
1840 1820 2048 1874 συμφο-

454 1880 569 1949 ’ράν
590 1895 605 1911 ο
639 1881 700 1933 τὸ
734 1881 945 1934 παιδίον
995 1882 1305 1937 ἀνύποπτον
1349 1884 1460 1955 ἔχει
1508 1884 1608 1956 τὴν
1643 1885 1929 1939 κολακείαν
1958 1886 2047 1941 διὰ

464 1963 563 2034 τὴν
584 1964 656 2018 ἐκ
681 1964 780 2035 τῆς
813 1964 1025 2033 φύσεως
1052 1966 1421 2038 ἀκεραιότητα
1442 1984 1455 1999 ·
1488 1968 1585 2021 καὶ
1626 1968 1887 2034 πολλάκις
1910 1969 1945 2023 ἃ
1971 1969 2045 2043 μὴ

434 2056 437 2063 ’
467 2049 695 2118 ἴσχυσαν
722 2048 864 2117 φίλοι
903 2048 1398 2119 συμϐουλεύοντες,
1439 2051 1594 2120 σοφοὶ
1632 2052 2042 2117 νουθετοῦντες,

468 2130 653 2200 ἴσχυσε
683 2132 894 2185 παιδίον
921 2132 1159 2201 γελάσαν
1193 2133 1373 2204 μόνον,
1403 2133 1563 2189 λῦσαι
1584 2134 1683 2207 τὴν
1712 2137 1891 2189 πᾶσαν
1917 2153 2047 2207 συμο

466 2216 659 2286 φοράν.
692 2216 802 2269 Καὶ
835 2216 1023 2271 λοιπὸν
1048 2219 1081 2289 ή
1112 2216 1261 2289 ψυχὴ
1289 2220 1347 2271 ἐν
1371 2219 1510 2288 αὐτῇ
1539 2220 1606 2289 τῇ
1640 2218 1791 2291 ἀκμῇ
1824 2220 1923 2291 τῆς
1947 2220 2042 2273 λύ-

466 2316 606 2369 πης,
644 2300 747 2370 όρᾷ
783 2299 882 2368 μὲν
911 2299 972 2353 τὸ
1003 2299 1239 2364 παιδίον,
1274 2301 1368 2353 καὶ
1403 2300 1503 2364 τάς
1548 2301 1726 2372 ἀρχάς
1764 2302 2041 2367 ἀνανεύει,

466 2382 561 2435 καὶ
585 2382 888 2436 ἀπωθεῖται
928 2383 1028 2453 τὴν
1063 2383 1288 2455 άκαιρον
1318 2384 1675 2455 ψυχαγωγίαν
1696 2402 1710 2415 ·
1740 2385 1957 2440 ἕλκεται
1987 2386 2044 2440 δέ

463 2467 533 2536 τῇ
564 2468 879 2537 παραμονῇ,
911 2466 1007 2520 καὶ
1048 2467 1178 2519 ὅταν
1204 2465 1465 2530 πολλάκις
1499 2467 1748 2541 ἐπικλίνῃ
1776 2470 1837 2521 τὸ
1868 2469 2041 2539 ὄμμα,

465 2549 771 2620 ἀρπάζεται
797 2551 896 2621 τὴν
938 2550 1211 2604 διάνοιαν·
1253 2546 1375 2605 εἶτα
1419 2550 1704 2605 ἀναλαϐὼν
1739 2552 1830 2607 τὸν
1856 2553 2040 2619 παῖδα,

464 2632 785 2687 ἀποτίθεται
819 2634 919 2704 τὴν
946 2633 1143 2704 λύπην,
1188 2634 1281 2687 καί
1313 2651 1472 2704 φησι·
1510 2634 1712 2689 Τοῦτόν
1761 2652 1849 2707 μοι
1887 2637 2047 2708 χαρί-

465 2733 617 2770 σεται
633 2717 662 2757 b
688 2719 716 2770 6
738 2716 871 2779 Θεὸς
902 2717 1080 2789 μόνον,
1106 2719 1199 2771 καὶ
1227 2717 1399 2781 οὑδείς
1423 2736 1511 2789 μοι
1535 2718 1689 2788 λόγος
1711 2718 1820 2772 τῶν
1847 2720 2039 2776 ἄλλων.

534 2797 689 2861 Εἶδες
718 2798 833 2864 πῶς
865 2801 957 2855 καὶ
978 2800 1085 2853 ἀπὸ
1112 2801 1220 2855 τῶν
1246 2802 1513 2873 τυχόντων
1540 2803 1742 2874 ἐγείρει
1768 2805 1796 2857 6
1824 2804 1956 2868 Θεὸς
1976 2807 2041 2877 τῇ

463 2884 610 2954 ψυχῇ
639 2882 737 2955 τήν
769 2884 1153 2956 παραμυθίανς
1187 2885 1340 2939 Ἐπεὶ
1381 2883 1473 2941 οὖν
1506 2887 1665 2957 μόνος
1709 2883 1837 2959 ἦνοό
1874 2889 2045 2960 Ἀδάμ

461 2969 521 3020 ἐν
548 2966 626 3037 τῷ
653 2968 986 3038 παραδείσῳ,
1011 2968 1071 3020 οὑ
1095 2968 1246 3036 φίλον
1277 2968 1435 3039 ἔχων,
1464 2972 1525 3023 οὑ
1553 2971 1786 3039 γείτονα,
1815 2972 1874 3024 οὑ
1908 2989 2042 3041 συγ-

463 3053 617 3121 γενῆ,
646 3052 938 3122 εἰσήγαγεν
962 3051 1111 3121 αὑτῴ
1138 3054 1163 3105 6
1185 3051 1315 3115 Θεὸς
1337 3053 1407 3105 τὰ
1440 3054 1555 3118 ζῶα
1588 3054 1666 3116 είς
1685 3053 2042 3125 ψυχαγωγίαν

463 3135 659 3189 αὑτοῦ·
691 3131 822 3196 οἷον,
848 3135 1038 3207 ὥσπερ
1066 3138 1181 3190 ἐστὶ
1204 3138 1442 3209 σήμερον
1472 3139 1538 3192 τά
1570 3138 1685 3202 ζῶα
1713 3141 1782 3194 τά
1806 3140 2038 3212 μιμηλὰ,

454 3219 530 3273 τά
562 3218 661 3289 μὲν
693 3219 1009 3289 μιμούμενα
1047 3220 1325 3290 σχήματα,
1359 3220 1503 3273 τὰδὲ
1534 3223 1752 3292 φωνήν·
1789 3217 1920 3287 οἷον,
1955 3242 2043 3295 μι-

464 3305 646 3373 μεῖται
683 3302 751 3355 τὰ
781 3304 1034 3373 σχήματα
1056 3303 1166 3356 τῶν
1198 3303 1500 3375 ἀνθρώπων
1534 3306 1784 3379 πίθηκος,
1816 3308 1910 3361 καὶ
1943 3310 2043 3362 ὃσα

458 3386 714 3440 τοιαῦτα·
750 3386 933 3458 φωνὴν
960 3386 1220 3455 ψιττακὸς
1246 3390 1341 3443 καὶ
1373 3391 1550 3461 ἕτεροι
1584 3392 1849 3462 στρουθοί.
1884 3389 2042 3465 Εἷχεν

450 3467 555 3524 οῦν
576 3470 937 3542 ψυχαγωγίαν
975 3472 1072 3542 τὴν
1100 3474 1249 3544 παρὰ
1287 3473 1395 3527 τῶν
1423 3474 1654 3543 ἀλόγων,
1687 3476 1797 3529 τῶν
1824 3477 1921 3546 μὲν
1958 3494 2043 3530 κε-

459 3554 786 3617 λαδούντων,
811 3554 921 3607 τῶν
947 3554 1002 3607 δὲ
1033 3554 1207 3609 ἀλλων
1251 3558 1668 3611 ὑποσαινόντων.
1695 3560 1910 3615 Πολλῶν
1933 3562 2042 3614 τοί-

450 3652 558 3690 Δνυν
586 3636 755 3690 ὄντων
784 3637 891 3690 τῶν
919 3637 1271 3709 πληρούντων
1300 3639 1448 3709 αὑτῷ
1482 3640 1579 3710 τὴν
1612 3643 1986 3713 παραμυθίαν,
2012 3646 2042 3697 6

461 3720 584 3790 ὄφις
606 3719 1016 3791 φρονιμώτατος
1041 3717 1110 3793 ἦν
1141 3722 1280 3794 ὑπὲρ
1304 3724 1482 3777 πάντα
1507 3724 1578 3777 τά
1598 3723 1761 3797 θηρία
1790 3726 1890 3797 τῆς
1914 3729 2039 3797 γῆς.

462 3802 642 3866 καθὼς
668 3799 819 3855 εἷπεν
843 3804 877 3874 ἡ
902 3804 1097 3876 Γραφὴ
1117 3820 1132 3834 ·
1169 3805 1233 3858 '0
1254 3803 1321 3857 δὲ
1346 3805 1480 3874 ὄφις
1499 3802 1578 3873 ἦν
1603 3809 2041 3878 φρονιμώτατος

461 3884 705 3939 πάντων
720 3883 847 3937 σιῶν
875 3886 1114 3953 θηρίων,
1137 3880 1225 3941 ὧν
1258 3888 1507 3956 ἐποίησε
1530 3891 1745 3957 Κύριος
1775 3894 1808 3947 ό
1835 3894 2001 3959 Θεός.

532 3963 718 4039 β’.Ἧν
735 3963 837 4021 οῦν
865 3968 956 4021 καὶ
984 3969 1092 4021 τῶν
1122 3969 1375 4040 μιμηλῶν
1405 3972 1783 4043 μιμηλότερος,
1812 3977 1907 4027 καὶ
1932 3975 2040 4029 τῶν

460 4053 861 4107 ὑποσαινόντων
891 4052 1204 4123 ἐγγύτερος.
1251 4055 1341 4126 Μὴ
1378 4056 1623 4130 πρόσχῃς
1662 4061 1727 4129 τῇ
1759 4058 1853 4112 νῦν
1894 4059 2035 4129 ὄψει,

458 4138 540 4191 ὅτι
576 4136 670 4192 καί⁵
699 4136 993 4206 φεύγομεν,
1034 4139 1126 4190 καὶ
1172 4136 1605 4209 βδελυττόμεθα·
1637 4142 1737 4194 οὑκ
1768 4138 1836 4213 ἦν
1866 4142 2040 4208 οὕτως

457 4222 553 4274 ἀπ’
579 4221 773 4292 ἀρχῆς.
817 4221 971 4284 Φίλος
1000 4218 1067 4292 ἦν
1096 4224 1124 4275 6
1149 4222 1272 4291 ὄφις
1298 4261 1313 4285 ,
1349 4223 1443 4276 καὶ
1483 4223 1593 4276 τῶν
1638 4225 2038 4281 ὑποσαινόντων

457 4304 550 4358 τὸν
568 4305 855 4375 ἄνθρωπον
877 4303 1188 4374 ἐγγύτερος.
1222 4304 1316 4367 Τίς
1332 4301 1425 4358 οὖν
1454 4306 1615 4359 αὑτὸν
1635 4308 1826 4379 ἐχθρὸν
1847 4311 2037 4381 ἐποίη-

460 4404 586 4450 cev;
626 4386 689 4438 Ἥ
713 4385 806 4439 τοῦ
830 4386 964 4439 Θεοῦ
996 4387 1270 4456 ἀπόφασις
1293 4402 1305 4415 ·
1343 4388 1802 4458 Ἐπικατάρατος
1825 4394 1933 4463 γὰρ
1955 4392 2036 4447 σὺ

458 4469 577 4524 ἀπὸ
597 4468 842 4522 πάντων
872 4468 992 4522 τῶν
1019 4471 1257 4537 θηρίων.
1288 4471 1544 4540 Ἕχθραν
1575 4472 1740 4537 θήσω
1783 4476 1900 4529 ἀνὰ
1929 4476 2037 4544 μέ-

456 4570 577 4608 σον
600 4554 718 4608 σοῦ
749 4554 845 4607 καὶ
869 4554 985 4608 ἀνὰ
1010 4554 1208 4622 μέσον
1252 4554 1363 4620 τῆς
1393 4558 1693 4624 γυναικός.
1759 4558 1971 4629 Ἐκείνη
2004 4563 2036 4631 ὴ

456 4639 627 4712 ἔχθρα
652 4638 750 4707 τὴν
780 4639 963 4708 φιλίαν
994 4638 1171 4695 ἔλυσε.
1190 4638 1375 4691 Φιλίαν
1399 4638 1560 4707 λέγω,
1587 4642 1647 4693 οὑ
1674 4642 1770 4713 τὴν
1792 4643 2035 4717 λογικὴν,

455 4724 593 4779 ἀλλὰ
617 4722 713 4794 τὴν
741 4723 932 4792 ἄλογον
956 4720 1158 4791 γνῶσιν
1180 4738 1192 4750 ·
1226 4720 1413 4793 ῶσπερ
1440 4724 1679 4794 σήμερον
1702 4725 2036 4781 ἐνδείκνυται

455 4815 601 4869 κύων
632 4812 781 4887 [696]
817 4812 998 4882 φιλίας
1032 4811 1239 4882 σχῆμα,
1266 4812 1326 4865 οὑ
1360 4812 1522 4882 λόγῳ.
1558 4813 1693 4866 ἀλλὰ
1722 4819 1921 4888 φυσικῇ
1951 4835 2037 4870 χι-

455 4900 635 4969 νήσει·
663 4897 806 4951 οὕτω
835 4898 927 4950 καὶ
958 4898 987 4950 6
1027 4896 1150 4963 ὄφις
1185 4896 1444 4951 ὑπέσαινε
1479 4896 1570 4949 τὸν
1599 4896 1902 4968 ἄνθρωπον.
1946 4901 2037 4965 Ὠς

454 4980 547 5036 οὑν
572 4983 705 5051 ἔχων
738 4980 937 5049 πολλὴν
981 4979 1286 5049 οἰκειότητα
1313 5022 1327 5043 ,
1362 4978 1517 5049 ὤφθη
1574 4981 1653 5050 τῷ
1702 4982 1931 5054 διαϐόλῳ
1960 4985 2037 5049 ὼς

456 5064 755 5134 ἐπιτήδειον
780 5065 1027 5134 ὄργανον.
1066 5062 1210 5113 Ἰδὼν
1231 5057 1323 5115 οὑν
1366 5062 1536 5133 Ἀδὰμ
1559 5064 1816 5134 χαίροντα
1837 5068 1927 5120 ἐπὶ
1958 5069 2036 5136 τῷ

456 5146 598 5215 ὄφει,
627 5146 876 5198 κάκεῖνον
904 5143 1282 5207 ὑποσαίνοντα,
1310 5146 1403 5198 καὶ
1433 5145 1603 5198 πολλὰ
1628 5147 1737 5198 τῶν
1757 5149 2036 5219 ἀνθρωπί-

456 5249 561 5284 νων
615 5229 970 5300 μιμούμενον,
1024 5228 1307 5298 ἐνενόησεν
1356 5231 1385 5282 6
1430 5232 1528 5299 τῆς
1562 5230 1758 5295 κακίας
1788 5234 2037 5306 τεχνίτης

455 5318 593 5385 ὅπερ
620 5316 669 5368 οἰ
702 5313 884 5376 δόλους
914 5313 1223 5375 πλέκοντες,
1252 5312 1340 5365 διά
1382 5312 1491 5365 τῶν
1529 5313 1672 5367 ἰδίων
1729 5316 2035 5384 νοθεύοντες

456 5396 701 5452 ποιοῦσιν
720 5414 735 5429 ·
771 5396 945 5458 οὐδεὶς
974 5396 1081 5468 γὰρ
1106 5394 1443 5466 περιγίνεται
1468 5395 1553 5449 διά
1582 5397 1689 5451 τῶν
1716 5398 2034 5471 ἀλλοτρίων,

454 5483 549 5537 ἐὰν
585 5480 659 5552 μὴ
712 5480 803 5534 διά
834 5479 944 5533 τῶν
979 5480 1226 5533 οἰκείων·
1285 5478 1468 5543 καθὼς
1526 5476 1681 5534 εἶπεν
1730 5484 1759 5535 6
1806 5483 2029 5557 Σωτήρ·

466 5566 697 5633 Ἔχε)ροί
723 5564 802 5631 τῷ
829 5562 1114 5634 ἀνθρώπῳ
1138 5567 1192 5617 οἰ
1225 5564 1481 5617 οἰκιακοὶ
1504 5565 1713 5623 αὐτοῦ.
1742 5567 1908 5621 Λαλεῐ
1926 5568 2035 5622 τοί-

517 5671 547 5735 _‘
568 5670 660 5735 Hic
693 5676 826 5735 uolat
849 5672 959 5721 Sav.
984 5688 1058 5735 γρ.
1083 5670 1164 5720 καί
1186 5669 1420 5732 ἀθυμίαις.

514 5727 547 5773 δ
566 5734 677 5782 Su.
690 5733 757 5782 ῑσ.
779 5727 1048 5798 Inpia-:61.

1926 262 2293 324 SEVERIANI
3603 276 3664 334 41

2156 400 2249 435 νυν
2302 382 2389 435 δια
2440 398 2530 435 του
2577 382 2751 451 ὄφεως
2780 396 3018 451 εμφασιν
3056 376 3359 452 παρασχὼν
3406 381 3485 451 τῷ
3529 384 3664 457 ’Δᾶἀμ

2156 463 2463 532 Παρακαλῶ
2520 464 2618 534 τὴν
2669 464 2939 534 ὑμετέραν
2992 465 3253 534 ἀγάπην,
3314 462 3389 533 μὴ
3438 462 3664 536 παρέργως

2154 548 2441 619 προσέχειν
2465 559 2487 587 ο
2524 550 2634 612 τοῖς
2665 547 2998 618 λεγομένοις.
3054 546 3168 602 Οὑκ
3213 548 3332 600 ἐστι
3363 548 3423 600 τὸ
3452 550 3591 617 τυχὸν
3610 554 3663 623 ζῇ.

2152 647 2303 701 τημα
2329 648 2341 659 ·
2380 631 2564 684 πολλοί
2611 631 2719 702 γάρ
2769 630 3012 700 ζητοῦσι,
3048 629 3165 693 πῶς
3217 630 3477 701 ἐλάλησεν
3510 634 3535 684 6
3560 632 3663 701 ὄφις·

2152 711 2263 787 ἆρα
2293 715 2605 787 ἀνθρωπίνῃ
2634 718 2806 785 φωνῇ,
2837 715 2869 785 ἢ
2905 713 3154 784 συρισμῷ
3173 713 3371 782 ὄφεως,
3399 713 3491 765 καὶ
3516 715 3666 785 ἐνευὰη.

2154 802 2301 871 σενή
2330 799 2461 854 Εὕα.
2511 801 2569 853 Ὀ
2612 798 2782 869 Ἀδὰμ
2816 798 2922 871 πρὸ
2955 801 3054 869 τῆς
3084 798 3450 868 παραϐάσεως
3488 799 3666 869 ὲπεπλῇ.

2157 899 2293 953 ρωτο
2331 882 2520 950 σοφίας
2548 882 2642 935 καὶ
2667 883 2935 945 συνέσεως
2977 882 3071 935 καὶ
3114 881 3470 953 προφητείας.
3512 882 3666 951 Ἔπη.

2154 980 2245 1017 σον
2274 967 2405 1036 ὅσην
2437 962 2549 1036 εἶχε
2584 965 2806 1033 σοφίαν,
2840 965 2922 1017 ὅτι
2962 966 3264 1035 ἐπήρκεσεν
3314 964 3581 1034 ἄνθρωπος
3602 963 3665 1031 εἷς,

2150 1046 2469 1101 διδάσκαλον
2503 1049 2579 1119 μὴ
2607 1047 2808 1111 λαϐὼν,
2839 1048 2990 1119 παρά
3018 1047 3243 1119 μηδενὸς
3259 1046 3541 1117 ἀνθρώπου
3567 1049 3666 1103 διὶσ-

2151 1130 2318 1201 χθείς,
2354 1132 2523 1186 θεῖναι
2550 1133 2791 1202 ὀνόματα
2819 1132 2959 1196 ὅλοις
2980 1134 3265 1195 πετεινοῖς,
3297 1132 3392 1184 καὶ
3413 1135 3519 1195 τοῖς
3540 1135 3666 1199 ζώοις,

2148 1216 2381 1279 καὶτοῖς
2416 1218 2665 1287 ἑρπετοῖς
2704 1215 2945 1285 θηρίοις,
2987 1216 3079 1269 καὶ
3116 1217 3280 1268 πᾶσιν
3325 1214 3524 1277 ἁπλῶς.
3563 1218 3666 1269 ’Δεισι

2152 1296 2513 1369 ζωγράφησον
2544 1300 2602 1351 ἐν
2632 1301 2698 1368 τῇ
2728 1298 2937 1369 διανοίᾳ
2962 1314 3055 1350 σου
3083 1297 3148 1349 τὰ
3187 1298 3323 1366 εἴδη,
3355 1297 3426 1351 τά
3442 1299 3589 1365 γένη·
3612 1304 3666 1355 ἔνι

2146 1381 2202 1433 δὲ
2246 1382 2523 1452 συντόμως
2560 1382 2703 1435 εἴπω
2728 1424 2742 1446 ,
2784 1382 3020 1436 τοσαῦτα
3075 1383 3267 1451 ἔθηκεν
3319 1384 3565 1453 ὀνόματα,
3600 1386 3666 1438 ἐκ

2148 1464 2387 1535 σήμερον
2412 1466 2573 1535 ἡμεῖς
2601 1464 2738 1534 μετά
2769 1464 2864 1535 τὴν
2892 1468 3085 1535 πεῖραν
3110 1464 3442 1535 δευτερῶσαι
3465 1466 3523 1517 οὑ
3551 1467 3665 1519 ὄντας

2151 1548 2308 1617 μεθα.
2342 1546 2473 1601 Ὅτε
2509 1543 2601 1601 οὖν
2629 1549 3002 1618 προσήνεγκεν
3034 1551 3062 1602 6
3094 1550 3227 1612 Θεὸς
3259 1549 3327 1601 τά
3357 1548 3469 1613 ζῶα
3513 1549 3577 1617 τῷ
3608 1552 3665 1600 ἀνι

2147 1631 2372 1703 θρώπῳ,
2405 1630 2479 1696 ὡς
2509 1632 2668 1699 σοφὸς
2699 1632 2793 1685 καὶ
2826 1632 2963 1702 ἔχων
2990 1631 3127 1686 Θεοῦ
3170 1632 3384 1702 πνεῦμα
3406 1672 3421 1696 ,
3454 1634 3544 1703 τὴν
3582 1636 3665 1689 ἐκι-

2149 1731 2274 1767 στου
2302 1714 2538 1785 ἰδιότητα
2568 1714 2782 1768 έϐλεπε.
2812 1716 3106 1787 Προσεῖχεν
3133 1711 3226 1768 οὑν
3263 1715 3333 1786 τῷ
3354 1716 3472 1784 ὄφει
3496 1716 3561 1779 ὡς
3581 1736 3665 1786 ςρςν

2146 1796 2450 1868 νιμωτέρῳ,
2500 1796 2575 1860 ώς
2614 1797 2865 1867 αῖσθησιν
2909 1798 3104 1868 ἐχοντι,
3138 1799 3213 1861 ὡς
3238 1799 3445 1852 νοοῦντι
3472 1800 3665 1852 άπὸνε)

2148 1880 2333 1949 μάτων
2357 1881 2427 1933 τά
2463 1882 2760 1951 κινήματα.
2796 1881 2981 1946 Οὕτως
3010 1883 3224 1953 ἔχοντος
3256 1882 3348 1936 τοῦ
3389 1883 3564 1953 Ἀδάμ,
3589 1887 3665 1936 ὲνΞσ

2144 1963 2334 2033 νόησεν
2384 1966 2413 2017 6
2453 1963 2696 2029 διάϐολος
2748 1966 2842 2019 καὶ
2872 1965 2965 2019 τοῦ
3001 1967 3176 2035 ὄφεως
3201 1966 3263 2019 τὸ
3315 1967 3578 2037 φρόνιμον,
3607 1974 3668 2021 x1!

2144 2045 2237 2099 τοῦ
2290 2046 2459 2118 Ἀδὰμ
2485 2047 2583 2119 τὴν
2623 2048 2923 2119 πρόληψιν·
2958 2043 3069 2119 εἶχε
3095 2048 3202 2120 γὰρ
3241 2051 3370 2120 περὶ
3416 2049 3505 2103 τοῦ
3538 2052 3668 2118 ὄφεις

2144 2129 2220 2193 ὡς
2236 2130 2476 2184 συνετοῦ.
2493 2130 2658 2183 Λαλεῖ
2675 2128 2768 2185 οῦν
2788 2132 2854 2183 δι’
2872 2132 3057 2195 αὑτοῦ,
3082 2133 3168 2186 ἵνα
3184 2133 3457 2204 ὑπονοήσῃ
3473 2134 3503 2186 6
3519 2134 3667 2203 ’Δόάμ

2143 2214 2223 2267 ὃτι
2252 2215 2514 2285 φρόνιμος
2537 2213 2612 2267 ὣν
2632 2217 2660 2268 6
2683 2214 2805 2285 ὄφις
2823 2215 3152 2287 κατώρθωσε
3177 2217 3268 2270 καὶ
3293 2216 3354 2270 τὸ
3383 2219 3667 2288 μιμήσασὺιι

2143 2299 2243 2369 τὴν
2267 2297 2359 2351 τοῦ
2388 2298 2673 2370 ἀνθρώπου
2702 2302 2907 2370 φωνήν.
2936 2300 3307 2372 Προσέρχεται
3329 2302 3502 2354 τοίνυν
3519 2303 3544 2352 6
3563 2302 3667 2369 ὄφις.

2145 2380 2393 2452 Οὑδαμοῦ
2434 2382 2492 2435 δέ
2534 2383 2567 2453 ἡ
2606 2382 2799 2453 Γραφὴ
2830 2378 2954 2437 εἷπε
2984 2383 3166 2445 τοῦτο,
3196 2385 3275 2437 ὃτι
3317 2386 3346 2437 6
3393 2384 3667 2445 διάϐολοςὲτ

2145 2463 2221 2534 τῷ
2241 2464 2362 2533 ὄφει
2384 2464 2666 2535 ἐλάλησεν,
2687 2465 2822 2518 ἀλλά
2842 2467 2936 2520 καὶ
2961 2467 3197 2537 Μωῦσῆς
3220 2465 3405 2530 ἁπλῶς
3431 2468 3667 2539 παρῆλίιελ

2142 2548 2243 2618 τὴν
2282 2549 2541 2619 ἰστορίαν.
2586 2549 2849 2620 Πρόσεχε,
2884 2549 3210 2619 παρακαλῶ,
3244 2551 3386 2620 μετά
3414 2552 3667 2623 ἀκριϐείας.

2145 2630 2355 2694 Παῦλος
2398 2630 2649 2702 δεύτερος
2698 2630 2774 2684 ὢν
2808 2634 2866 2685 ἐν
2916 2632 2994 2703 τῷ
3044 2632 3355 2704 παραδείσῳ
3378 2673 3393 2696 ,
3424 2633 3527 2686 οὐδ’
3554 2636 3667 2695 αὖτις

2144 2713 2296 2766 ἔλυσε
2324 2714 2423 2784 τὴν
2448 2713 2613 2779 λέξιν,
2640 2715 2773 2768 ἀλλὰ
2792 2714 2940 2783 λέγει
2962 2732 2973 2743 ο
3014 2717 3543 2787 Ἐμνηστευσάμην
3560 2717 3668 2785 ὑμᾶς

2143 2796 2230 2849 ἐνὶ
2257 2796 2451 2863 ἀνδρί,
2476 2798 2774 2866 παρθένον
2812 2798 3009 2867 ἁγνὴν
3043 2800 3426 2869 παραστῆσαι
3458 2800 3535 2866 τῷ

2145 2878 2288 2945 στῷ.
2319 2882 2611 2951 Φοϐοῦμαι
2637 2881 2724 2945 δὲ,
2742 2882 2951 2951 μήπως
2973 2884 3052 2949 ὡς
3081 2887 3113 2938 ό
3150 2885 3285 2953 ὄφις
3310 2885 3470 2938 Εὔαν
3490 2885 3667 2953 ἐξηπά-

2142 2983 2331 3035 τησεν
2357 2969 2426 3022 ἐν
2449 2969 2529 3037 τῇ
2555 2972 2887 3040 πανουργίᾳ
2918 2971 3105 3025 αὑτοῦ
3127 2986 3141 3002 ο
3170 2973 3265 3025 καὶ
3311 2973 3409 3025 οὑκ
3430 2968 3592 3033 εἶπεν,
3620 2975 3667 3024 6:

2142 3052 2171 3104 6
2197 3046 2461 3117 διάϐολος.
2496 3053 2692 3117 Πιστὸς
2714 3049 2783 3123 ἦν
2809 3053 2920 3106 τῶν
2959 3054 2997 3105 Γ
3001 3054 3188 3125 ραφῶν
3213 3054 3408 3124 φύλαξ,
3440 3055 3667 3126 ὑπηρέτης

2144 3134 2398 3204 Γραφῶν,
2443 3136 2736 3208 παιδευτὴς
2764 3137 3023 3208 Γραφῶν,
3071 3139 3414 3211 ἑρμηνευτὴς
3462 3140 3669 3211 Γραφιῖη.

2144 3218 2261 3271 Οὐκ
2288 3216 2510 3288 ἐθέλησε
2540 3218 2699 3273 λῦσαι
2727 3221 2826 3290 τὴν
2850 3219 3014 3286 λέξιν,
3050 3221 3137 3274 ἵνα
3173 3221 3249 3292 μὴ
3272 3221 3406 3293 λύσῃ
3433 3222 3540 3276 τῶν
3571 3224 3604 3275 Γ
3607 3242 3669 3293 ρα-

2142 3300 2259 3370 φῶν
2281 3299 2377 3371 τὴν
2411 3300 2564 3366 τάξιν
2586 3341 2602 3365 ,
2632 3301 2771 3355 ἀλλά
2805 3306 2874 3374 τῇ
2922 3304 3102 3374 ἐννοίᾳ
3132 3303 3232 3375 τὴν
3270 3306 3501 3376 ἀπορίαν
3538 3306 3669 3359 ἔλυσε.

2144 3386 2459 3454 Φοϐοῦμαι,
2489 3385 2644 3455 φησὶ,
2674 3386 2888 3456 μήπως
2918 3386 2998 3451 ὡς
3023 3390 3056 3441 ό
3078 3387 3211 3455 ὄφις
3236 3388 3405 3441 Εὔαν
3424 3388 3670 3457 ἐξηπάτητ

2132 3483 2255 3521 νσεν
2271 3468 2341 3521 ἐν
2362 3466 2437 3535 τῇ
2458 3471 2787 3539 πανουργίᾳ
2824 3471 3032 3537 αὐτοῦ,
3058 3471 3210 3525 οὕτω
3244 3469 3447 3541 φθαρῇ
3486 3472 3554 3525 τὰ
3575 3474 3670 3539 rcé-

2134 3566 2295 3620 ματα
2324 3551 2509 3619 ὐμῶν.
2546 3550 2703 3605 Οὕτω
2722 3566 2738 3581 ·
2777 3551 2929 3617 πῶς;
2958 3554 3033 3625 μὴ
3062 3555 3172 3625 γάρ
3206 3554 3450 3624 ἐφοϐεῖτο
3483 3556 3669 3615 Παῦλος,

2147 3633 2221 3703 μὴ
2248 3634 2406 3686 πάλιν
2428 3633 2455 3683 6
2482 3634 2604 3703 ὄφις
2635 3634 2784 3708 ἔλθῃ,
2808 3636 2900 3688 καὶ
2920 3637 3176 3707 ἀπατήσῃ
3200 3639 3379 3701 τινάς;
3422 3638 3553 3691 Ἀλλ’
3572 3635 3669 3695 οἷόι,

2142 3718 2326 3788 φησὶν,
2359 3718 2437 3770 ὅτι
2472 3720 2500 3770 6
2561 3718 2658 3787 μὲν
2700 3718 2822 3787 ὄφις
2847 3719 2908 3771 οὑ
2941 3720 3185 3788 φαίνεται
3229 3722 3467 3785 ἐκεῖνος,
3497 3724 3525 3775 6
3551 3722 3599 3775 δὲ
3638 3723 3669 3771 ἐν

2140 3801 2332 3871 ἐκείνῳ
2367 3803 2670 3872 ἐνεργήσας
2705 3802 2974 3871 φαίνεται.
3014 3803 3153 3857 Ἀλλ’
3178 3805 3206 3857 6
3236 3806 3334 3875 μὲν
3366 3806 3568 3869 Παῦλος
3587 3847 3599 3866 .
3623 3808 3667 3863 ὡς

2142 3885 2329 3948 πιστὸς
2351 3885 2650 3955 ὑπηρέτης,
2682 3885 2777 3938 καὶ
2804 3885 2913 3938 τῶν
2945 3886 3115 3954 ἀγίων
3148 3887 3381 3957 Γραφῶν
3412 3888 3595 3957 φύλαξ,
3630 3888 3666 3939 οὐ

2142 3966 2291 4039 [497]
2322 3968 2629 4039 παρέτρεφε
2662 3968 2759 4040 τὴν
2778 3969 2943 4037 λέξιν,
2975 3970 3092 4024 άλλ⁹
3106 3972 3333 4043 ἐνέφηνε
3363 3973 3461 4043 τὴν
3484 3974 3667 4025 ἔννοιαν

2139 4052 2301 4114 αὑτὸς
2330 4051 2387 4104 δὲ
2414 4054 2442 4105 6
2474 4052 2582 4105 τῶν
2608 4053 2853 4123 ἀρχαίων
2886 4054 2981 4107 καὶ
3007 4054 3116 4107 τῶν
3159 4056 3293 4108 νέων
3320 4057 3417 4109 καὶ
3442 4056 3543 4108 τῶν
3579 4055 3669 4124 μελε

2138 4133 2337 4189 λόντων
2358 4135 2634 4206 Δεσπότης
2661 4137 2959 4207 ἐσαφήνισε
2996 4136 3094 4206 τὴν
3126 4138 3378 4207 ἀπορίαν,
3416 4139 3499 4192 ἵνα
3527 4141 3592 4208 μή
3615 4154 3668 4195 τις

2138 4219 2232 4272 ἐπὶ
2278 4218 2369 4271 τὸν
2400 4218 2524 4288 ὄφιν
2573 4220 2839 4291 άνενέγκῃ
2887 4222 2984 4290 τὴν
3011 4221 3301 4290 ἁμαρτίαν,
3328 4222 3443 4276 ἀλλ’
3488 4225 3572 4275 ἐπὶ
3608 4222 3667 4272 τὸν

2138 4303 2530 4373 ἐνεργήσαντα.
2582 4302 2746 4371 Λέγει
2784 4300 2878 4358 οὑν
2910 4305 2938 4357 6
2979 4305 3211 4373 Χριστὸς
3251 4307 3364 4369 τοῖς
3420 4306 3667 4365 Ἰουδαίοις,

2138 4386 2226 4439 ὅτε
2249 4382 2400 4438 εἷπον
2430 4385 2597 4455 αὑτῷ,
2640 4385 2837 4454 Ἡμεῖς
2864 4386 2934 4440 ἐκ
2955 4386 3061 4441 τοῦ
3089 4387 3235 4442 Θεοῦ
3265 4388 3480 4458 ἐσμεν·
3511 4392 3574 4441 Εἰ
3600 4385 3669 4453 ἦτε

2137 4469 2204 4522 ἐκ
2227 4468 2333 4523 τοῦ
2360 4467 2528 4532 Θεοῦ,
2547 4467 2619 4521 τὰ
2640 4468 2783 4538 ἔργα
2801 4469 2898 4523 καὶ
2922 4470 2988 4524 τὸ
3010 4470 3241 4541 θέλημα
3262 4472 3367 4527 τοῦ
3390 4474 3534 4527 Θεοῦ
3547 4474 3668 4525 ἐπί

2135 4550 2252 4604 εἴτε
2275 4550 2353 4603 ἄν
2371 4567 2385 4582 ·
2410 4549 2524 4604 νῦν
2551 4550 2619 4603 δὲ
2637 4551 2705 4605 ἐκ
2735 4551 2843 4606 τοῦ
2863 4554 3086 4622 πατρὸς
3115 4553 3279 4623 ὑμῶν
3302 4556 3442 4609 ἐστε
3462 4556 3563 4609 τοῦ
3582 4555 3669 4607 δίου

2138 4635 2341 4687 ϐόλον.
2392 4630 2526 4687 Εἶπε
2559 4635 2649 4689 τὸν
2694 4636 2957 4700 διάϐολον,
3012 4640 3106 4692 καὶ
3134 4638 3334 4702 εὐθέως
3375 4641 3573 4706 εἰσάγει
3606 4642 3669 4705 τὴν

2142 4716 2380 4787 ἱστορίαν
2407 4732 2421 4746 ·
2468 4716 2751 4784 Ἐκεῖνος,
2782 4720 2966 4789 φησιν,
3000 4720 3487 4787 ἀνθρωποκτόνος
3510 4718 3582 4789 ἦν
3601 4722 3669 4772 ἀπ’

2137 4798 2350 4867 ἀρχῆς.
2385 4801 2497 4854 Καὶ
2528 4802 2557 4853 6
2586 4801 2688 4869 μὲν
2725 4803 2945 4873 οἰκέτης
2978 4803 3053 4865 ὡς
3086 4804 3301 4875 οἰκέτης
3334 4806 3669 4875 ήρμήνενσεν·

2137 4884 2166 4935 6
2200 4883 2257 4936 δὲ
2288 4883 2563 4952 Δεσπότης
2594 4883 2669 4947 ὼς
2698 4886 2974 4955 Δεσπότης
3007 4885 3269 4951 ἐδίδαξεν·
3301 4886 3464 4953 ἔδειξε
3497 4888 3581 4939 τὸν
3607 4904 3669 4953 φιν

2138 4966 2404 5020 νεύσαντα
2434 4966 2525 5019 τὸν
2567 4967 2754 5037 Ἀδάμ.
2799 4969 2912 5020 Οὑκ
2961 4964 3114 5021 εἶπεν
3145 4969 3329 5033 ἁπλῶς
3357 5011 3371 5033 ,
3406 4972 3591 5031 Φονεὺς
3610 4965 3667 5035 ἦν.

2138 5049 2251 5101 ἀλλ’
2292 5050 2806 5117 ἀνθρωποκτόνος.
2847 5049 2923 5105 Οὑ
2952 5051 3059 5122 γὰρ
3092 5052 3187 5105 ἕνα
3231 5052 3457 5113 ἀνεῖλεν,
3486 5053 3605 5105 6111
3627 5050 3669 5102 ξι·

2137 5132 2345 5185 ἐκείνου
2380 5133 2554 5186 πάντα
2588 5134 2893 5204 ἄνθρωπον.
2930 5136 3039 5189 Καὶ
3078 5136 3149 5188 ἐν
3191 5136 3265 5205 τῇ
3305 5138 3565 5205 ἀληθείᾳ,
3595 5155 3669 5203 φ’.

2139 5218 2244 5280 σιν,
2279 5218 2391 5286 οὐχ
2424 5216 2703 5283 ἔστηκεν,
2733 5218 2821 5273 ὅτι
2852 5221 3123 5287 ψεύστης
3144 5220 3295 5274 ἐστι’.

2208 5308 2278 5369 γ’.
2297 5300 2469 5352 Βλέπε
2491 5300 2608 5363 πῶς
2630 5302 2959 5372 ἡρμήνευσε,
2981 5303 3073 5356 καὶ
3096 5304 3172 5356 ὅτι
3193 5303 3435 5366 διάϐολός
3461 5305 3585 5355 ἐστι.
3606 5304 3665 5347 vi:

2136 5383 2375 5455 ψεύστης
2399 5384 2532 5437 ἐστί.
2570 5385 2679 5439 Καὶ
2704 5385 2819 5448 πῶς
2845 5385 3145 5457 ἐψεύσατο;
3178 5383 3367 5442 Εἶπεν
3404 5389 3437 5441 ό
3470 5387 3592 5455 ὄφις
3618 5381 3666 5445 τῖῙ

2201 5496 2224 5524 ε
2250 5493 2400 5544 Savil.
2417 5495 2474 5568 1n
2507 5508 2658 5559 marg.
2687 5512 2759 5560 γρ.
2784 5499 2945 5556 ἁπλῶς
2965 5501 3231 5563 προσέχειν.
3258 5500 3411 5551 Paulo
3435 5505 3536 5563 post
3571 5495 3669 5545 idem

2135 5572 2207 5620 γρ·
2236 5572 2467 5619 www-

2148 5682 2151 5683 ν
2199 5616 2227 5656 ἀ
2268 5620 2349 5667 Sic
2389 5618 2541 5683 SaVII.
2595 5620 2643 5667 in
2691 5624 2849 5677 textu,
2894 5623 2942 5670 in
2982 5625 3204 5683 margine
3245 5631 3415 5673 autem
3447 5624 3515 5671 ῖσ.
3559 5618 3665 5683 ἐτίλ-

2138 5682 2205 5735 θε.
2233 5691 2292 5729 ex
2316 5680 2595 5740 conjectura
2621 5694 2818 5741 nempe.
2845 5684 2978 5734 Hanc
3004 5680 3121 5735 vch
3148 5688 3410 5737 lectionem
3441 5696 3528 5735 suo
3550 5681 3667 5729 Ihm

2136 5741 2187 5790 in
2213 5748 2346 5792 lexlu
2366 5743 2526 5805 posuit
2547 5741 2885 5793 Combelisius.
