3704 6274
6 257 112 311 83

6 372 147 428 lum
181 372 373 427 viderit
410 373 548 428 Deus
578 371 907 426 fatiscentem
933 368 1163 423 animam
1184 409 1199 435 ,
1227 367 1388 422 rebus
1408 365 1599 435 jucun-

6 463 77 516 lis
115 474 330 520 recreat
359 465 497 519 illam
523 483 536 517 :
563 464 612 518 id
638 463 776 534 quod
807 463 968 518 etiam
1001 461 1138 531 apud
1168 477 1264 515 nos
1296 460 1407 514 fieri
1438 459 1594 513 solet.

6 557 171 624 iunpo
215 559 356 611 enim
396 573 462 611 ex
501 557 616 611 foro
653 557 770 627 quis
807 565 1118 620 revertens,
1160 555 1338 609 animo
1382 553 1599 607 inlinitis

6 651 337 703 maeroribus
367 665 622 719 oppresso
652 665 828 703 rerum
861 647 1146 702 inviserum
1173 655 1426 716 aspectu,
1458 645 1598 698 into-

6 744 246 797 erandis
281 743 668 797 calamitatibus
708 751 761 795 et
797 741 1005 796 damnis
1045 741 1341 805 cruciatus,
1382 739 1596 793 domum

6 850 316 901 ingressus,
365 835 580 888 infantis
622 833 869 888 solatium
917 832 1153 895 invenit.
1196 832 1598 899 molestiamque

6 927 255 980 aburum
289 936 442 980 tener
469 926 677 979 animus
703 924 927 979 emollit.
959 926 1088 991 Quia
1117 925 1255 979 enim
1284 931 1595 978 manentem

6 1034 108 1072 non
146 1019 258 1073 adit
292 1033 426 1072 uxor
449 1016 514 1071 ad
545 1018 814 1084 solatium,
845 1017 963 1088 ejus
989 1018 1130 1071 enim
1161 1015 1455 1069 consolatio
1484 1022 1596 1068 tum

6 1123 311 1177 inportuna
343 1119 518 1176 esset,
553 1111 778 1165 famulus
816 1125 943 1164 vero
971 1109 1232 1164 consolari
1267 1123 1369 1160 non
1400 1105 1590 1169 audet,

6 1202 210 1256 nducit
242 1203 385 1257 Deus
406 1203 700 1272 simplicem
729 1202 979 1267 indolem,
1010 1201 1269 1269 inculpata
1299 1199 1595 1269 ignorantia

6 1294 310 1357 irzL-ditam,
331 1310 426 1364 per
446 1296 716 1363 ipsamque
735 1293 1005 1348 laboribus
1026 1306 1335 1361 oppressum
1358 1289 1592 1342 animum

6 1386 137 1438 enit
163 1397 217 1438 et
245 1385 469 1439 solatur.
503 1385 752 1439 Famulus
783 1385 825 1438 si
856 1384 1106 1448 arrideat,
1139 1383 1253 1438 heri
1281 1381 1486 1450 injuriis
1517 1383 1599 1436 in-

6 1479 208 1532 tultare
235 1479 446 1534 videtur
469 1494 484 1543 ;
515 1494 648 1532 uxor
675 1479 718 1530 si
747 1477 937 1541 rideat,
968 1475 1176 1531 videtur
1201 1475 1345 1529 nullo
1371 1474 1594 1528 calami-

6 1570 136 1624 atis
164 1585 329 1626 sensu
357 1569 492 1624 allici
524 1588 536 1623 :
571 1569 743 1623 infans
775 1569 844 1622 ob
872 1568 1244 1631 innocentiam,
1277 1581 1381 1620 non
1412 1581 1595 1634 suspe-

6 1666 103 1719 :tis
137 1664 516 1721 blandimentis
542 1663 741 1717 emotlit
768 1663 998 1716 animum
1026 1679 1037 1716 :
1068 1676 1130 1716 ac
1159 1676 1299 1729 smpe
1329 1658 1468 1729 quod
1496 1673 1595 1713 nec

6 1755 164 1809 unici
196 1753 459 1820 consiliis,
487 1768 587 1808 nec
617 1753 885 1821 sapientes
915 1750 1127 1804 monitis
1156 1749 1369 1804 eflicere
1402 1757 1594 1818 potue-

6 1855 148 1907 ‘unt,
178 1843 231 1898 id
261 1845 350 1902 ille
371 1842 591 1898 ridendo
614 1842 800 1913 potuit,
825 1857 1015 1909 nempe
1041 1856 1255 1894 omnem
1280 1839 1593 1894 calamitatis

6 1951 222 1990 iCIISUﬂ]
251 1936 462 1990 sedare.
492 1934 713 2004 Jamque
744 1933 954 1986 animus
993 1933 1044 1985 in
1089 1933 1198 2000 ipsa
1228 1931 1278 1985 vi
1310 1931 1554 1986 mmroris
1575 1972 1589 1994 ,

6 2027 144 2080 ridet
170 2029 448 2086 infantem,
475 2026 625 2079 initio
647 2024 864 2093 reSpuit,
889 2023 1210 2092 depellitque
1237 2023 1590 2091 importunam

6 2118 449 2182 :onsolatiouem,
475 2132 536 2171 ex
561 2115 871 2171 assiduitate
897 2123 1070 2169 tamen
1093 2113 1252 2177 cedit,
1275 2124 1326 2168 et
1350 2112 1592 2182 repetitis

6 2209 312 2276 tspcclibus
333 2209 541 2262 animus
561 2207 871 2272 attrahitur;
896 2205 1110 2262 demum
1132 2213 1352 2274 accepto
1369 2203 1586 2271 infante,

6 2301 313 2355 nmstitiam
345 2300 592 2371 deponit,
625 2300 801 2370 aitque
835 2317 846 2352 :
880 2298 1032 2354 Hunc
1064 2296 1194 2351 mihi
1232 2296 1404 2352 solum
1450 2297 1590 2352 Deus

7 2394 244 2463 argitur,
276 2393 524 2463 nullaque
553 2391 682 2445 mihi
713 2390 850 2445 ratio
879 2390 1230 2460 reliquorum.

62 2485 332 2537 Animalia
373 2483 441 2536 ad
483 2482 806 2537 recreandum
842 2481 1092 2536 hominem
1130 2490 1268 2552 apta.
1299 2510 1371 2520 —-
1402 2477 1587 2534 Viden’

6 2577 272 2646 ιιιοιιιοιίο
317 2591 381 2629 ex
423 2574 707 2630 levissimis
754 2575 892 2628 Deus
941 2573 1121 2628 animo
1166 2571 1586 2628 consolationem

13 2669 182 2723 ndat?
205 2667 338 2734 Quia
365 2667 524 2738 igitur
548 2666 694 2721 solus
722 2675 839 2721 erat
863 2665 1032 2719 Adam
1069 2665 1122 2719 in
1163 2662 1409 2735 paradiso
1432 2705 1448 2730 ,
1480 2677 1584 2718 non

6 2763 230 2815 unicum
255 2760 476 2825 habens,
498 2773 601 2813 non
624 2758 878 2823 vicinum,
899 2771 1006 2811 non
1026 2764 1329 2828 cognatum,
1348 2754 1413 2810 ad
1435 2754 1585 2810 illum

6 2852 353 2909 recreandum
382 2851 585 2906 induxit
617 2850 692 2905 illi
734 2851 874 2905 Deus
908 2850 1192 2914 animalia;
1222 2857 1440 2917 puta,ut
1461 2857 1586 2902 sunt

6 2948 270 3018 hodieque
313 2945 558 3000 animalia
594 2943 658 2999 ad
692 2943 1003 2998 imitandum
1040 2953 1194 3012 apta,
1224 2957 1448 3011 quorum
1481 2940 1581 2994 alia

6 3049 179 3109 gestus
201 3081 214 3101 ,
247 3038 352 3092 alia
380 3051 564 3091 vocem
607 3036 917 3099 imitantur;
951 3028 1094 3088 verbi
1124 3048 1313 3096 causa,
1347 3032 1584 3086 imitatur

6 3133 150 3186 simia
177 3140 360 3202 gestus
386 3129 658 3184 hominum
683 3144 698 3194 ;
727 3136 783 3183 et
807 3127 856 3182 id
883 3140 1049 3198 genus
1070 3126 1172 3181 alia
1203 3143 1216 3180 :
1245 3140 1426 3180 vocem
1455 3125 1585 3194 psit-

6 3241 145 3280 .acus
188 3225 417 3292 alimque
454 3237 597 3276 aves.
643 3221 839 3275 Habuit
866 3234 995 3290 ergo
1029 3219 1274 3274 solatium
1307 3232 1375 3272 ex
1413 3215 1582 3272 brutis

6 3317 353 3372 mimantibus
373 3360 388 3383 ,
417 3316 535 3371 aliis
562 3314 989 3379 cantillantibus,
1023 3311 1140 3366 aliis
1165 3309 1578 3366 blandientibus.

6 3409 123 3464 Cum
157 3409 323 3463 multa
356 3408 514 3479 igitur
538 3407 787 3461 animalia
815 3414 1030 3472 essent,
1062 3420 1182 3473 qua:
1216 3404 1388 3473 ipsum
1418 3403 1581 3458 solari

6 3513 237 3573 possent,
258 3519 480 3573 serpens
496 3502 869 3557 callidissimus
889 3513 1001 3554 erat
1022 3501 1158 3555 inter
1178 3514 1363 3555 onmes
1383 3498 1582 3554 bestias

6 3613 184 3662 Lerraz,
226 3605 284 3649 ttt
320 3596 393 3648 ait
431 3595 699 3662 Scriptura
730 3609 745 3648 :
775 3591 993 3660 Serpens
1029 3601 1195 3645 autem
1220 3601 1325 3644 erat
1350 3589 1583 3644 callidior

6 3687 188 3740 eunetis
215 3686 410 3749 bestiis,
437 3701 560 3754 quas
591 3689 775 3755 fecerat
809 3683 1049 3736 Dominus
1078 3681 1216 3736 Deus
1248 3681 1396 3752 (Gen.
1422 3683 1473 3737 5.
1503 3681 1578 3750 1).

61 3780 118 3832 ‘2.
147 3778 370 3848 Serpens
390 3777 532 3830 initio
553 3777 744 3829 amicus
765 3775 1016 3837 hominis;
1048 3775 1297 3844 quomodo
1312 3774 1400 3829 ille
1421 3774 1582 3828 Evam

6 3874 284 3944 alloquutus
311 3878 395 3924 sit.
416 3900 488 3910 ——
514 3869 640 3924 Erat
670 3868 828 3938 igitur
853 3878 906 3923 et
935 3867 1171 3922 imitandi
1199 3876 1252 3922 et
1276 3867 1579 3922 blandientli

6 3975 108 4018 arte
138 3963 350 4018 caneris
375 3961 637 4032 superior.
665 3960 742 4015 Ne
765 3959 1010 4016 attendas
1039 3958 1290 4030 praesenti
1320 3958 1578 4027 aspectui,

6 4058 136 4127 quod
171 4071 363 4126 nempe
411 4057 582 4126 ipsum
628 4055 888 4125 fugiamus
917 4064 972 4109 et
1015 4053 1328 4108 horreamus
1361 4053 1470 4108 :ab
1499 4052 1583 4106 in-

6 4153 89 4207 itio
128 4153 210 4206 sic
247 4167 354 4205 non
392 4159 527 4206 erat.
561 4150 777 4204 Amicus
822 4157 936 4202 erat
975 4161 1197 4217 serpens
1221 4156 1274 4201 et
1311 4145 1582 4200 blanditiis

6 4244 345 4314 propinquus.
375 4241 506 4309 Quis
529 4256 656 4310 ergo
681 4240 827 4293 illum
856 4239 1125 4292 inimicum
1159 4236 1315 4291 fecit?
1341 4237 1436 4305 Dei
1459 4251 1583 4290 scn-

6 4337 163 4390 tentia
195 4353 208 4390 :
241 4334 545 4388 Maledictus
566 4333 705 4388 enim
730 4341 781 4385 tu
809 4347 914 4396 prae
935 4330 1164 4383 omnibus
1187 4329 1371 4383 bestiis.
1401 4326 1582 4381 Inimi-

7 4431 171 4484 citiam
192 4446 380 4496 ponam
404 4428 533 4480 inter
560 4435 606 4480 te
629 4435 673 4480 et
696 4425 951 4478 mulierem
979 4421 1128 4487 (Gen.
1154 4423 1205 4477 5.
1233 4421 1316 4476 14.
1344 4421 1453 4491 15).
1480 4417 1584 4474 lni-

7 4520 200 4574 micitia
229 4519 316 4573 illa
347 4515 632 4571 amicitiam
657 4515 833 4570 solvit.
852 4512 1152 4568 Amicitiam
1181 4511 1321 4578 dico,
1342 4525 1445 4565 non
1465 4526 1584 4580 qua:

7 4615 208 4667 ratione
229 4611 471 4675 ducatur,
495 4609 587 4666 sed
615 4625 733 4680 quae
761 4608 932 4664 bruta:
948 4607 1231 4662 animantis
1246 4605 1580 4675 cognitione;

11 4715 54 4757 ut
99 4704 372 4774 hodieque
409 4702 644 4758 ostendit
677 4703 826 4756 canis
863 4701 1110 4754 amicitiae
1158 4699 1390 4768 speciem
1414 4740 1430 4763 ,
1478 4713 1584 4751 non

9 4799 228 4858 mione,
259 4794 353 4849 sed
403 4794 626 4848 naturali
670 4802 815 4847 motu
852 4793 969 4848 :sic
997 4804 1050 4846 et
1079 4806 1301 4859 serpens
1349 4789 1587 4843 blandie-

13 4888 161 4941 batur
188 4887 406 4941 homini.
440 4884 509 4941 Ut
533 4900 662 4954 ergo
686 4886 774 4955 qui
797 4883 1016 4937 multam
1048 4881 1457 4936 familiaritatem
1489 4880 1584 4934 ba-

12 4984 177 5043 heret,
204 4980 350 5034 visus
374 4988 458 5034 est
478 4979 690 5032 diabolo
716 4992 836 5032 esse
870 4976 1120 5030 idoneum
1151 4974 1583 5028 instrumentum.

15 5071 205 5127 \"idens
252 5069 413 5141 igitur
452 5071 714 5124 Adamum
760 5076 1009 5137 serpente
1056 5062 1327 5127 delectari,
1369 5078 1589 5134 serpen-

15 5176 109 5219 tem
157 5165 230 5218 illi
272 5161 570 5217 abblandiri
595 5203 610 5224 ,
651 5161 922 5230 multaque
969 5175 1032 5214 ex
1069 5159 1313 5213 humanis
1355 5159 1585 5223 imitari,

15 5257 324 5328 excogitavit
369 5256 493 5311 mali
532 5253 751 5319 artifex,
795 5263 855 5307 ut
911 5252 984 5307 illi
1030 5253 1120 5322 qui
1159 5251 1310 5306 dolos
1351 5259 1587 5314 nectunt,

16 5352 202 5419 quique
234 5365 329 5418 per
355 5349 569 5420 prepria
610 5348 868 5418 cujusque
910 5345 1170 5414 adrepunt
1201 5363 1215 5398 :
1244 5359 1401 5398 nemo
1446 5344 1587 5398 enim

19 5455 99 5507 per
131 5449 410 5501 extranea,
442 5437 535 5492 sed
580 5453 677 5508 per
708 5437 917 5508 propria
948 5451 1038 5492 res
1085 5435 1215 5490 tales
1260 5433 1502 5494 coniicit;
1535 5448 1590 5487 ut.

19 5532 78 5584 ait
95 5532 351 5586 Servalor
370 5548 384 5584 :
404 5527 606 5582 Inimici
628 5528 842 5582 hominis
864 5528 1122 5583 domestici
1145 5529 1251 5598 ejus
1269 5527 1478 5599 (Matth.
1501 5527 1590 5584 10.

19 5623 108 5695 36).
123 5623 384 5694 Loquitur
397 5636 524 5692 ergo
540 5635 634 5690 per
646 5630 945 5692 serpentem
959 5622 1135 5677 fucum
1155 5621 1350 5680 faciens
1363 5624 1586 5680 Adamo.

20 5712 151 5790 Rogo
173 5725 407 5774 vestram
437 5714 709 5771 caritatem
733 5756 750 5784 ,
788 5729 855 5772 ne
884 5715 1241 5787 perfunctorie
1278 5720 1584 5776 attendatis.

1047 253 1133 309 DE
1169 251 1383 309 MUNDI
1420 243 1814 305 CBEATIONE
1853 247 2108 305 ORATIO
2146 251 2232 307 Vl.

3190 261 3290 315 ωδ

1705 363 1820 418 Νοη
1843 365 1972 420 levis
1999 375 2076 422 est
2107 367 2352 438 quaeetio,
2375 368 2642 438 quomodo
2665 385 2885 441 serpens
2913 373 3163 443 loquutus
3189 378 3288 441 sit,

1704 470 1774 508 an
1818 455 2046 511 humana
2091 474 2244 522 voce,
2287 474 2353 513 an
2386 462 2650 530 serpentis
2697 463 2874 529 sibilo,
2926 465 3288 538 intellexitque

1707 547 1835 602 Eva.
1877 550 2044 604 Adam
2076 561 2201 606 ante
2227 554 2702 624 transgressionem
2719 557 2907 627 plenus
2933 569 3049 614 erat
3076 563 3284 630 sapien.

1707 636 1797 702 tia,
1827 638 2194 710 intelligentia,
2223 657 2286 696 ac
2315 643 2610 714 prophetia.
2653 645 2836 717 Cogita
2863 659 3058 718 quanta
3093 653 3288 719 pra-di-

1705 737 1790 783 tus
1827 741 1972 786 esset
2019 735 2300 803 sapientia,
2331 737 2420 805 qui
2473 747 2649 806 posset
2698 755 2834 795 unus
2877 743 3023 796 nullo
3069 743 3288 800 homine

1703 821 1942 890 doctore,
1977 825 2190 878 nomina
2222 826 2496 897 imponere
2523 830 2842 897 volatilibus,
2875 835 3175 903 reptilibus,
3207 835 3286 890 fe-

1703 914 1797 981 ris,
1831 930 1934 969 uno
1971 917 2135 972 verbo
2179 921 2444 974 omnibus.
2476 920 2530 974 ln
2559 932 2738 978 mente
2783 933 2868 978 tua
2903 926 3129 997 depiuge
3163 944 3288 998 spe-

1701 1008 1831 1074 cies,
1862 1025 2090 1079 genera;
2129 1019 2290 1081 utque
2331 1015 2647 1082 compendio
2671 1015 2867 1082 dicam,
2901 1026 2975 1072 tot
3009 1019 3281 1089 imposuit,

1701 1113 1829 1171 quot
1858 1101 2017 1157 hodie
2048 1119 2146 1157 nos
2170 1113 2288 1174 post
2317 1107 2698 1175 experientiam
2740 1125 2844 1164 non
2896 1127 3175 1180 possumus
3199 1131 3288 1169 re-

1701 1194 1898 1250 colere.
1931 1195 2155 1264 Quando
2193 1199 2349 1267 igitur
2379 1200 2516 1254 Deus
2540 1202 2731 1255 obtulit
2772 1204 3024 1259 animalia
3054 1205 3278 1275 homini,

1700 1287 1790 1342 ille
1817 1297 1879 1342 ut
1920 1291 2133 1359 sapiens
2155 1306 2217 1345 ac
2260 1292 2348 1346 Dei
2394 1293 2638 1361 spiritum
2685 1294 2908 1363 habens,
2950 1299 3279 1368 singulorum

1700 1381 2082 1448 proprietatem
2111 1382 2339 1436 videbat.
2387 1384 2777 1440 Animadvertit
2803 1403 2930 1442 vero
2977 1400 3279 1460 serpentem

1699 1470 2031 1526 solertiorem
2075 1488 2217 1537 esse,
2264 1489 2424 1528 sensu
2472 1477 2692 1543 pollere,
2743 1495 2808 1532 ex
2853 1480 3067 1536 nutibus
3105 1493 3280 1537 motus

1698 1561 1858 1615 animi
1890 1563 2179 1632 percipere.
2220 1564 2353 1619 Cum
2384 1567 2461 1620 sic
2503 1567 2669 1622 Adam
2697 1584 2754 1624 se
2783 1570 3020 1638 haberet,
3054 1589 3279 1643 perpen-

1697 1653 1774 1708 dit
1798 1654 2039 1711 diabolus
2067 1666 2120 1711 et
2156 1660 2418 1727 serpentis
2459 1663 2724 1726 astutiam,
2756 1671 2809 1717 et
2834 1663 3022 1719 Adami
3067 1668 3278 1735 opinio-

1699 1763 1818 1802 nem
1849 1767 1862 1802 :
1893 1750 2108 1819 putabat
2154 1753 2296 1806 enim
2345 1763 2648 1823 serpentem
2694 1757 2944 1812 solertem
2989 1775 3126 1815 esse.
3178 1762 3279 1817 Per

1697 1839 1845 1894 illum
1874 1856 2000 1911 ergo
2031 1842 2282 1912 loquitur,
2310 1854 2367 1899 ut
2396 1848 2754 1914 suspicaretur
2780 1849 2946 1904 Adam
2974 1862 3274 1920 serpentem

1695 1949 1814 1988 cum
1837 1949 1991 2006 sagax
2011 1946 2171 2001 esset,
2190 1937 2290 1991 hoc
2312 1940 2623 2006 praestitisse
2645 1951 2764 1994 utet
2781 1941 3062 1998 humanam
3089 1961 3273 2000 vocem

1697 2027 2014 2083 imitaretur.
2047 2029 2258 2085 Accedit
2287 2046 2412 2099 ergo
2439 2046 2682 2101 serpens.
2723 2033 2991 2103 Nusquam
3018 2051 3144 2091 vero
3174 2037 3274 2093 hoc
3293 2085 3304 2100 .

1695 2118 1965 2190 Scriptura
2007 2120 2159 2184 dixit,
2187 2121 2455 2177 diabolum
2501 2140 2692 2192 nempe
2719 2126 2770 2180 in
2799 2138 3046 2196 serpente
3089 2129 3277 2200 loquu.

1695 2221 1802 2266 tum
1829 2228 1968 2277 esse,
1992 2212 2086 2268 sed
2105 2224 2160 2269 et
2181 2214 2390 2286 Moyses
2419 2217 2727 2285 simpliciter
2752 2233 2862 2272 rem
2890 2231 3091 2289 gestam
3112 2237 3272 2275 enar-

1694 2305 1846 2359 ravit.
1895 2306 2214 2377 Diligenter,
2260 2323 2476 2377 quaeso,
2520 2308 2900 2365 animadverte.
2945 2311 3138 2367 Paulus
3181 2315 3272 2382 qui

1692 2400 1957 2454 secundus
1985 2400 2035 2454 in
2064 2401 2307 2470 paradiso
2332 2400 2447 2467 fuit,
2475 2418 2573 2457 nec
2607 2402 2704 2471 ipsi
2729 2403 2924 2458 dictum
2966 2405 3270 2475 explicavit,

1691 2490 1782 2545 sed
1813 2491 1887 2544 ait
1920 2508 1933 2544 :
1966 2489 2224 2560 Despondi
2253 2509 2336 2545 vos
2366 2493 2454 2546 uni
2477 2493 2582 2546 viro
2619 2493 2858 2564 virginem
2883 2506 3093 2558 castam,
3125 2497 3269 2551 exhi-

1691 2581 1804 2635 bere
1827 2581 2043 2635 Christo.
2067 2580 2236 2635 Timeo
2257 2592 2442 2649 autem,
2464 2599 2526 2636 ne
2551 2584 2677 2636 sicut
2706 2600 2905 2653 serpens
2933 2584 3090 2639 Evam
3119 2588 3269 2640 sedu-

1687 2674 1762 2726 xit
1792 2672 1842 2725 in
1863 2674 2046 2726 astutia
2067 2690 2159 2726 sua
2188 2673 2262 2743 (9..
2282 2673 2399 2728 Cor.
2421 2675 2504 2728 H.
2522 2674 2576 2727 9..
2596 2673 2650 2743 5)
2676 2693 2688 2728 :
2714 2691 2809 2728 nec
2831 2676 2982 2737 dixit,
3012 2677 3060 2730 id
3079 2677 3265 2733 diabo-

1690 2762 1797 2818 lum
1821 2763 2026 2819 fecisse.
2046 2765 2241 2820 Fidelis
2263 2765 2651 2834 Scripturarum
2674 2777 2852 2821 custos
2873 2779 3006 2835 erat,
3029 2769 3267 2841 Scriptu-

1688 2869 1866 2910 rarum
1911 2855 2171 2924 minister,
2203 2854 2593 2927 Scripturarum
2640 2856 2846 2923 doctor,
2873 2859 3264 2930 Scripturarqu

1688 2947 1969 3016 interpres.
1989 2947 2165 3002 Noluit
2192 2948 2388 3002 dictum
2412 2949 2640 3014 solvere,
2676 2965 2741 3003 ne
2761 2948 3151 3019 Scripturarum
3179 2969 3268 3004 or-

1685 3038 1864 3093 dinem
1910 3039 2172 3104 solveret;
2216 3038 2309 3094 sed
2358 3041 2618 3094 sententia
2666 3041 2822 3094 solvit
2869 3045 3261 3111 quaestionem:

1688 3127 1880 3195 Timeo,
1906 3131 2093 3201 inquit,
2123 3147 2185 3184 ne
2211 3133 2336 3185 sicut
2361 3147 2564 3197 serpens
2595 3129 2750 3183 Evam
2775 3131 2970 3186 seduxit
2996 3134 3048 3185 in
3081 3137 3265 3188 astutia

1683 3238 1796 3286 sua,
1816 3224 1888 3276 sic
1903 3233 2290 3292 corrumpantur
2306 3239 2476 3276 sensus
2491 3225 2658 3276 vestri.
2679 3223 2767 3276 Sic
2786 3225 3121 3292 ;quomodo'l
3137 3242 3262 3282 nunt

1686 3313 1949 3369 metuebat
1969 3313 2185 3378 Paulus,
2211 3328 2277 3368 ne
2301 3327 2510 3367 rursum
2532 3328 2751 3383 serpens
2773 3316 2997 3380 veniret,
3020 3332 3081 3370 ac
3101 3333 3263 3387 quos-

1684 3408 1805 3461 dam
1827 3407 2144 3463 seduceret?
2161 3406 2416 3473 At,Novi,
2437 3407 2634 3476 inquit,
2654 3407 2799 3461 illum
2826 3418 3127 3477 serpentem
3156 3425 3261 3465 non

1683 3515 1958 3570 apparere,
1980 3499 2072 3553 sed
2093 3507 2311 3568 apparet
2334 3498 2378 3552 is
2397 3502 2485 3568 qui
2505 3498 2556 3552 in
2582 3498 2674 3553 illo
2691 3508 2938 3568 operatus
2957 3510 3058 3555 est.
3088 3501 3261 3556 Cane-

1684 3607 1799 3646 rum
1823 3592 2034 3655 Paulus,
2051 3601 2106 3645 ut
2123 3591 2292 3646 fidelis
2314 3591 2573 3655 minister,
2598 3601 2649 3644 et
2671 3605 2940 3646 sacrarum
2959 3591 3261 3663 Scriptura-

1683 3701 1801 3739 rum
1823 3695 2022 3749 custos,
2042 3684 2239 3738 dictant
2264 3697 2368 3737 non
2395 3683 2628 3746 invertit,
2653 3682 2745 3738 sed
2783 3685 3098 3738 sententiam
3121 3685 3261 3739 indi-

1684 3777 1855 3832 cavit:
1881 3778 1993 3846 ipse
2015 3791 2138 3830 vero
2163 3785 2420 3837 veterum,
2443 3790 2721 3833 novorum.
2747 3773 3147 3845 futurorumque
3169 3777 3266 3830 Do-

1686 3868 1882 3934 minus,
1902 3868 2250 3937 quaestionem
2269 3865 2468 3939 liquido
2483 3865 2658 3928 solvit,
2687 3865 2891 3933 nequis
2913 3879 3184 3935 peccatum
3209 3867 3260 3921 in

1684 3968 1985 4028 serpentem
2009 3955 2223 4018 referat,
2244 3956 2336 4010 sed
2353 3956 2402 4009 in
2421 3970 2543 4009 eum
2565 3955 2654 4022 qui
2678 3955 2728 4008 iu
2754 3955 2866 4022 ipso
2887 3964 3137 4023 eperatus
3158 3967 3257 4010 est.

1685 4051 1773 4104 Ait
1814 4050 1990 4117 itaque
2027 4047 2272 4102 Christus
2312 4046 2510 4100 Judwis
2538 4061 2657 4100 cum
2696 4045 2935 4100 dicerent
2960 4047 3029 4112 ei,
3064 4045 3176 4100 Nos
3202 4064 3265 4100 ea:

1685 4140 1792 4194 Deo
1820 4156 1990 4193 sumus
2023 4155 2040 4191 :
2065 4138 2124 4191 Si
2145 4153 2207 4191 ea:
2248 4136 2354 4190 Deo
2380 4137 2568 4199 essetis,
2601 4135 2694 4188 Dei
2719 4135 2886 4205 utique
2919 4153 3069 4206 opera
3095 4154 3154 4189 ac
3177 4154 3264 4190 vo-

1685 4233 1924 4285 luntatem
1944 4232 2050 4300 ejus
2075 4229 2325 4300 faceretis.
2341 4226 2495 4281 Nunc
2518 4243 2630 4280 vero
2648 4243 2710 4282 ex
2734 4237 2874 4296 patre
2889 4237 3047 4280 vestro
3065 4227 3264 4282 diabolo

1684 4325 1822 4378 estis.
1848 4323 1990 4377 Dixit
2037 4320 2328 4384 diabolum,
2359 4329 2414 4375 et
2463 4319 2642 4374 statim
2694 4318 2968 4373 historiam
3019 4319 3261 4374 inducit:

1685 4413 1812 4478 Ille,
1839 4415 2026 4485 inquit,
2053 4413 2302 4467 homicida
2327 4422 2433 4465 erat
2459 4411 2520 4465 ab
2563 4411 2726 4464 initio.
2761 4411 2957 4464 Servus
2985 4420 3041 4464 ut
3078 4427 3266 4466 servos

1685 4508 2060 4577 interpretatus
2081 4514 2190 4570 est;
2227 4505 2478 4560 Dominus
2494 4515 2668 4558 autem
2692 4514 2748 4558 ut
2773 4503 3024 4558 Dominus
3048 4506 3261 4560 docuit:

1686 4603 1920 4658 ostendit
1955 4617 2075 4656 eum
2103 4601 2189 4670 qui
2233 4599 2491 4653 Adamum
2521 4597 2809 4652 occiderat.
2835 4595 2953 4651 Non
2988 4594 3127 4651 dixit
3154 4607 3270 4652 tan-

1690 4709 1800 4752 tum
1843 4694 2257 4758 interfectorem,
2283 4694 2376 4747 sed
2423 4689 2762 4745 homicidam.
2793 4689 2908 4745 Non
2933 4691 3073 4744 enim
3106 4707 3270 4745 unum

1688 4798 1892 4842 tantum
1939 4786 2131 4839 occidit
2154 4825 2169 4847 ,
2201 4784 2291 4838 sed
2317 4799 2409 4852 per
2447 4781 2590 4835 illum
2622 4795 2808 4832 omnes
2838 4779 3096 4833 homines.
3127 4779 3191 4832 Et
3217 4781 3268 4832 iu

1688 4881 1911 4941 veritate,
1956 4878 2142 4946 inquit,
2170 4892 2267 4928 non
2289 4874 2418 4927 stetit
2442 4890 2460 4925 :
2485 4874 2603 4944 quia
2633 4870 2851 4924 mendax
2877 4880 2948 4924 est
2978 4872 2996 4940 (
3025 4870 3180 4934 Joan,
3212 4872 3266 4926 8.

1688 4972 1842 5122 “:3.‘
1844 4971 2078 5134 2:221.“
2106 5060 2366 5113 mulierem
2392 5055 2653 5126 alloquens
2677 5055 2911 5108 mentitus
2933 5063 3021 5107 est.
3044 5083 3115 5092 —
3137 5051 3270 5107 Vide

1691 5159 1960 5230 quomodo
2004 5159 2378 5222 interpretatus
2415 5160 2497 5203 est
2538 5158 2592 5203 et
2635 5146 2778 5217 quod
2823 5145 2892 5200 sit
2932 5145 3196 5210 diabolus,
3221 5155 3275 5198 et

1692 5251 1832 5323 quod
1856 5252 1924 5305 sit
1963 5248 2206 5304 mendax.
2250 5243 2530 5313 Quomodo
2559 5242 2811 5296 mentitus
2839 5239 2957 5295 est?
3007 5239 3148 5292 Dixit
3169 5255 3274 5292 ser-

1693 5359 1816 5415 pens
1852 5341 2048 5394 mulieri
2081 5338 2227 5392 :Cur
2267 5336 2502 5406 praecepit
2544 5335 2680 5386 vobis
2723 5332 2882 5396 Deus,
2934 5340 2988 5383 ut
3013 5347 3110 5383 non
3141 5346 3275 5383 com-

1694 5435 1894 5488 ederitis
1923 5434 1985 5486 de
2012 5431 2148 5484 omni
2186 5431 2320 5499 ligno
2344 5426 2493 5500 (Gen.
2518 5428 2570 5481 '5.
2614 5425 2693 5493 l)?
2717 5421 2906 5476 Vidisti
2929 5421 3274 5476 mendacem?

1696 5528 1913 5583 Dixerat
1957 5526 2094 5581 Deus
2124 5542 2137 5577 :
2175 5524 2246 5578 De
2289 5522 2432 5576 omni
2475 5520 2616 5589 ligno
2642 5516 2924 5579 comedite,
2953 5513 3020 5568 de
3049 5528 3150 5568 uno
3175 5527 3274 5567 au-

1696 5631 1803 5678 tem
1831 5635 1896 5675 ne
1923 5617 2247 5681 comedatis;
2301 5613 2533 5668 mendax
2575 5611 2665 5664 ille
2689 5612 2762 5662 ait
2791 5625 2802 5660 :
2831 5609 2938 5661 Cur
2966 5606 3098 5660 dixit
3127 5603 3276 5658 vobis

1698 5719 1861 5785 Deus,
1889 5725 1948 5771 ut
1977 5712 2044 5769 de
2071 5710 2213 5768 omni
2242 5707 2386 5777 ligno
2409 5719 2475 5760 ne
2500 5700 2834 5764 comedetis?
2875 5698 2989 5755 Non
3029 5695 3280 5754 mentitur
