3704 6274
459 236 576 293 ⁹ι87

472 445 686 518 quidem
714 444 965 515 graviter.
994 440 1127 496 Cum
1154 440 1273 509 quis
1302 437 1444 493 enim
1471 435 1656 490 dolose
1685 430 1880 501 aliquid
1908 430 2058 483 moli-

477 548 581 602 tur,
628 546 721 590 aut
762 534 1133 590 necessitatem
1179 530 1415 595 simulat,
1458 538 1548 583 aut
1586 522 1959 596 ignorantiam,
2002 529 2059 574 ut

472 645 581 685 non
628 635 930 699 suspectam
978 623 1190 679 inducat
1237 622 1583 691 pravitatem;
1631 632 1694 671 ac
1732 615 1775 669 si
1823 613 2054 674 diceret,

471 723 585 778 Non
618 721 764 786 novi,
805 718 964 773 nullae
1005 727 1129 771 sunt
1156 714 1389 768 insidiae:
1434 708 1659 778 simplici
1701 706 1882 759 animo
1910 703 2052 769 veni,

471 814 605 870 nihil
641 813 772 866 scio.
822 807 1012 864 Nonne
1055 806 1340 860 multorum
1386 802 1565 855 talium
1614 797 1811 851 fecistis
1853 795 2057 863 pericu-

468 906 621 964 lum?
645 921 712 960 an
743 905 1045 973 ignoramus
1065 898 1188 952 dolo
1210 896 1467 950 utentium
1499 892 1697 960 opera?
1733 902 1910 943 nonne
1934 886 2051 940 talia

470 1005 754 1059 consuunt,
787 1003 841 1048 et
873 990 1221 1061 ignorantiam
1253 984 1580 1057 pm'lexunl?
1606 982 1693 1039 Sic
1711 990 1766 1036 et
1787 980 2049 1035 diabolus.

471 1092 599 1153 Cur,
627 1088 819 1158 inquit,
842 1085 974 1139 dixit
992 1083 1144 1138 vobis
1167 1080 1343 1135 Deus?
1363 1077 1495 1132 Male
1512 1086 1565 1131 et
1594 1088 1842 1143 perverse
1855 1070 2049 1133 audivi,

472 1192 525 1235 ut
556 1195 660 1235 non
690 1175 1042 1233 comederetis
1071 1173 1136 1227 de
1166 1170 1309 1225 omni
1360 1170 1520 1239 ligno.
1570 1165 1893 1219 Existimans
1933 1176 2052 1215 mu-

471 1272 573 1328 lier
600 1270 651 1325 id
680 1267 1031 1340 ignorantiam
1061 1278 1203 1329 esse,
1226 1273 1525 1316 sermonem
1554 1256 1787 1325 corrigit.
1812 1253 1927 1308 Non
1957 1254 2048 1318 ita,

472 1363 681 1432 inquit,
730 1359 980 1428 loquutus
1022 1361 1147 1409 est:
1177 1368 1282 1408 non
1313 1350 1445 1406 dixit
1488 1348 1646 1411 Deus,
1676 1355 1732 1400 ut
1759 1360 1862 1399 non
1908 1358 2053 1397 com-

469 1456 753 1511 ederemtts
772 1451 839 1506 de
865 1447 1009 1505 omni
1028 1448 1198 1517 ligno;
1219 1444 1311 1499 sed
1332 1442 1398 1497 de
1423 1440 1566 1495 omni
1594 1436 1934 1509 permisit,ab
1947 1448 2052 1489 uno

469 1547 774 1606 interdixit;
825 1541 958 1596 dixit
998 1539 1140 1595 enim
1184 1523 1337 1592 nobis
1372 1552 1385 1589 :
1415 1532 1493 1588 Ne
1520 1530 1833 1589 comedatis,
1858 1536 1915 1581 ut
1943 1541 2050 1581 non

470 1635 791 1696 moriamini.
824 1635 981 1688 Visus
1005 1640 1087 1687 est
1110 1630 1288 1684 dicere
1316 1624 1457 1696 quod
1489 1621 1761 1678 nesciebat
1787 1637 1802 1672 :
1824 1620 1933 1688 jam
1961 1631 2050 1671 su-

466 1732 634 1805 spicio
663 1745 768 1784 non
811 1735 946 1791 erat,
974 1722 1115 1792 quod
1164 1718 1536 1778 insidiaretur;
1584 1713 1764 1782 aitque
1793 1710 1865 1765 illi
1898 1726 1912 1763 :
1944 1706 2051 1762 Ne-

466 1800 718 1892 quaquam
742 1826 902 1872 morte
938 1810 1223 1869 moriemini
1251 1806 1401 1881 (Gen.
1430 1806 1485 1860 5.
1506 1802 1583 1876 4).
1619 1803 1698 1857 En
1726 1800 1868 1856 aliud
1898 1813 2049 1854 men-

468 1914 704 1970 dacium.
746 1911 855 1965 Deo
883 1919 1111 1976 namque
1139 1902 1368 1965 dicente,
1396 1896 1462 1952 In
1487 1909 1794 1967 quacumque
1816 1892 1898 1945 die
1916 1906 2051 1944 com-

469 2004 693 2070 ederitis,
716 1994 1198 2059 mortemoriemini,
1222 1993 1296 2047 ait
1315 1989 1582 2047 diabolus:
1601 1984 2051 2055 Nequaquammo-

466 2099 701 2161 riemini;
727 2097 917 2152 iterum
948 2089 1202 2148 mentitus
1224 2096 1325 2141 est.
1360 2082 1564 2140 Sciebat
1594 2081 1724 2134 enim
1751 2077 1905 2139 Deus,
1933 2075 2050 2142 quia

466 2210 567 2264 qua
593 2192 673 2245 die
694 2186 1030 2252 comederitis,
1060 2183 1196 2238 eritis
1218 2181 1345 2235 sicut
1365 2177 1455 2230 dii.
1482 2176 1561 2229 En
1591 2173 1804 2228 tertium
1830 2167 2050 2224 menda-

468 2287 634 2341 cium.
663 2280 797 2337 \’ide
820 2278 1060 2335 dolosam
1096 2271 1293 2330 diaboli
1322 2268 1631 2338 nequitiam.
1660 2264 1777 2320 Jam
1825 2275 2049 2335 praeme—

469 2376 669 2431 ditatur
693 2384 930 2427 errorem
959 2364 1156 2421 mundo
1183 2361 1550 2418 disseminare.
1577 2358 1641 2411 Et
1665 2355 1786 2425 quia
1811 2354 2046 2415 molitur,

471 2475 530 2523 ut
556 2464 693 2531 dixi,
740 2463 918 2533 plures
964 2459 1095 2513 deos
1135 2456 1185 2509 in
1229 2453 1360 2509 orbe
1406 2450 1661 2512 excitare,
1709 2452 2048 2500 antevertens

469 2558 695 2632 quadam
737 2552 1055 2612 narrationis
1097 2548 1296 2619 specie,
1320 2545 1549 2617 plurium
1590 2540 1813 2597 deorum
1837 2537 2049 2606 Opinio-

469 2668 592 2707 nem
622 2652 675 2705 in
702 2650 917 2704 auribus
948 2643 1184 2699 mulieris
1215 2639 1459 2695 inseruit.
1488 2637 1578 2692 Sic
1602 2645 1747 2689 certe
1773 2630 1897 2685 mali
1923 2628 2050 2683 arti-

468 2746 555 2800 fex
582 2742 808 2815 plurium
829 2740 1048 2795 deorum
1070 2734 1441 2805 cogitationem
1473 2729 1619 2799 prius
1642 2725 1846 2780 invexit
1869 2741 1882 2777 :
1907 2721 2049 2776 Dens

470 2851 602 2894 vero
626 2833 956 2907 praescientia
984 2845 1078 2886 sua
1106 2828 1155 2883 id
1181 2825 1405 2890 curavit,
1452 2831 1510 2877 ut
1535 2821 1741 2875 futurus
1765 2832 1917 2873 error
1942 2829 2047 2870 non

469 2930 707 2985 humano
731 2940 825 2981 ore
864 2921 1211 2994 proferretur,
1243 2932 1312 2973 ne
1335 2916 1507 2987 prima
1536 2912 1759 2982 loquelte
1803 2908 2049 2963 humanae

470 3036 574 3078 vox
611 3020 742 3076 deos
784 3022 1250 3077 commemoraret,
1278 3009 1374 3065 sed
1413 3023 1514 3063 vox
1547 3008 1714 3076 prima
1762 3000 2047 3072 serpentis,

470 3123 528 3170 ut
554 3128 617 3169 os
635 3125 793 3167 omne
817 3109 884 3164 dc
912 3107 1065 3163 idolis
1089 3100 1406 3175 loquens-illi
1431 3100 1605 3156 simile
1627 3106 1786 3152 esset.
1807 3092 1930 3150 Scio
1955 3106 2049 3146 vos

470 3204 595 3261 huic
616 3204 731 3260 voci
763 3214 1003 3271 parcere,
1032 3206 1087 3253 et
1109 3204 1348 3251 sanctam
1395 3193 1787 3261 Scripturarum
1816 3194 2047 3241 mentem

468 3297 727 3368 arripere.
780 3291 947 3359 Nemo
976 3291 1133 3361 igitur
1173 3288 1322 3344 vocis
1362 3298 1609 3357 pompam
1636 3279 1905 3343 attendat;
1952 3274 2047 3330 sed

469 3390 853 3446 sententiarum
878 3386 1149 3439 virtutem.

540 3481 679 3537 Deus
702 3497 804 3536 non
825 3474 1078 3551 prohibuit
1106 3474 1362 3529 scientiam
1378 3470 1502 3527 boni
1520 3487 1539 3535 ;
1558 3469 1719 3522 Adam
1740 3475 1856 3520 ante
1883 3479 2050 3535 ρει-θαι

470 3584 578 3630 tum
603 3574 863 3629 scientiam
891 3571 1006 3624 boni
1034 3568 1265 3624 habebat.
1290 3596 1365 3607 —
1385 3564 1585 3621 Sciebat
1619 3563 1751 3618 enim
1778 3560 1937 3625 Deus,
1970 3559 2049 3613 in-

469 3667 617 3738 quit,
640 3664 779 3738 quod
799 3677 1110 3732 quacumque
1136 3660 1218 3713 die
1245 3657 1558 3714 comederitis
1574 3696 1590 3722 ,
1614 3657 1752 3710 eritis
1787 3654 1915 3707 sicut
1937 3651 2008 3703 dii
2031 3690 2046 3718 ,

471 3760 682 3815 scientes
724 3757 907 3811 bonum
944 3767 995 3809 et
1022 3753 1236 3807 malum.
1276 3751 1441 3806 Aiunt
1472 3749 1641 3812 multi,
1680 3746 2051 3817 praecipueque

468 3852 529 3917 li,
558 3849 648 3923 qui
677 3848 788 3903 Deo
804 3845 1077 3903 inimicum
1104 3842 1454 3916 Porphyrium
1486 3848 1800 3909 sequuntur,
1830 3836 1923 3907 qui
1949 3834 2048 3889 ad-

472 3957 658 4000 versus
685 3939 1019 3997 Christianos
1066 3936 1314 4006 scripsit,
1347 3934 1650 4003 multosque
1679 3947 1710 3985 a
1742 3929 1919 3985 divina
1944 3927 2049 3985 lide

469 4035 688 4094 abduxit
716 4051 733 4101 ;
762 4034 931 4099 aiunt,
961 4034 1177 4102 inquam
1205 4047 1219 4083 :
1248 4031 1355 4086 Cur
1385 4028 1524 4083 Deus
1545 4026 1820 4081 scientiam
1846 4024 1971 4080 boni
1996 4033 2051 4078 et

468 4130 595 4188 mali
621 4127 889 4201 prohibuit
913 4126 938 4182 ἳ
966 4124 1118 4191 Esto,
1148 4124 1347 4180 malum
1371 4119 1698 4193 prohibuerit
1725 4135 1741 4184 ;
1771 4133 1868 4174 cur
1885 4116 2047 4172 etiam

468 4226 668 4280 bonum
684 4222 710 4277 τ
728 4221 859 4277 Cum
886 4219 959 4273 ait
980 4218 1122 4273 enim
1154 4234 1169 4270 :
1201 4215 1281 4270 De
1306 4216 1444 4286 ligno
1467 4213 1688 4268 scientia
1705 4210 1826 4266 boni
1856 4222 1900 4266 et
1928 4208 2050 4262 mali

469 4332 534 4368 ne
574 4311 847 4368 comedetis
869 4350 885 4376 ,
910 4308 1189 4380 prohibet,
1215 4307 1361 4360 aiunt
1384 4346 1401 4373 ,
1432 4320 1500 4359 ne
1529 4304 1662 4359 sciat
1690 4302 1885 4356 malum
1912 4318 1925 4354 :
1954 4314 2051 4354 cur

469 4406 632 4462 etiam
660 4404 858 4459 bonum
887 4401 913 4455 2
954 4400 1181 4470 Semper
1212 4398 1412 4454 malitia
1448 4404 1635 4453 contra
1678 4396 1908 4464 seipsam
1933 4408 2047 4447 ma-

470 4497 733 4560 chinatur,
762 4494 923 4565 inque
941 4492 1172 4561 seipsam
1203 4489 1512 4545 occasiones
1541 4487 1763 4557 praebet.
1790 4486 1905 4542 Non
1929 4500 2052 4556 pro-

469 4589 643 4646 hibuit
691 4587 834 4643 Deus
885 4583 1165 4641 scientiam
1211 4581 1375 4637 boni:
1433 4579 1578 4634 illam
1629 4578 1823 4649 quippe
1865 4578 2051 4633 habuit

468 4681 662 4744 Adam,
693 4678 854 4735 etiam
884 4684 1166 4745 antequam
1199 4670 1524 4728 comederct.
1568 4668 1680 4724 Nisi
1720 4668 1864 4723 enim
1907 4668 2047 4722 illam

465 4784 591 4837 ante
608 4772 895 4835 habuisset,
913 4767 1181 4839 quomodo
1200 4748 1535 4836 cognovisset
1551 4778 1769 4817 uxorem
1792 4761 1818 4815 ἲ
1832 4775 2055 4832 quomo-

468 4867 540 4922 do
554 4864 622 4921 de
642 4864 758 4935 ejus
774 4874 961 4918 natura
978 4860 1221 4925 dixisset,
1244 4858 1317 4913 0s
1332 4874 1394 4912 ea:
1410 4859 1607 4912 ossibus
1622 4856 1763 4922 meis,
1783 4863 1829 4908 et
1856 4870 1972 4907 caro
1991 4853 2054 4906 de

469 4974 620 5011 carne
644 4973 752 5010 mea
770 4957 795 5009 ?
823 4952 1091 5025 quomodo
1118 4951 1290 5007 futura
1309 4951 1624 5006 vaticinatus
1641 4956 1801 5005 esset.
1826 4944 1948 5001 Ha'c
1970 4963 2054 5000 vo-

469 5050 664 5104 cabitur
691 5050 891 5113 mulier,
920 5049 1039 5114 quia
1061 5048 1125 5101 de
1168 5047 1277 5099 uiro
1318 5053 1520 5114 sumpta
1564 5053 1652 5096 est.
1703 5041 1919 5111 Propter
1959 5040 2053 5091 hoc

468 5141 712 5209 relinquet
758 5140 906 5191 homo
956 5146 1151 5208 patrem
1193 5146 1238 5190 et
1296 5145 1507 5189 matrem
1534 5133 1554 5199 (
1582 5131 1714 5186 Gen.
1737 5131 1792 5184 2.
1820 5129 2063 5199 25.24);

470 5229 618 5286 etc.‘l
650 5226 796 5284 tanta
838 5227 1075 5291 sciebat,
1116 5236 1172 5282 et
1207 5226 1402 5282 bonum
1449 5239 1553 5279 non
1596 5219 2053 5277 noveratiDeum

471 5331 725 5389 noverat,
756 5336 877 5391 quae
903 5330 1028 5375 sunt
1055 5319 1147 5375 Dei
1178 5318 1458 5383 servabat,
1487 5314 1764 5371 scientiam
1799 5312 2047 5375 habebat,

470 5426 546 5473 tot
573 5415 787 5472 nomina
813 5412 1111 5484 imposuit;
1156 5408 1425 5480 quomodo
1462 5406 1739 5463 scientiam
1788 5404 1910 5459 boni
1946 5419 2050 5457 non

470 5506 752 5563 habuerit?
782 5504 917 5573 Quid
955 5516 1083 5573 ergo
1112 5499 1241 5556 illud
1286 5498 1402 5555 est?
1450 5497 1567 5553 Non
1617 5494 1864 5566 prohibet
1913 5494 2063 5549 Deus.

468 5598 747 5655 scientiam
798 5596 945 5682 boni,
974 5594 1069 5652 sed
1106 5594 1215 5649 vult
1244 5606 1366 5648 cum
1394 5590 1518 5647 boni
1548 5588 1767 5644 scientia
1803 5602 1905 5645 non
1932 5600 2053 5643 esse

470 5689 746 5746 scientiam
783 5676 933 5744 mali.
981 5683 1269 5757 impietatis
1308 5683 1577 5755 sophisma
1607 5680 1755 5739 solvo
1794 5695 1857 5737 ex
1898 5676 2046 5736 Scri-

1883 221 2244 278 SEVERIANI
3612 233 3674 289 Μ

470 353 669 411 Christi
717 365 850 409 vox:
894 348 995 403 Ille
1022 346 1241 403 mendax
1264 354 1356 399 est.
1388 343 1638 398 Mentitus
1663 347 1746 395 est
1774 349 1973 402 autem,
2006 346 2060 390 et.
2100 390 2103 393 ,

2177 337 2369 406 ptnris.
2398 338 2724 395 AitPaulns:
2752 339 2870 394 Non
2889 339 3089 409 potestis
3104 339 3306 394 calicem
3330 340 3520 395 Domini
3544 344 3673 411 bibere

2167 436 2215 479 et
2257 427 2463 481 calicem
2502 430 2865 484 damoniorum
2905 429 2983 491 (l.
3008 429 3126 484 Cor.
3151 430 3369 502 10.21).
3396 431 3505 485 Non
3545 440 3674 494 illum

2167 520 2457 587 prohibuit,
2485 520 2579 575 sed
2621 536 2742 575 eum
2768 522 2857 591 qui
2882 522 3098 575 sanctus
3127 531 3268 576 esset
3294 524 3625 586 sanctiﬁcat-it,
3647 540 3674 583 ei

2164 614 2428 682 impurum
2455 623 2612 683 atque
2639 613 2913 683 profanum
2940 614 3153 685 abjecit.
3195 614 3267 666 Ita
3314 629 3517 685 quoque
3544 616 3674 673 Serra.

2163 713 2273 758 tor:
2298 704 2414 758 Non
2432 707 2636 774 potestis
2659 707 2764 760 Deo
2781 709 2963 761 servire
2978 718 3022 761 et
3041 724 3287 761 mamonte
3304 708 3513 777 (Matth.
3536 709 3583 765 ϐ.
3599 713 3674 781 2i);

2161 812 2351 865 nempe
2372 796 2561 852 eodem
2581 807 2822 867 tempore
2851 799 2959 855 Deo
2976 808 3031 853 et
3049 799 3276 853 dasmoni
3317 802 3511 855 servire
3537 803 3674 870 imps

2161 886 2314 941 sibilc
2340 897 2440 941 est.
2470 887 2558 941 Sic
2601 888 2737 942 Dens
2768 889 2889 942 mali
2918 890 3272 958 cognitionem
3301 891 3495 944 assumi
3530 897 3674 962 vetuit,

2159 996 2227 1034 ne
2266 996 2385 1033 cum
2435 980 2555 1034 boni
2593 981 2815 1036 scientia
2856 982 2981 1035 mali
3026 983 3257 1051 cognitio
3283 982 3647 1038 admisceretur.

2228 1066 2282 1123 4.
2316 1068 2417 1124 Cur
2448 1069 2638 1141 lignum
2676 1071 2894 1125 scientiis
2917 1072 3034 1125 boni
3068 1083 3114 1126 et
3148 1074 3270 1125 mali
3302 1075 3374 1125 sic
3420 1074 3590 1126 diction
3618 1090 3674 1128 cst.

2158 1160 2343 1215 —Hie
2367 1161 2474 1230 jam
2504 1162 2736 1215 animum
2760 1161 3125 1217 adhibeamus.
3159 1165 3268 1218 Cur
3292 1165 3503 1217 tandem
3534 1166 3674 1233 lignum

2160 1253 2396 1306 scientia:
2443 1252 2565 1306 boni
2612 1265 2666 1308 et
2711 1255 2833 1307 mali
2874 1255 3195 1325 appellatum
3244 1255 3381 1310 est?
3422 1254 3531 1310 Non
3569 1260 3674 1312 talem

2158 1352 2399 1398 naturam
2434 1344 2635 1411 habuit,
2663 1345 2755 1400 sed
2785 1346 2889 1401 tale
2917 1356 3287 1416 argumentum
3317 1348 3467 1414 tulit,
3494 1348 3674 1418 Scripta

2155 1451 2335 1490 rarum
2370 1439 2743 1515 proprietatem
2770 1440 2907 1494 dico.
2939 1440 3177 1510 Exempli
3204 1456 3361 1496 causa
3395 1459 3407 1494 :
3440 1440 3552 1495 fons
3574 1446 3674 1511 quis-

2157 1528 2299 1597 piam
2348 1529 2398 1580 in
2443 1532 2656 1583 deserto
2698 1540 2914 1585 vocatus
2957 1540 3040 1585 est
3074 1547 3206 1600 aqua
3256 1532 3674 1590 contradictionis:

2152 1617 2376 1673 ‘l’robavi
2406 1631 2451 1673 te
2477 1622 2616 1690 apud
2645 1639 2826 1691 aquam
2850 1624 3261 1678 contradictionis
3290 1630 3309 1697 (
3337 1623 3481 1678 Psal.
3512 1625 3588 1680 80.
3612 1626 3674 1693 8}.

2148 1711 2369 1782 Ergone
2396 1713 2698 1780 hujusmodi
2729 1724 2917 1770 natura
2942 1731 3092 1786 aqum
3119 1726 3232 1771 emt
3257 1758 3273 1782 ,
3305 1726 3363 1772 ut
3388 1719 3616 1790 populum
3637 1718 3674 1774 ad

2146 1803 2627 1859 contradictionem
2656 1806 2914 1861 excitaret
2941 1806 2964 1859 ?
2991 1823 3087 1861 cur
3115 1823 3243 1878 ergo
3271 1809 3482 1880 Moyses
3510 1810 3583 1863 illa
3616 1825 3674 1879 pa

2154 1906 2314 1960 tatus,
2364 1896 2472 1951 Deo
2520 1910 2624 1952 non
2668 1898 3039 1954 contradixit?
3083 1900 3240 1958 Certe
3276 1911 3461 1957 vocata
3490 1914 3563 1956 est
3586 1918 3674 1970 aqua

2153 1990 2610 2053 Contradictionis,
2660 2006 2765 2045 non
2821 1990 2959 2059 quod
3011 1991 3167 2046 talcm
3215 1992 3438 2048 haberet
3465 2003 3674 2059 naturam,

2152 2079 2243 2133 sed
2274 2081 2556 2136 occasione
2584 2081 2657 2135 rei
2688 2096 2806 2151 qua:
2836 2082 2887 2135 in
2921 2081 3009 2136 illa
3041 2083 3253 2138 accidit.
3284 2083 3417 2152 Quia
3447 2086 3575 2138 enim
3608 2084 3674 2137 illic

2151 2173 2472 2227 contradixit
2497 2174 2741 2243 p0pnlus,
2763 2173 2880 2229 ideo
2906 2185 3089 2230 vocnta
3106 2185 3186 2231 est
3206 2193 3341 2246 aqua
3358 2178 3674 2232 contradictio.

2154 2267 2254 2321 nis.
2299 2266 2502 2322 Rursus
2534 2266 2667 2321 vidit
2706 2267 2870 2323 Jacob
2902 2268 3068 2324 Deum
3095 2310 3111 2336 ,
3144 2279 3200 2324 ut
3236 2271 3396 2325 homo
3426 2279 3609 2339 poterat
3629 2270 3674 2321 ti-

2150 2360 2300 2425 dcre,
2326 2370 2379 2415 et
2404 2361 2611 2415 vocavit
2638 2376 2831 2416 nomen
2864 2362 2963 2416 loci
2996 2362 3199 2431 Species
3220 2362 3316 2417 Dei
3332 2362 3485 2435 (Gen.
3508 2362 3583 2419 52.
3601 2362 3674 2435 30).

2153 2452 2323 2508 Locus
2342 2452 2573 2521 speciem
2614 2462 2705 2507 aut
2747 2452 2970 2507 formam
3017 2454 3111 2509 Dei
3161 2470 3267 2509 non
3316 2456 3579 2521 habebat;
3621 2460 3674 2513 sed

2151 2546 2273 2613 quia
2304 2544 2437 2599 visio
2470 2544 2539 2599 ibi
2578 2544 2797 2615 contigit
2838 2545 2977 2614 ipsi,
3016 2561 3083 2600 ex
3124 2562 3182 2599 re
3226 2546 3397 2603 locum
3428 2553 3674 2620 appellavit.

2152 2636 2304 2692 Alius
2335 2636 2483 2691 locus
2508 2645 2727 2691 vocatus
2746 2644 2826 2690 est
2854 2635 2971 2690 Pax
2990 2634 3111 2690 Dei.
3141 2638 3360 2706 Quando
3380 2640 3601 2699 Gedeoni
3619 2662 3674 2716 ap

2153 2729 2330 2796 paruit
2350 2729 2570 2798 angelus
2603 2729 2715 2792 Dei,
2746 2743 2807 2783 ac
2829 2738 2971 2782 metu
2997 2730 3269 2798 perculsus
3289 2731 3377 2787 ille
3398 2734 3562 2789 dixit:
3584 2739 3674 2794 illa

2153 2834 2259 2884 me,
2288 2820 2484 2873 moriar
2513 2835 2524 2871 :
2550 2819 2656 2872 vidi
2684 2818 2825 2873 enim
2851 2819 3095 2888 angelum
3129 2820 3241 2876 Dei.
3273 2824 3360 2876 Ait
3388 2824 3466 2878 illi
3495 2830 3674 2896 angelus:

2154 2909 2262 2965 Pax
2294 2910 2410 2978 tibi,
2442 2925 2508 2965 ne
2534 2911 2745 2975 timeas.
2780 2910 2846 2965 Et
2870 2911 3172 2979 aediﬁcavit,
3203 2931 3223 2964 ο
3253 2913 3442 2984 inquit,
3472 2935 3491 2969 ι
3520 2918 3674 2974 Cedent

2151 3003 2341 3069 altare,
2372 3012 2427 3059 et
2453 3004 2660 3059 vocavit
2689 3004 2862 3074 ipsum
2886 3004 2994 3060 Pax
3026 3004 3121 3072 Dei
3154 3025 3173 3057 ι
3201 3005 3412 3077 (ludia.
3443 3009 3495 3065 6.
3524 3011 3674 3077 2234}.

2152 3094 2607 3164 Quemadmodum
2639 3109 2765 3166 ergo
2803 3110 2916 3163 ara,
2958 3096 3072 3150 sive
3095 3097 3265 3153 altare
3294 3114 3480 3168 pacem
3507 3118 3599 3155 non
3622 3070 3674 3155 lii.

2151 3188 2286 3255 bnit,
2338 3188 2433 3244 sed
2482 3188 2627 3244 initae
2676 3196 2729 3243 et
2771 3188 2910 3243 data:
2951 3189 3093 3257 pacis
3140 3192 3444 3261 symbolum
3478 3204 3674 3257 erat;at

2151 3280 2598 3351 quemadmodum
2653 3295 2790 3350 aqua
2835 3281 3311 3337 contradictionem
3357 3300 3467 3338 non
3522 3285 3673 3341 habuit.

2146 3373 2244 3429 sed
2273 3389 2337 3429 ex
2359 3389 2446 3436 eo,
2474 3373 2616 3445 quod
2643 3374 2713 3428 ibi
2746 3384 3016 3437 evenerat,
3041 3375 3119 3429 sic
3137 3375 3400 3444 appellata
3429 3386 3511 3432 est
3535 3396 3548 3431 :
3580 3379 3674 3431 itas

2154 3465 2352 3535 lignum
2383 3480 2486 3520 non
2513 3466 2791 3520 scientiam
2824 3464 3041 3530 habuit,
3070 3465 3162 3520 sed
3189 3467 3312 3536 quia
3342 3469 3579 3539 quisquis
3600 3486 3674 3540 pec

2152 3566 2257 3624 eat,
2288 3558 2341 3612 in
2370 3558 2613 3612 notitiam
2640 3556 2840 3627 peccati
2882 3557 3044 3613 venit.
3073 3557 3129 3614 Id
3159 3557 3301 3629 quod
3332 3560 3524 3615 iterum
3553 3577 3674 3614 exeo

2154 3650 2242 3718 plo
2266 3648 2526 3704 confirmo
2558 3666 2571 3702 :
2615 3650 2880 3704 interdum
2925 3666 3020 3720 per
3058 3650 3174 3705 loca
3211 3652 3507 3707 latrociniis
3546 3653 3674 3707 inierii

2156 3742 2485 3806 transimus;
2538 3740 2590 3795 in
2635 3756 2892 3811 moreque
2933 3750 3013 3796 est
3057 3741 3240 3797 dicere
3273 3760 3286 3795 :
3319 3742 3449 3798 Haec
3483 3744 3587 3798 loca
3618 3758 3674 3797 ne

2154 3830 2344 3887 menda
2376 3840 2519 3887 sunt.
2546 3832 2625 3886 An
2653 3832 2809 3886 locus
2832 3832 2945 3902 ipse
2974 3830 3311 3887 formidinem
3341 3833 3541 3889 habet?
3560 3848 3674 3888 nonat

2157 3926 2329 3993 potius
2358 3924 2470 3977 haec
2506 3924 2754 3979 dicuntur
2790 3924 3051 3979 latronum
3089 3924 3157 3977 ibi
3186 3926 3514 3979 versantiutn
3543 3923 3674 3979 caule

2153 4016 2241 4070 Sic
2276 4014 2437 4069 arbor
2468 4015 2556 4068 illa
2587 4029 2688 4068 non
2719 4014 3047 4069 mortiferam
3077 4014 3356 4069 scientiam
3388 4015 3599 4079 habuit,
3623 4014 3674 4067 sol

2155 4110 2223 4163 ob
2250 4108 2484 4163 habitam
2511 4108 2618 4161 illic
2639 4108 2778 4162 circa
2798 4107 3057 4161 Adamum
3086 4105 3421 4176 tragoediam,
3440 4107 3673 4161 hoccona»

2154 4210 2316 4272 qunta
2345 4206 2539 4255 numen
2569 4208 2671 4253 est.
2694 4198 2829 4254 Rem
2856 4206 3034 4253 autem
3065 4198 3218 4252 solvo
3242 4215 3255 4251 :
3287 4214 3464 4268 neque
3488 4199 3611 4253 enim
3632 4195 3666 4247 di

2156 4298 2277 4350 vina
2308 4294 2583 4362 Scriptura
2607 4293 2658 4347 itt
2681 4292 2845 4346 dubio
2872 4300 3138 4346 versatur.
3170 4290 3339 4346 Hodie
3365 4290 3607 4345 habemus
3634 4294 3673 4340 ait

2155 4399 2290 4453 tare,
2318 4387 2470 4456 cujus
2497 4386 2780 4455 participes
2810 4394 2930 4440 sunt
2970 4384 3171 4439 ﬁdeles.
3210 4383 3345 4438 Num
3386 4398 3515 4454 ergo
3537 4384 3674 4436 domm

2156 4484 2329 4552 ipsum
2372 4479 2669 4535 naturalem
2715 4478 2817 4533 fert
2851 4478 3077 4532 salutem
3104 4518 3119 4542 ,
3146 4492 3212 4532 an
3241 4486 3459 4547 propter
3489 4478 3673 4545 majcsu

2159 4588 2285 4643 tem,
2314 4592 2432 4647 qua:
2461 4578 2759 4639 invocatur,
2804 4575 2996 4644 pignus
3044 4574 3206 4626 habes
3246 4589 3315 4625 ex
3363 4573 3674 4642 prteseulilmi.

2157 4687 2225 4727 ne
2248 4669 2458 4726 dubites
2473 4668 2539 4723 de
2562 4669 2625 4723 iis
2644 4682 2761 4737 quae
2789 4666 3216 4735 przrcesserunt?
3243 4664 3355 4718 Illic
3386 4680 3506 4719 esca
3538 4666 3565 4716 l.
3585 4664 3671 4716 Lll7‘

2159 4762 2245 4817 hic
2273 4761 2424 4816 cibus
2447 4760 2740 4813 viviticans.
2769 4756 2824 4812 Si
2851 4757 2951 4829 hoc
2977 4765 3162 4809 natura
3188 4765 3391 4819 servat,
3420 4770 3523 4808 non
3546 4754 3673 4821 gratia

2160 4852 2285 4908 illud
2312 4853 2472 4907 etiam
2503 4860 2688 4903 natura
2714 4847 2930 4912 occidit,
2962 4861 3067 4900 non
3094 4844 3673 4914 transgressioneDstea

2160 4944 2283 4998 dam
2315 4943 2408 4997 tibi
2438 4953 2595 4996 extra
2630 4938 2929 5009 paradisum
2958 4936 3132 4990 cibum
3165 4935 3326 4988 alium
3365 4934 3661 4988 mortiferum

2159 5033 2510 5090 idololatriam
2540 5044 2751 5097 nempe.
2782 5028 2890 5081 Cur
2914 5035 3222 5080 recusarunt
3256 5034 3519 5095 martyres
3547 5039 3673 5077 cach

2158 5125 2440 5181 comedere
2466 5124 2488 5176 ?
2515 5137 2610 5175 cur
2637 5120 2798 5176 edere
2825 5118 3133 5175 metuebant
3160 5116 3184 5169 ?
3209 5132 3275 5170 an
3310 5117 3504 5169 mortui
3532 5128 3674 5169 essent

2159 5218 2203 5273 si
2258 5213 2662 5272 comedissent?
2712 5210 3054 5281 Nequaquam
3104 5226 3116 5260 :
3164 5207 3257 5262 sed
3309 5209 3431 5277 quia
3478 5207 3673 5261 idolorum

2158 5309 2358 5365 mentio
2385 5315 2535 5371 erat,
2567 5320 2669 5359 non
2700 5317 2878 5358 escam
2923 5300 3215 5371 fugiebant,
3257 5298 3352 5353 sed
3380 5296 3674 5353 exsecranda

2159 5417 2275 5457 rum
2292 5398 2698 5454 invocationem.
2711 5394 2800 5450 Sic
2816 5404 2939 5448 nota
2958 5398 3071 5447 erat
3099 5390 3260 5444 arbor
3279 5389 3513 5443 scientia:
3539 5386 3673 5440 bonit

2160 5491 2309 5559 mali,
2335 5506 2441 5545 nou
2466 5488 2744 5546 scientiam
2765 5485 3032 5558 praebens,
3059 5480 3157 5537 sed
3181 5496 3300 5536 eam
3342 5497 3409 5536 ex
3437 5490 3667 5547 transgres

2158 5586 2311 5640 sione
2355 5583 2575 5638 docens.
2614 5579 2839 5651 Semper
2878 5576 3021 5632 enim
3047 5572 3375 5644 experientia
3402 5570 3674 5639 insipienle'l

2161 5677 2317 5735 docet
2346 5674 2539 5731 malam
2566 5687 2678 5729 rem
2704 5685 2824 5728 esse
2853 5664 3355 5739 transgressionem.
3386 5654 3674 5720 Rursume
