3704 6274
86 332 137 391 31
1050 314 1136 369 DE
1174 312 1387 368 MUNDI
1426 311 1820 369 CREATIONE
1853 310 2113 369 ORATIO
2144 311 2231 366 Vl.

84 440 245 503 νναικί
258 455 270 467 ’
297 436 378 501 Τί,
408 436 497 490 ὅτι
520 434 689 490 εἶπεν
712 434 854 504 ὑμῖν
878 437 910 489 ό
934 433 1078 501 Θεὸς
1096 433 1184 504 μὴ
1211 432 1426 503 φαγεῖν
1455 432 1575 487 ἀπὸ

81 525 233 589 αυτὸς
257 521 479 585 ξύλου;
520 514 673 582 Εἶδες
698 518 790 571 τὸν
815 516 1056 588 ψεύστην
1082 533 1096 583 ;
1142 517 1199 569 Ὀ
1232 516 1364 580 Θεὸς
1390 511 1542 569 εἶπεν
1559 533 1572 545 ·

81 611 165 667 Δπὸ
182 604 361 666 παντὸς
391 602 547 668 ξύλου
577 600 840 672 φάγεσθε,
862 601 971 655 άπὸ
1000 601 1043 654 δ’
1071 600 1188 664 ἐνὸς
1224 600 1298 671 μὴ
1327 599 1535 671 φάγητε
1559 616 1574 631 ·

98 692 296 763 ψεύστης
334 685 479 755 λέγει
501 703 515 716 ο
556 684 657 738 Διά
692 685 745 737 τί
775 680 926 738 εἶπεν
968 686 996 738 6
1027 683 1179 747 Θεὸς,
1237 683 1345 737 ἀπὸ
1377 682 1579 748 παντὸς

80 777 179 837 ύλου
208 771 272 841 μή
301 771 496 839 φαγεῖν
522 769 699 839 ύμᾶς;
730 767 821 840 Μὴ
845 766 1099 836 ψεύδεται
1137 768 1171 837 ή
1203 765 1297 819 τοῦ
1342 764 1577 838 Χριστοῦ

77 858 169 927 πωνή
189 872 201 885 ·
227 852 478 917 Ἐκεῖνος
507 852 785 921 ψεύστης
827 851 1018 904 ἐστίν.
1055 848 1353 919 Ἐψεύσατο
1380 849 1457 912 δέ,
1486 849 1580 900 καὶ

78 941 175 995 οῦτο
202 936 400 1000 δεινῶς.
458 937 626 989 Ὅταν
656 935 765 1006 γάρ
796 951 879 997 τις
931 932 1059 1005 θέλῃ
1108 932 1577 1004 κακοηθεύσασθαι

75 1028 257 1097 ιρᾶγμα,
287 1021 367 1083 εἰς
397 1018 587 1090 χρείαν
610 1028 629 1047 ·
657 1019 1037 1088 προσποιεῖται
1070 1016 1312 1084 ἄγνοιαν,
1359 1016 1446 1068 ἵνα
1470 1016 1578 1097 λάν-

74 1092 243 1160 ηποπτον
264 1104 532 1174 εἰσαγάγῃ
551 1101 653 1171 τὴν
679 1099 998 1171 σκαιωρίαν,
1027 1100 1145 1152 ἀντί
1166 1098 1281 1157 τοῦ.
1314 1098 1426 1151 Ούκ
1442 1092 1577 1160 οῖδα,

74 1192 194 1261 ησίν,
246 1187 342 1239 οὐκ
390 1185 507 1238 ἐστι
551 1184 897 1255 κατασκευή’
959 1181 1165 1246 ἁπλοῦς
1218 1178 1399 1254 ἦλθον,
1429 1182 1580 1236 οὐδὲν

72 1269 153 1326 ἰδα.
172 1270 274 1324 Οὐκ
301 1267 626 1339 ἐπειράθητε
656 1265 914 1320 τοιούτων
957 1264 1195 1331 πολλῶν;
1230 1265 1330 1317 οὐκ
1362 1264 1581 1335 οἴδαμεν

71 1355 128 1409 ὦν
150 1352 317 1407 δολίων
351 1351 417 1404 τά
438 1350 573 1420 ἔργα
596 1366 612 1414 ;
640 1347 864 1403 τοιαῦτα
888 1347 948 1402 ού
974 1348 1240 1421 ῥάπτουσι
1259 1348 1577 1418 πράγματα,

70 1440 117 1493 a1
143 1432 549 1506 προσποιοῦνται
579 1433 801 1503 ἀγνοιαν
822 1449 836 1497 ;
858 1430 1014 1485 Οὕτω
1037 1432 1130 1484 καί
1158 1433 1187 1484 6
1217 1430 1479 1495 διάϐολος⁹
1522 1432 1582 1485 Τι

70 1526 111 1576 τι
136 1521 270 1583 εἷπε,
300 1519 483 1587 φησὶν,
511 1516 652 1588 ὑμῖν
679 1520 711 1571 ό
737 1517 913 1581 Θεός;
946 1516 1065 1568 ἀντί
1091 1514 1204 1578 τοῦ,
1229 1516 1581 1585 Παρήκουσα,

68 1603 262 1666 ὺκαλῶς
293 1604 521 1673 ηκουσα,
551 1601 624 1671 μὴ
652 1603 848 1669 φαγεῖν
876 1601 1020 1670 ὑμᾶς
1045 1599 1154 1652 ἀπὸ
1185 1599 1381 1663 παντὸς
1402 1599 1576 1665 ξύλου.

65 1691 99 1741 Η
115 1686 233 1757 γυνὴ
262 1686 528 1757 νομίσασα
554 1686 772 1754 ἄγνοιαν
795 1680 955 1748 εἶναι,
974 1683 1278 1757 διορθοῦται
1295 1683 1391 1754 τὴν
1416 1683 1577 1748 λέξιν.

65 1773 128 1840 ἰύχ
152 1768 304 1833 οὕτω,
337 1770 521 1840 φησὶν,
558 1765 711 1823 εἷπεν
735 1784 748 1798 ⁸
780 1770 880 1822 οὐκ
910 1762 1063 1820 εἶπεν
1099 1767 1127 1819 6
1172 1767 1338 1830 Θεὸς,
1375 1766 1449 1838 μὴ
1480 1784 1583 1835 φα-

64 1858 131 1907 ηεῑν
153 1854 250 1906 ἀπὸ
284 1853 484 1916 παντὸς
514 1852 696 1920 ξύλου,
750 1852 864 1905 ἀλλ’
912 1851 1019 1905 ἀπὸ
1056 1850 1255 1915 παντὸς
1291 1852 1389 1922 μὲν
1426 1850 1580 1916 ξύλου

62 1937 321 2009 πέτρεψεν,
358 1937 468 1990 ἀπὸ
495 1936 549 1989 δὲ
579 1935 699 1999 ἐνὸς
746 1933 1017 1988 ἐκώλυσεν
1044 1950 1056 1964 ⁶
1111 1930 1233 1988 εἷπε
1270 1935 1378 2006 γὰρ
1414 1937 1577 2007 ἡμῖν·

62 2022 108 2092 ἰή
144 2023 368 2092 φάγητε,
406 2020 496 2073 ἴνα
528 2020 601 2090 μὴ
634 2018 963 2088 ἀποθάνητε.
1002 2017 1186 2083 Ἔδοξε
1234 2018 1524 2088 μανθάνειν
1553 2018 1581 2071 ὃ

60 2105 114 2158 ὑκ
138 2105 245 2175 ᾔδει
267 2120 281 2133 ’
313 2103 499 2156 λοιπὸν
529 2103 626 2172 οὐχ
660 2100 1011 2155 ὑπωπτεύετο
1055 2103 1130 2165 ὼς
1158 2103 1580 2171 ἐγκατάσκευος,

60 2190 107 2241 6‘:
137 2189 274 2256 λέγει
300 2188 437 2258 αὐτῇ
461 2203 475 2216 ο
509 2188 590 2240 Οὐ
617 2184 850 2252 θανάτῳ
871 2184 1289 2241 ἀποθανεῖσθε.
1326 2185 1431 2238 Ἴδε
1458 2186 1584 2240 ἀλλο

58 2271 214 2334 5M.
241 2269 413 2324 Τοῦτο
441 2270 553 2341 γὰρ
588 2267 719 2322 Θεοῦ
750 2269 1015 2335 εἰπόντος,
1042 2265 1117 2343 ’ᾟ
1144 2269 1221 2324 ἂν
1248 2269 1436 2339 ἡμέρᾳ
1467 2269 1580 2339 φά-

57 2371 167 2422 ητε,
205 2352 439 2419 θανάτῳ
461 2352 882 2418 ἀποθανεῖσθε,
914 2354 1061 2423 λέγει
1095 2356 1123 2407 6
1154 2354 1419 2417 διάϐολος,
1459 2356 1582 2408 Ούκ

56 2436 402 2491 ῖποθανεῖσθε
422 2454 436 2467 ·
468 2434 626 2489 τοῦτο
665 2436 915 2509 δεύτερον
954 2436 1242 2507 ἐψεύσατο.
1271 2437 1439 2509 ’ᾟδει
1476 2437 1585 2508 γὰρ

78 2520 230 2587 Θεὸς,
266 2520 454 2591 φησὶν,
490 2517 579 2573 ὅτι
607 2512 646 2591 ᾖ
670 2518 746 2573 ἂν
770 2520 958 2590 ἡμέρᾳ
991 2519 1236 2590 φάγητε,
1260 2522 1478 2575 ἔσεσθε
1506 2521 1586 2586 ὡς

56 2603 149 2655 εοί.
205 2604 312 2657 Ἰδε
353 2603 535 2675 τρίτον
591 2602 805 2672 ψεῦδος.
871 2604 1016 2675 Ὅρα
1046 2604 1143 2676 τὴν
1182 2605 1585 2675 ἐγκατάσκευον

52 2688 201 2740 ακίαν
229 2686 326 2741 τοῦ
373 2686 643 2741 διαϐόλου.
677 2687 819 2758 Ἤδη
855 2688 1166 2760 προμελετᾷ
1221 2692 1584 2764 κατασπεῖραι

52 2772 89 2841 ῷ
115 2773 302 2843 κόσμῳ
333 2772 433 2843 τὴν
461 2770 689 2838 πλάνην.
720 2771 829 2825 K61
873 2770 1061 2843 ἐπειδὴ
1099 2772 1425 2843 ἐμελέτησεν
1449 2813 1463 2834 ,
1511 2773 1585 2836 ὼς

49 2858 285 2927 προεῖπον,
339 2853 627 2907 πολυθεῖαν
663 2855 871 2925 ἐγεῖραι
905 2853 980 2925 τῷ
1027 2854 1252 2925 κόσμῳ,
1304 2854 1587 2927 προλαϐὼν

47 2958 86 3003 ›ς
118 2942 171 2991 ἐν
200 2940 500 3009 διηγήματι
527 2978 542 3003 ,
582 2938 942 3009 κατέσπειρεν
1000 2940 1080 3002 εἰς
1130 2940 1233 3002 τὰς
1283 2939 1453 3002 ἀκοὰς
1491 2939 1588 3009 τῆς

48 3022 262 3085 υναικὸς
300 3022 538 3092 ἔμφασιν
576 3020 673 3073 τοῦ
713 3016 852 3074 εἶναι
883 3021 1113 3085 πολλοὺς
1146 3021 1321 3087 θεούς.
1367 3023 1505 3075 Ἀλλ’
1560 3024 1588 3076 6

45 3106 108 3158 ,ἐν
144 3106 245 3176 τῆς
303 3106 505 3167 κακίας
555 3104 802 3176 τεχνίτης
854 3103 995 3157 οὕτω
1029 3106 1467 3178 προκατέσπειρε
1491 3105 1590 3177 τὴν

46 3205 210 3241 ννοιαν
240 3188 354 3242 τῶν
404 3186 571 3241 θεώνο
607 3190 635 3240 6
663 3186 719 3239 δέ
766 3186 897 3250 Θεὸς
950 3187 1215 3257 προειδὼς
1248 3188 1588 3260 ᾠκονόμησε,

46 3271 102 3343 ὴν
131 3271 379 3343 πλάστην
406 3272 504 3343 τὴν
533 3270 830 3342 μέλλουσαν
855 3272 928 3342 μὴ
951 3271 1244 3343 λαληθῆναι
1265 3270 1591 3344 ἀνθρωπίνῳ

46 3358 257 3427 τόματι,
293 3355 448 3428 [498]
475 3356 561 3410 ῖνα
595 3354 667 3425 μὴ
693 3354 880 3425 πρώτη
904 3354 1094 3426 λογικὴ
1122 3354 1271 3427 φωνὴ
1305 3357 1430 3428 περί
1452 3355 1592 3411 θεῶν

50 3439 330 3511 θέγξηται,
354 3439 489 3492 ἀλλά
516 3437 731 3509 πρῶτον
760 3437 931 3507 στόμα
953 3438 1148 3507 ὄφεως,
1177 3439 1263 3492 ἵνα
1284 3441 1391 3493 πᾶν
1419 3439 1591 3510 στόμα

45 3523 200 3577 αλοῦν
226 3522 361 3593 περὶ
400 3520 633 3574 εἰδώλων
672 3520 750 3589 τῷ
782 3522 1009 3591 στόματι
1043 3522 1252 3576 ἐκείνου
1280 3523 1590 3595 ἀπεικάζη-

45 3624 109 3661 ιι.
144 3602 281 3660 Οἰδα
313 3606 394 3659 δτι
442 3606 533 3657 καὶ
579 3606 646 3675 τῇ
689 3606 837 3675 φωνῇ
889 3604 1322 3673 συγγινώσκετε,
1368 3608 1461 3659 καὶ
1492 3607 1590 3672 τὰς

46 3692 211 3753 μνοίας
244 3690 348 3753 τὰς
379 3688 539 3757 ἀγίας
562 3687 671 3743 τῶν
700 3686 933 3759 Γραφῶν
956 3688 1251 3759 ἀρπάζετε.
1278 3689 1479 3760 Μηδεὶς
1498 3686 1591 3745 οὖν

47 3778 127 3847 ερί
161 3776 258 3827 τὸν
284 3773 497 3843 κόμπον
522 3774 619 3843 τῆς
653 3772 836 3842 φωνῆς
865 3772 1198 3844 ἀσχολείσθω
1223 3813 1237 3839 ,
1288 3773 1423 3827 ἀλλά
1460 3776 1591 3847 περί

45 3859 96 3930 ήν
130 3857 246 3910 τῶν
268 3855 559 3927 νοημάτων
588 3854 836 3927 δύναμιν.
899 3872 917 3888 ο

74 3962 249 4034 ’ῌδει
278 3962 411 4030 γὰρ,
448 3961 633 4029 φησὶν,
681 3961 714 4013 ό
751 3959 916 4025 Θεὸς,
968 3959 1057 4012 ὅτι
1090 3952 1129 4031 ᾗ
1154 3958 1231 4013 ἂν
1258 3959 1447 4029 ἡμέρᾳ
1481 3960 1592 4031 φά-

46 4062 170 4113 ητε,
195 4045 423 4099 ἔσεσθε
453 4043 533 4109 ὠς
563 4043 706 4109 θεοὶ,
730 4043 1129 4114 γινώσκοντες
1153 4043 1342 4098 καλὸν
1361 4044 1459 4097 καί
1482 4058 1589 4098 πο-

46 4131 212 4198 ηρόν.
242 4130 477 4198 Λέγουσι
509 4127 712 4193 πολλοὶ,
754 4128 848 4183 καί
879 4127 1113 4198 μάλιστα
1136 4128 1184 4181 οἰ
1212 4127 1289 4198 τῷ
1316 4128 1595 4196 θεοστυγεῖ

51 4212 308 4285 ορφυρίῳ
340 4210 803 4281 ἀκολουθήσαντες
828 4210 904 4280 τῷ
925 4211 1065 4263 κατά
1105 4209 1446 4282 Χριστιανῶν
1472 4227 1595 4279 συγ-

45 4300 283 4368 06-61111:
314 4297 408 4349 καὶ
454 4296 549 4348 τοῦ
589 4294 731 4349 θείου
766 4294 1035 4365 δόγματος
1077 4293 1302 4357 πολλοὺς
1355 4294 1595 4364 ἀποστή-

45 4400 154 4436 ιντι
184 4398 198 4411 ·
244 4380 468 4448 λέγουσι
505 4378 683 4433 τοίνυν
710 4396 722 4408 ο
756 4378 856 4431 Διά
904 4377 957 4429 τί
998 4380 1026 4431 ὁ
1079 4377 1210 4442 Θεὸς
1247 4377 1593 4449 ἀπηγόρευσε

45 4485 92 4535 γι
114 4466 333 4534 γνῶσιν
361 4462 454 4517 τοῦ
486 4463 647 4517 καλοῦ
680 4463 771 4515 καί
800 4462 1035 4533 πονηροῦ
1061 4479 1074 4528 ;
1101 4464 1304 4526 Ἔστω,
1335 4462 1397 4515 τὸ
1426 4479 1595 4535 πονη-

45 4568 89 4602 ›ν
144 4546 539 4617 ἀπηγόρευσε’
574 4546 661 4599 διὰ
690 4545 741 4597 τί
775 4546 869 4598 καὶ
908 4545 965 4597 τὸ
1000 4545 1194 4611 καλόν;
1249 4545 1433 4599 Εἰπὼν
1462 4546 1591 4619 γάρ,

45 4631 143 4685 ιπὸ
181 4631 298 4684 τοῦ
334 4629 525 4694 ξύλου
568 4626 674 4681 τοῦ
702 4627 920 4682 εἰδέναι
967 4628 1157 4681 καλὸν
1186 4627 1283 4681 καὶ
1327 4628 1595 4697 πονηρὸν

46 4717 75 4784 ὴ
129 4715 394 4786 φάγητε,
438 4711 654 4776 κωλύει,
717 4714 901 4783 φησὶν,
951 4710 1114 4765 αὐτὸν
1165 4712 1257 4765 τοῦ
1299 4713 1495 4767 εἰδέναι
1535 4715 1596 4767 τὸ

45 4800 173 4853 ικόν
196 4815 210 4828 ·
244 4796 336 4850 διά
361 4795 413 4849 τί
443 4797 536 4849 καὶ
559 4796 620 4848 τὸ
650 4795 884 4862 ἀγαθόνς
929 4795 1040 4849 Ἀεὶ
1065 4796 1098 4865 ὴ
1129 4795 1292 4849 κακία
1321 4796 1443 4851 καθ’
1470 4798 1597 4849 ἐαυο

45 4886 90 4954 ῖς
122 4880 481 4953 τεχνάζεται,
506 4879 599 4932 καί
636 4878 734 4941 τὰς
768 4878 937 4942 λαϐάς
968 4879 1089 4932 καθ’
1129 4881 1325 4950 ἑαυτῆς
1361 4880 1594 4935 δίδωσιν.

45 4970 66 5023 'J
111 4967 223 5038 τὴν
254 4966 456 5033 γνῶσιν
490 4961 757 5016 ἐκώλυσεν
790 4962 818 5013 6
843 4961 973 5026 Θεὸς
1000 4962 1092 5015 τοῦ
1118 4963 1317 5016 καλοῦ·
1352 4959 1462 5034 εἶχε
1490 4965 1596 5035 γάρ

45 5052 172 5122 ιτὴν
212 5050 246 5101 6
295 5047 488 5117 Ἀδὰμ,
516 5048 608 5098 καὶ
634 5046 738 5115 πρὸ
764 5046 857 5098 τοῦ
896 5049 1109 5113 φαγεῖν.
1147 5048 1210 5099 Εἰ
1248 5046 1355 5118 γάρ
1381 5046 1456 5118 μὴ
1484 5046 1596 5118 εἶχε

45 5137 237 5195 θῶσιν,
283 5132 404 5195 πῶς
424 5128 677 5200 γνωρίζει
700 5129 797 5200 τὴν
833 5134 1098 5198 γυναῖκας
1126 5130 1243 5194 πῶς
1266 5132 1595 5200 φυσιολογεῖ,

45 5215 278 5272 ἰστοῦν
297 5215 365 5267 ἐκ
394 5212 511 5265 τῶν
539 5211 736 5266 ὀστῶν
746 5230 885 5280 μου,
916 5213 1011 5266 καὶ
1037 5212 1191 5282 σὰρξ
1214 5214 1281 5267 ἐκ
1312 5215 1421 5283 τῆς
1456 5228 1599 5283 σαρ-

46 5307 101 5369 5ς
118 5318 259 5371 μου
285 5317 302 5364 ;
340 5297 456 5360 πῶς
481 5296 535 5349 δὲ
565 5298 658 5350 καὶ
680 5297 1013 5367 προφητεύει
1037 5296 1104 5350 τά
1138 5296 1415 5367 μέλλοντα,
1436 5299 1598 5366 Λῦτη

46 5384 387 5454 ιιιθήσεται
416 5380 591 5451 γυνὴ,
627 5380 711 5434 ὅτι
736 5381 802 5433 ἐκ
833 5381 940 5434 τοῦ
972 5380 1191 5450 ἀνδρὸς
1228 5381 1418 5450 αὐτῆς
1459 5383 1599 5449 έλή-

45 5475 139 5538 9η.
193 5466 351 5521 ’Λντὶ
380 5464 593 5518 τούτου
625 5466 973 5532 καταλείψει
1007 5462 1315 5533 ἅνθρωπος
1352 5465 1457 5518 τὸν
1490 5483 1601 5519 πα-

48 5622 73 5650 ο
108 5618 277 5667 Nota!
319 5615 366 5663 in
393 5628 543 5675 marg.
571 5613 721 5663 Savil.
756 5613 1021 5678 legendum
1046 5625 1178 5678 esse,
1216 5616 1245 5670 ἢ
1271 5614 1429 5676 χρείαν
1451 5631 1601 5678 προσ.

52 5682 241 5736 ιεῖται,
267 5679 296 5733 ἢ
337 5678 547 5738 ἀγνοιαν,
586 5689 731 5736 quam
761 5676 1039 5738 lectionem
1076 5677 1129 5723 in
1164 5682 1367 5738 rlexlum
1406 5676 1598 5725 invexit

45 5742 279 5804 .mbelig.
308 5737 406 5785 Nos
428 5739 477 5804 1n
501 5739 681 5804 Grgecis
703 5737 822 5785 nihil
849 5741 1115 5804 mutantes,
1141 5737 1275 5787 illam
1304 5743 1466 5788 tamen
1491 5739 1595 5788 lec-

46 5817 197 5856 mcm
226 5802 283 5850 in
317 5801 545 5849 versione
570 5798 745 5850 Latina
763 5798 1035 5861 sequimur.

3147 310 3257 371 438

1679 432 1817 499 τέρα
1835 429 2022 485 αὐτοῦ
2045 432 2142 484 καί
2174 429 2286 498 τὴν
2306 416 2551 498 μητέρα,
2586 426 2680 480 1:61
2704 425 2769 480 τά
2796 425 2957 479 λοι.πά
2981 441 2995 488 ;
3020 426 3259 482 τοσαῦτα

1679 510 1807 577 οἵδε,
1843 516 1936 567 καὶ
1966 514 2065 565 οὐκ
2096 511 2209 583 ⁴[ᾔδει
2245 510 2308 564 τὸ
2335 510 2531 575 καλόνς
2584 510 2687 563 Τὸν
2724 508 2855 564 Θεὸν
2877 507 2991 581 ᾔδει
3013 545 3030 572 ,
3067 508 3145 564 τάΔ
3165 509 3259 563 τοῦ

1679 596 1815 651 Θεοῦ
1850 598 2056 667 ἐτήρει,
2081 593 2281 663 γνῶσιν
2310 588 2472 662 εἶχεν,
2492 592 2730 662 ὀνόματα
2745 589 2979 662 ἐπέθηκε
3000 591 3254 646 τοσαῦτω

1686 678 1803 741 πῶς
1830 680 1929 732 οὐκ
1958 673 2070 748 εἶχε
2103 676 2303 745 γνῶσιν
2338 674 2543 741 καλοῦ;
2584 676 2649 728 Τί
2696 669 2788 727 οῦν
2822 674 3003 741 ἐστιν;
3043 675 3117 729 Ού
3159 673 3259 746 τήν

1680 761 1879 831 γνῶσιν
1906 761 2105 814 κωλύει
2135 762 2161 813 6
2195 759 2325 823 Θεὸς
2351 758 2445 812 τοῦ
2471 757 2659 821 καλοῦ,
2684 756 2835 812 ἀλλάπ
2849 756 2991 810 θέλει
3019 758 3099 829 μὴ
3122 753 3277 813 εἰναι(

1683 845 1822 915 με.τά
1850 843 1943 897 τοῦ
1974 842 2178 912 ἀγαθοῦ
2213 836 2312 912 τὴν
2345 841 2543 912 γνῶσιν
2588 839 2683 917 τοῦ
2738 839 2927 893 κακοῦ.
2959 840 3085 893 Λύω
3115 840 3171 894 δέ
3198 842 3267 894 τδ’

1683 926 1922 997 σόφισμα
1956 927 2056 996 τῆς
2087 925 2341 989 ἀσεϐείας
2369 925 2475 978 ἀπὸ
2505 922 2613 976 τῶν
2647 922 2900 994 Γραφῶν.
2920 923 3082 991 Λέγει
3110 924 3261 976 Παῦ-

1681 1011 1771 1075 λος
1792 1029 1806 1042 ·
1833 1013 1915 1065 Οὐ
1947 1012 2212 1065 δύνασθε
2240 1009 2526 1078 ποτήριον
2553 1008 2775 1076 Κυρίου
2802 1007 2979 1067 πιεῖν,
3023 1009 3120 1060 καί
3155 1020 3259 1061 πο-

1682 1092 1887 1162 τήριον
1912 1094 2253 1162 δαιμονίων.
2287 1094 2359 1145 Οὕ
2388 1094 2457 1146 τὰ
2483 1092 2576 1145 δύο
2598 1090 2887 1155 ἐκώλυσεν,
2918 1090 3032 1145 ἀλλ’
3063 1091 3259 1160 ήγίασε

1686 1179 1784 1247 μὲν
1829 1178 1892 1230 τὸ
1919 1177 2096 1245 ἅγιον,
2128 1176 2397 1249 ἀπέρριψε
2448 1176 2504 1229 δὲ
2543 1175 2604 1229 τὸ
2632 1175 2821 1243 ἐναγὲς
2869 1175 2959 1227 καί
3014 1173 3257 1244 βέϐηλον.

1682 1260 1838 1315 Οὕτω
1858 1262 1951 1313 καὶ
1979 1263 2007 1313 6
2024 1260 2215 1331 Σωτήρ
2234 1277 2248 1290 ’
2280 1262 2361 1313 Οὐ
2384 1258 2648 1313 δύνασθε
2676 1256 2797 1323 Θεῷ
2825 1257 3135 1311 δουλεύειν
3161 1256 3261 1312 καί

1676 1343 1959 1416 μαμωνᾷ·
2008 1344 2151 1399 κατὰ
2188 1345 2249 1398 τὸ
2279 1343 2409 1398 αὐτὸ
2440 1345 2534 1398 καὶ
2567 1342 2686 1412 Θεῷ
2708 1341 2973 1395 δουλεύειν
3007 1341 3101 1396 καὶ
3150 1341 3262 1394 δαί.

1686 1448 1807 1501 μονι
1839 1429 2116 1484 ἀδύνατον.
2149 1428 2335 1491 Οὕτως
2355 1431 2383 1482 6
2420 1427 2551 1491 Θεὸς
2584 1424 2825 1480 ἐκώλυσε
2856 1425 3038 1479 λαϐεῖν
3062 1425 3262 1495 γνῶσιν

1682 1512 1775 1566 τοῦ
1803 1511 2062 1582 πονηροῦ,
2093 1512 2177 1565 ἵνα
2204 1511 2278 1583 μὴ
2306 1510 2531 1582 μιγῆται
2563 1510 2701 1582 μετά
2728 1509 2821 1564 τοῦ
2850 1508 3056 1579 ἀγαθοῦ
3097 1509 3189 1563 καί
3226 1511 3263 1581 ή

1682 1595 1883 1664 γνῶσις
1914 1594 2006 1647 τοῦ
2032 1594 2225 1648 κακοῦ.

1753 1701 1817 1755 δ’.
1831 1702 2029 1755 Λοιπὸν
2047 1700 2277 1756 ἐνταῦθα
2292 1700 2665 1772 προσέχωμεν.
2689 1699 2786 1753 Διά
2808 1700 2858 1752 τί
2880 1700 2933 1753 δὲ
2954 1699 3089 1765 ὅλως
3104 1700 3267 1771 ἐκλή-

1684 1783 1749 1855 θη
1768 1785 1924 1851 ξύλον
1936 1784 2175 1853 γνωστὸν
2197 1785 2360 1838 καλοῦ
2380 1785 2472 1837 καί
2492 1782 2728 1855 πονηροῦ
2746 1801 2759 1847 ;
2777 1780 2857 1839 Ού
2877 1782 3128 1852 τοιαύτην
3148 1778 3261 1852 εἶχε

1684 1867 1866 1936 φύσιν,
1899 1867 2035 1921 ἀλλά
2062 1867 2317 1938 τοιαύτην
2376 1869 2606 1938 ἤνεγκεν
2645 1867 2921 1931 ὑπόθεσιν,
2960 1867 3020 1921 τὸ
3068 1867 3274 1937 ἰδίωμα-

1683 1950 1789 2004 τῶν
1818 1950 2045 2021 Γραφῶν
2067 1950 2228 2019 λέγω.
2251 1946 2375 2005 Οἰόν
2395 1968 2447 2005 τι
2470 1951 2612 2020 λέγω
2635 1968 2647 1981 ’
2672 1950 2872 2022 ἐκλήθη
2897 1952 2953 2004 ἐν
2980 1952 3047 2022 τῇ
3070 1951 3263 2021 ἐρήμῳ

1687 2035 1785 2106 μία
1826 2035 1975 2107 πηγὴ
2014 2035 2206 2100 ὕδατος
2236 2036 2381 2107 ὕδωρ
2409 2036 2714 2106 ἀντιλογίας
2737 2053 2752 2069 ο
2806 2034 3161 2106 Ἐδοκιμασά
3187 2051 3263 2090 σε

1682 2120 1781 2174 ἐπὶ
1803 2120 2020 2187 ὕδατος
2040 2122 2409 2190 ἀντιλογίας.
2435 2117 2579 2192 τΛρα
2604 2121 2663 2175 τὸ
2691 2119 2835 2194 ὕδωρ
2863 2119 3115 2191 τοιαύτην
3147 2116 3261 2190 εἶχε

1684 2205 1862 2272 φύσιν,
1892 2204 1967 2267 ώς
1994 2206 2073 2267 εἰς
2100 2205 2407 2274 ἀντιλογίαν
2438 2206 2622 2277 φέρειν
2659 2206 2750 2257 τὸν
2777 2205 2942 2267 λαόνς
2979 2204 3068 2257 διά
3092 2204 3143 2257 τί
3169 2201 3268 2259 οὖν

1685 2288 1924 2356 Μωῦσῆς
1959 2286 2098 2340 πιὼν
2153 2290 2253 2342 οὐκ
2302 2290 2521 2343 ἀντεῖπε
2565 2288 2645 2360 τῷ
2695 2288 2848 2360 Θεῷ;
2903 2290 3111 2359 Ὥσπερ
3169 2284 3277 2343 οῦν-

1686 2370 1885 2442 ἐκλήθη
1917 2371 1975 2425 τὸ
2000 2371 2143 2443 ὕδωρ
2172 2372 2478 2440 ἀντιλογίας
2512 2372 2674 2444 ὕδωρ,
2710 2372 2771 2424 ού
2812 2372 2972 2441 φύσιν
3002 2372 3123 2442 ἔχον
3153 2390 3264 2425 τοι·

1685 2454 1876 2527 αύτην,
1910 2456 2043 2510 ἀλλά
2070 2456 2156 2510 διὰ
2197 2458 2293 2527 τὴν
2328 2456 2415 2509 ἐπ’
2459 2456 2608 2527 αὐτῷ
2646 2458 2946 2528 γενομένην
2988 2456 3260 2511 ὑπόθεσιν.

1698 2541 1917 2614 Ἐπειδὴ
1946 2542 2053 2612 γὰρ
2081 2541 2197 2594 ἐκεῖ
2229 2542 2479 2593 ἀντεῖπεν
2498 2543 2525 2594 6
2557 2540 2704 2604 λαὸς,
2766 2540 2853 2595 διά
2878 2540 3036 2594 τοῦτο
3062 2540 3268 2613 ἐκλήθη

1688 2624 1829 2697 ὕδωρ
1858 2624 2185 2693 ἀντιλογίας.
2223 2625 2392 2678 Πάλιν
2430 2619 2569 2677 εἶδεν
2616 2622 2809 2677 Ἰακὼϐ
2855 2624 2945 2677 τὸν
2983 2624 3113 2677 Θεὸν
3138 2665 3152 2685 ,
3187 2624 3273 2689 ὡς,

1691 2706 1820 2761 ἰδεῖν
1845 2706 2119 2778 ἀνθρώπῳ
2140 2706 2382 2773 δυνατὸν,
2410 2706 2505 2761 καί
2534 2706 2691 2760 καλεῖ
2712 2707 2773 2760 τὸ
2793 2706 2962 2777 ὄνομα
2978 2706 3071 2760 τοῦ
3097 2708 3264 2760 τόπου

1688 2791 1865 2858 Εἶδος
1890 2792 2059 2846 Θεοῦ.
2103 2792 2162 2845 Ὀ
2193 2792 2356 2855 τόπος
2386 2792 2486 2845 οὐκ
2529 2785 2673 2860 εἶχεν
2706 2787 2845 2854 εἶδος
2875 2790 3030 2856 Θεοῦ,
3060 2791 3093 2862 ἢ
3128 2808 3262 2863 p09-

1689 2876 1796 2948 φὴν
1814 2875 1970 2939 Θεοῦ,
2000 2875 2114 2929 ἀλλ’
2151 2876 2338 2947 ἐπειδὴ
2369 2876 2484 2929 ἐκεῖ
2510 2875 2660 2947 αὺτῷ
2696 2877 2730 2947 ή
2761 2876 2995 2941 όπτασία
3026 2876 3275 2945 ἐγένετο,

1689 2958 1917 3013 ἐκάλεσε
1946 2959 2036 3012 τὸν
2061 2959 2223 3012 τόπον
2246 2959 2354 3014 ἀπὸ
2384 2957 2477 3012 τοῦ
2501 2958 2845 3029 πράγματος.
2884 2960 3075 3025 ’Λλλος
3101 2961 3277 3026 τόπος.

1689 3043 1892 3116 ἐκλήθη
1915 3043 2136 3112 Εἰρήνη
2183 3042 2352 3098 Θεοῦ.
2408 3043 2537 3096 Ὅτε
2568 3042 2646 3114 τῷ
2668 3042 2874 3098 Γεδεὼν
2904 3044 3074 3117 ἐφάνη
3100 3045 3275 3114 ἀγγε-¹

1690 3128 1799 3193 λος,
1845 3128 2107 3199 ἐφοϐήθη,
2140 3128 2235 3182 καί
2275 3127 2458 3195 λέγει·
2490 3126 2687 3195 Οἷμοι,
2712 3126 2891 3197 οἶμοι,
2932 3127 3267 3183 ἀποθανοῦ-

1685 3229 1791 3280 μαι
1810 3229 1823 3243 ·
1853 3210 2003 3283 1499]
2031 3207 2197 3265 εἶδον
2230 3210 2336 3281 γὰρ
2365 3208 2625 3279 ἄγγελον
2655 3209 2825 3265 Θεοῦ.
2857 3210 3024 3279 Λέγει
3046 3206 3205 3277 αύτῷ
3231 3214 3269 3266 ὁ

1688 3296 1974 3365 ἄγγελος-ο
2010 3293 2234 3363 Εἰρήνη
2264 3310 2385 3355 σοι,
2408 3294 2493 3363 μὴ
2513 3293 2721 3363 φοϐοῦ.
2756 3293 2865 3347 Καὶ
2896 3295 3263 3364 ᾠκοδόμησε.

1693 3379 1844 3448 φησί,
1874 3376 2107 3430 Γεδεὼν
2142 3373 2596 3444 θυσιαστήριον,
2648 3377 2743 3430 καί
2788 3376 3081 3432 ἐκάλεσεν
3117 3376 3274 3433 αὺτᾶ

1689 3460 1915 3529 Εἰρήνη
1957 3458 2127 3514 Θεοῦ.
2162 3460 2373 3530 Ὠσπερ
2401 3454 2493 3512 οὖν
2527 3460 2554 3511 6
2586 3458 2795 3530 βωμὸς,
2827 3460 2859 3530 ἢ
2890 3460 2947 3513 τὸ
2980 3459 3269 3534 θυσιαστή-

1694 3561 1827 3616 ριον,
1862 3544 1962 3596 οὕκ
2000 3542 2130 3595 αὐτὸ
2186 3544 2406 3613 εἰρήνην
2464 3537 2631 3612 εἶχεν,
2682 3541 2819 3595 ἀλλά
2844 3544 2942 3613 τῆς
2970 3544 3270 3616 γενομένης

1692 3629 1784 3682 καί
1813 3627 2055 3698 δοθείσης
2104 3627 2323 3697 εἰρήνης
2368 3621 2435 3696 ἦν
2491 3624 2797 3695 σύμϐολον
2852 3627 2945 3679 1:61
2972 3626 3161 3699 ὥσπερ
3207 3628 3271 3680 τὸ

1692 3711 1836 3783 ὕδωρ
1874 3711 1971 3763 οὐκ
2000 3700 2145 3779 εἶχεν
2177 3709 2505 3777 ἀντιλογίαν,
2542 3709 2678 3762 ἀλλὰ
2707 3709 2798 3761 διὰ
2846 3710 2946 3781 τὴν
3001 3710 3086 3763 ἐπ’
3119 3710 3289 3783 αὐτῷ.

1690 3794 1989 3866 γενομένην
2023 3794 2276 3847 ὑπόθεσιν
2299 3791 2470 3857 οὕτως
2493 3794 2693 3865 ἐκλήθη
2712 3809 2726 3823 ο
2749 3792 2890 3846 οὕτω
2911 3796 3003 3851 καὶ
3033 3795 3093 3847 τὸ
3115 3782 3279 3860 ξύλον

1692 3882 1752 3934 ού
1778 3879 1979 3948 γνῶσιν
2012 3876 2177 3949 εἶχεν,
2227 3878 2340 3931 ἀλλ’
2372 3878 2557 3950 ἐπειδὴ
2603 3880 2710 3941 πᾶς
2755 3880 2783 3931 6
2818 3877 3145 3950 ἁμαρτάνων
3190 3882 3271 3943 εἰς

1692 3965 1891 4033 γνῶσιν
1912 3963 2129 4035 ἔρχεται
2156 3955 2230 4014 ὧν
2258 3962 2579 4032 ἁμαρτάνει.
2612 3958 2737 4015 Οἷόν
2757 3978 2810 4013 τι
2828 3961 2997 4028 λέγω,
3026 3961 3186 4014 πάλιν
3210 3964 3269 4014 ἐν

1694 4048 2051 4119 ὑποδείγματι
2071 4064 2085 4079 ο
2105 4046 2274 4101 ἐνίοτε
2293 4046 2680 4118 παρερχόμεθα
2694 4046 2961 4111 ὁδεύοντες
2980 4047 3067 4099 διά
3088 4046 3287 4101 τόπων.

1694 4131 2129 4206 λῃστευομένων,
2145 4130 2237 4184 καὶ
2263 4129 2381 4193 ἔθος
2406 4132 2519 4193 τοῖς
2542 4127 2845 4200 ἀνθρώποις
2870 4129 3069 4197 λέγειν,
3096 4132 3158 4184 Οἰ
3189 4131 3272 4184 τό-

1695 4234 1786 4269 ποι
1817 4215 1881 4287 δὴ
1915 4208 2058 4269 οὗτοι
2084 4213 2305 4285 φοϐεροί
2328 4216 2484 4270 εἰσιν.
2520 4210 2666 4285 Ἀρα
2691 4216 2719 4267 6
2744 4213 2908 4277 τόπος
2933 4213 3044 4283 ἔχει
3072 4213 3269 4281 φόϐον;

1694 4297 1728 4369 ἢ
1758 4298 1844 4352 διά
1866 4298 1988 4361 τοὺς
2004 4297 2205 4370 λῃστὰς
2220 4296 2457 4365 λέγουσι,
2477 4297 2600 4359 τοὺς
2622 4296 2979 4368 σχολάζοντας
2998 4299 3053 4349 ἐν
3080 4296 3272 4369 ἐκείνῳ
3294 4352 3299 4355 λ

1694 4381 1771 4452 τῷ
1800 4380 1949 4451 τόπῳ
1976 4397 1989 4445 ;
2052 4380 2206 4433 Οὕτω
2259 4380 2352 4433 καὶ
2374 4380 2433 4432 τὸ
2455 4380 2665 4453 δένδρον
2684 4382 2858 4434 ἐκεῖνο
2884 4380 2943 4434 ού
2975 4379 3135 4450 φύσιν
3157 4375 3271 4453 εἶχε

1697 4463 2051 4519 θανατοποιοῦ
2074 4462 2328 4532 γνώσεως
2354 4463 2705 4535 ἐργαστικὴν,
2743 4463 2857 4516 ἀλλ’
2885 4463 2993 4517 ἀπὸ
3019 4464 3117 4534 τῆς
3142 4464 3273 4535 1:591

1696 4549 1827 4605 αὑτὸ
1858 4548 2152 4619 γενομένης
2169 4546 2245 4617 τῷ
2289 4547 2459 4617 ’Λδάμ
2489 4547 2793 4618 τραγῳδίας
2816 4547 2971 4603 ἔλαϐε
2992 4548 3052 4602 τὸ
3078 4547 3272 4619 ὄνομα.

1698 4632 1824 4687 Λύω
1857 4631 1912 4685 δέ
1947 4631 2006 4684 τὸ
2042 4632 2274 4702 πρᾶγμα
2302 4631 2583 4700 συντόμως
2607 4648 2621 4662 ·
2655 4631 2715 4683 οὺ
2740 4630 2849 4701 γάρ
2883 4631 3079 4701 ἀπορεῖ
3099 4632 3133 4702 ή
3154 4629 3273 4683 θεία

1682 4715 1911 4786 Γραφή.
1949 4715 2195 4784 Σήμερον
2219 4713 2415 4784 ἔχομεν
2440 4713 2842 4786 θυσιαστήριον,
2866 4708 2926 4766 οὕ
2957 4714 3276 4786 μετέχουσιν

1698 4802 1745 4854 οἰ
1777 4798 1978 4851 πιστοί.
2012 4794 2160 4868 ’Λρα
2206 4797 2339 4850 αὐτὸ
2370 4797 2430 4850 τὸ
2468 4798 2640 4870 δῶρον
2691 4797 2927 4867 φυσικήν
2955 4797 3065 4867 ἔχει
3094 4813 3273 4867 σωτη-

1701 4883 1841 4954 ρίαν,
1878 4881 2025 4951 ἢδιά
2048 4881 2147 4951 τὴν
2175 4880 2608 4952 ἐπικαλουμένην
2651 4881 2807 4949 δόξαν
2844 4881 2986 4951 ἔχεις
3020 4880 3301 4951 ἐνέχυρονΔ

1698 4966 1806 5020 ἀπὸ
1828 4966 1934 5019 τῶν
1962 4965 2263 5035 παρόντων,
2295 4966 2369 5036 μὴ
2403 4964 2751 5037 ἀμφιϐάλλῃς
2781 4967 2908 5036 περί
2942 4964 3048 5018 τῶν
3070 4964 3273 5036 προλα-

1700 5050 1935 5112 ϐόντων;
1978 5049 2135 5103 Ἐκεῖ
2152 5048 2349 5120 βρῶμα
2372 5049 2742 5109 θανατοποιὸν.
2788 5042 2890 5104 ὦδε
2921 5048 3113 5121 βρῶμα
3149 5048 3278 5113 ζωο-

1700 5133 1872 5187 ποιόν.
1903 5133 1965 5185 Εἰ
1988 5132 2145 5185 τοῦτο
2172 5133 2230 5185 τὸ
2258 5133 2451 5204 βρῶμα
2472 5132 2635 5199 σώζει
2662 5132 2841 5203 φύσει,
2867 5134 2960 5187 καί
2982 5133 3041 5186 ού
3069 5133 3273 5205 χάριτι·

1700 5219 1918 5271 κάκεῖνο
1941 5218 2006 5287 τῇ
2039 5216 2194 5285 φύσει
2226 5219 2456 5289 ἀναιρεῖ,
2489 5218 2580 5269 καὶ
2611 5218 2671 5269 ού
2724 5216 3053 5289 παραϐάσει.
3107 5216 3311 5281 Δείξω.

1704 5319 1783 5354 σοι
1813 5301 1941 5355 ἄλλο
1993 5300 2187 5371 βρῶμα
2237 5300 2339 5364 ἔξω
2385 5300 2477 5353 τοῦ
2520 5302 2853 5372 παραδείσου
2898 5300 3271 5366 θανατοποιὸν,

1700 5386 1796 5457 τὴν
1824 5383 2261 5455 εἰδωλολατρείαν
2290 5383 2450 5452 λέγω.
2496 5385 2596 5437 Διά
2643 5386 2695 5438 τί
2743 5384 2850 5456 γὰρ
2895 5386 3305 5455 παρῃτήσαντο.

1700 5471 1749 5523 οἱ
1787 5468 2059 5541 μάρτυρες
2087 5471 2278 5536 φαγεῖν
2309 5468 2480 5538 κρέα;
2530 5468 2616 5521 διὰ
2650 5468 2699 5519 τί
2728 5466 3015 5536 ἐφοϐοῦντο
3041 5468 3271 5533 φαγεῖν;

1702 5548 1828 5621 ἆρα,
1863 5554 1910 5604 εἰ
1937 5551 2155 5619 ἔφαγον,
2191 5551 2567 5620 άπέθνησκον;
2600 5549 2860 5618 Οὐδαμῶς
2884 5566 2897 5577 ·
2939 5548 3052 5601 ἀλλ’
3088 5545 3275 5619 ἐπειδὴ

1701 5635 2054 5701 ἐπωνόμαστο
2099 5634 2208 5687 τῶν
2237 5633 2469 5687 εἰδώλων
2504 5636 2537 5704 ή
2572 5635 2780 5703 μνήμη.
2832 5630 3049 5699 ἔφυγον,
3082 5630 3143 5682 ού
3173 5630 3273 5702 τὴν
3302 5682 3307 5685 ς

1704 5718 1925 5789 βρῶσιν,
1957 5717 2095 5772 ἀλλά
2117 5718 2215 5788 τὴν
2236 5717 2346 5771 τῶν
2372 5717 2582 5788 μιαρῶν
2615 5715 2918 5786 ἐπίκλησιν.
2956 5712 3114 5767 Οὕτω
3134 5729 3275 5781 γνω-

1707 5802 1829 5856 στὸν
1854 5796 1921 5872 ἦν
1948 5800 2119 5857 κακοῦ
2144 5802 2238 5860 καὶ
2262 5800 2464 5871 ἀγαθοῦ
2491 5798 2802 5873 τὸδένδρον,
2818 5798 2879 5855 ού
2913 5796 3111 5869 γνῶσιν
3137 5812 3298 5873 παις-»ι
