3672 6268
408 297 502 355 ιθι

411 416 571 470 bilem
598 413 948 473 desideravit:
978 415 1095 487 ejus
1112 417 1358 476 Christus
1385 419 1705 479 desiderium
1730 425 1984 497 implevit.

404 504 726 559 Desiderasu
760 504 810 560 id
837 519 957 562 esse
976 548 990 571 ,
1019 508 1160 579 quod
1187 524 1293 565 non
1325 512 1540 581 potuisti
1572 532 1585 567 :
1614 513 1863 572 desidero
1887 535 1988 590 ego

402 595 515 651 ﬁeri
546 596 725 661 homo,
759 606 813 651 et
843 612 1059 667 possum
1086 618 1098 652 :
1131 600 1246 670 ejus
1268 603 1437 657 errori
1463 604 1633 660 vicem
1661 607 1984 664 contrariam

401 687 542 741 Deus
565 686 765 741 retulit.
802 687 1126 743 Dcsiderasti
1157 706 1275 761 quae
1305 708 1463 763 supra
1488 704 1539 749 te
1569 706 1743 760 erant,
1769 713 1984 754 assumo

397 791 495 846 rgo
522 792 641 846 quae
671 776 804 831 infra
834 794 921 832 me
947 788 1089 833 sunt.
1126 779 1512 851 Equalitatem
1546 800 1667 840 cum
1713 787 1820 842 Deo
1855 803 1984 843 con-

395 866 638 934 cupivisti
671 884 683 920 :
730 868 949 937 aequalis
994 870 1195 924 homini
1239 871 1327 925 fio.
1370 872 1496 928 Ideo
1534 874 1609 930 ait
1636 875 1835 932 Paulus
1866 896 1879 933 :
1913 878 1982 932 Et

392 954 563 1009 habitu
601 956 829 1011 inventus
862 967 918 1012 ut
956 959 1103 1013 homo
1136 962 1154 1031 (
1182 959 1414 1032 Philipp.
1440 962 1494 1017 2.
1524 965 1555 1019 ’7
1584 967 1625 1036 ).
1654 965 1977 1023 Desiderasli

388 1062 511 1103 esse
540 1044 697 1113 Deus,
728 1066 899 1121 neque
926 1051 1047 1107 ideo
1074 1053 1376 1124 indignatus
1405 1071 1520 1125 sum
1553 1073 1568 1111 :
1597 1059 1718 1113 volo
1753 1061 1894 1114 enim
1927 1069 1977 1116 te

387 1140 747 1209 aequalitatem
793 1158 913 1197 cum
959 1145 1069 1199 Deo
1107 1147 1487 1217 concupiscere
1516 1166 1531 1216 ;
1561 1150 1657 1206 sed
1694 1152 1812 1206 ideo
1834 1154 1974 1208 indi-

385 1241 575 1300 gnatus
598 1247 744 1295 sum,
773 1234 910 1304 quod
944 1244 1137 1304 praeter
1164 1235 1371 1293 Domini
1399 1243 1713 1297 sententiam
1742 1260 1859 1300 eam
1889 1245 1972 1300 di-

384 1322 639 1392 guitatem
672 1339 858 1394 rapere
890 1325 1142 1382 volueris.
1178 1327 1399 1385 Voluisti
1428 1332 1559 1387 deus
1588 1332 1724 1401 fieri,
1759 1350 1858 1391 nec
1879 1351 1975 1406 po-

384 1419 532 1474 tuisti
565 1436 580 1486 ;
609 1418 769 1473 homo
796 1419 865 1475 (io
884 1462 899 1487 ,
943 1430 997 1477 et
1025 1422 1167 1492 quod
1199 1422 1528 1493 impossibile
1553 1436 1688 1493 erat,
1717 1431 1970 1498 possibile

383 1511 570 1567 reddo.
600 1512 752 1580 Quod
796 1522 974 1568 autem
1021 1529 1087 1568 ex
1122 1514 1389 1571 desiderio
1429 1517 1494 1571 ad
1536 1518 1638 1574 hoc
1663 1522 1964 1591 accederet,

379 1604 495 1674 ipse
526 1606 842 1660 testilicatur
869 1605 950 1660 his
978 1605 1154 1661 verbis
1184 1626 1199 1663 :
1228 1624 1348 1663 cum
1388 1608 1504 1681 ipse
1534 1612 1725 1681 pascha
1758 1614 1964 1685 ederet,

378 1696 493 1767 ipse
521 1697 673 1752 alens
698 1712 821 1752 cum
847 1696 910 1751 iis
948 1699 1039 1768 qui
1066 1697 1366 1763 alebantur,
1412 1717 1531 1756 cum
1571 1718 1755 1758 mensa
1797 1721 1965 1775 appo-

374 1791 477 1842 sita
500 1788 571 1842 illi
599 1778 775 1855 esset,
807 1788 896 1858 qui
924 1788 1019 1842 alit
1050 1791 1358 1846 universum
1389 1794 1610 1858 orbem,
1643 1796 1812 1866 inquit
1832 1813 1965 1868 apo-

372 1880 525 1935 stolis
557 1898 570 1935 :
602 1879 859 1935 Desiderio
889 1881 1171 1937 desideravi
1199 1884 1294 1939 hoc
1319 1887 1507 1957 pascha
1544 1890 1852 1944 manducare
1879 1908 1965 1945 vo-

374 1973 563 2026 biscum
594 1970 742 2046 (Luc.
782 1971 874 2027 22.
909 1972 1022 2044 15).
1051 1973 1188 2028 Num
1218 1976 1361 2031 illam
1393 1992 1514 2032 cum
1546 1979 1655 2034 Deo
1684 1982 1960 2051 aequalita-

372 2074 479 2121 tem
509 2066 672 2121 invidi
699 2066 796 2121 tibi
819 2065 842 2121 ’ἶ
862 2065 941 2121 Τυ
972 2083 1090 2123 mea
1119 2083 1376 2139 usurpare
1406 2072 1617 2128 voluisti
1643 2116 1659 2143 ,
1688 2090 1809 2131 cum
1852 2094 1957 2133 non

372 2154 595 2228 posses;
625 2173 726 2230 ego
753 2168 840 2214 tua
857 2175 1094 2226 assumo,
1117 2162 1257 2231 quod
1281 2178 1409 2219 sane
1440 2181 1673 2234 possum.
1705 2170 1953 2227 Animum

368 2249 581 2331 adhibe.
617 2251 901 2307 Descendit
928 2251 994 2307 ad
1020 2267 1300 2323 chperam
1326 2298 1339 2322 ,
1369 2265 1424 2311 et
1455 2257 1584 2313 dicit
1616 2278 1629 2314 :
1658 2260 1842 2328 Adam,
1874 2264 1958 2319 ubi

366 2360 418 2398 es
448 2342 597 2415 (Gen.
626 2344 678 2399 3.
713 2342 767 2413 9)
792 2344 819 2399 ἲ

439 2456 494 2512 6.
528 2456 652 2512 llaec
696 2456 875 2514 aﬂinia
917 2466 1042 2513 sunt
1068 2475 1083 2513 :
1110 2460 1267 2516 unius
1309 2462 1451 2518 enim
1484 2463 1580 2519 Dei
1609 2477 1734 2522 sunt
1761 2479 1814 2524 et
1840 2469 1954 2527 haec

364 2560 419 2604 et
440 2549 551 2605 illa.
578 2549 843 2621 Numquid
869 2552 1010 2606 enim
1041 2551 1178 2607 alius
1203 2553 1269 2608 ad
1299 2555 1597 2625 passionem
1626 2562 1790 2626 venit,
1816 2563 1953 2619 alius

363 2640 641 2697 descendit
679 2641 731 2696 in
763 2641 1112 2712 paradisum?
1139 2643 1435 2700 Abscondit
1461 2662 1554 2714 se,
1585 2652 1772 2717 sensit,
1801 2664 1949 2724 post-

361 2748 521 2804 quam
551 2733 879 2789 comederat.
913 2736 1088 2805 Aperti
1130 2745 1245 2790 sunt
1287 2738 1429 2793 enim
1476 2757 1652 2795 eorum
1693 2748 1860 2813 oculi,
1904 2758 1949 2802 et

361 2834 698 2896 cognouerunt
740 2842 795 2880 se
823 2825 987 2880 nudos
1015 2843 1124 2882 esse
1163 2826 1316 2899 (Gen.
1346 2830 1399 2885 5.
1433 2830 1510 2901 7).
1545 2832 1677 2901 Quia
1706 2834 1948 2893 diabolus

360 2916 608 2983 dixerat,
646 2915 759 2983 Qua
784 2916 866 2969 die
892 2917 1242 2984 comederitis,
1274 2922 1562 2992 aperientur
1603 2926 1737 2981 oculi
1766 2930 1947 2987 vestri:

358 3022 508 3075 ecce,
533 3007 722 3078 inquit,
740 3022 864 3063 vera
880 3006 1012 3062 dixit
1031 3016 1263 3064 satanas.
1281 3010 1446 3067 Paulo
1461 3016 1709 3073 convenit
1727 3017 1906 3077 dicere
1928 3038 1943 3077 :

357 3096 482 3152 Non
507 3098 640 3153 enim
655 3100 767 3169 ejus
786 3098 996 3154 consilia
1010 3100 1301 3171 ignoramus
1314 3102 1391 3173 (2.
1407 3102 1596 3161 Cor.2.
1613 3108 1725 3180 11).
1740 3109 1946 3169 Noruut

355 3190 529 3246 sancti
558 3190 755 3246 diaboli
787 3190 1083 3247 machinas.
1121 3190 1257 3248 Vide
1282 3195 1559 3252 malitiam.
1594 3199 1746 3257 Unde
1788 3214 1944 3261 norat

357 3282 621 3349 diabolus,
650 3282 764 3339 fore
789 3291 867 3350 ut,
892 3292 1169 3355 postquam
1196 3286 1575 3355 comedissent,
1607 3294 1943 3362 aperirentur

355 3389 538 3430 eorum
568 3375 753 3430 oculi?
782 3391 908 3429 num
934 3377 1061 3431 caeci
1089 3378 1276 3433 erant?
1303 3379 1437 3435 Dicit
1462 3381 1757 3453 Scriptura,
1786 3398 1940 3443 ante-

355 3480 513 3535 quam
545 3464 623 3520 illi
662 3466 1008 3522 comederent
1036 3467 1105 3524 de
1132 3468 1363 3525 arbore:
1400 3470 1535 3527 Vidit
1574 3476 1756 3531 mulier
1784 3479 1938 3533 arbo-

354 3575 479 3613 rem.
509 3557 626 3614 Non
660 3574 787 3630 ergo
826 3574 968 3615 caeca
1009 3570 1143 3615 erat.
1182 3560 1352 3629 Vidit,
1398 3565 1586 3637 inquit,
1627 3572 1807 3625 mulier
1848 3590 1938 3628 ar-

354 3651 520 3706 borem
539 3694 554 3718 ,
582 3651 720 3721 quod
744 3660 950 3723 aspectu
978 3653 1191 3723 pulchra
1235 3666 1361 3709 esset
1387 3656 1539 3728 (Gen.
1569 3661 1621 3715 5.
1651 3661 1729 3734 6).
1759 3662 1939 3721 Primo

355 3745 517 3812 vidit,
566 3745 760 3801 deinde
807 3746 1057 3802 comedit.
1104 3748 1384 3818 Quomodo
1415 3751 1572 3822 igitur
1612 3760 1780 3826 aperti
1813 3772 1939 3816 sunt

352 3850 536 3891 eorum
564 3835 740 3891 oculi?
771 3837 1019 3904 Attende,
1052 3854 1268 3908 quaeso;
1316 3842 1401 3896 hic
1425 3844 1566 3899 enim
1589 3850 1812 3916 qumstio
1835 3852 1934 3907 sita

350 3936 451 3983 est.
496 3928 747 3985 Diabolus
795 3928 865 3983 de
908 3945 1131 3985 numero
1159 3946 1343 3986 eorum
1379 3944 1528 4004 erat,
1559 3941 1648 4008 qui
1680 3939 1811 4011 lapsi
1839 3959 1934 3999 seu

352 4023 670 4092 transgressi
718 4022 956 4089 fuerant;
1006 4034 1335 4095 noveratque
1379 4028 1504 4099 quid
1554 4045 1742 4100 passus
1791 4044 1937 4091 esset

350 4123 469 4183 post
490 4115 987 4185 transgressionem,
1015 4116 1247 4188 quidque
1272 4119 1359 4173 alii
1391 4131 1812 4192 transgressores
1838 4142 1932 4197 pa-

353 4215 609 4262 terentur.
640 4206 954 4263 Communis
993 4218 1170 4265 autem
1204 4211 1453 4266 omnibus
1483 4223 1565 4269 est
1592 4214 1707 4270 hare
1734 4221 1928 4288 passio.

347 4298 477 4354 Nam
510 4298 771 4369 hodieque
796 4315 916 4355 cum
951 4315 1233 4370 peccamus
1253 4345 1269 4370 ,
1299 4304 1439 4358 velut
1465 4308 1589 4361 caeci
1617 4323 1928 4378 peccamus:

351 4399 470 4459 post
502 4401 777 4459 peccatum
822 4399 948 4445 tunc
990 4391 1231 4446 videmus
1260 4394 1387 4465 quid
1435 4395 1736 4454 fecerimus.
1772 4401 1930 4458 Verbi

349 4496 530 4544 causa,
559 4480 602 4534 si
634 4481 752 4551 quis
791 4490 1087 4546 accusetur,
1118 4482 1226 4536 Cur
1255 4483 1355 4539 hoc
1387 4484 1596 4542 fecisti?
1624 4490 1668 4543 is
1694 4496 1930 4549 necessi-

351 4582 512 4628 tatem
563 4572 1033 4643 przetendit:\'ere
1079 4589 1185 4628 non
1231 4576 1474 4632 videbam
1509 4580 1631 4649 quid
1666 4583 1928 4652 facerem;

347 4679 454 4719 non
481 4665 621 4734 quod
638 4680 811 4719 cmcus
833 4674 996 4727 esset,
1017 4666 1109 4720 sed
1130 4668 1269 4736 quod
1292 4668 1432 4724 inter
1449 4673 1773 4739 peccandum
1797 4677 1932 4733 ratio

344 4756 757 4821 obtcncbretur,
789 4756 914 4812 dum
958 4766 1099 4814 totus
1140 4760 1278 4814 actui
1323 4761 1673 4826 incumberet.
1717 4768 1767 4821 iu
1814 4769 1931 4839 ipso

346 4859 523 4905 autem
556 4866 720 4920 opere
763 4861 1081 4905 excitentur.
1129 4851 1321 4909 Postea
1369 4869 1495 4909 vero
1524 4856 1576 4910 in
1605 4860 1928 4916 conscientia

343 4942 486 4997 videt
524 4942 651 5012 quid
694 4943 897 4998 fecerit.
946 4942 1187 5015 Exempli
1233 4962 1391 5001 causa
1426 4966 1438 5001 :
1470 4947 1762 5019 ingreditur
1808 4955 1930 5025 quis

342 5032 561 5087 domum
590 5044 646 5086 ut
676 5032 911 5097 furetur,
954 5046 1010 5088 ut
1054 5052 1229 5090 caecus
1269 5038 1463 5104 intrat;
1509 5056 1615 5096 non
1642 5044 1836 5113 cogitat
1861 5046 1929 5101 de

343 5122 468 5186 illo,
502 5124 591 5192 qui
620 5123 829 5177 obviam
858 5124 1065 5181 futurus
1090 5136 1171 5182 est
1191 5169 1206 5193 ,
1232 5128 1301 5183 de
1325 5144 1390 5184 eo
1413 5132 1502 5198 qui
1530 5135 1892 5202 apprehendet
1909 5180 1924 5205 ,

342 5228 449 5267 non
489 5214 557 5268 de
600 5214 837 5282 judicum
886 5225 1047 5282 metu,
1095 5217 1163 5271 de
1205 5220 1545 5288 impendente
1592 5226 1926 5293 periculoza

338 5308 530 5362 morbo
557 5323 786 5377 namque
821 5309 983 5363 animi
1024 5323 1323 5368 exetecatus
1348 5322 1449 5369 est.
1481 5313 1616 5372 Cum
1654 5318 1925 5389 ingressus

341 5398 520 5464 fuerit,
548 5415 668 5454 cum
697 5399 988 5469 abripuerit
1014 5442 1029 5466 ,
1060 5417 1181 5456 cum
1226 5402 1430 5459 furatus
1456 5422 1704 5485 egressus
1732 5410 1925 5480 fuerit,

341 5492 556 5547 nemine
587 5501 877 5561 prazsente,
909 5503 1053 5548 metu
1081 5494 1348 5565 repletur,
1381 5500 1543 5553 sentit
1563 5502 1687 5571 quid
1718 5502 1925 5574 fecerit,

338 5586 633 5656 anxiusquc
658 5588 872 5657 cogitat,
901 5586 944 5640 si
973 5588 1283 5658 perquisitio
1308 5588 1483 5646 futura
1511 5593 1599 5659 sit,
1630 5593 1928 5666 deprehen-

342 5689 499 5730 suros
526 5691 646 5730 esse
672 5677 792 5747 quis
820 5677 1024 5733 facinus
1060 5681 1403 5750 ‘perpetrarit.
1436 5683 1566 5751 Quae
1588 5685 1727 5743 inter
1759 5702 1929 5758 agen-

340 5768 467 5823 dum
500 5783 605 5825 non
631 5785 810 5826 secum
842 5772 1157 5844 reputabat,
1191 5782 1308 5843 post
1336 5791 1450 5835 rem
1474 5790 1679 5851 gemam
1704 5783 1921 5855 cogitat.

1837 312 2201 373 SEVERIANI

3580 334 3660 397 i9!

2097 430 2257 486 Verbi
2284 431 2473 501 gratia,
2502 434 2591 503 qui
2617 436 2935 500 mmchatur,
2962 439 3015 493 in
3045 440 3385 513 alienumque
3410 454 3587 501 mia
3607 464 3659 507 sel

2094 523 2284 593 injicit,
2318 526 2481 581 intrat
2500 567 2515 590 ,
2547 544 2645 584 nec
2668 531 2865 601 cogitat
2893 547 3013 590 esse
3042 535 3221 607 leges,
3254 537 3558 603 tribunalia,
3585 556 3659 595 ac-

2092 624 2366 672 cusatores
2389 659 2404 683 ,
2435 617 2647 689 gladios
2668 631 2852 678 acutos
2871 640 2886 675 :
2905 634 2961 679 at
2990 641 3050 682 re
3080 639 3291 698 peracta
3311 671 3326 695 ,
3370 631 3558 691 timet.
3586 648 3649 687 ss-

2088 715 2299 774 spectos
2328 708 2485 763 habet
2510 706 2744 780 servum,
2779 715 3051 784 ancillam,
3083 720 3341 785 vicinum,
3371 732 3650 792 cognatum,

2086 812 2313 867 quaeque
2338 798 2476 855 inter
2494 803 2758 873 agendum
2784 822 2887 860 non
2910 808 3194 879 cogitabat,
3218 811 3450 867 advertit
3476 824 3652 883 postea.

2087 888 2289 944 Rursus
2325 891 2575 948 admonet
2611 895 2731 965 quis
2760 897 2923 952 alium
2964 908 3025 953 ut
3050 901 3318 957 abstineat
3348 920 3381 958 a
3409 905 3594 967 malis,
3622 910 3651 960 si

2083 996 2289 1037 morem
2318 1000 2423 1039 non
2452 989 2697 1056 gesserit,
2726 990 2864 1045 solet
2900 990 2947 1047 ei
2978 991 3156 1049 dicere
3178 1013 3189 1048 :
3210 994 3423 1065 Saepius
3449 997 3560 1051 dixi
3587 1001 3651 1063 ei,

2082 1085 2136 1131 et
2161 1092 2265 1131 non
2294 1078 2527 1142 audivit;
2560 1099 2664 1137 non
2692 1084 2831 1153 quod
2864 1099 2968 1140 non
2998 1087 3245 1155 audierit,
3275 1090 3372 1143 sed
3399 1091 3542 1159 quod
3568 1108 3649 1146 non

2080 1166 2483 1239 obtemperarit.
2513 1172 2648 1228 Tum
2680 1175 2964 1247 iuﬂigeudo
2990 1178 3172 1249 plagas
3194 1181 3275 1234 ait
3298 1199 3312 1235 :
3338 1181 3522 1237 Dooeo
3543 1192 3589 1236 te
3606 1197 3648 1237 at

2079 1257 2297 1326 audias;
2329 1276 2432 1316 non
2459 1265 2599 1332 quod
2625 1266 2862 1323 auditum
2892 1268 2965 1323 illi
2988 1270 3203 1335 tribuat,
3228 1273 3325 1328 sed
3349 1274 3497 1344 quod
3522 1276 3643 1343 plaga

2076 1350 2327 1405 emendet
2372 1368 2797 1427 praeoccupatum
2845 1360 3119 1427 animum,
3164 1373 3219 1418 et
3263 1364 3332 1420 ad
3389 1365 3643 1421 meliorem

2074 1440 2277 1513 frugem
2320 1446 2559 1501 reducat.
2600 1448 2691 1505 Sic
2731 1461 2783 1505 et
2814 1452 3111 1522 propheta:
3144 1454 3434 1525 Disciplina
3462 1457 3647 1511 Domini

2072 1538 2234 1607 aperit
2273 1538 2398 1592 mihi
2438 1556 2586 1595 aures
2624 1539 2777 1611 (Isai.
2822 1542 2910 1598 50.
2952 1543 3032 1612 5).
3076 1546 3208 1613 Quia
3250 1563 3387 1618 ergo
3407 1549 3636 1606 diabolus

2072 1629 2343 1685 exciderat
2375 1629 2501 1700 (non
2530 1633 2673 1687 enim
2699 1635 2995 1704 argumenti
3022 1636 3216 1691 oblittts
3248 1639 3418 1710 sum),
3450 1654 3644 1695 novent

2073 1718 2157 1773 ubi
2184 1730 2300 1775 erat
2323 1761 2337 1784 ,
2376 1731 2656 1793 postquam
2683 1724 2900 1791 excidit,
2942 1734 3173 1797 tuncque
3199 1728 3252 1783 in
3282 1744 3510 1784 sensum
3538 1730 3641 1785 faci-

2071 1812 2215 1867 noris
2240 1813 2319 1867 sui
2352 1815 2514 1869 venit.
2548 1814 2815 1872 Didicerat
2841 1834 2969 1889 ergo
2996 1835 3061 1874 ex
3094 1820 3157 1875 iis
3186 1836 3425 1891 quorum
3458 1824 3639 1892 pericu-

2068 1904 2174 1958 lum
2206 1903 2442 1974 fecerat,
2473 1908 2683 1980 aitque,
2716 1908 2779 1965 Si
2804 1911 3146 1980 comedet-itis,
3191 1914 3491 1982 aperientur
3534 1918 3639 1969 ο(ιῦ

2065 2000 2243 2066 vestri;
2273 2016 2497 2071 nempe,
2530 2010 2587 2056 ut
2627 2003 2729 2058 tnei
2770 2004 2938 2073 aperti
2971 2015 3093 2060 sunt
3124 2023 3138 2060 :
3165 2021 3231 2062 ex
3260 2022 3376 2077 quo
3403 2010 3637 2077 peccari,

2064 2093 2185 2145 novi
2232 2093 2359 2164 quid
2400 2108 2588 2163 passus
2618 2095 2752 2160 sim,
2799 2098 2922 2152 novi
2962 2098 3087 2168 quid
3120 2099 3429 2155 amiserim.
3471 2099 3639 2156 Deinde

2062 2185 2402 2252 comederunt,
2430 2197 2476 2242 el
2499 2188 2664 2258 aperti
2686 2199 2801 2244 sunt
2828 2192 2963 2245 oculi
2982 2208 3173 2257 eorum,
3195 2202 3242 2247 et
3264 2194 3506 2248 viderunt
3526 2200 3635 2263 quod

2060 2274 2187 2328 nudi
2215 2286 2398 2331 essent.
2431 2279 2569 2334 Ante
2606 2279 2748 2335 enim
2791 2281 2918 2341 nudi
2964 2293 3116 2337 erant
3143 2293 3196 2337 et
3226 2297 3339 2339 non
3373 2286 3635 2339 erubesce-

2065 2365 2211 2421 bant.
2247 2367 2519 2425 Exueraut
2562 2371 3049 2438 immortalitatem,
3099 2374 3309 2430 sublata
3361 2387 3483 2430 erat
3524 2378 3633 2432 stola

2056 2458 2274 2529 gloriae,
2317 2462 2569 2517 nudatum
2606 2478 2801 2534 corpus
2842 2464 3044 2533 fuerat,
3087 2475 3140 2522 et
3183 2466 3359 2521 lutum
3405 2466 3634 2535 deinceps

2055 2560 2190 2606 erat.
2237 2550 2427 2608 Statim
2478 2556 2700 2610 scaturit
2740 2555 3012 2611 inventum
3064 2557 3280 2612 artium.
3336 2560 3451 2613 Ars
3488 2560 3633 2629 νήπιε

2055 2642 2243 2697 Adami
2285 2646 2512 2700 Sartoria
2553 2644 2669 2700 fuit.
2717 2648 2855 2703 Ante
2880 2662 3095 2704 onmem
3123 2658 3296 2705 artem
3327 2652 3565 2721 sumpsit
3587 2652 3634 2705 li-

2052 2735 2258 2791 culueze
2287 2734 2429 2804 folia,
2461 2747 2514 2794 et
2558 2739 2785 2794 consuit.
2819 2740 2950 2809 Quis
2977 2740 3196 2797 docuit?
3222 2744 3347 2814 quis
3379 2754 3635 2799 monstra-

2051 2829 2161 2882 vit?
2183 2827 2358 2885 Semel
2388 2846 2417 2884 a
2451 2831 2558 2885 Deo
2580 2832 2851 2888 solertiam
2870 2843 3168 2904 acceperat,
3193 2835 3377 2907 imago
3397 2848 3522 2891 erat
3538 2837 3632 2901 Dei,

2049 2927 2104 2973 et
2130 2918 2196 2974 de
2223 2920 2445 2976 scientia
2471 2920 2681 2976 dubitas
2704 2922 2727 2977 ἵ
2748 2923 2878 2977 Cum
2907 2932 3081 2980 tecum
3108 2928 3481 2995 reputaveris,
3514 2928 3633 2983 unde

2049 3010 2278 3079 primum
2323 3012 2484 3066 homo
2511 3023 2745 3069 aratrum
2777 3014 2995 3083 fecerit,
3029 3017 3148 3087 quis
3176 3018 3388 3089 lignum
3415 3031 3630 3090 aptare,

2049 3113 2105 3159 et
2131 3105 2183 3160 in
2210 3106 2389 3161 medio
2416 3105 2612 3162 ferrum
2641 3109 2879 3165 inserere
2911 3119 2967 3165 et
2999 3110 3334 3183 adstringere
3363 3114 3630 3179 docuerit,

2041 3194 2227 3266 jugum
2273 3196 2443 3253 bobus
2487 3199 2792 3269 imponere;
2844 3200 2981 3256 unde
3024 3203 3217 3259 mulier
3242 3205 3507 3260 texenda
3535 3208 3633 3261 tela

2044 3295 2213 3343 artem
2241 3287 2533 3357 invenerit,
2565 3291 2808 3347 sumendi
2837 3293 3006 3348 vellus
3028 3337 3043 3361 ,
3073 3295 3316 3361 lavandi,
3350 3299 3630 3367 pectendi,

2044 3377 2204 3433 nendi
2226 3420 2241 3444 ,
2271 3380 2515 3451 copulata
2546 3381 2797 3438 tenuandi
2820 3425 2837 3452 ,
2869 3399 3159 3456 rursusque
3186 3390 3447 3443 nectcudi
3474 3390 3633 3444 :unde

2044 3468 2186 3525 hoc?
2238 3469 2367 3539 Quis
2428 3471 2825 3544 phrygionicam
2880 3473 3199 3548 phrygiones
3250 3478 3483 3534 docuit?
3537 3479 3633 3535 Stat

2046 3563 2333 3617 textorium
2381 3564 2824 3635 instrumentum,
2873 3584 3038 3623 unum
3078 3580 3160 3625 est
3192 3573 3338 3642 quod
3371 3575 3629 3629 mittitur;

2042 3670 2147 3709 non
2178 3671 2365 3711 manus
2391 3657 2555 3713 ellicit
2574 3701 2588 3724 ,
2635 3659 2731 3715 sed
2761 3662 2896 3717 ratio
2923 3674 3177 3733 operatur
3199 3707 3215 3730 ,
3260 3668 3405 3723 ratio
3440 3667 3632 3723 formas

2040 3747 2295 3802 absolvit.
2343 3748 2547 3804 Artifex
2594 3767 2782 3807 manus
2829 3768 2932 3807 non
2982 3754 3169 3824 injicit,
3217 3757 3473 3829 artisque
3512 3762 3631 3813 ratio

2040 3841 2416 3897 vestimentum
2447 3843 2641 3898 format
2661 3886 2676 3907 .
2707 3856 2762 3901 et
2789 3846 2839 3900 in
2871 3847 3082 3916 figuris,
3110 3864 3229 3920 qua:
3255 3852 3437 3905 oculis
3471 3855 3631 3923 perci-

2041 3936 2273 4003 piuntur,
2306 3937 2570 3992 excitatur
2592 3940 2810 3994 artificis
2838 3940 3101 3995 voluntas.
3129 3941 3247 3997 Jam
3272 3943 3515 4016 phrygio
3540 3962 3628 3999 non

2040 4040 2220 4083 movet
2251 4044 2442 4083 manus
2465 4072 2481 4096 ,
2520 4040 2575 4085 et
2604 4030 2800 4087 formas
2830 4034 3039 4088 excitat.
3077 4035 3131 4090 Si
3160 4045 3339 4090 autem
3366 4038 3623 4099 audieris.

2043 4120 2207 4174 Deum
2253 4121 2498 4191 operari,
2549 4132 2774 4192 putasne
2822 4125 2994 4195 ipsum
3045 4141 3263 4183 movere
3307 4143 3538 4184 manum
3583 4140 3629 4183 ut

2039 4211 2329 4281 operetur?
2371 4220 2426 4267 et
2469 4213 2512 4266 si
2558 4229 2772 4270 omnem
2822 4226 2992 4271 artem
3041 4232 3307 4289 omneque
3356 4219 3626 4275 inventum

2038 4303 2371 4374 exquisieris,
2400 4304 2725 4377 dixerisque,
2750 4307 3028 4374 Quomodo
3053 4308 3155 4365 hoc
3179 4320 3233 4365 et
3253 4311 3386 4366 illud
3418 4313 3629 4368 invene.

2038 4394 2195 4449 runt?
2224 4396 2536 4452 recordatus
2560 4400 2744 4467 primae
2766 4400 2911 4454 vocis
2933 4416 3037 4471 qua
3061 4400 3261 4457 dictum
3290 4403 3415 4469 iuit,
3443 4403 3628 4459 Faeia~

2038 4503 2149 4541 mus
2179 4487 2430 4542 hominem
2458 4489 2526 4544 ad
2552 4490 2821 4561 imaginem
2844 4503 3091 4560 nostram,
3122 4492 3286 4550 Itabcs
3314 4498 3629 4566 quaestionis

2037 4578 2375 4633 solutionem.
2402 4581 2495 4635 Dei
2519 4581 2690 4653 imago
2707 4592 2815 4642 est.
2838 4593 3007 4638 etnon
3030 4584 3309 4655 intelligit?
3333 4587 3433 4642 Dei
3459 4589 3629 4658 imago

2037 4684 2152 4737 est,
2204 4682 2257 4727 et
2299 4688 2404 4728 non
2450 4674 2684 4729 imitatur
2712 4674 3033 4731 Dominum?
3061 4678 3266 4731 Censuit
3292 4679 3427 4749 [alia
3464 4682 3613 4749 ﬁcus.

2107 4764 2157 4817 7.
2177 4761 2364 4818 Contra
2390 4781 2473 4819 eos
2500 4768 2586 4837 qui
2610 4766 2839 4822 dicebant
2869 4767 3164 4837 paradisum
3184 4770 3238 4823 in
3257 4773 3388 4824 caelo
3405 4788 3538 4827 esse.
3565 4802 3627 4813 -

2040 4854 2375 4911 Eruhescant
2403 4860 2490 4928 qui
2519 4858 2807 4929 allegorice
2839 4861 3254 4931 interpretantes
3281 4862 3503 4933 dicunt,
3536 4882 3627 4936 pa.

2036 4948 2273 5005 radisum
2310 4951 2361 5003 in
2394 4952 2527 5006 ozclo
2569 4959 2622 5007 et
2662 4953 2992 5022 Spiritualem
3044 4969 3183 5009 esse.
3240 4955 3301 5011 lu
3329 4957 3469 5011 melo
3505 4960 3626 5028 quid

2039 5041 2164 5097 facit
2218 5043 2383 5098 licus?
2428 5044 2621 5100 Verum
2671 5046 2741 5100 sit
2787 5046 2838 5100 iu
2868 5048 3001 5102 caelo
3044 5048 3373 5120 paradisus:
3407 5050 3625 5105 ﬂtttttiua

2036 5135 2179 5191 unde
2207 5137 2439 5191 exeunt?
2470 5154 2647 5197 uoune
2675 5154 2741 5195 ex
2771 5142 2956 5195 terra?
2981 5140 3035 5197 Si
3082 5141 3367 5211 paradisus
3414 5159 3623 5198 sursum

2034 5240 2134 5295 est,
2172 5231 2313 5286 haud
2353 5232 2516 5288 dubie
2557 5233 2773 5289 flumina
2832 5233 2899 5289 de
2938 5236 3182 5306 superuis
3234 5236 3431 5291 ﬂuunt.
3491 5238 3621 5294 Num

2035 5320 2164 5376 dicit
2184 5322 2460 5393 Scriptura
2496 5341 2509 5380 :
2544 5325 2763 5381 Fluvius
2793 5326 3070 5382 descendit
3093 5344 3157 5382 ex
3185 5328 3398 5383 Edent?
3426 5334 3621 5386 Atride

2036 5413 2327 5483 εοιώἱειηει.
2376 5416 2608 5471 lrrident
2639 5434 2734 5473 nos
2788 5419 2864 5473 illi
2920 5419 3300 5490 allegoriarum
3352 5434 3620 5478 auctores.

2038 5506 2216 5561 Induit
2240 5526 2343 5575 eos,
2373 5510 2559 5580 inquit,
2580 5509 2718 5565 Deus
2742 5512 2939 5569 (unicos
2971 5513 3206 5582 pelliceas
3233 5512 3397 5583 (Gen.
3434 5518 3490 5571 5.
3513 5517 3570 5569 2|
3588 5520 3621 5577 ἱ.

2033 5598 2172 5652 Num
2200 5600 2365 5655 ὺονυε
2389 5611 2444 5656 et
2473 5617 2603 5656 oves
2636 5604 2897 5657 mactavit
2921 5646 2936 5667 ,
2966 5606 3285 5675 aperuitquc
3305 5608 3522 5661 ceriarii
3552 5610 3619 5659 «ιε’.

2036 5692 2270 5759 iicinam,
2304 5709 2368 5748 ac
2392 5695 2607 5749 coriarii
2639 5705 2811 5751 artem
2839 5696 2986 5767 egit?
3014 5697 3435 5767 Respondemus
3482 5717 3577 5753 nos
3599 5742 3611 5757 .

2040 5791 2204 5839 totum
2233 5785 2427 5840 animal
2472 5786 2723 5857 produxit
2748 5788 2894 5845 nullo
2919 5803 3209 5860 congressu
3234 5831 3248 5857 ,
3279 5792 3432 5847 nulla
3464 5808 3621 5865 capu-
