3692 6274
0 361 119 421 691

0 470 169 546 ἦλθε
200 468 347 545 πρὸς
368 470 532 526 αὑτὸν
555 471 585 525 6
602 469 753 534 Θεός.
771 466 1148 539 Ἐπεθύμησεν
1185 466 1357 539 ’Δδάμ
1384 464 1635 536 γενέσθαι

1 557 156 619 θεός
185 574 206 587 ο
238 555 519 610 ἀδυνάτων
549 553 607 608 δέ
635 551 1009 622 ἐπεθύμησεν⁹
1048 551 1235 606 ἔλυσεν
1266 548 1430 605 αὑτοῦ
1449 549 1478 601 6
1499 548 1637 617 Χρι-

1 638 164 700 στὸς
194 638 303 708 τὴν
332 636 647 706 ἐπιθυμίαν.
677 634 830 707 [502]
856 632 1237 705 Ἐπεθύμησας
1267 634 1332 686 σὺ
1360 629 1635 699 γενέσθαι,

0 720 35 773 δ
92 720 223 773 οὑκ
261 718 474 789 ἡδύνωο
511 717 764 788 ἐπιθυμῶ
800 716 912 785 ἐγὼ
957 716 1210 785 γενέσθαι
1267 714 1574 785 ἄνθρωπος,
1610 709 1639 763 6

0 804 322 874 δύναμαι·
356 803 704 871 ἀντεσήκωσε
745 800 854 870 γὰρ
884 798 1049 853 αὑτοῦ
1081 802 1110 853 6
1151 798 1281 862 Θεὸς
1315 801 1381 869 τῇ
1431 795 1637 867 ἀπάτῃ.

16 886 456 956 Ἐπεθύμησας
487 884 597 936 τῶν
645 884 784 956 ὑπὲρ
826 884 921 946 σὲ,
965 882 1229 953 λαμϐάνω
1269 881 1337 934 τά
1384 880 1476 932 ὑπ’
1516 878 1636 949 ἐμέ.

18 969 335 1032 Ἷσοθεῖας
386 966 740 1038 ἐπεθύμησας
770 983 783 997 ο
847 966 1183 1037 ῖσάνθρωπος
1240 965 1480 1033 γίνομαι.
1542 963 1641 1015 Διά

4 1053 212 1105 τοῦτο
244 1053 345 1105 καὶ
372 1049 583 1113 Παῦλος
609 1049 795 1118 λέγει’
832 1048 938 1102 Καὶ
972 1047 1235 1116 σχήματι
1276 1044 1538 1114 εὑρεθείς
1562 1044 1645 1109 ὡς

8 1136 397 1205 ἄνθρωπος.
448 1132 839 1203 Ἐπεθύμησας
889 1132 1143 1200 γενέσθαι
1192 1130 1312 1193 θεὸς
1336 1169 1353 1194 ,
1400 1128 1495 1183 καὶ
1543 1129 1644 1181 οὐκ

4 1218 424 1289 ἠγανάκτησα
447 1216 537 1269 διά
559 1216 717 1270 τοῦτο
741 1232 755 1246 ·
788 1214 926 1268 θέλω
945 1214 1054 1285 γάρ
1083 1230 1143 1267 σε
1171 1213 1401 1267 ῖσοθεῖαν
1425 1211 1610 1265 ποθεῖν
1627 1226 1642 1241 ·

8 1303 158 1357 ἀλλ’
190 1304 232 1373 ἡ
266 1301 673 1370 ἀγανάκτησις,
704 1299 786 1352 δτι
818 1298 969 1369 παρά
998 1296 1225 1367 γνώμην
1252 1296 1345 1349 τοῦ
1377 1294 1644 1348 Δεσπότου

8 1385 339 1455 ἠθέλησας
363 1383 605 1452 ἁρπάσαι
636 1382 699 1434 τὸ
731 1381 970 1451 ἀξίωμα.
991 1378 1378 1450 Ἐπεθύμησας
1398 1376 1647 1447 γενέσθαι

9 1468 166 1532 θεὸς
193 1509 213 1533 ,
243 1468 347 1521 καὶ
376 1468 476 1519 οὐκ
504 1464 778 1535 ήδυνήθης
803 1480 817 1492 ο
849 1464 1073 1532 γίνομαι
1103 1462 1388 1533 ἄνθρωπος
1413 1501 1428 1523 ,
1466 1460 1561 1513 καὶ
1586 1458 1649 1512 τὸ

10 1550 329 1604 ἀδύνατον
351 1548 570 1602 δυνατὸν
598 1546 755 1600 ποιῶ.
787 1546 910 1599 Ὅτι
938 1546 996 1599 δὲ
1028 1544 1312 1616 ἐπιθυμῶν
1339 1540 1471 1615 ἦλθε
1514 1543 1651 1613 πρὸς

8 1635 238 1699 τοῦτο,
274 1634 545 1705 μαρτυρεῖ
569 1631 732 1693 αὑτὸς
756 1630 930 1697 λέγων
950 1645 963 1660 ’
993 1630 1081 1683 ὅτε
1113 1629 1175 1682 τὸ
1206 1630 1391 1699 πάσχα
1410 1627 1597 1698 ἢσθιεν
1622 1628 1652 1680 6

12 1719 280 1789 τρέφων
303 1717 442 1787 μετά
463 1715 573 1767 τῶν
591 1713 961 1785 τρεφομένων,
986 1714 1079 1766 καὶ
1094 1713 1341 1785 τράπεζα
1367 1712 1652 1783 προέκειτο

10 1802 109 1872 τῷ
150 1801 429 1872 τρέφοντι
463 1800 643 1852 πᾶσαν
668 1798 768 1867 τὴν
800 1797 891 1850 ὑπ’
915 1797 1165 1867 οὑρανὸν,
1199 1797 1347 1865 λέγει
1374 1799 1487 1859 τοῖς
1518 1796 1654 1848 ἀπο·

18 1884 305 1946 στόλοις’
364 1881 673 1950 Ἐπιθυμίᾳ
711 1880 1061 1947 ἐπεθύμησα
1091 1878 1305 1948 φαγεῖν
1343 1878 1410 1931 τὸ
1443 1876 1654 1946 πάσχα

14 1968 242 2022 τ>ῦτο
264 1964 399 2035 μεθ’
427 1963 614 2033 ὑμῶν.
637 1962 732 2033 Μὴ
764 1961 873 2033 γάρ
897 1962 1173 2037 ἐϐάσκηνά
1208 1978 1301 2015 σου
1321 1964 1388 2033 τῇ
1417 1961 1651 2031 ίσοθεῖας

17 2053 104 2105 Σὺ
152 2051 245 2103 τὰ
280 2049 392 2118 ἐμὰ
440 2047 710 2119 ἠθέλησας
740 2045 1015 2117 ἁρπάσαι,
1054 2045 1127 2116 μὴ
1178 2045 1473 2115 δυνάμενος
1498 2062 1511 2077 ι
1544 2042 1655 2111 ἐγὼ

17 2135 99 2187 τὰ
171 2132 260 2185 σά
301 2130 594 2202 λαμϐάνω,
632 2129 950 2199 δυνάμενος.
993 2128 1256 2199 Πρόσεχε.
1298 2126 1550 2200 mmo:
1593 2126 1657 2181 τὸ

16 2216 320 2279 δειλινὸν,
354 2215 450 2268 καὶ
482 2213 658 2282 λέγει’
698 2212 902 2281 Ἀδὰμ,
929 2212 1051 2267 ποῦ
1076 2212 1134 2266 ετ
1149 2252 1166 2277 ,

110 2374 212 2433 ς’.
270 2364 499 2435 Ἀδελφά
527 2365 708 2417 ἐκεῖνα
742 2360 1030 2417 καὶταῦτα
1049 2380 1061 2394 ·
1093 2361 1211 2426 ἐνὸς
1238 2360 1346 2432 γὰρ
1386 2360 1520 2415 Θεοῦ
1562 2362 1661 2416 κά-

20 2459 221 2511 κεῖνα.
258 2453 361 2508 καὶ
387 2451 577 2506 ταῦτα.
604 2450 695 2523 Μὴ
727 2449 836 2522 γὰρ
870 2449 1026 2514 ἀλλος
1056 2444 1218 2520 ἦλθεν
1252 2450 1343 2502 ἐπὶ
1374 2449 1434 2501 τὸ
1467 2448 1659 2514 πάθος,

22 2550 164 2602 ἀλλ’
226 2548 262 2600 6
316 2542 591 2599 κατελθὼν
637 2544 695 2596 ἐν
750 2541 829 2613 τῷ
875 2539 1224 2613 παραδείσῳ;
1285 2539 1544 2612 Ἐκρύϐη,
1594 2540 1661 2611 ᾕ-

25 2633 228 2686 σθετο
282 2627 421 2697 μετά
470 2625 531 2679 τὸ
580 2627 794 2695 φαγεῖν.
824 2624 1269 2694 Διηνοίχθησαν
1304 2621 1412 2694 γάρ
1460 2621 1657 2677 αὐτῶν

26 2720 89 2770 οι
160 2710 517 2781 ὀφθαλμοί,
571 2710 744 2781 φησὶ,
802 2708 903 2762 καὶ
965 2708 1242 2776 ἔγνωσαν
1297 2705 1386 2759 ὅτι
1450 2705 1664 2777 γυμνοὶ

28 2794 265 2869 ἦσαν.
339 2791 556 2864 Ἐπειδὴ
603 2795 632 2845 6
688 2791 931 2855 διάϐολος
990 2786 1178 2857 εἶπεν,
1230 2783 1313 2862 ⁷ῌ
1359 2788 1436 2843 ἂν
1471 2791 1660 2860 ἡμέρᾳ

28 2880 311 2952 φάγητε
331 2918 345 2939 ,
373 2875 647 2945 διανοιχθ
661 2874 913 2941 ήσονται
942 2871 1109 2943 ὑμῶν
1131 2876 1184 2927 οἱ
1213 2873 1508 2943 ὀφθαλμοί
1526 2890 1539 2903 ο
1567 2873 1664 2936 ἴδε,

31 2963 284 3035 φησὶν,
350 2958 645 3029 ήλήθευσεν
708 2959 736 3010 6
777 2957 1041 3020 Σατανᾶς.
1084 2954 1280 3027 Παύλῳ
1332 2955 1528 3027 πρέπει
1581 2956 1668 3009 λέ-

26 3064 173 3115 γειν
204 3061 223 3075 ο
268 3044 354 3096 Οὐ
392 3042 502 3113 γὰρ
532 3041 718 3095 αὑτοῦ
752 3042 823 3095 τὰ
852 3038 1123 3111 νοήματά
1169 3039 1527 3110 ἀγνοοῦμεν.
1574 3041 1668 3094 υἵ-

29 3134 229 3188 δασιν
277 3130 329 3181 οἱ
361 3128 502 3196 ἀγιοι
538 3126 637 3191 τάς
666 3125 908 3197 μηχανὰς
945 3124 1040 3178 τοῦ
1078 3123 1347 3179 διαϐόλου.
1401 3126 1540 3195 Ὅρα
1566 3141 1667 3180 κα-

32 3218 216 3272 κίαν.
264 3211 438 3266 Πόθεν
481 3211 595 3282 ᾔδει
635 3212 663 3263 6
717 3208 1003 3273 διάϐολος,
1035 3210 1119 3262 ὅτι
1172 3206 1312 3278 μετὰ
1365 3207 1427 3260 τὸ
1476 3211 1670 3278 φαγεῖν

33 3299 395 3367 ἀνοίγονται
420 3293 597 3348 αὑτῶν
621 3295 670 3347 οἱ
698 3291 998 3363 ὀφθαλμοί;
1033 3291 1109 3362 μὴ
1138 3290 1248 3361 γάρ
1278 3291 1469 3361 τυφλοὶ
1492 3287 1666 3362 ἦσαν;

34 3385 249 3452 Λέγει
280 3382 315 3451 ή
342 3378 551 3451 Γραφὴ,
587 3378 717 3448 πρὶν
748 3379 937 3446 φαγεῖν
960 3376 1155 3438 αὑτοὺς
1178 3374 1286 3428 ἀπὸ
1307 3372 1400 3427 τοῦ
1427 3374 1666 3445 δένδρου,

36 3466 214 3527 εἶδε
243 3505 261 3529 ,
299 3463 487 3532 φησὶν,
534 3462 573 3530 ἡ
615 3459 771 3532 γυνὴ
816 3460 881 3514 τὸ
926 3457 1198 3527 δένδρον.
1231 3457 1441 3511 Οὑκοῦν
1467 3459 1568 3511 οὐκ
1602 3455 1671 3531 ἦν

34 3551 281 3625 ωφλὴ.
310 3545 467 3611 Εἶδε,
498 3548 681 3617 φησὶν,
705 3546 744 3615 ή
768 3542 923 3614 γυνὴ
952 3542 1017 3596 τὸ
1045 3541 1317 3625 δένδρον,
1346 3542 1432 3595 ὅτι
1456 3542 1673 3625 ὡραῖον

35 3623 143 3704 εις
192 3634 450 3701 ὅρασιν.
492 3629 716 3701 Πρῶτον
753 3625 897 3692 ειδε,
928 3626 1022 3680 και
1048 3625 1169 3678 τότε
1197 3624 1398 3695 ἔφαγε.
1425 3624 1550 3689 Πῶς
1577 3623 1672 3679 οὖν

42 3716 426 3792 ἠνοίχθησαν
447 3711 627 3767 αὑτῶν
657 3713 705 3765 οί
726 3708 994 3781 ὀφθαλμοί
1010 3724 1024 3773 ;
1052 3708 1317 3792 Πρόσεχε,
1334 3708 1635 3792 παρακαλῶ
1653 3723 1669 3737 ·

50 3789 342 3865 ἐνταῦθά
376 3799 490 3850 ἐστι
531 3796 594 3849 τδ
649 3793 1000 3865 ζητούμενον.
1049 3791 1109 3844 ’0
1154 3789 1395 3854 διάϐολος
1426 3791 1533 3845 ἀπὸ
1578 3792 1674 3845 ἐκ·

42 3860 359 3945 πτώσεως
396 3875 485 3951 ἦν,
521 3860 802 3941 τουτέστι,
822 3860 951 3929 ⁷ἀπὸ
990 3872 1358 3946 παραϐάσεως
1379 3890 1395 3905 ο
1426 3876 1520 3928 καὶ
1554 3874 1675 3946 ᾔδει

41 3973 102 4025 τί
132 3965 373 4025 ἔπαθεν
403 3964 433 4015 6
455 3961 743 4033 παραϐάς,
772 3959 866 4013 καὶ
896 3958 951 4011 τί
989 3957 1290 4027 πάσχουσιν
1323 3958 1373 4010 οῖ
1404 3958 1681 4029 παραϐαί-

43 4067 292 4114 νοντες.
329 4046 523 4102 Κοινὸν
570 4044 628 4099 δέ
671 4045 785 4097 ἐστι
826 4042 887 4096 τὸ
924 4041 1096 4105 πάθος
1128 4042 1365 4096 πάντων.
1419 4041 1529 4094 Καὶ
1566 4043 1678 4111 γάρ

46 4142 224 4210 crius:
234 4148 362 4205 ρον,
377 4131 504 4184 ὅταν
524 4128 946 4199 άμαρτάνωμεν,
959 4125 1034 4191 ὠς
1049 4124 1239 4210 τὺφλοὶ
1258 4123 1643 4210 ἀμαρτάνομεν
1658 4139 1673 4155 ο

46 4206 159 4279 καί
196 4220 348 4273 ὅταν
374 4213 804 4285 ἁμαρτήσωμεν,
837 4209 960 4263 τότε
997 4207 1214 4280 δρῶμεν
1238 4206 1289 4260 τί
1317 4207 1674 4278 ἐποιήσαμεν.

48 4285 232 4366 Οἷον,
268 4300 464 4368 ῶσπερ
493 4296 546 4348 εί
573 4311 656 4357 τις
680 4293 1012 4362 ἐγκαλεῖται,
1044 4291 1146 4345 Διά
1177 4290 1228 4344 τί
1251 4289 1367 4343 τόδε
1393 4290 1676 4360 ἐποίησας,

48 4380 490 4462 προφασίζεται
503 4373 1125 4462 ἀνάγκην-’Ἄληθῶςοὺκ
1139 4373 1364 4462 φεπον
1377 4372 1427 4462 τί
1442 4373 1676 4462 ἐποίουνο

46 4457 165 4544 οεδχ
199 4469 294 4531 ὡς
328 4463 526 4532 τυφλὸς
551 4459 793 4544 ὣν,ἀλλ⁹
818 4459 1003 4544 ἐπειδὴ
1032 4460 1091 4512 ἐν
1115 4460 1180 4544 τῇ
1209 4457 1452 4544 ἁμαρτίᾳ
1477 4459 1505 4510 6
1535 4458 1682 4544 λογι-

50 4539 219 4629 σμξδς
268 4546 546 4618 πηροῦται
580 4585 595 4607 ,
631 4543 750 4629 δλος
778 4542 1059 4629 γινόμενος
1083 4539 1178 4594 τοῦ
1206 4541 1443 4629 πρᾶξαι,
1468 4542 1562 4596 καὶ
1588 4560 1683 4595 τυ-

48 4624 325 4710 φλοῦται
360 4631 417 4682 ἐν
453 4628 532 4699 τῷ
560 4627 838 4710 πράττειν.
866 4624 1063 4710 Βλέπει
1094 4625 1231 4710 μετά
1261 4624 1433 4710 τᾳῇτα
1463 4627 1528 4696 τῇ
1560 4642 1685 4680 συν-

46 4707 303 4791 ειδήσει
344 4714 398 4765 τί
420 4711 710 4782 πεποίηκε.
737 4708 894 4776 Λέγω
916 4707 985 4791 δὲΔ
1009 4707 1085 4771 ώς
1111 4710 1167 4761 ὲν
1190 4708 1442 4762 ὑποθέσει
1462 4726 1477 4740 ’
1508 4709 1685 4779 εἰσέρ-

48 4789 243 4880 χεταί
286 4813 377 4859 τις
405 4793 710 4880 ληστε-ῦσαι
756 4789 1090 4880 ἐπὶ-οἰκίας..
1130 4792 1224 4844 καὶ
1269 4791 1576 4880 εἰσέρχεται
1608 4791 1684 4852 ὡς

47 4873 295 4958 ξυφλός
316 4898 331 4910 ν
366 4879 425 4931 οὑ
452 4876 723 4945 λογίζεται
746 4875 837 4958 τὸν
858 4873 1204 4958 ἀπαντῶντα,
1237 4873 1326 4958 τὸν
1356 4874 1681 4958 κρατοῦντα,

48 4955 159 5028 τὸς)
205 4963 395 5035 φόϐον
424 4962 530 5015 τῶν
559 4957 846 5020 δικαστῶν,
872 4957 963 5011 τὸν
992 4955 1373 5029 ἐπηρτημένον
1407 4955 1647 5010 κίνδυνον
1668 4973 1681 4989 ·

49 5052 441 5121 τετύφλωται
471 5047 577 5117 γάρ
608 5044 712 5097 ὑπὸ
737 5045 835 5114 τῆς
864 5044 1040 5097 νόσου.
1079 5043 1247 5096 Ὅταν
1268 5041 1486 5112 εἰσέλθῃ
1507 5082 1523 5105 ,
1557 5042 1686 5095 ὃταν

50 5142 261 5211 λάδῃ,
298 5135 429 5186 ὅταν
468 5130 670 5197 κλέψας
694 5126 907 5211 ἐξέλθῃ,
944 5125 1171 5211 μηδενὸς
1206 5124 1490 5211 παρόντος,
1521 5124 1699 5211 φόϐου

53 5208 428 5293 πληροῦται,
453 5212 768 5267 αἰσθάνεται
798 5210 850 5262 τί
880 5209 1126 5281 ἐποίησε,
1157 5209 1250 5262 καὶ
1275 5208 1547 5277 λογίζεται
1569 5210 1649 5262 ὅτι
1670 5251 1685 5275 ,

52 5313 170 5366 ἐὰν
222 5298 450 5374 ζητηθῇ
476 5337 491 5361 ,
531 5295 713 5351 νοοῦσι
755 5297 816 5348 τὸ
858 5295 1090 5365 πρᾶγμα
1132 5293 1277 5357 τίνος
1309 5294 1456 5347 ἐστὶν
1505 5293 1697 5366 ἔργον(

55 5386 256 5467 [503]
292 5384 406 5437 Καὶ
443 5382 479 5437 ἃ.
506 5382 583 5467 μή
616 5380 897 5467 ἐλογίσατο
927 5379 1201 5467 πράττων,
1241 5374 1517 5467 λογίζεται
1551 5378 1691 5467 μετά

51 5461 125 5534 Στδ
165 5467 424 5543 πρᾶξαι.
463 5461 609 5528 Οἷον,
640 5467 668 5519 6
694 5466 979 5535 μοιχεύων,
1013 5462 1106 5516 καὶ
1135 5461 1472 5534 ἐπιρρίπτων
1500 5462 1690 5515 ἑαυτὸν

54 5556 375 5627 ἀλλοτρίῳ
407 5553 542 5623 πυρὶ
564 5594 576 5615 ,
607 5553 909 5623 εἰσέρχεται
929 5592 943 5616 ,
975 5552 1069 5603 καὶ
1099 5550 1162 5603 οὑ
1196 5548 1466 5617 λογίζεται
1494 5551 1575 5603 ὅτι
1606 5550 1693 5602 νό-

60 5664 173 5721 μοι
210 5640 371 5703 εἰσὶ,
399 5636 753 5721 δικαστήρια,
789 5634 1113 5721 κατηγορίαι
1133 5671 1147 5694 ,
1182 5631 1307 5721 ξίςξῃ
1337 5633 1651 5721 ἠκονημένα
1674 5648 1689 5664 .

56 5714 197 5786 in):
237 5724 383 5777 ὅταν
402 5719 607 5792 πράξῃ,
637 5718 828 5788 δειλιᾷ,
850 5715 1148 5770 ὑποπτεύει
1169 5716 1355 5778 παῖδα,
1379 5714 1692 5785 παιδίσκην,

58 5813 349 5892 γείτονα,
373 5802 613 5875 συγγενῆ
634 5819 647 5830 ο
676 5802 771 5859 καὶ
792 5800 828 5857 6.
862 5799 937 5875 μὴ
960 5799 1188 5861 ἐϐλεπεν
1215 5801 1273 5854 ἐν
1306 5797 1387 5871 τῷ
1413 5796 1693 5869 πράττειν,

1094 353 1183 410 DE
1222 355 1440 413 MUNDI
1477 347 1875 409 CREATIONE
1912 348 2172 407 ORATIO
2202 351 2289 406 Vl.

3207 352 3311 408 692

1744 461 1929 532 βλέπει
1964 464 2102 535 μετά
2127 463 2189 517 τὸ
2209 460 2433 537 πρᾶξαι.
2468 463 2638 521 Πάλιν
2663 468 2922 539 παραινεῖ
2952 483 3037 531 τις
3074 465 3181 521 τινὶ
3206 467 3314 521 ἀπ-

1742 546 1961 616 έχεσθαι
1997 548 2185 603 κακῶν
2207 564 2221 580 '
2262 548 2365 603 κᾶν
2409 548 2641 621 ἀπειθὴς
2676 544 2752 624 ᾗ,
2787 553 2821 622 ἡ
2854 549 3110 621 συνήθεια
3138 548 3314 621 τούτῳ

1742 625 1921 695 λέγει’
1965 630 2233 694 Πολλάκις
2278 631 2425 703 αὑτῷ
2456 627 2626 696 εἷπον,
2659 634 2754 687 καὶ
2782 632 2881 686 οὑκ
2913 632 3145 704 ήκουσεν
3166 648 3181 663 ·
3212 632 3313 703 οὑχ

1744 710 1828 763 δτι
1859 711 1956 764 οὑκ
1978 714 2208 783 ῆκουσεν
2237 726 2281 766 ι.
2321 715 2551 769 Ἔπειτα
2583 714 2876 783 ἐπαγαγὼν
2905 713 3052 785 αὐτῷ
3075 714 3313 785 πληγὰς,

1745 793 1910 862 λέγει·
1942 796 2187 849 Διδάσκω
2209 813 2267 850 σε
2296 797 2543 851 ἀκούειν’
2570 798 2667 869 οὑχ
2696 800 2776 852 ὃτι
2803 800 2971 870 ἀκοὴν
2995 798 3142 867 αὑτῷ
3163 798 3316 852 δίδω·

1749 893 1850 940 σιν,
1895 877 2009 931 ἀλλ’
2044 879 2123 931 ὃτι
2153 882 2186 951 ή
2219 880 2401 953 πληγὴ
2430 880 2731 952 διορθοῦται
2775 881 2871 953 τήν
2911 880 3198 952 πρόληψιν,
3222 880 3318 934 καὶ

1747 961 1827 1023 είς
1857 960 2067 1014 σύνεσιν
2108 962 2271 1016 αὑτὸν
2297 963 2470 1033 φέρει.
2521 963 2673 1017 Οὑτω
2715 964 2807 1017 καὶ
2834 964 2863 1017 6
2901 964 3217 1033 προφήτης“
3257 960 3322 1015 Ἠ

1749 1043 1984 1098 παιδεία
2009 1046 2226 1113 Κυρίου
2262 1047 2482 1117 ἀνοίγει
2504 1065 2622 1117 μου
2644 1049 2714 1101 τὰ
2748 1043 2886 1103 ὦτα.
2932 1046 3085 1101 Ἐπεὶ
3114 1040 3207 1099 οῦν
3233 1044 3322 1107 ἐξ·

1751 1127 1946 1181 έπεσεν
1979 1128 2007 1180 6
2042 1128 2291 1193 διάϐολος
2321 1131 2404 1197 (οὑ
2438 1131 2545 1203 γάρ
2591 1131 2949 1202 ἐπιλέλησμαι
2998 1130 3095 1199 τῆς
3127 1126 3322 1181 ὑποθέ-

1754 1213 1951 1279 σεως),
1992 1211 2111 1283 ᾔδει
2149 1211 2252 1265 ποῦ
2291 1207 2359 1286 ἦν
2392 1213 2529 1285 μετά
2569 1214 2629 1268 τὸ
2672 1216 2945 1279 ἐκπεσεῖν,
2977 1214 3069 1266 καὶ
3092 1213 3213 1264 τότε
3243 1211 3324 1273 εῖς

1751 1294 2002 1367 αἴσθησιν
2023 1291 2184 1368 ἦλθεν
2212 1289 2286 1350 ὧν
2308 1297 2580 1369 ἐποίησεν.
2599 1298 2840 1369 Ἔμαθεν
2854 1292 2946 1350 οῦν
2959 1295 3019 1361 ἐξ
3037 1288 3110 1349 ὧν
3130 1292 3322 1356 ἔπαθε,

1753 1380 1847 1433 καὶ
1866 1380 2033 1449 λέγει,
2064 1379 2200 1435 Ἐὰν
2225 1381 2469 1451 φάγητε,
2491 1382 2831 1453 ἀνοίγονται
2849 1379 3015 1451 ὑμῶν
3032 1382 3087 1434 οἱ
3102 1380 3326 1448 6590a.)-

1751 1464 1853 1533 μοι
1872 1480 1885 1494 ο
1906 1465 2200 1530 τουτέστιν,
2223 1465 2298 1530 ώς
2326 1466 2417 1519 καὶ
2444 1467 2491 1519 ot
2511 1466 2659 1536 ἐμοί·
2688 1462 2822 1531 οἶδα,
2854 1466 2948 1534 ἀφ’
2964 1456 3027 1518 οὑ
3053 1462 3322 1534 παρέϐην,

1754 1545 1808 1597 τί
1839 1545 2065 1599 ἔπαθονο
2095 1546 2266 1616 ἔγνων
2304 1548 2358 1600 τί
2392 1548 2592 1602 ἔπαθον
2611 1587 2625 1611 ,
2654 1550 2824 1617 ἔγνων
2850 1548 2995 1611 τίνος
3031 1548 3324 1615 ἀπέτυχον.

1756 1623 1900 1684 Εῖτα
1925 1629 2170 1699 ἔφαγον,
2199 1630 2296 1684 καί
2336 1630 2771 1702 διηνοίχθησαν
2803 1630 3002 1687 αὐτῶν
3022 1635 3075 1686 οῖ
3104 1632 3329 1699 ὀφθαλ-

1750 1713 1853 1782 μοί
1874 1753 1889 1778 ,
1922 1713 2020 1766 καὶ
2048 1708 2213 1768 εἶδον
2254 1713 2343 1768 ὅτι
2387 1717 2597 1786 γυμνοὶ
2632 1713 2813 1787 ἦσαν.
2857 1716 2970 1788 Πρὸ
2992 1716 3100 1787 γάρ
3137 1712 3326 1767 τούτου

1756 1792 1896 1867 ἦσαν
1927 1797 2159 1868 γυμνοὶ,
2208 1799 2302 1851 καὶ
2337 1800 2438 1852 οὑκ
2464 1799 2778 1871 ᾐσχύνοντο.
2829 1798 3192 1855 ’Δπεδύσαντο
3225 1796 3327 1867 τὴν

1759 1880 2079 1947 ἀθανασίαν,
2105 1882 2418 1953 περιῃρέθη
2443 1884 2475 1954 ἡ
2513 1883 2674 1955 στολὴ
2702 1883 2799 1954 τῆς
2828 1883 3004 1954 δόξης,
3039 1878 3329 1952 ἐγυμνώθη

1759 1964 1820 2017 τὸ
1848 1963 2005 2033 σῶμα
2033 2004 2047 2029 ,
2076 1964 2170 2017 καὶ
2208 1958 2275 2036 ἦν
2306 1965 2474 2036 πηλὸς
2502 1965 2705 2019 λοιπόν.
2737 1966 2953 2029 Εὐθέως
2981 1964 3132 2036 βρύει
3152 1966 3185 2034 ή
3213 1961 3333 2016 ἐπί-

1760 2064 1878 2100 νοια
1910 2046 2017 2100 τῶν
2043 2046 2266 2117 τεχνῶν.
2304 2046 2500 2120 Πρώτη
2531 2049 2690 2120 τέχνη
2725 2048 2818 2102 τοῦ
2859 2048 3031 2119 ’Δδάμ
3067 2045 3328 2120 ραπτική.

1762 2130 1875 2202 Πρὸ
1904 2130 2083 2199 πάσης
2122 2131 2318 2201 τέχνης
2352 2131 2511 2185 ἔλαϐε
2540 2132 2609 2186 τά
2644 2132 2815 2201 φύλλα
2844 2134 2942 2203 τῆς
2985 2131 3190 2200 συκῆς,
3238 2128 3333 2183 καὶ

1762 2211 1988 2286 ἔρῤαψε.
2031 2212 2123 2276 Τίς
2166 2215 2195 2267 6
2238 2212 2485 2281 διδάξας;
2522 2217 2607 2279 τίς
2648 2216 2677 2267 6
2718 2214 3050 2280 παιδεύσας;
3101 2210 3335 2265 Ἔλαϐεν

1764 2298 1909 2363 ἅπαξ
1933 2296 2086 2368 παρά
2118 2298 2252 2351 Θεοῦ
2285 2298 2518 2365 σύνεσιν,
2545 2298 2708 2353 εῖκὼν
2732 2295 2800 2370 ἦν
2824 2297 2960 2352 Θεοῦ
2989 2338 3003 2363 ,
3038 2296 3131 2351 καὶ
3159 2297 3335 2367 ἀμφι-

1766 2381 1982 2444 ϐάλλεις
2006 2383 2131 2453 περὶ
2148 2382 2245 2453 τὴν
2267 2383 2470 2450 γνῶσιν
2492 2400 2507 2449 ;
2541 2385 2708 2437 Ὅταν
2731 2384 2989 2456 ἐννοήσῃς
3016 2380 3156 2435 κατά
3183 2395 3340 2433 σεαυ-

1764 2465 1877 2531 τὸν,
1920 2465 2083 2520 πόθεν
2121 2466 2404 2536 ἄνθρωπος
2435 2466 2663 2539 ἄροτρον
2702 2467 2917 2537 πρῶτον
2955 2465 3217 2537 ἐποίησε,
3252 2462 3340 2525 τίς

1768 2549 2009 2616 ὑπέδειξε
2033 2549 2256 2620 ποιῆσαι
2280 2549 2456 2614 ξύλον,
2476 2550 2571 2603 καὶ
2594 2549 2959 2621 μεσολαϐἧσαι
2991 2548 3226 2621 σίδηρον,
3245 2545 3342 2599 καὶ

1769 2632 2011 2702 σφίγξαι,
2052 2633 2146 2687 καὶ
2192 2632 2424 2705 ζεύγλην
2474 2632 2739 2689 ἐπιθεῖναι
2786 2636 2899 2697 τοῖς
2944 2631 3129 2704 βουσί·
3177 2628 3342 2683 πόθεν

1768 2717 1905 2789 γυνὴ
1930 2710 2054 2789 εὗρε
2085 2720 2281 2789 τέχνην
2315 2717 2626 2789 ἱστουργίας
2646 2758 2661 2781 ,
2694 2716 2879 2772 λαϐεῖν
2901 2717 3084 2780 πόκον,
3121 2712 3341 2779 πλῦναι,

1772 2801 1958 2865 ξᾶναι,
1988 2800 2182 2871 νῆσαι,
2221 2800 2283 2854 τὸ
2323 2800 2667 2872 συνημμένον
2717 2799 2998 2866 λεπτῦναι,
3041 2797 3137 2852 καὶ
3180 2795 3346 2851 πάλιν

1773 2884 1989 2955 σχισθέν
2022 2884 2289 2953 συνάψαι·
2319 2884 2481 2938 πόθεν
2507 2884 2698 2951 τοῦτο;
2721 2884 2819 2948 Τίς
2850 2883 3054 2951 ἐδίδαξε
3081 2883 3207 2946 τοὺς
3228 2897 3349 2935 1:0:-

1772 2969 1959 3032 κιλτάς
1982 2970 2079 3039 τὴν
2108 2968 2475 3040 ποικιλτικήν;
2509 2970 2778 3041 Ἐστηκεν
2808 2970 2971 3035 ἱστὸς,
3007 2969 3064 3022 ἓν
3083 2968 3143 3021 τὸ
3167 2984 3351 3040 παρα-

1773 3053 2143 3124 πεμπόμενον,
2168 3053 2229 3105 οὑ
2264 3053 2386 3127 χεὶρ
2417 3054 2780 3125 ἐργαζομένη,
2811 3054 2926 3109 ἀλλ’
2955 3057 2983 3108 6
3000 3054 3157 3124 λόγος
3176 3053 3348 3125 ἐργά-

1774 3140 1945 3206 ζεται,
1967 3138 2124 3208 λόγος
2151 3138 2363 3210 μορφάς
2382 3138 2651 3193 ἀποτελεῖ.
2674 3139 2787 3192 οὐκ
2805 3138 3082 3192 ἐπιϐάλλει
3108 3140 3295 3207 χεῖρας
3319 3139 3352 3191 6

1775 3223 2023 3295 τεχνίτης
2042 3262 2058 3289 ,
2092 3224 2187 3276 καὶ
2209 3224 2240 3275 6
2266 3222 2424 3292 λόγος
2449 3223 2547 3292 τῆς
2572 3222 2770 3293 τέχνης
2802 3225 3000 3294 μορφοῖ
3022 3222 3083 3276 τὸ
3113 3222 3350 3293 ἱμάτιον,

1775 3311 1869 3364 καὶ
1891 3310 1948 3362 ἐν
1975 3307 2272 3379 ὁρωμένοις
2302 3308 2575 3378 σχήμασιν
2600 3307 2873 3379 ἐγείρεται
2892 3306 2954 3360 τὸ
2984 3305 3228 3378 βούλημα
3254 3305 3351 3362 τοῦ

1774 3392 2042 3463 τεχνίτου.
2075 3388 2208 3446 Εἶτα
2226 3392 2256 3444 6
2285 3391 2565 3462 ποικιλτὴς
2584 3391 2646 3445 οὑ
2667 3393 2808 3444 κινεῖ
2829 3393 3008 3462 χεῖρα,
3035 3390 3129 3444 καὶ
3147 3389 3354 3462 ἐγείρει

1780 3477 2018 3548 μορφάς.
2044 3475 2157 3529 Καὶ
2183 3474 2278 3529 ἐὰν
2301 3474 2572 3548 ἀκούσῃς,
2601 3475 2684 3529 ὅτι
2708 3473 2840 3538 Θεὸς
2865 3474 3177 3546 ἐργάζεται,
3199 3473 3356 3545 νομί·-

1778 3559 1892 3625 ζεις
1917 3560 1998 3613 ὅτι
2041 3561 2199 3630 χεῖρα
2242 3557 2407 3611 κινῶν
2445 3557 2738 3631 ἐργάζεται
2768 3574 2784 3625 ;
2820 3560 2931 3612 Καὶ
2973 3557 3068 3613 ἐάν
3110 3555 3355 3631 ζητήσῃς

1778 3645 1961 3698 πᾶσαν
1988 3642 2207 3714 τέχνην,
2240 3645 2334 3696 καὶ
2361 3643 2544 3694 πᾶσαν
2583 3642 2845 3706 ἐπίνοιαν,
2886 3642 2981 3696 καὶ
3012 3641 3194 3713 εἴπῃς,
3230 3641 3354 3705 Πῶς

1778 3726 2005 3798 ἐνόησαν
2027 3726 2145 3779 τόδε
2174 3725 2207 3799 ἢ
2231 3725 2379 3792 τόδε;
2408 3724 2784 3797 μνημονεύσας
2801 3725 2902 3795 τῆς
2922 3724 3145 3797 πρώτης
3170 3723 3355 3795 φωνῆς

1778 3812 1877 3883 τῆς
1910 3810 2194 3880 λεγούσης,
2245 3809 2599 3879 Ποιήσωμεν
2643 3809 2957 3878 ἄνθρωπον
2986 3812 3113 3862 κατ’
3148 3810 3356 3863 εἰκόνα

1778 3892 2094 3965 ἡμετέραν,
2124 3894 2278 3964 ἔσχες
2298 3894 2397 3963 τῆς
2415 3893 2648 3963 ἀπορίας
2667 3892 2764 3963 τὴν
2785 3891 2961 3945 λύσιν.
2992 3890 3168 3946 Εῖκὼν
3193 3890 3353 3956 Θεοῦ,

1782 3979 1875 4033 καὶ⁵
1904 3978 1966 4031 οὑ
1988 3980 2098 4031 νοεῖ
2124 3992 2139 4042 ;
2165 3975 2327 4029 εἰκὼν
2364 3974 2522 4039 Θεοῦ,
2555 3976 2648 4028 καὶ
2673 3976 2734 4028 οὑ
2768 3978 3013 4046 μιμεῖται
3038 3975 3128 4029 τὸν
3151 3975 3355 4029 Δεσπό-

1781 4078 1915 4135 την;
1949 4062 2206 4130 Ἕρῤαψε
2233 4060 2440 4128 φύλλα
2473 4056 2692 4126 συκῆς.

1854 4211 1919 4276 ζ’.
1954 4207 2402 4279 Δῑσχυνέσθωσαν
2431 4207 2481 4261 οῖ
2514 4205 2937 4279 ἀλληγοροῦντες
2957 4245 2972 4270 ,
3000 4206 3084 4260 ὅτι
3120 4207 3149 4260 6
3178 4205 3367 4279 παράς

1783 4296 1958 4357 δεισος
1994 4296 2053 4347 ἐν
2090 4291 2304 4363 ούρανῷ
2341 4293 2477 4357 ἐστι,
2520 4292 2616 4345 κα)⁵
2653 4292 3019 4363 πνευματικός
3054 4293 3223 4346 ἐστιν.
3269 4291 3367 4346 Ἐν

1784 4376 1999 4450 ούρανῷ
2036 4376 2175 4447 συ.ωῆ
2207 4376 2258 4429 τί
2294 4378 2476 4441 nou-:1;
2520 4373 2659 4429 Ἀλλ’
2692 4375 2831 4428 ἔστω
2872 4377 2902 4430 6
2943 4376 3269 4447 παράδεισος
3300 4377 3369 4429 ἐν

1786 4462 2001 4536 οὐρανῷ
2026 4478 2040 4492 ·
2069 4460 2221 4534 [504]
2246 4462 2295 4515 οί
2322 4461 2558 4532 ποταμοὶ
2577 4460 2741 4514 πόθεν
2766 4459 3075 4534 ἐξέρχονται
3093 4478 3109 4527 ;
3129 4461 3230 4515 οὑκ
3253 4461 3371 4517 ἀπὸ.

1786 4548 1891 4618 γῆς
1915 4564 1930 4612 ;
1961 4547 2025 4602 Εἰ
2053 4548 2081 4600 6
2108 4546 2437 4617 παράδεισος
2460 4544 2593 4609 άνω,
2623 4544 2781 4617 δῆλον
2812 4546 2895 4599 ὃτι
2928 4546 3023 4600 καὶ
3048 4547 3097 4599 οί
3128 4546 3373 4617 ποταμοὶ,

1787 4631 1993 4686 ἄνωθεν
2016 4630 2218 4701 ῥέουσι.
2242 4630 2334 4700 Μὴ
2358 4629 2465 4701 γάρ
2493 4624 2643 4683 εἶπεν
2664 4631 2697 4700 ή
2717 4629 2931 4701 Γραφή·
2956 4628 3205 4700 Ποταμδς
3225 4630 3361 4683 κατέ

1788 4715 2004 4788 έρχεται
2028 4712 2088 4778 ἐξ
2117 4713 2310 4784 Ἑδέμς
2339 4712 2499 4766 Ἀλλά
2520 4713 2581 4766 τὸ
2613 4713 2853 4783 σόφισμα
2868 4712 2918 4767 δ.
2960 4713 2999 4765 Γ
3002 4711 3193 4765 ελῶσιν
3216 4713 3371 4783 ήμᾶς-

1788 4800 1839 4853 οἱ
1863 4797 2256 4869 ἀλληγορηταί.
2288 4796 2572 4851 Ἐνέδυσε
2596 4796 2705 4866 γὰρ
2720 4794 2990 4861 αὐτοὺςό
3017 4795 3181 4860 Θεὸς,
3207 4797 3363 4866 φησὶ,

1790 4879 2046 4949 χιτῶνας
2094 4878 2504 4949 δερματίνους.
2554 4876 2704 4951 Ἀρα
2753 4878 2827 4949 μὴ
2876 4878 3003 4949 βόας
3047 4878 3366 4950 ῆπρόϐατα

1791 4963 1973 5028 ἔθυσε,
2010 4964 2104 5017 καὶ
2134 4963 2380 5035 βυρσεῖον
2401 4961 2601 5033 ήνοιξε,
2626 4962 2720 5015 καὶ
2742 4962 2938 5033 τέχνην
2971 4962 3214 5034 βυρσέως
3236 4965 3369 5017 άπε-

1789 5048 1977 5103 τέλεσε
2000 5063 2015 5113 ;
2040 5046 2285 5117 Δέγομεν
2302 5048 2484 5117 ἡμεῖς,
2503 5046 2623 5100 ὅλον
2644 5044 2706 5099 τὸ
2729 5045 2867 5112 ζῶον
2890 5048 3212 5119 παρήγαγεν
3236 5045 3367 5101 ἄνευ

1794 5130 2134 5201 συμπλοκῆς,
2166 5129 2295 5183 ἄνευ
2346 5128 2629 5199 συζυγίας.
2666 5130 2738 5184 Τὸ
2783 5130 2858 5203 μὴ
2887 5130 2946 5184 ὃν
2989 5131 3242 5203 ἐποίησε,
3275 5133 3367 5189 καὶ

1798 5217 1961 5289 μέρος
1991 5215 2085 5271 τοῦ
2106 5214 2258 5279 δντος
2286 5217 2459 5269 ποιεῖν
2489 5216 2591 5269 οὑκ
2619 5215 2885 5286 ήδύνατο;
2919 5215 3121 5270 Λοιπὸν
3160 5214 3366 5285 φιλοτι-

1798 5300 2022 5372 μοῦνται
2041 5317 2055 5331 ’
2085 5300 2199 5354 ἀλλ’
2238 5301 2491 5355 οὐδέποτε
2515 5300 2645 5364 Θεὸς
2666 5303 2811 5354 ποιεῖ
2833 5300 2998 5371 μέρος
3021 5300 3183 5365 ζώου,
3216 5301 3369 5354 οὑδὲν

1795 5384 1985 5448 ἀτελὲς
2009 5386 2154 5438 ποιεῖ
2179 5383 2208 5435 6
2232 5384 2383 5453 Θεός.
2422 5382 2633 5438 Ἀκούει
2665 5382 2839 5455 δέρμα
2860 5425 2874 5449 ,
2899 5384 2991 5437 καὶ
3010 5383 3163 5452 ζητεῖ
3184 5383 3368 5441 πόθεν.

1797 5467 2005 5525 Οὑκοῦν
2024 5466 2206 5522 ἀκούω
2226 5465 2381 5536 κάγὼ
2398 5462 2535 5538 αἷμα
2552 5470 2609 5519 έν
2624 5467 2903 5538 Αἰγύπτῳ,
2926 5468 3019 5519 καὶ
3042 5463 3188 5536 ζητῶ
3208 5461 3371 5518 πόθεν

1863 5685 1899 5747 9,
1912 5680 2023 5747 Hic,
2047 5686 2159 5747 pos!
2182 5680 2271 5747 οὑχ
2292 5680 2364 5728 ὅτι
2388 5680 2476 5727 οὑκ
2492 5680 2719 5747 ἤκουσεν,
2730 5676 3054 5747 .defideralur
3068 5673 3198 5728 haud
3218 5669 3389 5734 dubio;

1798 5744 1901 5793 ἀλλ’
1923 5743 1995 5790 ὅτι
2030 5740 2117 5804 οὑχ
2140 5740 2426 5804 ὑπήκουσεν,
2452 5744 2525 5804 vel
2560 5740 2676 5804 quid
2700 5740 2881 5804 gimile.
3308 5775 3319 5782 .

1864 5805 1893 5845 δ
2193 5794 2331 5853 dedit
2348 5802 2471 5853 ἀλλὰ
2487 5803 2559 5851 ῖδε
2576 5794 2632 5853 τὸ
2653 5800 2876 5865 σόφισμα.
