3692 6274
383 301 489 357 ειθό

387 416 652 490 μετέϐαλε
697 415 789 470 τὸν
818 412 1006 468 Νεῖλον
1038 414 1117 478 είς
1141 411 1315 485 αἷμα,
1362 415 1491 467 ποῖα
1528 412 1687 466 ἐθυσε
1717 410 1851 475 ζῶα.
1895 412 1952 464 ὐ

382 500 626 573 ποταμὸς
667 500 887 569 γέγονεν
913 494 1078 570 αἷμα,
1120 500 1215 553 καὶ
1242 496 1394 551 οὐδὲν
1433 496 1599 566 ἐτύθη
1632 495 1799 560 ζῶον·
1827 494 1953 565 δέρ-

386 602 532 658 ματα
550 584 641 637 δύο
668 583 1000 651 γέγονε,“καὶ
1021 582 1174 650 ζητεῖ
1202 580 1309 634 ἀπὸ
1334 580 1500 634 ποίων
1533 578 1686 644 ζώων
1712 578 1949 647 ἐγένετο.

396 667 554 720 Ἀλλά
592 667 753 719 κάκεῖ
778 666 933 728 ἐκτὸς
973 664 1113 729 ζώου
1142 663 1336 733 δέρμα.
1367 663 1606 733 Πρόσεχε
1636 664 1701 732 τῇ
1729 658 1952 713 ἀκολου·

383 750 505 822 θία,
536 751 586 802 εί
625 750 719 803 καὶ
746 750 780 819 ή
806 746 959 818 φωνὴ
988 747 1160 818 ἔκαμε
1181 786 1195 809 ,
1236 748 1329 800 καὶ
1356 747 1534 817 ἡμεῖς.
1579 744 1717 796 Ἀλλ’
1749 745 1836 796 ἵνα
1875 742 1951 813 μὴ

380 829 804 902 ἀκρωτηριασθῇ
835 830 864 881 6
891 830 1045 898 λόγος
1069 873 1080 890 ,
1122 826 1275 896 ὀλίγα
1320 828 1500 896 ἠρέμα
1528 823 1765 896 εξρηκὼς
1794 840 1954 877 κατα-

381 916 577 967 παύσω
598 913 689 967 τὸν
714 913 891 982 λόγον.
921 914 1186 982 Ἕρῤιιψε
1205 911 1409 979 φύλλα
1423 908 1642 975 συκῆς.
1675 906 1798 961 Εἴθε
1817 907 1950 960 ταύ-

379 1014 481 1067 την
522 996 620 1067 τὴν
667 998 861 1067 τέχνην
908 996 1108 1066 ἔμαθον
1152 993 1448 1064 αίρετικοίί
1499 992 1668 1062 Ἀδάμ
1700 990 1953 1063 παραϐἀς

381 1080 608 1149 ράπτειν
635 1079 835 1149 ἔμαθεν
856 1094 867 1105 ·
895 1078 1159 1151 αἱρετικοὶ
1188 1074 1551 1148 ἐκτραπέντες
1578 1073 1780 1143 σχίζειν
1816 1072 1954 1142 ἐμα-

384 1164 496 1217 θον.
549 1163 717 1234 Ἀδὰμ
745 1162 999 1228 παραϐὰς
1022 1160 1282 1233 ἐρραψεν,
1308 1159 1393 1213 ἵνα
1421 1158 1670 1229 σκεπάση
1690 1157 1750 1210 τὸ
1777 1156 1950 1226 ἀσχη-

384 1262 514 1317 μον·
549 1248 818 1318 αίρετικοὶ
844 1246 1232 1308 πιστεύσαντες
1257 1242 1278 1317 [
1301 1243 1341 1312 f.
1370 1239 1806 1313 ἀπιστήσαντες]
1843 1239 1955 1310 σχίι

382 1330 583 1394 ζουσιν,
617 1331 703 1383 ἵνα
734 1328 1061 1401 γυμνώσωσι
1089 1328 1159 1382 τά
1191 1329 1343 1395 ἅγια.
1381 1325 1648 1389 Πολλάκις
1678 1323 1952 1393 ἀκούομεν

379 1413 450 1487 τά
479 1412 573 1465 ἐπὶ
604 1412 695 1466 τοῦ
725 1412 980 1484 σταυροῦ,
1004 1412 1097 1465 καὶ
1126 1410 1475 1480 θαυμάζομεν
1508 1409 1589 1462 δτι
1625 1406 1951 1480 στρατιῶται

380 1494 570 1549 ἔλαϐον
604 1496 696 1549 τοῦ
731 1496 965 1567 Χριστοῦ
998 1496 1067 1549 τὰ
1096 1494 1286 1565 ἱμάτια
1306 1534 1320 1557 ,
1353 1493 1446 1547 καὶ
1478 1493 1833 1565 ἐμερίσαντο,
1859 1492 1952 1544 καὶ

380 1578 581 1642 εὐθέως
615 1578 769 1649 ήμῶν
796 1580 827 1648 ή
850 1578 1058 1632 διάνοια
1086 1578 1235 1645 λέγει
1258 1595 1272 1608 ·
1310 1577 1486 1650 Πολλὴ
1516 1576 1661 1650 ητοῦ
1683 1575 1817 1629 Θεοῦ
1845 1592 1944 1646 μα-

382 1661 675 1732 κροθυμία,
704 1660 778 1732 μὴ
803 1660 1081 1715 κατελθεῖν
1108 1661 1389 1731 κεραυνὸν,
1421 1659 1495 1731 μὴ
1518 1658 1796 1713 κατελθεῖν
1820 1660 1952 1728 ρομ-

381 1744 565 1813 φαίαν.
605 1743 742 1796 Ἀλλ’
764 1744 1012 1816 ὑϐρίζετο
1035 1745 1063 1797 6
1087 1744 1274 1813 ’Ἄγιος
1291 1786 1304 1809 ,
1333 1746 1426 1797 καὶ
1454 1745 1509 1797 αί
1532 1742 1745 1814 βέϐηλοι
1771 1744 1950 1814 χεῖρες

378 1828 478 1879 οὐκ
508 1826 811 1897 ἐκόπησαν;
846 1827 1155 1895 Θαυμάζεις
1192 1827 1273 1879 ὅτι
1305 1826 1612 1897 ἐτόλμησαν
1658 1828 1855 1879 ἐκεῖνοι
1899 1825 1948 1878 οί

379 1912 704 1983 στρατιῶται
735 1910 1057 1983 μερίσασθαι
1089 1911 1157 1965 τά
1184 1911 1407 1982 ίμάτια;
1438 1909 1727 1981 Θαύμασον
1754 1911 1837 1963 ὅτι
1856 1902 1948 1963 οῦ-

375 2011 458 2048 τοι
491 1994 779 2067 διέρρηξαν
815 1994 877 2048 τὸ
921 1996 1131 2066 ἱμάτιον
1167 1995 1265 2065 τῆς
1311 1993 1655 2063 Ἐκκλησίας.
1689 1994 1753 2046 Οί
1785 2010 1949 2064 στρα-

376 2082 567 2136 τιῶται
605 2079 745 2136 εἶδον
782 2081 872 2135 τὸν
902 2081 1105 2152 χιτῶνα
1143 2080 1239 2134 τοῦ
1287 2081 1523 2153 Χριστοῦ
1574 2081 1840 2153 άρραφον,
1885 2081 1950 2134 ἐκ

376 2166 487 2220 τῶν
510 2166 621 2220 ἀνω
647 2165 879 2234 ὐφαντὸν
897 2164 962 2217 δι’
988 2165 1131 2229 ὅλου,
1159 2166 1254 2218 καὶ
1275 2164 1562 2233 ἐφείσαντο
1579 2164 1673 2217 τοῦ
1696 2164 1912 2234 ίματίου
1932 2181 1947 2197 ·

376 2249 642 2320 αίρετικοὶ
664 2248 721 2301 δὲ
748 2247 844 2318 τὴν
867 2246 1070 2319 ἐσθῆτα
1094 2248 1187 2301 τοῦ
1215 2246 1475 2318 Χριστοῦ,
1502 2247 1603 2318 τὴν
1631 2246 1823 2318 στολὴν
1851 2248 1949 2318 τῆς

389 2329 714 2402 Ἐκκλησίας
756 2330 998 2399 ἐσχισαν,
1040 2330 1366 2401 ἐμερίσαντο
1391 2371 1406 2395 ,
1439 2331 1757 2400 κατέτεμον.
1810 2328 1948 2382 Ἀλλ’

377 2418 471 2469 ἐπὶ
501 2416 562 2469 τὸ
603 2413 961 2486 προκείμενον
1007 2412 1415 2485 ἐπανέλθωμεν.
1452 2415 1719 2482 Ἔῤῥαψε
1746 2414 1951 2483 φύλλα

377 2497 945 2567 συκῆς..Ἥκουσαν
980 2496 1087 2551 τοῦ
1128 2496 1276 2551 Θεοῦ
1322 2496 1829 2564 περιπατοῦντος,
1874 2496 1949 2560 ώς

377 2580 459 2634 ἔνι
489 2579 749 2635 ἀκοῦσαι·
781 2582 1035 2652 ἥκουσαν.
1060 2580 1159 2633 καὶ
1181 2579 1541 2648 έκρὺϐησαν.
1572 2578 1883 2649 Εὐγνώμων
1914 2580 1945 2649 ή

378 2670 578 2740 φύσις·
626 2669 728 2724 κᾶν
769 2670 1029 2742 μυριάκις
1065 2664 1215 2741 ὦμεν
1257 2667 1572 2739 ἁμαρτωλοὶ
1595 2707 1610 2731 ,
1643 2667 1950 2738 συνείδησις

376 2761 411 2831 η
418 2759 533 2829 μῶν
545 2759 802 2831 ἐλευθέρα
814 2759 978 2811 ἐστίν.
997 2758 1194 2811 Ἐνέοτε
1209 2757 1269 2810 τὸ
1283 2757 1569 2827 πρόσωπον
1585 2757 1946 2826 ἀναισχυντεῖ·

376 2849 469 2901 καὶ
505 2848 539 2918 ἡ
569 2847 869 2918 συνείδησις
895 2845 1122 2917 ἐλέγχει.
1163 2844 1361 2898 Ἐνίοτε
1392 2846 1425 2915 ἡ
1465 2843 1700 2912 γλῶττα·
1735 2844 1801 2897 Τί
1838 2842 1947 2915 γάρ

374 2938 658 3008 ἥμαρτονς
703 2936 794 2988 καὶ
850 2934 1154 3005 συνείδησις
1199 2933 1412 3004 ἐλέγχει
1467 2933 1689 2989 ἔσωθεν.
1724 2931 1952 2987 Ἀπλού-

378 3041 560 3077 στατοι
585 3018 725 3095 ἦσαν
752 3023 846 3077 καὶ
884 3021 1134 3094 ἀκέραιοι
1162 3023 1213 3074 οί
1241 3023 1368 3093 περ).
1399 3021 1490 3075 τὸν
1522 3020 1712 3092 Ἀδὰμ,
1742 3019 1951 3091 ὡμολό-

374 3129 505 3181 γουν
534 3112 670 3183 μετά
698 3112 1026 3184 ἐλευθερίας.
1043 3112 1102 3165 '0
1128 3111 1262 3175 Θεός
1289 3125 1444 3182 φησι·
1483 3110 1610 3165 Ποῦ
1641 3106 1731 3174 sl;
1756 3109 1949 3165 Πολλοὶ

375 3201 612 3265 εὐσεϐῶς
646 3200 988 3272 ἐθεώρησαν·
1025 3200 1107 3254 δεῖ
1148 3201 1205 3255 δὲ
1250 3199 1535 3272 προσέχειν
1562 3202 1629 3271 τῇ
1666 3198 1947 3271 ἀκριϐείᾳ.

374 3291 486 3344 Καὶ
511 3290 618 3361 γὰρ
642 3289 735 3344 καὶ
759 3288 828 3343 τά
846 3289 1069 3343 ἐκείνων
1095 3288 1342 3359 δέχομαι,
1373 3288 1563 3359 ἐπειδὴ
1590 3286 1811 3357 εὐσεϐῆ·
1853 3288 1950 3341 καὶ

372 3377 546 3432 ταῦτα
574 3377 737 3445 λέγω.
780 3375 967 3446 ἐπειδὴ
990 3375 1189 3447 ἀληθῆ.
1224 3375 1419 3445 Ἀδὰμ,
1458 3374 1577 3430 ποῦ
1608 3371 1695 3441 aI;
1741 3374 1945 3441 Πόθεν;

373 3465 479 3519 ποῦ
525 3463 827 3534 κατῆλθες;
859 3463 971 3517 ἀπὸ
998 3464 1157 3527 ποίας
1185 3462 1342 3533 δόξης
1380 3463 1671 3528 ἐξέπεσεςς
1707 3461 1946 3534 Ἀληθῶς

373 3553 598 3623 δέχομαι
638 3553 736 3623 τὴν
791 3551 998 3605 ἐννοιαν
1028 3550 1105 3614 ὡς
1160 3551 1382 3621 εὐσεϐῆ.
1411 3552 1564 3621 Ἔχει
1607 3550 1717 3623 γάρ
1761 3553 1855 3605 καὶ
1885 3551 1947 3605 τὸ

374 3639 748 3710 εὐπρόσωπον,
784 3640 881 3692 καὶ
907 3638 970 3692 τὸ
999 3636 1300 3708 συμπαθές.
1340 3636 1501 3691 Ἀλλά
1528 3637 1674 3709 ζητῶ
1701 3637 1799 3709 τὴν
1827 3640 1943 3692 ἀκο-

374 3726 611 3782 λουθίαν.
664 3726 856 3796 Ἀδὰμ,
902 3726 1019 3781 ποῦ
1052 3723 1135 3790 sl;
1174 3728 1356 3799 ἐρωτᾷ
1386 3729 1416 3781 6
1454 3726 1606 3790 Θεός.
1649 3727 1825 3801 ’ᾘδει,
1872 3728 1947 3792 ὡς

374 3815 638 3886 πλάστης,
667 3814 760 3868 τοῦ
795 3814 1113 3887 πλάσματος
1141 3815 1239 3887 τὴν
1268 3815 1451 3885 φύσιν,
1485 3817 1565 3870 ὅτι
1590 3818 1692 3881 πᾶς
1718 3817 1746 3869 6
1772 3818 1947 3888 ἀμαρ-

371 3905 564 3975 τήσας,
610 3904 1082 3976 ἀπαρρησίαστος,
1144 3904 1239 3957 καὶ
1282 3904 1364 3958 ὃτι
1417 3907 1530 3969 τοῖς
1573 3903 1944 3976 ἁμαρτάνουσι

372 3992 636 4064 ράπτεται
659 3992 726 4045 τά
756 3992 1017 4063 στόματα.
1043 3991 1369 4064 Προσέοχεν,
1393 3993 1473 4046 ὄτι
1500 3992 1587 4047 διὰ
1606 3992 1666 4046 τὸ
1697 3991 1771 4064 μὴ
1800 3991 1944 4063 ἔχειν

372 4081 682 4155 παρρησίαν
710 4080 895 4150 ἔφυγε.
928 4079 1123 4144 Δοῦλος
1150 4080 1267 4135 τότε
1301 4080 1534 4151 μάλιστα
1564 4081 1792 4152 ἀγωνιᾷ,
1817 4082 1944 4134 ὅταν

371 4169 626 4241 αἴσθηται
652 4170 734 4223 ὃτι
759 4168 961 4240 ἔμαθεν
986 4171 1014 4222 6
1041 4169 1308 4240 δεσπότης
1331 4168 1498 4222 αὐτοῦ
1529 4167 1589 4222 τὸ
1628 4169 1938 4240 γενόμενον·

371 4258 476 4321 ἐως
505 4258 564 4312 δὲ
600 4259 783 4326 ἀγνοεῖ
806 4258 835 4310 6
867 4255 1018 4328 [505l
1059 4256 1347 4328 δεσπότης,
1377 4256 1568 4309 ἐαυτὸν
1597 4256 1942 4328 παραμυθεῖ-

369 4362 461 4398 ται
486 4345 561 4408 ὼς
589 4344 885 4415 δυνάμενος
927 4344 1132 4398 λαθεῖν.
1172 4344 1229 4398 Ὀ
1272 4343 1443 4412 Ἀδὰμ
1470 4344 1667 4412 ἔφυγεν
1695 4344 1771 4407 ώς
1799 4361 1940 4412 γνω-

373 4434 546 4497 σθείς·
577 4435 606 4487 6
630 4433 762 4506 Θεὸς
804 4436 1179 4505 προσεποιεῖτο
1207 4434 1451 4501 ἄγνοιαν,
1508 4434 1594 4487 ἵνα
1632 4434 1720 4487 τὸν
1778 4433 1941 4503 φόϐον

369 4518 535 4575 αὐτοῦ
592 4520 907 4593 καταλύσῃ·
956 4520 1031 4583 ὡς
1086 4520 1312 4591 λέγομεν
1359 4521 1517 4590 ἡμεῖς
1571 4521 1699 4591 περὶ
1749 4519 1937 4589 φίλου·

383 4607 645 4679 Ἐποίησα
670 4608 904 4679 ἐμαυτὸν
929 4607 1008 4670 είς
1043 4606 1138 4661 τὸν
1163 4605 1237 4679 μὴ
1268 4606 1463 4671 εἰδότα,
1501 4606 1587 4661 ἴνα
1616 4607 1690 4677 μὴ
1713 4607 1943 4678 λυπήσω

368 4697 552 4755 αὐτόν.
590 4696 855 4760 Πολλάκις
880 4695 990 4768 γὰρ
1015 4696 1224 4766 γίνεται
1254 4696 1382 4768 παρ’
1409 4697 1539 4766 ἡμῖν
1567 4695 1758 4751 ταῦτα.
1789 4697 1851 4750 El
1884 4696 1941 4751 δέ

368 4786 498 4861 παρ’
530 4788 661 4857 ἡμῖν
688 4786 911 4841 τοιαῦτα
945 4784 1174 4854 γίνεται.
1203 4782 1382 4855 πολλῷ
1408 4783 1603 4855 μᾶλλον
1631 4784 1782 4856 παρά
1820 4784 1941 4855 Θεῷ

367 4874 445 4946 τῷ
470 4874 853 4946 φιλανθρώπῳ.
886 4873 1089 4943 Ἀδὰμ,
1121 4873 1236 4928 ποῦ
1260 4867 1348 4938 sl;
1375 4873 1495 4926 ἀντὶ
1523 4872 1640 4937 τοῦ,
1661 4873 1775 4927 Οὐκ
1803 4869 1937 4927 οἶδα.

367 4960 500 5016 Εἶτα
524 4963 617 5015 τοῦ
645 4962 780 5016 Θεοῦ
808 4962 1273 5033 προσποιουμένου
1301 4961 1539 5029 ἄγνοιαν,
1564 4963 1597 5033 ἠ
1630 4961 1930 5033 εὐγνώμων

367 5050 462 5102 καὶ
516 5049 774 5121 ἐλευθέρα
804 5048 951 5119 ψυχὴ
983 5050 1082 5102 οὐκ
1132 5048 1367 5119 ἔκρυψε·
1410 5046 1525 5115 Τῆς
1568 5046 1774 5117 φωνῆς
1822 5063 1940 5103 σου

366 5134 626 5203 ἤκουσα,
652 5136 748 5189 καὶ
777 5135 1096 5204 ἐφοϐήθην,
1120 5135 1209 5187 ὅτι
1237 5135 1461 5203 γυμνός
1483 5136 1617 5204 εἰμι,
1642 5135 1739 5188 καί
1765 5136 1939 5204 ἐκρύ-

368 5226 500 5292 ϐην.
534 5224 633 5278 Διά
665 5224 718 5277 τί
748 5221 1056 5295 ἐφοϐήθης;
1088 5223 1176 5276 διὰ
1220 5224 1271 5275 τί
1322 5223 1591 5293 ἐκρύϐης;
1634 5223 1939 5298 Ἑφοϐήθην

365 5314 455 5368 διὰ
481 5312 579 5385 τὴν
603 5312 932 5385 παράϐασιν·
958 5310 1195 5382 ἐκρύϐην
1224 5310 1311 5364 διά
1342 5312 1440 5381 τὴν
1469 5311 1768 5381 γύμνωσιν.
1788 5314 1937 5384 Ἀλη-

366 5402 478 5466 θῶς
526 5402 639 5456 ἐστι
682 5400 911 5456 κλαῦσαι
964 5400 1057 5453 ἐπὶ
1113 5402 1178 5471 τῇ
1228 5401 1378 5469 φωνῇ
1419 5397 1512 5452 τοῦ
1569 5400 1934 5477 παραϐάντος.

370 5491 489 5560 Τῆς
524 5490 730 5561 φωνῆς
759 5505 876 5545 σου
907 5488 1163 5555 ἥκουσα,
1196 5486 1410 5557 ἐκείνης
1441 5486 1540 5557 τῆς
1574 5489 1933 5563 ποθουμένης,

365 5580 580 5650 ἐκείνης
625 5580 724 5649 τῆς
773 5577 946 5632 πάντα
1001 5593 1090 5645 μοι
1134 5574 1525 5647 χαρισαμένης,
1576 5575 1789 5647 ἐκείνης
1838 5580 1939 5651 τῆς

366 5667 549 5730 ἀγαθά
604 5685 693 5738 μοι
756 5664 1125 5737 χαρισαμένης
1184 5663 1277 5718 καὶ
1341 5667 1933 5739 πραγματευσαμένης.

368 5753 635 5813 Ἦκουτα
672 5754 784 5824 τῆς
827 5753 1034 5823 φωνῆς
1074 5770 1209 5810 σου.
1249 5751 1537 5827 Ἐνενὸησα
1564 5753 1721 5821 ποίας
1749 5758 1934 5831 φωνῆς

1790 292 2151 369 summ:

3532 296 3631 352 196

2064 414 2397 477 κατέπτυσα,
2414 411 2569 475 ποίας
2582 410 2765 481 φωνῆς
2780 410 3175 482 κατεφρόνησα·
3192 406 3292 463 καὶ
3304 408 3638 478 ἐφοϐήθην,

2060 494 2301 551 τοιούτου
2340 496 2608 549 Δεσπότου
2642 495 2861 565 ἐντολὴν
2903 494 3154 566 παραϐάς
3181 510 3193 521 ·
3220 492 3321 546 καὶ
3342 492 3635 560 ἐκρύΰην.

2061 576 2150 629 ὅτι
2172 578 2399 648 γυμνός
2424 580 2559 649 ειμι.
2593 573 2728 633 Εἶτα
2752 580 2780 631 6
2808 577 2940 642 Θεὸς
2959 576 3291 647 ἐπιμένειτῇ
3322 578 3635 646 προτροπῇ·

2068 661 2163 727 Τίς
2194 677 2295 715 σοι
2319 657 2487 716 εἶπεν
2516 661 2602 716 ὅτι
2652 661 2877 732 γυμνός
2923 657 2996 724 εἷ,
3033 664 3087 716 εί
3113 661 3198 731 μὴ
3228 660 3345 715 ἀπὸ
3390 660 3511 714 τοῦ
3542 659 3639 725 €13-

2059 745 2196 805 λου,
2227 740 2299 799 οὗ
2331 743 2723 814 ἐνετειλάμην
2767 760 2864 798 σοι
2901 745 3117 799 τούτου
3148 744 3340 812 μόνου
3381 741 3480 810 μὴ
3535 759 3637 810 φα-

2059 825 2204 893 γεῖν,
2237 827 2339 881 ἀπ’
2361 828 2547 881 αὐτοῦ
2580 829 2840 896 ἔφαγες-ς
2885 828 3005 880 ἀντὶ
3046 825 3162 890 τοῦ,
3195 826 3257 880 Et
3311 826 3390 896 μὴ
3421 825 3638 886 πάντως

2060 911 2236 963 ἐκεῖνο
2283 911 2568 982 ἐποίησας,
2601 912 2630 964 6
2680 912 2950 965 ἐκώλυσα.
2982 912 3124 982 Ὅρα
3161 909 3277 972 πῶς
3331 909 3530 979 ἐρωτᾷ
3572 908 3639 970 ὡς

2059 993 2300 1061 ἀγνοῶν·
2334 994 2398 1049 El
2429 994 2503 1066 μὴ
2535 993 2595 1059 ἐξ
2623 995 2830 1049 ἐκείνου
2870 993 2965 1047 τοῦ
3004 993 3240 1063 δένδρου,
3273 987 3335 1046 οῦ
3362 990 3637 1044 ἐνετειλάο
3677 1058 3679 1069 4

2063 1094 2169 1146 μην
2200 1093 2281 1130 σοι
2313 1077 2387 1148 μὴ
2420 1078 2635 1147 φαγεῖν,
2666 1078 2889 1147 ἔφαγες.
2922 1077 3031 1132 Καὶ
3073 1076 3236 1147 βλέπε
3261 1077 3356 1130 τοῦ
3397 1076 3551 1129 Θεοῦ
3588 1076 3639 1127 τὸ

2059 1159 2460 1231 φιλάνθρωπον.
2490 1162 2586 1228 Τίς
2610 1179 2710 1216 σοι
2735 1158 2899 1223 εἶπες
2930 1162 3030 1214 Διά
3051 1161 3209 1215 τοῦτο
3236 1159 3522 1230 μακρύνει
3550 1158 3637 1227 τὴν

2058 1240 2295 1311 ὁμιλίαν,
2328 1244 2413 1298 ἵνα
2438 1243 2576 1317 λύσῃ
2597 1244 2689 1297 τὸν
2719 1245 2902 1313 φόϐον,
2936 1258 3031 1298 και
3076 1243 3262 1314 ἐγείρῃ
3293 1241 3634 1313 παρρησίαν.

2072 1325 2300 1379 Ἐνενόει
2354 1327 2463 1399 γάρ
2509 1329 2539 1380 6
2589 1327 2761 1400 Ἀδὰμ
2805 1327 2923 1394 πῶς
2965 1328 3120 1382 οὐδὲν
3173 1326 3439 1396 σκληρὸν.
3493 1324 3635 1377 οὐδὲν

2058 1406 2351 1479 ἀπότομον,
2378 1412 2478 1481 οὐχ
2508 1409 2690 1482 ὐϐρις,
2729 1412 2790 1465 οὐ
2836 1410 3063 1481 πληγαί.
3092 1410 3269 1481 Ἔχεις
3311 1407 3639 1461 διδάσκαλον

2058 1490 2155 1562 τὴν
2184 1492 2493 1565 συνήθειαν.
2527 1494 2723 1559 Δοῦλος
2762 1496 3083 1567 ἁμαρτήσας
3128 1495 3221 1546 ἐὰν
3252 1490 3542 1563 προσέλθῃ
3569 1488 3637 1559 τῷ

2057 1573 2312 1647 δεσπότῃ,
2345 1578 2454 1631 ἀπὸ
2491 1579 2589 1649 τῆς
2624 1580 2845 1650 πρώτης
2870 1579 3053 1650 φωνῆς
3084 1578 3118 1649 ἢ
3157 1577 3375 1649 θάρσος,
3403 1577 3443 1646 ἢ
3478 1576 3637 1644 φάθθν

2057 1655 2342 1728 λαμϐάνει.
2394 1660 2519 1713 Ἐάν
2562 1661 2791 1733 ἄρξηται
2847 1663 3193 1730 ἀγανακτεῖν,
3244 1660 3341 1714 καὶ
3392 1658 3635 1727 κλέπτην

2057 1743 2149 1793 καὶ
2198 1741 2370 1797 δόλιον
2425 1744 2711 1815 ὀνομάζειν
2757 1745 2851 1798 καὶ
2911 1744 3118 1815 μυρίων
3161 1742 3411 1798 θανάτων
3466 1742 3632 1807 ἀξιον.

2058 1823 2392 1895 παραλύεται
2415 1843 2431 1858 ·
2462 1828 2557 1881 ἐάν
2580 1827 2787 1899 ἀκούσῃ
2820 1826 2982 1881 αὐτοῦ
3017 1827 3378 1892 ὀνειδίζοντος,
3424 1825 3633 1890 ’Δθλιε,

2055 1911 2110 1963 τί
2138 1912 2352 1980 ἐγένετό
2386 1930 2469 1966 σοι
2493 1913 2686 1982 τοῦτο;
2726 1914 2814 1968 διά
2858 1914 2912 1968 τί
2953 1915 3199 1985 ἥμαρτες
3219 1932 3242 1980 ;Δ
3280 1913 3499 1977 εὐθέως
3542 1915 3635 1981 ἐφ’

2056 1998 2347 2066 οδιάζεται,
2381 2001 2476 2056 καὶ
2506 2002 2698 2073 θαρρεῖ
2721 2002 2878 2066 τέως·
2903 2002 2967 2055 οὐ
2995 2003 3107 2073 γάρ.
3133 2002 3207 2065 ὡς
3234 2002 3515 2071 δεσπότης
3546 2019 3634 2054 κο-

2056 2086 2226 2152 λάζει,
2249 2087 2361 2142 ἀλλ’
2380 2089 2456 2153 ώς
2481 2089 2798 2154 διδάσκαλος
2821 2088 3078 2144 νουθετεῖ.
3107 2088 3262 2143 Οῦτω
3290 2090 3385 2143 καὶ
3417 2091 3451 2142 6
3484 2088 3630 2151 Θεός·

2062 2176 2159 2241 Τίς
2191 2191 2291 2230 σοι
2334 2171 2504 2231 εἶπεν
2530 2177 2621 2231 ὅτι
2664 2177 2891 2248 γυμνὸς
2916 2173 2991 2241 sl,
3023 2180 3078 2231 εὶ
3111 2177 3196 2246 μὴ
3232 2177 3355 2232 ἀπὸ
3382 2177 3502 2231 τοῦ
3536 2177 3635 2240 ξύ-

2055 2266 2171 2316 λου
2199 2260 2273 2320 οὗ
2306 2264 2694 2335 ἐνετειλάμην
2735 2282 2834 2319 σοι
2872 2264 2958 2335 μὴ
3004 2265 3236 2335 φαγεῖν,
3287 2265 3391 2319 ἀπ’
3447 2262 3629 2318 αὑτοῦ

2055 2351 2311 2421 ἔφαγεςς
2342 2353 2434 2421 Μὴ
2459 2350 2567 2424 γάρ
2592 2352 2758 2405 πολλά
2790 2352 3074 2420 ἐκώλυσα;
3104 2354 3200 2407 Ἐν
3236 2352 3394 2423 μόνον
3426 2352 3629 2405 ἐκώλυ-

2059 2456 2149 2504 σα,
2186 2441 2280 2493 καί⁹
2320 2440 2476 2494 τοῦτο
2530 2442 2593 2494 οὐ
2645 2441 2839 2511 μισῶν,
2876 2441 3009 2497 ἀλλά
3059 2444 3321 2513 προνοῶν.
3385 2442 3494 2507 τίς
3541 2456 3633 2493 σοι

2055 2523 2226 2582 εἶπεν
2253 2528 2341 2582 ὅτι
2372 2530 2597 2598 γυμνὸς
2628 2526 2711 2595 εἷ;
2740 2530 2904 2584 Οὐδέν
2932 2531 3281 2601 ἀναίσχυντον
3306 2525 3494 2594 εἶπεν,
3528 2531 3631 2581 031:

2056 2615 2233 2686 ⁴ᾔδειν·
2289 2615 2423 2671 ἀλλά
2455 2616 2544 2683 τίς
2580 2617 2642 2673 Ἡ
2697 2618 2873 2689 γυνὴ,
2926 2616 3005 2685 ῆν
3042 2616 3266 2682 ἔδωκάς
3296 2636 3426 2686 μοι,
3484 2618 3627 2682 αὕτη

2049 2719 2153 2773 μοι
2186 2703 2389 2769 ἔδωκε,
2440 2705 2540 2758 καὶ
2577 2705 2834 2775 ἔφαγον·
2872 2705 2990 2759 ἀντὶ
3036 2705 3152 2769 τοῦ,
3184 2704 3242 2757 Ἦ
3276 2703 3509 2758 δοθεῖσά
3554 2722 3631 2774 μοι

2057 2791 2193 2862 πρὸς
2252 2790 2520 2863 βοήθειαν.
2565 2795 2811 2847 Ἤκουσα
2872 2794 2979 2865 γάρ
3028 2793 3115 2846 ὅτε
3168 2792 3453 2863 ἐκλάσθην
3508 2792 3630 2861 ἐγὼ,

2056 2879 2237 2950 ἐκείνη
2267 2878 2324 2932 δὲ
2353 2879 2584 2943 οὐδέπω,
2613 2880 2860 2951 λέγοντος
2878 2896 2893 2909 ·
2923 2879 3271 2951 Ποιήσωμεν
3298 2878 3471 2946 αὐτῷ
3494 2883 3630 2948 βοη·

2056 2965 2163 3020 θὸν
2200 2964 2325 3019 κατ’
2371 2968 2576 3021 αὐτόν.
2602 2968 2708 3021 Ἢν
2733 2966 2959 3035 ἔδωκάς
3000 2986 3125 3038 μοι,
3168 2968 3318 3036 αὕτη
3353 2986 3461 3038 μοι
3499 2968 3630 3025 ἐδω-

2056 3069 2184 3132 κεν.
2216 3054 2329 3108 Οὐκ
2368 3049 2543 3117 εἶπεν,
2583 3054 2914 3127 Ἦπάτησεν,
2947 3056 3067 3122 οὐκ,
3109 3055 3431 3127 Ἐψεύσατο·
3474 3057 3629 3121 Αὕτη

2050 3160 2151 3214 μοι
2189 3143 2373 3198 ἔδωκε
2402 3144 2501 3199 καί
2532 3146 2775 3217 ἔφαγον.

2123 3296 2193 3362 η’.
2215 3285 2351 3345 Εἶτά
2367 3308 2531 3363 φησιν
2548 3291 2577 3345 6
2597 3291 2727 3356 Θεός
2739 3309 2755 3325 ·
2773 3292 2879 3346 Καὶ
2897 3292 3061 3365 ἐχρῆν
3078 3309 3137 3346 σε
3164 3294 3389 3364 γυναικὶ
3405 3295 3630 3349 πιστεῦο

2056 3394 2167 3444 σαι,
2195 3379 2289 3432 καὶ
2335 3379 2408 3450 μὴ
2454 3378 2612 3449 ἐμοί;
2645 3379 2741 3433 καὶ
2785 3379 3196 3451 ἀξιοπιστοτέρα
3230 3381 3264 3451 ἠ
3301 3382 3449 3453 γυνὴ
3495 3384 3630 3454 ὑπὲρ

2054 3466 2190 3538 ἐμέ;
2229 3465 2369 3536 Ἐγὼ
2389 3465 2457 3520 τά
2483 3466 2664 3536 ἀγαθά
2700 3467 2927 3532 δέδωκα,
2964 3469 3251 3539 πράγμασι
3282 3486 3345 3523 σε
3370 3471 3625 3543 ἐτίμησα·

2053 3556 2235 3629 ἐκείνη
2268 3559 2505 3630 ῥήμασιν
2547 3557 2814 3613 ἐδελέασε.
2847 3559 2955 3612 Καὶ
2989 3558 3150 3629 βλέπε
3176 3576 3191 3591 ·
3237 3559 3433 3633 ὥσπερ
3478 3562 3627 3615 δικα-

2055 3645 2188 3718 στὴς
2240 3646 2336 3700 ἐὰν
2380 3646 2599 3719 δέξηται
2637 3646 2935 3715 ἀπολογίαν
2974 3646 3067 3701 τοῦ
3094 3636 3497 3720 δικαζομένου,
3541 3650 3629 3703 καὶ

2057 3735 2255 3806 μηκέτι
2285 3734 2513 3806 ἐξετάσῃ
2553 3734 2743 3799 αὐτὸν,
2771 3733 2906 3789 ἀλλά
2953 3736 3158 3809 μεταϐῇ
3190 3738 3282 3790 ἐπὶ
3322 3738 3419 3791 τὸν
3448 3739 3625 3799 ἄλλον,

2053 3823 2254 3884 εὐθέως
2275 3822 2484 3893 θαρρεῖ,
2514 3823 2608 3878 καὶ
2625 3822 2791 3892 λέγει·
2820 3824 2969 3888 Τέως
2999 3824 3109 3893 ἐγὼ
3129 3824 3462 3898 ἐξητάσθην·
3486 3827 3627 3881 οὕτω

2052 3911 2147 3964 καὶ
2173 3910 2202 3962 6
2228 3909 2360 3972 Θεὸς
2390 3909 2702 3981 μεταϐαίνει
2726 3910 2835 3965 ἀπὸ
2858 3910 2953 3967 τοῦ
2970 3912 3157 3984 Ἀδὰμ,
3186 3914 3274 3967 ἴνα
3297 3913 3444 3987 λύσῃ
3462 3915 3623 3972 αὐτοῦ

2052 3999 2143 4051 τὸν
2186 3996 2338 4070 [506]
2384 3997 2567 4068 φόϐον,
2621 3999 2714 4052 καὶ
2762 3999 2909 4069 λέγει
2943 4002 3007 4071 τῇ
3052 4001 3301 4069 γυναικί·
3356 4005 3422 4057 Τί
3454 4004 3623 4058 τοῦτο

2050 4084 2383 4151 ἐποίησας;
2424 4084 2592 4155 Λέγει
2637 4085 2868 4155 ἐκείνη·
2908 4086 2971 4140 '0
3019 4088 3153 4157 ὄφις
3196 4088 3483 4158 ἠπάτησέ
3529 4108 3620 4159 με,

2052 4170 2153 4226 καὶ
2182 4173 2426 4242 ἔφαγον.
2461 4172 2682 4245 Ἐπειδὴ
2712 4173 2847 4237 ὅλως
2875 4174 3049 4245 ἀληθῆ
3083 4171 3253 4240 εἶπεν,
3283 4178 3390 4248 οὐχ
3418 4177 3621 4249 ὑϐρίζει

2049 4260 2150 4332 τῆς
2204 4259 2463 4329 ἀληθείας
2510 4259 2610 4331 τὴν
2661 4261 2979 4329 ἀπολογίαν,
3035 4261 3169 4315 ἀλλά
3221 4265 3622 4337 καταλιμπάνει

2050 4348 2222 4418 αὐτὴν
2249 4346 2620 4413 ἀνεξέταστον.
2649 4350 2761 4403 Οὐκ
2784 4347 2925 4403 εἷπε·
2958 4351 3067 4404 Καὶ
3086 4351 3381 4425 ἐπιστεύθη
3402 4358 3619 4419 ἐκεῖνος,

2050 4436 2215 4507 ἤγουν
2242 4438 2270 4489 6
2301 4436 2443 4506 ὄφις,
2477 4436 2615 4508 ὑπὲρ
2643 4437 2774 4507 ἐμέ;
2824 4438 3214 4508 Ἐπηγγείλατο
3248 4440 3508 4505 ίσοθεῖαν,
3532 4442 3620 4495 καὶ

2051 4522 2378 4594 προεξένησε
2421 4523 2667 4578 θάνατον.
2705 4525 2844 4578 Ἀλλ’
2888 4526 2951 4579 οὐ
2996 4527 3169 4598 κρίνει
3214 4527 3442 4592 εὐθέως,
3490 4530 3620 4583 ἀλλὰ

2053 4611 2249 4683 μᾶλλον
2275 4612 2350 4675 ὡς
2372 4612 2757 4683 ἀσθενεστέρου
2781 4613 3007 4678 σκεύους
3031 4614 3303 4684 ἐφείσατο,
3330 4618 3435 4670 καὶ
3461 4621 3622 4690 χωρεῖ

2050 4699 2143 4752 ἐπὶ
2169 4699 2260 4753 τὸν
2290 4700 2434 4769 δφιν,
2482 4699 2571 4753 ἴνα
2612 4701 2776 4772 πείσῃ
2812 4701 3061 4755 κάκεῖνον
3095 4702 3374 4774 κάκείνην,
3412 4706 3496 4759 δτι
3534 4708 3621 4759 ἐπὶ

2047 4787 2140 4843 τὸν
2170 4788 2341 4842 αἴτιον
2380 4790 2566 4859 χωρεῖ,
2597 4788 2691 4842 καί
2722 4805 2895 4860 φησι·
2925 4789 3045 4843 ’Ότι
3085 4791 3260 4844 τοῦτο
3302 4792 3617 4861 ἐποίησας.

2050 4873 2203 4941 Εἶδες
2235 4876 2547 4948 θαυμαστὸν
2577 4879 2803 4949 κριτήν;
2842 4878 2980 4941 Τοὺς
3008 4880 3385 4949 ἀπατηθέντας
3422 4886 3618 4955 ἐρωτᾷ,

2047 4963 2141 5019 τὸν
2189 4966 2546 5035 ἀπατήσαντα
2605 4965 2706 5017 οὐκ
2756 4965 2955 5037 ἐρωτᾷ.
3022 4966 3096 5019 Οὐ
3146 4966 3293 5033 λέγει
3329 4970 3507 5040 αὐτῷ,
3558 4971 3617 5024 Τί

2048 5052 2347 5124 ἐποίησας;
2396 5052 2535 5114 ἀλλ’,
2597 5052 2831 5119 Ἐπειδὴ
2875 5051 3050 5107 τοῦτο
3095 5052 3416 5122 ἐποίησας.
3468 5059 3618 5111 Κατά

2045 5141 2252 5210 ταύτην
2277 5141 2376 5212 τὴν
2408 5139 2591 5194 εἰκόνα
2629 5139 2791 5194 Δαυῒδ
2815 5138 2983 5209 λέγει.
3019 5142 3143 5195 Οὐκ
3166 5143 3619 5210 ἀναστήσονται

2047 5228 2286 5293 ἀσεϐεῖς
2309 5228 2379 5281 ὲν
2404 5228 2628 5296 κρίσει·
2662 5227 2759 5298 οὐχ
2790 5228 2872 5282 ὅτι
2898 5228 2997 5281 οὐκ
3025 5230 3344 5300 ἐγείρονται,
3383 5234 3501 5286 ἀλλ’
3538 5237 3611 5288 ὅτι

2045 5316 2146 5370 οὐκ
2178 5316 2540 5384 ἐξετάζονται.
2576 5315 2807 5384 Ἐπειδή
2838 5316 3012 5371 τοῦτο
3039 5318 3350 5386 ἐποίησας.
3392 5322 3459 5375 Ἡ
3488 5323 3610 5391 πρὸς

2046 5406 2136 5460 τὸν
2161 5405 2284 5474 ὅφιν
2313 5405 2511 5475 ἀπειλὴ
2555 5402 2813 5474 ἐκούφισε
2852 5403 2952 5468 τὰς
2994 5405 3206 5476 πληγάς
3246 5407 3356 5460 τῶν
3406 5410 3611 5479 imm-

2048 5493 2266 5548 θέντων.
2297 5492 2359 5546 Εἰ
2387 5490 2484 5564 μὴ,
2518 5493 2703 5562 φησὶν,
2734 5490 2927 5562 ἐκείνῳ
2947 5492 2976 5544 6
3004 5492 3137 5556 Θεὸς
3160 5493 3606 5567 ἐπέγραψενόλα,

2044 5583 2144 5637 οὐκ
2171 5582 2238 5636 ἂν
2267 5580 2639 5648 ἀνεξετάστως
2684 5580 2846 5636 αὐτὸν
2877 5581 3110 5652 ἔκρινεν.
3162 5583 3397 5653 Ἐπειδὴ
3444 5588 3610 5644 τοῦτο

2041 5671 2354 5739 ἐποίησας,
2384 5670 2814 5739 ἐπικατὰρατος
2846 5671 2929 5726 σὺ
2955 5671 3074 5726 ἀπὸ
3101 5670 3343 5726 πάντων
3367 5674 3491 5729 τῶν
3517 5680 3607 5741 θη-

2036 5762 2185 5833 ριων
2213 5758 2325 5829 τῆς
2368 5759 2501 5832 τῆς.
2543 5757 2676 5815 Ἐπί
2709 5757 2789 5828 τῷ
2815 5759 3025 5831 στήθει
3050 5761 3151 5819 καὶ
3178 5760 3265 5841 τῇ,
3286 5766 3484 5834 κοιλίᾳ
3510 5777 3609 5821 πο.
