3692 6274
41 287 190 344 495

43 400 136 454 la.
179 402 363 470 Quod
393 417 499 459 non
529 411 648 460 erat
692 405 820 462 fecit
850 447 864 472 ,
915 420 1092 461 annon
1123 417 1328 478 partem
1357 409 1476 479 ejus
1515 409 1690 465 facere

41 493 349 559 poterit?
379 494 617 549 lnstant:
644 505 700 550 at
727 511 1013 566 numquam
1058 499 1199 553 Deus
1229 508 1434 568 partem
1487 501 1692 554 anima-

42 582 132 638 lis
183 586 367 652 facit,
406 586 539 642 nihil
568 587 938 658 imperfectum
961 589 1085 644 facit
1111 591 1269 646 Deus.
1293 592 1454 646 Audit
1474 591 1688 663 pellem,

41 685 117 728 et
151 679 382 746 quierit
406 677 566 732 unde.
610 679 785 733 Audio
807 691 857 733 et
885 695 987 748 ego
1016 681 1327 750 sanguinem
1356 684 1407 735 in
1435 683 1687 754 Atlgyptn,

40 777 116 821 et
150 785 370 838 quaero
394 811 409 836 ,
460 771 598 823 unde
625 775 848 825 mutavit
878 771 1052 826 Nilum
1093 773 1143 827 in
1175 775 1486 841 sanguinem
1513 815 1528 838 ,
1571 790 1689 838 qua:

44 861 362 914 animalia
396 863 670 915 mactavit.
704 861 920 916 Fluvius
969 864 1021 917 in
1062 863 1374 933 sanguinem
1404 871 1642 918 mutatur
1669 905 1684 927 ,

41 959 117 1003 et
163 953 396 1006 nullum
425 960 714 1007 mactatum
741 962 824 1006 est
847 954 1044 1007 animal
1069 971 1084 1019 ;
1115 953 1284 1024 pelles
1312 955 1431 1007 dua:
1451 955 1683 1018 fuerunt,

44 1052 120 1095 et
187 1043 398 1112 quierit
430 1058 492 1096 ex
525 1043 714 1112 quibus
741 1044 1062 1098 animalibus
1094 1044 1346 1098 detracta:
1371 1045 1540 1112 pelles
1570 1044 1685 1099 fue-

43 1135 223 1190 rint.
265 1135 465 1190 Verum
491 1135 597 1190 illic
616 1137 734 1190 sine
759 1135 973 1189 animali
996 1136 1169 1206 pellis.
1202 1137 1432 1190 Attende
1463 1137 1683 1203 seriem,

45 1243 434 1298 quamquam
465 1244 566 1282 vox
596 1229 823 1295 laborat,
849 1237 902 1283 et
932 1243 1027 1283 nos
1053 1229 1174 1299 ipsi.
1221 1231 1291 1283 At
1312 1245 1378 1283 ne
1416 1229 1595 1282 mutila
1618 1230 1687 1283 sit

44 1323 298 1384 oratio,
332 1321 516 1390 paucis
546 1321 719 1376 lenius
743 1321 985 1390 prolatis,
1026 1321 1186 1376 linem
1210 1321 1419 1376 dicendi
1463 1321 1679 1376 faciam.

45 1411 313 1465 Censuit
338 1412 462 1483 folia
505 1412 654 1480 ficus.
687 1412 899 1468 Utinam
932 1413 1168 1468 barretici
1215 1413 1351 1467 hanc
1399 1423 1568 1467 artem
1597 1413 1682 1467 di-

42 1502 378 1558 dicissent!
403 1503 570 1558 Adam
601 1505 982 1573 praevaricatus
1003 1519 1267 1561 consuere
1297 1506 1486 1561 didicit
1521 1523 1534 1559 :
1570 1507 1680 1561 ἢτε-

42 1594 247 1649 retici
276 1595 520 1664 perversi
552 1595 798 1652 scindere
827 1595 1145 1656 didicerunt.
1178 1597 1344 1651 Adam
1385 1607 1682 1667 tranSgres-

41 1697 164 1739 sus
239 1685 496 1750 consuit,
540 1695 598 1739 ut
650 1686 886 1741 verenda
942 1694 1176 1755 tegeret;
1229 1687 1468 1742 lueretici
1517 1687 1676 1742 fidem

39 1785 355 1846 negantes
384 1776 655 1843 scindunt,
679 1786 738 1830 ut
776 1785 962 1832 sancta
1001 1777 1221 1833 nudent.
1247 1776 1401 1848 Saepe
1431 1779 1677 1834 audimus

39 1884 196 1936 quae
227 1868 284 1921 in
301 1882 461 1922 cruce
482 1869 835 1938 contigerunt,
867 1869 1224 1939 miramurque
1237 1869 1527 1939 sumpsisse
1547 1871 1681 1925 mili-

39 1970 149 2015 tes
189 1961 528 2015 vestimenta
555 1958 775 2024 Christi,
811 1967 868 2014 et
889 1960 1155 2025 divisisse,
1185 1961 1469 2031 statimque
1498 1972 1676 2017 mente

39 2052 325 2105 dicimus
356 2068 370 2102 :
403 2050 586 2119 Magna
617 2051 708 2106 Dei
758 2052 1034 2120 patientia,
1063 2052 1204 2121 quod
1251 2069 1358 2107 non
1391 2053 1672 2109 immiserit

39 2143 294 2198 fulmen
319 2185 334 2208 ,
363 2143 502 2212 quod
535 2157 639 2196 non
671 2143 946 2197 strinxerit
970 2143 1228 2213 gladium.
1260 2143 1363 2199 Sed
1389 2152 1673 2199 contume-

39 2237 150 2291 liis
187 2235 540 2290 afﬁciebatur
567 2234 796 2292 Sanctus
820 2277 833 2300 ,
861 2246 913 2291 et
944 2237 1180 2306 profanae
1216 2253 1406 2305 manus
1431 2253 1535 2292 non
1575 2239 1673 2293 ab-

39 2327 512 2383 scindebantur?
537 2327 744 2383 Miraris
786 2329 926 2399 quod
956 2330 1150 2384 milites
1199 2331 1314 2384 ausi
1366 2332 1471 2385 sint
1501 2332 1667 2386 vcsti-

41 2431 268 2476 menta
299 2421 577 2476 dividere?
608 2421 798 2477 Mirare
827 2423 964 2493 quod
997 2423 1050 2477 hi
1078 2425 1450 2479 vestimentum
1484 2427 1670 2481 Eccle-

41 2514 160 2567 sia:
232 2511 568 2566 disciderint.
619 2511 776 2567 Certe
843 2515 1040 2568 milites
1087 2515 1196 2570 visa
1252 2516 1446 2570 Christi
1494 2518 1670 2571 tunica

45 2605 417 2667 inconsutili,
446 2620 474 2658 a
523 2620 732 2660 summo
755 2615 1002 2661 contexta
1053 2621 1147 2676 per
1177 2616 1342 2661 totum
1371 2607 1548 2680 (Joan.
1583 2610 1671 2664 l9.

40 2698 188 2770 25),
253 2696 390 2750 vesti
434 2706 828 2768 pepercerunt;
885 2697 1116 2752 hzcretici
1171 2715 1298 2754 vero
1349 2700 1545 2755 Christi
1575 2715 1671 2756 ve-

45 2801 250 2855 stem,
287 2788 543 2844 Ecclesize
572 2788 940 2844 indumentum
991 2788 1292 2853 sciderunt,
1338 2791 1667 2856 diviserunt,

43 2884 442 2937 dissecaruut.
472 2880 576 2936 Sed
606 2881 671 2935 ad
701 2881 1028 2951 propositum
1058 2892 1411 2936 revertamur.
1462 2883 1670 2937 Consuit

46 2977 201 3045 folia
237 2975 391 3044 ﬁcus.
422 2974 702 3029 Audierant
738 2971 903 3027 Deum
945 2973 1279 3028 ambulantem
1305 3014 1320 3039 ,
1374 2989 1564 3043 nempe
1612 2985 1672 3029 ut

43 3065 270 3120 audire
291 3064 435 3130 licet,
463 3071 510 3117 et
526 3079 579 3117 se
597 3062 960 3116 absconderunt
981 3061 1200 3134 (Gen.3.
1225 3062 1359 3131 7.8).
1395 3063 1562 3119 Proba
1589 3073 1671 3118 est

45 3167 271 3212 natura
307 3172 322 3207 ε
351 3155 450 3209 etsi
496 3155 764 3210 sexcentis
793 3156 1024 3224 peccatis
1076 3155 1242 3210 simus
1271 3155 1508 3220 obnoxii,
1539 3169 1670 3210 con-

44 3248 307 3304 scientia
363 3254 540 3301 nostra
569 3247 731 3313 libera
774 3256 876 3302 est.
909 3247 1180 3303 Interdum
1211 3248 1356 3302 frons
1386 3247 1666 3317 impudens

47 3353 170 3407 est,
211 3349 273 3394 et
301 3339 627 3394 conscientia
654 3339 846 3408 arguit.
876 3339 1143 3394 Interdum
1194 3339 1368 3408 lingua
1396 3339 1502 3393 ait:
1529 3339 1664 3405 Quid

49 3435 223 3489 eiiiin
255 3433 518 3501 peccavi?
541 3439 594 3486 et
619 3430 946 3485 conscientia
974 3431 1114 3484 intus
1136 3429 1495 3500 reprehendit.
1520 3428 1663 3484 Sim-

50 3525 410 3598 plicissimus
431 3532 485 3579 et
514 3523 756 3577 sincerus
777 3534 894 3576 erat
918 3521 1082 3576 Adam
1116 3540 1129 3576 :
1155 3523 1320 3577 libere
1366 3521 1665 3577 confiteba-

51 3631 173 3672 tur.
217 3615 362 3670 Deus
385 3615 492 3668 ait:
519 3613 617 3669 Ubi
641 3614 736 3668 es?
758 3613 902 3668 Multi
932 3615 1015 3682 pie
1052 3613 1226 3668 locum
1256 3613 1664 3669 intelleXerunt:

46 3715 291 3780 oportet
323 3716 496 3759 tamen
533 3713 778 3760 accurate
805 3706 1087 3775 inspicere.
1120 3705 1334 3760 Illorum
1377 3721 1533 3762 sensa
1561 3705 1658 3760 ad-

29 3803 234 3865 ,mitto
260 3807 448 3867 utpote
475 3798 559 3867 pia
585 3815 599 3863 ;
630 3808 684 3852 et
716 3797 831 3852 haec
860 3797 978 3852 dico
1004 3797 1143 3866 quod
1169 3813 1294 3852 vera
1316 3797 1442 3852 sint.
1474 3798 1660 3862 Adam,

46 3896 151 3949 ubi
182 3894 289 3947 es?
321 3891 514 3947 Unde?
541 3907 646 3961 quo
691 3890 1056 3944 descendisti?
1091 3906 1154 3946 ex
1181 3905 1282 3961 qua
1313 3890 1478 3960 gloria
1521 3892 1667 3945 exci-

50 3986 244 4043 disti?
282 3983 521 4038 Admitte
563 3982 698 4038 hanc
743 3983 1128 4051 expositionem
1179 3991 1236 4036 ut
1279 3984 1438 4052 piam.
1498 3983 1666 4037 liabet

49 4085 223 4135 enim
253 4086 310 4132 et
337 4077 446 4132 veri
476 4078 728 4146 speciem,
761 4086 814 4130 et
842 4076 1144 4130 miserantis
1177 4075 1441 4130 elTectum.
1473 4077 1542 4129 At
1580 4092 1667 4128 se-

51 4179 213 4230 riem
248 4185 451 4240 quzcro.
485 4168 670 4233 Adam,
703 4168 788 4221 ubi
832 4168 926 4222 es?
966 4168 1258 4237 lnterrogat
1299 4169 1456 4223 Deus.
1490 4167 1668 4221 Nove-

45 4277 170 4330 rat,
203 4273 270 4321 ut
293 4261 492 4332 opifex,
524 4263 716 4331 opilicii
765 4273 1004 4316 naturam
1039 4261 1178 4329 quod
1207 4262 1443 4332 quisquis
1473 4276 1664 4332 pecca-

56 4357 247 4422 verit,
285 4353 532 4408 liduciam
557 4354 794 4419 amittat,
818 4354 1062 4424 quodque
1089 4362 1412 4407 consuautur
1436 4369 1664 4423 peccau-

52 4453 208 4503 tium
239 4461 357 4499 ora.
389 4444 859 4499 Animadvertebat
888 4444 1006 4498 ideo
1033 4443 1253 4514 fugisse,
1283 4445 1421 4514 Quod
1466 4445 1659 4499 fiducia

47 4546 309 4596 careret.
341 4535 540 4591 Servus
582 4545 689 4589 tum
717 4537 952 4589 maxime
981 4537 1168 4589 anxius
1195 4543 1297 4601 est,
1320 4550 1442 4590 eum
1473 4551 1660 4591 sense-

48 4636 123 4688 rit
161 4629 364 4683 hermn
394 4634 624 4696 peractae
669 4627 744 4680 rei
776 4641 996 4696 gnarum
1025 4640 1146 4680 esse
1192 4642 1204 4677 :
1238 4626 1489 4695 quamdiu
1520 4628 1662 4696 igno-

48 4734 142 4780 rat
199 4721 389 4783 herus,
419 4718 650 4788 seipsnm
702 4717 1024 4784 consolatur,
1056 4725 1112 4771 ut
1151 4718 1238 4786 qui
1272 4718 1434 4772 latere
1460 4719 1659 4789 possit.

49 4817 248 4874 Adam
297 4811 532 4881 fugiebat
579 4819 636 4864 ut
675 4809 1080 4879 deprehensus:
1114 4809 1254 4863 Deus
1313 4810 1662 4879 ignorantiam

49 4904 408 4967 simulabat,
436 4911 494 4955 ut
521 4914 717 4956 metum
749 4901 865 4968 ejus
912 4900 1182 4965 solveret;
1213 4909 1268 4953 ut
1315 4914 1412 4952 nos
1436 4900 1663 4954 dicimus

48 5005 123 5058 de
155 4999 381 5052 amico:
417 4995 663 5062 Ignorare
692 5008 777 5047 me
821 4993 1062 5046 simulavi
1089 5034 1102 5057 ,
1151 5007 1218 5046 ne
1266 4991 1339 5045 illi
1368 4992 1664 5045 molestiam

48 5105 339 5150 crcarem.
376 5088 498 5142 llzec
518 5087 658 5141 cnim
691 5102 832 5155 saepe
856 5085 992 5154 apud
1026 5100 1122 5138 nos
1149 5085 1487 5154 contingunt.
1513 5083 1665 5151 Quod

50 5190 98 5243 si
134 5181 291 5254 apud
327 5198 422 5234 nos
446 5181 558 5233 lucc
593 5177 878 5243 accidunt,
913 5177 1077 5230 multo
1125 5177 1291 5246 magis
1333 5177 1470 5244 apud
1497 5177 1663 5230 Deum

49 5273 580 5333 clementissimum.
638 5269 840 5334 Adam,
871 5269 1072 5322 abies?
1098 5284 1161 5323 ac
1201 5270 1244 5322 si
1299 5268 1525 5331 diceret,
1565 5267 1669 5323 Nc-

49 5371 206 5424 scio.
241 5363 380 5417 'htm
412 5363 519 5416 Deo
550 5375 605 5414 se
629 5362 832 5415 nescire
860 5359 1162 5424 simulaute,
1196 5361 1390 5429 probus
1421 5361 1664 5430 liberque

51 5462 288 5516 animus
314 5468 416 5507 non
442 5453 634 5512 celavit
667 5470 680 5506 :
732 5452 912 5505 Vocem
935 5462 1072 5505 tuam
1099 5453 1270 5505 audivi
1299 5461 1344 5505 et
1385 5453 1568 5518 timui,
1598 5468 1656 5506 eo

51 5551 208 5623 quod
235 5547 404 5603 nudus
431 5564 607 5608 essem,
640 5556 687 5600 et
727 5563 806 5600 me
837 5547 1078 5600 abscondi
1107 5545 1125 5616 (
1152 5544 1278 5598 Gen.
1309 5545 1361 5598 '5.
1393 5545 1504 5616 10).
1558 5545 1666 5600 Cur

54 5638 350 5704 timuisti?
375 5654 471 5693 cur
509 5647 560 5692 te
587 5636 952 5692 abscondisti?
977 5636 1150 5690 Timui
1181 5636 1252 5690 ob
1289 5637 1668 5708 transgressio-

57 5749 200 5798 nem
233 5747 250 5788 :
282 5745 370 5787 me
395 5729 646 5786 abscondi
689 5728 759 5783 ob
790 5728 1102 5785 nuditatem.
1135 5726 1272 5785 Vere
1296 5737 1663 5802 transgresso-

1150 295 1237 352 DE
1275 296 1483 353 MUNDI
1522 296 1916 354 CREATIONE
1954 297 2210 356 ORATIO
2247 300 2332 355 Vl.

3275 311 3378 369 ωδ

1803 411 1877 464 ris
1907 425 2008 466 vox
2029 411 2295 483 lacrymas
2340 422 2536 470 movet.
2591 415 2774 472 Vocem
2820 425 2964 472 tuam
3001 419 3196 487 audivi,
3231 423 3376 479 illam

1799 500 2228 568 desiderabilem,
2256 503 2398 559 illam
2426 521 2545 576 quae
2588 506 2715 562 mihi
2753 511 2928 564 omnia
2954 510 3139 581 largita
3169 521 3272 579 est,
3304 513 3374 568 il-

1797 591 1900 645 lam
1929 608 2044 662 qua:
2074 593 2204 648 mibi
2250 593 2384 649 bona
2414 599 2638 652 contulit
2686 609 2741 654 et
2769 610 2985 669 operata
3031 611 3133 658 e~t.
3185 605 3375 660 Audivi

1795 699 1963 736 vocem
1994 695 2152 737 tuam.
2195 685 2430 757 Cogitavi
2462 689 2670 757 qualem
2719 706 2903 745 vocem
2953 694 3171 763 respui,
3217 712 3375 766 quam

1794 789 1978 830 vocem
2031 775 2294 844 despexi:
2329 788 2382 831 et
2429 779 2600 845 timui,
2647 782 2769 834 talis
2823 781 3035 836 Domini
3066 787 3372 841 mandatum

1795 877 2182 938 transgressus,
2217 880 2271 925 et
2315 885 2402 926 me
2427 873 2703 937 abscondi,
2740 889 2804 926 eo
2833 875 2972 944 quod
3031 876 3202 931 nudus
3244 879 3367 932 sim.

1793 960 2002 1014 Exinde
2028 961 2166 1016 Deus
2206 977 2428 1018 monere
2457 965 2661 1033 pergit:
2689 966 2815 1032 Quis
2843 968 3080 1022 indicavit
3119 971 3206 1024 tibi
3233 972 3370 1037 quod

1792 1051 1960 1105 nudus
1989 1068 2138 1112 esses,
2171 1054 2270 1106 nisi
2296 1055 2429 1122 quod
2455 1071 2516 1108 ex
2542 1056 2680 1125 ligno
2721 1058 2784 1110 de
2819 1074 2916 1123 quo
2964 1065 3073 1114 solo
3121 1077 3368 1130 pra'cepe-

1789 1156 1905 1193 ram
1933 1141 2024 1194 tibi
2066 1157 2128 1194 ne
2152 1144 2436 1198 comederes
2460 1185 2474 1209 ,
2528 1147 2790 1200 comedisti
2819 1147 2967 1219 (Gen.
3006 1150 3058 1206 3.
3103 1151 3236 1221 ll)?
3267 1152 3366 1209 hoc

1789 1240 1889 1293 est,
1919 1231 2026 1286 Nisi
2056 1233 2209 1300 plane
2241 1235 2340 1287 hoc
2364 1235 2599 1302 fecisses,
2631 1238 2768 1305 quod
2800 1239 3206 1306 prohibueram?
3235 1243 3366 1298 Vide

1788 1323 2058 1390 quomodo
2082 1325 2380 1378 sciscitatur
2406 1339 2471 1378 ac
2499 1326 2542 1380 si
2575 1327 2803 1382 nesciret
2827 1346 2841 1383 :
2863 1329 2970 1383 Nisi
3011 1331 3150 1400 quod
3181 1346 3244 1385 ex
3277 1332 3363 1385 illa

1775 1413 1996 1490 arbore,
2024 1413 2092 1468 de
2118 1429 2222 1483 qua
2253 1429 2605 1484 praeceperam
2638 1416 2728 1471 tibi
2758 1434 2824 1472 ne
2859 1420 3188 1486 comederes,
3216 1436 3365 1475 com-

1783 1502 1968 1556 edisti?
1993 1505 2060 1557 At
2099 1504 2217 1558 vide
2245 1504 2335 1559 Dei
2368 1505 2761 1575 benignitatem.
2803 1508 2926 1574 Quis
2948 1510 3185 1564 indicavit
3227 1512 3359 1566 tibif

1792 1593 1917 1650 ldeo
1941 1596 2263 1667 colloquium
2292 1597 2554 1673 producit,
2579 1606 2636 1652 ut
2661 1609 2859 1653 metum
2888 1600 3098 1667 solvat,
3141 1611 3196 1656 et
3223 1601 3362 1656 fidu-

1783 1687 1919 1740 ciam
1947 1689 2158 1741 excitet.
2191 1686 2468 1758 Cogitabat
2493 1689 2632 1744 enim
2662 1689 2830 1744 Adam
2863 1692 2992 1746 nihil
3037 1694 3105 1747 ibi
3143 1693 3359 1759 durum,

1785 1779 1918 1833 nihil
1957 1795 2203 1849 asperum
2251 1795 2401 1846 esse,
2449 1797 2553 1835 non
2581 1783 2960 1837 contumeliam
2981 1825 2996 1851 ,
3026 1800 3128 1838 non
3159 1786 3362 1855 plagas.

1783 1867 1958 1924 Habes
2007 1869 2310 1939 magistram
2336 1872 2794 1927 consuetudinem.
2819 1873 3015 1928 Servus
3039 1875 3128 1944 qui
3173 1890 3360 1944 peccaa

1781 1961 1876 2024 vit,
1903 1961 1947 2014 si
1979 1959 2168 2015 herum
2185 1960 2359 2026 adeat,
2391 1977 2420 2015 a
2449 1963 2614 2030 prima
2647 1978 2780 2018 voce
2827 1973 2918 2017 aut
2968 1963 3213 2019 liduciam
3266 1974 3358 2020 aut

1784 2064 1985 2109 metum
2016 2055 2260 2109 assumit.
2296 2053 2350 2109 Si
2381 2054 2468 2109 ille
2494 2055 2753 2126 indignari
2786 2057 3012 2125 coeperit
3032 2098 3046 2123 ,
3077 2055 3358 2126 furemquo

1779 2145 1951 2209 illum,
1985 2144 2399 2208 fraudulentum,
2431 2145 2678 2216 milleque
2703 2147 2966 2201 mortibus
3003 2146 3220 2217 dignum
3257 2162 3354 2215 ap-

1777 2236 2004 2306 pellarit,
2037 2238 2215 2290 animo
2243 2236 2455 2303 delicit;
2488 2238 2568 2292 sin
2615 2237 2760 2291 illum
2813 2238 3224 2308 exprobranlem
3254 2253 3354 2292 au-

1775 2330 1906 2395 diat,
1935 2329 2113 2391 Miser.
2145 2344 2245 2384 cur
2272 2330 2372 2384 hoc
2402 2331 2609 2386 fecisti?
2643 2346 2737 2385 cur
2763 2330 3036 2400 peccasti?
3065 2331 3242 2384 statim
3270 2345 3356 2383 re-

1776 2430 1996 2489 sumpto
2025 2421 2206 2476 animo
2234 2420 2456 2475 conlidit
2483 2438 2495 2474 :
2523 2436 2693 2490 neque
2733 2421 2876 2475 enim
2902 2431 2958 2475 ut
2989 2420 3150 2474 herus
3182 2421 3352 2490 punit,

1776 2512 1868 2568 sed
1897 2523 1952 2566 ut
1979 2514 2233 2583 magister
2259 2522 2460 2567 monet.
2483 2510 2572 2568 Sic
2602 2513 2741 2567 Deus
2764 2531 2778 2566 :
2805 2512 2930 2580 Quis
2947 2511 3076 2566 dixit
3105 2511 3190 2566 tibi
3221 2513 3352 2582 quod

1779 2603 1947 2657 nudus
1974 2620 2126 2670 esses,
2165 2604 2263 2657 nisi
2290 2604 2424 2674 quod
2450 2603 2513 2657 de
2559 2603 2729 2674 ligno,
2764 2604 2827 2658 de
2869 2620 2968 2673 quo
3015 2619 3349 2674 praceperam

1775 2696 1866 2749 tibi
1892 2713 1954 2749 ne
1999 2697 2303 2763 comederes,
2351 2696 2611 2750 comedisti
2633 2695 2660 2750 ἵ
2697 2695 2833 2750 Num
2868 2696 3030 2750 multa
3059 2696 3348 2766 prohibui?

1780 2787 1952 2843 Unum
1983 2788 2228 2858 prohibui
2255 2831 2268 2851 ,
2313 2788 2470 2858 idque
2517 2804 2620 2842 non
2661 2789 2734 2842 tui
2760 2788 2904 2854 odio,
2945 2788 3037 2844 sed
3083 2789 3223 2860 quod
3257 2789 3350 2843 tibi

1776 2883 2159 2950 prOSpiceretn.
2205 2881 2329 2948 Quis
2359 2882 2446 2934 tibi
2473 2882 2748 2944 indicavit,
2792 2881 2928 2951 quod
2973 2882 3139 2936 nudus
3176 2881 3354 2936 esses!

1772 2971 1914 3026 Nihil
1947 2972 2280 3041 impudenter
2311 2973 2584 3043 respondit
2613 2991 2626 3027 :
2658 2988 2765 3027 non
2795 2973 2963 3039 dixit,
3011 2973 3347 3034 Nesciebam.

1771 3064 1907 3130 Quid
1947 3064 2116 3134 ergo?
2161 3062 2384 3129 Mulier,
2425 3081 2575 3136 quant
2634 3064 2818 3118 dedisti
2861 3065 3016 3130 mibi,
3059 3065 3166 3118 Itwc
3210 3064 3350 3118 dedit

1771 3157 1916 3223 milii,
1943 3166 1989 3210 et
2009 3157 2200 3210 comedi
2223 3155 2375 3226 (Gen.
2405 3158 2458 3211 5.
2484 3156 2600 3222 12);
2625 3171 2688 3211 ac
2716 3159 2758 3210 si
2784 3156 3005 3222 (liceret,
3051 3159 3180 3220 Quae
3225 3155 3346 3209 data

1773 3249 1901 3303 mihi
1933 3257 2080 3313 erat,
2112 3259 2166 3302 ut
2192 3249 2488 3317 adjuvarct.
2542 3249 2733 3304 Audivi
2768 3249 2908 3303 enim
2940 3263 3060 3303 cum
3091 3247 3350 3302 formatus

1770 3357 1945 3396 essem
1971 3382 1985 3405 ,
2033 3351 2087 3396 ct
2114 3342 2197 3396 illa
2241 3342 2472 3396 nonduin
2521 3350 2702 3405 esset,
2729 3341 2994 3395 dicentem
3027 3358 3041 3394 :
3076 3339 3350 3394 Faciamus

1771 3433 1848 3487 illi
1895 3435 2178 3506 adjutorem
2203 3435 2418 3487 similem
2445 3435 2490 3489 ei
2517 3432 2670 3506 (Gen.
2699 3433 2754 3487 2.
2786 3435 2898 3502 l3).
2935 3432 3060 3487 Haec
3079 3448 3229 3504 quam
3257 3432 3348 3486 de-

1770 3526 1892 3578 disti
1918 3527 2062 3590 mihi,
2095 3527 2232 3579 dedit
2270 3527 2415 3580 milii.
2440 3526 2552 3582 Non
2582 3525 2735 3593 dixit,
2771 3526 3008 3596 Decepit,
3043 3541 3168 3591 non,
3201 3524 3349 3580 Men-

1771 3619 1864 3672 tita
1896 3629 1971 3673 est
2002 3638 2014 3673 :
2059 3617 2182 3672 Hcce
2202 3619 2326 3672 mihi
2346 3618 2502 3679 dedit,
2525 3628 2570 3672 et
2594 3619 2807 3673 comedi.

1842 3713 1895 3766 8.
1941 3711 2076 3766 Tum
2110 3711 2599 3781 Deus:0portebat
2633 3720 2684 3765 te
2739 3710 2890 3764 uxori
2941 3709 3164 3766 credere
3188 3750 3203 3774 ,
3241 3722 3347 3764 non

1771 3803 1940 3856 mihi?
1971 3819 2094 3856 num
2121 3802 2222 3856 [ide
2250 3801 2462 3871 dignior
2484 3817 2568 3855 me
2595 3801 2830 3855 mulier’
2857 3801 2968 3869 Ego
2991 3799 3127 3854 bona
3162 3799 3344 3864 tribui,

1769 3909 1870 3962 ego
1902 3903 1951 3948 te
1972 3894 2130 3948 rebus
2159 3893 2288 3962 ipsis
2311 3891 2565 3946 honoravi
2596 3909 2610 3946 :
2645 3893 2731 3945 illa
2776 3891 2952 3946 verbis
2979 3890 3253 3944 inescavit.
3283 3891 3350 3943 Et

1770 3986 1892 4039 vide
1917 4003 1929 4038 :
1963 3993 2020 4037 ut
2063 3985 2226 4053 judex
2255 3992 2472 4054 accepta
2502 3985 2848 4038 excusatione
2873 3982 2973 4047 rei,
3002 3983 3045 4034 si
3074 3997 3180 4035 non
3211 3982 3347 4034 ultra

1769 4074 2155 4129 examinaverit
2181 4074 2350 4134 illum,
2397 4073 2492 4128 sed
2522 4074 2792 4128 transierit
2817 4073 2880 4126 ad
2931 4073 3094 4126 alium
3120 4113 3136 4139 ,
3164 4072 3344 4126 statim

1770 4181 1894 4221 rcus
1924 4181 2043 4220 cum
2076 4164 2264 4219 ﬁducia
2293 4164 2440 4231 dicit,
2473 4163 2691 4218 Interim
2735 4179 2834 4234 ego
2887 4178 3109 4218 examen
3159 4162 3295 4216 subii
3325 4179 3342 4215 :

1769 4259 1845 4313 sic
1876 4267 1929 4312 et
1952 4258 2091 4312 Deus
2120 4257 2186 4311 ab
2217 4257 2418 4311 Adamo
2440 4257 2648 4322 transit,
2681 4266 2740 4310 ut
2769 4258 2884 4322 ejus
2905 4265 3102 4310 metum
3133 4255 3338 4318 solvat,

1768 4361 1822 4404 et
1855 4349 2061 4403 mulieri
2090 4349 2238 4413 dicit,
2272 4348 2375 4402 Cur
2391 4348 2486 4402 hoc
2516 4349 2724 4418 fecisti?
2750 4348 2878 4412 Quae
2894 4347 3154 4417 respondit
3176 4361 3196 4400 :
3223 4345 3347 4400 Ser-

1768 4459 1890 4513 pens
1917 4441 2115 4496 seduxit
2163 4457 2272 4506 me,
2313 4450 2358 4495 et
2383 4441 2576 4494 comedi
2609 4439 2761 4510 (Gen.
2791 4439 2845 4494 3.
2877 4439 2989 4510 15).
3039 4438 3170 4504 Quia
3221 4450 3348 4492 vera

1767 4534 1920 4596 dixit,
1945 4547 2124 4587 veram
2173 4532 2314 4587 Deus
2343 4531 2710 4586 defensionem
2765 4544 2872 4585 non
2913 4530 3218 4599 vituperat,
3249 4525 3344 4582 sed

1771 4628 1887 4682 sine
1917 4625 2153 4681 ulteriori
2183 4626 2429 4680 examine
2451 4624 2703 4695 relinquit
2723 4638 2861 4678 eam.
2899 4623 3010 4677 Non
3042 4622 3175 4676 dixit
3204 4638 3220 4675 τ
3249 4621 3347 4674 Er-

1768 4734 1904 4788 gone
1931 4718 2017 4772 ille
2042 4759 2057 4784 ,
2091 4717 2294 4771 scilicet
2321 4731 2543 4785 serpens
2569 4755 2584 4779 ,
2624 4729 2713 4769 me
2751 4714 2855 4768 ﬁde
2904 4713 3110 4783 dignior
3137 4711 3348 4764 habitus

1769 4810 1892 4865 est?
1919 4809 2170 4863 Promisit
2195 4807 2552 4877 aequalitatem
2585 4819 2704 4859 cum
2738 4805 2868 4870 Deo,
2893 4813 2946 4858 et
2973 4810 3197 4858 mortem
3223 4815 3348 4871 pro-

1769 4903 1994 4959 curavit.
2026 4900 2225 4956 Verum
2254 4916 2358 4954 non
2384 4899 2564 4953 statim
2609 4897 2836 4968 judicat,
2869 4896 2964 4951 sed
2999 4895 3046 4950 ei
3096 4904 3155 4947 ut
3194 4893 3345 4948 inﬁr-

1771 4995 1926 5050 miori
1957 4995 2067 5048 vasi
2099 4994 2266 5063 magis
2293 4993 2531 5062 pepercit
2556 5008 2570 5056 ;
2601 4998 3012 5058 serpentemquc
3041 4986 3242 5050 adivit,
3291 4993 3350 5040 ut

1770 5095 1824 5141 et
1849 5086 1964 5139 viro
1992 5095 2046 5140 et
2071 5084 2281 5138 mulieri
2310 5081 2678 5153 persuaderet,
2709 5095 2766 5134 se
2782 5090 3054 5134 auctorem
3079 5077 3346 5131 aditurum

1771 5192 1930 5242 esse;
1963 5176 2163 5245 aitque,
2192 5174 2322 5240 Quia
2347 5174 2440 5226 hoc
2465 5173 2643 5243 fecisti.
2675 5171 2857 5226 Viden‘
2873 5172 3064 5225 mirum
3094 5170 3350 5240 judiccm?

1774 5268 2038 5338 Deceptos
2068 5268 2378 5335 interrogat,
2401 5265 2742 5335 deceptorem
2766 5279 2940 5319 secus.
2963 5263 3078 5318 Non
3105 5265 3151 5316 ei
3174 5263 3304 5316 dicit
3333 5300 3349 5324 ,

1771 5360 1906 5428 Quid
1951 5359 2315 5424 fecisti?sed,
2369 5358 2504 5423 Quia
2561 5359 2655 5411 hoc
2704 5359 2887 5430 fecisti.
2939 5356 3136 5411 Eodem
3193 5355 3351 5408 modo

1771 5451 1936 5507 David
1963 5452 2091 5506 dicit
2116 5493 2130 5516 ,
2167 5449 2288 5504 Non
2313 5461 2572 5518 resurgent
2620 5451 2767 5519 impii
2791 5449 3056 5518 iujudicio
3088 5447 3261 5519 (Psal.
3290 5449 3341 5502 l.

1773 5545 1864 5614 5);
1894 5558 1999 5598 non
2028 5543 2150 5614 quia
2178 5557 2283 5596 non
2318 5550 2600 5612 resurgent
2623 5581 2637 5603 .
2683 5540 2777 5595 sed
2804 5539 3056 5609 quianon
3083 5539 3353 5595 examina-

1773 5635 1990 5689 buutur.
2031 5633 2162 5699 Quia
2187 5635 2282 5686 hoc
2309 5634 2494 5703 fecisti.
2529 5631 2730 5686 lnllicta
2764 5632 2997 5698 serpenti
3055 5645 3230 5701 poena,
3254 5646 3350 5685 eo-

1775 5744 1894 5784 rum
1923 5744 2054 5800 quos
2080 5728 2363 5786 scduxerat
2392 5741 2574 5800 plenas
2602 5726 2833 5782 leviores
2857 5724 3052 5782 clIccit.
3096 5725 3230 5794 Nisi,
3275 5726 3352 5801 iu,-
