3672 6268
380 325 485 381 195

379 439 512 508 quit,
550 436 686 490 Deus
709 432 886 488 omnia
916 432 989 488 illi
1013 429 1401 500 adscripsisset,
1423 441 1527 481 non
1549 426 1665 481 sine
1700 428 1946 485 examino

383 528 702 583 sententiam
734 526 958 579 tulisset.
985 523 1117 590 Quia
1142 523 1237 575 hoc
1263 522 1439 591 fecisti,
1464 519 1759 573 maledictus
1780 535 1831 572 es
1861 535 1949 571 su-

383 636 472 689 per
490 633 659 671 omnes
685 618 867 671 bestias
893 625 1063 670 terra.
1092 614 1260 682 Super
1282 620 1453 681 pectus
1482 621 1623 663 tuum
1659 620 1702 663 et
1732 619 1949 663 ventrem

378 710 624 780 gradieris
674 702 821 770 (Gen.
850 703 902 757 3.
939 702 1044 771 14).
1073 702 1214 768 Quia
1241 701 1338 753 hoc
1373 701 1545 770 fecisti
1583 700 1743 767 :quia
1786 697 1949 752 corde

376 800 563 869 cepisti
590 840 605 862 ,
642 811 705 851 ac
746 795 917 851 ventri
944 804 1002 848 ut
1028 793 1205 848 cibum
1233 799 1469 863 gustaret
1494 790 1730 854 suasisti,
1777 789 1948 857 Super

378 901 548 959 pectus
591 900 638 942 et
688 897 903 941 uentrem
929 883 1199 955 gradieris.
1247 882 1363 937 Non
1388 881 1528 951 quod
1577 890 1701 935 ante
1727 881 1949 949 pedibus

374 982 446 1034 sit
474 994 621 1041 usus.
643 977 883 1032 decernit
907 976 1047 1030 Deus
1085 985 1139 1028 ut
1170 989 1329 1043 super
1355 982 1598 1029 ventrem
1640 973 1944 1042 gradiatur,

375 1072 467 1125 sed
487 1072 606 1140 quia
634 1080 843 1125 erectus
867 1047 1141 1122 mulierem
1168 1068 1470 1135 alloquutus
1494 1075 1626 1122 erat.
1658 1065 1770 1120 Non
1801 1066 1943 1120 enim

377 1172 582 1230 poterat
606 1163 710 1217 alio
729 1160 887 1215 modo
907 1174 1027 1213 cum
1044 1158 1155 1212 Eva
1181 1157 1501 1225 colloquium
1530 1158 1778 1211 miscere.
1798 1156 1948 1209 Allo-

374 1253 567 1322 quendi
601 1252 855 1313 formam,
876 1265 978 1320 qua
1007 1250 1168 1304 Evam
1198 1248 1500 1311 seduxerat,
1541 1246 1821 1316 gradiendi
1851 1259 1944 1299 su-

380 1360 474 1414 per
500 1352 683 1413 pectus
724 1356 878 1412 poma
905 1340 1158 1410 castigat,
1189 1348 1242 1392 et
1268 1355 1297 1392 a
1327 1339 1615 1392 constituto
1659 1334 1941 1391 incedendi

375 1434 534 1489 modo
556 1434 719 1503 cjicit.
746 1433 857 1487 Etsi
883 1432 1023 1485 enim
1055 1430 1172 1485 sine
1200 1430 1423 1498 pedibus
1460 1443 1487 1480 a
1540 1428 1799 1497 principio
1832 1426 1941 1480 for-

374 1535 547 1580 matus
574 1534 728 1590 erat,
767 1533 822 1577 at
849 1523 1072 1593 agilibus
1121 1520 1436 1591 quibusdam
1480 1519 1941 1574 convolutionibus

370 1628 601 1681 erectus,
622 1628 843 1673 extenso
866 1625 1081 1683 pectore
1104 1614 1251 1683 quasi
1284 1611 1573 1682 equitabat.
1605 1610 1752 1667 Unde
1777 1612 1937 1666 etiam

374 1724 514 1762 nunc
539 1722 761 1775 serpens
783 1706 947 1759 iratus
973 1720 1118 1773 saepe
1144 1704 1374 1771 seipsum
1396 1702 1572 1771 erigit,
1606 1710 1660 1755 ct
1688 1702 1740 1754 in
1769 1701 1941 1755 circu-

370 1800 475 1853 lum
493 1799 806 1853 convolutus
820 1798 1014 1850 currit:
1037 1809 1346 1864 progressus
1358 1802 1529 1847 autem
1543 1802 1792 1862 quantum
1810 1792 1938 1846 satis

371 1899 476 1954 est,
507 1899 562 1943 ut
581 1889 780 1958 antiqui
802 1902 1013 1958 gressus
1041 1886 1255 1940 refricet
1276 1885 1607 1949 memoriam,
1637 1897 1847 1936 rursum
1872 1898 1938 1937 ex

366 1980 643 2035 sententiae
663 1980 777 2049 lege
803 1978 1173 2048 prosternitur.
1206 1976 1269 2030 Et
1295 1986 1475 2029 terram
1504 1974 1727 2029 comedes
1745 1975 1938 2027 cunctis

367 2072 538 2128 diebus
567 2073 681 2126 vita:
712 2081 829 2125 tua’.
851 2070 1151 2124 Inimicitias
1178 2086 1359 2139 ponam
1387 2069 1515 2122 inter
1543 2078 1588 2121 te
1612 2077 1657 2120 et
1679 2067 1938 2120 mulierem

368 2164 521 2233 (Gen.
544 2164 598 2217 ὅ.
620 2162 729 2235 15).
754 2162 890 2229 Quid
916 2163 1015 2217 sibi
1043 2163 1173 2227 vult,
1199 2160 1407 2215 Terram
1431 2162 1653 2214 comedes
1670 2160 1695 2212 ?
1720 2159 1773 2215 ιιι
1796 2158 1936 2229 quod

368 2255 628 2309 Adamum
650 2255 763 2309 fore
784 2254 1077 2323 procurasti
1104 2295 1119 2320 ,
1148 2254 1249 2308 hoc
1286 2254 1460 2323 ipsum
1499 2251 1740 2307 comede.
1773 2252 1939 2307 Audi-

368 2357 521 2400 tnrus
547 2346 688 2400 enim
715 2346 803 2401 ille
829 2355 913 2401 est
942 2362 955 2398 :
991 2344 1149 2399 Terra
1168 2362 1241 2409 es,
1279 2346 1399 2399 etin
1428 2354 1611 2398 terram
1651 2346 1953 2399 reverteris-

369 2437 667 2490 Inimicitias
700 2452 880 2507 ponam
900 2437 1029 2490 inter
1055 2445 1104 2491 te
1136 2446 1182 2489 et
1208 2436 1464 2489 mulierem
1514 2434 1663 2507 (Gen.
1716 2435 1769 2491 ὅ.
1822 2436 1929 2502 19).

367 2532 499 2599 Quia
527 2532 769 2585 simulata
810 2530 1047 2584 amicitia
1073 2528 1353 2593 seduxisti,
1382 2537 1647 2597 tamquam
1689 2528 1935 2583 inimicus

367 2622 594 2691 cjiceris.
622 2620 811 2677 Sermo
837 2621 937 2675 istc
968 2622 1020 2674 in
1043 2620 1211 2690 legem
1242 2621 1466 2675 transiit.
1490 2620 1717 2675 Attende
1742 2621 1931 2688 igitur:

380 2713 589 2768 Terram
625 2713 855 2766 comedes
885 2712 1073 2765 cunctis
1121 2710 1295 2765 diebus
1338 2713 1451 2765 vita:
1475 2721 1593 2766 tute.
1626 2712 1756 2767 Vide
1791 2729 1932 2766 :non

364 2805 493 2859 dicit
522 2804 776 2873 serpenti,
807 2803 967 2857 Terra
998 2803 1089 2857 tibi
1148 2803 1297 2857 cibus
1332 2805 1469 2858 erit:
1495 2819 1597 2858 non
1639 2805 1779 2859 enim
1815 2819 1932 2858 ser-

367 2908 555 2967 pentes
593 2908 785 2951 terram
817 2912 1030 2965 semper
1047 2896 1355 2963 comedunt,
1383 2896 1475 2951 sed
1504 2897 1754 2951 earnibns
1770 2898 1929 2951 etiam

366 2989 580 3042 aluntur
617 2998 672 3042 et
702 2986 978 3053 fructibus,
1005 2987 1208 3041 semina
1234 2987 1513 3052 mandunt,
1543 2997 1597 3042 et
1624 2988 1815 3042 herbas
1844 3004 1935 3042 ca-

369 3092 534 3149 ptant.
565 3081 680 3136 Hoc
722 3090 899 3136 autem
945 3080 1075 3135 dicit
1108 3098 1121 3133 :
1150 3080 1413 3135 Absumes
1464 3090 1692 3145 terram,
1748 3080 1801 3135 in
1844 3080 1931 3136 illa

363 3184 598 3240 reptans.

434 3267 495 3321 Si
537 3264 767 3321 diabolus
806 3265 1032 3333 decepit,
1086 3280 1176 3317 cur
1228 3265 1445 3333 serpenti
1494 3264 1827 3320 maledicitur.
1864 3294 1933 3305 ~—

366 3358 556 3412 Verunt
586 3358 735 3410 aiunt
762 3357 974 3425 quidam
1005 3374 1021 3411 :
1058 3356 1112 3411 Si
1139 3355 1380 3411 diabolus
1405 3358 1643 3427 decepit,
1688 3374 1785 3412 cur
1820 3374 1935 3413 ser-

361 3466 492 3519 pens
529 3451 951 3505 maledictionem
992 3449 1224 3518 excipit?
1270 3450 1588 3504 lnvisibilem
1634 3450 1930 3505 daemonem

362 3542 608 3596 invisibili
633 3542 781 3610 plaga
819 3540 1013 3603 afﬁcit;
1062 3541 1266 3596 visibile
1299 3542 1709 3597 instrumentum
1739 3543 1931 3597 visibili

361 3635 619 3703 supplicio
648 3633 874 3702 subjicit.
920 3634 1135 3700 Quare?
1163 3632 1309 3688 Sicut
1341 3634 1479 3688 Deus
1509 3633 1786 3688 invisibilis
1809 3649 1930 3688 cum

362 3727 464 3792 sit,
492 3725 695 3779 visibile
732 3731 1127 3777 monumentum
1156 3723 1301 3777 dedit
1325 3724 1570 3778 arborem
1602 3741 1615 3777 :
1644 3724 1720 3778 sic
1747 3724 1932 3780 diabo-

360 3820 464 3882 lus,
495 3816 769 3871 invisibilis
788 3832 908 3870 cum
936 3816 1041 3881 sit,
1072 3815 1312 3869 homines
1353 3831 1447 3884 per
1471 3825 1769 3884 serpentem
1799 3817 1929 3869 allo-

360 3911 555 3980 quitur.
602 3907 827 3976 Subjicit
866 3922 992 3977 ergo
1035 3907 1173 3962 Deus
1210 3916 1509 3977 serpentem
1548 3908 1927 3975 maledictioni,

362 4014 416 4056 ut
444 4003 487 4057 si
517 4002 600 4055 eui
634 4001 875 4056 diabolus
918 4001 1039 4055 mali
1069 4000 1336 4070 quidpiam
1375 4002 1555 4057 fecerit
1578 4043 1595 4069 ,
1626 4012 1927 4072 serpentem

358 4110 514 4163 quem
539 4092 679 4148 videt
704 4103 999 4160 repentem,
1022 4090 1331 4147 recordetur
1345 4092 1473 4148 olim
1489 4103 1721 4149 erectum
1745 4093 1927 4161 fuisse,

358 4186 673 4255 cogitetque,
701 4186 744 4238 si
773 4184 1017 4253 nequitia:
1039 4183 1280 4239 minister
1303 4185 1380 4239 sic
1404 4184 1672 4255 plectitur,
1696 4184 1812 4255 ejus
1836 4202 1931 4241 au-

356 4286 474 4330 ctor
498 4286 694 4345 quanta
712 4275 975 4344 patiatur?
1005 4275 1385 4331 Animadverte
1412 4276 1591 4346 igitur.
1610 4276 1743 4332 lluic
1761 4278 1837 4332 rei
1852 4276 1930 4331 af-

358 4369 480 4421 linia
514 4369 571 4422 in
590 4368 879 4437 Evangelia
914 4367 1288 4436 deprehendis.
1311 4368 1764 4435 Quemadmodum
1785 4369 1927 4424 enim

359 4459 410 4509 in
436 4456 631 4511 visibili
661 4467 908 4525 serpente
937 4458 1237 4527 loquentem
1269 4474 1371 4512 una
1407 4473 1528 4513 cum
1567 4474 1631 4513 eo
1659 4460 1751 4529 qui
1781 4460 1928 4515 vide-

360 4549 514 4601 batur
540 4545 933 4610 condemnavit,
978 4546 1055 4602 sic
1068 4557 1124 4603 et
1138 4546 1191 4601 in
1209 4547 1493 4617 Evangelio
1507 4563 1628 4603 cum
1655 4548 1930 4604 daemones

356 4638 623 4693 Christum
654 4646 935 4706 rogarent,
978 4652 1045 4692 ne
1075 4637 1407 4693 mitterentur
1433 4639 1484 4693 iu
1512 4638 1798 4709 abyssum,
1843 4640 1929 4694 di-

358 4738 675 4798 cerentque,
709 4727 953 4784 Permitte
978 4728 1119 4783 nobis
1161 4730 1213 4783 in
1256 4746 1433 4799 porcos
1470 4730 1666 4800 ingredi
1695 4727 1841 4797 (Luc.
1871 4728 1926 4784 8.

358 4821 447 4875 3|.
474 4820 563 4892 52)
589 4838 604 4875 :
635 4821 874 4889 permisit
916 4820 1155 4890 ingredi,
1212 4829 1268 4874 ttt
1316 4820 1605 4874 invisibiles
1650 4820 1767 4874 illos
1805 4834 1925 4873 cum

357 4912 649 4969 \'isihilihus
686 4912 997 4981 corporibus
1032 4912 1416 4981 submergeret.
1440 4911 1650 4965 Terram
1678 4911 1922 4964 comedes.

357 5005 657 5059 Inimicitias
700 5020 880 5073 ponam
921 5003 1051 5057 inter
1076 5013 1121 5056 te
1146 5014 1189 5055 et
1220 5006 1493 5056 mulierem.
1536 5003 1833 5057 Amicitiam
1874 5003 1926 5056 in

358 5096 537 5148 odium
570 5096 821 5159 mutavit,
858 5106 912 5148 et
942 5109 1117 5148 sermo
1156 5095 1205 5148 in
1242 5095 1412 5163 legem
1438 5110 1623 5150 versus
1648 5105 1753 5149 est.
1785 5096 1930 5154 Alias

357 5187 552 5255 quippe
598 5186 794 5240 bestias
836 5184 1052 5239 student
1104 5186 1345 5238 homines
1397 5185 1603 5240 cicures
1655 5184 1923 5239 reddere:

357 5284 661 5346 serpentem
701 5290 829 5328 vero
872 5275 916 5328 si
960 5275 1077 5344 quis
1120 5274 1343 5337 viderit,
1393 5275 1575 5328 statim
1611 5274 1926 5328 concitatur.

356 5371 534 5425 Manet
576 5368 770 5437 quippe
815 5367 1087 5421 decretum
1119 5384 1132 5419 :
1161 5364 1460 5419 Inimicitias
1494 5380 1677 5435 ponam
1710 5366 1837 5417 inter
1862 5375 1928 5419 te.

358 5461 578 5517 Etiamsi
607 5460 747 5513 domi
777 5458 995 5522 viderit,
1029 5472 1221 5511 necare
1241 5458 1403 5523 cupit.
1449 5456 1503 5511 Si
1531 5455 1582 5509 in
1610 5455 1690 5508 via
1719 5455 1928 5523 viderit,

357 5555 534 5608 lurore
562 5552 628 5607 ad
650 5551 994 5606 occidendum
1025 5549 1210 5605 fertur.
1241 5549 1619 5604 Stimulateum
1642 5556 1789 5603 vetus
1809 5563 1933 5603 sen-

360 5646 541 5697 tentia.
588 5644 642 5699 Si
669 5652 945 5699 sexcentas
982 5644 1160 5712 plagas
1182 5642 1417 5712 serpenti
1445 5642 1700 5705 intulerit,
1733 5640 1933 5696 videat-

357 5750 461 5803 que
485 5744 641 5803 caput
667 5744 768 5791 tt'on
801 5734 1151 5803 vulneratum,
1174 5732 1354 5791 statim
1379 5740 1557 5789 monet
1581 5752 1593 5786 z
1622 5731 1789 5802 Caput
1814 5746 1928 5791 ser-

1812 310 2175 369 SEVERIANI

3558 329 3657 383 θ’δῦ

2058 429 2230 498 petitis
2281 446 2386 488 non
2439 433 2768 502 percussisti,
2817 446 2972 506 caput
3019 438 3149 502 feri;
3195 441 3457 510 quoniam
3517 441 3656 493 Deus

2056 521 2185 577 dicit
2215 540 2228 575 :
2257 522 2379 593 Ipse
2397 524 2670 579 observabit
2696 538 2845 597 caput
2868 538 3030 593 tuum,
3062 540 3107 583 et
3132 540 3185 584 tu
3214 531 3516 586 observabis
3552 534 3654 599 ejus

2056 612 2365 667 calcaneum.
2408 614 2542 682 Quid
2574 615 2674 671 hoc
2693 618 2791 673 sibi
2819 620 2966 672 vult?
3007 621 3120 674 Non
3147 621 3308 685 dicit,
3336 621 3578 677 Faciam
3606 639 3653 675 tt.

2058 700 2217 755 homo
2257 717 2286 754 a
2324 706 2532 759 caeteris
2587 706 2690 761 tuis
2735 707 2988 762 membris
3042 710 3293 769 lerieudis
3341 710 3647 771 abstineat,

2055 793 2333 863 solumque
2359 806 2519 864 caput
2557 798 2749 853 caedat.
2799 798 2975 856 Utitur
3012 804 3152 855 enim
3192 803 3356 857 homo
3388 804 3584 873 plagis
3606 806 3651 857 is

2055 883 2230 937 omnia
2256 886 2515 953 serpentis
2546 888 2785 944 membra
2805 929 2820 953 ,
2859 900 2914 944 ut
2940 891 3257 961 ubicumque
3282 895 3650 961 percusserit.

2055 980 2221 1026 totum
2267 975 2571 1031 ulciscatur.
2614 976 2671 1032 ld
2712 994 2871 1047 porro
2895 982 3035 1049 quod
3064 996 3094 1035 a
3123 982 3351 1037 Dontino
3398 988 3650 1051 serpenti

2051 1064 2249 1121 dictum
2273 1078 2386 1133 est,
2414 1067 2494 1122 Tu
2526 1069 2806 1124 observabis
2837 1072 3127 1126 calcaneum
3154 1076 3263 1139 ejus
3286 1114 3300 1139 ,
3330 1089 3449 1129 n0n
3482 1076 3651 1144 signi-

2050 1154 2205 1221 ﬁcat,
2246 1158 2343 1227 ipsi
2372 1173 2682 1214 concessum
2708 1177 2828 1216 esse
2857 1174 2917 1217 ut
2956 1164 3258 1219 calcaneutn
3307 1166 3645 1220 adoriatur:

2050 1246 2251 1303 invadit
2276 1249 2421 1304 enim
2465 1251 2782 1320 quandoque
2820 1269 3043 1323 serpens
3091 1255 3470 1318 dormientes,
3524 1274 3647 1309 ven-

2050 1345 2184 1393 trem
2216 1354 2319 1394 non
2348 1356 2470 1395 raro
2492 1352 2745 1411 occupat,
2794 1344 3028 1399 immittit
3059 1362 3320 1401 venenum
3342 1388 3360 1411 ,
3389 1349 3643 1403 manibus

2048 1441 2109 1482 ac
2137 1429 2351 1498 reliquis
2376 1432 2627 1487 membris
2655 1449 2864 1489 morsus
2890 1434 3057 1506 inﬁgit
3081 1479 3095 1502 ,
3123 1449 3287 1507 atque
3313 1438 3373 1492 in
3409 1439 3644 1508 quodvis

2048 1522 2344 1577 membrum
2377 1523 2610 1590 incidat,
2658 1525 2785 1580 illud
2812 1526 3007 1581 damno
3043 1527 3239 1592 afﬁcit;
3291 1546 3494 1583 verum
3526 1545 3643 1583 seu-

2048 1613 2229 1667 tentia:
2272 1629 2424 1667 mens
2467 1614 2583 1668 talis
2612 1624 2696 1670 est
2724 1633 2736 1663 :
2764 1615 2879 1669 Non
2930 1617 3101 1684 ultra,
3151 1619 3362 1689 inquit,
3414 1635 3641 1688 serpens

2048 1703 2214 1759 libere
2244 1704 2443 1759 homini
2494 1704 2858 1771 insidiabitur;
2903 1708 2997 1763 sed
3028 1709 3169 1764 intus
3208 1723 3451 1764 manens
3496 1719 3639 1763 tanta

2048 1795 2318 1851 hominum
2364 1807 2569 1851 terrore
2601 1794 2887 1863 afﬁcieris,
2926 1806 2984 1852 ut
3010 1799 3061 1853 in
3100 1799 3349 1854 cavernis
3390 1791 3636 1863 latitans,

2044 1887 2131 1941 vix
2158 1902 2224 1942 ex
2244 1886 2593 1941 foraminibus
2614 1886 2987 1943 formidolosus
3010 1890 3327 1959 respiciens,
3350 1890 3638 1945 hominum

2045 1978 2295 2032 transitus
2318 1988 2519 2032 tantum
2545 1979 2801 2033 observes
2826 2019 2842 2046 ,
2870 1989 2926 2033 ut
2949 1980 3083 2033 citra
3119 1980 3428 2049 periculum
3456 1995 3633 2033 escas.

2044 2070 2215 2125 Homo
2233 2080 2433 2136 autem,
2465 2071 2654 2141 inquit,
2686 2072 2852 2127 libere
2881 2073 3192 2140 ambulabit,
3214 2081 3391 2142 caput
3419 2085 3571 2127 tuum
3586 2076 3634 2126 in

2042 2161 2390 2219 foraminibus
2439 2165 2748 2227 observans,
2790 2173 3057 2235 tamquam
3101 2166 3302 2221 inimici
3347 2166 3629 2231 latitantis,

2041 2270 2145 2309 non
2173 2257 2325 2311 amici
2355 2258 2532 2326 specie
2559 2257 2843 2327 loquentis.

2112 2347 2165 2403 9.
2188 2346 2292 2403 Sed
2316 2348 2436 2417 quia
2470 2360 2677 2417 tempus
2699 2357 2848 2418 urget
2866 2390 2881 2411 ,
2910 2349 3204 2404 orationem
3234 2349 3629 2418 compleamus.

2042 2440 2387 2512 Interrogavit
2407 2458 2525 2496 eam
2552 2458 2670 2510 quae
2696 2441 2916 2510 decepta
2943 2442 3111 2497 fuerat
3153 2457 3169 2496 :
3212 2442 3421 2496 transit
3446 2441 3516 2496 ad
3541 2442 3630 2497 de-

2040 2542 2333 2601 ceptorem.
2380 2530 2651 2587 Sententia
2678 2547 2707 2586 a
2736 2531 2914 2587 radice
2938 2546 3060 2586 orsa
3087 2540 3207 2597 est,
3251 2548 3462 2601 nempe
3488 2548 3519 2586 a
3547 2548 3628 2586 se-

2040 2626 2278 2681 ductore.
2312 2626 2510 2681 Deinde
2534 2626 2598 2680 ad
2624 2625 2901 2696 deceptam
2923 2625 3068 2680 venit
3096 2634 3150 2680 et
3173 2626 3355 2680 minas
3380 2627 3625 2680 intentat.

2040 2715 2213 2771 Prima
2244 2732 2346 2770 vox
2371 2717 2437 2770 ad
2479 2724 2785 2786 serpentem
2812 2716 2952 2772 dicta
2993 2715 3129 2780 fuit,
3182 2715 3524 2769 Maledicta.
3572 2714 3628 2767 Et

2039 2808 2167 2862 dixit
2203 2807 2339 2861 Deus
2373 2808 2570 2863 mulieri
2599 2825 2619 2862 :
2653 2806 3003 2877 Multiplicans
3035 2808 3390 2877 multiplicabo
3432 2808 3629 2862 doloris

2041 2908 2153 2953 tuos
2192 2909 2237 2952 et
2274 2899 2485 2968 gemitus
2524 2908 2635 2952 tuos
2660 2896 2810 2970 (Gen.
2841 2899 2895 2955 5.
2927 2898 3039 2968 16).
3083 2897 3198 2953 Non
3226 2898 3536 2961 maledicit,
3568 2913 3629 2950 ue

2041 2992 2230 3061 pariat,
2260 2992 2381 3062 quia
2405 2990 2513 3061 jam
2536 2992 2680 3060 prius
2707 2990 3050 3046 benedixerat
3079 3008 3093 3043 :
3126 3006 3249 3045 nam
3275 3005 3405 3044 cum
3426 2990 3627 3044 forma—

2038 3086 2117 3139 vit
2143 3100 2236 3139 eos
2262 3127 2276 3149 ,
2301 3086 2372 3138 ait
2404 3104 2415 3137 :
2445 3083 2512 3137 Et
2552 3083 2800 3137 benedixit
2838 3099 2922 3138 eos
2950 3082 3084 3137 Deus
3108 3083 3300 3143 dicens,
3332 3082 3563 3137 Crescite
3586 3091 3627 3134 et

2039 3178 2443 3247 multiplicamini
2464 3220 2476 3240 ,
2526 3187 2572 3232 et
2612 3179 2796 3246 replete
2841 3186 3023 3231 terram
3068 3176 3217 3247 (Gen.
3255 3177 3305 3229 1.
3332 3174 3459 3243 28).
3497 3175 3627 3228 Dicit

2038 3283 2165 3323 vero
2197 3268 2389 3323 Paulus
2409 3310 2423 3332 ,
2453 3268 2577 3324 Sine
2605 3268 2895 3339 pmnitentia
2923 3276 3033 3320 sunt
3059 3266 3192 3319 dona
3211 3263 3307 3318 Dei
3332 3266 3518 3333 (Rom.
3544 3265 3622 3317 ll.

2036 3360 2149 3429 29).
2181 3360 2293 3413 Non
2321 3375 2450 3429 ergo
2480 3361 2744 3415 maledicit
2763 3373 2894 3430 quos
2916 3358 3258 3414 benedixerat
3283 3374 3298 3410 :
3330 3356 3430 3411 sed
3455 3356 3623 3425 quid?

2037 3453 2367 3525 Stupettdum
2421 3454 2711 3509 remedium
2756 3452 2961 3506 vulneri
3006 3450 3253 3509 adhibet.
3304 3448 3536 3503 dolores
3576 3458 3624 3500 et

2035 3547 2308 3616 gemitum.
2359 3545 2537 3600 Genus
2563 3545 2839 3599 sententia:
2875 3552 2993 3608 est,
3036 3556 3153 3611 qua:
3182 3540 3486 3609 percutiat,
3533 3540 3621 3593 sed

2036 3637 2211 3692 delicti
2258 3637 2572 3692 solutionem
2618 3635 2906 3704 promittat.
2964 3630 3355 3700 Multiplicons.
3411 3631 3618 3700 inquit,

2036 3728 2376 3796 multiplicabo
2401 3728 2597 3781 dolores
2618 3738 2750 3792 tuos,
2768 3734 2812 3780 et
2837 3725 3076 3795 gemitum
3091 3732 3250 3775 tuum.
3276 3721 3617 3776 Paenitentiat

2035 3822 2289 3877 remedia.
2342 3822 2590 3875 Animum
2641 3819 2853 3873 adhibe.
2896 3814 3367 3883 Quemadmodum
3422 3815 3617 3867 medici

2034 3916 2220 3971 eodem
2247 3915 2483 3970 remedio
2508 3913 2750 3968 mordent
2777 3921 2831 3965 et
2858 3910 3093 3974 leniunt;
3143 3909 3386 3976 itemque
3415 3906 3616 3961 ferrtun

2034 4008 2220 4063 eadem
2257 4008 2491 4061 sectione
2532 4006 2823 4073 eodemque
2858 4001 3042 4056 dolore
3079 4000 3300 4054 salutem
3346 4007 3611 4068 prastat:

2032 4100 2111 4153 sic
2141 4098 2278 4153 Deus
2308 4096 2542 4167 peccanti
2570 4096 2772 4150 mulieri
2802 4093 2908 4149 duo
2938 4092 3028 4148 dat
3051 4091 3380 4162 paenitentia:
3404 4090 3610 4151 viatica,

2033 4192 2269 4246 dolorem
2299 4200 2353 4245 et
2378 4190 2649 4260 gemitum.
2702 4188 2836 4255 Quid
2880 4186 3029 4256 juvat
3069 4185 3221 4239 dolor
3265 4193 3319 4238 et
3364 4184 3651 4238 trist'tia?-

2034 4283 2169 4337 Audi
2200 4283 2417 4337 Paulum
2443 4280 2707 4336 dicentem
2737 4296 2751 4333 :
2778 4278 2902 4344 Quae
2918 4276 3193 4331 secundum
3222 4274 3385 4326 Deum
3418 4285 3496 4328 est
3524 4275 3609 4325 tif-

2032 4374 2165 4426 stitia
2193 4372 2528 4442 pcenilentiam
2556 4371 2607 4423 in
2630 4371 2841 4424 salutem
2866 4367 3093 4422 stabilem
3117 4376 3356 4434 operatur
3383 4366 3460 4434 (2.
3497 4365 3608 4417 Cor.

2033 4467 2085 4522 Ἰ.
2111 4466 2219 4528 10).
2248 4465 2314 4519 Et
2339 4464 2463 4535 quid
2486 4470 2734 4533 operatur
2757 4459 3027 4531 gemitus?
3047 4457 3181 4512 Audi
3208 4454 3401 4510 Isaiam
3443 4474 3457 4506 :
3489 4452 3613 4508 Cum

2032 4556 2580 4626 aversusingemueris,
2615 4563 2739 4608 tunc
2774 4550 2952 4606 salvus
2995 4553 3103 4606 eris
3150 4543 3311 4619 (Isai.
3367 4550 3461 4605 50·
3500 4550 3604 4615 15).

2035 4638 2088 4690 Μ
2097 4637 2382 4709 ultiplicans
2402 4638 2737 4706 multiplicabo
2753 4635 2978 4689 tristitias
3003 4642 3113 4684 tuas
3126 4640 3172 4680 et
3197 4628 3442 4697 gemitum
3470 4643 3610 4680 tuum

2031 4730 2262 4785 Tristitia
2290 4727 2606 4783 exteriorem
2633 4724 2834 4777 vultum
2863 4719 3124 4775 deformat
3151 4730 3213 4770 ac
3244 4714 3459 4768 tristem
3493 4712 3611 4766 red-

2032 4824 2130 4879 dit.
2175 4822 2335 4876 Corde
2368 4820 2572 4875 lretante
2606 4819 2751 4887 ﬂoret
2789 4815 2995 4876 vultus;
3032 4826 3145 4864 cum
3166 4824 3281 4861 vero
3315 4807 3372 4859 in
3396 4806 3611 4857 tristitiis

2031 4926 2288 4980 uersatur,
2326 4921 2524 4967 maestus
2548 4919 2619 4964 est
2643 4906 2826 4978 (Prov.
2857 4906 2940 4961 15.
2969 4904 3083 4972 31).
3128 4899 3260 4969 Quia
3303 4897 3497 4950 oculus
3526 4912 3610 4947 ai-

2032 5009 2215 5064 boretn
2246 5005 2469 5067 viderat,
2496 4986 2957 5070 mqualitatetnque
2980 5010 3101 5049 cum
3130 4994 3237 5046 Deo
3266 4999 3449 5044 mente
3471 4991 3609 5054 engi-

2034 5107 2253 5159 tavemt,
2281 5096 2369 5149 dat
2391 5096 2528 5149 Deus
2556 5091 2702 5147 cordi
2722 5090 2995 5160 gemitum,
3023 5084 3291 5151 vultuique
3316 5082 3605 5139 tristitiam,

2034 5201 2089 5245 ut
2112 5205 2205 5259 per
2223 5203 2284 5241 ea
2313 5202 2429 5255 qua:
2453 5191 2759 5255 peccaverat
2785 5180 3049 5250 puniatur,
3080 5185 3239 5244 utque
3265 5172 3602 5241 supplicium.

2034 5281 2141 5336 imo
2171 5278 2313 5331 salus
2343 5278 2453 5344 ipsa
2478 5317 2493 5341 ,
2536 5272 2742 5328 mulieri
2772 5269 3025 5334 suadeat,
3060 5267 3222 5321 Deum
3256 5279 3365 5318 non
3410 5264 3604 5315 irritam

2035 5372 2220 5425 fecisse
2252 5369 2477 5437 priorem
2524 5363 2968 5419 benedictionem.
3020 5356 3150 5411 Nam
3193 5370 3313 5409 cum
3367 5352 3603 5407 dixisset.

2036 5463 2241 5532 Replete
2271 5471 2474 5525 terram,
2499 5460 2593 5523 ait,
2612 5455 2677 5509 In
2695 5455 2867 5509 dolore
2886 5454 3051 5522 paries
3074 5450 3223 5515 ﬁlios.
3253 5448 3478 5502 Partum
3509 5462 3602 5497 non

2038 5554 2200 5608 tollo:
2230 5550 2393 5606 semel
2420 5551 2559 5604 enim
2589 5546 2833 5602 benedixi
2858 5562 2872 5610 ;
2902 5542 2994 5599 sed
3034 5542 3209 5611 paries
3239 5541 3293 5594 in
3320 5539 3602 5599 laboribus,

2035 5644 2087 5699 in
2115 5640 2622 5714 perturbationibus.
2664 5635 2983 5692 Gravissima
3016 5632 3128 5686 haec
3156 5630 3392 5685 tristitia.
3448 5628 3503 5683 ιιι
3530 5638 3599 5679 te-

2037 5743 2203 5790 statur
2228 5732 2479 5789 Senator
2508 5747 2521 5785 :
2553 5727 2740 5783 Mulier
2763 5768 2779 5797 ,
2810 5742 2935 5780 cum,
2968 5723 3138 5796 parit,
3178 5721 3435 5778 tristitiam
3475 5719 3604 5772 habet
