3672 6268
30 251 141 306 695

22 371 249 441 ρεύσῃ.
286 362 527 430 Ἐπειδὴ
579 361 755 416 τοῦτο
794 359 1116 427 ἐποίησας’
1169 356 1357 427 ἐπειδὴ
1390 353 1616 441 καρδίαν

31 438 350 525 ἣπάτησας,
388 446 484 502 καὶ
516 446 616 515 τὴν
662 444 866 497 κοιλίαν
898 443 1121 505 ἔπεισας
1155 440 1439 513 βρώματος
1474 438 1617 508 ἅψαι.

34 524 189 599 σθαι,
228 531 353 586 Ἐπί
409 530 489 595 τῷ
551 528 759 593 στήθει
805 527 900 580 καὶ
958 525 1033 594 τῇ
1076 526 1271 591 κοιλίᾳ
1324 524 1614 592 πορεύσῃ.

42 620 289 688 Ἐπειδὴ
328 616 503 671 τοῦτο
556 613 884 680 ἐποίησας·
922 610 1105 682 ἐπειδὴ
1157 609 1382 681 καρδίαν
1407 608 1619 678 ἠπάτη-

33 720 160 768 σας,
219 704 313 757 καὶ
348 701 446 771 τὴν
498 697 706 751 κοιλίαν
750 696 973 757 ἔπεισας
1024 691 1616 767 βριῢματοςάψασθαι,

46 788 176 841 Ἐπὶ
213 786 292 851 τῷ
321 783 526 848 στήθει
562 781 657 833 καὶ
703 776 778 847 τῇ
832 782 1033 842 κοιλίᾳ
1081 778 1369 845 πορεύσῃ.
1403 775 1512 845 Οὑχ
1545 774 1621 836 ὡς

33 873 169 925 ποσὶ
197 866 537 940 κεχρημένου
567 864 629 916 τὸ
658 862 944 934 πρότερον,
973 861 1069 916 νῦν
1099 860 1457 928 ἀποφαίνεται
1490 860 1621 920 Θεὸς

32 957 127 1009 τὸν
168 955 262 1007 ὲπὶ
306 951 407 1020 τῆς
459 948 669 1011 κοιλίας
730 948 1051 1017 περίπατον,
1098 945 1215 997 ἀλλ’
1251 942 1439 1013 ἐπειδὴ
1463 941 1621 1012 ὀρθὸς

32 1037 288 1109 έστηκὼς
311 1037 379 1105 τῇ
420 1031 640 1101 γυναικὶ
669 1030 955 1098 διελέγετο.
988 1030 1063 1082 Ού
1093 1029 1200 1100 γάρ
1230 1023 1296 1098 ἦν
1323 1024 1621 1109 ἄλλωςαὺε

30 1124 129 1176 τὸν
150 1107 254 1192 τὴν
298 1120 437 1189 πρὸς
486 1116 587 1188 τὴν
631 1113 774 1167 Εὕαν
804 1112 1076 1192 ποιεῖσθαι
1107 1111 1361 1178 διάλεξιν.
1393 1108 1534 1162 Αὐτὸ
1561 1107 1623 1162 τὸ

29 1208 135 1276 τῆς
166 1190 455 1266 διαλέξεως
503 1199 707 1269 σχῆμα,
764 1196 883 1267 μεθ’
935 1190 996 1250 οὑ
1049 1195 1192 1249 Εὑαν
1223 1194 1495 1265 ὴπάτησε,
1545 1191 1623 1262 τῷ

32 1290 183 1345 κατά
219 1287 286 1360 [ί.
328 1284 444 1357 ἐπὶ]
475 1283 553 1353 τῷ
594 1281 778 1353 στήθει
807 1281 1092 1351 περιπάτῳ
1135 1277 1372 1343 κολάζει,
1401 1277 1623 1347 καὶτῆς

32 1370 485 1441 ἀνατεταγμένης
515 1366 765 1420 ἐκϐάλλει
790 1364 1072 1432 βαδίσεως.
1104 1363 1167 1417 Εί
1193 1363 1304 1434 γάρ
1332 1365 1427 1416 καὶ
1449 1363 1622 1425 άπους

31 1459 94 1523 ἐξ
123 1456 305 1528 ἀρχῆς
333 1451 712 1513 διεπέπλαστο,
757 1448 893 1502 ἀλλά
935 1447 1156 1511 κύκλοις
1203 1446 1419 1517 γοργῶν
1460 1462 1621 1499 τινων

30 1541 289 1595 κάτωθεν
352 1534 590 1604 ἑλιγμῶν
650 1530 1068 1604 ἀνορθούμενος,
1134 1530 1452 1599 τεταμένοις
1512 1529 1622 1590 τοῖς

30 1624 297 1694 στήθεσιν
325 1621 546 1674 ἵππευε.
574 1617 666 1669 Διὸ
688 1617 783 1669 καὶ
812 1615 906 1668 νῦν
931 1616 960 1667 6
992 1614 1113 1683 ὄφις
1135 1613 1394 1676 πολλάκις
1421 1609 1624 1682 θυμού-

33 1725 202 1781 μενος
238 1705 519 1775 ἀνίστησιν
567 1700 779 1763 ὲαυτὸν,
827 1699 923 1753 καὶ
974 1698 1245 1762 κυκλικῶς
1280 1697 1624 1781 ἑλισσόμενος

30 1778 226 1865 τρέχει
252 1806 266 1822 ο
307 1786 517 1859 προϐὰς
543 1785 600 1838 δὲ
638 1785 761 1837 ὅσον
787 1782 955 1847 δεῖξαι
979 1781 1073 1834 τοῦ
1108 1778 1339 1834 παλαιοῦ
1372 1778 1625 1865 βαδίσμα-

27 1862 125 1939 τος
152 1875 262 1946 τὴν
291 1871 530 1943 μνήμην,
562 1867 725 1921 πάλιν
755 1866 834 1938 τῷ
858 1866 959 1936 τῆς
996 1865 1320 1933 ἀποφάσεως
1348 1862 1622 1946 καταϐάλ-

29 1960 193 2011 λεται
217 1944 393 2026 νόμῳ.
419 1952 527 2007 Καὶ
565 1951 683 2021 γῆν
714 1947 876 2020 span?
905 1948 1110 2013 πάσας
1132 1948 1240 2014 τὰς
1264 1946 1487 2016 ἡμέρας
1516 1944 1624 2011 τῆς

25 2040 190 2110 {huic
222 2054 361 2093 σου.
386 2037 645 2104 Ἐχθραν
663 2034 830 2103 θήσω
865 2033 982 2088 ἀνὰ
1004 2030 1200 2101 μέσον
1239 2029 1355 2085 σοῦ
1384 2030 1482 2083 καὶ
1513 2027 1625 2096 τῆς

32 2124 353 2195 γυναικός.
381 2120 448 2175 Τί
491 2122 608 2173 ἔστι
635 2118 718 2183 τὸ,
753 2120 803 2171 Γ
806 2116 887 2185 ἦν
914 2114 1076 2185 φανῇ
1098 2131 1116 2179 ;
1148 2116 1213 2169 '0
1257 2113 1625 2195 προεξένησας

22 2190 300 2277 γενέσθαι
326 2204 405 2274 τῷ
439 2202 632 2274 Ἀδάμ,
679 2201 840 2254 τοῦτο
874 2201 1040 2253 ἔσθιε.
1090 2198 1290 2253 Μέλλει
1323 2197 1431 2269 γὰρ
1471 2190 1627 2259 οὗτος

35 2291 302 2344 ἀκούειν·
350 2284 439 2356 Γῆ
487 2282 559 2351 εἷ,
596 2286 692 2339 καί
726 2287 813 2350 είς
857 2281 975 2352 γῆν
1001 2283 1335 2350 άπελεύσῃ.
1371 2282 1629 2349 Ἐχθραν

27 2376 211 2445 θήσω
250 2373 365 2428 ἀνὰ
394 2370 589 2439 μέσον
625 2368 741 2422 σοῦ
767 2367 865 2421 καὶ
898 2366 1009 2435 τῆς
1032 2366 1335 2434 γυναικός.
1374 2365 1525 2417 Ἐπεὶ
1553 2363 1628 2426 ὡς

32 2460 196 2528 φίλον
225 2456 530 2526 ἡπάτησας,
558 2452 633 2515 ὡς
662 2450 853 2522 ἐχθρὸς
879 2448 1135 2519 ἐκϐάλλῃ.
1155 2449 1389 2510 Ἐκεῖνος
1417 2450 1444 2500 6
1472 2447 1629 2515 λόγος

32 2544 210 2613 νόμος
246 2539 481 2607 ἐγένετο.
530 2535 773 2607 Πρόσεχε
819 2531 1025 2586 τοίνυν·
1061 2532 1195 2601 Γῆν
1225 2530 1386 2602 φαγνῇ
1426 2530 1629 2598 πάσας

31 2629 147 2692 τὰς
196 2622 425 2694 ἡμέρας
472 2619 581 2688 τῆς
614 2618 763 2687 ζωῆς
814 2633 954 2672 σου.
980 2617 1155 2689 Ὅρα·
1207 2617 1268 2670 οὑ
1303 2617 1462 2670 τοῦτο
1502 2616 1630 2686 περὶ

32 2712 132 2765 τοῦ
159 2710 343 2780 ὄφεως
361 2707 529 2775 λέγει,
560 2705 642 2757 ὅτι
675 2703 870 2755 Ἔσται
898 2719 980 2754 σοι
1007 2701 1174 2754 σιτίον
1200 2700 1323 2771 ήγῆ
1347 2718 1359 2731 ·
1385 2700 1502 2753 οὐδὲ
1523 2700 1631 2767 γὰρ

32 2796 126 2850 ἀεὶ
154 2796 275 2858 τοῖς
320 2792 476 2861 ὄφεσι
521 2788 582 2842 τὸ
623 2787 936 2857 ἐσθιόμενον
974 2787 1068 2857 γῆ,
1113 2786 1248 2839 ἀλλά
1291 2785 1386 2838 καὶ
1437 2784 1630 2855 κρέασι

32 2878 360 2951 τρέφονται,
396 2875 492 2928 καὶ
518 2873 750 2945 καρποῖς
780 2869 1134 2939 εὐωχοῦνται,
1167 2869 1262 2923 καὶ
1303 2868 1633 2938 σπερμάτων

36 2962 404 3030 ἐφάπτονται,
452 2958 547 3009 καὶ
595 2955 823 3025 βοτάνας
879 2954 1140 3024 θηρῶσιν.
1194 2951 1352 3005 Ἀλλά
1402 2951 1490 3004 διὰ
1538 2951 1631 3004 τοῦ

36 3047 247 3108 εἰπεῖν,
281 3042 417 3111 Γῆν
445 3039 627 3112 parii,
645 3038 803 3092 τοῦτο
827 3038 973 3107 λέγει
997 3053 1011 3069 ·
1032 3036 1445 3109 Δαπανήσει[ς],
1476 3036 1627 3107 φησὶ,

36 3130 141 3202 τὴν
178 3130 309 3200 γῆν,
337 3128 423 3181 ἐπ’
450 3127 618 3197 αὐτὴν
649 3122 1048 3196 ἐντριϐόμενος.

142 3279 298 3334 Δλλά
338 3277 557 3347 λέγουσί
597 3293 739 3340 τινες
761 3292 775 3307 σ
814 3275 874 3328 Et
901 3276 928 3327 6
970 3273 1215 3337 διάϐολος
1248 3272 1514 3342 ἡπάτησε,
1547 3272 1635 3326 διά

37 3366 92 3420 τί
119 3368 153 3419 6
179 3364 307 3433 ὄφις
331 3362 430 3433 τὴν
458 3360 704 3430 κατάραν
731 3357 948 3423 ἐδέξατο
970 3374 986 3431 ς
1020 3357 1125 3410 Τὸν
1148 3357 1379 3427 ἀόρατον
1406 3357 1636 3427 δαίμονα

39 3449 276 3522 ἀοράτῳ
316 3445 565 3517 μαστίζει
597 3444 800 3513 πληγῇ·
831 3442 893 3495 τὸ
918 3442 1194 3513 ὁρώμενον
1226 3442 1455 3512 ὄργανον
1494 3442 1635 3512 ὁρω-

44 3537 190 3606 μένη
247 3528 541 3585 ὑποϐάλλει
584 3527 844 3600 τιμωρίᾳ.
878 3528 976 3580 Διὰ
1022 3527 1107 3591 τί;
1145 3527 1357 3597 ’Ὠσπερ
1407 3525 1637 3597 ἀόρατος

40 3618 119 3670 ῶν
147 3620 181 3670 6
220 3614 378 3677 Θεὸς,
410 3612 613 3665 ἔδωκεν
640 3609 916 3682 ὁρώμενον
958 3610 1261 3680 ὑπόμνημα
1286 3609 1349 3662 τὸ
1387 3608 1602 3681 δένδρον
1620 3626 1633 3639 ο

39 3700 230 3762 οὑτως
267 3698 498 3768 ἀόρατος
548 3695 624 3749 ὢν
651 3697 680 3748 6
724 3695 984 3767 διάϐολος,
1037 3692 1347 3764 ἀνθρώποις
1379 3693 1525 3762 λέγει
1554 3694 1640 3747 διὰ

43 3787 143 3840 τοῦ
166 3784 368 3852 ὄφεως.
386 3780 708 3835 ’Υποϐάλλει
738 3780 918 3833 τοίνυν
936 3781 967 3832 6
986 3778 1117 3842 Θεὸς
1141 3778 1231 3830 τὸν
1257 3777 1381 3847 ὄφιν
1403 3779 1636 3849 κατάρᾳ,

46 3873 141 3925 ἵνα.
166 3868 281 3923 κᾶν
308 3864 401 3919 τὸν
438 3865 685 3919 διάϐολόν
714 3876 739 3904 ι
762 3864 847 3927 τίς
879 3880 932 3915 τι
976 3862 1165 3925 ἔπαθε,
1202 3861 1290 3917 τὸν
1325 3861 1477 3935 [507]
1518 3863 1641 3931 ὄφιν

45 3956 137 4008 ἀεὶ
201 3950 417 4023 βλέπων
462 3950 759 4021 συρόμενον
803 3947 898 4000 τόν
929 3963 1059 3999 ποτε
1108 3946 1519 4016 διανεστηκότα,
1564 3949 1642 4009 είς

44 4038 371 4109 ὑπόμνησιν
398 4033 559 4105 λάϐῃ,
598 4033 679 4086 ὃτι
706 4033 753 4085 εί
786 4033 815 4084 6
841 4029 1115 4101 ὑπουργὸς
1139 4030 1236 4100 τῆς
1272 4031 1470 4093 κακίας
1500 4030 1643 4082 οὑτω

47 4122 371 4185 κολάζεται,
398 4121 427 4172 6
454 4116 752 4186 αὐτουργὸς
777 4114 974 4178 πόσον;
1015 4113 1255 4184 Πρόσεχε
1287 4116 1486 4168 τοίνυν.
1517 4113 1645 4167 Τού-

47 4223 150 4260 του
183 4202 394 4272 ἀσελφά
424 4200 695 4271 εὑρίσκεις
743 4199 801 4253 ἔν
828 4195 906 4267 τῷ
937 4196 1267 4267 Εὑαγγελίῳ.
1288 4197 1499 4269 Ὠσπερ
1536 4198 1645 4270 γὰρ

49 4294 110 4343 ὲν
142 4287 228 4358 τῷ
268 4285 530 4357 ὁρωμένῳ
576 4284 695 4352 ὄφει
746 4282 836 4335 τὸν
873 4282 1136 4335 λαλοῦντα
1172 4280 1463 4353 κατέκρινε
1508 4280 1645 4352 μετά

47 4371 154 4426 τοῦ
184 4369 493 4443 ὁρωμένου,
514 4365 656 4419 οὑτω
682 4365 776 4419 καὶ
801 4366 859 4417 έν
879 4364 958 4436 τῷ
981 4364 1314 4435 Εὑαγγελίῳ,
1340 4366 1430 4418 ὅτε
1458 4368 1507 4418 οί
1534 4365 1648 4418 δαί-

55 4473 227 4526 μονες
278 4451 464 4523 ἠξίουν
510 4451 603 4504 τὸν
652 4449 883 4521 Χριστὸν
938 4448 1012 4521 μὴ
1068 4448 1380 4519 πεμφθῆναι
1426 4451 1504 4513 είς
1547 4450 1647 4519 τὴν

52 4541 325 4599 ἄϐυσσον,
378 4536 559 4605 ἔλεγον
580 4551 595 4565 ·
626 4535 978 4602 Ἐπίτρεψον
1025 4533 1170 4601 ἡμῖν
1217 4533 1514 4588 εἰσελθεῖν
1561 4536 1649 4601 εὶς

53 4625 208 4690 τοὺς
247 4621 519 4690 χοίρους’
564 4618 863 4689 ἐπέτρεψεν
899 4617 1180 4682 εἰσελθεῖν,
1216 4617 1302 4670 ἵνα
1326 4618 1452 4681 τοὺς
1478 4617 1649 4690 ἀορά-

53 4724 190 4769 τους
222 4706 324 4758 σὺν
356 4706 468 4766 τοῖς
501 4702 799 4772 ὁρωμένοις
833 4700 1047 4771 σώμασι
1093 4702 1481 4776 καταποντίσῃ.
1519 4702 1651 4771 Γῆν

56 4788 257 4860 gari}.
288 4788 551 4856 Ἕχθραν
580 4783 745 4851 θήσω
774 4785 889 4839 ἀνὰ
910 4783 1106 4853 μέσον
1130 4785 1247 4839 σοῦ
1280 4786 1373 4838 καί
1409 4785 1519 4853 τῆς
1544 4804 1649 4854 γυ-

56 4875 303 4939 ναικός.
333 4874 377 4924 Τ
380 4870 444 4942 ὴν
469 4870 652 4940 φιλίαν
676 4872 757 4932 είς
791 4868 990 4940 ἔχθραν
1022 4870 1339 4940 μετέστησε,
1367 4871 1461 4922 καὶ
1488 4871 1652 4941 νόμος

57 4959 295 5027 ἐγένετο
326 4958 355 5009 6
381 4955 556 5023 λόγος.
605 4954 715 5007 Καὶ
745 4952 815 5005 τά
843 4953 939 5022 μὲν
968 4952 1106 5005 ἀλλα
1134 4952 1299 5022 θηρία
1335 4953 1653 5007 σπεύδουσιν

56 5045 105 5095 οἱ
142 5040 429 5110 ἄνθρωποι
458 5036 773 5107 ἡμερῶσαι’
811 5035 934 5103 ὄφιν
965 5036 1020 5087 δὲ
1059 5035 1154 5088 ἐάν
1182 5053 1265 5099 τις
1304 5035 1409 5107 ἴδῃ,
1452 5036 1653 5104 σφαδά,

58 5127 171 5189 ζει.
212 5121 384 5176 Μένει
420 5120 525 5190 γάρ
557 5122 586 5173 6
614 5121 737 5191 ὄρος
760 5136 772 5149 ·
803 5120 1067 5191 Ἐχθραν
1109 5117 1273 5183 θήσω
1318 5119 1432 5172 ἀνὰ
1462 5118 1657 5189 μέσον

57 5207 208 5260 σοῦ.
264 5204 384 5258 Κάν
414 5204 471 5255 ὲν
498 5203 645 5273 οίκίᾳ
692 5202 796 5273 ἴδῃ,
826 5202 1087 5270 φονεῦσαι
1114 5202 1255 5255 θέλει
1280 5221 1290 5232 ·
1339 5202 1439 5256 κᾶν
1469 5205 1527 5257 ὲν
1554 5203 1656 5275 ὁδῷ

60 5292 177 5363 ἴδῃ,
211 5289 467 5359 μαίνεται
496 5285 770 5356 φονεῦσαι.
807 5285 1012 5339 Νύσσει
1036 5286 1145 5357 γάρ
1180 5287 1340 5340 αὑτὸν
1363 5288 1390 5339 6
1432 5289 1657 5359 ἀρχαῖος

56 5380 251 5447 λόγος.
291 5376 508 5447 Μυρίας
548 5374 643 5427 ὲάν
674 5371 748 5444 δῷ
793 5374 1006 5444 πληγὰς
1034 5374 1111 5446 τῷ
1150 5375 1292 5444 ὄφει,
1324 5376 1417 5430 ὲάν
1447 5376 1531 5450 ίδῃ
1562 5376 1659 5449 τὴν

59 5464 318 5535 κεφαλὴν
346 5464 420 5533 μὴ
456 5462 776 5533 τρωθεῖσαν,
806 5462 1005 5525 εὐθέως
1034 5466 1408 5535 παρεγγυᾶται
1444 5465 1522 5537 τῷ
1562 5466 1629 5534 ὲφ

61 5548 296 5605 εστῶτιο
337 5546 447 5618 Τὴν
487 5546 722 5618 κεφαλήν
759 5546 857 5600 οὑκ
888 5545 1123 5620 ἔπληξας
1160 5548 1255 5603 τοῦ
1283 5548 1477 5620 ὄφεως,
1522 5549 1665 5605 κατὰ

132 5721 167 5752 ⁸
195 5720 333 5772 Fort.
361 5719 439 5768 διὰ
458 5718 538 5767 τὸν
557 5719 602 5767 δ.

1140 237 1225 292 DE
1258 230 1474 291 MUNDl
1505 232 1900 289 CREATIONE
1937 235 2195 295 ORATIO
2228 236 2315 293 Vl.

3194 238 3296 293 696

1720 355 1822 427 τῆς
1853 354 2099 426 κεφαλῆς
2139 354 2369 427 κροῦσον
2390 371 2405 389 ο
2444 355 2630 428 ἐπειδὴ
2670 356 2699 410 6
2738 355 2871 420 Θεὸς
2900 348 3076 420 εἶπεν,
3105 358 3299 424 Αὐτός

1719 453 1836 491 σου
1877 438 2124 507 τηρήσει
2168 438 2465 508 κεφαλὴν,
2510 438 2610 492 καὶ
2654 438 2736 494 σὺ
2796 437 3079 507 τηρήσεις
3110 443 3299 496 αὑτοῦ

1719 519 1999 588 πτέρναν.
2046 520 2109 573 Τί
2154 522 2210 575 δὲ
2248 522 2405 575 τοῦτό
2437 524 2612 589 ὲστιν;
2643 523 2717 576 Οὑ
2745 522 2911 590 λέγει,
2953 522 3036 575 ὃτι
3080 524 3299 595 Ποιὴσω

1718 602 1811 656 τὸν
1861 604 2144 675 ἄνθρωπον
2197 604 2337 659 κατά
2383 605 2493 659 τῶν
2534 605 2709 659 ἀλλων
2755 604 2848 658 τοῦ
2901 604 3150 676 σώματός
3205 624 3298 660 σου

1725 688 1900 759 μελῶν
1936 688 2009 759 μὴ
2067 690 2442 761 καταχρῆσθαι
2488 690 2692 761 πληγῇ,
2742 689 2909 762 μόνην
2951 691 3007 744 δὲ
3052 690 3300 755 κολάζειν

1698 771 1817 842 ’τὴν
1864 772 2128 843 κεφαλήν.
2180 772 2456 845 Κέχρηται
2490 774 2597 845 γὰρ
2642 777 2669 828 6
2714 775 3000 845 ἄνθρωπος
3044 776 3136 828 καὶ
3182 777 3299 837 ταῖς

1720 853 1863 907 κατά
1891 856 2111 909 πάντων
2140 856 2249 908 τῶν
2282 857 2460 927 μελῶν
2500 859 2591 911 ἐπὶ
2634 857 2721 911 τὸν
2767 858 2886 926 ὄφιν
2920 857 3176 927 πληγαῖς,
3224 859 3300 921 ὡς

1720 937 1842 991 ὅθεν
1876 938 1942 992 ἂν
1977 939 2173 1011 πλήξῃ,
2200 941 2262 993 τὸ
2302 942 2410 993 πᾶν
2448 940 2876 1012 τιμωρούμενος.
2916 941 3025 995 Καὶ
3064 940 3124 993 τὸ
3164 940 3298 1011 πρὸς

1720 1022 1812 1074 τὸν
1843 1022 1965 1092 ὄφιν
1987 1023 2045 1075 δὲ
2076 1025 2226 1095 παρά
2246 1024 2339 1077 τοῦ
2369 1027 2639 1078 Δεσπότου
2672 1026 2852 1097 ῥηθὲν,
2886 1026 2966 1078 ὅτι
2996 1025 3080 1080 Σὺ
3115 1024 3301 1079 αὑτοῦ

1722 1108 2007 1175 τηρήσεις
2040 1110 2321 1178 πτέρναν,
2360 1112 2421 1163 οὑ
2449 1111 2608 1164 τοῦτο
2652 1113 2909 1183 κηρύττει
2943 1113 3003 1165 τὸ
3034 1111 3175 1165 κατὰ
3201 1110 3302 1181 τῆς
3365 1143 3368 1147 ~

1725 1196 1963 1267 πτέρνης
1986 1196 2229 1250 δεδόσθαι
2267 1202 2380 1262 τοῖς
2417 1200 2604 1269 ὄφεσιν
2633 1198 2845 1268 ἔφοδον·
2875 1188 3165 1271 ἐπέρχεται
3193 1198 3302 1268 γὰρ

1723 1279 1837 1332 ἔσθ’
1886 1282 1976 1334 ὅτε
2022 1281 2117 1334 καὶ
2155 1282 2527 1347 καθεύδουσιν,
2587 1284 3015 1355 ἐπιλαμϐάνεται
3065 1281 3303 1354 γαστρὸς

1725 1363 2004 1429 πολλάκις,
2034 1363 2237 1436 ἐνίησιν
2270 1366 2368 1431 ἱὸν,
2419 1367 2512 1421 καὶ
2558 1368 2714 1439 χερσὶ
2762 1368 3027 1438 προσάγει
3056 1367 3150 1421 καλ¹
3189 1369 3303 1430 τοῖς

1722 1447 1930 1512 λοιποῖς
1960 1448 2145 1519 μέλεσι
2179 1449 2465 1520 δήγματαο
2517 1452 2609 1504 καὶ
2653 1452 2788 1517 ὅλως
2813 1452 2966 1507 οὐδὲν
2990 1451 3171 1505 αὑτῶν
3195 1450 3304 1504 τῶν

1724 1532 2081 1605 ἀνθρωπίνων
2130 1533 2307 1604 μελῶν
2355 1535 2593 1605 ἐμπεσὸν
2639 1536 2937 1607 ἀχείρωτον
2970 1536 3153 1607 μένειο
3188 1531 3304 1589 ἀλλ’

1724 1618 1756 1688 ἡ
1789 1618 1888 1688 τῆς
1918 1617 2244 1687 ἀποφάσεως
2297 1619 2499 1672 διάνοια
2550 1607 2771 1691 τοιαύτη
2795 1637 2806 1648 ·
2850 1620 2962 1675 Οὐκ
3011 1620 3112 1683 ἔτι,
3148 1619 3302 1690 φησὶ,

1724 1701 1864 1772 πρὸς
1918 1700 2209 1773 ἐπιϐουλὴν
2258 1701 2547 1773 ἀνθρώπου
2597 1705 2624 1755 6
2675 1703 2797 1773 ὄφις
2844 1703 3302 1776 παρῤησιάσεται,

1725 1784 1839 1839 ἀλλ’
1871 1786 2000 1837 είσω
2037 1785 2233 1856 μένων.
2269 1787 2523 1839 τοσοῦτον
2552 1785 2692 1851 ἕξεις
2736 1787 2842 1840 τῶν
2880 1787 3181 1859 ἀνθρώπων
3213 1784 3306 1838 τόν

1727 1868 1913 1940 φόϐον,
1964 1868 2104 1921 ὥστε
2152 1869 2376 1938 φωλεοῖς
2424 1869 2890 1944 ἐγκατακρύπτειν
2942 1871 3154 1936 σαυτὸν,
3212 1868 3307 1923 καὶ

1729 1952 1881 2024 μόλις
1909 1951 1968 2017 ἐξ
1998 1951 2147 2005 ὀπῶν
2181 1953 2318 2024 μετὰ
2357 1953 2523 2023 φόϐου
2556 1954 2907 2025 προκύπτειν,
2935 1954 3033 2018 τὰς
3063 1954 3170 2007 τῶν
3211 1954 3307 2006 ἀν-

1727 2036 1959 2108 θρώπων
2009 2037 2278 2108 παρόδους
2329 2037 2489 2107 μόνον
2526 2037 2797 2110 τηροῦντα
2840 2038 2977 2109 πρὸς
3029 2035 3309 2091 ἀκίνδυνον

1728 2121 1971 2192 πρόοδον.
2006 2120 2065 2174 Ὀ
2091 2120 2147 2173 δὲ
2178 2120 2484 2192 ἄνθρωπος,
2519 2124 2703 2193 φησὶν,
2732 2122 2790 2174 ὲν
2819 2122 2972 2194 ἀδείᾳ
3001 2120 3309 2191 περιπατή-

1730 2221 1832 2267 σει,
1859 2205 1959 2274 τῆς
1988 2203 2185 2257 σαυτοῦ
2218 2204 2461 2274 κεφαλῆς
2496 2205 2552 2256 ἐν
2584 2205 2810 2275 φωλεοῖς
2840 2204 3200 2276 τηρουμένης,
3233 2203 3310 2265 ὡς

1728 2287 1921 2359 ἐχθροῦ
1976 2287 2379 2359 κρυπτομένου,
2418 2289 2477 2342 οὑ
2528 2288 2906 2360 φθεγγομένης
2948 2288 3084 2359 πρὸς
3124 2287 3307 2352 αὑτὸν,

1730 2370 1804 2436 ὡς
1842 2372 1976 2443 πρὸς
2010 2372 2186 2442 φίλον.

1801 2455 1866 2508 θ’.
1898 2456 2037 2509 Ἀλλ’
2059 2455 2245 2527 ἐπειδὴ
2275 2457 2302 2508 6
2333 2456 2523 2529 καιρὸς
2546 2457 2778 2526 ἐπείγει,
2807 2457 3183 2530 πληρῶσωμεν
3217 2470 3312 2511 και

1730 2540 1888 2610 ἡμεῖς
1917 2540 2006 2593 τὸν
2040 2540 2216 2609 λόγον.
2258 2542 2536 2612 Ἠριὺτησε
2566 2542 2664 2612 τὴν
2705 2542 3097 2613 ἀπατηθεῖσαν.
3147 2559 3311 2612 μετα-ο

1733 2622 1903 2675 ϐαίνει
1938 2623 2029 2675 ἐπὶ
2056 2624 2146 2676 τὸν
2187 2625 2561 2694 ἀπατήσαντα.
2592 2627 2657 2679 Ἦ
2691 2626 2961 2695 ἀπόφασις
2990 2626 3174 2680 λοιπὸν
3204 2625 3312 2679 ἀπὸ

1731 2708 1828 2777 τῆς
1859 2706 2015 2776 ῥίζης
2048 2707 2250 2777 ἤρξατο
2276 2710 2368 2762 τοῦ
2405 2711 2809 2779 ἀπατήσαντος.
2859 2706 2991 2763 Εἶτα
3025 2705 3186 2780 ἦλθεν
3219 2712 3313 2763 ἐπὶ

1730 2789 1828 2860 τὴν
1860 2790 2254 2860 ἀπατηθεῖσαν,
2288 2793 2379 2845 καὶ
2405 2794 2633 2848 ἀπειλεῖ.
2676 2795 2739 2846 Ἢ
2766 2791 2956 2865 πρώτη
2990 2794 3139 2864 φωνὴ
3179 2793 3315 2864 πρὸς

1731 2872 1821 2925 τὸν
1847 2873 1990 2942 ὄφιν,
2030 2875 2515 2944 Ἐπικατάρατος.
2542 2878 2651 2930 Καὶ
2684 2873 2854 2931 εἶπεν
2879 2881 2912 2932 ό
2943 2877 3088 2943 Θεὸς
3116 2876 3189 2946 τῇ
3213 2896 3318 2947 γυ·-

1732 2958 1922 3011 ναικὶο
1961 2960 2293 3024 Πληθύνων
2330 2959 2621 3028 πληθυνῶ
2665 2960 2770 3027 τὰς
2809 2963 3009 3028 λύπας
3055 2978 3171 3016 σου
3215 2960 3317 3016 καὶ

1734 3041 1876 3106 τοὺς
1926 3044 2301 3113 στεναγμούς
2370 3060 2507 3098 σου,
2573 3046 2646 3098 Οὑ
2715 3047 3041 3116 καταρᾶται,
3100 3044 3186 3099 ἵνα
3240 3046 3315 3117 μὴ

1736 3124 1918 3197 τίκτῃ,
1956 3125 2144 3195 ἐπειδὴ
2178 3127 2500 3197 προφθάσας
2538 3127 2830 3199 εὐλόγησεν
2851 3144 2864 3156 ’
2894 3129 2981 3181 ὅτε
3010 3127 3117 3199 γάρ
3148 3129 3316 3183 ἔπλα-

1738 3225 1827 3261 σεν
1872 3210 2088 3273 αὑτοὺς,
2116 3210 2301 3280 λέγει’
2346 3212 2453 3265 Καὶ
2488 3213 2831 3281 εὐλόγησεν
2858 3212 3081 3279 αὐτοὺς
3110 3215 3142 3267 ό
3174 3212 3319 3281 Θεὸς·

1735 3294 1932 3363 λέγων
1951 3311 1965 3325 -
1987 3293 2335 3359 Αὺξάνεσθε
2367 3294 2463 3348 καὶ
2494 3296 2898 3363 πληθύνεσθε,
2940 3297 3039 3350 καὶ
3078 3296 3317 3366 πληρώ-

1737 3392 1884 3430 σατε
1912 3376 2029 3445 τὴν
2064 3377 2202 3447 γῆν.
2233 3378 2393 3447 Λέγει
2432 3378 2489 3432 δὲ
2523 3377 2753 3442 Παῦλος,
2787 3380 3227 3449 Ἀμεταμέλητα
3247 3383 3321 3434 τὰ

1738 3461 2077 3530 χαρίσματα
2117 3461 2224 3517 τοῦ
2266 3462 2434 3517 Θεοῦ.
2462 3463 2534 3515 Ού
2583 3465 2889 3532 καταρᾶται
2921 3458 3014 3517 οὖν
3053 3463 3146 3529 οὓς
3178 3466 3323 3518 εὑλό-

1738 3562 1907 3614 γησεν
1928 3564 1941 3577 ·
1980 3545 2115 3600 ἀλλά
2144 3546 2230 3613 τίς
2263 3546 2424 3601 Ξένον
2451 3548 2738 3618 φάρμακον
2772 3547 2923 3621 [508]
2952 3550 3214 3620 προσάγει
3244 3548 3323 3620 τῷ

1738 3632 2035 3701 τραύματι,
2067 3630 2244 3694 λύπας
2273 3633 2367 3685 καὶ
2407 3632 2730 3703 στεναγμόν.
2777 3634 2970 3703 Σχῆμά
3009 3636 3156 3689 ἔστιν
3183 3636 3321 3688 ἀπο-

1742 3714 1957 3785 φάσεως
1992 3712 2351 3785 πληττούσης,
2383 3713 2538 3768 λύσιν
2562 3715 2618 3768 δὲ
2649 3715 2740 3768 τοῦ
2772 3718 3112 3787 πταίσματος
3153 3721 3325 3788 ἐπαγε

1741 3798 2083 3869 γελλόμενον.
2114 3798 2467 3865 Πληθύνων,
2498 3800 2650 3869 φησὶ,
2678 3801 2967 3869 πληθυνῶ
2993 3803 3100 3867 τὰς
3124 3805 3325 3870 λύπας

1742 3897 1859 3935 σου
1898 3881 1996 3934 καί
2034 3880 2142 3933 τὸν
2169 3883 2509 3950 στεναγμόν
2541 3897 2679 3935 σου.
2710 3884 2980 3954 Φάρμακα
3013 3885 3323 3957 μετανοίας.

1743 3966 1982 4037 Πρόσεχε
2010 3980 2023 3994 °
2064 3963 2252 4035 ὥσπερ
2295 3966 2346 4018 οί
2395 3965 2566 4036 ίατροὶ
2627 3967 2683 4018 ὲν
2727 3965 2804 4036 τῷ
2854 3967 3003 4039 αὑτῷ
3046 3969 3328 4041 φαρμάκῳ

1744 4049 1839 4100 καὶ
1872 4047 2131 4114 στύφουσι
2172 4048 2267 4100 καὶ
2312 4046 2694 4117 θεραπεύουσι,
2725 4050 2757 4118 ἡ
2803 4049 2941 4120 αὑτὴ
2974 4053 3113 4122 τομὴ
3144 4054 3237 4105 καὶ
3266 4052 3329 4106 τὸ

1745 4129 1878 4183 αὑτὸ
1922 4130 2161 4201 σιδήριον
2192 4131 2286 4183 καὶ
2313 4133 2347 4201 ἡ
2382 4130 2519 4202 αὑτὴ
2547 4131 2705 4203 ὣύνη
2741 4132 2879 4203 μετά
2904 4133 3002 4203 τῆς
3026 4135 3198 4205 τομῆς
3230 4154 3330 4189 σω-

1746 4212 1938 4285 τηρίαν
1977 4215 2169 4284 γεννᾷ·
2201 4212 2372 4277 οὑτως
2396 4216 2425 4268 6
2454 4214 2583 4278 Θεὸς
2607 4215 2787 4269 δίδωσι
2826 4216 2918 4270 δύο
2946 4217 3130 4287 ἐφόδια
3165 4236 3329 4289 μετα-

1748 4296 1895 4361 νοίας
1925 4300 1990 4369 τῇ
2019 4296 2404 4369 ἀμαρτησάσῃ,
2425 4297 2602 4368 λύπην
2624 4299 2718 4352 καὶ
2743 4301 3067 4371 στεναγμόν,
3097 4303 3138 4355 Τ
3145 4302 3161 4354 ί
3191 4303 3330 4373 ὠφε-

1749 4379 1831 4434 λεῖ
1862 4380 2037 4450 λύπη;
2077 4383 2277 4434 ’Ἄκουε
2323 4381 2534 4435 Παύλου
2582 4382 2861 4452 λέγοντος·
2906 4385 2975 4440 Ἠ
3023 4385 3132 4458 γὰρ
3178 4390 3330 4442 κατὰ

1758 4464 1907 4518 Θεὸν
1937 4465 2100 4532 λύπη
2136 4464 2460 4534 μετάνοιαν
2503 4469 2591 4531 εἰς
2629 4467 2931 4536 σωτηρίαν
2960 4468 3331 4539 ἀμεταμέλη-

1755 4565 1860 4602 τον
1909 4547 2332 4618 κατεργάζεται.
2387 4550 2495 4603 Καὶ
2543 4550 2595 4602 τί
2649 4551 2939 4622 ἐργάζεται
2990 4553 3328 4623 στεναγμός;

1756 4632 1951 4685 ’Ἄκουε
1999 4632 2247 4684 Ἡσαΐου·
2318 4633 2493 4686 Ὅταν
2542 4634 2949 4703 ἀποστραφεὶς
3006 4637 3331 4706 στενάξῃς,

1751 4717 1884 4770 τότε
1924 4716 2200 4785 σωθήσῃ.
2249 4716 2580 4784 Πληθύνων
2623 4715 2913 4785 πληθυνῶ
2967 4718 3072 4784 τὰς
3131 4722 3331 4786 λύπας

1753 4815 1870 4855 σου
1898 4799 1996 4852 καί
2029 4802 2137 4853 τὸν
2168 4799 2507 4869 στεναγμόν
2553 4816 2689 4854 σου.
2739 4801 2803 4854 Ἠ
2831 4799 2974 4872 λύπη
3006 4802 3246 4873 ἀμορφοῖ
3272 4805 3334 4857 τὸ

1759 4882 1864 4947 ἔξω
1895 4882 2186 4954 πρόσωπον
2226 4884 2318 4935 καὶ
2352 4883 2577 4951 στυγνὸν
2610 4884 2772 4939 ποιεῖ.
2811 4884 3067 4953 Καρδίας
3096 4887 3335 4954 εὐφραι-

1755 4963 2015 5033 νομένης
2044 4964 2252 5019 θάλλει
2286 4966 2631 5033 πρόσωπον,
2661 4965 2731 5019 ἐν
2774 4966 2842 5018 δὲ
2872 4967 3099 5034 λύπαις
3140 4970 3338 5037 οὔσης

1757 5046 2182 5116 σκυθρωπάζει.
2221 5048 2440 5118 Ἐπειδὴ
2470 5045 2607 5102 εἶδεν
2640 5051 2668 5103 ό
2696 5050 2972 5121 ὀφθαλμὸς
3002 5051 3061 5105 τὸ
3099 5052 3337 5124 δένδρον,

1758 5132 1853 5185 καὶ
1898 5131 2180 5197 ἐλογίσατο
2226 5135 2292 5206 τῇ
2342 5132 2551 5205 διανοίᾳ
2593 5133 2846 5202 ίσοθεῒαν,
2890 5134 3105 5189 δίδωσιν
3139 5139 3168 5189 6
3206 5137 3343 5199 Θεὸς

1764 5216 2065 5286 στεναγμὸν
2101 5219 2169 5289 τῇ
2204 5218 2420 5289 καρδίᾳ,
2452 5220 2542 5271 καὶ
2584 5218 2759 5291 λύπην
2803 5219 2887 5290 τῷ
2917 5220 3215 5292 προσώπῳ,
3255 5223 3343 5275 ἵνα

1764 5299 1828 5352 δι’
1857 5294 1931 5354 ὧν
1954 5301 2167 5372 ἥμαρτε
2190 5302 2451 5374 κολασθῇ,
2491 5304 2584 5357 καὶ
2618 5304 2705 5357 ἵνα
2741 5302 2905 5374 πείσῃ
2945 5304 3082 5374 αῦτη
3109 5308 3141 5376 ή
3167 5322 3343 5374 τιμω-

1768 5384 1880 5457 ρία,
1910 5385 2111 5455 μᾶλλον
2145 5386 2200 5439 δὲ
2244 5386 2508 5458 σωτηρία,
2532 5387 2629 5459 τὴν
2661 5390 2916 5457 γυναῖκα,
2944 5388 3026 5440 ὅτι
3058 5389 3159 5440 οὑκ
3184 5387 3344 5457 ἐψεύ-

1766 5484 1895 5520 σατο
1924 5469 2021 5537 τὴν
2047 5470 2280 5541 ἀρχαίαν
2304 5470 2573 5539 εὐλογίαν.
2604 5471 2789 5526 Εἰπὼν
2816 5469 2924 5541 γὰρ
2957 5471 3160 5537 αὐτοῖς,
3187 5474 3347 5538 Πλη-

1757 5552 1997 5621 ρὼσατε
2034 5553 2148 5621 τὴν
2188 5552 2321 5624 γῆν,
2355 5554 2522 5624 λέγει,
2573 5556 2677 5609 Ἐν
2706 5555 2929 5619 λύπαις
2955 5552 3098 5621 τέξῃ
3142 5552 3345 5608 τέκνα.

1767 5636 1842 5688 Τὸ
1888 5637 1985 5707 μὲν
2026 5637 2228 5692 τίκτειν
2273 5638 2373 5691 οὑκ
2400 5637 2638 5709 ἀναιρῶ·
2689 5635 2837 5702 ἅπαξ
2887 5635 2996 5708 γάρ
3038 5636 3305 5708 εὐλόγησα
3332 5655 3346 5668 °

1773 5719 1906 5773 ἀλλά
1937 5720 2215 5792 ὀδυνήσεις
2260 5724 2317 5777 ἐν
2368 5722 2571 5788 πόνοις,
2618 5722 2675 5774 ὲν
2728 5724 3013 5792 ταραχαῖςο
3051 5720 3262 5795 Ἐκεινη
3311 5723 3348 5796 ’θ
