3692 6274
38 275 159 331 497

35 391 246 457 (locu.
279 389 371 446 16.
401 387 513 459 21).
545 387 809 443 'fristatur
839 402 960 442 cum
1007 385 1144 457 parit
1166 427 1181 451 ,
1223 385 1381 439 anxia
1418 393 1501 439 est
1528 383 1653 438 dum

35 482 281 544 nutrit;
310 478 398 534 ubi
427 494 558 547 puer
578 478 832 548 grandior
859 486 963 543 est,
993 485 1210 531 veretur
1248 491 1315 529 ne
1339 488 1522 528 socors
1548 474 1655 535 sit;

32 570 87 623 si
124 568 533 639 peregrinetur,
564 568 751 622 metuit
773 582 840 621 re
867 566 1124 621 moriatur
1146 606 1162 629 ,
1194 580 1261 619 ne
1282 564 1334 618 in
1358 564 1547 617 morbo
1572 562 1657 617 vel

34 661 97 713 in
133 674 391 714 mrumna
418 668 677 714 versetur.
724 657 818 713 His
856 658 937 711 vir
974 672 1078 711 non
1107 665 1189 710 cst
1213 654 1509 716 obnoxius;
1555 652 1655 707 etsi

32 751 207 803 enim
238 759 397 820 pater
423 748 493 803 sit
516 748 807 812 sollicitus,
860 762 965 801 non
1006 744 1228 815 perinde
1271 754 1448 799 tanwn
1496 753 1656 812 atque

34 850 275 906 mater;
321 842 417 896 sed
451 840 683 910 seipsum
719 840 1024 894 consolatur
1062 839 1247 892 dicens
1286 854 1298 889 :
1346 838 1516 892 llomo
1548 845 1651 902 est,

32 934 158 987 scit
192 932 303 987 sibi
338 932 679 1002 prospicere;
715 942 884 1000 mue
913 930 1102 984 anxius
1130 938 1234 984 est.
1281 928 1493 996 Quare?
1522 928 1654 995 Quia

34 1042 164 1079 non
201 1026 411 1080 audivit
436 1024 531 1079 ille
557 1020 669 1078 :In
693 1023 949 1078 doloribus
978 1023 1146 1094 paries
1172 1022 1325 1089 ﬁlios.
1380 1020 1653 1076 Insolitqu

32 1132 241 1186 penna:
258 1128 459 1186 genus:
475 1114 800 1184 experientia
815 1115 960 1169 testis
978 1121 1084 1167 est.
1100 1113 1230 1167 Cum
1249 1112 1462 1167 dolores
1478 1123 1656 1182 partus

30 1208 351 1262 mulierem
393 1205 671 1267 invadunt,
714 1219 782 1259 ne
807 1204 858 1258 in
891 1203 1018 1273 ipsis
1044 1202 1256 1273 quidem
1287 1202 1554 1257 laboribus
1580 1203 1658 1256 vi-

32 1312 179 1353 rum
216 1296 465 1367 despicit.
506 1295 620 1350 Non
659 1294 822 1359 dicit,
856 1293 1064 1350 Utinam
1094 1294 1288 1363 nuptias
1316 1308 1423 1348 non
1451 1300 1651 1359 essent,

33 1386 273 1445 uti'nam
328 1405 431 1444 non
471 1399 612 1443 esset
662 1388 949 1441 liberorum
993 1385 1311 1455 procreatio.
1369 1383 1485 1439 Non
1527 1383 1655 1438 sinit

37 1482 211 1537 Deus
236 1480 385 1535 illam
414 1486 533 1549 post
562 1477 719 1532 talem
741 1476 1119 1547 experientiam
1148 1474 1325 1531 odisse
1352 1475 1525 1529 virum
1555 1491 1568 1526 :
1600 1482 1656 1529 at

31 1574 187 1627 licet
220 1572 371 1626 novit
399 1570 523 1640 quid
553 1584 728 1639 passa,
760 1568 885 1638 quid
908 1576 1124 1637 experta
1148 1567 1245 1631 sit,
1274 1567 1444 1620 virum
1478 1576 1653 1620 tamen

28 1664 257 1732 diligit.
292 1661 432 1726 Ideo,
463 1660 528 1713 In
554 1658 810 1714 doloribus
830 1658 995 1728 paries
1019 1658 1171 1727 filios,
1188 1667 1234 1712 et
1251 1657 1317 1710 ad
1337 1658 1496 1710 virum
1514 1664 1655 1709 tuum

29 1755 326 1807 conversio
369 1762 490 1818 tua,
534 1760 582 1806 et
622 1751 732 1822 ipse
772 1748 1114 1804 dominabitur
1151 1748 1224 1803 tui
1267 1746 1417 1821 (Gen.
1446 1748 1499 1804 5.
1536 1748 1650 1819 16).

28 1846 195 1912 Quia
223 1844 338 1914 jam
368 1844 505 1899 male
552 1843 820 1911 imperasti
846 1883 860 1902 ,
911 1851 966 1897 et
995 1840 1280 1895 voluntatis
1325 1848 1426 1894 tusc
1469 1854 1654 1894 servus

27 1937 291 1992 aﬂ'ectus
332 1945 448 2000 est,
492 1934 735 1990 ordinem
775 1934 926 1988 solvo
958 1950 971 1986 :
1015 1933 1129 2003 ipse
1170 1933 1419 1987 dominus
1446 1933 1533 1997 sit,
1563 1932 1653 2003 qui

28 2045 160 2084 non
196 2038 288 2083 est
312 2028 586 2097 deceptus.
621 2026 744 2081 Ideo
771 2025 965 2080 Paulus
990 2026 1062 2079 ait
1088 2041 1101 2077 :
1137 2022 1341 2078 Mulieri
1369 2033 1531 2078 autem
1556 2024 1652 2077 do-

22 2139 164 2176 cere
212 2137 321 2175 non
350 2121 580 2190 permitto
600 2160 614 2181 ,
657 2134 813 2187 neque
850 2116 1101 2171 dominari
1142 2117 1196 2169 in
1225 2117 1386 2170 virum
1412 2116 1486 2185 (l.
1515 2114 1649 2170 Tim.

25 2213 95 2269 Ξ.
127 2215 153 2267 1
174 2211 261 2283 2).
317 2211 446 2265 Nam
485 2210 622 2264 male
646 2209 873 2278 primum
900 2207 1082 2262 docuit
1104 2207 1153 2261 iu
1180 2205 1443 2275 paradiso.
1477 2204 1655 2276 Neque

18 2304 321 2361 dominari
347 2304 399 2358 in
421 2304 583 2357 virum
601 2318 619 2355 :
641 2302 780 2357 male
802 2301 946 2356 enim
974 2300 1241 2356 dominata
1261 2308 1367 2355 est.
1397 2299 1507 2354 Hoc
1524 2314 1654 2369 ergo

23 2412 223 2453 sensu
250 2396 406 2465 jubet
430 2395 625 2449 Paulus
655 2393 926 2448 mulierem
955 2407 1060 2447 non
1086 2392 1299 2457 docere,
1328 2391 1398 2447 ob
1432 2407 1494 2446 ea
1535 2406 1654 2462 qua:

21 2493 86 2545 in
146 2488 413 2559 paradiso
440 2497 732 2543 evenerant
764 2502 777 2539 :
807 2500 907 2540 nec
951 2500 1052 2540 nos
1080 2483 1406 2553 sopbismate
1434 2483 1651 2537 utimur.

22 2580 196 2636 Audi
229 2594 355 2635 eum
383 2595 397 2632 :
432 2576 638 2632 Mulieri
660 2587 826 2631 autem
853 2576 1030 2630 docere
1064 2590 1165 2655 non
1208 2577 1459 2644 permitto,
1497 2591 1655 2646 neque

21 2672 320 2728 dominari
346 2673 396 2724 iu
425 2672 604 2724 virum.
632 2669 699 2724 Et
722 2679 780 2725 ut
804 2668 1051 2724 ostendat
1071 2684 1150 2736 se,
1183 2668 1303 2724 ideo
1322 2668 1371 2722 id
1393 2677 1650 2736 statuere,

21 2765 243 2821 subdit
274 2782 290 2818 :
324 2763 487 2817 Adam
523 2764 654 2818 enim
683 2778 783 2817 non
807 2771 880 2816 est
910 2763 1142 2816 seductus
1168 2804 1181 2826 ,
1224 2762 1406 2815 mulier
1432 2777 1544 2816 vero
1569 2778 1652 2816 se-

14 2862 213 2914 ducta
236 2867 316 2912 est
342 2857 395 2911 in
414 2856 825 2929 praevaricatione
846 2853 1005 2922 (Ibid.
1036 2871 1083 2909 υ.
1117 2852 1229 2927 14).

110 2953 221 3007 10.
275 2949 445 3003 Maria
474 2950 614 3020 virgo
651 2964 743 3020 pro
782 2948 972 3018 virgine
998 2945 1108 3001 Eva
1149 2945 1428 3000 intercedit.
1483 2946 1652 3000 Maria

20 3042 287 3115 quotidie
312 3041 453 3096 beata
483 3041 683 3094 dicitur.
711 3069 783 3080 —
806 3038 944 3107 Quid
971 3039 1169 3110 igitur?
1198 3038 1524 3093 damnationi
1554 3038 1651 3092 ob.

24 3138 255 3207 noxius
284 3145 366 3189 est
393 3134 631 3189 mulieris
656 3147 836 3197 sexus,
859 3141 1143 3201 manetque
1164 3130 1215 3184 in
1238 3130 1530 3195 doloribus,
1552 3145 1652 3186 nec

24 3226 334 3283 vinculum
368 3223 630 3279 solvitur?
674 3222 830 3277 Venit
857 3221 1100 3277 Christus
1128 3222 1212 3291 qui
1243 3221 1516 3276 vinculum
1543 3221 1651 3275 sol-

22 3325 115 3378 vit
153 3341 171 3378 :
202 3320 441 3375 occurrit
467 3333 531 3373 ea
556 3333 673 3386 qua:
708 3318 986 3372 Dominum
1021 3316 1221 3385 peperit
1249 3354 1266 3379 ,
1296 3315 1446 3369 sexui
1477 3324 1652 3384 patro-

24 3419 288 3475 cinans,
334 3420 515 3465 sancta
563 3409 722 3479 Virgo
766 3422 863 3478 pro
899 3407 1138 3478 virgine;
1187 3421 1311 3462 nam
1358 3406 1507 3477 virgo
1535 3416 1651 3462 erat

28 3508 161 3562 Eva
214 3518 342 3558 cum
378 3500 642 3571 peccavit;
688 3499 953 3554 damnatae
990 3497 1232 3553 dolorem
1265 3497 1456 3563 solvit,
1494 3508 1652 3569 atque

24 3598 343 3669 gemitum.
367 3592 516 3650 Sicut
540 3592 682 3646 enim
721 3590 766 3645 si
793 3590 914 3661 quis
937 3589 989 3644 in
1022 3589 1217 3659 regiam
1247 3598 1495 3655 vocetur,
1524 3605 1652 3647 suos

25 3684 360 3743 honoribus
386 3697 580 3753 augere
608 3681 819 3745 studet,
847 3694 912 3735 ac
934 3720 950 3746 ,
987 3680 1031 3734 si
1065 3680 1115 3734 in
1150 3681 1390 3750 angustia
1434 3681 1648 3749 iuerint,

26 3780 293 3835 liberare
318 3790 332 3827 :
358 3774 436 3828 sic
454 3780 637 3827 sancta
663 3772 820 3841 Virgo
845 3771 897 3825 in
925 3770 1122 3841 regiam
1152 3782 1359 3838 vocata,
1383 3782 1439 3828 ut
1457 3772 1651 3829 divinat

26 3865 397 3942 generationi
427 3865 786 3927 ministraret,
819 3862 1034 3917 insolito
1063 3862 1259 3917 donata
1292 3874 1443 3933 partu
1470 3905 1485 3927 ,
1514 3864 1651 3920 hanc

26 3964 294 4034 primum
323 3959 544 4028 gratiam
576 3958 736 4026 petit,
780 3957 889 4017 imo
926 3956 1142 4027 accipit.
1189 3957 1323 4025 Quia
1354 3973 1460 4013 non
1495 3959 1651 4015 dece-

28 4058 137 4110 bat
166 4052 350 4120 culpa:
366 4049 648 4104 obnoxiam
681 4049 929 4107 feminam
953 4051 1223 4105 innoxium
1248 4049 1483 4122 gignere,
1507 4054 1653 4108 venit

27 4149 81 4201 is
115 4143 227 4215 qui
260 4142 434 4212 primo
468 4142 591 4195 Eva:
618 4141 884 4197 tristitiam
905 4158 999 4212 per
1019 4142 1267 4213 gaudium
1295 4143 1470 4198 solvit.
1496 4144 1653 4201 Venit

22 4233 289 4306 angelus
322 4232 517 4303 Virgini
547 4232 727 4288 dicens
756 4250 771 4288 :
802 4234 1091 4305 Ave,gratia
1104 4234 1252 4304 plena
1278 4233 1426 4308 (Luc.
1454 4236 1505 4291 1.
1533 4236 1648 4309 28).

22 4329 196 4384 Tum
229 4338 327 4395 per
354 4323 573 4390 Aue,5eu
613 4322 791 4378 Gaude
817 4324 967 4391 illud,
997 4324 1225 4379 tristitia:
1251 4326 1516 4382 vinculum
1542 4329 1653 4383 sol-

26 4422 141 4475 vit.
186 4417 345 4480 Ave;
368 4415 512 4469 venit
532 4415 577 4469 is
592 4415 681 4485 qui
702 4416 856 4471 solvit
872 4415 1157 4471 tristitiam.
1178 4416 1461 4487 Aoe,gratia
1478 4418 1650 4487 plena,

22 4512 179 4583 qnia
218 4508 477 4561 hactenus
517 4506 802 4562 maledicto
839 4506 1090 4562 obnoxia.
1148 4507 1244 4563 Hic
1292 4506 1386 4562 Dei
1427 4510 1649 4578 gratiam

22 4599 450 4659 animadverte.
481 4597 772 4667 Are,gratia
800 4598 950 4667 plena
971 4638 987 4663 ,
1017 4597 1266 4653 Dominus
1288 4608 1470 4654 tecum.
1519 4602 1651 4668 Quia

22 4710 176 4751 cum
231 4690 321 4745 illa
351 4703 572 4758 serpens
611 4691 662 4744 in
703 4689 912 4743 tristitia
934 4731 948 4755 ,
976 4688 1174 4759 gaude,
1203 4690 1326 4760 quia
1358 4699 1535 4746 tecum
1568 4703 1653 4748 est

25 4792 228 4844 Deus.
262 4784 340 4836 Ac
371 4781 489 4835 vide
515 4780 687 4851 angeli
718 4782 943 4846 vocem,
970 4782 1235 4851 quomodo
1262 4792 1423 4838 totam
1454 4782 1651 4841 Christi

19 4875 518 4949 dispensationem
568 4874 817 4944 explicat.
866 4874 1158 4947 Ave,gratia
1184 4876 1354 4945 plena.
1400 4878 1532 4945 Quia
1562 4879 1651 4934 illa

17 4971 332 5042 duplicem
360 4967 782 5023 maledictionem
811 4967 1051 5038 accepit,
1090 4968 1353 5024 tristitiam
1391 4978 1446 5024 et
1479 4972 1650 5040 gemi-

20 5080 162 5123 tum
208 5070 413 5130 partus,
447 5059 649 5114 inducit
672 5070 902 5128 partum,
924 5060 1014 5129 qui
1040 5060 1212 5113 solvat
1238 5060 1470 5129 priorem
1499 5060 1649 5117 illum

18 5164 298 5229 partum.
353 5149 486 5204 Ecce
512 5150 760 5218 concipies
788 5150 841 5204 in
870 5158 1007 5203 utero
1029 5190 1046 5214 ,
1088 5159 1135 5203 et
1174 5150 1337 5220 paries
1376 5151 1576 5219 ﬁlium,
1603 5163 1651 5208 et

15 5244 261 5305 vocabis
288 5258 467 5296 nomen
487 5243 596 5308 eius
619 5240 797 5297 Iesum
830 5239 989 5307 (Ibid.
1019 5258 1066 5296 υ.
1097 5243 1215 5312 51).
1238 5243 1361 5313 Ipse
1387 5246 1518 5300 enim
1541 5246 1650 5300 sal-

16 5354 167 5396 vum
207 5333 361 5406 faciet
392 5332 639 5402 populum
674 5349 824 5387 suum
846 5349 879 5385 a
906 5335 1120 5401 peccatis
1147 5350 1322 5389 eorum
1350 5335 1563 5406 (Matth.
1597 5339 1647 5394 1.

14 5432 167 5501 2|).
222 5426 442 5480 Patrum
476 5433 683 5479 tuorum
725 5434 937 5494 peccata
967 5424 1122 5479 solvit
1146 5427 1235 5495 qui
1266 5442 1331 5481 ex
1368 5435 1420 5482 te
1448 5427 1649 5484 fructus

14 5524 250 5579 uritur.
294 5515 414 5572 iam
446 5525 645 5571 mutata
675 5532 761 5571 res
789 5524 892 5573 est.
942 5516 1209 5573 Hactenus
1245 5518 1335 5588 qui
1364 5519 1526 5575 Evam
1556 5535 1651 5575 au-

14 5614 318 5675 diebant,
351 5609 600 5665 miseram
636 5606 994 5677 praedicabant
1024 5627 1037 5663 :
1074 5607 1160 5664 Vae
1188 5608 1399 5664 miserae
1432 5626 1447 5664 :
1477 5623 1648 5679 quan-

18 5722 155 5767 tam
192 5702 426 5775 gloriam
457 5698 674 5756 amisit!
720 5714 804 5755 vae
833 5700 1041 5756 misera:
1070 5718 1083 5754 :
1115 5709 1311 5772 quanta
1347 5714 1505 5772 passa
1529 5702 1648 5758 est!

1174 270 1263 327 DE
1297 267 1511 326 unum
1551 263 1942 324 anA'rtoat;
1984 236 2362 329 onmem.

3226 266 3331 323 £98

1761 382 1924 438 Maria
1948 384 2191 441 nuntidie
2205 384 2438 438 muniunt
2457 399 2586 440 voce
2609 383 2774 452 audit,
2804 382 2962 437 Beata
2992 398 3008 438 :
3036 396 3161 436 sane
3188 381 3342 451 plena

1762 473 1966 542 Spiritu
1992 484 2193 529 sancto.
2228 475 2303 528 Ac
2322 474 2535 529 demum
2564 474 2858 529 vaticinans
2892 472 3049 542 Virgo
3070 472 3190 526 audi
3213 470 3339 540 quid

1761 566 1903 621 dicat
1933 585 1946 620 :
1975 565 2275 621 Benedictus
2303 565 2547 621 Dominus
2576 566 2711 620 Deus
2737 564 2934 632 Israel,
2978 566 3095 635 quia
3124 563 3344 632 respexit

1761 656 2092 710 humilitatem
2115 656 2318 712 ancilla:
2351 672 2459 710 sua:
2483 672 2503 710 :
2531 672 2596 710 ea:
2624 658 2718 709 hoc
2760 657 2888 709 enim
2927 655 3125 709 beatam
3155 672 3234 708 me
3262 652 3343 707 dl-

1759 757 2060 801 centenum
2086 747 2429 817 generationes
2469 746 2617 816 (Luc.
2652 748 2702 801 1.
2726 746 2816 802 68.
2847 756 2892 800 et
2919 747 3028 817 48).
3063 746 3130 802 Ut
3155 757 3342 801 osten-

1759 837 1851 891 dat
1874 852 1933 891 se
1961 852 2239 906 personam
2263 837 2388 891 Evae
2414 848 2651 907 gestare,
2682 836 2764 890 Me
2787 835 2853 889 ad
2879 835 2980 889 huc
3007 850 3172 905 usque
3202 845 3342 890 tem-

1763 944 1888 997 pus,
1943 930 2141 999 inquit,
2194 930 2530 984 contumelia:
2578 928 2838 992 habitam,
2886 938 3089 982 extum
3132 929 3339 982 beatam

1760 1021 1792 1073 d
1816 1030 1936 1075 cent
1959 1035 2146 1075 omnes
2172 1021 2557 1090 generationes.
2580 1022 2643 1075 Et
2659 1020 2805 1090 quid,
2834 1021 3057 1089 inquies,
3077 1021 3149 1074 illi
3182 1020 3344 1089 prod-

1759 1124 1875 1179 est,
1928 1132 2049 1170 cum
2090 1130 2195 1169 non
2231 1114 2452 1169 audiat?
2497 1117 2563 1168 At
2589 1128 2775 1169 revera
2808 1113 2995 1178 audit,
3024 1112 3164 1182 quod
3192 1114 3262 1166 sit
3290 1115 3342 1168 in

1759 1206 2037 1274 Splendida
2079 1206 2226 1269 luco,
2273 1206 2323 1259 in
2357 1206 2570 1276 regione
2597 1206 2836 1259 vivorum
2860 1246 2873 1267 ,
2921 1214 3093 1258 mater
3134 1204 3341 1270 salutis,

1759 1292 1880 1348 funis
1904 1295 2070 1360 lucis,
2102 1310 2221 1365 qua:
2255 1305 2308 1350 et
2333 1311 2492 1350 sensu
2519 1306 2573 1349 et
2612 1306 2788 1349 mente
2832 1295 3151 1364 percipitur;
3183 1309 3345 1349 sensu

1759 1397 1977 1456 propter
2001 1402 2240 1450 carnem,
2271 1400 2451 1443 mente
2479 1399 2698 1459 propter
2724 1388 3074 1443 divinitatem.
3120 1388 3209 1444 Sic
3239 1389 3344 1443 ita-

1758 1491 1862 1546 que
1886 1494 2099 1547 prorsus
2126 1480 2278 1534 beata
2310 1479 2645 1549 praedicatur.
2675 1479 2784 1533 lmn
2806 1479 2964 1534 etiam
2992 1480 3116 1535 dum
3144 1480 3346 1535 viveret

1759 1568 1813 1623 in
1843 1583 2003 1623 carne
2024 1611 2037 1633 ,
2070 1569 2221 1625 beata
2249 1570 2670 1640 praedicabatur:
2698 1571 2898 1625 audivit
2936 1572 3076 1626 enim
3112 1570 3343 1627 beatitu-

1757 1659 1935 1714 dinem
1966 1660 2105 1713 illam
2132 1675 2254 1714 cum
2273 1660 2446 1715 adhuc
2470 1660 2522 1714 in
2546 1676 2706 1715 carne
2734 1670 2896 1715 esset.
2944 1659 3038 1715 Illa
3066 1663 3239 1730 primo
3264 1663 3342 1715 vi-

1755 1750 1867 1815 dit,
1895 1767 1958 1806 ac
1983 1750 2176 1807 deinde
2200 1767 2267 1806 ex
2300 1752 2488 1807 arbore
2514 1753 2777 1822 gustavit;
2820 1751 2934 1807 ham
2976 1754 3148 1822 primo
3186 1752 3340 1819 dixit,

1757 1853 1812 1899 et
1833 1852 1957 1899 tunc
1980 1844 2356 1899 beatitudinem
2382 1843 2600 1898 audivit.
2644 1842 2776 1897 Cum
2808 1844 2948 1897 enim
2976 1842 3216 1899 Salvator
3240 1842 3341 1898 do-

1756 1946 1939 2001 ceret,
1976 1937 2236 1991 Extolleus
2258 1952 2423 1991 vocem
2453 1935 2686 2006 quadam
2724 1935 2907 1989 mulier
2930 1935 2993 1988 de
3023 1936 3167 1988 turba
3187 1934 3337 2006 (Luc.

1759 2030 1845 2084 11.
1871 2028 1985 2100 27),
2018 2029 2224 2085 cunctis
2252 2027 2608 2094 audientibus,
2631 2026 2760 2081 dicit
2788 2026 2865 2080 illi
2897 2043 2910 2080 :
2937 2025 3126 2081 Beatus
3160 2036 3335 2079 venter

1755 2123 1842 2193 qui
1868 2132 1914 2177 te
1942 2122 2174 2193 portavit,
2200 2132 2243 2176 et
2263 2121 2416 2175 ubera
2440 2136 2553 2193 quae
2568 2121 2767 2176 suxisti.
2785 2120 3045 2175 Cteterum
3070 2118 3340 2208 igAdamo

1757 2214 1995 2283 implevit
2033 2214 2172 2268 Deus
2197 2213 2514 2267 sententiam
2540 2252 2557 2277 ,
2590 2212 2695 2266 imo
2721 2226 2848 2266 vero
2878 2211 3201 2280 paenitentiae
3222 2225 3339 2265 me-

1756 2304 1966 2369 delam,
2015 2306 2237 2375 aitque:
2270 2303 2403 2370 Quia
2448 2303 2635 2357 audisti
2678 2318 2847 2357 vocem
2895 2302 3068 2355 uxoris
3116 2311 3247 2367 tute,
3291 2308 3341 2354 et

1756 2397 2014 2452 eomedisti
2039 2396 2103 2451 de
2139 2397 2306 2467 ligno,
2335 2411 2397 2450 ea:
2420 2412 2519 2466 quo
2546 2410 2879 2467 preceperam
2914 2393 3003 2448 tibi
3027 2410 3089 2447 ne
3112 2392 3343 2447 comede-

1756 2507 1855 2555 res,
1882 2489 2145 2543 maledicta
2172 2499 2303 2542 terra
2329 2489 2381 2541 iu
2417 2488 2647 2557 operibus
2668 2488 2765 2541 tuis
2796 2485 2947 2558 (Gen.
2972 2486 3025 2542 5.
3061 2486 3175 2557 17).
3205 2488 3340 2541 Ilur-

1756 2595 1848 2635 sus
1879 2580 1968 2650 qui
2000 2579 2310 2637 benedictus
2338 2578 2545 2643 fuerat,
2579 2577 3004 2639 maledictionem
3036 2594 3141 2633 non
3172 2578 3341 2633 susci-

1756 2674 1870 2742 pit,
1898 2671 1991 2726 sed
2022 2682 2180 2726 terra.
2214 2671 2365 2725 Alius
2401 2670 2677 2741 peccavit,
2708 2669 2810 2724 alia
2850 2670 3088 2725 caeditur.
3117 2669 3186 2727 Ut
3216 2671 3340 2726 Eva:

1755 2763 2060 2818 maledictio
2091 2779 2103 2815 :
2135 2764 2239 2816 imo
2277 2764 2450 2832 potius
2489 2761 2826 2826 emendatio;
2875 2775 2978 2814 non
3006 2763 3148 2816 enim
3173 2762 3340 2817 male-

1754 2854 1917 2908 dictio
1966 2862 2120 2915 erat,
2171 2852 2265 2908 sed
2307 2851 2613 2908 emendatio
2656 2868 2671 2905 :
2713 2852 3159 2922 quemadmodum
3213 2854 3337 2909 Eva:

1754 2946 2037 3011 correctio,
2061 2944 2126 2999 In
2155 2945 2413 2999 doloribus
2438 2944 2603 3015 paries
2634 2944 2852 3016 (ctenim
2874 2944 3048 2998 omnis
3074 2944 3263 2999 mulier
3285 2946 3335 2999 iu

1754 3041 2025 3097 doloribus
2080 3038 2281 3111 parit),
2335 3039 2591 3093 hactenus
2638 3039 2831 3092 mansit
2860 3055 2872 3091 :
2906 3037 2984 3092 sic
3020 3046 3072 3091 et
3097 3037 3287 3092 Adami
3320 3056 3335 3094 :

1756 3131 2029 3187 Maledicta
2050 3131 2247 3185 terrain
2268 3128 2499 3198 operibus
2526 3130 2644 3182 tuis.
2672 3127 2921 3182 Nostrum
2950 3143 3108 3196 opera
3137 3129 3334 3199 iniqua,

1754 3234 1808 3279 et
1834 3235 1971 3278 terra
2002 3221 2264 3292 plectitur.
2296 3219 2402 3274 Nos
2425 3234 2725 3289 peccamus,
2753 3226 2808 3273 et
2836 3226 2975 3273 terra
3004 3218 3334 3273 maledicno-

1755 3330 1877 3370 nem
1901 3313 2113 3383 accipit.
2165 3312 2341 3366 Parcit
2382 3311 2521 3365 Deus
2549 3307 2784 3379 opiﬁcio,
2830 3316 2891 3362 ut
2932 3308 3162 3379 ingenuo
3204 3309 3333 3375 tilio,

1755 3419 1948 3465 terram
1976 3417 2034 3463 ut
2062 3407 2406 3478 patdagogum
2435 3406 2632 3475 plectit.
2675 3403 2952 3459 Maledicta
2979 3414 3112 3459 terra
3137 3406 3190 3459 in
3216 3422 3336 3475 ope-

1754 3500 1891 3555 ribus
1916 3501 2033 3555 tuis.
2061 3498 2139 3556 Ne
2164 3497 2473 3555 consideres
2510 3507 2751 3551 naturam
2776 3536 2794 3562 ,
2840 3495 2934 3551 sed
2971 3495 3064 3550 Dei
3088 3497 3335 3566 gratiam.

1754 3592 1870 3647 Non
1910 3590 2151 3645 absolute
2178 3589 2347 3655 dixit,
2391 3586 2669 3641 Maledicta
2697 3596 2830 3641 terra
2857 3601 2877 3642 :
2907 3602 3027 3641 nam
3053 3587 3334 3643 maledicta

1756 3683 2078 3747 mansisset,
2127 3690 2182 3736 et
2224 3679 2428 3735 fructus
2455 3695 2559 3733 non
2605 3678 2846 3742 tulisset;
2886 3678 3334 3746 quemadmodum

1754 3773 1887 3829 dixit
1912 3772 2032 3826 licui
2067 3790 2080 3825 :
2115 3769 2236 3825 Non
2265 3772 2399 3825 ultra
2433 3785 2495 3824 ex
2530 3781 2576 3823 te
2598 3779 2739 3824 exeat
2769 3773 2968 3841 fructus
2991 3811 3006 3835 ,
3053 3780 3098 3824 et
3138 3774 3336 3825 exaruit

1756 3867 1967 3939 (Matth.
1998 3865 2089 3920 21.
2123 3864 2211 3935 19)
2241 3881 2254 3916 :
2283 3865 2360 3919 sic
2397 3874 2449 3917 et
2496 3864 2546 3917 in
2594 3871 2736 3918 terra
2782 3864 3013 3916 futurum
3055 3873 3208 3929 erat;
3242 3863 3337 3917 sed

1754 3960 1848 4023 ait,
1874 3956 1939 4012 In
1966 3959 2197 4027 operibus
2229 3956 2345 4009 tuis.
2374 3954 2595 4022 Quando
2622 3968 2805 4023 pecco,
2839 3952 3131 4023 percutitur
3160 3963 3332 4018 terra;

1755 4051 1969 4123 quando
2010 4060 2157 4105 recte
2201 4047 2427 4112 incedo,
2469 4047 2613 4101 illam
2645 4045 2928 4101 benedicit.
2978 4046 3049 4099 At
3071 4045 3191 4100 vide
3219 4062 3333 4099 rem

1757 4143 1968 4199 miram.
1993 4140 2217 4208 Quando
2240 4140 2441 4195 creavit
2464 4139 2603 4193 Deus
2630 4148 2850 4202 terram,
2881 4154 3049 4203 mare,
3073 4139 3330 4204 volatilia,

1756 4234 1986 4306 reptilia,
2017 4232 2239 4295 bestias,
2268 4231 2560 4297 hominem,
2583 4232 2759 4286 omnia
2786 4231 3059 4287 benedixit
3087 4251 3102 4286 :
3131 4234 3335 4288 fructus

1755 4338 1884 4380 vero
1926 4338 2031 4379 non
2078 4321 2381 4386 benedixit,
2413 4321 2557 4392 quod
2596 4336 2788 4390 nempe
2813 4321 2975 4376 sciret
3011 4322 3150 4377 hanc
3180 4332 3334 4378 terra:

1756 4424 2020 4473 servatam
2045 4428 2164 4473 esse
2190 4429 2425 4485 poenam,
2454 4424 2510 4468 ut
2536 4414 2877 4484 peccantibus
2903 4415 3204 4472 hominibus
3225 4427 3335 4472 ste-

1756 4511 1949 4566 rilitate
1994 4508 2350 4580 plecteretur,
2386 4515 2440 4562 et
2480 4506 2645 4576 probe
2671 4507 2970 4576 agentibus,
3012 4507 3334 4564 fertilitatem

1755 4604 2037 4673 acciperet.
2079 4600 2193 4656 Non
2220 4600 2488 4656 benedixit
2514 4599 2769 4657 fructibus
2794 4619 2809 4655 :
2835 4601 3033 4656 donum
3061 4603 3203 4657 enim
3224 4615 3339 4657 erat

1756 4694 1871 4757 sine
1894 4690 2219 4764 paenitentia.
2240 4691 2433 4760 Spinas
2444 4701 2488 4744 et
2509 4690 2715 4745 tribulos
2735 4692 2973 4762 producet
2998 4693 3103 4746 tibi.
3126 4692 3334 4764 Magna,

1755 4788 1954 4857 inquit,
1998 4783 2328 4854 despexisli;
2363 4783 2655 4837 minoribus
2699 4784 2966 4852 plectaris.
3020 4783 3152 4838 Vide
3175 4801 3334 4853 quant

1756 4879 2045 4934 mudcratae
2072 4877 2181 4931 sint
2209 4876 2600 4945 castigationes.
2648 4873 2811 4943 Spina
2842 4874 3086 4930 occidere
3115 4878 3295 4946 nequit
3319 4894 3334 4941 ;

1755 4980 2036 5026 cruentare
2059 4977 2251 5039 petest.
2277 4967 2338 5021 Et
2360 4965 2602 5033 comedet
2623 4978 2816 5021 terram
2844 4965 2897 5020 iu
2923 4966 3212 5021 doloribus.
3246 4968 3335 5022 Illa

1757 5064 1892 5133 parit
1918 5062 1969 5116 in
1991 5060 2265 5116 doloribus
2288 5076 2302 5124 ;
2332 5069 2389 5113 tu
2408 5058 2629 5114 comede
2650 5059 2701 5113 in
2722 5058 3013 5114 doloribus.
3032 5060 3162 5115 Nam
3184 5072 3339 5115 vetus

1756 5152 1848 5207 illa
1884 5150 2143 5206 sententia
2184 5152 2441 5205 hactenus
2467 5158 2663 5204 tuanet.
2709 5148 2780 5205 Et
2802 5149 2920 5205 vide
2946 5151 3073 5205 mihi
3095 5150 3333 5215 divitem,

1755 5259 2062 5316 pauperem,
2094 5242 2405 5312 principem,
2431 5240 2703 5311 maguum,
2737 5258 2863 5295 num
2895 5243 2999 5297 vita
3025 5242 3140 5313 ejus
3172 5244 3339 5311 possit

1756 5338 1871 5393 sine
1893 5336 2079 5392 dolore
2103 5343 2157 5390 et
2187 5350 2310 5390 cura
2344 5335 2586 5389 inveniri.
2617 5333 2838 5402 Quare?
2870 5333 3129 5401 Quoniam
3158 5331 3227 5384 In
3250 5349 3338 5385 su-

1757 5429 1878 5484 dore
1904 5430 2069 5483 vultus
2087 5429 2161 5482 tui
2189 5428 2398 5483 vesceris
2424 5443 2555 5497 pane
2577 5437 2663 5480 tuo
2693 5424 2844 5496 (Gen.
2864 5426 2923 5480 5.
2954 5424 3067 5492 19).
3113 5422 3337 5478 Noluisti

1758 5522 2075 5592 tranquille;
2106 5522 2157 5576 in
2183 5520 2376 5579 sudore
2395 5520 2639 5576 comede.
2687 5518 2800 5573 Non
2824 5518 2976 5587 punit
2999 5517 3144 5570 illum
3173 5514 3335 5577 fame.

1756 5611 1851 5666 sed
1895 5612 2121 5666 miseria:
2158 5620 2316 5682 atque
2358 5609 2526 5664 labori
2569 5607 2799 5676 subiicit.
2855 5606 2971 5662 Jam
3008 5614 3095 5667 tu.
3146 5604 3337 5671 fidelis,

1756 5701 1884 5758 illud
1918 5701 2111 5774 cogita.
2156 5701 2213 5757 Si
2244 5699 2410 5756 Adam
2450 5699 2567 5755 sine
2604 5698 2802 5754 sudore
2831 5712 3019 5769 panem
3050 5712 3153 5752 non
3182 5709 3341 5753 com-
