3692 6274
418 207 526 264 499

411 319 555 380 edit,
589 331 685 371 nos
718 315 988 386 quomodo
1034 315 1150 370 sine
1192 314 1461 370 laboribus
1495 315 1885 385 sudoribusque
1913 331 2002 369 re-

407 425 571 478 gnum
594 408 841 462 caelorum
864 408 1289 476 consequamur?
1315 406 1502 468 Donec,
1531 407 1718 476 inquit,
1740 407 2004 462 revertaris

411 503 464 553 in
489 509 690 561 terram,
721 500 783 552 de
805 515 906 569 qua
919 509 1148 570 sumptus
1174 515 1244 552 es.
1272 497 1314 552 Ο
1334 499 1650 552 sententiam
1673 500 1685 550 !
1715 514 1748 550 ο
1769 500 2001 551 clemen-

414 591 539 644 tiam
572 599 714 643 metu
748 590 997 658 plenam!
1042 607 1074 643 ο
1123 589 1438 644 sententiam
1484 590 1849 644 consolatione
1891 591 2000 657 ple-

413 685 573 738 nam!
635 683 878 738 Noadum
925 683 1241 751 expulerat,
1297 694 1350 736 et
1404 683 1704 736 revocavit!
1763 683 1997 736 nondum

412 778 662 845 eiecerat,
694 786 748 830 et
783 777 1100 842 resumpsit!
1139 775 1307 827 Donec
1341 775 1602 828 revertaris
1633 775 1684 827 in
1711 784 1915 839 terram,
1939 775 2002 827 de

410 887 511 937 qua
550 882 777 936 sumptus
827 886 897 920 es.
956 869 1067 921 Non
1099 869 1266 932 dixit,
1319 869 1494 921 Donec
1523 868 1783 930 delcaris,
1829 869 1999 923 donec

411 959 756 1020 dissolvaris;
796 959 888 1011 sed
910 1000 923 1018 ,
977 957 1149 1011 Donec
1181 960 1444 1011 revertaris
1469 960 1520 1011 in
1549 968 1770 1023 terram,
1812 960 1875 1012 de
1901 975 2000 1028 qua

412 1061 643 1118 sumptus
685 1067 735 1103 es
764 1065 782 1102 :
810 1060 866 1102 ut
915 1049 1005 1103 tibi
1053 1065 1200 1115 spem
1249 1049 1656 1103 resurrectionis
1687 1050 1993 1102 substituas.

413 1144 508 1198 lllo
541 1153 591 1198 te
622 1143 808 1204 mitto,
858 1143 998 1196 unde
1043 1153 1092 1196 te
1120 1143 1331 1211 accepi;
1372 1152 1426 1196 ut
1459 1153 1508 1195 te
1537 1152 1658 1195 tunc
1686 1143 1864 1210 accepi
1887 1183 1902 1204 ,
1946 1150 1998 1196 te

415 1251 600 1291 rursus
625 1251 841 1308 possum
868 1236 1108 1305 accipere
1128 1277 1143 1301 ,
1190 1235 1320 1300 Quia
1353 1243 1483 1287 terra
1509 1250 1558 1286 es
1580 1275 1594 1297 ,
1642 1243 1688 1286 et
1731 1234 1781 1287 in
1811 1244 1996 1288 terram

449 1422 598 1433 ῤ’-
617 1422 750 1431 1--‹
769 1424 976 1434 —_-—._.-
991 1423 1362 1431 ...ς-αι..-

1389 1427 1403 1433 "
1427 1426 1548 1449 "lu-‘2‘
1559 1427 1586 1433 "'

1389 1439 1456 1449 ...Α
1543 1440 1586 1449 ..α

1615 1427 1776 1434 ...νυ-ο-
1787 1429 1831 1434 _.
1845 1428 1878 1434 _
1895 1425 2426 1436 _______———._,__._-
2439 1425 2472 1430 --

1616 1431 2136 1434 ,_--v,____i,,,
2213 1431 2262 1436 ,,
2407 1431 2414 1432 ,

1873 203 2242 261 SEVERIANI
3575 230 3644 282 Sidi

2109 319 2224 373 ibis.
2253 318 2386 387 Non,
2408 322 2701 388 Deleberis,
2719 327 2836 392 sed,
2856 325 2986 384 Ibis.
3013 328 3167 393 lllutl,
3206 331 3330 397 Ibis,
3357 336 3563 404 quidam
3591 343 3642 391 in-

2113 413 2383 478 terpretati
2413 424 2536 467 sunt
2555 456 2568 475 ,
2601 414 2901 474 Ret'rrteris.
2931 421 3196 488 Quantum
3227 427 3381 492 igitur
3410 444 3504 499 per
3527 430 3644 485 fami-

2111 510 2272 555 tatem
2320 502 2494 565 licuit,
2549 521 2641 572 per
2666 510 2887 574 gratiam
2920 514 3086 566 sancti
3117 515 3342 583 Spiritus
3367 559 3382 577 .
3414 520 3639 574 "OblSC‘lz-a;

2110 592 2410 662 paradisum
2456 598 2842 664 percurrimus,
2889 602 3032 670 regia
3074 607 3394 661 monimenta
3447 610 3637 678 legimus

2110 685 2338 738 vidimus
2367 700 2486 740 reos
2517 687 2760 742 libertate
2784 689 3038 756 donatos,
3069 693 3271 750 Judicis
3315 701 3638 758 clementiam;

2108 793 2210 846 qua
2242 778 2440 831 utinam
2467 795 2495 831 a
2533 779 2748 834 Christo
2788 782 3011 838 salutem
3056 801 3478 858 consequamur,
3509 778 3643 844 lites.-

2108 870 2333 924 lestihus
2361 871 2463 924 illis
2488 884 2541 925 et
2561 874 2899 942 sempiternis
2931 876 3163 932 fruamur
3187 883 3360 945 bouis,
3394 883 3445 935 in
3476 882 3641 938 Chris-

2105 960 2232 1014 Jesu
2277 962 2499 1016 Domino
2555 975 2735 1017 nostro
2783 981 2795 1017 :
2840 969 3085 1034 quoniam
3133 970 3232 1040 ipsi
3274 974 3445 1040 gloria
3499 985 3547 1026 ct
3583 978 3642 1027 ru.

2107 1054 2344 1121 perium,
2391 1069 2530 1108 nunc
2565 1066 2616 1110 et
2657 1071 2900 1126 semper,
2945 1069 2999 1114 ct
3040 1061 3088 1115 in
3130 1066 3324 1119 s:rcula
3354 1068 3639 1121 saeculorum,

2106 1147 2298 1200 Amen.

2495 1425 2528 1430 -ε
2559 1423 2934 1430 ._.———.-—.._.--—
2951 1424 3140 1430 .—._——--——
3169 1423 3540 1432 σο-κος-σγ--ν-
3567 1421 3622 1430 υ,

3491 1437 3616 1446 ...ι--

1861 1707 1917 1766 Μ
1929 1705 2239 1766 ONITUM

501 1958 736 2015 Iacobus
784 1955 1112 2013 Sirmondus
1163 1957 1225 2012 ad
1264 1957 1572 2011 Ennodium
1614 1957 1678 2011 Τ.
1739 1959 1758 2010 l
1796 1966 2086 2028 postremae
2129 1953 2420 2017 Editionis,
2448 1970 2502 2025 p.
2537 1953 2693 2018 18‘2,
2747 1954 2814 2006 de
2863 1951 2964 2004 hac
3007 1948 3227 2003 bomilia
3271 1947 3350 2002 sic
3405 1947 3638 2016 loquitur:

438 2123 456 2156 ι
489 2104 816 2161 Severianus
845 2105 1171 2160 Gabalorum
1223 2107 1508 2176 episcopus
1558 2121 1587 2158 a
1632 2112 1880 2175 serpente
1909 2105 2020 2170 illo,
2053 2104 2177 2174 quia
2211 2101 2514 2174 symbolum
2551 2108 2668 2155 erat
2703 2097 2879 2154 crucis
2906 2094 3128 2158 Christi,
3163 2093 3422 2156 salutem,
3459 2108 3540 2142 και
3569 2103 3640 2140 17.0

429 2249 526 2302 τοῦ
560 2249 961 2320 ὲπικαταρὰτου
1009 2250 1260 2320 εὐλογίαν
1291 2249 1510 2305 ﬂuxisse
1541 2251 1615 2305 ait
1650 2251 1706 2304 in
1737 2249 1887 2306 Orat.
1914 2246 1956 2301 ll
1980 2263 1999 2302 ε

2110 2262 2222 2302 cem
2247 2262 2383 2316 quas
2410 2241 2780 2316 Chrysostomi
2803 2239 3022 2324 nomine
3047 2238 3102 2292 in
3126 2237 3302 2290 lucem
3339 2231 3488 2288 dedit
3520 2226 3635 2282 Cani.

431 2393 680 2448 Sirletus.
731 2395 837 2450 Sed
893 2395 1189 2452 Severiano
1219 2397 1358 2450 hanc
1392 2404 1664 2459 asserunt,
1715 2409 1879 2464 quam
1924 2391 2056 2459 dixi,
2086 2392 2451 2447 Damascenus
2485 2397 2540 2444 et
2586 2385 2890 2440 Hadrianus
2915 2394 3072 2452 papa,
3125 2391 3255 2434 eum
3284 2371 3502 2445 Synodo
3537 2366 3642 2420 Pars

431 2539 619 2594 siensi.
659 2561 675 2590 ι
707 2542 845 2596 Nihil
882 2545 1064 2616 itaque
1094 2545 1245 2602 dubii
1283 2540 1611 2611 relinquitur
1661 2547 1800 2599 hanc
1839 2543 2114 2596 homiliam
2155 2557 2276 2596 esse
2332 2537 2633 2597 Severiani,
2683 2534 2920 2589 hominis
2968 2538 3116 2585 certe
3151 2541 3261 2581 non
3289 2524 3538 2593 elinguis,
3580 2514 3641 2570 δαὶ

3591 2717 3637 2726 .—

415 2709 3376 2732 Wm—

562 2810 799 2854 ORATIO
841 2811 924 2854 DE
972 2811 1315 2868 SERPENTE,
1363 2814 1538 2866 QUEM
1583 2816 1824 2859 MOYSES
1871 2817 1934 2858 IN
1979 2815 2182 2858 CRUCE
2227 2813 2572 2857 SUSPENDIT
2616 2811 2676 2853 IN
2720 2813 3031 2867 DESERTO,
3079 2814 3288 2866 DEQUE
3335 2817 3548 2859 DIVINA

1811 2916 2152 2960 TMNITATE
2201 2897 2314 2976 (α).

1865 3061 2265 3096 W

495 3178 545 3231 ι.
588 3176 710 3231 Heri
736 3191 1034 3231 sermonem
1063 3177 1384 3235 instituimus
1409 3190 1590 3236 contra
1619 3180 1917 3248 haereticos,
1945 3193 1999 3237 et

421 3283 520 3338 pro
560 3269 724 3336 gloria
767 3266 1029 3339 Unigeuiti
1071 3273 1494 3325 concertavimus
1519 3315 1533 3339 ,
1564 3290 1667 3326 non
1713 3284 1767 3327 ut
1809 3291 2001 3330 arcana

420 3361 661 3429 quietiam
695 3362 746 3415 in
797 3362 968 3417 lucem
1013 3363 1408 3432 proferremus,
1443 3367 1534 3420 sed
1579 3377 1633 3422 ut
1674 3371 1894 3438 gratiam
1937 3386 2003 3422 ex

423 3453 602 3506 animo
629 3452 1016 3522 profiterentur.
1046 3455 1158 3508 Non
1185 3457 1325 3509 enim
1347 3473 1409 3510 ex
1433 3459 1608 3513 verbis
1631 3461 1826 3514 nostris
1847 3460 2002 3515 Chri-

425 3544 490 3597 sti
519 3545 681 3613 gloria
712 3555 933 3614 augetur
957 3586 971 3609 ,
1003 3547 1095 3599 sed
1130 3548 1396 3616 praeclaris
1423 3551 1491 3604 ab
1517 3558 1582 3605 eo
1611 3553 1780 3606 ornati
1815 3569 2003 3607 mune-

424 3635 570 3689 ribus
597 3678 611 3700 ,
651 3647 800 3706 grato
829 3637 1008 3690 animo
1037 3638 1350 3694 beneficium
1385 3643 1753 3710 pr:edicamus.
1800 3647 2003 3700 Absur-

423 3727 699 3780 dissimum
728 3727 871 3782 enim
897 3737 1059 3792 esset,
1091 3746 1187 3785 nos
1214 3731 1480 3788 beneficiis
1510 3745 1726 3790 ornatos
1748 3780 1761 3801 ,
1795 3739 2005 3794 silentio

426 3834 702 3872 munerum
725 3819 893 3872 vicem
918 3821 1252 3889 persolvere:
1275 3825 1501 3880 maxime
1525 3842 1652 3881 vero
1670 3843 1791 3882 cum
1817 3829 1999 3897 David,

426 3921 480 3964 ut
508 3911 667 3966 modo
693 3912 913 3966 audistis
937 3954 951 3976 ,
983 3913 1052 3966 ita
1082 3913 1300 3983 jubeat:
1333 3915 1508 3971 Omnis
1536 3928 1669 3972 terra
1704 3921 1878 3974 adoret
1922 3931 2001 3986 te,

421 4012 468 4056 et
495 4004 679 4074 psallat
709 4004 796 4057 tibi
817 4003 984 4075 (Psal.
1013 4005 1101 4060 65.
1125 4004 1201 4075 4).
1229 4007 1391 4062 Deum
1416 4008 1707 4075 laudamus,
1737 4027 1841 4066 non
1863 4013 2004 4082 quod

424 4095 520 4164 ipsi
545 4096 797 4150 honorem
823 4095 1127 4164 afferamus,
1151 4098 1244 4152 scd
1270 4100 1420 4154 nobis
1442 4101 1568 4170 ipsis
1593 4103 1848 4160 honorem
1872 4121 2002 4160 con-

420 4188 685 4242 ciliemus.
714 4187 948 4244 Gloriam
983 4189 1091 4244 Deo
1119 4189 1415 4257 referimus,
1450 4208 1554 4247 non
1583 4210 1739 4264 quam
1772 4198 1868 4266 ipsi
1901 4199 2005 4253 lar-

421 4282 667 4348 glamur,
713 4279 805 4333 sed
847 4295 1004 4348 quam
1047 4280 1200 4335 nobis
1241 4283 1594 4338 immortalem
1625 4285 2000 4343 conferamus:

425 4384 544 4421 nam
578 4368 700 4433 Eos,
731 4371 818 4439 qui
846 4387 925 4423 me
948 4372 1254 4440 gloriﬁcent,
1287 4375 1616 4443 gloriﬁcabo;
1645 4389 1690 4432 et
1723 4381 1810 4448 qui
1839 4391 2004 4435 conte-

424 4470 600 4512 mnunt
630 4477 707 4511 me
729 4502 742 4520 ,
774 4467 1189 4529 contemnentur(
1218 4465 1266 4518 ί.
1297 4464 1425 4536 Reg.
1470 4468 1524 4520 2.
1563 4468 1694 4538 50
1729 4471 1832 4524 Pro
1866 4474 2002 4527 virili

424 4562 603 4604 nostra
651 4550 970 4619 docuimus,
1023 4569 1129 4608 non
1178 4555 1338 4612 licere
1384 4559 1638 4615 terminos
1681 4563 1864 4632 gloria:
1907 4566 2001 4620 Dei

423 4643 724 4710 transilire,
754 4658 858 4698 non
891 4644 1191 4700 hominibus
1216 4689 1230 4713 ,
1263 4648 1350 4718 qui
1384 4649 1432 4702 in
1464 4659 1600 4704 terra
1628 4653 1865 4723 degunt,
1897 4671 2001 4710 non

421 4737 622 4804 angelis
645 4737 734 4806 qui
769 4737 818 4790 in
847 4738 1010 4804 caelis,
1043 4755 1145 4794 non
1173 4741 1523 4812 archangelis,
1556 4761 1660 4800 non
1695 4749 2002 4818 principati-

421 4826 536 4890 bus,
571 4843 675 4881 non
706 4828 1046 4895 Cherubinis,
1077 4848 1180 4886 non
1208 4832 1536 4903 Seraphinis.
1569 4841 1637 4892 At
1662 4843 1999 4907 meministis,

419 4925 476 4968 ut
497 4918 629 4972 bene
652 4920 801 4979 novi,
823 4930 1083 4990 quotquot
1102 4926 1228 4979 estis
1251 4924 1488 4982 discendi
1511 4931 1686 4999 cupidi
1707 4934 1997 4999 auditores,

417 5023 518 5074 qua
551 5010 755 5066 ratione
797 5013 879 5065 his
916 5013 981 5067 de
1020 5015 1176 5069 rebus
1217 5017 1451 5073 instituta
1489 5024 1659 5075 oratio
1695 5024 1760 5076 ad
1799 5028 1999 5080 exitum

416 5098 642 5154 deducta
673 5104 757 5156 sit.
793 5105 897 5158 Sed
929 5107 1048 5174 quia
1080 5108 1261 5172 hodie,
1297 5113 1482 5166 I'ratres
1501 5154 1516 5177 ,
1547 5116 1656 5185 ipse
1683 5116 1791 5171 ltex
1820 5119 2001 5186 gloria:

417 5205 631 5246 crucem
663 5209 810 5248 suam
844 5201 1214 5264 pra~nuntiavit
1239 5245 1252 5264 ,
1283 5207 1662 5275 ctApostolus,
1689 5211 1884 5280 regiam
1914 5229 1999 5268 se-

419 5298 591 5353 quens
617 5285 914 5341 Servatoris
947 5303 1131 5344 vocem
1157 5334 1170 5357 ,
1201 5293 1267 5346 de
1295 5309 1450 5349 cruce
1479 5296 1879 5369 philosophatus
1919 5315 2000 5360 est

415 5377 577 5445 (nam
620 5379 874 5436 Dominus
909 5382 1185 5454 discipulis
1219 5388 1470 5445 dicebat:
1513 5393 1643 5449 Ecce
1683 5399 2002 5456 ascendimus

413 5467 808 5543 lerosolymam,
832 5485 877 5529 et
901 5475 947 5528 F
951 5476 1068 5532 ilius
1091 5480 1308 5534 hominis
1327 5484 1552 5539 tradetur
1572 5488 1621 5541 in
1645 5505 1820 5544 manus
1840 5492 2000 5546 inimi-

475 5646 552 5711 (α)
585 5649 762 5700 Collata
783 5665 890 5702 cum
914 5652 1090 5705 Codice
1114 5662 1228 5718 Reg.
1259 5655 1396 5707 1658.

2111 3199 2281 3236 corum
2305 3180 2515 3254 [Matt/t.
2539 3181 2627 3236 ‘20.
2654 3178 2740 3252 l8]
2763 3198 2777 3246 ;
2806 3181 2997 3235 Paulus
3019 3197 3148 3236 vero
3171 3183 3386 3239 Galatas
3410 3187 3641 3254 obiurgans

2109 3275 2319 3342 scripsit
2348 3291 2360 3325 :
2395 3273 2520 3338 Quis
2547 3289 2632 3325 vos
2658 3274 2920 3343 {ascirtavit
2938 3316 2953 3339 ,
2990 3276 3167 3344 quibus
3197 3287 3316 3330 ante
3343 3280 3514 3331 oculos
3537 3277 3640 3331 Citri-

2110 3375 2214 3419 stus
2245 3365 2566 3433 pra'scriptus
2591 3365 2738 3416 estin
2767 3365 2903 3418 vobis
2931 3366 3243 3434 cruciﬁxus?
3273 3363 3425 3434 [ϐαι.
3457 3369 3504 3420 5.
3535 3366 3573 3437 li
3608 3369 3640 3424 ἱ.

2112 3457 2360 3526 quoniam
2402 3456 2559 3526 igitur
2597 3464 2650 3509 et
2688 3457 2829 3525 regia
2869 3457 3072 3510 Domini
3102 3474 3199 3512 vox
3223 3499 3239 3524 ,
3269 3469 3324 3513 et
3357 3459 3525 3516 fidelis
3547 3461 3641 3512 seri

2112 3548 2351 3601 doctrina
2380 3587 2394 3610 ,
2441 3547 2601 3616 regiis
2638 3547 2893 3602 insistunt
2929 3549 3159 3619 vestigiis
3183 3593 3196 3615 ,
3236 3566 3423 3620 opera:
3467 3556 3639 3622 pretium.

2112 3639 2379 3704 existimo,
2410 3653 2507 3693 nos
2533 3639 2691 3692 etiam
2721 3655 2815 3708 pro
2837 3640 2970 3693 virili
3000 3641 3065 3695 de
3087 3643 3346 3698 dominica
3379 3661 3532 3699 cruce
3553 3661 3638 3696 ro:-

2113 3740 2362 3786 scntanea
2395 3732 2535 3801 loqui
2559 3773 2571 3792 .
2603 3747 2706 3784 non
2735 3741 2788 3784 nt
2819 3731 3122 3801 dignitatem
3155 3733 3296 3787 illam
3327 3739 3636 3806 aliingmnua.

2113 3822 2205 3876 sed
2251 3831 2307 3874 ut
2351 3835 2446 3891 pro
2474 3821 2605 3875 virili
2638 3835 2817 3876 nostra
2846 3824 3079 3877 debitum
3122 3825 3507 3893 persolvntnus.
3547 3828 3638 3893 Quid

2112 3915 2270 3984 igitur
2295 3916 2367 3969 ait
2392 3905 2644 3968 Servator
2665 3915 2688 3969 ἲ
2717 3916 2846 3969 Ecce
2860 3919 3180 3970 «ascendimus
3205 3917 3565 3991 Jerosolymam
3583 3962 3592 3978 ,
3611 3930 3640 3971 εἰ

2114 4007 2280 4061 Filius
2327 4009 2541 4061 hominis
2585 4009 2825 4062 tradetur.
2884 4009 3129 4064 Praedieit
3176 4011 3478 4079 passionem
3520 4014 3640 4066 victor

2112 4099 2334 4164 mortis;
2359 4110 2570 4153 crucem
2599 4101 2934 4169 praenuntiat.
2958 4103 3044 4170 qui
3071 4117 3227 4156 cruce
3251 4118 3480 4158 mortem
3500 4104 3641 4158 dissul-

2112 4191 2186 4243 vit
2215 4207 2229 4242 :
2255 4202 2521 4244 certamen
2546 4193 2880 4260 prteuuutiat,
2905 4200 2962 4246 ut
2987 4193 3256 4246 victoriam
3287 4196 3550 4262 praedicet.
3577 4194 3642 4244 Περ

2112 4297 2297 4336 rursus
2327 4282 2391 4334 ad
2425 4283 2817 4352 intelligendam
2847 4284 3050 4337 Domini
3075 4299 3259 4345 vocem
3295 4287 3526 4339 animum
3553 4300 3642 4337 con-

2109 4383 2278 4427 verte.
2311 4373 2442 4428 Vide
2470 4383 2662 4443 Quanta
2686 4389 2805 4428 cum
2830 4375 3143 4430 auctoritate
3170 4375 3343 4430 dicat:
3367 4377 3498 4431 Ecce
3515 4393 3641 4429 ascen-

2110 4467 2275 4518 dimtts
2301 4463 2688 4535 Jerosolymam,
2719 4475 2763 4520 et
2790 4465 2956 4520 Filius
2985 4467 3199 4520 hominis
3224 4468 3475 4532 tradetur,
3499 4478 3543 4520 at
3565 4484 3641 4518 rra-

2110 4556 2362 4624 ciﬁgatur.
2408 4554 2507 4622 Qui
2541 4556 2653 4608 haec
2685 4555 2965 4623 praedicit,
3007 4556 3059 4609 in
3101 4557 3214 4625 ipso
3250 4561 3538 4612 certamine
3569 4558 3639 4623 iam

2108 4648 2426 4701 constitutus
2463 4646 2771 4715 dignitatem
2815 4649 3142 4704 auctoritatis
3179 4657 3384 4712 mutat.
3434 4660 3640 4719 negatqu-

2108 4741 2417 4810 dignitatem
2449 4740 2736 4794 divinitatis
2773 4755 2882 4795 sua:
2911 4742 3091 4796 dicens
3124 4761 3135 4794 :
3169 4741 3352 4805 Pater,
3385 4747 3434 4796 si
3462 4743 3640 4812 possibit‘.

2108 4841 2177 4884 est
2200 4873 2214 4894 ,
2243 4840 2461 4886 transeat
2499 4849 2530 4884 a
2557 4842 2634 4884 "me
2658 4834 2794 4886 calix
2819 4836 2915 4886 iste
2946 4833 3171 4904 (Matth.
3212 4834 3298 4889 26.
3331 4835 3402 4889 39
3427 4837 3464 4906 ).
3500 4839 3640 4889 Αηιιίηι

2111 4925 2508 4993 repugnantiam
2557 4925 2978 4980 animadvertis?
3025 4927 3444 4982 lncarnatiouem
3491 4930 3638 4997 Cogita.

2107 5015 2210 5071 Sed
2256 5017 2320 5069 ad
2363 5018 2691 5086 propositum
2736 5017 3038 5072 redeamus.
3090 5020 3367 5087 Discipulis
3409 5022 3484 5074 ait
3512 5040 3521 5073 :
3549 5019 3641 5071 lica

2105 5109 2421 5162 ascendimus
2458 5108 2862 5180 Jerosolymam,
2898 5121 2942 5164 et
2983 5109 3144 5166 Filius
3184 5114 3398 5166 hominis
3443 5115 3638 5166 tradetur.

2109 5198 2240 5253 Vide
2265 5215 2420 5268 quam
2445 5211 2600 5254 caute
2631 5201 2892 5270 loquatur.
2921 5201 3051 5255 Cum
3086 5204 3379 5270 passionem
3413 5206 3635 5275 put-dict.

2106 5290 2388 5344 humanam
2419 5293 2655 5348 ostendit
2685 5304 2924 5348 naturam
2943 5336 2956 5356 ,
2986 5293 3149 5349 Filius
3177 5297 3391 5349 hominis
3437 5299 3632 5349 tradi-tat.

2106 5381 2314 5436 Etenim
2359 5397 2554 5452 corpus
2578 5384 2785 5439 visibile
2813 5385 3008 5454 patitur
3023 5385 3336 5450 ;divinitatis
3358 5404 3486 5442 vero
3505 5387 3632 5453 digni-

2105 5482 2204 5536 tas,
2225 5489 2343 5544 qua:
2367 5475 2710 5547 intelligendo
2734 5478 3032 5548 percipitur,
3060 5480 3219 5533 vitam
3240 5479 3412 5535 affert.
3439 5483 3498 5537 Et
3517 5484 3634 5549 ligurt

2105 5566 2318 5635 quidem
2347 5570 2588 5636 corporis
2610 5612 2622 5632 ,
2657 5569 2878 5632 fratres,
2912 5580 3081 5626 morte
3108 5572 3362 5636 solvitur;
3389 5574 3546 5637 virtus
3567 5586 3632 5622 au-

2102 5669 2205 5715 tem
2241 5659 2586 5717 inltabitantis
2616 5663 2665 5718 id
2696 5664 2838 5734 quod
2873 5665 3102 5720 solutum
3145 5674 3258 5722 erat
3295 5668 3508 5722 excitat.
3553 5667 3631 5734 lpsc
