  <div class='ocr_page' id='page_1' title='image "/cluster/home/n/w/nwhite01/storage/ocr_20150623/56/hvd.32044019304435/489.png"; bbox 0 0 3692 6274; ppageno 0'>
   <div class='ocr_carea' id='block_1_1' title="bbox 384 276 481 328">
    <p class='ocr_par' dir='ltr' id='par_1_1' title="bbox 384 276 481 328">
     <span class='ocr_line' id='line_1_1' title="bbox 384 276 481 328; baseline 0 -1"><span class='ocrx_word' id='word_1_1' title='bbox 384 276 481 328; x_wconf 79' lang='grc'><strong>501</strong></span> 
     </span>
    </p>
   </div>
   <div class='ocr_carea' id='block_1_2' title="bbox 381 384 1972 466">
    <p class='ocr_par' dir='ltr' id='par_1_2' title="bbox 381 384 1972 466">
     <span class='ocr_line' id='line_1_2' title="bbox 381 384 1972 466; baseline 0.006 -26"><span class='ocrx_word' id='word_1_2' title='bbox 381 385 567 454; x_wconf 75' lang='grc' dir='ltr'><strong>φύσιν.</strong></span> <span class='ocrx_word' id='word_1_3' title='bbox 620 385 678 438; x_wconf 86' lang='grc' dir='ltr'><strong>Ὀ</strong></span> <span class='ocrx_word' id='word_1_4' title='bbox 716 384 842 449; x_wconf 82' lang='grc' dir='ltr'><strong>Υἰδς</strong></span> <span class='ocrx_word' id='word_1_5' title='bbox 871 386 966 441; x_wconf 92' lang='grc' dir='ltr'><strong>τοῦ</strong></span> <span class='ocrx_word' id='word_1_6' title='bbox 1011 388 1300 460; x_wconf 83' lang='grc' dir='ltr'><strong>ἀνθρώπου</strong></span> <span class='ocrx_word' id='word_1_7' title='bbox 1345 389 1717 463; x_wconf 77' lang='grc' dir='ltr'><strong>παραδίδοται.</strong></span> <span class='ocrx_word' id='word_1_8' title='bbox 1765 393 1972 466; x_wconf 82' lang='grc' dir='ltr'><strong>Πάσχει</strong></span> 
     </span>
    </p>
   </div>
   <div class='ocr_carea' id='block_1_3' title="bbox 381 469 1976 547">
    <p class='ocr_par' dir='ltr' id='par_1_3' title="bbox 381 469 1976 547">
     <span class='ocr_line' id='line_1_3' title="bbox 381 469 1976 547; baseline 0.006 -25"><span class='ocrx_word' id='word_1_9' title='bbox 381 471 492 539; x_wconf 85' lang='grc' dir='ltr'><strong>γάρ</strong></span> <span class='ocrx_word' id='word_1_10' title='bbox 528 469 590 521; x_wconf 83' lang='grc' dir='ltr'><strong>τὸ</strong></span> <span class='ocrx_word' id='word_1_11' title='bbox 619 469 944 539; x_wconf 84' lang='grc' dir='ltr'><strong>φαινόμενον</strong></span> <span class='ocrx_word' id='word_1_12' title='bbox 978 470 1138 542; x_wconf 88' lang='grc' dir='ltr'><strong>σῶμα</strong></span> <span class='ocrx_word' id='word_1_13' title='bbox 1158 514 1173 536; x_wconf 93' lang='grc'><strong>,</strong></span> <span class='ocrx_word' id='word_1_14' title='bbox 1222 471 1478 536; x_wconf 78' lang='grc' dir='ltr'><strong>ζωοποιεῖ</strong></span> <span class='ocrx_word' id='word_1_15' title='bbox 1511 474 1569 528; x_wconf 91' lang='grc' dir='ltr'><strong>δέ</strong></span> <span class='ocrx_word' id='word_1_16' title='bbox 1597 475 1658 528; x_wconf 78' lang='grc' dir='ltr'><strong>τὸ</strong></span> <span class='ocrx_word' id='word_1_17' title='bbox 1690 476 1976 547; x_wconf 78' lang='grc' dir='ltr'>νοούμενον</span> 
     </span>
    </p>
   </div>
   <div class='ocr_carea' id='block_1_4' title="bbox 378 553 1976 630">
    <p class='ocr_par' dir='ltr' id='par_1_4' title="bbox 378 553 1976 630">
     <span class='ocr_line' id='line_1_4' title="bbox 378 553 1976 630; baseline 0.004 -24"><span class='ocrx_word' id='word_1_18' title='bbox 378 554 479 623; x_wconf 83' lang='grc' dir='ltr'><strong>τῆς</strong></span> <span class='ocrx_word' id='word_1_19' title='bbox 520 553 772 623; x_wconf 80' lang='grc' dir='ltr'><strong>θεότητος</strong></span> <span class='ocrx_word' id='word_1_20' title='bbox 805 553 1041 624; x_wconf 80' lang='grc' dir='ltr'><strong>ἀξίωμα.</strong></span> <span class='ocrx_word' id='word_1_21' title='bbox 1072 557 1180 610; x_wconf 70' lang='grc' dir='ltr'><strong>1ξαί¹</strong></span> <span class='ocrx_word' id='word_1_22' title='bbox 1220 556 1406 611; x_wconf 86' lang='grc' dir='ltr'><strong>λύεται</strong></span> <span class='ocrx_word' id='word_1_23' title='bbox 1448 559 1565 630; x_wconf 73' lang='grc' dir='ltr'><strong>μὲν.</strong></span> <span class='ocrx_word' id='word_1_24' title='bbox 1609 559 1845 629; x_wconf 69' lang='grc' dir='ltr'><strong>ἀδελφοὶ,</strong></span> <span class='ocrx_word' id='word_1_25' title='bbox 1881 561 1976 614; x_wconf 86' lang='grc' dir='ltr'><strong>θα-</strong></span> 
     </span>
    </p>
   </div>
   <div class='ocr_carea' id='block_1_5' title="bbox 381 637 1975 718">
    <p class='ocr_par' dir='ltr' id='par_1_5' title="bbox 381 637 1975 718">
     <span class='ocr_line' id='line_1_5' title="bbox 381 637 1975 718; baseline 0.006 -28"><span class='ocrx_word' id='word_1_26' title='bbox 381 640 526 707; x_wconf 83' lang='grc' dir='ltr'><strong>νάτῳ</strong></span> <span class='ocrx_word' id='word_1_27' title='bbox 548 637 608 690; x_wconf 83' lang='grc' dir='ltr'><strong>τὸ</strong></span> <span class='ocrx_word' id='word_1_28' title='bbox 640 638 827 707; x_wconf 82' lang='grc' dir='ltr'><strong>σχῆμα</strong></span> <span class='ocrx_word' id='word_1_29' title='bbox 853 639 946 691; x_wconf 91' lang='grc' dir='ltr'><strong>τοῦ</strong></span> <span class='ocrx_word' id='word_1_30' title='bbox 975 640 1227 710; x_wconf 87' lang='grc' dir='ltr'><strong>σώματος</strong></span> <span class='ocrx_word' id='word_1_31' title='bbox 1250 658 1264 672; x_wconf 92' lang='grc'><strong>·</strong></span> <span class='ocrx_word' id='word_1_32' title='bbox 1294 644 1499 713; x_wconf 80' lang='grc' dir='ltr'>ἐγείρει</span> <span class='ocrx_word' id='word_1_33' title='bbox 1536 643 1594 697; x_wconf 76' lang='grc' dir='ltr'><strong>δὲ</strong></span> <span class='ocrx_word' id='word_1_34' title='bbox 1625 645 1686 698; x_wconf 81' lang='grc' dir='ltr'><strong>τὸ</strong></span> <span class='ocrx_word' id='word_1_35' title='bbox 1717 662 1975 718; x_wconf 78' lang='grc' dir='ltr'><strong>Αυομενον</strong></span> 
     </span>
    </p>
   </div>
   <div class='ocr_carea' id='block_1_6' title="bbox 377 721 1974 799">
    <p class='ocr_par' dir='ltr' id='par_1_6' title="bbox 377 721 1974 799">
     <span class='ocr_line' id='line_1_6' title="bbox 377 721 1974 799; baseline 0.006 -26"><span class='ocrx_word' id='word_1_36' title='bbox 377 725 410 790; x_wconf 79' lang='grc' dir='ltr'><strong>ἡ</strong></span> <span class='ocrx_word' id='word_1_37' title='bbox 443 722 537 774; x_wconf 92' lang='grc' dir='ltr'><strong>τοῦ</strong></span> <span class='ocrx_word' id='word_1_38' title='bbox 566 721 902 786; x_wconf 80' lang='grc' dir='ltr'><strong>ἐνοικοῦντος</strong></span> <span class='ocrx_word' id='word_1_39' title='bbox 925 723 1172 795; x_wconf 82' lang='grc' dir='ltr'><strong>δύναμις.</strong></span> <span class='ocrx_word' id='word_1_40' title='bbox 1199 727 1371 790; x_wconf 71' lang='grc' dir='ltr'><strong>Αὐτὸς</strong></span> <span class='ocrx_word' id='word_1_41' title='bbox 1400 723 1466 798; x_wconf 80' lang='grc' dir='ltr'><strong>ἦν</strong></span> <span class='ocrx_word' id='word_1_42' title='bbox 1496 730 1524 780; x_wconf 97' lang='lat'><strong>6</strong></span> <span class='ocrx_word' id='word_1_43' title='bbox 1550 728 1809 799; x_wconf 87' lang='grc' dir='ltr'><strong>λυόμενος</strong></span> <span class='ocrx_word' id='word_1_44' title='bbox 1835 730 1974 783; x_wconf 83' lang='grc' dir='ltr'><strong>κατά</strong></span> 
     </span>
    </p>
   </div>
   <div class='ocr_carea' id='block_1_7' title="bbox 376 805 1968 884">
    <p class='ocr_par' dir='ltr' id='par_1_7' title="bbox 376 805 1968 884">
     <span class='ocr_line' id='line_1_7' title="bbox 376 805 1968 884; baseline 0.008 -27"><span class='ocrx_word' id='word_1_45' title='bbox 376 818 437 858; x_wconf 87' lang='grc' dir='ltr'><strong>το</strong></span> <span class='ocrx_word' id='word_1_46' title='bbox 471 805 648 876; x_wconf 87' lang='grc' dir='ltr'><strong>σῶμα,</strong></span> <span class='ocrx_word' id='word_1_47' title='bbox 677 807 836 870; x_wconf 75' lang='grc' dir='ltr'><strong>αὐτὸς</strong></span> <span class='ocrx_word' id='word_1_48' title='bbox 862 808 1092 880; x_wconf 88' lang='grc' dir='ltr'><strong>ἐγείρων</strong></span> <span class='ocrx_word' id='word_1_49' title='bbox 1116 811 1175 862; x_wconf 83' lang='grc' dir='ltr'><strong>τὸ</strong></span> <span class='ocrx_word' id='word_1_50' title='bbox 1200 811 1459 881; x_wconf 85' lang='grc' dir='ltr'><strong>λυόμενον</strong></span> <span class='ocrx_word' id='word_1_51' title='bbox 1479 813 1620 866; x_wconf 80' lang='grc' dir='ltr'><strong>κατά</strong></span> <span class='ocrx_word' id='word_1_52' title='bbox 1640 814 1700 866; x_wconf 80' lang='grc' dir='ltr'><strong>τὸ</strong></span> <span class='ocrx_word' id='word_1_53' title='bbox 1724 815 1968 884; x_wconf 88' lang='grc' dir='ltr'><strong>Πνεῦμα.</strong></span> 
     </span>
    </p>
   </div>
   <div class='ocr_carea' id='block_1_8' title="bbox 378 890 1974 965">
    <p class='ocr_par' dir='ltr' id='par_1_8' title="bbox 378 890 1974 965">
     <span class='ocr_line' id='line_1_8' title="bbox 378 890 1974 965; baseline 0.004 -21"><span class='ocrx_word' id='word_1_54' title='bbox 378 891 618 946; x_wconf 82' lang='grc' dir='ltr'><strong>Λύσατε</strong></span> <span class='ocrx_word' id='word_1_55' title='bbox 639 890 769 960; x_wconf 73' lang='grc' dir='ltr'><strong>γὰρ,</strong></span> <span class='ocrx_word' id='word_1_56' title='bbox 800 893 952 961; x_wconf 75' lang='grc' dir='ltr'><strong>φησὶ,</strong></span> <span class='ocrx_word' id='word_1_57' title='bbox 979 892 1087 945; x_wconf 79' lang='grc' dir='ltr'><strong>τὸν</strong></span> <span class='ocrx_word' id='word_1_58' title='bbox 1119 893 1270 947; x_wconf 78' lang='grc' dir='ltr'><strong>ναὸν</strong></span> <span class='ocrx_word' id='word_1_59' title='bbox 1291 895 1527 959; x_wconf 86' lang='grc' dir='ltr'><strong>τοῦτον,</strong></span> <span class='ocrx_word' id='word_1_60' title='bbox 1558 897 1655 949; x_wconf 82' lang='grc' dir='ltr'><strong>καί</strong></span> <span class='ocrx_word' id='word_1_61' title='bbox 1678 897 1748 951; x_wconf 87' lang='grc' dir='ltr'><strong>ἐν</strong></span> <span class='ocrx_word' id='word_1_62' title='bbox 1774 899 1974 965; x_wconf 75' lang='grc' dir='ltr'><strong>τρισίν</strong></span> 
     </span>
    </p>
   </div>
   <div class='ocr_carea' id='block_1_9' title="bbox 377 973 1972 1049">
    <p class='ocr_par' dir='ltr' id='par_1_9' title="bbox 377 973 1972 1049">
     <span class='ocr_line' id='line_1_9' title="bbox 377 973 1972 1049; baseline 0.004 -21"><span class='ocrx_word' id='word_1_63' title='bbox 377 974 625 1043; x_wconf 73' lang='grc' dir='ltr'><strong>ἡμέραις</strong></span> <span class='ocrx_word' id='word_1_64' title='bbox 664 973 846 1043; x_wconf 74' lang='grc' dir='ltr'><strong>ἐγερῶ</strong></span> <span class='ocrx_word' id='word_1_65' title='bbox 875 976 1080 1029; x_wconf 82' lang='grc' dir='ltr'><strong>αὐτόν.</strong></span> <span class='ocrx_word' id='word_1_66' title='bbox 1125 977 1271 1030; x_wconf 81' lang='grc' dir='ltr'><strong>Ἰδοὺ</strong></span> <span class='ocrx_word' id='word_1_67' title='bbox 1300 978 1703 1049; x_wconf 78' lang='grc' dir='ltr'><strong>ἀναϐαίνομεν</strong></span> <span class='ocrx_word' id='word_1_68' title='bbox 1743 983 1830 1047; x_wconf 83' lang='grc' dir='ltr'><strong>εἰς</strong></span> <span class='ocrx_word' id='word_1_69' title='bbox 1880 982 1972 1034; x_wconf 87' lang='grc' dir='ltr'><strong>Ἰε-</strong></span> 
     </span>
    </p>
   </div>
   <div class='ocr_carea' id='block_1_10' title="bbox 369 1059 1971 1134">
    <p class='ocr_par' dir='ltr' id='par_1_10' title="bbox 369 1059 1971 1134">
     <span class='ocr_line' id='line_1_10' title="bbox 369 1059 1971 1134; baseline 0.004 -23"><span class='ocrx_word' id='word_1_70' title='bbox 369 1061 705 1127; x_wconf 67' lang='grc' dir='ltr'><strong>ροσόλυμα.</strong></span> <span class='ocrx_word' id='word_1_71' title='bbox 733 1060 775 1112; x_wconf 87' lang='grc' dir='ltr'><strong><em>Χ</em></strong></span> <span class='ocrx_word' id='word_1_72' title='bbox 785 1059 954 1130; x_wconf 82' lang='grc' dir='ltr'><strong>ριστῷ</strong></span> <span class='ocrx_word' id='word_1_73' title='bbox 980 1060 1406 1128; x_wconf 85' lang='grc' dir='ltr'><strong>ἀκολουθοῦντας</strong></span> <span class='ocrx_word' id='word_1_74' title='bbox 1432 1063 1532 1116; x_wconf 78' lang='grc' dir='ltr'><strong>οὐκ</strong></span> <span class='ocrx_word' id='word_1_75' title='bbox 1565 1063 1710 1117; x_wconf 74' lang='grc' dir='ltr'><strong>ἔστιν</strong></span> <span class='ocrx_word' id='word_1_76' title='bbox 1733 1065 1971 1134; x_wconf 77' lang='grc' dir='ltr'><strong>οὐδαμοῦ</strong></span> 
     </span>
    </p>
   </div>
   <div class='ocr_carea' id='block_1_11' title="bbox 376 1142 1972 1211">
    <p class='ocr_par' dir='ltr' id='par_1_11' title="bbox 376 1142 1972 1211">
     <span class='ocr_line' id='line_1_11' title="bbox 376 1142 1972 1211; baseline 0.004 -17"><span class='ocrx_word' id='word_1_77' title='bbox 376 1142 675 1203; x_wconf 80' lang='grc' dir='ltr'><strong>κατελθεῖν,</strong></span> <span class='ocrx_word' id='word_1_78' title='bbox 715 1143 828 1195; x_wconf 82' lang='grc' dir='ltr'><strong>ἀλλ’</strong></span> <span class='ocrx_word' id='word_1_79' title='bbox 877 1143 1087 1196; x_wconf 76' lang='grc' dir='ltr'><strong>ἀνιέναι</strong></span> <span class='ocrx_word' id='word_1_80' title='bbox 1139 1145 1226 1198; x_wconf 71' lang='grc' dir='ltr'><strong>διὰ</strong></span> <span class='ocrx_word' id='word_1_81' title='bbox 1268 1147 1488 1208; x_wconf 84' lang='grc' dir='ltr'><strong>παντός.</strong></span> <span class='ocrx_word' id='word_1_82' title='bbox 1543 1147 1753 1211; x_wconf 74' lang='grc' dir='ltr'><strong>’Ἄλλως</strong></span> <span class='ocrx_word' id='word_1_83' title='bbox 1781 1166 1839 1202; x_wconf 89' lang='grc' dir='ltr'><strong>τε</strong></span> <span class='ocrx_word' id='word_1_84' title='bbox 1878 1150 1972 1200; x_wconf 72' lang='grc' dir='ltr'><strong>καὶ</strong></span> 
     </span>
    </p>
   </div>
   <div class='ocr_carea' id='block_1_12' title="bbox 377 1225 1972 1303">
    <p class='ocr_par' dir='ltr' id='par_1_12' title="bbox 377 1225 1972 1303">
     <span class='ocr_line' id='line_1_12' title="bbox 377 1225 1972 1303; baseline 0.005 -25"><span class='ocrx_word' id='word_1_85' title='bbox 377 1225 652 1296; x_wconf 75' lang='grc' dir='ltr'><strong>αἰσθητῶς</strong></span> <span class='ocrx_word' id='word_1_86' title='bbox 679 1228 712 1296; x_wconf 81' lang='grc' dir='ltr'>ἡ</span> <span class='ocrx_word' id='word_1_87' title='bbox 748 1225 867 1289; x_wconf 72' lang='grc' dir='ltr'><strong>ὁδὸς</strong></span> <span class='ocrx_word' id='word_1_88' title='bbox 899 1226 1007 1280; x_wconf 80' lang='grc' dir='ltr'><strong>ἀπὸ</strong></span> <span class='ocrx_word' id='word_1_89' title='bbox 1045 1227 1254 1299; x_wconf 82' lang='grc' dir='ltr'><strong>ἰεριχὼ</strong></span> <span class='ocrx_word' id='word_1_90' title='bbox 1287 1231 1366 1294; x_wconf 83' lang='grc' dir='ltr'><strong>είς</strong></span> <span class='ocrx_word' id='word_1_91' title='bbox 1407 1231 1760 1303; x_wconf 85' lang='grc' dir='ltr'><strong>Ἱεροσόλυμα</strong></span> <span class='ocrx_word' id='word_1_92' title='bbox 1787 1233 1972 1286; x_wconf 78' lang='grc' dir='ltr'>ἄνοδον</span> 
     </span>
    </p>
   </div>
   <div class='ocr_carea' id='block_1_13' title="bbox 374 1311 1965 1391">
    <p class='ocr_par' dir='ltr' id='par_1_13' title="bbox 374 1311 1965 1391">
     <span class='ocr_line' id='line_1_13' title="bbox 374 1311 1965 1391; baseline 0.006 -26"><span class='ocrx_word' id='word_1_93' title='bbox 374 1311 509 1384; x_wconf 69' lang='grc' dir='ltr'><strong>εἶχε,</strong></span> <span class='ocrx_word' id='word_1_94' title='bbox 538 1315 631 1366; x_wconf 72' lang='grc' dir='ltr'><strong>καὶ</strong></span> <span class='ocrx_word' id='word_1_95' title='bbox 651 1313 859 1386; x_wconf 89' lang='grc' dir='ltr'><strong>νοητῶς</strong></span> <span class='ocrx_word' id='word_1_96' title='bbox 883 1315 945 1368; x_wconf 82' lang='grc' dir='ltr'><strong>τὸ</strong></span> <span class='ocrx_word' id='word_1_97' title='bbox 965 1316 1136 1380; x_wconf 84' lang='grc' dir='ltr'><strong>πάθος</strong></span> <span class='ocrx_word' id='word_1_98' title='bbox 1158 1318 1250 1370; x_wconf 78' lang='grc' dir='ltr'><strong>ἐπὶ</strong></span> <span class='ocrx_word' id='word_1_99' title='bbox 1269 1318 1368 1390; x_wconf 76' lang='grc' dir='ltr'><strong>τὴν</strong></span> <span class='ocrx_word' id='word_1_100' title='bbox 1394 1319 1580 1374; x_wconf 73' lang='grc' dir='ltr'><strong>ἄνοδον</strong></span> <span class='ocrx_word' id='word_1_101' title='bbox 1607 1322 1708 1391; x_wconf 76' lang='grc' dir='ltr'><strong>τῆς</strong></span> <span class='ocrx_word' id='word_1_102' title='bbox 1733 1321 1965 1375; x_wconf 76' lang='grc' dir='ltr'><strong>ἀναστά-</strong></span> 
     </span>
    </p>
   </div>
   <div class='ocr_carea' id='block_1_14' title="bbox 377 1398 1971 1476">
    <p class='ocr_par' dir='ltr' id='par_1_14' title="bbox 377 1398 1971 1476">
     <span class='ocr_line' id='line_1_14' title="bbox 377 1398 1971 1476; baseline 0.006 -27"><span class='ocrx_word' id='word_1_103' title='bbox 377 1415 514 1462; x_wconf 91' lang='grc' dir='ltr'><strong>σεως</strong></span> <span class='ocrx_word' id='word_1_104' title='bbox 557 1398 770 1469; x_wconf 75' lang='grc' dir='ltr'><strong>ἔφερεν.</strong></span> <span class='ocrx_word' id='word_1_105' title='bbox 838 1399 1010 1472; x_wconf 83' lang='grc' dir='ltr'><strong>Ἀδάμ</strong></span> <span class='ocrx_word' id='word_1_106' title='bbox 1053 1401 1162 1473; x_wconf 78' lang='grc' dir='ltr'><strong>γάρ</strong></span> <span class='ocrx_word' id='word_1_107' title='bbox 1199 1402 1291 1455; x_wconf 78' lang='grc' dir='ltr'><strong>τὸν</strong></span> <span class='ocrx_word' id='word_1_108' title='bbox 1324 1404 1404 1468; x_wconf 90' lang='grc' dir='ltr'><strong>εἰς</strong></span> <span class='ocrx_word' id='word_1_109' title='bbox 1449 1405 1578 1476; x_wconf 72' lang='grc' dir='ltr'><strong>ᾅδου</strong></span> <span class='ocrx_word' id='word_1_110' title='bbox 1620 1406 1855 1460; x_wconf 79' lang='grc' dir='ltr'><strong>πεσόντα</strong></span> <span class='ocrx_word' id='word_1_111' title='bbox 1889 1407 1971 1470; x_wconf 88' lang='grc' dir='ltr'><strong>εἰς</strong></span> 
     </span>
    </p>
   </div>
   <div class='ocr_carea' id='block_1_15' title="bbox 372 1482 1970 1560">
    <p class='ocr_par' dir='ltr' id='par_1_15' title="bbox 372 1482 1970 1560">
     <span class='ocr_line' id='line_1_15' title="bbox 372 1482 1970 1560; baseline 0.006 -25"><span class='ocrx_word' id='word_1_112' title='bbox 372 1482 602 1555; x_wconf 78' lang='grc' dir='ltr'><strong>οὐρανὸν</strong></span> <span class='ocrx_word' id='word_1_113' title='bbox 644 1483 990 1548; x_wconf 77' lang='grc' dir='ltr'><strong>ἀνεκαλεῖτο,</strong></span> <span class='ocrx_word' id='word_1_114' title='bbox 1025 1487 1120 1540; x_wconf 71' lang='grc' dir='ltr'><strong>καὶ</strong></span> <span class='ocrx_word' id='word_1_115' title='bbox 1146 1485 1245 1557; x_wconf 82' lang='grc' dir='ltr'><strong>τὴν</strong></span> <span class='ocrx_word' id='word_1_116' title='bbox 1285 1488 1461 1559; x_wconf 72' lang='grc' dir='ltr'><strong>χαμαὶ</strong></span> <span class='ocrx_word' id='word_1_117' title='bbox 1491 1491 1751 1560; x_wconf 78' lang='grc' dir='ltr'><strong>κειμένην</strong></span> <span class='ocrx_word' id='word_1_118' title='bbox 1785 1491 1970 1544; x_wconf 90' lang='grc' dir='ltr'><strong>εἰκόνα</strong></span> 
     </span>
    </p>
   </div>
   <div class='ocr_carea' id='block_1_16' title="bbox 374 1567 1964 1643">
    <p class='ocr_par' dir='ltr' id='par_1_16' title="bbox 374 1567 1964 1643">
     <span class='ocr_line' id='line_1_16' title="bbox 374 1567 1964 1643; baseline 0.006 -23"><span class='ocrx_word' id='word_1_119' title='bbox 374 1571 453 1630; x_wconf 87' lang='grc' dir='ltr'><strong>εἰς</strong></span> <span class='ocrx_word' id='word_1_120' title='bbox 483 1567 616 1637; x_wconf 80' lang='grc' dir='ltr'><strong>ὕψος</strong></span> <span class='ocrx_word' id='word_1_121' title='bbox 648 1569 942 1637; x_wconf 85' lang='grc' dir='ltr'><strong>ἀνήγαγεν.</strong></span> <span class='ocrx_word' id='word_1_122' title='bbox 976 1570 1406 1641; x_wconf 82' lang='grc' dir='ltr'><strong>Ἀναϐαίνομεν</strong></span> <span class='ocrx_word' id='word_1_123' title='bbox 1442 1575 1531 1640; x_wconf 77' lang='grc' dir='ltr'><strong>εις</strong></span> <span class='ocrx_word' id='word_1_124' title='bbox 1563 1575 1964 1643; x_wconf 76' lang='grc' dir='ltr'><strong>Ἰεροσόλυμα.</strong></span> 
     </span>
    </p>
   </div>
   <div class='ocr_carea' id='block_1_17' title="bbox 375 1652 1972 1725">
    <p class='ocr_par' dir='ltr' id='par_1_17' title="bbox 375 1652 1972 1725">
     <span class='ocr_line' id='line_1_17' title="bbox 375 1652 1972 1725; baseline 0.004 -19"><span class='ocrx_word' id='word_1_125' title='bbox 375 1655 547 1706; x_wconf 85' lang='grc' dir='ltr'><strong>Ὀπου</strong></span> <span class='ocrx_word' id='word_1_126' title='bbox 573 1652 726 1716; x_wconf 75' lang='grc' dir='ltr'><strong>Θεὸς,</strong></span> <span class='ocrx_word' id='word_1_127' title='bbox 757 1655 875 1707; x_wconf 84' lang='grc' dir='ltr'><strong>ἐκεῖ</strong></span> <span class='ocrx_word' id='word_1_128' title='bbox 902 1655 1105 1725; x_wconf 81' lang='grc' dir='ltr'><strong>ἀρετῆς</strong></span> <span class='ocrx_word' id='word_1_129' title='bbox 1136 1656 1400 1721; x_wconf 86' lang='grc' dir='ltr'><strong>ἀνάϐασις</strong></span> <span class='ocrx_word' id='word_1_130' title='bbox 1423 1675 1437 1688; x_wconf 90' lang='grc'><strong>·</strong></span> <span class='ocrx_word' id='word_1_131' title='bbox 1468 1658 1602 1711; x_wconf 87' lang='grc' dir='ltr'><strong>ὅπου</strong></span> <span class='ocrx_word' id='word_1_132' title='bbox 1640 1658 1828 1722; x_wconf 89' lang='grc' dir='ltr'><strong>κακία,</strong></span> <span class='ocrx_word' id='word_1_133' title='bbox 1853 1661 1972 1713; x_wconf 80' lang='grc' dir='ltr'><strong>ἐκεῖ</strong></span> 
     </span>
    </p>
   </div>
   <div class='ocr_carea' id='block_1_18' title="bbox 370 1737 1967 1812">
    <p class='ocr_par' dir='ltr' id='par_1_18' title="bbox 370 1737 1967 1812">
     <span class='ocr_line' id='line_1_18' title="bbox 370 1737 1967 1812; baseline 0.006 -24"><span class='ocrx_word' id='word_1_134' title='bbox 370 1737 722 1807; x_wconf 75' lang='grc' dir='ltr'><strong>παρανομίας</strong></span> <span class='ocrx_word' id='word_1_135' title='bbox 752 1738 1076 1801; x_wconf 77' lang='grc' dir='ltr'><strong>κατάϐασις.</strong></span> <span class='ocrx_word' id='word_1_136' title='bbox 1101 1738 1201 1792; x_wconf 78' lang='grc' dir='ltr'><strong>Διά</strong></span> <span class='ocrx_word' id='word_1_137' title='bbox 1233 1738 1392 1792; x_wconf 85' lang='grc' dir='ltr'><strong>τοῦτο</strong></span> <span class='ocrx_word' id='word_1_138' title='bbox 1419 1742 1549 1811; x_wconf 79' lang='grc' dir='ltr'><strong>περὶ</strong></span> <span class='ocrx_word' id='word_1_139' title='bbox 1579 1742 1680 1812; x_wconf 78' lang='grc' dir='ltr'><strong>μὲν</strong></span> <span class='ocrx_word' id='word_1_140' title='bbox 1709 1741 1816 1795; x_wconf 90' lang='grc' dir='ltr'><strong>τῶν</strong></span> <span class='ocrx_word' id='word_1_141' title='bbox 1845 1746 1967 1797; x_wconf 79' lang='grc' dir='ltr'><strong>κατ’</strong></span> 
     </span>
    </p>
   </div>
   <div class='ocr_carea' id='block_1_19' title="bbox 367 1820 1969 1894">
    <p class='ocr_par' dir='ltr' id='par_1_19' title="bbox 367 1820 1969 1894">
     <span class='ocr_line' id='line_1_19' title="bbox 367 1820 1969 1894; baseline 0.004 -20"><span class='ocrx_word' id='word_1_142' title='bbox 367 1820 569 1892; x_wconf 77' lang='grc' dir='ltr'><strong>ἀρετὴ-ι</strong></span> <span class='ocrx_word' id='word_1_143' title='bbox 594 1821 1027 1893; x_wconf 80' lang='grc' dir='ltr'><strong>πολιτευομένων</strong></span> <span class='ocrx_word' id='word_1_144' title='bbox 1060 1823 1225 1894; x_wconf 75' lang='grc' dir='ltr'><strong>φησὶν</strong></span> <span class='ocrx_word' id='word_1_145' title='bbox 1251 1825 1280 1877; x_wconf 97' lang='lat'><strong>6</strong></span> <span class='ocrx_word' id='word_1_146' title='bbox 1310 1824 1491 1877; x_wconf 85' lang='grc' dir='ltr'><strong>Δαυῖδ·</strong></span> <span class='ocrx_word' id='word_1_147' title='bbox 1519 1824 1803 1894; x_wconf 80' lang='grc' dir='ltr'><strong>Μακάριοι</strong></span> <span class='ocrx_word' id='word_1_148' title='bbox 1825 1825 1969 1880; x_wconf 79' lang='grc' dir='ltr'><strong>πάν-</strong></span> 
     </span>
    </p>
   </div>
   <div class='ocr_carea' id='block_1_20' title="bbox 367 1906 1968 1977">
    <p class='ocr_par' dir='ltr' id='par_1_20' title="bbox 367 1906 1968 1977">
     <span class='ocr_line' id='line_1_20' title="bbox 367 1906 1968 1977; baseline 0.003 -19"><span class='ocrx_word' id='word_1_149' title='bbox 367 1922 466 1970; x_wconf 85' lang='grc' dir='ltr'><strong>τες</strong></span> <span class='ocrx_word' id='word_1_150' title='bbox 492 1909 545 1960; x_wconf 89' lang='grc' dir='ltr'><strong>οἱ</strong></span> <span class='ocrx_word' id='word_1_151' title='bbox 579 1906 1000 1974; x_wconf 84' lang='grc' dir='ltr'><strong>κατοικοῦντες</strong></span> <span class='ocrx_word' id='word_1_152' title='bbox 1024 1907 1093 1960; x_wconf 82' lang='grc' dir='ltr'><strong>ἐν</strong></span> <span class='ocrx_word' id='word_1_153' title='bbox 1119 1907 1197 1974; x_wconf 83' lang='grc' dir='ltr'><strong>τῷ</strong></span> <span class='ocrx_word' id='word_1_154' title='bbox 1226 1908 1369 1976; x_wconf 82' lang='grc' dir='ltr'><strong>οἴκῳ</strong></span> <span class='ocrx_word' id='word_1_155' title='bbox 1401 1925 1538 1964; x_wconf 84' lang='grc' dir='ltr'><strong>σου·</strong></span> <span class='ocrx_word' id='word_1_156' title='bbox 1561 1911 1648 1976; x_wconf 86' lang='grc' dir='ltr'><strong>είς</strong></span> <span class='ocrx_word' id='word_1_157' title='bbox 1674 1910 1815 1977; x_wconf 88' lang='grc' dir='ltr'><strong>τοὺς</strong></span> <span class='ocrx_word' id='word_1_158' title='bbox 1841 1909 1968 1964; x_wconf 75' lang='grc' dir='ltr'><strong>αἰῶ-</strong></span> 
     </span>
    </p>
   </div>
   <div class='ocr_carea' id='block_1_21' title="bbox 365 1989 1964 2062">
    <p class='ocr_par' dir='ltr' id='par_1_21' title="bbox 365 1989 1964 2062">
     <span class='ocr_line' id='line_1_21' title="bbox 365 1989 1964 2062; baseline 0.004 -20"><span class='ocrx_word' id='word_1_159' title='bbox 365 2007 480 2056; x_wconf 84' lang='grc' dir='ltr'><strong>νας</strong></span> <span class='ocrx_word' id='word_1_160' title='bbox 509 1989 629 2044; x_wconf 85' lang='grc' dir='ltr'><strong>τῶν</strong></span> <span class='ocrx_word' id='word_1_161' title='bbox 648 1992 879 2045; x_wconf 83' lang='grc' dir='ltr'><strong>αιὼνων</strong></span> <span class='ocrx_word' id='word_1_162' title='bbox 903 1991 1226 2046; x_wconf 80' lang='grc' dir='ltr'><strong>αἰνέσουσί</strong></span> <span class='ocrx_word' id='word_1_163' title='bbox 1246 2007 1338 2045; x_wconf 86' lang='grc' dir='ltr'><strong>σε.</strong></span> <span class='ocrx_word' id='word_1_164' title='bbox 1364 1992 1669 2062; x_wconf 82' lang='grc' dir='ltr'><strong>Μακάριος</strong></span> <span class='ocrx_word' id='word_1_165' title='bbox 1693 1993 1870 2062; x_wconf 77' lang='grc' dir='ltr'><strong>ἀνὴρ,</strong></span> <span class='ocrx_word' id='word_1_166' title='bbox 1892 1989 1964 2050; x_wconf 82' lang='grc' dir='ltr'><strong>οὗ</strong></span> 
     </span>
    </p>
   </div>
   <div class='ocr_carea' id='block_1_22' title="bbox 366 2073 1965 2146">
    <p class='ocr_par' dir='ltr' id='par_1_22' title="bbox 366 2073 1965 2146">
     <span class='ocr_line' id='line_1_22' title="bbox 366 2073 1965 2146; baseline 0.003 -20"><span class='ocrx_word' id='word_1_167' title='bbox 366 2073 538 2127; x_wconf 79' lang='grc' dir='ltr'><strong>ἐστιν</strong></span> <span class='ocrx_word' id='word_1_168' title='bbox 583 2074 910 2143; x_wconf 71' lang='grc' dir='ltr'><strong>ἀντίληψις</strong></span> <span class='ocrx_word' id='word_1_169' title='bbox 959 2073 1118 2140; x_wconf 82' lang='grc' dir='ltr'><strong>αὑτῷ</strong></span> <span class='ocrx_word' id='word_1_170' title='bbox 1155 2077 1314 2143; x_wconf 75' lang='grc' dir='ltr'><strong>παρὰ</strong></span> <span class='ocrx_word' id='word_1_171' title='bbox 1352 2077 1502 2130; x_wconf 85' lang='grc' dir='ltr'><strong>σοῦ·</strong></span> <span class='ocrx_word' id='word_1_172' title='bbox 1539 2081 1599 2131; x_wconf 83' lang='lat' dir='ltr'><strong>al</strong></span> <span class='ocrx_word' id='word_1_173' title='bbox 1643 2077 1965 2146; x_wconf 79' lang='grc' dir='ltr'><strong>ἀναϐάσεις</strong></span> 
     </span>
    </p>
   </div>
   <div class='ocr_carea' id='block_1_23' title="bbox 367 2157 1963 2228">
    <p class='ocr_par' dir='ltr' id='par_1_23' title="bbox 367 2157 1963 2228">
     <span class='ocr_line' id='line_1_23' title="bbox 367 2157 1963 2228; baseline 0.003 -18"><span class='ocrx_word' id='word_1_174' title='bbox 367 2172 485 2211; x_wconf 90' lang='grc' dir='ltr'><strong>σου</strong></span> <span class='ocrx_word' id='word_1_175' title='bbox 511 2157 581 2211; x_wconf 84' lang='grc' dir='ltr'><strong>ἐν</strong></span> <span class='ocrx_word' id='word_1_176' title='bbox 606 2157 680 2226; x_wconf 73' lang='grc' dir='ltr'><strong>τῇ</strong></span> <span class='ocrx_word' id='word_1_177' title='bbox 709 2159 921 2227; x_wconf 77' lang='grc' dir='ltr'><strong>καρδίᾳ</strong></span> <span class='ocrx_word' id='word_1_178' title='bbox 960 2161 1165 2215; x_wconf 86' lang='grc' dir='ltr'><strong>αὐτοῦ.</strong></span> <span class='ocrx_word' id='word_1_179' title='bbox 1205 2163 1274 2214; x_wconf 77' lang='grc' dir='ltr'><strong>Αἱ</strong></span> <span class='ocrx_word' id='word_1_180' title='bbox 1297 2159 1624 2228; x_wconf 84' lang='grc' dir='ltr'><strong>ἀναϐάσεις</strong></span> <span class='ocrx_word' id='word_1_181' title='bbox 1651 2176 1788 2226; x_wconf 87' lang='grc' dir='ltr'><strong>σου,</strong></span> <span class='ocrx_word' id='word_1_182' title='bbox 1806 2179 1963 2215; x_wconf 86' lang='grc' dir='ltr'><strong>τουτ-</strong></span> 
     </span>
    </p>
   </div>
   <div class='ocr_carea' id='block_1_24' title="bbox 364 2242 1964 2316">
    <p class='ocr_par' dir='ltr' id='par_1_24' title="bbox 364 2242 1964 2316">
     <span class='ocr_line' id='line_1_24' title="bbox 364 2242 1964 2316; baseline 0.004 -22"><span class='ocrx_word' id='word_1_183' title='bbox 364 2242 535 2304; x_wconf 79' lang='grc' dir='ltr'><strong>έστιν,</strong></span> <span class='ocrx_word' id='word_1_184' title='bbox 579 2245 629 2296; x_wconf 90' lang='grc' dir='ltr'><strong>οί</strong></span> <span class='ocrx_word' id='word_1_185' title='bbox 683 2244 930 2308; x_wconf 78' lang='grc' dir='ltr'><strong>εὐσεϐεῖς</strong></span> <span class='ocrx_word' id='word_1_186' title='bbox 977 2245 1072 2298; x_wconf 73' lang='grc' dir='ltr'><strong>καὶ</strong></span> <span class='ocrx_word' id='word_1_187' title='bbox 1115 2245 1414 2316; x_wconf 78' lang='grc' dir='ltr'><strong>ἀνηγμένοι</strong></span> <span class='ocrx_word' id='word_1_188' title='bbox 1465 2245 1750 2316; x_wconf 75' lang='grc' dir='ltr'><strong>λογισμοὶ,</strong></span> <span class='ocrx_word' id='word_1_189' title='bbox 1795 2249 1843 2300; x_wconf 85' lang='grc' dir='ltr'>οἱ</span> <span class='ocrx_word' id='word_1_190' title='bbox 1885 2249 1964 2310; x_wconf 88' lang='grc' dir='ltr'><strong>είς</strong></span> 
     </span>
    </p>
   </div>
   <div class='ocr_carea' id='block_1_25' title="bbox 367 2325 1958 2400">
    <p class='ocr_par' dir='ltr' id='par_1_25' title="bbox 367 2325 1958 2400">
     <span class='ocr_line' id='line_1_25' title="bbox 367 2325 1958 2400; baseline 0.004 -23"><span class='ocrx_word' id='word_1_191' title='bbox 367 2325 502 2394; x_wconf 74' lang='grc' dir='ltr'><strong>ὕψος</strong></span> <span class='ocrx_word' id='word_1_192' title='bbox 525 2327 820 2396; x_wconf 81' lang='grc' dir='ltr'><strong>ἀνάγοντες</strong></span> <span class='ocrx_word' id='word_1_193' title='bbox 850 2329 978 2390; x_wconf 74' lang='grc' dir='ltr'><strong>τοὺς</strong></span> <span class='ocrx_word' id='word_1_194' title='bbox 1005 2327 1187 2392; x_wconf 86' lang='grc' dir='ltr'><strong>καλῶς</strong></span> <span class='ocrx_word' id='word_1_195' title='bbox 1214 2328 1342 2400; x_wconf 83' lang='grc' dir='ltr'><strong>περὶ</strong></span> <span class='ocrx_word' id='word_1_196' title='bbox 1367 2328 1504 2382; x_wconf 92' lang='grc' dir='ltr'><strong>Θεοῦ</strong></span> <span class='ocrx_word' id='word_1_197' title='bbox 1525 2329 1958 2400; x_wconf 79' lang='grc' dir='ltr'><strong>διανοουμένους.</strong></span> 
     </span>
    </p>
   </div>
   <div class='ocr_carea' id='block_1_26' title="bbox 369 2407 1959 2484">
    <p class='ocr_par' dir='ltr' id='par_1_26' title="bbox 369 2407 1959 2484">
     <span class='ocr_line' id='line_1_26' title="bbox 369 2407 1959 2484; baseline 0.004 -21"><span class='ocrx_word' id='word_1_198' title='bbox 369 2412 558 2464; x_wconf 79' lang='grc' dir='ltr'><strong>Ἔστιν</strong></span> <span class='ocrx_word' id='word_1_199' title='bbox 582 2407 676 2464; x_wconf 87' lang='grc' dir='ltr'><strong>οὗν</strong></span> <span class='ocrx_word' id='word_1_200' title='bbox 707 2411 824 2475; x_wconf 82' lang='grc' dir='ltr'><strong>ὁδὸς</strong></span> <span class='ocrx_word' id='word_1_201' title='bbox 849 2411 998 2483; x_wconf 75' lang='grc'><strong>[5151</strong></span> <span class='ocrx_word' id='word_1_202' title='bbox 1024 2412 1379 2484; x_wconf 74' lang='grc' dir='ltr'><strong>σωφροσύνης</strong></span> <span class='ocrx_word' id='word_1_203' title='bbox 1403 2414 1484 2476; x_wconf 85' lang='grc' dir='ltr'><strong>εἰς</strong></span> <span class='ocrx_word' id='word_1_204' title='bbox 1515 2412 1648 2483; x_wconf 83' lang='grc' dir='ltr'><strong>ῦψος</strong></span> <span class='ocrx_word' id='word_1_205' title='bbox 1663 2414 1959 2480; x_wconf 86' lang='grc' dir='ltr'><strong>ἀνάγουσα,</strong></span> 
     </span>
    </p>
   </div>
   <div class='ocr_carea' id='block_1_27' title="bbox 365 2494 1964 2567">
    <p class='ocr_par' dir='ltr' id='par_1_27' title="bbox 365 2494 1964 2567">
     <span class='ocr_line' id='line_1_27' title="bbox 365 2494 1964 2567; baseline 0.005 -21"><span class='ocrx_word' id='word_1_206' title='bbox 365 2494 484 2556; x_wconf 79' lang='grc' dir='ltr'><strong>ὁδὸς</strong></span> <span class='ocrx_word' id='word_1_207' title='bbox 516 2495 866 2564; x_wconf 80' lang='grc' dir='ltr'><strong>δικαιοσύνης</strong></span> <span class='ocrx_word' id='word_1_208' title='bbox 907 2497 987 2558; x_wconf 83' lang='grc' dir='ltr'><strong>εἰς</strong></span> <span class='ocrx_word' id='word_1_209' title='bbox 1027 2494 1160 2565; x_wconf 79' lang='grc' dir='ltr'><strong>ὕψος</strong></span> <span class='ocrx_word' id='word_1_210' title='bbox 1208 2496 1449 2567; x_wconf 84' lang='grc' dir='ltr'><strong>φέρουσα</strong></span> <span class='ocrx_word' id='word_1_211' title='bbox 1473 2512 1487 2526; x_wconf 95' lang='grc'><strong>·</strong></span> <span class='ocrx_word' id='word_1_212' title='bbox 1536 2497 1630 2550; x_wconf 63' lang='grc' dir='ltr'><strong>καί⁵</strong></span> <span class='ocrx_word' id='word_1_213' title='bbox 1668 2499 1850 2565; x_wconf 74' lang='grc' dir='ltr'><strong>πᾶσα,</strong></span> <span class='ocrx_word' id='word_1_214' title='bbox 1887 2500 1964 2563; x_wconf 85' lang='grc' dir='ltr'><strong>ὡς</strong></span> 
     </span>
    </p>
   </div>
   <div class='ocr_carea' id='block_1_28' title="bbox 364 2580 1965 2652">
    <p class='ocr_par' dir='ltr' id='par_1_28' title="bbox 364 2580 1965 2652">
     <span class='ocr_line' id='line_1_28' title="bbox 364 2580 1965 2652; baseline 0.003 -20"><span class='ocrx_word' id='word_1_215' title='bbox 364 2581 558 2638; x_wconf 87' lang='grc' dir='ltr'><strong>εἰπεῖν.</strong></span> <span class='ocrx_word' id='word_1_216' title='bbox 599 2581 716 2644; x_wconf 82' lang='grc' dir='ltr'><strong>ὁδὸς</strong></span> <span class='ocrx_word' id='word_1_217' title='bbox 741 2580 1025 2643; x_wconf 84' lang='grc' dir='ltr'><strong>εὐσεϐείας</strong></span> <span class='ocrx_word' id='word_1_218' title='bbox 1057 2581 1137 2641; x_wconf 86' lang='grc' dir='ltr'><strong>εἰς</strong></span> <span class='ocrx_word' id='word_1_219' title='bbox 1171 2580 1230 2633; x_wconf 77' lang='grc' dir='ltr'><strong>τὸ</strong></span> <span class='ocrx_word' id='word_1_220' title='bbox 1265 2580 1397 2650; x_wconf 78' lang='grc' dir='ltr'><strong>ὕψος</strong></span> <span class='ocrx_word' id='word_1_221' title='bbox 1428 2583 1604 2634; x_wconf 88' lang='grc' dir='ltr'><strong>ἐκεῖνο</strong></span> <span class='ocrx_word' id='word_1_222' title='bbox 1631 2586 1965 2652; x_wconf 81' lang='grc' dir='ltr'><strong>χειραγωγεῖ</strong></span> 
     </span>
    </p>
   </div>
   <div class='ocr_carea' id='block_1_29' title="bbox 363 2656 1958 2735">
    <p class='ocr_par' dir='ltr' id='par_1_29' title="bbox 363 2656 1958 2735">
     <span class='ocr_line' id='line_1_29' title="bbox 363 2656 1958 2735; baseline 0.003 -19"><span class='ocrx_word' id='word_1_223' title='bbox 363 2662 456 2716; x_wconf 77' lang='grc' dir='ltr'><strong>τὸν</strong></span> <span class='ocrx_word' id='word_1_224' title='bbox 500 2663 777 2733; x_wconf 73' lang='grc' dir='ltr'><strong>φιλόθεον,</strong></span> <span class='ocrx_word' id='word_1_225' title='bbox 813 2665 940 2735; x_wconf 79' lang='grc' dir='ltr'><strong>περὶ</strong></span> <span class='ocrx_word' id='word_1_226' title='bbox 977 2656 1037 2717; x_wconf 82' lang='grc' dir='ltr'><strong>οῦ</strong></span> <span class='ocrx_word' id='word_1_227' title='bbox 1073 2664 1257 2733; x_wconf 76' lang='grc' dir='ltr'><strong>ἔλεγον</strong></span> <span class='ocrx_word' id='word_1_228' title='bbox 1291 2666 1340 2717; x_wconf 88' lang='grc' dir='ltr'>οἱ</span> <span class='ocrx_word' id='word_1_229' title='bbox 1380 2665 1491 2718; x_wconf 85' lang='grc' dir='ltr'><strong>ἀπὸ</strong></span> <span class='ocrx_word' id='word_1_230' title='bbox 1527 2665 1716 2719; x_wconf 89' lang='grc' dir='ltr'><strong>ἐθνῶν·</strong></span> <span class='ocrx_word' id='word_1_231' title='bbox 1749 2666 1958 2729; x_wconf 83' lang='grc' dir='ltr'><strong>Δεῦτε,</strong></span> 
     </span>
    </p>
   </div>
   <div class='ocr_carea' id='block_1_30' title="bbox 363 2747 1963 2817">
    <p class='ocr_par' dir='ltr' id='par_1_30' title="bbox 363 2747 1963 2817">
     <span class='ocr_line' id='line_1_30' title="bbox 363 2747 1963 2817; baseline 0.002 -17"><span class='ocrx_word' id='word_1_232' title='bbox 363 2748 744 2816; x_wconf 80' lang='grc' dir='ltr'><strong>πορευθῶμεν</strong></span> <span class='ocrx_word' id='word_1_233' title='bbox 780 2750 867 2814; x_wconf 83' lang='grc' dir='ltr'><strong>εἰς</strong></span> <span class='ocrx_word' id='word_1_234' title='bbox 903 2747 965 2800; x_wconf 75' lang='grc' dir='ltr'><strong>τὸ</strong></span> <span class='ocrx_word' id='word_1_235' title='bbox 1006 2747 1144 2814; x_wconf 78' lang='grc' dir='ltr'><strong>ὄρος</strong></span> <span class='ocrx_word' id='word_1_236' title='bbox 1177 2748 1284 2802; x_wconf 88' lang='grc' dir='ltr'><strong>τοῦ</strong></span> <span class='ocrx_word' id='word_1_237' title='bbox 1316 2749 1566 2817; x_wconf 79' lang='grc' dir='ltr'><strong>Κυρίου,</strong></span> <span class='ocrx_word' id='word_1_238' title='bbox 1601 2749 1699 2804; x_wconf 81' lang='grc' dir='ltr'><strong>καὶ</strong></span> <span class='ocrx_word' id='word_1_239' title='bbox 1735 2752 1824 2816; x_wconf 91' lang='grc' dir='ltr'><strong>εἰς</strong></span> <span class='ocrx_word' id='word_1_240' title='bbox 1855 2751 1963 2804; x_wconf 81' lang='grc' dir='ltr'><strong>τὸν</strong></span> 
     </span>
    </p>
   </div>
   <div class='ocr_carea' id='block_1_31' title="bbox 363 2827 1958 2903">
    <p class='ocr_par' dir='ltr' id='par_1_31' title="bbox 363 2827 1958 2903">
     <span class='ocr_line' id='line_1_31' title="bbox 363 2827 1958 2903; baseline 0.003 -19"><span class='ocrx_word' id='word_1_241' title='bbox 363 2827 534 2885; x_wconf 83' lang='grc' dir='ltr'><strong>οἷκον</strong></span> <span class='ocrx_word' id='word_1_242' title='bbox 559 2832 666 2886; x_wconf 86' lang='grc' dir='ltr'><strong>τοῦ</strong></span> <span class='ocrx_word' id='word_1_243' title='bbox 701 2832 849 2886; x_wconf 87' lang='grc' dir='ltr'><strong>Θεοῦ</strong></span> <span class='ocrx_word' id='word_1_244' title='bbox 889 2830 1106 2886; x_wconf 84' lang='grc' dir='ltr'><strong>Ἰακώϐ.</strong></span> <span class='ocrx_word' id='word_1_245' title='bbox 1146 2831 1322 2886; x_wconf 84' lang='grc' dir='ltr'><strong>Ὅπου</strong></span> <span class='ocrx_word' id='word_1_246' title='bbox 1349 2833 1448 2903; x_wconf 84' lang='grc' dir='ltr'><strong>μὲν</strong></span> <span class='ocrx_word' id='word_1_247' title='bbox 1473 2833 1758 2897; x_wconf 89' lang='grc' dir='ltr'><strong>εὐσεϐείας</strong></span> <span class='ocrx_word' id='word_1_248' title='bbox 1780 2833 1958 2903; x_wconf 89' lang='grc' dir='ltr'><strong>λόγος,</strong></span> 
     </span>
    </p>
   </div>
   <div class='ocr_carea' id='block_1_32' title="bbox 363 2914 1961 2988">
    <p class='ocr_par' dir='ltr' id='par_1_32' title="bbox 363 2914 1961 2988">
     <span class='ocr_line' id='line_1_32' title="bbox 363 2914 1961 2988; baseline 0.002 -20"><span class='ocrx_word' id='word_1_249' title='bbox 363 2917 480 2970; x_wconf 82' lang='grc' dir='ltr'><strong>ἐκεί</strong></span> <span class='ocrx_word' id='word_1_250' title='bbox 506 2915 601 2969; x_wconf 68' lang='grc' dir='ltr'><strong>καὶ</strong></span> <span class='ocrx_word' id='word_1_251' title='bbox 630 2916 818 2978; x_wconf 84' lang='grc' dir='ltr'><strong>ἄνοδος</strong></span> <span class='ocrx_word' id='word_1_252' title='bbox 851 2929 900 2956; x_wconf 78' lang='grc'><strong>³·</strong></span> <span class='ocrx_word' id='word_1_253' title='bbox 938 2917 1074 2969; x_wconf 78' lang='grc' dir='ltr'><strong>ὅπου</strong></span> <span class='ocrx_word' id='word_1_254' title='bbox 1096 2914 1152 2968; x_wconf 81' lang='grc' dir='ltr'><strong>δὲ</strong></span> <span class='ocrx_word' id='word_1_255' title='bbox 1191 2915 1361 2970; x_wconf 85' lang='grc' dir='ltr'><strong>κακία</strong></span> <span class='ocrx_word' id='word_1_256' title='bbox 1381 2955 1396 2978; x_wconf 91' lang='grc'><strong>,</strong></span> <span class='ocrx_word' id='word_1_257' title='bbox 1437 2916 1741 2981; x_wconf 86' lang='grc' dir='ltr'><strong>κατάϐασις</strong></span> <span class='ocrx_word' id='word_1_258' title='bbox 1772 2918 1961 2988; x_wconf 86' lang='grc' dir='ltr'><strong>ὁμολο-</strong></span> 
     </span>
    </p>
   </div>
   <div class='ocr_carea' id='block_1_33' title="bbox 362 3000 1956 3074">
    <p class='ocr_par' dir='ltr' id='par_1_33' title="bbox 362 3000 1956 3074">
     <span class='ocr_line' id='line_1_33' title="bbox 362 3000 1956 3074; baseline 0.001 -20"><span class='ocrx_word' id='word_1_259' title='bbox 362 3000 624 3070; x_wconf 87' lang='grc' dir='ltr'><strong>γουμένη.</strong></span> <span class='ocrx_word' id='word_1_260' title='bbox 655 3001 764 3054; x_wconf 69' lang='grc' dir='ltr'><strong>Καὶ</strong></span> <span class='ocrx_word' id='word_1_261' title='bbox 810 3003 1079 3072; x_wconf 79' lang='grc' dir='ltr'><strong>μαρτυρεῖ’</strong></span> <span class='ocrx_word' id='word_1_262' title='bbox 1117 3001 1282 3053; x_wconf 81' lang='grc' dir='ltr'><strong>Δαυῒδ</strong></span> <span class='ocrx_word' id='word_1_263' title='bbox 1323 3003 1351 3054; x_wconf 92' lang='lat'><strong>6</strong></span> <span class='ocrx_word' id='word_1_264' title='bbox 1411 3003 1701 3074; x_wconf 74' lang='grc' dir='ltr'><strong>προφήτης</strong></span> <span class='ocrx_word' id='word_1_265' title='bbox 1748 3002 1956 3072; x_wconf 88' lang='grc' dir='ltr'><strong>λέγων·</strong></span> 
     </span>
    </p>
   </div>
   <div class='ocr_carea' id='block_1_34' title="bbox 372 3084 1954 3155">
    <p class='ocr_par' dir='ltr' id='par_1_34' title="bbox 372 3084 1954 3155">
     <span class='ocr_line' id='line_1_34' title="bbox 372 3084 1954 3155; baseline 0.001 -16"><span class='ocrx_word' id='word_1_266' title='bbox 372 3086 588 3141; x_wconf 82' lang='grc' dir='ltr'><strong>Ῥῦσαί</strong></span> <span class='ocrx_word' id='word_1_267' title='bbox 611 3102 688 3155; x_wconf 87' lang='grc' dir='ltr'><strong>με</strong></span> <span class='ocrx_word' id='word_1_268' title='bbox 735 3086 853 3139; x_wconf 78' lang='grc' dir='ltr'><strong>ά.τύ</strong></span> <span class='ocrx_word' id='word_1_269' title='bbox 887 3085 1006 3138; x_wconf 87' lang='grc' dir='ltr'><strong>τῶν</strong></span> <span class='ocrx_word' id='word_1_270' title='bbox 1047 3085 1532 3138; x_wconf 76' lang='grc' dir='ltr'><strong>καταϐαινόντων</strong></span> <span class='ocrx_word' id='word_1_271' title='bbox 1569 3087 1658 3151; x_wconf 74' lang='grc' dir='ltr'><strong>εἰς</strong></span> <span class='ocrx_word' id='word_1_272' title='bbox 1687 3084 1954 3140; x_wconf 78' lang='grc' dir='ltr'><strong>λάκκον·</strong></span> 
     </span>
    </p>
   </div>
   <div class='ocr_carea' id='block_1_35' title="bbox 361 3167 1954 3238">
    <p class='ocr_par' dir='ltr' id='par_1_35' title="bbox 361 3167 1954 3238">
     <span class='ocr_line' id='line_1_35' title="bbox 361 3167 1954 3238; baseline 0.002 -17"><span class='ocrx_word' id='word_1_273' title='bbox 361 3168 456 3221; x_wconf 70' lang='grc' dir='ltr'><strong>καὶ</strong></span> <span class='ocrx_word' id='word_1_274' title='bbox 485 3169 667 3230; x_wconf 83' lang='grc' dir='ltr'><strong>πάλιν,</strong></span> <span class='ocrx_word' id='word_1_275' title='bbox 711 3169 763 3221; x_wconf 90' lang='grc' dir='ltr'><em>Ὀ</em></span> <span class='ocrx_word' id='word_1_276' title='bbox 787 3167 958 3238; x_wconf 75' lang='grc' dir='ltr'><strong>ὑψῶν</strong></span> <span class='ocrx_word' id='word_1_277' title='bbox 972 3186 1050 3238; x_wconf 89' lang='grc' dir='ltr'><strong>με</strong></span> <span class='ocrx_word' id='word_1_278' title='bbox 1066 3169 1134 3222; x_wconf 87' lang='grc' dir='ltr'><strong>ἐκ</strong></span> <span class='ocrx_word' id='word_1_279' title='bbox 1159 3167 1276 3222; x_wconf 86' lang='grc' dir='ltr'><strong>τῶν</strong></span> <span class='ocrx_word' id='word_1_280' title='bbox 1300 3167 1512 3222; x_wconf 69' lang='grc' dir='ltr'><strong>πυλῶν</strong></span> <span class='ocrx_word' id='word_1_281' title='bbox 1539 3170 1644 3222; x_wconf 80' lang='grc' dir='ltr'><strong>τοῦ</strong></span> <span class='ocrx_word' id='word_1_282' title='bbox 1677 3170 1954 3224; x_wconf 84' lang='grc' dir='ltr'><strong>θανάτου.</strong></span> 
     </span>
    </p>
   </div>
   <div class='ocr_carea' id='block_1_36' title="bbox 363 3251 1958 3324">
    <p class='ocr_par' dir='ltr' id='par_1_36' title="bbox 363 3251 1958 3324">
     <span class='ocr_line' id='line_1_36' title="bbox 363 3251 1958 3324; baseline 0.003 -20"><span class='ocrx_word' id='word_1_283' title='bbox 363 3251 526 3305; x_wconf 85' lang='grc' dir='ltr'><strong>Ὥστε</strong></span> <span class='ocrx_word' id='word_1_284' title='bbox 558 3253 678 3306; x_wconf 76' lang='grc' dir='ltr'><strong>οὐδὲ</strong></span> <span class='ocrx_word' id='word_1_285' title='bbox 704 3252 783 3315; x_wconf 80' lang='grc' dir='ltr'><strong>τὸ,</strong></span> <span class='ocrx_word' id='word_1_286' title='bbox 825 3254 1261 3322; x_wconf 60' lang='grc' dir='ltr'><strong>’Λναϐαίνομεικ</strong></span> <span class='ocrx_word' id='word_1_287' title='bbox 1301 3253 1576 3324; x_wconf 88' lang='grc' dir='ltr'><strong>περιττόν.</strong></span> <span class='ocrx_word' id='word_1_288' title='bbox 1620 3252 1777 3307; x_wconf 81' lang='grc' dir='ltr'><strong>Ἰδοὺ</strong></span> <span class='ocrx_word' id='word_1_289' title='bbox 1817 3254 1958 3308; x_wconf 82' lang='grc' dir='ltr'><strong>ἀνα-</strong></span> 
     </span>
    </p>
   </div>
   <div class='ocr_carea' id='block_1_37' title="bbox 360 3336 1954 3409">
    <p class='ocr_par' dir='ltr' id='par_1_37' title="bbox 360 3336 1954 3409">
     <span class='ocr_line' id='line_1_37' title="bbox 360 3336 1954 3409; baseline 0.003 -20"><span class='ocrx_word' id='word_1_290' title='bbox 360 3337 662 3406; x_wconf 71' lang='grc' dir='ltr'><strong>ϐαίνομεν.</strong></span> <span class='ocrx_word' id='word_1_291' title='bbox 694 3337 888 3391; x_wconf 85' lang='grc' dir='ltr'><strong>Καίτοι</strong></span> <span class='ocrx_word' id='word_1_292' title='bbox 914 3339 1072 3407; x_wconf 88' lang='grc' dir='ltr'><strong>μόνος</strong></span> <span class='ocrx_word' id='word_1_293' title='bbox 1104 3337 1265 3400; x_wconf 82' lang='grc' dir='ltr'><strong>αὐτὸς</strong></span> <span class='ocrx_word' id='word_1_294' title='bbox 1294 3339 1385 3390; x_wconf 77' lang='grc' dir='ltr'><strong>ἐπὶ</strong></span> <span class='ocrx_word' id='word_1_295' title='bbox 1416 3337 1477 3390; x_wconf 78' lang='grc' dir='ltr'><strong>τὸ</strong></span> <span class='ocrx_word' id='word_1_296' title='bbox 1510 3337 1680 3401; x_wconf 82' lang='grc' dir='ltr'><strong>πάθος</strong></span> <span class='ocrx_word' id='word_1_297' title='bbox 1714 3336 1954 3409; x_wconf 78' lang='grc' dir='ltr'><strong>ἔρχεται.</strong></span> 
     </span>
    </p>
   </div>
   <div class='ocr_carea' id='block_1_38' title="bbox 359 3417 1957 3491">
    <p class='ocr_par' dir='ltr' id='par_1_38' title="bbox 359 3417 1957 3491">
     <span class='ocr_line' id='line_1_38' title="bbox 359 3417 1957 3491; baseline 0.001 -18"><span class='ocrx_word' id='word_1_298' title='bbox 359 3421 458 3474; x_wconf 76' lang='grc' dir='ltr'><strong>Διά</strong></span> <span class='ocrx_word' id='word_1_299' title='bbox 476 3423 527 3474; x_wconf 89' lang='grc' dir='ltr'><strong>τί</strong></span> <span class='ocrx_word' id='word_1_300' title='bbox 553 3417 644 3474; x_wconf 83' lang='grc' dir='ltr'><strong>οῦν</strong></span> <span class='ocrx_word' id='word_1_301' title='bbox 667 3421 882 3484; x_wconf 84' lang='grc' dir='ltr'><strong>κοινῶς,</strong></span> <span class='ocrx_word' id='word_1_302' title='bbox 925 3421 1383 3487; x_wconf 82' lang='grc' dir='ltr'><strong>Ἀναϐιιίνομεν;</strong></span> <span class='ocrx_word' id='word_1_303' title='bbox 1415 3421 1538 3473; x_wconf 78' lang='grc' dir='ltr'><strong>Ὀτι</strong></span> <span class='ocrx_word' id='word_1_304' title='bbox 1570 3419 1632 3474; x_wconf 79' lang='grc' dir='ltr'><strong>τὸ</strong></span> <span class='ocrx_word' id='word_1_305' title='bbox 1659 3420 1759 3491; x_wconf 80' lang='grc' dir='ltr'><strong>μὲν</strong></span> <span class='ocrx_word' id='word_1_306' title='bbox 1788 3421 1957 3485; x_wconf 79' lang='grc' dir='ltr'><strong>πάθος</strong></span> 
     </span>
    </p>
   </div>
   <div class='ocr_carea' id='block_1_39' title="bbox 360 3503 1955 3576">
    <p class='ocr_par' dir='ltr' id='par_1_39' title="bbox 360 3503 1955 3576">
     <span class='ocr_line' id='line_1_39' title="bbox 360 3503 1955 3576; baseline 0 -19"><span class='ocrx_word' id='word_1_307' title='bbox 360 3503 514 3574; x_wconf 68' lang='grc' dir='ltr'><strong>ἐμὸν,</strong></span> <span class='ocrx_word' id='word_1_308' title='bbox 565 3503 718 3574; x_wconf 76' lang='grc' dir='ltr'><strong>κοινὴ</strong></span> <span class='ocrx_word' id='word_1_309' title='bbox 750 3504 807 3556; x_wconf 78' lang='grc' dir='ltr'><strong>δὲ</strong></span> <span class='ocrx_word' id='word_1_310' title='bbox 851 3503 1068 3556; x_wconf 80' lang='grc' dir='ltr'><strong>πάντων</strong></span> <span class='ocrx_word' id='word_1_311' title='bbox 1105 3503 1410 3572; x_wconf 82' lang='grc' dir='ltr'><strong>ἀνθρώπων</strong></span> <span class='ocrx_word' id='word_1_312' title='bbox 1454 3505 1487 3572; x_wconf 86' lang='grc' dir='ltr'><strong>ὴ</strong></span> <span class='ocrx_word' id='word_1_313' title='bbox 1538 3503 1807 3576; x_wconf 78' lang='grc' dir='ltr'><strong>σωτηρία,</strong></span> <span class='ocrx_word' id='word_1_314' title='bbox 1857 3504 1955 3558; x_wconf 83' lang='grc' dir='ltr'><strong>Διὰ</strong></span> 
     </span>
    </p>
   </div>
   <div class='ocr_carea' id='block_1_40' title="bbox 359 3585 1956 3658">
    <p class='ocr_par' dir='ltr' id='par_1_40' title="bbox 359 3585 1956 3658">
     <span class='ocr_line' id='line_1_40' title="bbox 359 3585 1956 3658; baseline 0.001 -19"><span class='ocrx_word' id='word_1_315' title='bbox 359 3587 516 3640; x_wconf 86' lang='grc' dir='ltr'><strong>τοῦτο</strong></span> <span class='ocrx_word' id='word_1_316' title='bbox 568 3588 597 3638; x_wconf 91' lang='lat'><strong>6</strong></span> <span class='ocrx_word' id='word_1_317' title='bbox 635 3585 778 3650; x_wconf 85' lang='grc' dir='ltr'><strong>θεῖος</strong></span> <span class='ocrx_word' id='word_1_318' title='bbox 821 3585 1142 3649; x_wconf 77' lang='grc' dir='ltr'><strong>Ἀπόστολος</strong></span> <span class='ocrx_word' id='word_1_319' title='bbox 1185 3586 1282 3655; x_wconf 70' lang='grc' dir='ltr'><strong>τὴν</strong></span> <span class='ocrx_word' id='word_1_320' title='bbox 1318 3585 1570 3653; x_wconf 82' lang='grc' dir='ltr'><strong>γενναίαν</strong></span> <span class='ocrx_word' id='word_1_321' title='bbox 1614 3587 1828 3658; x_wconf 87' lang='grc' dir='ltr'><strong>ἐκείνην</strong></span> <span class='ocrx_word' id='word_1_322' title='bbox 1863 3589 1956 3641; x_wconf 77' lang='grc' dir='ltr'><strong>καὶ</strong></span> 
     </span>
    </p>
   </div>
   <div class='ocr_carea' id='block_1_41' title="bbox 357 3667 1952 3740">
    <p class='ocr_par' dir='ltr' id='par_1_41' title="bbox 357 3667 1952 3740">
     <span class='ocr_line' id='line_1_41' title="bbox 357 3667 1952 3740; baseline 0.002 -19"><span class='ocrx_word' id='word_1_323' title='bbox 357 3669 637 3738; x_wconf 75' lang='grc' dir='ltr'><strong>θαύματος</strong></span> <span class='ocrx_word' id='word_1_324' title='bbox 660 3669 864 3740; x_wconf 80' lang='grc' dir='ltr'><strong>μεστὴν</strong></span> <span class='ocrx_word' id='word_1_325' title='bbox 886 3667 1081 3740; x_wconf 67' lang='grc' dir='ltr'><strong>ξρρηξε</strong></span> <span class='ocrx_word' id='word_1_326' title='bbox 1117 3668 1296 3738; x_wconf 73' lang='grc' dir='ltr'><strong>φωνὴν</strong></span> <span class='ocrx_word' id='word_1_327' title='bbox 1317 3667 1392 3730; x_wconf 84' lang='grc' dir='ltr'><strong>ῶς</strong></span> <span class='ocrx_word' id='word_1_328' title='bbox 1431 3668 1633 3740; x_wconf 84' lang='grc' dir='ltr'><strong>ἀρτίως</strong></span> <span class='ocrx_word' id='word_1_329' title='bbox 1657 3670 1952 3740; x_wconf 78' lang='grc' dir='ltr'><strong>ἀκηκόατε·</strong></span> 
     </span>
    </p>
   </div>
   <div class='ocr_carea' id='block_1_42' title="bbox 364 3749 1952 3825">
    <p class='ocr_par' dir='ltr' id='par_1_42' title="bbox 364 3749 1952 3825">
     <span class='ocr_line' id='line_1_42' title="bbox 364 3749 1952 3825; baseline 0.001 -19"><span class='ocrx_word' id='word_1_330' title='bbox 364 3750 448 3817; x_wconf 83' lang='grc' dir='ltr'><strong>Τῷ</strong></span> <span class='ocrx_word' id='word_1_331' title='bbox 470 3750 696 3821; x_wconf 59' lang='grc' dir='ltr'><strong>λφιστῷ</strong></span> <span class='ocrx_word' id='word_1_332' title='bbox 718 3753 1228 3820; x_wconf 63' lang='grc' dir='ltr'><strong>συνεσταιίφωμιιι.</strong></span> <span class='ocrx_word' id='word_1_333' title='bbox 1259 3749 1350 3803; x_wconf 85' lang='grc' dir='ltr'><strong>Ζῶ</strong></span> <span class='ocrx_word' id='word_1_334' title='bbox 1372 3749 1459 3817; x_wconf 80' lang='grc' dir='ltr'><strong>δέ,</strong></span> <span class='ocrx_word' id='word_1_335' title='bbox 1490 3754 1689 3807; x_wconf 82' lang='grc' dir='ltr'><strong>οὐκέτι</strong></span> <span class='ocrx_word' id='word_1_336' title='bbox 1717 3753 1851 3822; x_wconf 71' lang='grc' dir='ltr'><strong>ἐγὼ,</strong></span> <span class='ocrx_word' id='word_1_337' title='bbox 1883 3755 1952 3825; x_wconf 73' lang='grc' dir='ltr'><strong>ζῇ</strong></span> 
     </span>
    </p>
   </div>
   <div class='ocr_carea' id='block_1_43' title="bbox 358 3835 1954 3907">
    <p class='ocr_par' dir='ltr' id='par_1_43' title="bbox 358 3835 1954 3907">
     <span class='ocr_line' id='line_1_43' title="bbox 358 3835 1954 3907; baseline 0.004 -20"><span class='ocrx_word' id='word_1_338' title='bbox 358 3835 427 3888; x_wconf 79' lang='grc' dir='ltr'><strong>δὲ</strong></span> <span class='ocrx_word' id='word_1_339' title='bbox 453 3836 523 3888; x_wconf 84' lang='grc' dir='ltr'><strong>ἐν</strong></span> <span class='ocrx_word' id='word_1_340' title='bbox 555 3835 684 3905; x_wconf 73' lang='grc' dir='ltr'><strong>ἐμοὶ</strong></span> <span class='ocrx_word' id='word_1_341' title='bbox 719 3837 992 3904; x_wconf 82' lang='grc' dir='ltr'><strong>Χριστός.</strong></span> <span class='ocrx_word' id='word_1_342' title='bbox 1034 3835 1243 3897; x_wconf 74' lang='grc' dir='ltr'><strong>Ἄλλως</strong></span> <span class='ocrx_word' id='word_1_343' title='bbox 1271 3852 1362 3898; x_wconf 86' lang='grc' dir='ltr'><strong>τε,</strong></span> <span class='ocrx_word' id='word_1_344' title='bbox 1403 3835 1682 3907; x_wconf 71' lang='grc' dir='ltr'><strong>βουληθεὶς</strong></span> <span class='ocrx_word' id='word_1_345' title='bbox 1719 3839 1954 3905; x_wconf 66' lang='grc' dir='ltr'><strong>ἐνδεῖξαι</strong></span> 
     </span>
    </p>
   </div>
   <div class='ocr_carea' id='block_1_44' title="bbox 361 3918 1953 3992">
    <p class='ocr_par' dir='ltr' id='par_1_44' title="bbox 361 3918 1953 3992">
     <span class='ocr_line' id='line_1_44' title="bbox 361 3918 1953 3992; baseline 0.003 -20"><span class='ocrx_word' id='word_1_346' title='bbox 361 3920 486 3972; x_wconf 89' lang='grc' dir='ltr'><strong>σθαι</strong></span> <span class='ocrx_word' id='word_1_347' title='bbox 519 3921 612 3973; x_wconf 79' lang='grc' dir='ltr'><strong>καὶ</strong></span> <span class='ocrx_word' id='word_1_348' title='bbox 647 3920 738 3973; x_wconf 85' lang='grc' dir='ltr'><strong>τὸν</strong></span> <span class='ocrx_word' id='word_1_349' title='bbox 769 3919 982 3992; x_wconf 83' lang='grc' dir='ltr'><strong>καρπὸν</strong></span> <span class='ocrx_word' id='word_1_350' title='bbox 1010 3918 1104 3972; x_wconf 89' lang='grc' dir='ltr'><strong>τοῦ</strong></span> <span class='ocrx_word' id='word_1_351' title='bbox 1153 3918 1412 3990; x_wconf 85' lang='grc' dir='ltr'><strong>σταυροῦ,</strong></span> <span class='ocrx_word' id='word_1_352' title='bbox 1448 3921 1725 3990; x_wconf 80' lang='grc' dir='ltr'><strong>ἐπήγαγεν</strong></span> <span class='ocrx_word' id='word_1_353' title='bbox 1753 3923 1953 3988; x_wconf 87' lang='grc' dir='ltr'><strong>εὐθέως</strong></span> 
     </span>
    </p>
   </div>
   <div class='ocr_carea' id='block_1_45' title="bbox 359 3999 1953 4075">
    <p class='ocr_par' dir='ltr' id='par_1_45' title="bbox 359 3999 1953 4075">
     <span class='ocr_line' id='line_1_45' title="bbox 359 3999 1953 4075; baseline 0.004 -21"><span class='ocrx_word' id='word_1_354' title='bbox 359 4001 448 4055; x_wconf 80' lang='grc' dir='ltr'><strong>διά</strong></span> <span class='ocrx_word' id='word_1_355' title='bbox 477 4003 582 4056; x_wconf 86' lang='grc' dir='ltr'><strong>τῶν</strong></span> <span class='ocrx_word' id='word_1_356' title='bbox 615 4003 836 4074; x_wconf 80' lang='grc' dir='ltr'><strong>ἐφεξῆς·</strong></span> <span class='ocrx_word' id='word_1_357' title='bbox 867 4003 1120 4071; x_wconf 79' lang='grc' dir='ltr'><strong>Χριστὸς</strong></span> <span class='ocrx_word' id='word_1_358' title='bbox 1150 3999 1309 4070; x_wconf 75' lang='grc' dir='ltr'><strong>ἡμᾶς</strong></span> <span class='ocrx_word' id='word_1_359' title='bbox 1339 4003 1714 4073; x_wconf 70' lang='grc' dir='ltr'><strong>ἐξηγόρασεν</strong></span> <span class='ocrx_word' id='word_1_360' title='bbox 1743 4005 1812 4060; x_wconf 82' lang='grc' dir='ltr'><strong>ἐκ</strong></span> <span class='ocrx_word' id='word_1_361' title='bbox 1842 4004 1953 4075; x_wconf 84' lang='grc' dir='ltr'><strong>τῆς</strong></span> 
     </span>
    </p>
   </div>
   <div class='ocr_carea' id='block_1_46' title="bbox 357 4084 1946 4159">
    <p class='ocr_par' dir='ltr' id='par_1_46' title="bbox 357 4084 1946 4159">
     <span class='ocr_line' id='line_1_46' title="bbox 357 4084 1946 4159; baseline 0.002 -19"><span class='ocrx_word' id='word_1_362' title='bbox 357 4084 620 4156; x_wconf 78' lang='grc' dir='ltr'><strong>κατάρας</strong></span> <span class='ocrx_word' id='word_1_363' title='bbox 640 4087 744 4142; x_wconf 89' lang='grc' dir='ltr'><strong>τοῦ</strong></span> <span class='ocrx_word' id='word_1_364' title='bbox 763 4087 972 4156; x_wconf 82' lang='grc' dir='ltr'><strong>νόμου,</strong></span> <span class='ocrx_word' id='word_1_365' title='bbox 997 4087 1320 4156; x_wconf 77' lang='grc' dir='ltr'><strong>γενόμενος</strong></span> <span class='ocrx_word' id='word_1_366' title='bbox 1343 4087 1494 4156; x_wconf 67' lang='grc' dir='ltr'><strong>ὑπεξρ</strong></span> <span class='ocrx_word' id='word_1_367' title='bbox 1513 4087 1682 4158; x_wconf 83' lang='grc' dir='ltr'><strong>ήμῶν</strong></span> <span class='ocrx_word' id='word_1_368' title='bbox 1703 4088 1946 4159; x_wconf 83' lang='grc' dir='ltr'><strong>κατάρα·</strong></span> 
     </span>
    </p>
   </div>
   <div class='ocr_carea' id='block_1_47' title="bbox 355 4169 1950 4244">
    <p class='ocr_par' dir='ltr' id='par_1_47' title="bbox 355 4169 1950 4244">
     <span class='ocr_line' id='line_1_47' title="bbox 355 4169 1950 4244; baseline 0.002 -20"><span class='ocrx_word' id='word_1_369' title='bbox 355 4171 670 4244; x_wconf 88' lang='grc' dir='ltr'><strong>γέγραπται</strong></span> <span class='ocrx_word' id='word_1_370' title='bbox 707 4172 847 4243; x_wconf 89' lang='grc' dir='ltr'><strong>γάρ·</strong></span> <span class='ocrx_word' id='word_1_371' title='bbox 879 4169 1337 4241; x_wconf 79' lang='grc' dir='ltr'><strong>Ἐπικατάρατος</strong></span> <span class='ocrx_word' id='word_1_372' title='bbox 1373 4172 1494 4238; x_wconf 84' lang='grc' dir='ltr'><strong>πᾶς</strong></span> <span class='ocrx_word' id='word_1_373' title='bbox 1519 4175 1553 4226; x_wconf 85' lang='grc' dir='ltr'><strong>ό</strong></span> <span class='ocrx_word' id='word_1_374' title='bbox 1579 4173 1950 4244; x_wconf 81' lang='grc' dir='ltr'><strong>κρεμάμενος</strong></span> 
     </span>
    </p>
   </div>
   <div class='ocr_carea' id='block_1_48' title="bbox 354 4254 696 4320">
    <p class='ocr_par' dir='ltr' id='par_1_48' title="bbox 354 4254 696 4320">
     <span class='ocr_line' id='line_1_48' title="bbox 354 4254 696 4320; baseline 0.003 -12"><span class='ocrx_word' id='word_1_375' title='bbox 354 4254 456 4309; x_wconf 76' lang='grc' dir='ltr'><strong>ἐπὶ</strong></span> <span class='ocrx_word' id='word_1_376' title='bbox 484 4255 696 4320; x_wconf 76' lang='grc' dir='ltr'><strong>ξύλου.</strong></span> 
     </span>
    </p>
   </div>
   <div class='ocr_carea' id='block_1_49' title="bbox 427 4337 1948 4414">
    <p class='ocr_par' dir='ltr' id='par_1_49' title="bbox 427 4337 1948 4414">
     <span class='ocr_line' id='line_1_49' title="bbox 427 4337 1948 4414; baseline 0.003 -23"><span class='ocrx_word' id='word_1_377' title='bbox 427 4337 494 4407; x_wconf 83' lang='grc' dir='ltr'><strong>β’.</strong></span> <span class='ocrx_word' id='word_1_378' title='bbox 536 4337 801 4393; x_wconf 84' lang='grc' dir='ltr'><strong>Ἐνταῦθά</strong></span> <span class='ocrx_word' id='word_1_379' title='bbox 841 4356 930 4408; x_wconf 89' lang='grc' dir='ltr'><strong>μοι</strong></span> <span class='ocrx_word' id='word_1_380' title='bbox 961 4339 1194 4410; x_wconf 86' lang='grc' dir='ltr'><strong>πρόσεχε</strong></span> <span class='ocrx_word' id='word_1_381' title='bbox 1233 4338 1476 4412; x_wconf 89' lang='grc' dir='ltr'><strong>ἀκριϐῶς</strong></span> <span class='ocrx_word' id='word_1_382' title='bbox 1502 4339 1596 4394; x_wconf 81' lang='grc' dir='ltr'><strong>τὸν</strong></span> <span class='ocrx_word' id='word_1_383' title='bbox 1616 4341 1760 4410; x_wconf 83' lang='grc' dir='ltr'><strong>νοῦν,</strong></span> <span class='ocrx_word' id='word_1_384' title='bbox 1783 4341 1856 4414; x_wconf 80' lang='grc' dir='ltr'><strong>μή</strong></span> <span class='ocrx_word' id='word_1_385' title='bbox 1888 4359 1948 4395; x_wconf 88' lang='grc' dir='ltr'><strong>σε</strong></span> 
     </span>
    </p>
   </div>
   <div class='ocr_carea' id='block_1_50' title="bbox 353 4420 1947 4496">
    <p class='ocr_par' dir='ltr' id='par_1_50' title="bbox 353 4420 1947 4496">
     <span class='ocr_line' id='line_1_50' title="bbox 353 4420 1947 4496; baseline 0.003 -22"><span class='ocrx_word' id='word_1_386' title='bbox 353 4420 592 4493; x_wconf 74' lang='grc' dir='ltr'><strong>διαφύγῃ</strong></span> <span class='ocrx_word' id='word_1_387' title='bbox 624 4423 722 4492; x_wconf 82' lang='grc' dir='ltr'><strong>τῆς</strong></span> <span class='ocrx_word' id='word_1_388' title='bbox 752 4421 1010 4493; x_wconf 84' lang='grc' dir='ltr'><strong>ἀληθείας</strong></span> <span class='ocrx_word' id='word_1_389' title='bbox 1053 4422 1114 4476; x_wconf 82' lang='grc' dir='ltr'><strong>τὸ</strong></span> <span class='ocrx_word' id='word_1_390' title='bbox 1145 4423 1388 4494; x_wconf 81' lang='grc' dir='ltr'><strong>θήραμα.</strong></span> <span class='ocrx_word' id='word_1_391' title='bbox 1436 4424 1798 4490; x_wconf 79' lang='grc' dir='ltr'><strong>’Δντιλέξουσι</strong></span> <span class='ocrx_word' id='word_1_392' title='bbox 1839 4425 1947 4496; x_wconf 86' lang='grc' dir='ltr'><strong>γάρ</strong></span> 
     </span>
    </p>
   </div>
   <div class='ocr_carea' id='block_1_51' title="bbox 355 4499 1948 4578">
    <p class='ocr_par' dir='ltr' id='par_1_51' title="bbox 355 4499 1948 4578">
     <span class='ocr_line' id='line_1_51' title="bbox 355 4499 1948 4578; baseline 0.004 -22"><span class='ocrx_word' id='word_1_393' title='bbox 355 4504 558 4568; x_wconf 82' lang='grc' dir='ltr'><strong>εὐθέως</strong></span> <span class='ocrx_word' id='word_1_394' title='bbox 599 4504 860 4570; x_wconf 83' lang='grc' dir='ltr'><strong>Ἰουδαῖοι,</strong></span> <span class='ocrx_word' id='word_1_395' title='bbox 890 4507 1018 4577; x_wconf 81' lang='grc' dir='ltr'><strong>περί⁵</strong></span> <span class='ocrx_word' id='word_1_396' title='bbox 1043 4499 1118 4560; x_wconf 84' lang='grc' dir='ltr'><strong>ὧν</strong></span> <span class='ocrx_word' id='word_1_397' title='bbox 1138 4524 1302 4576; x_wconf 79' lang='grc' dir='ltr'><strong>φησιν</strong></span> <span class='ocrx_word' id='word_1_398' title='bbox 1331 4509 1358 4560; x_wconf 93' lang='grc' dir='ltr'><strong>ό</strong></span> <span class='ocrx_word' id='word_1_399' title='bbox 1386 4506 1622 4572; x_wconf 89' lang='grc' dir='ltr'><strong>Παῦλος,</strong></span> <span class='ocrx_word' id='word_1_400' title='bbox 1658 4511 1721 4562; x_wconf 83' lang='lat' dir='ltr'><strong><em>Ol</em></strong></span> <span class='ocrx_word' id='word_1_401' title='bbox 1743 4509 1948 4578; x_wconf 80' lang='grc' dir='ltr'><strong>ἐχθροί</strong></span> 
     </span>
    </p>
   </div>
   <div class='ocr_carea' id='block_1_52' title="bbox 353 4587 1942 4662">
    <p class='ocr_par' dir='ltr' id='par_1_52' title="bbox 353 4587 1942 4662">
     <span class='ocr_line' id='line_1_52' title="bbox 353 4587 1942 4662; baseline 0.003 -18"><span class='ocrx_word' id='word_1_402' title='bbox 353 4591 462 4646; x_wconf 88' lang='grc' dir='ltr'><strong>τοῦ</strong></span> <span class='ocrx_word' id='word_1_403' title='bbox 489 4591 755 4661; x_wconf 86' lang='grc' dir='ltr'><strong>σταυροῦ</strong></span> <span class='ocrx_word' id='word_1_404' title='bbox 787 4592 894 4648; x_wconf 88' lang='grc' dir='ltr'><strong>τοῦ</strong></span> <span class='ocrx_word' id='word_1_405' title='bbox 917 4593 1197 4662; x_wconf 81' lang='grc' dir='ltr'><strong>Χριστοῦ,</strong></span> <span class='ocrx_word' id='word_1_406' title='bbox 1230 4587 1317 4648; x_wconf 85' lang='grc' dir='ltr'><strong>ὧν</strong></span> <span class='ocrx_word' id='word_1_407' title='bbox 1346 4595 1412 4647; x_wconf 86' lang='grc' dir='ltr'><strong>τὸ</strong></span> <span class='ocrx_word' id='word_1_408' title='bbox 1441 4594 1614 4662; x_wconf 78' lang='grc' dir='ltr'><strong>τέλος</strong></span> <span class='ocrx_word' id='word_1_409' title='bbox 1641 4594 1907 4650; x_wconf 76' lang='grc' dir='ltr'><strong>ἀπώλεια</strong></span> <span class='ocrx_word' id='word_1_410' title='bbox 1924 4635 1942 4662; x_wconf 91' lang='grc'><strong>,</strong></span> 
     </span>
    </p>
   </div>
   <div class='ocr_carea' id='block_1_53' title="bbox 353 4679 1943 4755">
    <p class='ocr_par' dir='ltr' id='par_1_53' title="bbox 353 4679 1943 4755">
     <span class='ocr_line' id='line_1_53' title="bbox 353 4679 1943 4755; baseline 0.003 -21"><span class='ocrx_word' id='word_1_411' title='bbox 353 4681 447 4734; x_wconf 76' lang='grc' dir='ltr'><strong>καὶ</strong></span> <span class='ocrx_word' id='word_1_412' title='bbox 477 4679 693 4753; x_wconf 85' lang='grc' dir='ltr'><strong>ἐροῦσιν</strong></span> <span class='ocrx_word' id='word_1_413' title='bbox 711 4681 824 4735; x_wconf 81' lang='grc' dir='ltr'><strong>ἐσθ’</strong></span> <span class='ocrx_word' id='word_1_414' title='bbox 847 4683 936 4736; x_wconf 84' lang='grc' dir='ltr'><strong>ὅτε</strong></span> <span class='ocrx_word' id='word_1_415' title='bbox 965 4683 1104 4754; x_wconf 82' lang='grc' dir='ltr'><strong>πρὸς</strong></span> <span class='ocrx_word' id='word_1_416' title='bbox 1125 4683 1252 4748; x_wconf 80' lang='grc' dir='ltr'><strong>τοὺς</strong></span> <span class='ocrx_word' id='word_1_417' title='bbox 1281 4683 1595 4755; x_wconf 82' lang='grc' dir='ltr'><strong>ἀκεραίους·</strong></span> <span class='ocrx_word' id='word_1_418' title='bbox 1622 4685 1685 4738; x_wconf 76' lang='lat' dir='ltr'><strong><em>El</em></strong></span> <span class='ocrx_word' id='word_1_419' title='bbox 1716 4686 1943 4740; x_wconf 89' lang='grc' dir='ltr'><strong>ἐπικατ-</strong></span> 
     </span>
    </p>
   </div>
   <div class='ocr_carea' id='block_1_54' title="bbox 353 4766 1944 4841">
    <p class='ocr_par' dir='ltr' id='par_1_54' title="bbox 353 4766 1944 4841">
     <span class='ocr_line' id='line_1_54' title="bbox 353 4766 1944 4841; baseline 0.003 -21"><span class='ocrx_word' id='word_1_420' title='bbox 353 4766 556 4836; x_wconf 88' lang='grc' dir='ltr'><strong>άρατος</strong></span> <span class='ocrx_word' id='word_1_421' title='bbox 603 4767 631 4820; x_wconf 90' lang='lat'><strong>6</strong></span> <span class='ocrx_word' id='word_1_422' title='bbox 671 4767 1052 4839; x_wconf 86' lang='grc' dir='ltr'><strong>κρεμάμενος,</strong></span> <span class='ocrx_word' id='word_1_423' title='bbox 1107 4767 1224 4832; x_wconf 89' lang='grc' dir='ltr'><strong>πῶς</strong></span> <span class='ocrx_word' id='word_1_424' title='bbox 1254 4766 1363 4822; x_wconf 75' lang='grc' dir='ltr'><strong>ἀπὸ</strong></span> <span class='ocrx_word' id='word_1_425' title='bbox 1402 4767 1495 4821; x_wconf 91' lang='grc' dir='ltr'><strong>τοῦ</strong></span> <span class='ocrx_word' id='word_1_426' title='bbox 1536 4769 1944 4841; x_wconf 87' lang='grc' dir='ltr'><strong>ἐπικαταράτου</strong></span> 
     </span>
    </p>
   </div>
   <div class='ocr_carea' id='block_1_55' title="bbox 353 4847 1942 4924">
    <p class='ocr_par' dir='ltr' id='par_1_55' title="bbox 353 4847 1942 4924">
     <span class='ocr_line' id='line_1_55' title="bbox 353 4847 1942 4924; baseline 0.004 -23"><span class='ocrx_word' id='word_1_427' title='bbox 353 4847 600 4918; x_wconf 73' lang='grc' dir='ltr'><strong>εὐλογίαν</strong></span> <span class='ocrx_word' id='word_1_428' title='bbox 629 4868 710 4905; x_wconf 87' lang='grc' dir='ltr'><strong>σοι</strong></span> <span class='ocrx_word' id='word_1_429' title='bbox 745 4851 1061 4924; x_wconf 76' lang='grc' dir='ltr'><strong>δοθήσεσθαι</strong></span> <span class='ocrx_word' id='word_1_430' title='bbox 1097 4851 1436 4924; x_wconf 79' lang='grc' dir='ltr'><strong>προσδοκᾷς;</strong></span> <span class='ocrx_word' id='word_1_431' title='bbox 1474 4851 1594 4915; x_wconf 89' lang='grc' dir='ltr'><strong>πῶς</strong></span> <span class='ocrx_word' id='word_1_432' title='bbox 1622 4852 1677 4905; x_wconf 84' lang='grc' dir='ltr'><strong>δὲ</strong></span> <span class='ocrx_word' id='word_1_433' title='bbox 1703 4853 1810 4906; x_wconf 76' lang='grc' dir='ltr'><strong>ἀπὸ</strong></span> <span class='ocrx_word' id='word_1_434' title='bbox 1848 4852 1942 4906; x_wconf 88' lang='grc' dir='ltr'><strong>τοῦ</strong></span> 
     </span>
    </p>
   </div>
   <div class='ocr_carea' id='block_1_56' title="bbox 351 4930 1942 5008">
    <p class='ocr_par' dir='ltr' id='par_1_56' title="bbox 351 4930 1942 5008">
     <span class='ocr_line' id='line_1_56' title="bbox 351 4930 1942 5008; baseline 0.003 -25"><span class='ocrx_word' id='word_1_435' title='bbox 351 4930 565 5002; x_wconf 81' lang='grc' dir='ltr'><strong>θανάτῳ</strong></span> <span class='ocrx_word' id='word_1_436' title='bbox 598 4934 962 4999; x_wconf 84' lang='grc' dir='ltr'><strong>ὐποπεσόντος</strong></span> <span class='ocrx_word' id='word_1_437' title='bbox 984 4935 1128 5006; x_wconf 79' lang='grc' dir='ltr'><strong>ζωὴν</strong></span> <span class='ocrx_word' id='word_1_438' title='bbox 1149 4935 1440 5005; x_wconf 83' lang='grc' dir='ltr'><strong>ἀναμένεις</strong></span> <span class='ocrx_word' id='word_1_439' title='bbox 1462 4951 1476 5000; x_wconf 91' lang='grc'><strong>;</strong></span> <span class='ocrx_word' id='word_1_440' title='bbox 1499 4935 1572 4988; x_wconf 82' lang='grc' dir='ltr'>Τὸ</span> <span class='ocrx_word' id='word_1_441' title='bbox 1595 4936 1942 5008; x_wconf 85' lang='grc' dir='ltr'><strong>φαινόμενον,</strong></span> 
     </span>
    </p>
   </div>
   <div class='ocr_carea' id='block_1_57' title="bbox 351 5014 1942 5090">
    <p class='ocr_par' dir='ltr' id='par_1_57' title="bbox 351 5014 1942 5090">
     <span class='ocr_line' id='line_1_57' title="bbox 351 5014 1942 5090; baseline 0.008 -25"><span class='ocrx_word' id='word_1_442' title='bbox 351 5014 426 5076; x_wconf 83' lang='grc' dir='ltr'>ὡς</span> <span class='ocrx_word' id='word_1_443' title='bbox 448 5016 541 5068; x_wconf 72' lang='grc' dir='ltr'><strong>καὶ</strong></span> <span class='ocrx_word' id='word_1_444' title='bbox 556 5017 714 5079; x_wconf 89' lang='grc' dir='ltr'><strong>αὐτός</strong></span> <span class='ocrx_word' id='word_1_445' title='bbox 736 5035 896 5088; x_wconf 82' lang='grc' dir='ltr'><strong>φησιν</strong></span> <span class='ocrx_word' id='word_1_446' title='bbox 919 5020 947 5058; x_wconf 72' lang='grc' dir='ltr'><strong>δ</strong></span> <span class='ocrx_word' id='word_1_447' title='bbox 968 5022 996 5071; x_wconf 88' lang='lat'><strong>6</strong></span> <span class='ocrx_word' id='word_1_448' title='bbox 1015 5019 1330 5082; x_wconf 80' lang='grc' dir='ltr'><strong>διδάσκαλος</strong></span> <span class='ocrx_word' id='word_1_449' title='bbox 1351 5020 1383 5089; x_wconf 79' lang='grc' dir='ltr'><strong>η</strong></span> <span class='ocrx_word' id='word_1_450' title='bbox 1392 5019 1506 5088; x_wconf 84' lang='grc' dir='ltr'><strong>μῶν</strong></span> <span class='ocrx_word' id='word_1_451' title='bbox 1531 5019 1740 5084; x_wconf 84' lang='grc' dir='ltr'><strong>Παῦλος</strong></span> <span class='ocrx_word' id='word_1_452' title='bbox 1759 5061 1772 5082; x_wconf 93' lang='grc'><strong>,</strong></span> <span class='ocrx_word' id='word_1_453' title='bbox 1795 5021 1942 5090; x_wconf 83' lang='grc' dir='ltr'><strong>ὠμο-</strong></span> 
     </span>
    </p>
   </div>
   <div class='ocr_carea' id='block_1_58' title="bbox 349 5095 1943 5172">
    <p class='ocr_par' dir='ltr' id='par_1_58' title="bbox 349 5095 1943 5172">
     <span class='ocr_line' id='line_1_58' title="bbox 349 5095 1943 5172; baseline 0.006 -23"><span class='ocrx_word' id='word_1_454' title='bbox 349 5095 567 5167; x_wconf 88' lang='grc' dir='ltr'><strong>λόγησε,</strong></span> <span class='ocrx_word' id='word_1_455' title='bbox 587 5099 798 5170; x_wconf 84' lang='grc' dir='ltr'><strong>κατάρα</strong></span> <span class='ocrx_word' id='word_1_456' title='bbox 823 5102 957 5154; x_wconf 87' lang='grc' dir='ltr'><strong>ἐστί·</strong></span> <span class='ocrx_word' id='word_1_457' title='bbox 974 5102 1308 5170; x_wconf 80' lang='grc' dir='ltr'><strong>Γέγραπται</strong></span> <span class='ocrx_word' id='word_1_458' title='bbox 1325 5101 1456 5172; x_wconf 77' lang='grc' dir='ltr'><strong>γάρ·</strong></span> <span class='ocrx_word' id='word_1_459' title='bbox 1481 5103 1943 5171; x_wconf 83' lang='grc' dir='ltr'><strong>Ἐπικατάρατος</strong></span> 
     </span>
    </p>
   </div>
   <div class='ocr_carea' id='block_1_59' title="bbox 349 5181 1943 5257">
    <p class='ocr_par' dir='ltr' id='par_1_59' title="bbox 349 5181 1943 5257">
     <span class='ocr_line' id='line_1_59' title="bbox 349 5181 1943 5257; baseline 0.006 -24"><span class='ocrx_word' id='word_1_460' title='bbox 349 5183 384 5234; x_wconf 86' lang='lat' dir='ltr'><strong>o&#39;</strong></span> <span class='ocrx_word' id='word_1_461' title='bbox 422 5181 792 5250; x_wconf 79' lang='grc' dir='ltr'><strong>κρεμάμενος</strong></span> <span class='ocrx_word' id='word_1_462' title='bbox 833 5184 929 5237; x_wconf 76' lang='grc' dir='ltr'><strong>ἐπὶ</strong></span> <span class='ocrx_word' id='word_1_463' title='bbox 961 5184 1174 5247; x_wconf 74' lang='grc' dir='ltr'><strong>ξύλου.</strong></span> <span class='ocrx_word' id='word_1_464' title='bbox 1203 5187 1266 5239; x_wconf 90' lang='grc' dir='ltr'><strong>Εἰ</strong></span> <span class='ocrx_word' id='word_1_465' title='bbox 1296 5189 1478 5239; x_wconf 82' lang='grc' dir='ltr'><strong>τοίνυν</strong></span> <span class='ocrx_word' id='word_1_466' title='bbox 1511 5187 1817 5257; x_wconf 85' lang='grc' dir='ltr'><strong>γέγραπται</strong></span> <span class='ocrx_word' id='word_1_467' title='bbox 1849 5189 1943 5242; x_wconf 76' lang='grc' dir='ltr'><strong>καὶ</strong></span> 
     </span>
    </p>
   </div>
   <div class='ocr_carea' id='block_1_60' title="bbox 354 5265 1941 5341">
    <p class='ocr_par' dir='ltr' id='par_1_60' title="bbox 354 5265 1941 5341">
     <span class='ocr_line' id='line_1_60' title="bbox 354 5265 1941 5341; baseline 0.004 -23"><span class='ocrx_word' id='word_1_468' title='bbox 354 5265 812 5338; x_wconf 87' lang='grc' dir='ltr'><strong>μεμαρτύρηται.</strong></span> <span class='ocrx_word' id='word_1_469' title='bbox 865 5267 981 5331; x_wconf 88' lang='grc' dir='ltr'><strong>πῶς</strong></span> <span class='ocrx_word' id='word_1_470' title='bbox 1010 5268 1120 5321; x_wconf 85' lang='grc' dir='ltr'><strong>ἀπὸ</strong></span> <span class='ocrx_word' id='word_1_471' title='bbox 1154 5268 1250 5322; x_wconf 88' lang='grc' dir='ltr'><strong>τοῦ</strong></span> <span class='ocrx_word' id='word_1_472' title='bbox 1285 5269 1688 5341; x_wconf 86' lang='grc' dir='ltr'><strong>ἐπικαταράτου</strong></span> <span class='ocrx_word' id='word_1_473' title='bbox 1725 5271 1941 5341; x_wconf 87' lang='grc' dir='ltr'><strong>εὐλογία</strong></span> 
     </span>
    </p>
   </div>
   <div class='ocr_carea' id='block_1_61' title="bbox 347 5351 1939 5424">
    <p class='ocr_par' dir='ltr' id='par_1_61' title="bbox 347 5351 1939 5424">
     <span class='ocr_line' id='line_1_61' title="bbox 347 5351 1939 5424; baseline 0.003 -19"><span class='ocrx_word' id='word_1_474' title='bbox 347 5351 552 5407; x_wconf 85' lang='grc' dir='ltr'><strong>δίδοται</strong></span> <span class='ocrx_word' id='word_1_475' title='bbox 579 5355 691 5417; x_wconf 87' lang='grc' dir='ltr'><strong>τοῖς</strong></span> <span class='ocrx_word' id='word_1_476' title='bbox 713 5353 803 5406; x_wconf 76' lang='grc' dir='ltr'><strong>τὸν</strong></span> <span class='ocrx_word' id='word_1_477' title='bbox 839 5352 1071 5424; x_wconf 73' lang='grc' dir='ltr'><strong>σταυρὸν</strong></span> <span class='ocrx_word' id='word_1_478' title='bbox 1113 5353 1475 5424; x_wconf 74' lang='grc' dir='ltr'><strong>περιέπουσις</strong></span> <span class='ocrx_word' id='word_1_479' title='bbox 1518 5353 1702 5409; x_wconf 88' lang='grc' dir='ltr'><strong>Ταῦτα</strong></span> <span class='ocrx_word' id='word_1_480' title='bbox 1735 5357 1823 5408; x_wconf 76' lang='grc' dir='ltr'><strong>ἀεὶ</strong></span> <span class='ocrx_word' id='word_1_481' title='bbox 1847 5357 1939 5410; x_wconf 75' lang='grc' dir='ltr'><strong>καὶ</strong></span> 
     </span>
    </p>
   </div>
   <div class='ocr_carea' id='block_1_62' title="bbox 346 5437 1939 5510">
    <p class='ocr_par' dir='ltr' id='par_1_62' title="bbox 346 5437 1939 5510">
     <span class='ocr_line' id='line_1_62' title="bbox 346 5437 1939 5510; baseline 0.004 -20"><span class='ocrx_word' id='word_1_482' title='bbox 346 5437 617 5509; x_wconf 85' lang='grc' dir='ltr'><strong>προτείνει</strong></span> <span class='ocrx_word' id='word_1_483' title='bbox 643 5437 734 5492; x_wconf 75' lang='grc' dir='ltr'><strong>καί</strong></span> <span class='ocrx_word' id='word_1_484' title='bbox 748 5438 896 5507; x_wconf 85' lang='grc' dir='ltr'><strong>λέγει</strong></span> <span class='ocrx_word' id='word_1_485' title='bbox 924 5438 1193 5502; x_wconf 83' lang='grc' dir='ltr'><strong>Ἰουδαῖος,</strong></span> <span class='ocrx_word' id='word_1_486' title='bbox 1209 5440 1237 5492; x_wconf 88' lang='lat'><strong>6</strong></span> <span class='ocrx_word' id='word_1_487' title='bbox 1253 5437 1445 5508; x_wconf 83' lang='grc' dir='ltr'><strong>ἐχθρὸς</strong></span> <span class='ocrx_word' id='word_1_488' title='bbox 1470 5438 1564 5492; x_wconf 87' lang='grc' dir='ltr'><strong>τοῦ</strong></span> <span class='ocrx_word' id='word_1_489' title='bbox 1592 5439 1822 5510; x_wconf 88' lang='grc' dir='ltr'><strong>σταυροῦ</strong></span> <span class='ocrx_word' id='word_1_490' title='bbox 1845 5441 1939 5497; x_wconf 78' lang='grc' dir='ltr'><strong>τοῦ</strong></span> 
     </span>
    </p>
   </div>
   <div class='ocr_carea' id='block_1_63' title="bbox 346 5521 1939 5595">
    <p class='ocr_par' dir='ltr' id='par_1_63' title="bbox 346 5521 1939 5595">
     <span class='ocr_line' id='line_1_63' title="bbox 346 5521 1939 5595; baseline 0.002 -20"><span class='ocrx_word' id='word_1_491' title='bbox 346 5521 605 5593; x_wconf 80' lang='grc' dir='ltr'><strong>Χριστοῦ.</strong></span> <span class='ocrx_word' id='word_1_492' title='bbox 635 5522 842 5577; x_wconf 87' lang='grc' dir='ltr'><strong>Οὐκοῦν</strong></span> <span class='ocrx_word' id='word_1_493' title='bbox 867 5521 962 5576; x_wconf 83' lang='grc' dir='ltr'><strong>ἐὰν</strong></span> <span class='ocrx_word' id='word_1_494' title='bbox 982 5521 1110 5593; x_wconf 80' lang='grc' dir='ltr'><strong>εἴπῃ</strong></span> <span class='ocrx_word' id='word_1_495' title='bbox 1137 5521 1272 5593; x_wconf 88' lang='grc' dir='ltr'><strong>πρὸς</strong></span> <span class='ocrx_word' id='word_1_496' title='bbox 1297 5521 1376 5588; x_wconf 78' lang='grc' dir='ltr'><strong>σὲ,</strong></span> <span class='ocrx_word' id='word_1_497' title='bbox 1403 5523 1528 5586; x_wconf 82' lang='grc' dir='ltr'><strong>Πῶς</strong></span> <span class='ocrx_word' id='word_1_498' title='bbox 1547 5525 1578 5576; x_wconf 88' lang='lat'><strong>6</strong></span> <span class='ocrx_word' id='word_1_499' title='bbox 1599 5523 1939 5595; x_wconf 87' lang='grc' dir='ltr'><strong>ἐπικατάρα-</strong></span> 
     </span>
    </p>
   </div>
   <div class='ocr_carea' id='block_1_64' title="bbox 346 5604 1939 5681">
    <p class='ocr_par' dir='ltr' id='par_1_64' title="bbox 346 5604 1939 5681">
     <span class='ocr_line' id='line_1_64' title="bbox 346 5604 1939 5681; baseline 0.016 -24"><span class='ocrx_word' id='word_1_500' title='bbox 346 5620 439 5669; x_wconf 89' lang='grc' dir='ltr'><strong>τος</strong></span> <span class='ocrx_word' id='word_1_501' title='bbox 476 5605 725 5676; x_wconf 86' lang='grc' dir='ltr'><strong>εὐλογίαν</strong></span> <span class='ocrx_word' id='word_1_502' title='bbox 756 5606 1005 5674; x_wconf 85' lang='grc' dir='ltr'><strong>δίδωσιν;</strong></span> <span class='ocrx_word' id='word_1_503' title='bbox 1038 5606 1158 5660; x_wconf 81' lang='grc' dir='ltr'><strong>εἰπὲ</strong></span> <span class='ocrx_word' id='word_1_504' title='bbox 1187 5604 1357 5677; x_wconf 84' lang='grc' dir='ltr'><strong>αὐτῷ,</strong></span> <span class='ocrx_word' id='word_1_505' title='bbox 1392 5605 1516 5670; x_wconf 85' lang='grc' dir='ltr'><strong>Πῶς</strong></span> <span class='ocrx_word' id='word_1_506' title='bbox 1564 5608 1621 5661; x_wconf 70' lang='grc' dir='ltr'><strong>ἐν</strong></span> <span class='ocrx_word' id='word_1_507' title='bbox 1649 5609 1718 5679; x_wconf 74' lang='grc' dir='ltr'><strong>τῇ</strong></span> <span class='ocrx_word' id='word_1_508' title='bbox 1748 5609 1939 5681; x_wconf 63' lang='grc' dir='ltr'><strong>ἐρήμῳ</strong></span> 
     </span>
    </p>
   </div>
   <div class='ocr_carea' id='block_1_65' title="bbox 411 5731 1932 5798">
    <p class='ocr_par' dir='ltr' id='par_1_65' title="bbox 411 5731 1932 5798">
     <span class='ocr_line' id='line_1_65' title="bbox 411 5731 1932 5798; baseline 0.004 -18"><span class='ocrx_word' id='word_1_509' title='bbox 411 5731 438 5798; x_wconf 73' lang='lat'><strong>_‘</strong></span> <span class='ocrx_word' id='word_1_510' title='bbox 460 5731 583 5798; x_wconf 68' lang='lat' dir='ltr'><strong>Beg.</strong></span> <span class='ocrx_word' id='word_1_511' title='bbox 603 5733 724 5782; x_wconf 83' lang='grc' dir='ltr'><strong>ὅπου</strong></span> <span class='ocrx_word' id='word_1_512' title='bbox 746 5733 829 5796; x_wconf 82' lang='grc' dir='ltr'><strong>μὲν</strong></span> <span class='ocrx_word' id='word_1_513' title='bbox 847 5733 1066 5798; x_wconf 77' lang='grc' dir='ltr'><strong>ἀληθείας</strong></span> <span class='ocrx_word' id='word_1_514' title='bbox 1084 5734 1241 5798; x_wconf 79' lang='grc' dir='ltr'><strong>λόγος,</strong></span> <span class='ocrx_word' id='word_1_515' title='bbox 1269 5734 1367 5798; x_wconf 78' lang='grc' dir='ltr'><strong>ἐκιῖ</strong></span> <span class='ocrx_word' id='word_1_516' title='bbox 1389 5735 1471 5784; x_wconf 78' lang='grc' dir='ltr'><strong>καὶ</strong></span> <span class='ocrx_word' id='word_1_517' title='bbox 1489 5735 1728 5793; x_wconf 80' lang='grc' dir='ltr'><strong>εὐσεϐείας</strong></span> <span class='ocrx_word' id='word_1_518' title='bbox 1749 5735 1932 5794; x_wconf 83' lang='grc' dir='ltr'><strong>ἄνοδος.</strong></span> 
     </span>
    </p>
   </div>
   <div class='ocr_carea' id='block_1_66' title="bbox 412 5791 1472 5858">
    <p class='ocr_par' dir='ltr' id='par_1_66' title="bbox 412 5791 1472 5858">
     <span class='ocr_line' id='line_1_66' title="bbox 412 5791 1472 5858; baseline 0.003 -15"><span class='ocrx_word' id='word_1_519' title='bbox 412 5791 442 5832; x_wconf 65' lang='grc' dir='ltr'>δ</span> <span class='ocrx_word' id='word_1_520' title='bbox 462 5791 564 5844; x_wconf 55' lang='lat' dir='ltr'><strong>Aul</strong></span> <span class='ocrx_word' id='word_1_521' title='bbox 585 5791 756 5858; x_wconf 55' lang='grc' dir='ltr'><strong>φησιν,</strong></span> <span class='ocrx_word' id='word_1_522' title='bbox 772 5801 858 5846; x_wconf 71' lang='lat' dir='ltr'><strong>aut</strong></span> <span class='ocrx_word' id='word_1_523' title='bbox 880 5791 1170 5858; x_wconf 75' lang='grc' dir='ltr'><strong>ὡμολόγησί</strong></span> <span class='ocrx_word' id='word_1_524' title='bbox 1186 5791 1472 5848; x_wconf 71' lang='lat' dir='ltr'><strong>delendum.</strong></span> 
     </span>
    </p>
   </div>
   <div class='ocr_carea' id='block_1_67' title="bbox 1840 278 2206 337">
    <p class='ocr_par' dir='ltr' id='par_1_67' title="bbox 1840 278 2206 337">
     <span class='ocr_line' id='line_1_67' title="bbox 1840 278 2206 337; baseline -0.003 -1"><span class='ocrx_word' id='word_1_525' title='bbox 1840 279 1966 336; x_wconf 84' lang='lat' dir='ltr'><strong>SEV</strong></span> <span class='ocrx_word' id='word_1_526' title='bbox 1975 278 2206 337; x_wconf 81' lang='lat' dir='ltr'><strong>ERIANI</strong></span> 
     </span>
    </p>
   </div>
   <div class='ocr_carea' id='block_1_68' title="bbox 3555 280 3660 333">
    <p class='ocr_par' dir='ltr' id='par_1_68' title="bbox 3555 280 3660 333">
     <span class='ocr_line' id='line_1_68' title="bbox 3555 280 3660 333; baseline -0.01 0"><span class='ocrx_word' id='word_1_527' title='bbox 3555 280 3660 333; x_wconf 64' lang='grc' dir='ltr'><strong>ἥιὶί</strong></span> 
     </span>
    </p>
   </div>
   <div class='ocr_carea' id='block_1_69' title="bbox 2084 390 3672 468">
    <p class='ocr_par' dir='ltr' id='par_1_69' title="bbox 2084 390 3672 468">
     <span class='ocr_line' id='line_1_69' title="bbox 2084 390 3672 468; baseline -0.001 -20"><span class='ocrx_word' id='word_1_528' title='bbox 2084 395 2304 465; x_wconf 82' lang='grc' dir='ltr'><strong>οἰδφεις</strong></span> <span class='ocrx_word' id='word_1_529' title='bbox 2338 394 2559 451; x_wconf 82' lang='grc' dir='ltr'><strong>ἔδακνόν</strong></span> <span class='ocrx_word' id='word_1_530' title='bbox 2595 412 2688 450; x_wconf 90' lang='grc' dir='ltr'><strong>σου</strong></span> <span class='ocrx_word' id='word_1_531' title='bbox 2721 396 2844 460; x_wconf 77' lang='grc' dir='ltr'><strong>τοῦς</strong></span> <span class='ocrx_word' id='word_1_532' title='bbox 2872 395 3191 468; x_wconf 85' lang='grc' dir='ltr'><strong>προγόνους,</strong></span> <span class='ocrx_word' id='word_1_533' title='bbox 3216 394 3400 449; x_wconf 83' lang='grc' dir='ltr'><strong>εἰκόνα</strong></span> <span class='ocrx_word' id='word_1_534' title='bbox 3422 390 3482 448; x_wconf 78' lang='grc' dir='ltr'><strong>δε</strong></span> <span class='ocrx_word' id='word_1_535' title='bbox 3499 392 3672 464; x_wconf 50' lang='grc' dir='ltr'><strong>ὅψεως</strong></span> 
     </span>
    </p>
   </div>
   <div class='ocr_carea' id='block_1_70' title="bbox 2081 475 3669 550">
    <p class='ocr_par' dir='ltr' id='par_1_70' title="bbox 2081 475 3669 550">
     <span class='ocr_line' id='line_1_70' title="bbox 2081 475 3669 550; baseline -0.001 -18"><span class='ocrx_word' id='word_1_536' title='bbox 2081 479 2290 550; x_wconf 83' lang='grc' dir='ltr'><strong>χαλκῆν</strong></span> <span class='ocrx_word' id='word_1_537' title='bbox 2343 480 2578 549; x_wconf 75' lang='grc' dir='ltr'><strong>ποιήσας</strong></span> <span class='ocrx_word' id='word_1_538' title='bbox 2617 481 2856 550; x_wconf 81' lang='grc' dir='ltr'><strong>Μωῦσῆς</strong></span> <span class='ocrx_word' id='word_1_539' title='bbox 2921 479 3324 550; x_wconf 88' lang='grc' dir='ltr'><strong>ἀνεσταύρωσε,</strong></span> <span class='ocrx_word' id='word_1_540' title='bbox 3377 478 3478 532; x_wconf 76' lang='grc' dir='ltr'><strong>καὶ</strong></span> <span class='ocrx_word' id='word_1_541' title='bbox 3531 475 3669 540; x_wconf 83' lang='grc' dir='ltr'><strong>εἶπε,</strong></span> 
     </span>
    </p>
   </div>
   <div class='ocr_carea' id='block_1_71' title="bbox 2083 560 3667 633">
    <p class='ocr_par' dir='ltr' id='par_1_71' title="bbox 2083 560 3667 633">
     <span class='ocr_line' id='line_1_71' title="bbox 2083 560 3667 633; baseline 0.001 -16"><span class='ocrx_word' id='word_1_542' title='bbox 2083 562 2213 627; x_wconf 89' lang='grc' dir='ltr'><strong>Πᾶς</strong></span> <span class='ocrx_word' id='word_1_543' title='bbox 2235 566 2268 617; x_wconf 83' lang='grc' dir='ltr'><em>ὁ</em></span> <span class='ocrx_word' id='word_1_544' title='bbox 2291 563 2538 630; x_wconf 76' lang='grc' dir='ltr'><strong>δηχθείς</strong></span> <span class='ocrx_word' id='word_1_545' title='bbox 2569 563 2688 618; x_wconf 85' lang='grc' dir='ltr'><strong>ὑπὸ</strong></span> <span class='ocrx_word' id='word_1_546' title='bbox 2717 565 2824 618; x_wconf 86' lang='grc' dir='ltr'><strong>τοῦ</strong></span> <span class='ocrx_word' id='word_1_547' title='bbox 2844 564 3030 633; x_wconf 63' lang='grc' dir='ltr'><strong>ὄφεως</strong></span> <span class='ocrx_word' id='word_1_548' title='bbox 3053 562 3395 631; x_wconf 77' lang='grc' dir='ltr'><strong>προσεχέτω</strong></span> <span class='ocrx_word' id='word_1_549' title='bbox 3426 560 3510 627; x_wconf 82' lang='grc' dir='ltr'><strong>τῷ</strong></span> <span class='ocrx_word' id='word_1_550' title='bbox 3526 561 3667 630; x_wconf 57' lang='grc' dir='ltr'><strong>ὄφει.</strong></span> 
     </span>
    </p>
   </div>
   <div class='ocr_carea' id='block_1_72' title="bbox 2081 645 3666 717">
    <p class='ocr_par' dir='ltr' id='par_1_72' title="bbox 2081 645 3666 717">
     <span class='ocr_line' id='line_1_72' title="bbox 2081 645 3666 717; baseline -0.003 -17"><span class='ocrx_word' id='word_1_551' title='bbox 2081 647 2182 700; x_wconf 78' lang='grc' dir='ltr'><strong>καί</strong></span> <span class='ocrx_word' id='word_1_552' title='bbox 2209 646 2586 714; x_wconf 58' lang='lat' dir='ltr'><strong>cumfuerat;</strong></span> <span class='ocrx_word' id='word_1_553' title='bbox 2635 647 2746 700; x_wconf 74' lang='grc' dir='ltr'><strong>Καὶ</strong></span> <span class='ocrx_word' id='word_1_554' title='bbox 2777 647 2852 710; x_wconf 89' lang='grc' dir='ltr'><strong>τί,</strong></span> <span class='ocrx_word' id='word_1_555' title='bbox 2887 648 3040 716; x_wconf 73' lang='grc' dir='ltr'><strong>φησὶ,</strong></span> <span class='ocrx_word' id='word_1_556' title='bbox 3083 647 3243 699; x_wconf 89' lang='grc' dir='ltr'><strong>τοῦτο</strong></span> <span class='ocrx_word' id='word_1_557' title='bbox 3274 645 3411 717; x_wconf 73' lang='grc' dir='ltr'><strong>πρὸς</strong></span> <span class='ocrx_word' id='word_1_558' title='bbox 3442 645 3509 698; x_wconf 77' lang='grc' dir='ltr'><strong>τὸ</strong></span> <span class='ocrx_word' id='word_1_559' title='bbox 3542 663 3666 711; x_wconf 82' lang='grc' dir='ltr'><strong>προ-</strong></span> 
     </span>
    </p>
   </div>
   <div class='ocr_carea' id='block_1_73' title="bbox 2081 728 3666 801">
    <p class='ocr_par' dir='ltr' id='par_1_73' title="bbox 2081 728 3666 801">
     <span class='ocr_line' id='line_1_73' title="bbox 2081 728 3666 801; baseline -0.002 -18"><span class='ocrx_word' id='word_1_560' title='bbox 2081 729 2365 799; x_wconf 89' lang='grc' dir='ltr'><strong>κείμενον;</strong></span> <span class='ocrx_word' id='word_1_561' title='bbox 2424 729 2584 783; x_wconf 77' lang='grc' dir='ltr'><strong>Ἀλλά</strong></span> <span class='ocrx_word' id='word_1_562' title='bbox 2631 731 2727 783; x_wconf 74' lang='grc' dir='ltr'><strong>καὶ</strong></span> <span class='ocrx_word' id='word_1_563' title='bbox 2777 731 2982 801; x_wconf 72' lang='grc' dir='ltr'><strong>σφόδρα</strong></span> <span class='ocrx_word' id='word_1_564' title='bbox 3029 729 3381 782; x_wconf 84' lang='grc' dir='ltr'><strong>οἰκειότατον.</strong></span> <span class='ocrx_word' id='word_1_565' title='bbox 3445 728 3523 781; x_wconf 83' lang='grc' dir='ltr'><strong>Ἤ</strong></span> <span class='ocrx_word' id='word_1_566' title='bbox 3582 730 3666 781; x_wconf 78' lang='grc' dir='ltr'><strong>οὐκ</strong></span> 
     </span>
    </p>
   </div>
   <div class='ocr_carea' id='block_1_74' title="bbox 2080 812 3667 884">
    <p class='ocr_par' dir='ltr' id='par_1_74' title="bbox 2080 812 3667 884">
     <span class='ocr_line' id='line_1_74' title="bbox 2080 812 3667 884; baseline -0.001 -18"><span class='ocrx_word' id='word_1_567' title='bbox 2080 814 2321 884; x_wconf 71' lang='grc' dir='ltr'><strong>ἤκουσας</strong></span> <span class='ocrx_word' id='word_1_568' title='bbox 2349 812 2444 866; x_wconf 88' lang='grc' dir='ltr'><strong>τοῦ</strong></span> <span class='ocrx_word' id='word_1_569' title='bbox 2463 813 2604 866; x_wconf 81' lang='grc' dir='ltr'><strong>Θεοῦ</strong></span> <span class='ocrx_word' id='word_1_570' title='bbox 2630 813 2897 880; x_wconf 83' lang='grc' dir='ltr'><strong>λέγοντος,</strong></span> <span class='ocrx_word' id='word_1_571' title='bbox 2939 812 3404 880; x_wconf 80' lang='grc' dir='ltr'><strong>Ἐπικατάρατος</strong></span> <span class='ocrx_word' id='word_1_572' title='bbox 3441 812 3531 864; x_wconf 84' lang='grc' dir='ltr'><strong>σὺ</strong></span> <span class='ocrx_word' id='word_1_573' title='bbox 3560 813 3667 865; x_wconf 74' lang='grc' dir='ltr'><strong>ἀπὸ</strong></span> 
     </span>
    </p>
   </div>
   <div class='ocr_carea' id='block_1_75' title="bbox 2079 893 3666 967">
    <p class='ocr_par' dir='ltr' id='par_1_75' title="bbox 2079 893 3666 967">
     <span class='ocr_line' id='line_1_75' title="bbox 2079 893 3666 967; baseline -0.001 -19"><span class='ocrx_word' id='word_1_574' title='bbox 2079 896 2324 950; x_wconf 80' lang='grc' dir='ltr'><strong>πάντων</strong></span> <span class='ocrx_word' id='word_1_575' title='bbox 2344 896 2463 950; x_wconf 86' lang='grc' dir='ltr'><strong>τῶν</strong></span> <span class='ocrx_word' id='word_1_576' title='bbox 2486 898 2706 964; x_wconf 83' lang='grc' dir='ltr'><strong>θηρίων</strong></span> <span class='ocrx_word' id='word_1_577' title='bbox 2735 895 2842 964; x_wconf 84' lang='grc' dir='ltr'><strong>τῆς</strong></span> <span class='ocrx_word' id='word_1_578' title='bbox 2875 895 3019 967; x_wconf 72' lang='grc' dir='ltr'><strong>γῆςξ</strong></span> <span class='ocrx_word' id='word_1_579' title='bbox 3047 896 3172 960; x_wconf 87' lang='grc' dir='ltr'><strong>Πῶς</strong></span> <span class='ocrx_word' id='word_1_580' title='bbox 3197 893 3290 950; x_wconf 82' lang='grc' dir='ltr'><strong>οῦν</strong></span> <span class='ocrx_word' id='word_1_581' title='bbox 3329 898 3364 966; x_wconf 73' lang='grc' dir='ltr'>ἢ</span> <span class='ocrx_word' id='word_1_582' title='bbox 3390 894 3564 948; x_wconf 80' lang='grc' dir='ltr'><strong>εἰκὼν</strong></span> <span class='ocrx_word' id='word_1_583' title='bbox 3586 895 3666 946; x_wconf 77' lang='grc' dir='ltr'><strong>τοῦ</strong></span> 
     </span>
    </p>
   </div>
   <div class='ocr_carea' id='block_1_76' title="bbox 2080 981 3663 1053">
    <p class='ocr_par' dir='ltr' id='par_1_76' title="bbox 2080 981 3663 1053">
     <span class='ocr_line' id='line_1_76' title="bbox 2080 981 3663 1053; baseline -0.002 -18"><span class='ocrx_word' id='word_1_584' title='bbox 2080 983 2314 1036; x_wconf 85' lang='grc' dir='ltr'><strong>ἐπικατα</strong></span> <span class='ocrx_word' id='word_1_585' title='bbox 2325 983 2487 1053; x_wconf 87' lang='grc' dir='ltr'><strong>ράτου</strong></span> <span class='ocrx_word' id='word_1_586' title='bbox 2510 981 2653 1053; x_wconf 78' lang='grc' dir='ltr'><strong>ζωὴν</strong></span> <span class='ocrx_word' id='word_1_587' title='bbox 2675 984 2873 1053; x_wconf 71' lang='grc' dir='ltr'><strong>ἧνεγκε</strong></span> <span class='ocrx_word' id='word_1_588' title='bbox 2905 985 3016 1046; x_wconf 86' lang='grc' dir='ltr'><strong>τοῖς</strong></span> <span class='ocrx_word' id='word_1_589' title='bbox 3043 983 3329 1053; x_wconf 81' lang='grc' dir='ltr'><strong>ὑμετέροις</strong></span> <span class='ocrx_word' id='word_1_590' title='bbox 3352 982 3663 1051; x_wconf 79' lang='grc' dir='ltr'><strong>προγύνοις;</strong></span> 
     </span>
    </p>
   </div>
   <div class='ocr_carea' id='block_1_77' title="bbox 2091 1065 3664 1138">
    <p class='ocr_par' dir='ltr' id='par_1_77' title="bbox 2091 1065 3664 1138">
     <span class='ocr_line' id='line_1_77' title="bbox 2091 1065 3664 1138; baseline 0 -21"><span class='ocrx_word' id='word_1_591' title='bbox 2091 1065 2486 1136; x_wconf 75' lang='grc' dir='ltr'><strong>’Λναλαμϐάνω</strong></span> <span class='ocrx_word' id='word_1_592' title='bbox 2520 1066 2581 1119; x_wconf 77' lang='grc' dir='ltr'><strong>τὸ</strong></span> <span class='ocrx_word' id='word_1_593' title='bbox 2605 1067 2778 1138; x_wconf 74' lang='grc' dir='ltr'><strong>ῥῆμα,</strong></span> <span class='ocrx_word' id='word_1_594' title='bbox 2803 1067 2891 1120; x_wconf 78' lang='grc' dir='ltr'><strong>ἵνα</strong></span> <span class='ocrx_word' id='word_1_595' title='bbox 2929 1069 3113 1137; x_wconf 81' lang='grc' dir='ltr'><strong>στήσω</strong></span> <span class='ocrx_word' id='word_1_596' title='bbox 3139 1067 3198 1119; x_wconf 81' lang='grc' dir='ltr'><strong>τὸ</strong></span> <span class='ocrx_word' id='word_1_597' title='bbox 3223 1066 3424 1136; x_wconf 87' lang='grc' dir='ltr'><strong>νόημα.</strong></span> <span class='ocrx_word' id='word_1_598' title='bbox 3457 1066 3522 1118; x_wconf 81' lang='grc' dir='ltr'><strong>Εἰ</strong></span> <span class='ocrx_word' id='word_1_599' title='bbox 3541 1067 3664 1118; x_wconf 78' lang='grc' dir='ltr'><strong>ἀπο-</strong></span> 
     </span>
    </p>
   </div>
   <div class='ocr_carea' id='block_1_78' title="bbox 2080 1148 3664 1221">
    <p class='ocr_par' dir='ltr' id='par_1_78' title="bbox 2080 1148 3664 1221">
     <span class='ocr_line' id='line_1_78' title="bbox 2080 1148 3664 1221; baseline 0 -21"><span class='ocrx_word' id='word_1_600' title='bbox 2080 1148 2174 1219; x_wconf 88' lang='grc' dir='ltr'><strong>ρόν</strong></span> <span class='ocrx_word' id='word_1_601' title='bbox 2215 1166 2295 1204; x_wconf 91' lang='grc' dir='ltr'><strong>σοι</strong></span> <span class='ocrx_word' id='word_1_602' title='bbox 2328 1151 2605 1220; x_wconf 80' lang='grc' dir='ltr'><strong>νομίζεται</strong></span> <span class='ocrx_word' id='word_1_603' title='bbox 2648 1150 2741 1203; x_wconf 90' lang='grc' dir='ltr'><strong>τοῦ</strong></span> <span class='ocrx_word' id='word_1_604' title='bbox 2773 1151 3174 1221; x_wconf 85' lang='grc' dir='ltr'><strong>ἐπικαταράτου</strong></span> <span class='ocrx_word' id='word_1_605' title='bbox 3210 1161 3234 1188; x_wconf 74' lang='grc' dir='ltr'><strong>ε</strong></span> <span class='ocrx_word' id='word_1_606' title='bbox 3269 1149 3530 1218; x_wconf 81' lang='grc' dir='ltr'><strong>εὐλογίαν</strong></span> <span class='ocrx_word' id='word_1_607' title='bbox 3575 1168 3664 1220; x_wconf 60' lang='lat'><strong>7.1;-</strong></span> 
     </span>
    </p>
   </div>
   <div class='ocr_carea' id='block_1_79' title="bbox 2077 1232 3660 1305">
    <p class='ocr_par' dir='ltr' id='par_1_79' title="bbox 2077 1232 3660 1305">
     <span class='ocr_line' id='line_1_79' title="bbox 2077 1232 3660 1305; baseline 0 -19"><span class='ocrx_word' id='word_1_608' title='bbox 2077 1232 2245 1300; x_wconf 91' lang='grc' dir='ltr'><strong>γάσαι</strong></span> <span class='ocrx_word' id='word_1_609' title='bbox 2279 1233 2782 1303; x_wconf 82' lang='grc' dir='ltr'><strong>(Ἐπικατάρατος</strong></span> <span class='ocrx_word' id='word_1_610' title='bbox 2817 1237 2928 1305; x_wconf 80' lang='grc' dir='ltr'><strong>γὰρ</strong></span> <span class='ocrx_word' id='word_1_611' title='bbox 2965 1235 3083 1300; x_wconf 83' lang='grc' dir='ltr'><strong>πᾶς</strong></span> <span class='ocrx_word' id='word_1_612' title='bbox 3112 1236 3146 1288; x_wconf 86' lang='grc' dir='ltr'><em>ὁ</em></span> <span class='ocrx_word' id='word_1_613' title='bbox 3173 1234 3550 1303; x_wconf 82' lang='grc' dir='ltr'><strong>κρεμαμένος</strong></span> <span class='ocrx_word' id='word_1_614' title='bbox 3582 1236 3660 1286; x_wconf 77' lang='grc' dir='ltr'><strong>ἐπὶ</strong></span> 
     </span>
    </p>
   </div>
   <div class='ocr_carea' id='block_1_80' title="bbox 2079 1315 3659 1390">
    <p class='ocr_par' dir='ltr' id='par_1_80' title="bbox 2079 1315 3659 1390">
     <span class='ocr_line' id='line_1_80' title="bbox 2079 1315 3659 1390; baseline 0.001 -22"><span class='ocrx_word' id='word_1_615' title='bbox 2079 1315 2319 1383; x_wconf 68' lang='grc' dir='ltr'><strong>ξύλου),</strong></span> <span class='ocrx_word' id='word_1_616' title='bbox 2371 1318 2492 1382; x_wconf 89' lang='grc' dir='ltr'><strong>πῶς</strong></span> <span class='ocrx_word' id='word_1_617' title='bbox 2525 1320 2557 1390; x_wconf 81' lang='grc' dir='ltr'><strong>η</strong></span> <span class='ocrx_word' id='word_1_618' title='bbox 2595 1316 2758 1372; x_wconf 82' lang='grc' dir='ltr'><strong>εἰκὼν</strong></span> <span class='ocrx_word' id='word_1_619' title='bbox 2788 1319 2880 1373; x_wconf 90' lang='grc' dir='ltr'><strong>τοῦ</strong></span> <span class='ocrx_word' id='word_1_620' title='bbox 2913 1319 3087 1388; x_wconf 74' lang='grc' dir='ltr'><strong>ὄφεως</strong></span> <span class='ocrx_word' id='word_1_621' title='bbox 3114 1316 3208 1371; x_wconf 89' lang='grc' dir='ltr'><strong>τοῦ</strong></span> <span class='ocrx_word' id='word_1_622' title='bbox 3236 1318 3659 1389; x_wconf 74' lang='grc' dir='ltr'><strong>ἐπικαταράτου,</strong></span> 
     </span>
    </p>
   </div>
   <div class='ocr_carea' id='block_1_81' title="bbox 2075 1398 3663 1472">
    <p class='ocr_par' dir='ltr' id='par_1_81' title="bbox 2075 1398 3663 1472">
     <span class='ocr_line' id='line_1_81' title="bbox 2075 1398 3663 1472; baseline 0.003 -21"><span class='ocrx_word' id='word_1_623' title='bbox 2075 1398 2135 1462; x_wconf 82' lang='grc' dir='ltr'><strong>ὃς</strong></span> <span class='ocrx_word' id='word_1_624' title='bbox 2167 1399 2421 1469; x_wconf 75' lang='grc' dir='ltr'><strong>ήκουσεν,</strong></span> <span class='ocrx_word' id='word_1_625' title='bbox 2454 1402 2910 1472; x_wconf 84' lang='grc' dir='ltr'><strong>Ἐπικατάρατος</strong></span> <span class='ocrx_word' id='word_1_626' title='bbox 2923 1403 3002 1456; x_wconf 88' lang='grc' dir='ltr'><strong>σὺ</strong></span> <span class='ocrx_word' id='word_1_627' title='bbox 3020 1402 3138 1457; x_wconf 81' lang='grc' dir='ltr'><strong>ἀπὸ</strong></span> <span class='ocrx_word' id='word_1_628' title='bbox 3165 1401 3410 1455; x_wconf 79' lang='grc' dir='ltr'><strong>πάντων</strong></span> <span class='ocrx_word' id='word_1_629' title='bbox 3423 1400 3552 1455; x_wconf 83' lang='grc' dir='ltr'><strong>τῶν</strong></span> <span class='ocrx_word' id='word_1_630' title='bbox 3572 1408 3663 1468; x_wconf 81' lang='grc' dir='ltr'><strong>θη·</strong></span> 
     </span>
    </p>
   </div>
   <div class='ocr_carea' id='block_1_82' title="bbox 2067 1483 3662 1558">
    <p class='ocr_par' dir='ltr' id='par_1_82' title="bbox 2067 1483 3662 1558">
     <span class='ocr_line' id='line_1_82' title="bbox 2067 1483 3662 1558; baseline 0.002 -23"><span class='ocrx_word' id='word_1_631' title='bbox 2067 1483 2241 1550; x_wconf 81' lang='grc' dir='ltr'><strong>ρίων,</strong></span> <span class='ocrx_word' id='word_1_632' title='bbox 2271 1485 2470 1554; x_wconf 68' lang='grc' dir='ltr'><strong>ἤνεγκε</strong></span> <span class='ocrx_word' id='word_1_633' title='bbox 2495 1484 2574 1557; x_wconf 86' lang='grc' dir='ltr'><strong>τῷ</strong></span> <span class='ocrx_word' id='word_1_634' title='bbox 2595 1486 2710 1557; x_wconf 84' lang='grc' dir='ltr'><strong>λαῷ</strong></span> <span class='ocrx_word' id='word_1_635' title='bbox 2739 1489 2798 1541; x_wconf 91' lang='grc' dir='ltr'><strong>ἐν</strong></span> <span class='ocrx_word' id='word_1_636' title='bbox 2823 1488 3077 1558; x_wconf 64' lang='grc' dir='ltr'><strong>συμφορᾷ</strong></span> <span class='ocrx_word' id='word_1_637' title='bbox 3101 1486 3338 1556; x_wconf 81' lang='grc' dir='ltr'><strong>κειμένῳ</strong></span> <span class='ocrx_word' id='word_1_638' title='bbox 3365 1485 3472 1554; x_wconf 74' lang='grc' dir='ltr'><strong>τὴν</strong></span> <span class='ocrx_word' id='word_1_639' title='bbox 3499 1503 3662 1557; x_wconf 84' lang='grc' dir='ltr'><strong>σωτη-</strong></span> 
     </span>
    </p>
   </div>
   <div class='ocr_carea' id='block_1_83' title="bbox 2077 1562 3660 1641">
    <p class='ocr_par' dir='ltr' id='par_1_83' title="bbox 2077 1562 3660 1641">
     <span class='ocr_line' id='line_1_83' title="bbox 2077 1562 3660 1641; baseline 0.002 -23"><span class='ocrx_word' id='word_1_640' title='bbox 2077 1565 2230 1637; x_wconf 86' lang='grc' dir='ltr'><strong>ρίαν;</strong></span> <span class='ocrx_word' id='word_1_641' title='bbox 2259 1562 2405 1638; x_wconf 72' lang='grc' dir='ltr'><strong>τΑρα</strong></span> <span class='ocrx_word' id='word_1_642' title='bbox 2438 1570 2540 1623; x_wconf 89' lang='grc' dir='ltr'><strong>οὐκ</strong></span> <span class='ocrx_word' id='word_1_643' title='bbox 2571 1565 2639 1639; x_wconf 77' lang='grc' dir='ltr'><strong>ἦν</strong></span> <span class='ocrx_word' id='word_1_644' title='bbox 2684 1570 3127 1641; x_wconf 81' lang='grc' dir='ltr'><strong>ἀξιοπιστότερον</strong></span> <span class='ocrx_word' id='word_1_645' title='bbox 3176 1572 3372 1630; x_wconf 83' lang='grc' dir='ltr'><strong>εἰπεῖν,</strong></span> <span class='ocrx_word' id='word_1_646' title='bbox 3421 1570 3560 1622; x_wconf 85' lang='grc' dir='ltr'><strong>Ἐάν</strong></span> <span class='ocrx_word' id='word_1_647' title='bbox 3591 1587 3660 1631; x_wconf 84' lang='grc' dir='ltr'><strong>τις</strong></span> 
     </span>
    </p>
   </div>
   <div class='ocr_carea' id='block_1_84' title="bbox 2077 1652 3656 1730">
    <p class='ocr_par' dir='ltr' id='par_1_84' title="bbox 2077 1652 3656 1730">
     <span class='ocr_line' id='line_1_84' title="bbox 2077 1652 3656 1730; baseline 0 -25"><span class='ocrx_word' id='word_1_648' title='bbox 2077 1652 2232 1722; x_wconf 80' lang='grc' dir='ltr'><strong>ὑμῶν</strong></span> <span class='ocrx_word' id='word_1_649' title='bbox 2259 1653 2454 1727; x_wconf 82' lang='grc' dir='ltr'><strong>δηχθῇ.</strong></span> <span class='ocrx_word' id='word_1_650' title='bbox 2498 1657 2774 1730; x_wconf 81' lang='grc' dir='ltr'><strong>ἀναϐλέψῃ</strong></span> <span class='ocrx_word' id='word_1_651' title='bbox 2801 1659 2882 1720; x_wconf 83' lang='grc' dir='ltr'><strong>είς</strong></span> <span class='ocrx_word' id='word_1_652' title='bbox 2909 1657 3002 1710; x_wconf 83' lang='grc' dir='ltr'><strong>τὸν</strong></span> <span class='ocrx_word' id='word_1_653' title='bbox 3045 1657 3274 1728; x_wconf 74' lang='grc' dir='ltr'><strong>οὐρανὸν</strong></span> <span class='ocrx_word' id='word_1_654' title='bbox 3295 1657 3409 1711; x_wconf 75' lang='grc' dir='ltr'><strong>ἀνω</strong></span> <span class='ocrx_word' id='word_1_655' title='bbox 3439 1658 3540 1710; x_wconf 70' lang='grc' dir='ltr'><strong>ἐπὶ</strong></span> <span class='ocrx_word' id='word_1_656' title='bbox 3583 1657 3656 1708; x_wconf 64' lang='grc' dir='ltr'><strong>τὸν</strong></span> 
     </span>
    </p>
   </div>
   <div class='ocr_carea' id='block_1_85' title="bbox 2074 1735 3656 1814">
    <p class='ocr_par' dir='ltr' id='par_1_85' title="bbox 2074 1735 3656 1814">
     <span class='ocr_line' id='line_1_85' title="bbox 2074 1735 3656 1814; baseline 0.003 -26"><span class='ocrx_word' id='word_1_657' title='bbox 2074 1735 2226 1799; x_wconf 85' lang='grc' dir='ltr'><strong>Θεὸν,</strong></span> <span class='ocrx_word' id='word_1_658' title='bbox 2249 1739 2344 1792; x_wconf 72' lang='grc' dir='ltr'><strong>καὶ</strong></span> <span class='ocrx_word' id='word_1_659' title='bbox 2373 1739 2712 1811; x_wconf 79' lang='grc' dir='ltr'><strong>σωθήσεταις</strong></span> <span class='ocrx_word' id='word_1_660' title='bbox 2743 1743 2830 1795; x_wconf 86' lang='grc' dir='ltr'><strong>ἴνα</strong></span> <span class='ocrx_word' id='word_1_661' title='bbox 2851 1742 2906 1795; x_wconf 83' lang='grc' dir='ltr'><strong>δὲ</strong></span> <span class='ocrx_word' id='word_1_662' title='bbox 2935 1742 3027 1795; x_wconf 69' lang='grc' dir='ltr'><strong>καὶ</strong></span> <span class='ocrx_word' id='word_1_663' title='bbox 3054 1742 3114 1795; x_wconf 82' lang='grc' dir='ltr'><strong>τὸ</strong></span> <span class='ocrx_word' id='word_1_664' title='bbox 3143 1743 3430 1814; x_wconf 80' lang='grc' dir='ltr'><strong>προσέχειν</strong></span> <span class='ocrx_word' id='word_1_665' title='bbox 3455 1741 3656 1811; x_wconf 74' lang='grc' dir='ltr'><strong>οὐρανῴ</strong></span> 
     </span>
    </p>
   </div>
   <div class='ocr_carea' id='block_1_86' title="bbox 2074 1823 3655 1899">
    <p class='ocr_par' dir='ltr' id='par_1_86' title="bbox 2074 1823 3655 1899">
     <span class='ocr_line' id='line_1_86' title="bbox 2074 1823 3655 1899; baseline 0.002 -26"><span class='ocrx_word' id='word_1_666' title='bbox 2074 1823 2457 1897; x_wconf 80' lang='grc' dir='ltr'><strong>παραλ[ε]ίπῃ,</strong></span> <span class='ocrx_word' id='word_1_667' title='bbox 2483 1824 2631 1899; x_wconf 70' lang='grc'><strong>[514]</strong></span> <span class='ocrx_word' id='word_1_668' title='bbox 2653 1827 2751 1880; x_wconf 92' lang='grc' dir='ltr'><strong>οὐκ</strong></span> <span class='ocrx_word' id='word_1_669' title='bbox 2768 1825 2997 1897; x_wconf 76' lang='grc' dir='ltr'><strong>ἠδύνατο</strong></span> <span class='ocrx_word' id='word_1_670' title='bbox 3014 1827 3206 1889; x_wconf 81' lang='grc' dir='ltr'><strong>εἰπεῖν,</strong></span> <span class='ocrx_word' id='word_1_671' title='bbox 3226 1827 3352 1878; x_wconf 85' lang='grc' dir='ltr'><strong>Ἐάν</strong></span> <span class='ocrx_word' id='word_1_672' title='bbox 3375 1843 3463 1889; x_wconf 89' lang='grc' dir='ltr'><strong>τις</strong></span> <span class='ocrx_word' id='word_1_673' title='bbox 3474 1825 3655 1896; x_wconf 73' lang='grc' dir='ltr'><strong>δηχθῇ,</strong></span> 
     </span>
    </p>
   </div>
   <div class='ocr_carea' id='block_1_87' title="bbox 2073 1904 3654 1981">
    <p class='ocr_par' dir='ltr' id='par_1_87' title="bbox 2073 1904 3654 1981">
     <span class='ocr_line' id='line_1_87' title="bbox 2073 1904 3654 1981; baseline 0.002 -23"><span class='ocrx_word' id='word_1_674' title='bbox 2073 1904 2356 1980; x_wconf 83' lang='grc' dir='ltr'><strong>ἀποϐλέψῃ</strong></span> <span class='ocrx_word' id='word_1_675' title='bbox 2383 1911 2461 1972; x_wconf 89' lang='grc' dir='ltr'><strong>είς</strong></span> <span class='ocrx_word' id='word_1_676' title='bbox 2485 1909 2585 1980; x_wconf 82' lang='grc' dir='ltr'><strong>τὴν</strong></span> <span class='ocrx_word' id='word_1_677' title='bbox 2609 1909 2830 1981; x_wconf 87' lang='grc' dir='ltr'><strong>λυχνίαν</strong></span> <span class='ocrx_word' id='word_1_678' title='bbox 2851 1910 2944 1964; x_wconf 92' lang='grc' dir='ltr'><strong>τοῦ</strong></span> <span class='ocrx_word' id='word_1_679' title='bbox 2969 1910 3166 1980; x_wconf 67' lang='grc' dir='ltr'><strong>φακὸς,</strong></span> <span class='ocrx_word' id='word_1_680' title='bbox 3201 1911 3294 1963; x_wconf 74' lang='grc' dir='ltr'><strong>καὶ</strong></span> <span class='ocrx_word' id='word_1_681' title='bbox 3327 1909 3654 1980; x_wconf 80' lang='grc' dir='ltr'><strong>σωθήσεται;</strong></span> 
     </span>
    </p>
   </div>
   <div class='ocr_carea' id='block_1_88' title="bbox 2072 1988 3656 2065">
    <p class='ocr_par' dir='ltr' id='par_1_88' title="bbox 2072 1988 3656 2065">
     <span class='ocr_line' id='line_1_88' title="bbox 2072 1988 3656 2065; baseline 0.002 -24"><span class='ocrx_word' id='word_1_682' title='bbox 2072 1988 2410 2063; x_wconf 79' lang='grc' dir='ltr'><strong>ἢάποϐλέψῃ</strong></span> <span class='ocrx_word' id='word_1_683' title='bbox 2466 1994 2547 2055; x_wconf 87' lang='grc' dir='ltr'><strong>εἰς</strong></span> <span class='ocrx_word' id='word_1_684' title='bbox 2595 1993 2695 2064; x_wconf 84' lang='grc' dir='ltr'><strong>τὴν</strong></span> <span class='ocrx_word' id='word_1_685' title='bbox 2720 1994 3000 2065; x_wconf 81' lang='grc' dir='ltr'><strong>τράπεζαν</strong></span> <span class='ocrx_word' id='word_1_686' title='bbox 3045 1993 3146 2062; x_wconf 81' lang='grc' dir='ltr'><strong>τῆς</strong></span> <span class='ocrx_word' id='word_1_687' title='bbox 3195 1993 3516 2063; x_wconf 82' lang='grc' dir='ltr'><strong>προθέσεως</strong></span> <span class='ocrx_word' id='word_1_688' title='bbox 3561 1995 3656 2045; x_wconf 75' lang='grc' dir='ltr'><strong>τῶν</strong></span> 
     </span>
    </p>
   </div>
   <div class='ocr_carea' id='block_1_89' title="bbox 2073 2072 3654 2148">
    <p class='ocr_par' dir='ltr' id='par_1_89' title="bbox 2073 2072 3654 2148">
     <span class='ocr_line' id='line_1_89' title="bbox 2073 2072 3654 2148; baseline 0.004 -24"><span class='ocrx_word' id='word_1_689' title='bbox 2073 2072 2244 2140; x_wconf 87' lang='grc' dir='ltr'><strong>ἀγίων</strong></span> <span class='ocrx_word' id='word_1_690' title='bbox 2292 2074 2496 2144; x_wconf 82' lang='grc' dir='ltr'><strong>ἀρτων,</strong></span> <span class='ocrx_word' id='word_1_691' title='bbox 2517 2077 2614 2129; x_wconf 79' lang='grc' dir='ltr'><strong>καὶ</strong></span> <span class='ocrx_word' id='word_1_692' title='bbox 2646 2076 2978 2148; x_wconf 76' lang='grc' dir='ltr'><strong>σωθήσεταις</strong></span> <span class='ocrx_word' id='word_1_693' title='bbox 3004 2075 3036 2146; x_wconf 80' lang='grc' dir='ltr'>ἦ</span> <span class='ocrx_word' id='word_1_694' title='bbox 3070 2077 3149 2140; x_wconf 90' lang='grc' dir='ltr'><strong>εἰς</strong></span> <span class='ocrx_word' id='word_1_695' title='bbox 3168 2076 3229 2129; x_wconf 74' lang='grc' dir='ltr'><strong>τὸ</strong></span> <span class='ocrx_word' id='word_1_696' title='bbox 3253 2075 3654 2146; x_wconf 77' lang='grc' dir='ltr'><strong>θυσιαστήριον,</strong></span> 
     </span>
    </p>
   </div>
   <div class='ocr_carea' id='block_1_90' title="bbox 2072 2155 3655 2232">
    <p class='ocr_par' dir='ltr' id='par_1_90' title="bbox 2072 2155 3655 2232">
     <span class='ocr_line' id='line_1_90' title="bbox 2072 2155 3655 2232; baseline 0.001 -23"><span class='ocrx_word' id='word_1_697' title='bbox 2072 2155 2105 2226; x_wconf 84' lang='grc' dir='ltr'>ἢ</span> <span class='ocrx_word' id='word_1_698' title='bbox 2135 2159 2216 2220; x_wconf 87' lang='grc' dir='ltr'><strong>είς</strong></span> <span class='ocrx_word' id='word_1_699' title='bbox 2242 2158 2304 2210; x_wconf 79' lang='grc' dir='ltr'><strong>τὸ</strong></span> <span class='ocrx_word' id='word_1_700' title='bbox 2335 2159 2758 2231; x_wconf 87' lang='grc' dir='ltr'><strong>καταπέτασμα,</strong></span> <span class='ocrx_word' id='word_1_701' title='bbox 2804 2160 2837 2232; x_wconf 77' lang='grc' dir='ltr'>ἢ</span> <span class='ocrx_word' id='word_1_702' title='bbox 2869 2161 2946 2223; x_wconf 84' lang='grc' dir='ltr'><strong>είς</strong></span> <span class='ocrx_word' id='word_1_703' title='bbox 2979 2159 3079 2230; x_wconf 79' lang='grc' dir='ltr'><strong>τὴν</strong></span> <span class='ocrx_word' id='word_1_704' title='bbox 3102 2159 3356 2222; x_wconf 70' lang='grc' dir='ltr'><strong>κιϐωτὸν,</strong></span> <span class='ocrx_word' id='word_1_705' title='bbox 3388 2161 3421 2230; x_wconf 81' lang='grc' dir='ltr'>ἢ</span> <span class='ocrx_word' id='word_1_706' title='bbox 3456 2161 3540 2221; x_wconf 82' lang='grc' dir='ltr'><strong>είς</strong></span> <span class='ocrx_word' id='word_1_707' title='bbox 3571 2160 3655 2228; x_wconf 71' lang='grc' dir='ltr'><strong>τὴν</strong></span> 
     </span>
    </p>
   </div>
   <div class='ocr_carea' id='block_1_91' title="bbox 2071 2240 3653 2313">
    <p class='ocr_par' dir='ltr' id='par_1_91' title="bbox 2071 2240 3653 2313">
     <span class='ocr_line' id='line_1_91' title="bbox 2071 2240 3653 2313; baseline 0.002 -22"><span class='ocrx_word' id='word_1_708' title='bbox 2071 2240 2256 2294; x_wconf 88' lang='grc' dir='ltr'><strong>εἰκόνα</strong></span> <span class='ocrx_word' id='word_1_709' title='bbox 2287 2241 2396 2294; x_wconf 89' lang='grc' dir='ltr'><strong>τῶν</strong></span> <span class='ocrx_word' id='word_1_710' title='bbox 2429 2241 2728 2313; x_wconf 78' lang='grc' dir='ltr'><strong>Χερουϐὶμ,</strong></span> <span class='ocrx_word' id='word_1_711' title='bbox 2757 2242 2789 2313; x_wconf 88' lang='grc' dir='ltr'><strong>ἦ</strong></span> <span class='ocrx_word' id='word_1_712' title='bbox 2821 2245 2899 2306; x_wconf 89' lang='grc' dir='ltr'><strong>είς</strong></span> <span class='ocrx_word' id='word_1_713' title='bbox 2933 2242 2992 2296; x_wconf 80' lang='grc' dir='ltr'><strong>τὸ</strong></span> <span class='ocrx_word' id='word_1_714' title='bbox 3027 2242 3376 2311; x_wconf 74' lang='grc' dir='ltr'><strong>ἱλαστήριον;</strong></span> <span class='ocrx_word' id='word_1_715' title='bbox 3421 2245 3653 2295; x_wconf 62' lang='grc' dir='ltr'><strong>Ἀλϊού-</strong></span> 
     </span>
    </p>
   </div>
   <div class='ocr_carea' id='block_1_92' title="bbox 2071 2321 3638 2397">
    <p class='ocr_par' dir='ltr' id='par_1_92' title="bbox 2071 2321 3638 2397">
     <span class='ocr_line' id='line_1_92' title="bbox 2071 2321 3638 2397; baseline 0.003 -23"><span class='ocrx_word' id='word_1_716' title='bbox 2071 2321 2159 2375; x_wconf 80' lang='grc' dir='ltr'><strong>δέν</strong></span> <span class='ocrx_word' id='word_1_717' title='bbox 2181 2323 2384 2377; x_wconf 89' lang='grc' dir='ltr'><strong>τούτων</strong></span> <span class='ocrx_word' id='word_1_718' title='bbox 2408 2327 2704 2396; x_wconf 78' lang='grc' dir='ltr'><strong>εισήγαγεν</strong></span> <span class='ocrx_word' id='word_1_719' title='bbox 2733 2329 2762 2380; x_wconf 87' lang='lat'><strong>6</strong></span> <span class='ocrx_word' id='word_1_720' title='bbox 2792 2325 3087 2397; x_wconf 83' lang='grc' dir='ltr'><strong>νομοθέτης</strong></span> <span class='ocrx_word' id='word_1_721' title='bbox 3119 2329 3148 2380; x_wconf 91' lang='lat'><strong>6</strong></span> <span class='ocrx_word' id='word_1_722' title='bbox 3180 2328 3376 2394; x_wconf 83' lang='grc' dir='ltr'><strong>μέγας·</strong></span> <span class='ocrx_word' id='word_1_723' title='bbox 3401 2326 3542 2380; x_wconf 68' lang='grc' dir='ltr'><strong>ἀλλά</strong></span> <span class='ocrx_word' id='word_1_724' title='bbox 3575 2329 3638 2395; x_wconf 69' lang='grc' dir='ltr'><strong>μό</strong></span> 
     </span>
    </p>
   </div>
   <div class='ocr_carea' id='block_1_93' title="bbox 2070 2407 3653 2482">
    <p class='ocr_par' dir='ltr' id='par_1_93' title="bbox 2070 2407 3653 2482">
     <span class='ocr_line' id='line_1_93' title="bbox 2070 2407 3653 2482; baseline 0.001 -24"><span class='ocrx_word' id='word_1_725' title='bbox 2070 2422 2170 2476; x_wconf 93' lang='grc' dir='ltr'><strong>νην</strong></span> <span class='ocrx_word' id='word_1_726' title='bbox 2214 2407 2384 2478; x_wconf 75' lang='grc' dir='ltr'><strong>ἔπηξε</strong></span> <span class='ocrx_word' id='word_1_727' title='bbox 2413 2408 2508 2462; x_wconf 89' lang='grc' dir='ltr'><strong>τοῦ</strong></span> <span class='ocrx_word' id='word_1_728' title='bbox 2561 2409 2795 2482; x_wconf 84' lang='grc' dir='ltr'><strong>σταυροῦ</strong></span> <span class='ocrx_word' id='word_1_729' title='bbox 2823 2410 2923 2478; x_wconf 82' lang='grc' dir='ltr'><strong>τὴν</strong></span> <span class='ocrx_word' id='word_1_730' title='bbox 2961 2409 3165 2472; x_wconf 86' lang='grc' dir='ltr'><strong>εἰκόνα,</strong></span> <span class='ocrx_word' id='word_1_731' title='bbox 3201 2411 3295 2463; x_wconf 79' lang='grc' dir='ltr'><strong>καὶ</strong></span> <span class='ocrx_word' id='word_1_732' title='bbox 3327 2411 3544 2482; x_wconf 81' lang='grc' dir='ltr'><strong>ταύτην</strong></span> <span class='ocrx_word' id='word_1_733' title='bbox 3580 2410 3653 2461; x_wconf 69' lang='lat'><strong>6:1</strong></span> 
     </span>
    </p>
   </div>
   <div class='ocr_carea' id='block_1_94' title="bbox 2067 2488 3652 2564">
    <p class='ocr_par' dir='ltr' id='par_1_94' title="bbox 2067 2488 3652 2564">
     <span class='ocr_line' id='line_1_94' title="bbox 2067 2488 3652 2564; baseline 0.002 -22"><span class='ocrx_word' id='word_1_734' title='bbox 2067 2489 2162 2542; x_wconf 89' lang='grc' dir='ltr'><strong>τοῦ</strong></span> <span class='ocrx_word' id='word_1_735' title='bbox 2195 2492 2595 2564; x_wconf 86' lang='grc' dir='ltr'><strong>ἐπικαταράτου</strong></span> <span class='ocrx_word' id='word_1_736' title='bbox 2615 2494 2810 2563; x_wconf 67' lang='grc' dir='ltr'><strong>ὄφεως.</strong></span> <span class='ocrx_word' id='word_1_737' title='bbox 2834 2493 2933 2546; x_wconf 87' lang='grc' dir='ltr'><strong>Διά</strong></span> <span class='ocrx_word' id='word_1_738' title='bbox 2963 2493 3015 2546; x_wconf 84' lang='grc' dir='ltr'><strong>τί</strong></span> <span class='ocrx_word' id='word_1_739' title='bbox 3044 2489 3157 2560; x_wconf 83' lang='grc' dir='ltr'><strong>οῦν,</strong></span> <span class='ocrx_word' id='word_1_740' title='bbox 3178 2488 3222 2546; x_wconf 83' lang='grc' dir='ltr'>ὧ</span> <span class='ocrx_word' id='word_1_741' title='bbox 3258 2494 3510 2559; x_wconf 83' lang='grc' dir='ltr'><strong>Ίουδαῖε,</strong></span> <span class='ocrx_word' id='word_1_742' title='bbox 3541 2494 3652 2548; x_wconf 75' lang='grc' dir='ltr'><strong>ταῦ-</strong></span> 
     </span>
    </p>
   </div>
   <div class='ocr_carea' id='block_1_95' title="bbox 2068 2576 3652 2648">
    <p class='ocr_par' dir='ltr' id='par_1_95' title="bbox 2068 2576 3652 2648">
     <span class='ocr_line' id='line_1_95' title="bbox 2068 2576 3652 2648; baseline 0.002 -23"><span class='ocrx_word' id='word_1_743' title='bbox 2068 2590 2138 2626; x_wconf 88' lang='grc' dir='ltr'><strong>τα</strong></span> <span class='ocrx_word' id='word_1_744' title='bbox 2165 2578 2308 2628; x_wconf 87' lang='grc' dir='ltr'><strong>ποιεῖ</strong></span> <span class='ocrx_word' id='word_1_745' title='bbox 2325 2577 2596 2648; x_wconf 73' lang='grc' dir='ltr'><strong>Μωῦσῆς;</strong></span> <span class='ocrx_word' id='word_1_746' title='bbox 2617 2577 2706 2630; x_wconf 75' lang='grc' dir='ltr'><strong>διὰ</strong></span> <span class='ocrx_word' id='word_1_747' title='bbox 2733 2577 2785 2629; x_wconf 88' lang='grc' dir='ltr'><strong>τί</strong></span> <span class='ocrx_word' id='word_1_748' title='bbox 2815 2576 3038 2647; x_wconf 88' lang='grc' dir='ltr'><strong>χωνεύει</strong></span> <span class='ocrx_word' id='word_1_749' title='bbox 3065 2577 3186 2646; x_wconf 76' lang='grc' dir='ltr'><strong>ὄφιν</strong></span> <span class='ocrx_word' id='word_1_750' title='bbox 3208 2580 3236 2632; x_wconf 89' lang='lat'><strong>6</strong></span> <span class='ocrx_word' id='word_1_751' title='bbox 3256 2578 3432 2645; x_wconf 75' lang='grc' dir='ltr'><strong>λέγων</strong></span> <span class='ocrx_word' id='word_1_752' title='bbox 3454 2581 3549 2631; x_wconf 68' lang='grc' dir='ltr'><strong>διὰ</strong></span> <span class='ocrx_word' id='word_1_753' title='bbox 3573 2578 3652 2630; x_wconf 75' lang='grc' dir='ltr'><strong>τοῦ</strong></span> 
     </span>
    </p>
   </div>
   <div class='ocr_carea' id='block_1_96' title="bbox 2068 2657 3652 2732">
    <p class='ocr_par' dir='ltr' id='par_1_96' title="bbox 2068 2657 3652 2732">
     <span class='ocr_line' id='line_1_96' title="bbox 2068 2657 3652 2732; baseline 0.005 -22"><span class='ocrx_word' id='word_1_754' title='bbox 2068 2657 2256 2728; x_wconf 84' lang='grc' dir='ltr'><strong>νόμου,</strong></span> <span class='ocrx_word' id='word_1_755' title='bbox 2291 2661 2373 2712; x_wconf 82' lang='grc' dir='ltr'><strong>Οὐ</strong></span> <span class='ocrx_word' id='word_1_756' title='bbox 2433 2661 2710 2726; x_wconf 84' lang='grc' dir='ltr'><strong>ποιήσεις</strong></span> <span class='ocrx_word' id='word_1_757' title='bbox 2763 2662 3056 2732; x_wconf 77' lang='grc' dir='ltr'><strong>γλυπτὸν,</strong></span> <span class='ocrx_word' id='word_1_758' title='bbox 3115 2662 3257 2715; x_wconf 71' lang='grc' dir='ltr'><strong>οὐδὲ</strong></span> <span class='ocrx_word' id='word_1_759' title='bbox 3305 2668 3652 2731; x_wconf 71' lang='grc' dir='ltr'><strong>χωνειιτςί·;</strong></span> 
     </span>
    </p>
   </div>
   <div class='ocr_carea' id='block_1_97' title="bbox 2081 2741 3652 2816">
    <p class='ocr_par' dir='ltr' id='par_1_97' title="bbox 2081 2741 3652 2816">
     <span class='ocr_line' id='line_1_97' title="bbox 2081 2741 3652 2816; baseline 0.002 -23"><span class='ocrx_word' id='word_1_760' title='bbox 2081 2741 2243 2795; x_wconf 84' lang='grc' dir='ltr'><strong>Ἀλλά</strong></span> <span class='ocrx_word' id='word_1_761' title='bbox 2266 2742 2320 2795; x_wconf 91' lang='grc' dir='ltr'><strong>τί</strong></span> <span class='ocrx_word' id='word_1_762' title='bbox 2339 2743 2512 2796; x_wconf 82' lang='grc' dir='ltr'><strong>ταῦτα</strong></span> <span class='ocrx_word' id='word_1_763' title='bbox 2534 2745 2669 2815; x_wconf 72' lang='grc' dir='ltr'><strong>πρὸς</strong></span> <span class='ocrx_word' id='word_1_764' title='bbox 2698 2743 2786 2797; x_wconf 78' lang='grc' dir='ltr'><strong>τὸν</strong></span> <span class='ocrx_word' id='word_1_765' title='bbox 2810 2745 3103 2816; x_wconf 83' lang='grc' dir='ltr'><strong>ἀγνώμονα</strong></span> <span class='ocrx_word' id='word_1_766' title='bbox 3134 2745 3442 2816; x_wconf 79' lang='grc' dir='ltr'><strong>φθέγγομαι</strong></span> <span class='ocrx_word' id='word_1_767' title='bbox 3463 2748 3652 2808; x_wconf 42' lang='lat' dir='ltr'><strong>pra-.9»;</strong></span> 
     </span>
    </p>
   </div>
   <div class='ocr_carea' id='block_1_98' title="bbox 2067 2822 3650 2896">
    <p class='ocr_par' dir='ltr' id='par_1_98' title="bbox 2067 2822 3650 2896">
     <span class='ocr_line' id='line_1_98' title="bbox 2067 2822 3650 2896; baseline 0.002 -21"><span class='ocrx_word' id='word_1_768' title='bbox 2067 2823 2258 2896; x_wconf 90' lang='grc' dir='ltr'><strong>ἐρωτῶ</strong></span> <span class='ocrx_word' id='word_1_769' title='bbox 2286 2826 2378 2880; x_wconf 78' lang='grc' dir='ltr'><strong>τὸν</strong></span> <span class='ocrx_word' id='word_1_770' title='bbox 2398 2828 2714 2896; x_wconf 86' lang='grc' dir='ltr'><strong>νομοθέτην·</strong></span> <span class='ocrx_word' id='word_1_771' title='bbox 2747 2829 2880 2882; x_wconf 81' lang='grc' dir='ltr'><strong>Είπέ</strong></span> <span class='ocrx_word' id='word_1_772' title='bbox 2903 2847 3014 2896; x_wconf 85' lang='grc' dir='ltr'><strong>μοι,</strong></span> <span class='ocrx_word' id='word_1_773' title='bbox 3036 2822 3080 2881; x_wconf 85' lang='grc' dir='ltr'><strong>ὦ</strong></span> <span class='ocrx_word' id='word_1_774' title='bbox 3105 2829 3394 2882; x_wconf 84' lang='grc' dir='ltr'><strong>πιστότατε</strong></span> <span class='ocrx_word' id='word_1_775' title='bbox 3411 2831 3512 2883; x_wconf 83' lang='grc' dir='ltr'><strong>τοῦ</strong></span> <span class='ocrx_word' id='word_1_776' title='bbox 3533 2828 3650 2882; x_wconf 82' lang='grc' dir='ltr'><strong>Θεοῦ</strong></span> 
     </span>
    </p>
   </div>
   <div class='ocr_carea' id='block_1_99' title="bbox 2067 2910 3648 2987">
    <p class='ocr_par' dir='ltr' id='par_1_99' title="bbox 2067 2910 3648 2987">
     <span class='ocr_line' id='line_1_99' title="bbox 2067 2910 3648 2987; baseline 0.001 -24"><span class='ocrx_word' id='word_1_777' title='bbox 2067 2910 2344 2982; x_wconf 86' lang='grc' dir='ltr'><strong>θεράπων,</strong></span> <span class='ocrx_word' id='word_1_778' title='bbox 2374 2913 2403 2966; x_wconf 89' lang='grc' dir='ltr'><strong>ὂ</strong></span> <span class='ocrx_word' id='word_1_779' title='bbox 2428 2914 2810 2985; x_wconf 85' lang='grc' dir='ltr'><strong>ἀπαγορεύεις,</strong></span> <span class='ocrx_word' id='word_1_780' title='bbox 2862 2918 3067 2987; x_wconf 75' lang='grc' dir='ltr'><strong>ποιείς;</strong></span> <span class='ocrx_word' id='word_1_781' title='bbox 3105 2916 3132 2968; x_wconf 83' lang='grc' dir='ltr'><strong>ὃ</strong></span> <span class='ocrx_word' id='word_1_782' title='bbox 3172 2917 3532 2987; x_wconf 81' lang='grc' dir='ltr'><strong>ἀνατρέπεις,</strong></span> <span class='ocrx_word' id='word_1_783' title='bbox 3563 2935 3648 2967; x_wconf 73' lang='grc' dir='ltr'><strong>πα-</strong></span> 
     </span>
    </p>
   </div>
   <div class='ocr_carea' id='block_1_100' title="bbox 2068 2983 3648 3068">
    <p class='ocr_par' dir='ltr' id='par_1_100' title="bbox 2068 2983 3648 3068">
     <span class='ocr_line' id='line_1_100' title="bbox 2068 2983 3648 3068; baseline 0.002 -21"><span class='ocrx_word' id='word_1_784' title='bbox 2068 2995 2458 3066; x_wconf 75' lang='grc' dir='ltr'><strong>ρασκευάζειςς</strong></span> <span class='ocrx_word' id='word_1_785' title='bbox 2492 2999 2520 3051; x_wconf 92' lang='lat'><strong>6</strong></span> <span class='ocrx_word' id='word_1_786' title='bbox 2541 2983 2733 3066; x_wconf 79' lang='grc' dir='ltr'><strong>λέγων.</strong></span> <span class='ocrx_word' id='word_1_787' title='bbox 2762 3001 2844 3052; x_wconf 82' lang='grc' dir='ltr'><strong>Οὐ</strong></span> <span class='ocrx_word' id='word_1_788' title='bbox 2873 2983 3151 3066; x_wconf 57' lang='grc' dir='ltr'><strong>ποιήσεις</strong></span> <span class='ocrx_word' id='word_1_789' title='bbox 3195 2983 3498 3068; x_wconf 70' lang='grc' dir='ltr'><strong>γλινπτόν,</strong></span> <span class='ocrx_word' id='word_1_790' title='bbox 3527 3001 3648 3052; x_wconf 61' lang='grc' dir='ltr'><strong>οὐδὲ</strong></span> 
     </span>
    </p>
   </div>
   <div class='ocr_carea' id='block_1_101' title="bbox 2067 3081 3646 3152">
    <p class='ocr_par' dir='ltr' id='par_1_101' title="bbox 2067 3081 3646 3152">
     <span class='ocr_line' id='line_1_101' title="bbox 2067 3081 3646 3152; baseline 0.001 -20"><span class='ocrx_word' id='word_1_791' title='bbox 2067 3082 2388 3147; x_wconf 83' lang='grc' dir='ltr'><strong>χωνευτὸν,</strong></span> <span class='ocrx_word' id='word_1_792' title='bbox 2445 3082 2510 3134; x_wconf 82' lang='grc' dir='ltr'><strong>σὺ</strong></span> <span class='ocrx_word' id='word_1_793' title='bbox 2568 3081 2825 3152; x_wconf 87' lang='grc' dir='ltr'><strong>χωνεύεις</strong></span> <span class='ocrx_word' id='word_1_794' title='bbox 2869 3084 2962 3136; x_wconf 75' lang='grc' dir='ltr'><strong>καὶ</strong></span> <span class='ocrx_word' id='word_1_795' title='bbox 3014 3081 3235 3152; x_wconf 78' lang='grc' dir='ltr'><strong>γλύφεις</strong></span> <span class='ocrx_word' id='word_1_796' title='bbox 3297 3084 3464 3152; x_wconf 72' lang='grc' dir='ltr'><strong>δφινς</strong></span> <span class='ocrx_word' id='word_1_797' title='bbox 3531 3085 3646 3137; x_wconf 74' lang='grc' dir='ltr'><strong>Ἀλλ’</strong></span> 
     </span>
    </p>
   </div>
   <div class='ocr_carea' id='block_1_102' title="bbox 2065 3163 3648 3236">
    <p class='ocr_par' dir='ltr' id='par_1_102' title="bbox 2065 3163 3648 3236">
     <span class='ocr_line' id='line_1_102' title="bbox 2065 3163 3648 3236; baseline 0.004 -22"><span class='ocrx_word' id='word_1_798' title='bbox 2065 3163 2246 3216; x_wconf 83' lang='grc' dir='ltr'><strong>ἐκεῖνα</strong></span> <span class='ocrx_word' id='word_1_799' title='bbox 2277 3165 2375 3236; x_wconf 81' lang='grc' dir='ltr'><strong>μὲν</strong></span> <span class='ocrx_word' id='word_1_800' title='bbox 2408 3165 2794 3236; x_wconf 76' lang='grc' dir='ltr'><strong>ἐνομοθέτησα,</strong></span> <span class='ocrx_word' id='word_1_801' title='bbox 2832 3167 3012 3236; x_wconf 68' lang='grc' dir='ltr'><strong>φησὶν,</strong></span> <span class='ocrx_word' id='word_1_802' title='bbox 3043 3166 3128 3219; x_wconf 84' lang='grc' dir='ltr'><strong>ἵνα</strong></span> <span class='ocrx_word' id='word_1_803' title='bbox 3153 3166 3249 3229; x_wconf 86' lang='grc' dir='ltr'><strong>τάς</strong></span> <span class='ocrx_word' id='word_1_804' title='bbox 3284 3166 3421 3231; x_wconf 81' lang='grc' dir='ltr'><strong>’ύλας</strong></span> <span class='ocrx_word' id='word_1_805' title='bbox 3445 3169 3648 3236; x_wconf 54' lang='grc' dir='ltr'><strong>ἐκκόψω</strong></span> 
     </span>
    </p>
   </div>
   <div class='ocr_carea' id='block_1_103' title="bbox 2065 3245 3679 3319">
    <p class='ocr_par' dir='ltr' id='par_1_103' title="bbox 2065 3245 3679 3319">
     <span class='ocr_line' id='line_1_103' title="bbox 2065 3245 3679 3319; baseline 0.003 -22"><span class='ocrx_word' id='word_1_806' title='bbox 2065 3245 2164 3315; x_wconf 81' lang='grc' dir='ltr'><strong>τῆς</strong></span> <span class='ocrx_word' id='word_1_807' title='bbox 2209 3247 2485 3312; x_wconf 84' lang='grc' dir='ltr'><strong>ἀσεϐείας,</strong></span> <span class='ocrx_word' id='word_1_808' title='bbox 2531 3251 2624 3303; x_wconf 77' lang='grc' dir='ltr'><strong>καὶ</strong></span> <span class='ocrx_word' id='word_1_809' title='bbox 2654 3250 2746 3302; x_wconf 81' lang='grc' dir='ltr'><strong>τὸν</strong></span> <span class='ocrx_word' id='word_1_810' title='bbox 2775 3249 2901 3303; x_wconf 75' lang='grc' dir='ltr'><strong>λαὸν</strong></span> <span class='ocrx_word' id='word_1_811' title='bbox 2937 3250 3123 3302; x_wconf 87' lang='grc' dir='ltr'><strong>τοῦτον</strong></span> <span class='ocrx_word' id='word_1_812' title='bbox 3157 3251 3437 3319; x_wconf 83' lang='grc' dir='ltr'><strong>ἀπαγάγω</strong></span> <span class='ocrx_word' id='word_1_813' title='bbox 3484 3253 3648 3319; x_wconf 65' lang='grc' dir='ltr'><strong>πάσης</strong></span> <span class='ocrx_word' id='word_1_814' title='bbox 3678 3299 3679 3302; x_wconf 45' lang='grc' dir='ltr'><strong>η</strong></span> 
     </span>
    </p>
   </div>
   <div class='ocr_carea' id='block_1_104' title="bbox 2064 3330 3647 3406">
    <p class='ocr_par' dir='ltr' id='par_1_104' title="bbox 2064 3330 3647 3406">
     <span class='ocr_line' id='line_1_104' title="bbox 2064 3330 3647 3406; baseline 0.004 -25"><span class='ocrx_word' id='word_1_815' title='bbox 2064 3330 2526 3403; x_wconf 78' lang='grc' dir='ltr'><strong>εἰδωλολατρείας·</strong></span> <span class='ocrx_word' id='word_1_816' title='bbox 2555 3333 2672 3386; x_wconf 77' lang='grc' dir='ltr'><strong>νυνὶ</strong></span> <span class='ocrx_word' id='word_1_817' title='bbox 2702 3333 2758 3386; x_wconf 85' lang='grc' dir='ltr'><strong>δὲ</strong></span> <span class='ocrx_word' id='word_1_818' title='bbox 2795 3333 3016 3402; x_wconf 89' lang='grc' dir='ltr'><strong>χωνεύω</strong></span> <span class='ocrx_word' id='word_1_819' title='bbox 3041 3333 3132 3386; x_wconf 85' lang='grc' dir='ltr'><strong>τὸν</strong></span> <span class='ocrx_word' id='word_1_820' title='bbox 3153 3333 3298 3400; x_wconf 68' lang='grc' dir='ltr'><strong>ὅφιν,</strong></span> <span class='ocrx_word' id='word_1_821' title='bbox 3329 3335 3420 3387; x_wconf 77' lang='grc' dir='ltr'><strong>ἵνα</strong></span> <span class='ocrx_word' id='word_1_822' title='bbox 3455 3351 3647 3406; x_wconf 57' lang='lat'><strong>1:63:1-</strong></span> 
     </span>
    </p>
   </div>
   <div class='ocr_carea' id='block_1_105' title="bbox 2064 3412 3647 3490">
    <p class='ocr_par' dir='ltr' id='par_1_105' title="bbox 2064 3412 3647 3490">
     <span class='ocr_line' id='line_1_105' title="bbox 2064 3412 3647 3490; baseline 0.003 -25"><span class='ocrx_word' id='word_1_823' title='bbox 2064 3412 2233 3466; x_wconf 86' lang='grc' dir='ltr'><strong>πὼσω</strong></span> <span class='ocrx_word' id='word_1_824' title='bbox 2277 3414 2373 3484; x_wconf 79' lang='grc' dir='ltr'><strong>τὴν</strong></span> <span class='ocrx_word' id='word_1_825' title='bbox 2416 3416 2600 3468; x_wconf 86' lang='grc' dir='ltr'><strong>εἰκόνα</strong></span> <span class='ocrx_word' id='word_1_826' title='bbox 2626 3418 2724 3487; x_wconf 77' lang='grc' dir='ltr'><strong>τῆς</strong></span> <span class='ocrx_word' id='word_1_827' title='bbox 2752 3417 2846 3468; x_wconf 75' lang='grc' dir='ltr'><strong>τοῦ</strong></span> <span class='ocrx_word' id='word_1_828' title='bbox 2891 3416 3124 3487; x_wconf 87' lang='grc' dir='ltr'><strong>σταυροῦ</strong></span> <span class='ocrx_word' id='word_1_829' title='bbox 3155 3418 3500 3487; x_wconf 82' lang='grc' dir='ltr'><strong>οἰκονομίας·</strong></span> <span class='ocrx_word' id='word_1_830' title='bbox 3535 3437 3647 3490; x_wconf 62' lang='lat'><strong>2;--</strong></span> 
     </span>
    </p>
   </div>
   <div class='ocr_carea' id='block_1_106' title="bbox 2061 3497 3644 3573">
    <p class='ocr_par' dir='ltr' id='par_1_106' title="bbox 2061 3497 3644 3573">
     <span class='ocr_line' id='line_1_106' title="bbox 2061 3497 3644 3573; baseline 0.001 -23"><span class='ocrx_word' id='word_1_831' title='bbox 2061 3497 2406 3568; x_wconf 73' lang='grc' dir='ltr'><strong>ομαλίζωτδν</strong></span> <span class='ocrx_word' id='word_1_832' title='bbox 2436 3500 2634 3573; x_wconf 85' lang='grc' dir='ltr'><strong>δρόμον</strong></span> <span class='ocrx_word' id='word_1_833' title='bbox 2662 3504 2774 3565; x_wconf 87' lang='grc' dir='ltr'><strong>τοῖς</strong></span> <span class='ocrx_word' id='word_1_834' title='bbox 2807 3501 3142 3564; x_wconf 86' lang='grc' dir='ltr'><strong>ἀποστόλοις·</strong></span> <span class='ocrx_word' id='word_1_835' title='bbox 3181 3503 3564 3572; x_wconf 75' lang='grc' dir='ltr'><strong>προγυμνάζω</strong></span> <span class='ocrx_word' id='word_1_836' title='bbox 3597 3507 3644 3552; x_wconf 66' lang='grc' dir='ltr'><strong>τι</strong></span> 
     </span>
    </p>
   </div>
   <div class='ocr_carea' id='block_1_107' title="bbox 2066 3582 3644 3657">
    <p class='ocr_par' dir='ltr' id='par_1_107' title="bbox 2066 3582 3644 3657">
     <span class='ocr_line' id='line_1_107' title="bbox 2066 3582 3644 3657; baseline 0.001 -23"><span class='ocrx_word' id='word_1_837' title='bbox 2066 3582 2205 3652; x_wconf 85' lang='grc' dir='ltr'><strong>μέγα</strong></span> <span class='ocrx_word' id='word_1_838' title='bbox 2227 3585 2319 3636; x_wconf 76' lang='grc' dir='ltr'><strong>καί</strong></span> <span class='ocrx_word' id='word_1_839' title='bbox 2350 3583 2499 3650; x_wconf 78' lang='grc' dir='ltr'><strong>ξένον</strong></span> <span class='ocrx_word' id='word_1_840' title='bbox 2539 3587 2715 3638; x_wconf 86' lang='grc' dir='ltr'><strong>ἐκεῖνο</strong></span> <span class='ocrx_word' id='word_1_841' title='bbox 2739 3585 2798 3637; x_wconf 77' lang='grc' dir='ltr'><strong>τὸ</strong></span> <span class='ocrx_word' id='word_1_842' title='bbox 2821 3585 2915 3638; x_wconf 85' lang='grc' dir='ltr'><strong>τοῦ</strong></span> <span class='ocrx_word' id='word_1_843' title='bbox 2955 3584 3189 3657; x_wconf 87' lang='grc' dir='ltr'><strong>σταυροῦ</strong></span> <span class='ocrx_word' id='word_1_844' title='bbox 3219 3585 3518 3656; x_wconf 82' lang='grc' dir='ltr'><strong>σύμϐολον.</strong></span> <span class='ocrx_word' id='word_1_845' title='bbox 3543 3589 3644 3638; x_wconf 80' lang='grc' dir='ltr'><strong>Ὀτι</strong></span> 
     </span>
    </p>
   </div>
   <div class='ocr_carea' id='block_1_108' title="bbox 2061 3664 3642 3739">
    <p class='ocr_par' dir='ltr' id='par_1_108' title="bbox 2061 3664 3642 3739">
     <span class='ocr_line' id='line_1_108' title="bbox 2061 3664 3642 3739; baseline 0.002 -22"><span class='ocrx_word' id='word_1_846' title='bbox 2061 3664 2116 3718; x_wconf 85' lang='grc' dir='ltr'><strong>δέ</strong></span> <span class='ocrx_word' id='word_1_847' title='bbox 2143 3666 2203 3718; x_wconf 86' lang='grc' dir='ltr'><strong>οὐ</strong></span> <span class='ocrx_word' id='word_1_848' title='bbox 2224 3665 2581 3738; x_wconf 77' lang='grc' dir='ltr'><strong>βεϐιασμένος</strong></span> <span class='ocrx_word' id='word_1_849' title='bbox 2623 3669 2650 3720; x_wconf 90' lang='lat'><strong>6</strong></span> <span class='ocrx_word' id='word_1_850' title='bbox 2676 3668 2854 3736; x_wconf 84' lang='grc' dir='ltr'><strong>λόγος,</strong></span> <span class='ocrx_word' id='word_1_851' title='bbox 2890 3668 3053 3722; x_wconf 75' lang='grc' dir='ltr'><strong>ἄκουε</strong></span> <span class='ocrx_word' id='word_1_852' title='bbox 3084 3667 3177 3721; x_wconf 90' lang='grc' dir='ltr'><strong>τοῦ</strong></span> <span class='ocrx_word' id='word_1_853' title='bbox 3206 3669 3424 3739; x_wconf 81' lang='grc' dir='ltr'><strong>Κυρίου</strong></span> <span class='ocrx_word' id='word_1_854' title='bbox 3463 3671 3561 3738; x_wconf 71' lang='grc' dir='ltr'><strong>τὴν</strong></span> <span class='ocrx_word' id='word_1_855' title='bbox 3583 3673 3642 3721; x_wconf 83' lang='grc' dir='ltr'><strong>εξ-</strong></span> 
     </span>
    </p>
   </div>
   <div class='ocr_carea' id='block_1_109' title="bbox 2061 3739 3640 3823">
    <p class='ocr_par' dir='ltr' id='par_1_109' title="bbox 2061 3739 3640 3823">
     <span class='ocr_line' id='line_1_109' title="bbox 2061 3739 3640 3823; baseline 0.002 -21"><span class='ocrx_word' id='word_1_856' title='bbox 2061 3750 2194 3803; x_wconf 83' lang='grc' dir='ltr'><strong>κόνα</strong></span> <span class='ocrx_word' id='word_1_857' title='bbox 2236 3750 2332 3822; x_wconf 76' lang='grc' dir='ltr'><strong>τὴν</strong></span> <span class='ocrx_word' id='word_1_858' title='bbox 2363 3752 2598 3822; x_wconf 87' lang='grc' dir='ltr'><strong>ἀρχαίαν</strong></span> <span class='ocrx_word' id='word_1_859' title='bbox 2630 3753 2845 3823; x_wconf 83' lang='grc' dir='ltr'><strong>ἐκείνην</strong></span> <span class='ocrx_word' id='word_1_860' title='bbox 2880 3752 3242 3822; x_wconf 81' lang='grc' dir='ltr'><strong>βεϐαιοῦντος,</strong></span> <span class='ocrx_word' id='word_1_861' title='bbox 3273 3754 3371 3806; x_wconf 73' lang='grc' dir='ltr'><strong>καὶ</strong></span> <span class='ocrx_word' id='word_1_862' title='bbox 3423 3739 3508 3818; x_wconf 75' lang='grc' dir='ltr'><strong>εἰς</strong></span> <span class='ocrx_word' id='word_1_863' title='bbox 3535 3757 3640 3807; x_wconf 73' lang='grc' dir='ltr'><strong>ἑαυ-</strong></span> 
     </span>
    </p>
   </div>
   <div class='ocr_carea' id='block_1_110' title="bbox 2060 3833 3638 3908">
    <p class='ocr_par' dir='ltr' id='par_1_110' title="bbox 2060 3833 3638 3908">
     <span class='ocr_line' id='line_1_110' title="bbox 2060 3833 3638 3908; baseline 0 -22"><span class='ocrx_word' id='word_1_864' title='bbox 2060 3833 2150 3886; x_wconf 71' lang='grc' dir='ltr'><strong>τὸν</strong></span> <span class='ocrx_word' id='word_1_865' title='bbox 2204 3835 2699 3905; x_wconf 82' lang='grc' dir='ltr'><strong>ἀναλαμϐάνοντος.</strong></span> <span class='ocrx_word' id='word_1_866' title='bbox 2758 3836 3057 3906; x_wconf 77' lang='grc' dir='ltr'><strong>Νικοδήμῳ</strong></span> <span class='ocrx_word' id='word_1_867' title='bbox 3103 3837 3210 3908; x_wconf 85' lang='grc' dir='ltr'><strong>γάρ</strong></span> <span class='ocrx_word' id='word_1_868' title='bbox 3230 3853 3337 3890; x_wconf 88' lang='grc' dir='ltr'><strong>τινι</strong></span> <span class='ocrx_word' id='word_1_869' title='bbox 3389 3838 3638 3891; x_wconf 70' lang='grc' dir='ltr'><strong>Ἰουδαίων</strong></span> 
     </span>
    </p>
   </div>
   <div class='ocr_carea' id='block_1_111' title="bbox 2059 3916 3638 3991">
    <p class='ocr_par' dir='ltr' id='par_1_111' title="bbox 2059 3916 3638 3991">
     <span class='ocr_line' id='line_1_111' title="bbox 2059 3916 3638 3991; baseline 0 -21"><span class='ocrx_word' id='word_1_870' title='bbox 2059 3916 2281 3989; x_wconf 81' lang='grc' dir='ltr'><strong>ἄρχοντι</strong></span> <span class='ocrx_word' id='word_1_871' title='bbox 2329 3919 2732 3991; x_wconf 86' lang='grc' dir='ltr'><strong>διαλεγόμενος,</strong></span> <span class='ocrx_word' id='word_1_872' title='bbox 2759 3920 2834 3984; x_wconf 82' lang='grc' dir='ltr'><strong>ὡς</strong></span> <span class='ocrx_word' id='word_1_873' title='bbox 2889 3920 3195 3990; x_wconf 79' lang='grc' dir='ltr'><strong>διδασκάλῳ</strong></span> <span class='ocrx_word' id='word_1_874' title='bbox 3239 3921 3332 3974; x_wconf 86' lang='grc' dir='ltr'><strong>τοῦ</strong></span> <span class='ocrx_word' id='word_1_875' title='bbox 3390 3921 3523 3974; x_wconf 67' lang='grc' dir='ltr'><strong>λλοῦ</strong></span> <span class='ocrx_word' id='word_1_876' title='bbox 3561 3922 3638 3972; x_wconf 74' lang='lat' dir='ltr'><strong>zx‘.</strong></span> 
     </span>
    </p>
   </div>
   <div class='ocr_carea' id='block_1_112' title="bbox 2061 4001 3635 4076">
    <p class='ocr_par' dir='ltr' id='par_1_112' title="bbox 2061 4001 3635 4076">
     <span class='ocr_line' id='line_1_112' title="bbox 2061 4001 3635 4076; baseline 0.002 -24"><span class='ocrx_word' id='word_1_877' title='bbox 2061 4001 2300 4054; x_wconf 85' lang='grc' dir='ltr'><strong>συνιέναι</strong></span> <span class='ocrx_word' id='word_1_878' title='bbox 2338 4002 2622 4074; x_wconf 84' lang='grc' dir='ltr'><strong>δυναμένῳ</strong></span> <span class='ocrx_word' id='word_1_879' title='bbox 2638 4005 2736 4074; x_wconf 78' lang='grc' dir='ltr'><strong>τῆς</strong></span> <span class='ocrx_word' id='word_1_880' title='bbox 2753 4005 3064 4075; x_wconf 79' lang='grc' dir='ltr'><strong>οἰκονομίας</strong></span> <span class='ocrx_word' id='word_1_881' title='bbox 3095 4004 3192 4076; x_wconf 76' lang='grc' dir='ltr'><strong>τὴν</strong></span> <span class='ocrx_word' id='word_1_882' title='bbox 3219 4003 3481 4076; x_wconf 84' lang='grc' dir='ltr'><strong>θεωρίαν,</strong></span> <span class='ocrx_word' id='word_1_883' title='bbox 3501 4007 3635 4074; x_wconf 64' lang='grc' dir='ltr'><strong>φησί·</strong></span> 
     </span>
    </p>
   </div>
   <div class='ocr_carea' id='block_1_113' title="bbox 2056 4084 3634 4157">
    <p class='ocr_par' dir='ltr' id='par_1_113' title="bbox 2056 4084 3634 4157">
     <span class='ocr_line' id='line_1_113' title="bbox 2056 4084 3634 4157; baseline 0.003 -21"><span class='ocrx_word' id='word_1_884' title='bbox 2056 4084 2168 4137; x_wconf 81' lang='grc' dir='ltr'><strong>Καὶ</strong></span> <span class='ocrx_word' id='word_1_885' title='bbox 2193 4085 2382 4153; x_wconf 77' lang='grc' dir='ltr'><strong>καθὼς</strong></span> <span class='ocrx_word' id='word_1_886' title='bbox 2415 4086 2678 4155; x_wconf 64' lang='grc' dir='ltr'><strong>Μωυσῆς</strong></span> <span class='ocrx_word' id='word_1_887' title='bbox 2714 4088 2924 4156; x_wconf 70' lang='grc' dir='ltr'><strong>ὕψωσε</strong></span> <span class='ocrx_word' id='word_1_888' title='bbox 2947 4087 3054 4140; x_wconf 75' lang='grc' dir='ltr'><strong>τὸν</strong></span> <span class='ocrx_word' id='word_1_889' title='bbox 3085 4087 3222 4154; x_wconf 62' lang='grc' dir='ltr'><strong>ὅρη·</strong></span> <span class='ocrx_word' id='word_1_890' title='bbox 3244 4088 3314 4140; x_wconf 73' lang='grc' dir='ltr'><strong>ἐν</strong></span> <span class='ocrx_word' id='word_1_891' title='bbox 3338 4087 3417 4156; x_wconf 76' lang='grc' dir='ltr'><strong>τῇ</strong></span> <span class='ocrx_word' id='word_1_892' title='bbox 3440 4090 3634 4157; x_wconf 69' lang='grc' dir='ltr'><strong>ἐρήμῳ,</strong></span> 
     </span>
    </p>
   </div>
   <div class='ocr_carea' id='block_1_114' title="bbox 2057 4168 3636 4239">
    <p class='ocr_par' dir='ltr' id='par_1_114' title="bbox 2057 4168 3636 4239">
     <span class='ocr_line' id='line_1_114' title="bbox 2057 4168 3636 4239; baseline -0.001 -18"><span class='ocrx_word' id='word_1_893' title='bbox 2057 4168 2210 4222; x_wconf 85' lang='grc' dir='ltr'><strong>οὕτω</strong></span> <span class='ocrx_word' id='word_1_894' title='bbox 2247 4169 2338 4223; x_wconf 84' lang='grc' dir='ltr'><strong>δεῖ</strong></span> <span class='ocrx_word' id='word_1_895' title='bbox 2371 4169 2684 4239; x_wconf 72' lang='grc' dir='ltr'><strong>ὑψωθῆναι</strong></span> <span class='ocrx_word' id='word_1_896' title='bbox 2718 4172 2822 4224; x_wconf 82' lang='grc' dir='ltr'><strong>τὸν</strong></span> <span class='ocrx_word' id='word_1_897' title='bbox 2865 4169 3002 4223; x_wconf 82' lang='grc' dir='ltr'><strong>Υιὸν</strong></span> <span class='ocrx_word' id='word_1_898' title='bbox 3033 4171 3140 4225; x_wconf 77' lang='grc' dir='ltr'><strong>τοῦ</strong></span> <span class='ocrx_word' id='word_1_899' title='bbox 3168 4172 3515 4238; x_wconf 72' lang='grc' dir='ltr'><strong>ἀνθρώπου.</strong></span> <span class='ocrx_word' id='word_1_900' title='bbox 3553 4174 3636 4222; x_wconf 76' lang='grc' dir='ltr'><strong>ἵνα</strong></span> 
     </span>
    </p>
   </div>
   <div class='ocr_carea' id='block_1_115' title="bbox 2055 4249 3638 4322">
    <p class='ocr_par' dir='ltr' id='par_1_115' title="bbox 2055 4249 3638 4322">
     <span class='ocr_line' id='line_1_115' title="bbox 2055 4249 3638 4322; baseline 0.003 -18"><span class='ocrx_word' id='word_1_901' title='bbox 2055 4249 2176 4317; x_wconf 79' lang='grc' dir='ltr'><strong>πᾶς</strong></span> <span class='ocrx_word' id='word_1_902' title='bbox 2209 4254 2242 4306; x_wconf 83' lang='grc' dir='ltr'><em>ὁ</em></span> <span class='ocrx_word' id='word_1_903' title='bbox 2270 4253 2572 4307; x_wconf 73' lang='grc' dir='ltr'><strong>πιστεύων</strong></span> <span class='ocrx_word' id='word_1_904' title='bbox 2593 4257 2680 4320; x_wconf 82' lang='grc' dir='ltr'><strong>είς</strong></span> <span class='ocrx_word' id='word_1_905' title='bbox 2705 4253 2986 4322; x_wconf 73' lang='grc' dir='ltr'><strong>αὐτὸνμὴ</strong></span> <span class='ocrx_word' id='word_1_906' title='bbox 3019 4254 3332 4320; x_wconf 73' lang='grc' dir='ltr'><strong>ἀπόληται,</strong></span> <span class='ocrx_word' id='word_1_907' title='bbox 3376 4257 3638 4322; x_wconf 67' lang='grc' dir='ltr'><strong>ἀλλ’ἔχῃ</strong></span> 
     </span>
    </p>
   </div>
   <div class='ocr_carea' id='block_1_116' title="bbox 2055 4331 3640 4409">
    <p class='ocr_par' dir='ltr' id='par_1_116' title="bbox 2055 4331 3640 4409">
     <span class='ocr_line' id='line_1_116' title="bbox 2055 4331 3640 4409; baseline 0.001 -23"><span class='ocrx_word' id='word_1_908' title='bbox 2055 4331 2208 4402; x_wconf 79' lang='grc' dir='ltr'><strong>ζωὴν</strong></span> <span class='ocrx_word' id='word_1_909' title='bbox 2225 4335 2484 4390; x_wconf 84' lang='grc' dir='ltr'><strong>αίὼνιον.</strong></span> <span class='ocrx_word' id='word_1_910' title='bbox 2511 4338 2643 4391; x_wconf 82' lang='grc' dir='ltr'><strong>Εἰπὲ</strong></span> <span class='ocrx_word' id='word_1_911' title='bbox 2664 4333 2776 4400; x_wconf 85' lang='grc' dir='ltr'><strong>οῦν,</strong></span> <span class='ocrx_word' id='word_1_912' title='bbox 2800 4331 2844 4390; x_wconf 83' lang='grc' dir='ltr'><strong>ὧ</strong></span> <span class='ocrx_word' id='word_1_913' title='bbox 2866 4336 3152 4408; x_wconf 87' lang='grc' dir='ltr'><strong>ἀναίσθητε</strong></span> <span class='ocrx_word' id='word_1_914' title='bbox 3183 4338 3429 4402; x_wconf 81' lang='grc' dir='ltr'><strong>’1ουδαίε,</strong></span> <span class='ocrx_word' id='word_1_915' title='bbox 3453 4341 3512 4392; x_wconf 84' lang='grc' dir='ltr'><strong>οὐ</strong></span> <span class='ocrx_word' id='word_1_916' title='bbox 3533 4339 3640 4409; x_wconf 77' lang='grc' dir='ltr'><strong>χαλ·</strong></span> 
     </span>
    </p>
   </div>
   <div class='ocr_carea' id='block_1_117' title="bbox 2055 4415 3634 4493">
    <p class='ocr_par' dir='ltr' id='par_1_117' title="bbox 2055 4415 3634 4493">
     <span class='ocr_line' id='line_1_117' title="bbox 2055 4415 3634 4493; baseline 0.002 -21"><span class='ocrx_word' id='word_1_917' title='bbox 2055 4419 2150 4482; x_wconf 86' lang='grc' dir='ltr'><strong>κὸς</strong></span> <span class='ocrx_word' id='word_1_918' title='bbox 2172 4420 2346 4473; x_wconf 84' lang='grc' dir='ltr'><strong>ἐκεῖνο</strong></span> <span class='ocrx_word' id='word_1_919' title='bbox 2370 4415 2438 4492; x_wconf 80' lang='grc' dir='ltr'><strong>ἦν</strong></span> <span class='ocrx_word' id='word_1_920' title='bbox 2458 4437 2472 4486; x_wconf 88' lang='grc'><strong>;</strong></span> <span class='ocrx_word' id='word_1_921' title='bbox 2495 4421 2684 4493; x_wconf 88' lang='grc' dir='ltr'><strong>Νεκρά</strong></span> <span class='ocrx_word' id='word_1_922' title='bbox 2703 4421 2802 4492; x_wconf 80' lang='grc' dir='ltr'><strong>ῦλη</strong></span> <span class='ocrx_word' id='word_1_923' title='bbox 2826 4421 3046 4493; x_wconf 84' lang='grc' dir='ltr'><strong>νικῆσαι</strong></span> <span class='ocrx_word' id='word_1_924' title='bbox 3069 4421 3294 4475; x_wconf 90' lang='grc' dir='ltr'><strong>θάνατον</strong></span> <span class='ocrx_word' id='word_1_925' title='bbox 3315 4423 3578 4493; x_wconf 76' lang='grc' dir='ltr'><strong>ἰσχύουσα</strong></span> <span class='ocrx_word' id='word_1_926' title='bbox 3594 4420 3634 4482; x_wconf 77' lang='grc' dir='ltr'><strong>δ,</strong></span> 
     </span>
    </p>
   </div>
   <div class='ocr_carea' id='block_1_118' title="bbox 2053 4501 3635 4577">
    <p class='ocr_par' dir='ltr' id='par_1_118' title="bbox 2053 4501 3635 4577">
     <span class='ocr_line' id='line_1_118' title="bbox 2053 4501 3635 4577; baseline 0.002 -23"><span class='ocrx_word' id='word_1_927' title='bbox 2053 4501 2222 4555; x_wconf 84' lang='grc' dir='ltr'><strong>τύπον</strong></span> <span class='ocrx_word' id='word_1_928' title='bbox 2241 4501 2438 4574; x_wconf 80' lang='grc' dir='ltr'><strong>ἔχουσα</strong></span> <span class='ocrx_word' id='word_1_929' title='bbox 2460 4504 2715 4575; x_wconf 84' lang='grc' dir='ltr'><strong>σταυροῦ·</strong></span> <span class='ocrx_word' id='word_1_930' title='bbox 2741 4506 2832 4557; x_wconf 76' lang='grc' dir='ltr'><strong>καὶ</strong></span> <span class='ocrx_word' id='word_1_931' title='bbox 2851 4505 2988 4577; x_wconf 77' lang='grc' dir='ltr'><strong>αὐτὴ</strong></span> <span class='ocrx_word' id='word_1_932' title='bbox 3004 4507 3036 4576; x_wconf 78' lang='grc' dir='ltr'><strong>ἡ</strong></span> <span class='ocrx_word' id='word_1_933' title='bbox 3054 4505 3277 4577; x_wconf 74' lang='grc' dir='ltr'><strong>ἀλήθεια</strong></span> <span class='ocrx_word' id='word_1_934' title='bbox 3292 4506 3390 4559; x_wconf 86' lang='grc' dir='ltr'><strong>τοῦ</strong></span> <span class='ocrx_word' id='word_1_935' title='bbox 3417 4507 3635 4577; x_wconf 60' lang='lat' dir='ltr'><strong>strange-3</strong></span> 
     </span>
    </p>
   </div>
   <div class='ocr_carea' id='block_1_119' title="bbox 2051 4586 3636 4662">
    <p class='ocr_par' dir='ltr' id='par_1_119' title="bbox 2051 4586 3636 4662">
     <span class='ocr_line' id='line_1_119' title="bbox 2051 4586 3636 4662; baseline 0.003 -23"><span class='ocrx_word' id='word_1_936' title='bbox 2051 4586 2114 4639; x_wconf 92' lang='grc' dir='ltr'><strong>οὐ</strong></span> <span class='ocrx_word' id='word_1_937' title='bbox 2146 4586 2492 4655; x_wconf 74' lang='grc' dir='ltr'><strong>πιστεύεταις</strong></span> <span class='ocrx_word' id='word_1_938' title='bbox 2531 4590 2626 4642; x_wconf 79' lang='grc' dir='ltr'><strong>καὶ</strong></span> <span class='ocrx_word' id='word_1_939' title='bbox 2659 4587 2830 4642; x_wconf 86' lang='grc' dir='ltr'><strong>ταῦτα</strong></span> <span class='ocrx_word' id='word_1_940' title='bbox 2867 4588 3004 4659; x_wconf 87' lang='grc' dir='ltr'><strong>μετά</strong></span> <span class='ocrx_word' id='word_1_941' title='bbox 3047 4589 3145 4660; x_wconf 79' lang='grc' dir='ltr'><strong>τὴν</strong></span> <span class='ocrx_word' id='word_1_942' title='bbox 3177 4591 3524 4662; x_wconf 72' lang='grc' dir='ltr'><strong>ἐπιστροφὴν</strong></span> <span class='ocrx_word' id='word_1_943' title='bbox 3553 4591 3636 4660; x_wconf 72' lang='grc' dir='ltr'><strong>τῆς</strong></span> 
     </span>
    </p>
   </div>
   <div class='ocr_carea' id='block_1_120' title="bbox 2051 4670 3636 4746">
    <p class='ocr_par' dir='ltr' id='par_1_120' title="bbox 2051 4670 3636 4746">
     <span class='ocr_line' id='line_1_120' title="bbox 2051 4670 3636 4746; baseline 0.004 -24"><span class='ocrx_word' id='word_1_944' title='bbox 2051 4670 2199 4723; x_wconf 88' lang='grc' dir='ltr'><strong>οίκου</strong></span> <span class='ocrx_word' id='word_1_945' title='bbox 2207 4671 2393 4742; x_wconf 86' lang='grc' dir='ltr'><strong>μένης,</strong></span> <span class='ocrx_word' id='word_1_946' title='bbox 2404 4671 2541 4742; x_wconf 85' lang='grc' dir='ltr'><strong>μετά</strong></span> <span class='ocrx_word' id='word_1_947' title='bbox 2555 4671 2652 4742; x_wconf 78' lang='grc' dir='ltr'><strong>τὴν</strong></span> <span class='ocrx_word' id='word_1_948' title='bbox 2667 4670 2958 4742; x_wconf 74' lang='grc' dir='ltr'><strong>λάμψασαν</strong></span> <span class='ocrx_word' id='word_1_949' title='bbox 2973 4673 3031 4724; x_wconf 90' lang='grc' dir='ltr'><strong>ἐν</strong></span> <span class='ocrx_word' id='word_1_950' title='bbox 3058 4673 3218 4726; x_wconf 78' lang='grc' dir='ltr'><strong>παντὶ</strong></span> <span class='ocrx_word' id='word_1_951' title='bbox 3239 4673 3316 4742; x_wconf 81' lang='grc' dir='ltr'><strong>τῷ</strong></span> <span class='ocrx_word' id='word_1_952' title='bbox 3334 4674 3536 4746; x_wconf 84' lang='grc' dir='ltr'><strong>κόσμῳ</strong></span> <span class='ocrx_word' id='word_1_953' title='bbox 3553 4675 3636 4742; x_wconf 70' lang='grc' dir='ltr'><strong>τῆς</strong></span> 
     </span>
    </p>
   </div>
   <div class='ocr_carea' id='block_1_121' title="bbox 2051 4753 3633 4831">
    <p class='ocr_par' dir='ltr' id='par_1_121' title="bbox 2051 4753 3633 4831">
     <span class='ocr_line' id='line_1_121' title="bbox 2051 4753 3633 4831; baseline 0.003 -26"><span class='ocrx_word' id='word_1_954' title='bbox 2051 4753 2334 4817; x_wconf 87' lang='grc' dir='ltr'><strong>εὐσεϐείας</strong></span> <span class='ocrx_word' id='word_1_955' title='bbox 2350 4755 2702 4818; x_wconf 84' lang='grc' dir='ltr'><strong>κατάστασιν,</strong></span> <span class='ocrx_word' id='word_1_956' title='bbox 2721 4756 2859 4826; x_wconf 87' lang='grc' dir='ltr'><strong>μετά</strong></span> <span class='ocrx_word' id='word_1_957' title='bbox 2871 4755 2968 4828; x_wconf 76' lang='grc' dir='ltr'><strong>τὴν</strong></span> <span class='ocrx_word' id='word_1_958' title='bbox 2981 4756 3160 4810; x_wconf 89' lang='grc' dir='ltr'><strong>πίστιν</strong></span> <span class='ocrx_word' id='word_1_959' title='bbox 3174 4756 3282 4808; x_wconf 88' lang='grc' dir='ltr'><strong>τῶν</strong></span> <span class='ocrx_word' id='word_1_960' title='bbox 3297 4756 3499 4825; x_wconf 81' lang='grc' dir='ltr'><strong>ἐθνῶν,</strong></span> <span class='ocrx_word' id='word_1_961' title='bbox 3517 4760 3633 4831; x_wconf 64' lang='grc' dir='ltr'><strong>μετὰ</strong></span> 
     </span>
    </p>
   </div>
   <div class='ocr_carea' id='block_1_122' title="bbox 2050 4831 3630 4908">
    <p class='ocr_par' dir='ltr' id='par_1_122' title="bbox 2050 4831 3630 4908">
     <span class='ocr_line' id='line_1_122' title="bbox 2050 4831 3630 4908; baseline 0.001 -23"><span class='ocrx_word' id='word_1_962' title='bbox 2050 4831 2148 4904; x_wconf 82' lang='grc' dir='ltr'><strong>τὴν</strong></span> <span class='ocrx_word' id='word_1_963' title='bbox 2165 4833 2381 4905; x_wconf 74' lang='grc' dir='ltr'><strong>ἔγερσιν</strong></span> <span class='ocrx_word' id='word_1_964' title='bbox 2401 4833 2507 4888; x_wconf 88' lang='grc' dir='ltr'><strong>τῶν</strong></span> <span class='ocrx_word' id='word_1_965' title='bbox 2524 4834 2879 4906; x_wconf 86' lang='grc' dir='ltr'><strong>Ἐκκλησιῶν,</strong></span> <span class='ocrx_word' id='word_1_966' title='bbox 2898 4835 3034 4906; x_wconf 89' lang='grc' dir='ltr'><strong>μετά</strong></span> <span class='ocrx_word' id='word_1_967' title='bbox 3047 4833 3294 4890; x_wconf 89' lang='grc' dir='ltr'><strong>τοσοῦτον</strong></span> <span class='ocrx_word' id='word_1_968' title='bbox 3308 4838 3630 4908; x_wconf 72' lang='grc' dir='ltr'><strong>ἀγωνισμδν,</strong></span> 
     </span>
    </p>
   </div>
   <div class='ocr_carea' id='block_1_123' title="bbox 2054 4911 3632 4988">
    <p class='ocr_par' dir='ltr' id='par_1_123' title="bbox 2054 4911 3632 4988">
     <span class='ocr_line' id='line_1_123' title="bbox 2054 4911 3632 4988; baseline 0.002 -24"><span class='ocrx_word' id='word_1_969' title='bbox 2054 4911 2191 4979; x_wconf 88' lang='grc' dir='ltr'><strong>μετά</strong></span> <span class='ocrx_word' id='word_1_970' title='bbox 2207 4913 2473 4986; x_wconf 85' lang='grc' dir='ltr'><strong>τοσαύτην</strong></span> <span class='ocrx_word' id='word_1_971' title='bbox 2500 4915 2640 4985; x_wconf 81' lang='grc' dir='ltr'><strong>ἀσκη</strong></span> <span class='ocrx_word' id='word_1_972' title='bbox 2650 4931 2754 4979; x_wconf 91' lang='grc' dir='ltr'><strong>σιν,</strong></span> <span class='ocrx_word' id='word_1_973' title='bbox 2791 4915 2929 4986; x_wconf 88' lang='grc' dir='ltr'><strong>μετά</strong></span> <span class='ocrx_word' id='word_1_974' title='bbox 2950 4917 3213 4987; x_wconf 89' lang='grc' dir='ltr'><strong>τοσαύτην</strong></span> <span class='ocrx_word' id='word_1_975' title='bbox 3234 4917 3539 4988; x_wconf 82' lang='grc' dir='ltr'><strong>ἀγγελικῆς</strong></span> <span class='ocrx_word' id='word_1_976' title='bbox 3561 4933 3632 4969; x_wconf 76' lang='grc' dir='ltr'><strong>πο-</strong></span> 
     </span>
    </p>
   </div>
   <div class='ocr_carea' id='block_1_124' title="bbox 2050 4992 3661 5068">
    <p class='ocr_par' dir='ltr' id='par_1_124' title="bbox 2050 4992 3661 5068">
     <span class='ocr_line' id='line_1_124' title="bbox 2050 4992 3661 5068; baseline 0.004 -23"><span class='ocrx_word' id='word_1_977' title='bbox 2050 4992 2251 5056; x_wconf 89' lang='grc' dir='ltr'><strong>λιτείας</strong></span> <span class='ocrx_word' id='word_1_978' title='bbox 2270 4994 2502 5048; x_wconf 84' lang='grc' dir='ltr'><strong>ἐπίδοσιν</strong></span> <span class='ocrx_word' id='word_1_979' title='bbox 2519 5011 2533 5061; x_wconf 92' lang='grc'><strong>;</strong></span> <span class='ocrx_word' id='word_1_980' title='bbox 2573 4995 2732 5048; x_wconf 79' lang='grc' dir='ltr'><strong>Ἀλλά</strong></span> <span class='ocrx_word' id='word_1_981' title='bbox 2752 4995 2859 5068; x_wconf 82' lang='grc' dir='ltr'><strong>γὰρ</strong></span> <span class='ocrx_word' id='word_1_982' title='bbox 2879 4995 3250 5049; x_wconf 81' lang='grc' dir='ltr'><strong>ἀποδέδεικται</strong></span> <span class='ocrx_word' id='word_1_983' title='bbox 3269 4996 3484 5066; x_wconf 75' lang='grc' dir='ltr'><strong>σαφῶς,</strong></span> <span class='ocrx_word' id='word_1_984' title='bbox 3503 4999 3628 5059; x_wconf 77' lang='grc' dir='ltr'><strong>ὅπως</strong></span> <span class='ocrx_word' id='word_1_985' title='bbox 3659 4997 3661 5001; x_wconf 79' lang='grc'><strong>’</strong></span> 
     </span>
    </p>
   </div>
   <div class='ocr_carea' id='block_1_125' title="bbox 2049 5073 3659 5146">
    <p class='ocr_par' dir='ltr' id='par_1_125' title="bbox 2049 5073 3659 5146">
     <span class='ocr_line' id='line_1_125' title="bbox 2049 5073 3659 5146; baseline 0.001 -20"><span class='ocrx_word' id='word_1_986' title='bbox 2049 5073 2474 5128; x_wconf 89' lang='grc' dir='ltr'><strong>ἀποκέκλεισται</strong></span> <span class='ocrx_word' id='word_1_987' title='bbox 2507 5076 2622 5138; x_wconf 84' lang='grc' dir='ltr'><strong>τοῖς</strong></span> <span class='ocrx_word' id='word_1_988' title='bbox 2651 5076 2865 5146; x_wconf 76' lang='grc' dir='ltr'><strong>ἐχθροῖς</strong></span> <span class='ocrx_word' id='word_1_989' title='bbox 2891 5075 2986 5128; x_wconf 87' lang='grc' dir='ltr'><strong>τοῦ</strong></span> <span class='ocrx_word' id='word_1_990' title='bbox 3008 5075 3243 5144; x_wconf 89' lang='grc' dir='ltr'><strong>σταυροῦ</strong></span> <span class='ocrx_word' id='word_1_991' title='bbox 3267 5075 3327 5128; x_wconf 79' lang='grc' dir='ltr'><strong>τὸ</strong></span> <span class='ocrx_word' id='word_1_992' title='bbox 3359 5077 3626 5142; x_wconf 75' lang='grc' dir='ltr'><strong>ὀνειδίζειν</strong></span> <span class='ocrx_word' id='word_1_993' title='bbox 3657 5099 3659 5128; x_wconf 94' lang='lat' dir='ltr'>i</span> 
     </span>
    </p>
   </div>
   <div class='ocr_carea' id='block_1_126' title="bbox 2051 5153 3659 5227">
    <p class='ocr_par' dir='ltr' id='par_1_126' title="bbox 2051 5153 3659 5227">
     <span class='ocr_line' id='line_1_126' title="bbox 2051 5153 3659 5227; baseline -0.005 -20"><span class='ocrx_word' id='word_1_994' title='bbox 2051 5153 2183 5223; x_wconf 79' lang='grc' dir='ltr'><strong>ἡμῖν</strong></span> <span class='ocrx_word' id='word_1_995' title='bbox 2212 5154 2272 5206; x_wconf 84' lang='grc' dir='ltr'><strong>τὸ</strong></span> <span class='ocrx_word' id='word_1_996' title='bbox 2295 5155 2483 5226; x_wconf 75' lang='grc' dir='ltr'><strong>σχῆμα</strong></span> <span class='ocrx_word' id='word_1_997' title='bbox 2496 5154 2590 5208; x_wconf 89' lang='grc' dir='ltr'><strong>τοῦ</strong></span> <span class='ocrx_word' id='word_1_998' title='bbox 2613 5155 3045 5227; x_wconf 84' lang='grc' dir='ltr'><strong>ἐπικαταράτου.</strong></span> <span class='ocrx_word' id='word_1_999' title='bbox 3077 5156 3186 5208; x_wconf 78' lang='grc' dir='ltr'><strong>Καὶ</strong></span> <span class='ocrx_word' id='word_1_1000' title='bbox 3215 5155 3350 5226; x_wconf 77' lang='grc' dir='ltr'><strong>πρὸς</strong></span> <span class='ocrx_word' id='word_1_1001' title='bbox 3375 5158 3482 5226; x_wconf 75' lang='grc' dir='ltr'><strong>μὲν</strong></span> <span class='ocrx_word' id='word_1_1002' title='bbox 3509 5157 3627 5210; x_wconf 58' lang='grc' dir='ltr'><strong>ἐκεῖ.</strong></span> <span class='ocrx_word' id='word_1_1003' title='bbox 3657 5155 3659 5182; x_wconf 75' lang='grc' dir='ltr'><strong>ε</strong></span> 
     </span>
    </p>
   </div>
   <div class='ocr_carea' id='block_1_127' title="bbox 2049 5232 3620 5306">
    <p class='ocr_par' dir='ltr' id='par_1_127' title="bbox 2049 5232 3620 5306">
     <span class='ocr_line' id='line_1_127' title="bbox 2049 5232 3620 5306; baseline 0.003 -20"><span class='ocrx_word' id='word_1_1004' title='bbox 2049 5249 2174 5296; x_wconf 91' lang='grc' dir='ltr'><strong>νους</strong></span> <span class='ocrx_word' id='word_1_1005' title='bbox 2192 5232 2385 5287; x_wconf 90' lang='grc' dir='ltr'><strong>ταῦτα·</strong></span> <span class='ocrx_word' id='word_1_1006' title='bbox 2449 5237 2611 5306; x_wconf 82' lang='grc' dir='ltr'><strong>ἡμεῖς</strong></span> <span class='ocrx_word' id='word_1_1007' title='bbox 2640 5235 2698 5288; x_wconf 90' lang='grc' dir='ltr'><strong>δέ</strong></span> <span class='ocrx_word' id='word_1_1008' title='bbox 2726 5237 2776 5288; x_wconf 79' lang='grc' dir='ltr'><strong>οί</strong></span> <span class='ocrx_word' id='word_1_1009' title='bbox 2805 5235 2987 5290; x_wconf 74' lang='grc' dir='ltr'><strong>πιστοί⁵</strong></span> <span class='ocrx_word' id='word_1_1010' title='bbox 3035 5237 3165 5306; x_wconf 79' lang='grc' dir='ltr'><strong>παρ’</strong></span> <span class='ocrx_word' id='word_1_1011' title='bbox 3197 5235 3416 5299; x_wconf 76' lang='grc' dir='ltr'><strong>ἑαυτοῖς</strong></span> <span class='ocrx_word' id='word_1_1012' title='bbox 3455 5238 3620 5304; x_wconf 73' lang='grc' dir='ltr'><strong>ἐξετάι</strong></span> 
     </span>
    </p>
   </div>
   <div class='ocr_carea' id='block_1_128' title="bbox 2052 5314 3657 5388">
    <p class='ocr_par' dir='ltr' id='par_1_128' title="bbox 2052 5314 3657 5388">
     <span class='ocr_line' id='line_1_128' title="bbox 2052 5314 3657 5388; baseline 0.002 -22"><span class='ocrx_word' id='word_1_1013' title='bbox 2052 5329 2254 5383; x_wconf 89' lang='grc' dir='ltr'><strong>σωμεν,</strong></span> <span class='ocrx_word' id='word_1_1014' title='bbox 2272 5315 2366 5367; x_wconf 69' lang='grc' dir='ltr'><strong>καὶ</strong></span> <span class='ocrx_word' id='word_1_1015' title='bbox 2387 5314 2768 5386; x_wconf 87' lang='grc' dir='ltr'><strong>βασανίσωμεν</strong></span> <span class='ocrx_word' id='word_1_1016' title='bbox 2789 5314 2899 5368; x_wconf 89' lang='grc' dir='ltr'><strong>τῶν</strong></span> <span class='ocrx_word' id='word_1_1017' title='bbox 2924 5315 3184 5386; x_wconf 81' lang='grc' dir='ltr'><strong>ῥημάτων</strong></span> <span class='ocrx_word' id='word_1_1018' title='bbox 3203 5314 3302 5388; x_wconf 78' lang='grc' dir='ltr'><strong>τὴν</strong></span> <span class='ocrx_word' id='word_1_1019' title='bbox 3323 5317 3616 5388; x_wconf 81' lang='grc' dir='ltr'><strong>ἀκρίϐειαν.</strong></span> <span class='ocrx_word' id='word_1_1020' title='bbox 3655 5365 3657 5376; x_wconf 90' lang='grc'><strong>,</strong></span> 
     </span>
    </p>
   </div>
   <div class='ocr_carea' id='block_1_129' title="bbox 2049 5391 3618 5464">
    <p class='ocr_par' dir='ltr' id='par_1_129' title="bbox 2049 5391 3618 5464">
     <span class='ocr_line' id='line_1_129' title="bbox 2049 5391 3618 5464; baseline 0.007 -21"><span class='ocrx_word' id='word_1_1021' title='bbox 2049 5391 2114 5444; x_wconf 86' lang='grc' dir='ltr'><strong>Τί</strong></span> <span class='ocrx_word' id='word_1_1022' title='bbox 2145 5392 2344 5461; x_wconf 86' lang='grc' dir='ltr'><strong>δήποτε</strong></span> <span class='ocrx_word' id='word_1_1023' title='bbox 2369 5392 2399 5444; x_wconf 85' lang='lat'><strong>6</strong></span> <span class='ocrx_word' id='word_1_1024' title='bbox 2417 5392 2621 5462; x_wconf 78' lang='grc' dir='ltr'><strong>Κύριος</strong></span> <span class='ocrx_word' id='word_1_1025' title='bbox 2648 5392 2746 5463; x_wconf 79' lang='grc' dir='ltr'><strong>τὴν</strong></span> <span class='ocrx_word' id='word_1_1026' title='bbox 2770 5393 2954 5446; x_wconf 83' lang='grc' dir='ltr'><strong>εἰκόνα</strong></span> <span class='ocrx_word' id='word_1_1027' title='bbox 2972 5392 3071 5462; x_wconf 84' lang='grc' dir='ltr'><strong>τῆς</strong></span> <span class='ocrx_word' id='word_1_1028' title='bbox 3086 5393 3400 5464; x_wconf 88' lang='grc' dir='ltr'><strong>οἰκονομίας</strong></span> <span class='ocrx_word' id='word_1_1029' title='bbox 3425 5397 3618 5463; x_wconf 74' lang='grc' dir='ltr'><strong>ἐκείνης</strong></span> 
     </span>
    </p>
   </div>
   <div class='ocr_carea' id='block_1_130' title="bbox 2047 5469 3618 5544">
    <p class='ocr_par' dir='ltr' id='par_1_130' title="bbox 2047 5469 3618 5544">
     <span class='ocr_line' id='line_1_130' title="bbox 2047 5469 3618 5544; baseline 0.002 -20"><span class='ocrx_word' id='word_1_1030' title='bbox 2047 5471 2108 5524; x_wconf 91' lang='grc' dir='ltr'><strong>οὐ</strong></span> <span class='ocrx_word' id='word_1_1031' title='bbox 2136 5471 2202 5524; x_wconf 83' lang='grc' dir='ltr'><strong>δι’</strong></span> <span class='ocrx_word' id='word_1_1032' title='bbox 2249 5470 2438 5540; x_wconf 89' lang='grc' dir='ltr'><strong>ἐτέρου</strong></span> <span class='ocrx_word' id='word_1_1033' title='bbox 2485 5470 2650 5534; x_wconf 79' lang='grc' dir='ltr'><strong>τινὸς,</strong></span> <span class='ocrx_word' id='word_1_1034' title='bbox 2683 5469 2819 5524; x_wconf 82' lang='grc' dir='ltr'><strong>ἀλλά</strong></span> <span class='ocrx_word' id='word_1_1035' title='bbox 2867 5471 2936 5525; x_wconf 86' lang='grc' dir='ltr'><strong>δι’</strong></span> <span class='ocrx_word' id='word_1_1036' title='bbox 2987 5471 3162 5541; x_wconf 73' lang='grc' dir='ltr'><strong>ὄφεως</strong></span> <span class='ocrx_word' id='word_1_1037' title='bbox 3195 5472 3423 5542; x_wconf 82' lang='grc' dir='ltr'><strong>ἐποίησε</strong></span> <span class='ocrx_word' id='word_1_1038' title='bbox 3449 5491 3464 5539; x_wconf 91' lang='lat'><strong>;</strong></span> <span class='ocrx_word' id='word_1_1039' title='bbox 3495 5472 3618 5544; x_wconf 74' lang='grc' dir='ltr'><strong>Πρὸς</strong></span> 
     </span>
    </p>
   </div>
   <div class='ocr_carea' id='block_1_131' title="bbox 2051 5553 3614 5625">
    <p class='ocr_par' dir='ltr' id='par_1_131' title="bbox 2051 5553 3614 5625">
     <span class='ocr_line' id='line_1_131' title="bbox 2051 5553 3614 5625; baseline -0.001 -18"><span class='ocrx_word' id='word_1_1040' title='bbox 2051 5553 2151 5625; x_wconf 81' lang='grc' dir='ltr'><strong>μὲν</strong></span> <span class='ocrx_word' id='word_1_1041' title='bbox 2180 5553 2290 5625; x_wconf 84' lang='grc' dir='ltr'><strong>γὰρ</strong></span> <span class='ocrx_word' id='word_1_1042' title='bbox 2310 5555 2437 5618; x_wconf 86' lang='grc' dir='ltr'><strong>τοὺς</strong></span> <span class='ocrx_word' id='word_1_1043' title='bbox 2492 5554 2715 5624; x_wconf 88' lang='grc' dir='ltr'><strong>ἀγῶνας</strong></span> <span class='ocrx_word' id='word_1_1044' title='bbox 2742 5554 2851 5608; x_wconf 88' lang='grc' dir='ltr'><strong>τῶν</strong></span> <span class='ocrx_word' id='word_1_1045' title='bbox 2889 5554 3145 5609; x_wconf 78' lang='grc' dir='ltr'><strong>ἐναντίων</strong></span> <span class='ocrx_word' id='word_1_1046' title='bbox 3183 5556 3369 5612; x_wconf 81' lang='grc' dir='ltr'><strong>ἰκανὸν</strong></span> <span class='ocrx_word' id='word_1_1047' title='bbox 3403 5558 3466 5611; x_wconf 80' lang='grc' dir='ltr'><strong>τὸ</strong></span> <span class='ocrx_word' id='word_1_1048' title='bbox 3505 5554 3614 5610; x_wconf 69' lang='grc' dir='ltr'><strong>ὑπά</strong></span> 
     </span>
    </p>
   </div>
   <div class='ocr_carea' id='block_1_132' title="bbox 2111 5668 3612 5733">
    <p class='ocr_par' dir='ltr' id='par_1_132' title="bbox 2111 5668 3612 5733">
     <span class='ocr_line' id='line_1_132' title="bbox 2111 5668 3612 5733; baseline 0.003 -16"><span class='ocrx_word' id='word_1_1049' title='bbox 2111 5670 2135 5699; x_wconf 71' lang='grc' dir='ltr'><strong>ε</strong></span> <span class='ocrx_word' id='word_1_1050' title='bbox 2183 5668 2473 5733; x_wconf 72' lang='lat' dir='ltr'><strong>Legendum</strong></span> <span class='ocrx_word' id='word_1_1051' title='bbox 2514 5675 2654 5733; x_wconf 72' lang='lat' dir='ltr'><strong>putat</strong></span> <span class='ocrx_word' id='word_1_1052' title='bbox 2701 5670 2884 5719; x_wconf 76' lang='lat' dir='ltr'><strong>Fronto</strong></span> <span class='ocrx_word' id='word_1_1053' title='bbox 2923 5682 3040 5733; x_wconf 82' lang='lat' dir='ltr'><strong>cum</strong></span> <span class='ocrx_word' id='word_1_1054' title='bbox 3067 5668 3257 5733; x_wconf 14' lang='lat' dir='ltr'><strong>,Savillo</strong></span> <span class='ocrx_word' id='word_1_1055' title='bbox 3278 5673 3377 5722; x_wconf 77' lang='grc' dir='ltr'><strong>ἀπὸ</strong></span> <span class='ocrx_word' id='word_1_1056' title='bbox 3406 5671 3492 5724; x_wconf 77' lang='grc' dir='ltr'><strong>τοῦ</strong></span> <span class='ocrx_word' id='word_1_1057' title='bbox 3528 5674 3612 5722; x_wconf 65' lang='grc' dir='ltr'><strong>ἐει-</strong></span> 
     </span>
    </p>
   </div>
   <div class='ocr_carea' id='block_1_133' title="bbox 2045 5732 3211 5796">
    <p class='ocr_par' dir='ltr' id='par_1_133' title="bbox 2045 5732 3211 5796">
     <span class='ocr_line' id='line_1_133' title="bbox 2045 5732 3211 5796; baseline 0.003 -17"><span class='ocrx_word' id='word_1_1058' title='bbox 2045 5732 2276 5796; x_wconf 58' lang='lat' dir='ltr'><strong>m1._Sed</strong></span> <span class='ocrx_word' id='word_1_1059' title='bbox 2302 5732 2470 5796; x_wconf 72' lang='lat' dir='ltr'><strong>lectio,</strong></span> <span class='ocrx_word' id='word_1_1060' title='bbox 2495 5732 2551 5783; x_wconf 59' lang='lat' dir='ltr'><strong>ut</strong></span> <span class='ocrx_word' id='word_1_1061' title='bbox 2573 5740 2672 5794; x_wconf 73' lang='lat' dir='ltr'><strong>est,</strong></span> <span class='ocrx_word' id='word_1_1062' title='bbox 2693 5733 2810 5782; x_wconf 77' lang='lat' dir='ltr'><strong>ferri</strong></span> <span class='ocrx_word' id='word_1_1063' title='bbox 2832 5745 2978 5796; x_wconf 76' lang='lat' dir='ltr'><strong>posse</strong></span> <span class='ocrx_word' id='word_1_1064' title='bbox 3001 5732 3211 5782; x_wconf 72' lang='lat' dir='ltr'><strong>videtur.</strong></span> 
     </span>
    </p>
   </div>
   <div class='ocr_carea' id='block_1_134' title="bbox 2110 5791 2490 5856">
    <p class='ocr_par' dir='ltr' id='par_1_134' title="bbox 2110 5791 2490 5856">
     <span class='ocr_line' id='line_1_134' title="bbox 2110 5791 2490 5856; baseline 0 -12"><span class='ocrx_word' id='word_1_1065' title='bbox 2110 5791 2139 5833; x_wconf 68' lang='grc' dir='ltr'><strong>ἀ</strong></span> <span class='ocrx_word' id='word_1_1066' title='bbox 2159 5792 2272 5845; x_wconf 75' lang='lat' dir='ltr'><strong>Sav.</strong></span> <span class='ocrx_word' id='word_1_1067' title='bbox 2295 5794 2490 5856; x_wconf 72' lang='grc' dir='ltr'><strong>ισχνσι.</strong></span> 
     </span>
    </p>
   </div>
  </div>
