3672 6268
26 249 175 305 SOI

15 380 189 425 erat
208 371 305 441 qui
330 386 555 442 corpore
576 373 902 443 solwabatur,
920 383 975 429 et
994 375 1081 445 qui
1102 375 1392 430 secundum
1415 376 1669 447 Spiritum

16 478 69 531 τ]
87 464 215 518 uod
242 466 481 519 solutum
508 476 615 520 erat
640 466 925 522 excitabat.
948 466 1078 522 Nam
1099 469 1192 532 ait,
1214 468 1409 524 Solvite
1429 469 1672 539 templum

21 557 190 623 hoc,
215 568 266 619 et
290 558 342 611 in
364 558 522 613 tribus
544 558 715 613 diebus
732 559 956 614 excitabo
972 560 1101 614 illud
1120 560 1294 633 (Joan.
1317 560 1371 615 2.
1398 560 1509 633 19).
1540 560 1671 615 Ecce

18 651 397 709 ascendimus
435 649 822 722 Jerosolyntam.
871 652 1143 708 Christum
1183 653 1515 723 sequentium
1562 669 1666 708 non

22 754 150 794 est
201 758 458 813 umquam
506 744 875 811 descendere,
915 746 1007 801 sed
1052 746 1341 802 ascendere
1386 755 1664 817 perpetuo.

22 834 328 905 Alioquin
373 852 497 891 Vero
542 838 621 891 via
666 837 976 894 Jeriebnnte
1018 839 1409 910 Jerosolytnam
1452 841 1667 896 acclivis

21 935 185 979 erat
211 968 225 987 ,
261 926 422 982 modo
462 929 697 984 sensibili
730 930 997 1000 loquemlo
1020 972 1035 994 ,
1065 938 1120 985 et
1149 930 1476 1001 intelligendi
1508 932 1667 987 modo

23 1017 253 1082 passio
284 1018 350 1071 ad
382 1034 659 1073 ascensum
686 1021 1090 1076 resurrectionis
1118 1020 1363 1076 ducebat.
1400 1021 1663 1077 Adamum

22 1110 213 1162 enim
249 1101 302 1163 in
347 1111 611 1165 infernum
642 1112 914 1181 delapsum
957 1114 1009 1166 in
1038 1113 1226 1167 cadum
1260 1113 1581 1179 revocabat,
1610 1122 1665 1168 et

24 1202 217 1255 humi
241 1204 509 1271 jacenteni
539 1205 820 1275 imaginem
851 1206 902 1259 in
924 1206 1150 1261 sublime
1170 1204 1442 1262 ellerchat.
1478 1208 1665 1260 Ascen-

19 1293 237 1348 dimus
257 1294 650 1368 Jerosolymam.
676 1298 778 1354 Ubi
803 1299 962 1363 Deus,
985 1299 1054 1355 ibi
1076 1308 1130 1354 et
1150 1299 1358 1354 virtutis
1377 1314 1656 1365 ascensus;

20 1384 150 1437 ubi
188 1386 391 1464 malitia
416 1429 430 1452 ,
462 1388 531 1442 ibi
561 1388 855 1459 iniquitatis
881 1389 1191 1445 descensus.
1242 1392 1366 1445 ldeo
1394 1392 1555 1446 David
1592 1391 1659 1446 de

18 1475 114 1530 iis
152 1478 247 1547 qui
277 1478 568 1534 secundum
592 1481 839 1535 virtutem
861 1486 1046 1537 vivunt
1071 1484 1145 1537 ait
1175 1502 1188 1538 :
1219 1501 1237 1534 ι
1273 1483 1420 1537 Beati
1448 1497 1656 1548 omnes,

16 1570 145 1637 qui
183 1568 427 1625 habitant
456 1572 506 1625 in
533 1571 691 1626 domo
721 1583 805 1627 tua
842 1591 855 1627 :
889 1574 942 1627 in
973 1574 1166 1629 smcula
1191 1575 1507 1629 srecnlorum
1541 1573 1657 1627 lau-

15 1658 271 1715 dabunt
315 1673 384 1717 te.
437 1663 631 1719 Beatus
676 1664 759 1723 vir
804 1665 955 1735 cujus
995 1675 1079 1722 est
1118 1666 1375 1721 auxilium
1415 1665 1512 1722 abs
1558 1675 1653 1723 te:

15 1754 409 1810 ascensiones
458 1764 562 1811 tua:
608 1757 661 1810 in
710 1757 875 1813 corde
918 1757 1034 1828 ejus
1072 1777 1092 1811 ι
1131 1756 1302 1830 (Psal.
1344 1758 1433 1814 85.
1479 1759 1533 1815 5.
1570 1759 1649 1829 6).

17 1844 397 1904 Ascensiones
438 1859 560 1916 tuae,
586 1850 686 1905 hoc
727 1852 952 1921 est,pize
997 1851 1103 1907 illze
1142 1860 1197 1907 et
1230 1851 1284 1907 in
1326 1852 1488 1907 altum
1530 1867 1655 1907 eve-

15 1950 153 1993 cta:
188 1942 628 1999 ratiocinationes
651 1984 664 2007 ,
697 1960 817 2014 qua:
849 1945 901 1999 in
941 1944 1169 2000 sublime
1194 1952 1359 2015 agunt
1385 1959 1480 1999 eos
1502 1985 1516 2009 ,
1561 1944 1653 2015 qui

18 2044 203 2089 recte
234 2034 306 2091 de
346 2036 459 2092 Deo
485 2037 739 2108 cogitant.
789 2037 884 2093 Est
923 2052 1051 2108 ergo
1091 2038 1457 2108 temperantiae
1485 2037 1566 2091 via
1598 2038 1651 2091 in

18 2127 288 2183 sublime
313 2128 542 2200 erigens,
577 2131 657 2185 via
679 2131 899 2199 justitize
922 2132 974 2185 in
995 2132 1159 2185 altum
1185 2130 1385 2186 ducens
1410 2148 1421 2183 :
1446 2131 1649 2185 omnis-

16 2234 174 2286 que,
210 2230 272 2273 ut
299 2221 367 2274 ita
394 2221 565 2276 dicam
585 2262 599 2285 ,
634 2224 844 2291 pietatis
872 2223 957 2278 via
987 2222 1076 2277 Dei
1104 2233 1371 2278 amantem
1400 2223 1451 2276 in
1482 2223 1646 2277 altum

16 2311 293 2376 adducit,
322 2312 388 2366 de
416 2327 521 2383 quo
546 2313 795 2368 dicebant
820 2314 1043 2385 gentiles
1076 2333 1089 2370 :
1125 2313 1321 2382 Venite,
1351 2316 1645 2385 proﬁcisca-

17 2422 161 2457 mur
208 2408 281 2459 ad
328 2419 546 2461 montem
594 2408 839 2475 Domini,
889 2420 937 2464 et
982 2409 1051 2463 ad
1096 2410 1303 2464 domum
1348 2410 1444 2464 Dei
1484 2407 1646 2464 Iacob

22 2497 243 2566 (.lliclt.
267 2499 322 2554 4.
351 2497 427 2569 2).
461 2499 554 2554 Ubi
587 2500 794 2569 pietatis
815 2500 1077 2567 doctrina,
1106 2500 1177 2556 ibi
1204 2516 1459 2556 ascensus
1485 2511 1568 2555 est
1589 2501 1641 2553 ¹;

20 2592 128 2646 ubi
167 2607 302 2647 vero
330 2593 528 2646 malitia
554 2634 570 2659 ,
601 2594 670 2648 ibi
703 2594 860 2666 plane
883 2595 1195 2654 descensus.
1242 2594 1296 2653 ld
1329 2594 1643 2654 testiﬁcatur

23 2682 229 2740 David
263 2684 521 2756 propheta
545 2684 766 2743 dicens:
794 2687 976 2743 Libera
1001 2706 1080 2743 me
1102 2706 1133 2743 a
1160 2688 1568 2743 descendentibus
1589 2689 1643 2742 in

20 2780 220 2831 lucum
246 2778 418 2848 (Psal.
435 2778 526 2835 29.
552 2779 633 2849 4);
657 2790 711 2836 et
732 2796 934 2847 rursus,
960 2781 1062 2846 Qui
1080 2781 1273 2836 exultas
1294 2797 1372 2835 me
1397 2782 1460 2835 de
1483 2782 1643 2852 portis

25 2871 225 2923 mortis
249 2869 418 2940 (Psut.
448 2870 637 2943 9.15).
661 2872 840 2941 Itaque
863 2873 1011 2939 illud,
1034 2873 1381 2937 Ascendimus,
1404 2887 1506 2927 non
1526 2872 1640 2926 fru-

24 2970 152 3014 stra
172 2962 377 3015 dictum
401 2972 501 3016 est.
518 2962 649 3017 Ecce
664 2964 999 3018 ascendimus.
1023 2965 1180 3034 Atqui
1202 2964 1347 3019 solus
1362 2963 1427 3017 ad
1449 2964 1643 3033 passio.

26 3071 167 3110 nem
196 3056 364 3109 venit.
390 3056 496 3109 Cur
510 3072 638 3127 ergo
661 3057 711 3111 in
729 3058 996 3112 c0mmnni
1017 3059 1109 3122 ait,
1128 3058 1485 3112 Ascendimus?
1507 3058 1639 3126 Quia

26 3151 226 3219 passio
246 3148 458 3218 quidem
477 3139 614 3211 mea,
636 3151 781 3206 salus
795 3166 923 3206 vero
945 3152 1182 3206 omnium
1204 3151 1476 3206 hominum
1496 3167 1639 3207 com-

28 3243 224 3295 munis
255 3251 357 3296 est.
389 3242 510 3297 Ideo
538 3243 747 3298 divinus
769 3244 1040 3313 apostolus
1069 3245 1119 3298 in
1150 3258 1461 3314 generosam
1489 3244 1633 3299 illam

27 3345 83 3388 et
115 3334 369 3388 miraculi
402 3334 611 3403 plenam
640 3336 813 3405 erupit
848 3351 1030 3391 vocem
1056 3377 1071 3401 ,
1100 3345 1157 3389 ut
1184 3336 1344 3389 modo
1374 3336 1595 3390 audistis
1619 3352 1634 3392 :

29 3428 170 3481 Cum
192 3426 396 3481 Christo
422 3428 693 3495 cruciﬁxus
718 3444 848 3482 sum.
882 3427 1004 3482 Viuo
1022 3438 1219 3491 autem,
1250 3430 1356 3496 iam
1384 3446 1485 3483 non
1512 3445 1632 3500 ego,

28 3521 154 3573 vivit
177 3535 297 3573 vero
318 3520 370 3573 in
391 3536 469 3573 me
488 3519 715 3574 Christus
739 3519 878 3591 (Cal.
902 3522 956 3574 2.
985 3521 1066 3575 19.
1090 3520 1203 3594 20).
1225 3521 1493 3592 Alioquin,
1513 3537 1633 3576 cum

28 3611 206 3665 vellet
237 3609 465 3665 fructum
491 3610 664 3665 erucis
694 3611 996 3676 ostendere,
1025 3612 1252 3682 subjecit
1276 3612 1455 3667 statim
1482 3613 1532 3666 in
1557 3627 1636 3667 se-

26 3700 363 3771 quentibus:
384 3699 611 3755 Christus
632 3718 724 3755 nos
753 3701 956 3755 redemit
978 3719 1008 3754 a
1025 3702 1289 3756 maledicto
1309 3701 1450 3773 legis,
1470 3706 1635 3774 fartus

29 3812 128 3863 pro
161 3794 310 3849 nobis
336 3794 654 3849 maledictum
683 3793 824 3867 (Cal.
853 3796 907 3851 5.
940 3795 1030 3865 i5)
1065 3812 1079 3849 :
1107 3795 1349 3865 scriptum
1371 3806 1441 3849 est
1466 3797 1595 3849 enim
1616 3838 1630 3862 ,

34 3889 352 3943 Maledictus
380 3890 541 3944 omnis
570 3889 657 3961 qui
690 3889 869 3960 pendet
895 3889 948 3943 in
969 3889 1105 3960 ligno
1136 3888 1315 3957 (Deut.
1343 3890 1428 3945 21.
1463 3890 1577 3958 25).

104 3982 166 4035 2.
215 3981 315 4036 llic
340 3980 467 4036 mihi
498 3981 781 4051 diligenter
805 3980 1168 4035 animadverte
1194 4022 1206 4041 ,
1239 3996 1305 4035 ne
1330 3981 1424 4035 abs
1458 3982 1509 4034 t‘e
1538 3996 1631 4033 ve-

33 4075 215 4129 ritatis
262 4073 532 4144 perceptio
561 4073 822 4129 elabatur.
870 4073 1246 4128 Contradicent
1279 4074 1422 4127 enim
1453 4074 1631 4126 statim

30 4167 212 4222 Judrei
237 4208 253 4231 ,
290 4167 355 4220 de
380 4166 573 4237 quibus
597 4167 670 4219 ait
702 4166 891 4221 Paulus
917 4207 931 4230 ,
985 4164 1185 4218 Inimici
1217 4165 1381 4219 crucis
1405 4163 1592 4219 Christi
1616 4206 1630 4229 ,

34 4278 257 4332 quorum
290 4260 405 4329 linis
432 4260 662 4313 interitus
690 4259 707 4329 (
732 4258 967 4329 Philipp.
998 4260 1050 4313 5.
1087 4257 1170 4312 18.
1207 4257 1271 4312 19
1293 4256 1338 4330 ),
1368 4266 1423 4312 et
1452 4257 1630 4311 statim

35 4354 374 4424 simplicibus
399 4352 647 4422 objicient
674 4369 687 4407 :
712 4353 767 4408 Si
796 4351 1108 4407 maledictus
1135 4352 1222 4422 qui
1253 4351 1467 4422 pendet,
1495 4368 1630 4422 quo-

40 4450 202 4504 modo
230 4463 261 4500 a
298 4448 579 4502 maledicto
624 4447 714 4500 tibi
762 4445 1185 4501 benedictionem
1234 4446 1495 4516 impertiri
1539 4462 1633 4502 ex-

37 4539 297 4612 spectas?
316 4538 580 4609 quomodo
602 4539 667 4594 ab
684 4554 769 4603 eo,
792 4537 882 4607 qui
908 4539 959 4592 in
988 4550 1210 4592 mortem
1233 4538 1443 4603 cecidit,
1468 4540 1630 4593 vitam

39 4650 229 4704 speras
250 4635 275 4686 ‘l
327 4632 378 4687 ld
408 4634 549 4703 quod
576 4641 815 4702 apparet,
851 4641 908 4686 ut
935 4632 1047 4701 ipse
1073 4632 1259 4687 doctor
1284 4644 1467 4687 noster
1497 4633 1633 4687 Pau—

38 4729 121 4784 lus
167 4726 454 4783 conlitetur
474 4766 489 4788 ,
536 4726 876 4780 maledictum
912 4733 995 4780 est
1025 4742 1036 4777 :
1067 4724 1327 4794 Scriptum
1357 4735 1429 4779 est
1457 4729 1587 4779 enim
1612 4766 1627 4793 ,

42 4822 351 4876 Maledictus
376 4818 536 4872 omnis
562 4818 644 4887 qui
672 4816 851 4885 pendet
875 4817 927 4869 in
950 4818 1085 4887 ligno
1107 4815 1249 4883 (Cal.
1273 4817 1327 4872 5.
1352 4818 1437 4873 l5.
1478 4817 1627 4871 Deut.

38 4915 95 4968 2|
114 4957 123 4966 .
145 4914 267 4984 25).
290 4912 346 4967 Si
368 4914 543 4982 itaque
564 4909 819 4980 scriptum
839 4920 920 4965 est
940 4921 993 4965 et
1015 4911 1319 4965 testimonio
1339 4910 1626 4979 ﬁrmatum,

38 5003 313 5076 quomodo
340 5001 643 5061 benedictio
670 5017 699 5055 a
726 5001 1009 5058 maledicto
1035 5002 1189 5056 datur
1216 5003 1390 5058 crucis
1414 5004 1630 5058 cultori-

43 5097 183 5150 bus?
232 5095 357 5149 llrec
395 5109 608 5163 semper
636 5093 764 5149 dicit
792 5103 845 5149 et
874 5093 1056 5163 objicit
1094 5093 1347 5160 Judazus,
1385 5095 1629 5150 inimicus

42 5189 216 5243 crucis
241 5185 456 5241 Christi.
483 5186 537 5241 Si
563 5186 739 5255 itaque
758 5184 974 5241 Judteus
997 5186 1088 5239 tibi
1111 5186 1322 5253 dixerit,
1351 5187 1630 5255 Quomodo

42 5281 359 5337 maledictus
388 5279 481 5333 dat
509 5279 975 5334 benedictionem?
1013 5278 1099 5334 die
1124 5279 1197 5333 illi
1221 5321 1236 5347 ,
1266 5279 1547 5349 Quomodo
1577 5281 1628 5335 in

44 5375 258 5431 deserto
279 5380 552 5443 serpentes
574 5371 887 5427 mordebant
916 5372 1280 5442 progenitores
1302 5384 1452 5437 tuos;
1480 5373 1629 5445 Moy-

44 5484 127 5522 ses
146 5475 326 5523 autem
350 5464 579 5535 imagine
601 5465 863 5533 serpentis
887 5463 1043 5531 facta,
1070 5474 1123 5518 et
1149 5464 1200 5517 in
1226 5479 1385 5519 cruce
1407 5480 1629 5535 snspen-

46 5574 121 5624 sa,
140 5556 293 5623 dicit,
318 5554 631 5626 Quicumque
649 5572 680 5608 a
699 5565 926 5625 serpente
946 5571 1141 5609 morsus
1160 5556 1332 5627 fuerit,
1352 5567 1630 5626 serpentem

46 5695 122 5815 gr!
159 5700 298 5753 ηδε..
329 5690 415 5743 Ubi
440 5688 649 5742 veritatis
672 5687 891 5740 doctrina
906 5724 920 5750 ,
945 5686 1012 5740 ibi
1044 5690 1186 5740 etiam
1209 5688 1398 5753 pietatis
1421 5696 1488 5741 est
1512 5702 1624 5754 pro-

101 5768 248 5805 essm.

101 5768 248 5805 usus.

1297 257 1384 312 DE
1422 256 1782 313 SERPENTE
1823 258 2125 315 ΗΟΜΗΛΑ.

3265 271 3367 323 lilii?

1780 378 2034 446 respiciat,
2067 388 2114 433 et
2147 379 2315 435 salvus
2344 384 2438 435 erit
2473 381 2679 453 (Num.
2708 382 2800 440 2|.
2829 382 2938 455 8)?
2962 383 3065 440 Sed
3097 385 3167 440 ait
3190 426 3207 453 ,
3237 386 3363 457 quid

1779 470 1881 525 hoc
1918 472 1983 526 ad
2013 473 2169 527 rem?
2211 474 2351 532 Sane
2378 474 2601 530 multum
2632 476 2698 530 ad
2728 492 2841 532 rem
2873 475 3120 549 pertinet.
3170 478 3362 535 Annon

1775 562 1965 616 audisti
2010 563 2173 618 Deum
2214 564 2476 620 dicentem
2503 607 2517 630 ,
2564 566 2869 622 blaledictus
2908 579 2961 622 tu
3000 585 3106 637 pra:
3134 571 3363 624 omnibus

1776 654 1941 707 bestiis
1967 664 2113 708 terrae
2142 661 2158 727 (
2182 654 2308 711 Cen.
2340 658 2393 713 5.
2424 656 2573 727 id)?
2601 658 2879 727 Quomodo
2907 659 3066 730 igitur
3095 661 3359 717 maledicti

1774 746 1946 816 imago
1969 747 2128 803 vitam
2149 749 2324 804 attulit
2346 751 2771 821 progenitoribus
2794 751 3016 807 vestris?
3042 753 3245 806 Dictum
3271 768 3359 808 re-

1772 849 1915 907 peto,
1937 848 1989 891 ut
2007 840 2322 894 sententiam
2348 840 2550 896 ﬁrmius
2565 852 2816 897 statuam.
2837 842 2890 898 Si
2910 843 3122 913 quidem
3140 842 3356 899 difﬁcile

1773 930 1862 984 tibi
1907 932 2150 987 videatur
2192 949 2257 988 ex
2310 934 2592 990 maledicto
2633 936 3057 992 benedictionem
3105 953 3356 994 emanare

1771 1022 1792 1093 (
1813 1023 2116 1079 Malcdictus
2135 1024 2278 1081 enim
2303 1029 2463 1081 omnis
2482 1028 2567 1098 qui
2584 1029 2763 1097 pendit
2783 1029 2836 1083 in
2856 1029 2993 1098 ligno
3012 1028 3028 1095 )
3045 1070 3059 1093 ,
3083 1030 3354 1098 quomodo

1770 1114 1943 1186 itnagu
1973 1118 2237 1186 serpentis
2268 1118 2533 1173 maledicti
2555 1161 2568 1180 ,
2594 1121 2681 1187 qtti
2710 1120 2941 1186 audivit,
2973 1119 3275 1175 Maledictus
3298 1132 3352 1175 tu

1767 1223 1875 1276 pra:
1894 1208 2120 1262 euntibus
2141 1208 2325 1273 bestiis,
2346 1210 2542 1279 populo
2561 1211 2611 1264 in
2635 1210 2937 1266 calamitate
2957 1214 3245 1267 constituto
3265 1212 3350 1265 be-

1766 1298 2118 1355 nedietionem
2140 1302 2555 1356 attulit?Annon
2582 1302 2683 1357 [ide
2709 1304 2918 1374 dignius
2936 1302 3121 1358 luisset
3147 1304 3347 1367 dicere,

1763 1387 1819 1444 Si
1844 1391 1963 1460 quis
1990 1406 2055 1447 ex
2086 1392 2234 1446 vobis
2261 1408 2469 1447 morsus
2499 1391 2674 1459 fuerit,
2704 1394 2947 1463 respiciat
2986 1393 3038 1447 in
3067 1394 3254 1449 cmlum
3282 1394 3345 1446 ad

1764 1481 1953 1545 Deum,
1978 1493 2031 1536 et
2061 1484 2376 1539 sanabitur?
2411 1484 2493 1538 vel
2515 1483 2736 1540 dimisso
2757 1486 2872 1539 creli
2898 1495 3139 1555 aspectu.
3169 1501 3346 1540 annon

1764 1583 1972 1643 poterat
1996 1574 2192 1640 dicere,
2217 1575 2271 1631 Si
2294 1576 2412 1647 quis
2434 1592 2643 1632 morsus
2663 1578 2837 1643 fuerit,
2866 1579 3114 1648 resiliciat
3134 1579 3185 1633 in
3215 1594 3347 1633 can-

1761 1665 2031 1722 delabrum
2056 1667 2289 1732 luminis,
2309 1678 2358 1723 et
2385 1668 2559 1723 salvus
2578 1669 2708 1724 erit?
2731 1680 2823 1724 aut
2839 1671 3085 1740 respiciat
3111 1670 3162 1724 in
3190 1685 3345 1725 men-

1759 1775 1871 1815 sam
1898 1762 2275 1832 prepositionis
2319 1772 2622 1817 sanctorum
2653 1778 2845 1833 panum
2870 1804 2885 1830 ,
2912 1772 2967 1819 et
2991 1763 3172 1817 salvus
3203 1762 3344 1818 erit?

1757 1862 1848 1906 aut
1873 1853 1923 1907 in
1951 1852 2135 1921 altare,
2163 1863 2253 1909 aut
2280 1855 2331 1909 in
2360 1855 2556 1923 velum,
2575 1865 2669 1910 aut
2688 1857 2738 1910 in
2759 1872 2936 1911 arcam
2955 1898 2968 1919 ,
2992 1856 3105 1911 sive
3127 1856 3179 1910 in
3202 1856 3339 1911 ima~

1756 1948 1934 2018 ginem
1961 1947 2407 2013 Clternhinorum,
2433 1949 2518 2003 vel
2549 1951 2599 2002 in
2628 1948 3082 2019 propitiatorium?
3108 1950 3175 2003 At
3206 1949 3333 2003 nihil

1756 2052 1941 2093 eorum
1963 2039 2181 2094 adduxit
2202 2038 2472 2110 legislator
2493 2055 2748 2110 magmns;
2775 2056 2957 2094 verum
2985 2055 3141 2094 unam
3164 2040 3340 2095 crucis

1756 2132 2038 2204 imaginem
2068 2134 2255 2199 erexit,
2278 2142 2333 2189 et
2360 2133 2495 2188 banc
2527 2149 2620 2202 per
2646 2134 2983 2187 maledictum
3011 2142 3333 2201 serpentem.

1753 2224 1859 2280 Cur
1884 2240 2013 2295 ergo
2036 2266 2049 2291 ,
2080 2224 2263 2280 Judaze
2287 2267 2302 2289 ,
2336 2225 2545 2297 Moyses
2571 2224 2687 2279 haec
2716 2222 2877 2278 facit?
2901 2238 2997 2277 cur
3033 2231 3334 2292 serpentem

1752 2317 1980 2383 conﬁat,
2011 2319 2097 2389 qui
2130 2333 2224 2388 per
2266 2318 2433 2387 legem
2469 2317 2707 2381 dixerat,
2741 2314 2861 2370 Non
2896 2317 3049 2387 [acies
3072 2315 3332 2385 sculptile.

1752 2426 1909 2480 neque
1936 2409 2086 2479 fusile
2110 2410 2128 2479 (
2153 2407 2310 2463 Leuit.
2339 2407 2427 2463 26.
2460 2409 2483 2462 1
2515 2407 2578 2479 )?
2608 2407 2711 2462 Sed
2742 2422 2840 2462 cur
2868 2406 2983 2460 haec
3022 2406 3226 2476 ingrato
3256 2406 3333 2458 lo-

1749 2501 1922 2571 quor?
1952 2500 2124 2570 lpsmn
2157 2500 2513 2571 legislaturem
2549 2501 2817 2570 interrogo
2849 2517 2861 2553 :
2891 2499 2985 2553 Dic
3020 2497 3169 2561 mihi,
3202 2496 3333 2551 lide-

1749 2595 1951 2651 lissime
1996 2594 2090 2651 Dei
2138 2594 2330 2649 lamnle
2354 2634 2368 2658 ,
2401 2608 2469 2648 an
2500 2592 2550 2647 id
2584 2591 2714 2647 lacis
2750 2591 2889 2662 quod
2926 2590 3220 2663 prohibes?
3264 2606 3331 2644 an

1748 2686 1890 2757 quod
1930 2686 2224 2757 reprobus,
2269 2686 2318 2739 id
2358 2684 2635 2754 operaris‘!
2673 2684 2761 2755 qui
2804 2684 2936 2738 dicis
2960 2724 2975 2749 ,
3021 2681 3139 2736 Non
3179 2683 3334 2754 [acies

1746 2778 1978 2850 sculptile
1998 2818 2012 2843 ,
2057 2793 2214 2848 neque
2242 2777 2393 2845 fusile
2416 2817 2430 2842 ,
2476 2775 2651 2829 fundis
2677 2786 2732 2830 et
2762 2774 2961 2844 sculpis
2990 2776 3333 2844 serpentem?

1748 2871 1947 2927 Verum
1995 2870 2136 2925 dicet
2167 2890 2180 2925 ε
2222 2870 2341 2925 Illas
2369 2869 2463 2925 tuli
2494 2868 2639 2939 leges
2663 2909 2679 2934 ,
2720 2876 2776 2922 ut
2803 2884 3013 2922 onmem
3048 2866 3332 2936 impietatis

1747 2966 2021 3021 materiam
2063 2964 2465 3028 exscinderent,
2506 2972 2562 3017 et
2606 2965 2744 3017 hunc
2777 2962 3026 3031 populum
3071 2976 3100 3013 a
3143 2960 3332 3028 quovis

1746 3057 2006 3111 idolorum
2053 3056 2196 3110 cultu
2244 3062 2574 3117 averterent;
2626 3068 2766 3106 nunc
2809 3061 2982 3105 autem
3024 3060 3330 3118 serpentem

1744 3147 1937 3213 contio,
1963 3158 2019 3203 ut
2042 3147 2324 3217 imaginem
2344 3143 2756 3214 dispensau'onis
2774 3142 2947 3198 crucis
2971 3142 3326 3212 pravﬁgut‘ctt‘t,

1744 3242 1881 3297 viam
1903 3257 1997 3312 per
2015 3256 2172 3312 quam
2190 3238 2418 3309 apostoli
2433 3237 2721 3293 decurrant
2737 3235 3099 3305 complanans,
3118 3236 3327 3304 signum

1745 3335 1886 3389 illius
1913 3333 2089 3389 crucis
2117 3347 2369 3403 magnum
2402 3328 2801 3398 inanditumque
2822 3327 2979 3393 longe
2997 3336 3150 3380 antea
3176 3325 3331 3379 adbi-

1743 3427 1863 3481 beo.
1896 3425 2046 3494 Quod
2073 3435 2248 3479 autem
2280 3423 2395 3479 bzec
2420 3422 2702 3490 exillicatio
2727 3436 2831 3474 non
2856 3419 3059 3474 detorta
3089 3419 3176 3485 sit,
3203 3417 3328 3472 attdi

1746 3520 2022 3575 Dominum
2045 3560 2059 3584 ,
2089 3518 2179 3589 qui
2209 3526 2441 3571 veterem
2474 3516 2616 3572 illam
2648 3515 2927 3585 imaginem
2955 3513 3236 3568 confirmat
3265 3528 3329 3568 ac

1739 3612 1806 3667 de
1834 3611 2011 3681 seipse
2049 3610 2445 3679 interpretatur.
2494 3606 2840 3661 Nicodetnum
2880 3604 3020 3659 enim
3051 3605 3326 3675 alloquens

1742 3713 1794 3758 ut
1826 3702 2002 3773 populi
2029 3701 2325 3765 doctorem,
2357 3700 2526 3753 virum
2556 3696 2692 3767 apud
2720 3696 2934 3752 Judaeos
2962 3696 3283 3767 prmcipnnm
3307 3738 3324 3762 ,

1739 3796 1825 3864 qui
1873 3804 2054 3864 posset
2092 3794 2443 3848 meonomiant
2488 3789 2819 3857 intelligere,
2855 3788 2930 3841 ait
2967 3805 2980 3840 :
3028 3807 3046 3838 ι
3097 3788 3161 3842 Et
3190 3788 3331 3842 sient.

1739 3888 1990 3947 exultavit
2023 3887 2234 3958 Moyses
2271 3893 2572 3953 serpentem
2615 3882 2665 3935 in
2706 3881 2920 3935 deserto
2945 3921 2961 3945 ,
3002 3881 3071 3934 ita
3102 3881 3325 3936 exaltari

1738 3991 1949 4051 oportet
1970 3979 2162 4034 Filium
2187 3976 2450 4038 hominis,
2474 3983 2531 4028 ut
2551 3974 2726 4027 omnis
2753 3974 2841 4043 qui
2869 3973 3038 4027 credit
3068 3973 3118 4026 in
3146 3974 3320 4043 ipsum

1739 4090 1843 4127 non
1878 4080 2057 4140 pereat
2080 4111 2093 4133 ,
2124 4069 2216 4123 sed
2260 4068 2452 4122 habeat
2490 4068 2650 4119 vitam
2693 4078 2946 4119 aiternam
2981 4084 2998 4116 ι
3036 4063 3234 4136 (Joau.
3264 4066 3319 4122 5.

1740 4168 1825 4221 l6.
1861 4166 1989 4235 15).
2024 4164 2115 4217 Dic
2144 4163 2320 4232 igitur,
2353 4176 2385 4211 ο
2414 4157 2625 4227 stnpide
2650 4156 2851 4219 Iudaee,
2879 4172 2944 4209 an
2977 4172 3080 4211 non
3103 4172 3177 4211 tes
3204 4166 3321 4211 erat

1738 4258 1909 4315 illud?
1938 4257 2141 4311 Mortua
2173 4254 2423 4308 materies
2457 4258 2683 4306 mortem
2713 4249 2925 4304 vincere
2954 4248 3153 4318 possit,
3183 4248 3320 4319 ligu-

1739 4370 1850 4408 ram
1873 4350 2045 4406 crucis
2068 4348 2288 4411 habens,
2313 4354 2365 4401 et
2387 4344 2497 4415 ipsa
2517 4343 2692 4398 crucis
2709 4342 2903 4396 veritas
2925 4358 3029 4397 non
3052 4343 3320 4398 creditur?

1736 4454 1791 4500 et
1818 4443 1932 4498 lta-c
1961 4452 2079 4512 post
2107 4437 2510 4494 conversionem
2537 4435 2682 4490 orbis
2711 4445 2885 4501 terrm,
2914 4444 3032 4504 post
3057 4435 3318 4489 constitu-

1739 4547 1843 4590 tam
1877 4535 1927 4588 in
1958 4543 2067 4587 toto
2094 4531 2224 4587 orbe
2261 4532 2547 4599 pietatem,
2580 4535 2855 4598 postquam
2882 4526 3108 4596 gentiles
3141 4527 3316 4581 credi-

1735 4629 1948 4693 derunt,
1969 4634 2086 4696 po~t
2108 4626 2363 4679 excitatas
2383 4620 2671 4686 Ecclesias,
2696 4628 2814 4686 post
2836 4626 2977 4671 tanta
3002 4617 3317 4683 certamini,

1739 4730 1857 4791 post
1899 4729 2095 4772 tantam
2141 4716 2390 4769 virtutum
2440 4712 2911 4799 exercitatinnenrt
2961 4717 3077 4777 post
3118 4717 3316 4762 tantam

1736 4810 1958 4882 angelici
2000 4807 2223 4863 instituti
2266 4803 2668 4859 accessionem?
2708 4800 2846 4855 Sane
2886 4799 3179 4854 luculenter
3221 4799 3317 4852 de-

1735 4911 2086 4957 monstratum
2129 4907 2245 4961 est,
2285 4910 2497 4950 omnem
2542 4890 2857 4946 adversariis
2898 4892 3072 4945 crucis
3114 4890 3315 4944 aditum

1734 4996 2053 5069 praeclusam
2103 5007 2260 5057 esse,
2304 4988 2368 5042 ad
2417 4983 2843 5056 exprobrandam
2894 4984 3047 5037 nobis
3096 4983 3317 5053 ﬁguram

1735 5088 2020 5146 maledicti.
2054 5087 2121 5141 Et
2145 5085 2403 5139 adversos
2447 5081 2565 5135 illos
2606 5078 2820 5150 quidem
2860 5076 2975 5132 lucc
3011 5077 3141 5130 satis
3168 5076 3274 5130 sint
3304 5092 3318 5129 :

1735 5201 1834 5240 nos
1860 5190 2033 5237 autem
2064 5178 2249 5234 ﬁdeles
2274 5174 2553 5230 nobiscum
2580 5170 2969 5241 expendamus,
2999 5177 3053 5222 et
3076 5169 3316 5239 explore-

1734 5292 1853 5333 mus
1873 5277 2152 5331 verborum
2173 5270 2585 5327 accurationetn.
2626 5269 2731 5322 Cur
2750 5265 3004 5319 Dominus
3037 5263 3317 5332 imaginem

1735 5373 1877 5429 illius
1910 5367 2223 5426 (economize
2254 5380 2358 5421 non
2388 5379 2485 5434 per
2520 5361 2717 5423 alium,
2757 5358 2849 5413 sed
2889 5372 2982 5425 per
3016 5362 3318 5425 serpentem

1736 5460 2147 5534 pnesignilicat?
2191 5457 2271 5513 Ad
2310 5454 2597 5511 certamina
2638 5467 2759 5505 cum
2790 5447 3107 5502 adversariis
3146 5447 3317 5500 susci-

1736 5555 1925 5627 pienda
1962 5551 2234 5622 exemplar
2263 5548 2403 5603 illius
2432 5544 2697 5600 maledicti
2732 5541 2995 5609 serpentis
3028 5538 3159 5593 satis
3184 5546 3267 5592 est
3299 5553 3314 5592 :

1737 5661 1920 5703 verum
1948 5646 2056 5716 jam
2089 5639 2513 5714 persuadendum
2539 5638 2603 5691 iis
2627 5676 2643 5701 ,
2673 5634 2760 5703 qui
2794 5632 2883 5686 lilii
2920 5629 3128 5701 pietatis
3156 5640 3278 5685 sunt
3302 5669 3320 5695 ,

1736 5755 1842 5813 quo
1870 5748 2024 5810 pacto
2052 5736 2216 5807 ﬁgura
2243 5733 2385 5789 illius
2414 5728 2679 5787 maledicti
2706 5724 2970 5799 serpentis
2996 5724 3170 5796 imago
3200 5724 3320 5781 lue-
