3672 6268
356 283 463 340 505

356 396 424 448 rit
460 392 695 459 Christi,
741 393 829 464 qui
869 393 1140 449 adorator.
1187 394 1446 462 Quocirca
1476 394 1526 449 id
1566 411 1661 449 nos
1690 406 1937 453 accurate

361 484 664 555 explicare,
698 496 751 541 et
776 500 872 541 vos
898 486 1132 541 studiose
1159 487 1340 541 audire
1367 503 1459 557 par
1485 498 1585 541 est.

432 578 484 631 5.
528 576 718 645 Figura
750 578 1032 647 serpentis,
1058 577 1264 643 fratres,
1292 579 1461 647 imago
1484 589 1596 632 erat
1625 580 1939 634 ωεοιιοηιίίη

359 668 552 720 crucis.
580 666 732 735 Quod
755 676 929 722 autem
957 670 1024 723 ad
1057 670 1269 724 modum
1302 672 1510 736 attinet,
1542 670 1676 723 sicut
1707 671 1793 723 illa
1823 686 1938 725 ser—

359 758 534 827 pentis
575 757 741 828 ﬁgura
778 759 1057 829 imaginem
1089 760 1300 830 quidem
1331 769 1383 814 et
1411 762 1637 830 speciem
1679 762 1939 831 serpentis

360 864 469 917 pra:
498 864 557 903 se
582 848 804 913 ferebat,
834 866 1092 906 venenum
1116 861 1289 905 autem
1314 853 1703 923 nequitiamque
1722 868 1939 923 serpen-

358 942 424 993 tis
457 955 560 994 non
584 940 846 995 habebat:
877 944 954 996 sic
984 952 1039 997 et
1065 942 1336 1007 Servator,
1373 943 1665 998 secundum
1701 943 1936 998 divinum

357 1034 677 1101 apostolum,
709 1034 761 1087 in
799 1034 1140 1089 similitudine
1186 1035 1359 1089 carnis
1404 1036 1603 1104 peccati
1652 1051 1935 1106 apparens,

356 1134 505 1178 extra
532 1142 689 1180 omne
717 1137 987 1195 peccatum
1014 1126 1139 1191 fuit;
1163 1128 1298 1181 sicut
1323 1136 1377 1181 et
1406 1128 1590 1183 beatus
1617 1129 1796 1193 Isaias,
1816 1146 1936 1183 cum

358 1216 515 1270 beato
545 1217 707 1270 Paulo
730 1216 805 1289 (τι)
837 1233 1157 1284 consonans,
1185 1220 1294 1273 ait:
1322 1220 1420 1287 Qui
1452 1232 1708 1290 peccatum
1735 1240 1831 1275 non
1858 1224 1936 1292 [e-

356 1310 454 1373 cit;
485 1326 572 1363 nec
597 1311 828 1364 inventus
854 1321 925 1365 est
955 1312 1104 1366 dolus
1142 1313 1194 1366 in
1237 1330 1323 1366 ore
1359 1315 1469 1385 ejus
1497 1313 1648 1384 (Isai.
1683 1316 1770 1371 55.
1798 1318 1861 1381 9;
1889 1318 1933 1371 Ι.

360 1398 472 1453 Pet.
494 1400 547 1455 9..
567 1400 682 1471 22).
704 1401 1003 1458 Secundum
1032 1402 1219 1457 Isaiam
1248 1403 1529 1474 imaginem
1558 1422 1714 1459 uuam
1745 1406 1932 1462 habes:

356 1490 420 1543 ad
450 1492 670 1546 alteram
716 1492 930 1547 accede.
978 1492 1246 1548 Contuere
1289 1496 1567 1549 veritatem
1615 1512 1706 1563 per
1745 1496 1938 1567 ﬁguras

358 1581 743 1651 splendentem.
772 1583 1054 1652 Serpentes
1078 1584 1394 1639 mordebant
1421 1585 1553 1641 ﬁ!ios
1573 1586 1939 1657 Israel,quan-

357 1670 425 1724 do
458 1673 682 1741 populus
723 1675 771 1726 in
807 1675 1091 1742 perniciem
1124 1676 1251 1730 ruit.
1282 1676 1421 1731 Petit
1446 1677 1655 1748 Moyses
1680 1695 1711 1733 a
1744 1680 1852 1734 Deo
1881 1690 1938 1735 ut

356 1762 673 1816 medicinam
703 1766 986 1819 salutarem
1020 1767 1303 1835 prmberet.
1325 1768 1465 1823 Deus
1494 1768 1689 1824 famulo
1721 1771 1938 1825 medici-

355 1875 476 1913 nam
522 1860 812 1915 beneﬁcam
861 1871 1263 1929 commonstrat,
1294 1873 1347 1918 et
1372 1864 1476 1919 ait:
1509 1863 1619 1918 Fac
1660 1875 1935 1936 serpentem

354 1967 577 2015 «meum,
628 1951 872 2023 illumque
913 1955 1047 2025 erige
1088 1964 1205 2009 ante
1252 1956 1629 2011 tabernaculum
1671 1959 1937 2012 testimonii

362 2041 546 2114 (Nunt.
575 2044 664 2099 2i.
698 2044 774 2117 8).
816 2046 950 2113 Quid
982 2047 1080 2100 sibi
1110 2048 1219 2102 vult
1250 2047 1351 2102 hoc
1378 2049 1625 2118 signum?
1670 2050 1769 2103 Alii
1812 2060 1936 2105 sunt

356 2134 661 2189 mordentes
687 2145 983 2206 serpentes,
1035 2149 1089 2192 et
1131 2138 1263 2191 alius
1309 2154 1404 2208 pro
1444 2139 1548 2192 illis
1587 2140 1932 2209 cruciﬁgitur.

358 2225 491 2291 Quid
524 2226 781 2294 significat
812 2229 1073 2297 tenigtua?
1112 2230 1237 2299 quid
1270 2246 1375 2298 prie
1414 2245 1473 2284 se
1506 2229 1599 2284 fert
1634 2232 1818 2286 umbra
1849 2233 1935 2287 illa

359 2320 631 2389 mysterii?
652 2320 1108 2385 Quemadmodum
1143 2322 1248 2376 Illic
1270 2324 1319 2375 in
1352 2324 1515 2392 ﬁgura
1541 2323 1660 2377 aliis
1687 2323 1938 2378 morden-

359 2411 501 2463 tibus
536 2411 891 2479 serpentibus,
938 2412 1073 2467 alius
1122 2413 1210 2482 qui
1254 2428 1359 2468 non
1400 2414 1763 2469 momorderat
1792 2415 1935 2469 cruci

357 2500 549 2555 afﬁxus
577 2510 689 2555 est:
714 2502 791 2555 sic
805 2502 923 2556 aliis
951 2504 1292 2572 peccantibus
1318 2504 1621 2560 hominibus
1650 2521 1743 2575 pro
1767 2506 1939 2559 omni-

359 2592 457 2647 bus
484 2606 736 2661 passurus
762 2602 846 2648 est
870 2593 1126 2649 innocens
1151 2593 1325 2649 .Iesus.
1351 2594 1454 2649 Pro
1475 2597 1830 2666 serpentibus,
1847 2598 1935 2667 qui

359 2684 695 2751 mordebant,
728 2700 949 2754 serpens
982 2685 1228 2741 innoxius
1253 2685 1611 2756 cruciﬁgitur;
1647 2703 1742 2757 pro
1763 2689 1936 2756 nobis,

358 2776 449 2844 qui
478 2776 639 2829 morti
666 2776 995 2845 subjicitnur,
1022 2778 1086 2843 is,
1105 2778 1193 2847 qui
1223 2779 1379 2832 morti
1401 2793 1505 2832 non
1532 2778 1801 2848 subjectus
1819 2779 1937 2847 fuit,

358 2864 704 2937 cruciﬁgitur.
736 2868 886 2933 Quod
918 2869 1175 2937 praeclare
1200 2884 1323 2923 cum
1363 2870 1481 2924 aliis
1502 2869 1665 2924 Isaias
1696 2870 1939 2940 praedixit

359 2960 411 3014 in
442 2959 584 3015 hunc
609 2962 825 3016 modum
847 2980 860 3015 :
887 2961 993 3016 Pro
1022 2965 1239 3033 peccatis
1267 2965 1443 3033 populi
1466 2966 1597 3018 venit
1620 2965 1672 3018 in
1696 2974 1904 3018 mortem
1920 2980 1941 3030 ;

358 3062 432 3118 et,
460 3052 710 3108 Dominus
736 3056 943 3109 tradidit
968 3058 1188 3126 seipsum
1218 3075 1308 3127 pro
1336 3059 1551 3130 peccatis
1583 3060 1766 3114 nostris
1787 3058 1938 3126 (lsai.

359 3145 447 3201 55.
482 3144 567 3199 12.
613 3144 693 3216 6).
739 3146 1069 3203 Testimouio
1095 3148 1458 3204 conﬁrmanda
1499 3150 1691 3203 iterum
1718 3160 1802 3205 est
1826 3166 1943 3222 my-

359 3238 507 3292 stcrii
532 3239 686 3292 ratio.
716 3238 1175 3306 Quemadmodum
1206 3241 1315 3295 illic
1342 3242 1431 3296 alii
1459 3253 1736 3312 serpentes
1770 3255 1941 3313 erant,

361 3332 449 3401 qui
469 3331 803 3399 mordebant,
827 3333 961 3388 alius
983 3334 1072 3403 qui
1094 3334 1438 3404 sufligebatur
1458 3353 1470 3389 :
1490 3336 1561 3390 ita
1578 3346 1632 3391 ct
1653 3337 1736 3392 hic
1757 3353 1943 3393 omnes

362 3434 737 3494 peccaverant,
766 3435 821 3481 et
841 3440 978 3481 unus
1001 3442 1094 3496 pro
1116 3427 1361 3482 omnibus
1391 3428 1739 3500 cruciﬁgitur.
1773 3431 1945 3484 lIahes

367 3518 690 3582 secundam;
717 3519 811 3573 sed
837 3528 890 3573 et
912 3520 1119 3574 tertiam
1139 3520 1421 3590 imaginem
1452 3523 1750 3577 considera.
1775 3523 1840 3576 In
1861 3541 1947 3578 ore

366 3610 580 3663 duorum
620 3612 696 3664 vel
724 3611 875 3664 trium
906 3613 1125 3675 testium,
1157 3613 1303 3666 stabit
1342 3630 1488 3667 onme
1531 3615 1732 3667 verbum
1771 3614 1944 3685 (Deut.

368 3700 457 3756 19.
487 3700 596 3772 15).
640 3703 816 3768 Quare
852 3702 1178 3774 cruciﬁgitur
1230 3717 1448 3773 serpens
1489 3707 1703 3761 aeneus?
1742 3706 1811 3763 Ut
1851 3710 1947 3763 ab-

370 3795 615 3850 oleautur
659 3809 871 3852 morsus
896 3798 1241 3866 serpentium.
1272 3798 1426 3852 Aliud
1457 3814 1584 3868 ergo
1612 3800 1861 3869 estquod
1896 3801 1946 3855 in

369 3901 585 3942 crucem
612 3887 829 3954 tollitur,
861 3898 914 3942 et
951 3888 1053 3942 alia
1085 3905 1204 3958 quae
1233 3889 1532 3943 abolentur.
1562 3892 1750 3945 Annon
1782 3891 1948 3961 signi-

370 3980 668 4035 ﬁcationem
701 3981 938 4036 veritatis
960 3980 1370 4037 animadvertis?
1386 3997 1562 4036 annon
1589 3985 1737 4053 quasi
1759 3985 1857 4039 sub
1874 3986 1952 4039 in-

369 4074 590 4130 volucro
614 4074 902 4145 Scriptura:
932 4076 1036 4128 vim
1055 4077 1368 4131 oeconomia:
1393 4077 1683 4147 perspicis?
1703 4078 1952 4132 Sublatus

372 4167 425 4223 in
451 4182 664 4223 crucem
694 4176 793 4234 est,
826 4168 1014 4238 inquit,
1039 4184 1219 4222 mueus
1248 4184 1489 4237 serpens,
1530 4180 1584 4221 ut
1612 4169 1954 4224 abolerentur

375 4274 587 4316 morsus
607 4260 929 4325 draconum;
957 4261 1241 4315 cruciﬁxus
1268 4271 1350 4315 est
1377 4261 1641 4324 Christus,
1668 4271 1721 4315 ut
1748 4262 1953 4315 dromo-

376 4368 499 4406 num
529 4352 868 4423 operationes
893 4362 1184 4407 cessarent.
1215 4353 1366 4407 Alius
1396 4362 1477 4407 est
1503 4369 1725 4422 serpens
1753 4355 1838 4409 ille
1867 4354 1955 4423 qui

375 4443 620 4512 erigitur,
658 4441 747 4496 alii
790 4443 878 4512 qui
920 4444 1345 4513 comprimuntur
1382 4443 1674 4510 dracones;
1705 4446 1839 4498 alius
1867 4444 1955 4514 qui

377 4536 520 4589 cruci
547 4532 741 4589 afﬁxus
767 4544 849 4588 est
869 4532 1132 4598 Christus,
1163 4543 1218 4588 et
1237 4534 1322 4587 alii
1346 4534 1434 4603 qui
1460 4534 1741 4588 abolentur
1761 4535 1960 4589 daemo-

377 4641 495 4681 nes.
528 4625 596 4679 Et
625 4623 1070 4695 quemadmodum
1098 4625 1207 4679 illic
1236 4625 1409 4696 imago
1437 4627 1721 4695 serpentis,
1747 4627 1835 4696 qui
1860 4641 1958 4697 ap—

378 4718 619 4787 parebat,
649 4731 858 4772 morsus
880 4717 1209 4787 serpentium
1240 4716 1491 4786 abolevit,
1526 4717 1595 4772 ita
1617 4727 1670 4773 et
1697 4718 1783 4773 hic
1811 4734 1957 4774 mors

377 4807 575 4863 Christi
604 4815 829 4861 mortem
860 4807 1088 4872 sustulit,
1122 4816 1175 4862 et
1194 4807 1467 4863 daemonas
1497 4808 1818 4880 proﬂigavit.
1849 4810 1961 4865 Me-

382 4902 485 4955 rito
506 4902 683 4970 itaque
710 4899 962 4956 Servator
985 4901 1268 4972 imaginem
1298 4900 1398 4956 sibi
1420 4900 1677 4972 adaptans
1704 4902 1869 4958 dixit:
1894 4903 1962 4958 Et

382 4995 508 5045 sicut
531 4991 735 5063 Moyses
762 4992 998 5045 exultavit
1025 5002 1304 5063 serpentem
1329 4995 1384 5046 in
1413 4993 1627 5060 deserto,
1653 4994 1724 5047 ita
1749 4995 1964 5048 exaltari

386 5092 577 5152 oportet
602 5081 792 5137 Filium
819 5084 1054 5149 hominis,
1081 5094 1137 5137 ut
1164 5084 1347 5151 omnis,
1388 5086 1475 5153 qui
1516 5086 1673 5138 credit
1697 5085 1748 5138 in
1774 5087 1959 5155 ipsum,

382 5190 485 5230 non
512 5182 703 5244 pereat,
732 5172 820 5228 sed
847 5173 1023 5228 habeat
1043 5175 1194 5228 vitam
1212 5185 1451 5229 «sternam
1472 5174 1650 5244 (Joan.
1669 5177 1722 5230 5,
1745 5176 1828 5230 IL.
1851 5177 1963 5248 15).

384 5267 581 5333 Habes,
614 5267 685 5321 mi
714 5265 896 5331 frater,
920 5266 1138 5321 beatum
1167 5266 1401 5337 Moysem
1431 5267 1533 5321 alia
1559 5267 1722 5336 ﬁgura
1752 5283 1964 5323 crucem

384 5362 840 5426 subindicantem;
888 5376 995 5431 quo
1040 5368 1216 5415 autem
1262 5369 1437 5430 pacto,
1490 5358 1632 5414 audi.
1667 5360 1771 5414 Eos
1799 5361 1963 5427 enim,

386 5455 475 5525 qui
514 5453 583 5511 de
615 5468 772 5510 cruce
802 5452 1110 5524 loquuntur,
1143 5452 1339 5507 multas
1368 5450 1609 5523 mysterii
1635 5452 1967 5521 contempla-

387 5551 560 5617 tiones
591 5550 640 5603 in
670 5547 902 5604 medium
930 5546 1123 5604 afferre
1144 5555 1372 5618 Oportet.
1398 5545 1648 5602 lsraelitis
1674 5546 1727 5602 in
1756 5545 1968 5602 deserto

450 5685 525 5746 (a)
554 5691 701 5748 quta
724 5683 1162 5748 savil._leg_endum
1196 5691 1307 5745 est,
1344 5644 1509 5747 Petro,
1522 5690 1574 5735 et
1611 5684 1806 5748 reipsa.
1844 5668 1968 5745 apud

388 5745 583 5798 retrtun
602 5747 755 5797 verba
775 5745 1231 5811 Iaudata‘leguntur.

1802 278 2164 340 SEVERIANI

3522 287 3613 342 5οι

2048 393 2246 449 bellum
2274 394 2500 451 intulere
2524 394 2835 466 alienigenae
2860 396 3096 468 quidam,
3140 398 3449 455 Atualecitm
3477 400 3612 453 dicti.

2042 483 2248 557 Moyses
2273 494 2449 540 autem
2476 485 2659 542 Jesum
2686 487 2847 554 Nave,
2880 488 3060 559 populi
3089 489 3301 555 ducem,
3332 501 3388 545 et
3418 506 3615 545 θηραθε-

2043 590 2222 630 Surem
2252 593 2426 642 suum,
2470 586 2731 633 armatum
2764 579 3022 648 proﬁcisci
3046 580 3218 649 jubet,
3262 582 3379 649 ipso
3424 582 3612 634 intem

2043 665 2094 718 in
2127 676 2305 721 monte
2333 669 2577 723 manibus
2622 670 2873 738 expansis
2917 680 3184 725 manente.
3225 670 3361 724 Nam
3388 672 3463 724 ait
3490 671 3614 725 εαξ-

2046 767 2194 826 ptura
2220 776 2232 812 :
2263 777 2282 810 ‹
2311 757 2522 830 Moyses
2539 761 2776 815 ascendit
2801 762 2853 815 in
2872 769 3129 829 montem,
3159 773 3211 816 et
3237 764 3495 833 expandit
3518 779 3615 816 ma-

2042 863 2142 903 nus
2164 863 2306 903 suas.
2340 851 2406 904 Et
2436 854 2625 905 factum
2648 862 2749 918 cst,
2782 867 2902 908 cum
2931 854 3241 909 extenderet
3271 870 3489 919 manus,
3514 858 3618 907 vin-

2042 940 2192 995 cebat
2224 941 2412 1007 Israel;
2441 953 2495 998 et
2521 959 2640 998 cum
2665 945 2955 1000 dimitteret
2996 961 3024 997 a
3068 961 3327 1016 corporea
3372 949 3617 1012 gravitate

2041 1035 2231 1100 victus,
2276 1035 2523 1091 vincebat
2553 1037 2769 1091 Amalec
2804 1057 2821 1089 ι
2853 1036 3048 1105 (Exod.
3097 1040 3181 1091 I7.
3218 1040 3334 1107 11).
3366 1038 3505 1105 Quid
3534 1043 3617 1092 sibi

2041 1125 2154 1178 vult
2184 1126 2294 1179 hare
2319 1125 2752 1195 ﬁgura?Jud.-mts
2775 1132 2950 1180 statim
2982 1138 3247 1194 metuens,
3274 1143 3346 1182 ne
3380 1144 3476 1195 per
3506 1129 3620 1181 ima-

2041 1219 2213 1287 ginem
2253 1220 2418 1288 gloria
2458 1221 2631 1275 erucis
2666 1220 2863 1274 Christi
2905 1220 3168 1291 elfulgeat,
3204 1221 3299 1286 ait,
3352 1221 3490 1274 Nihil
3522 1222 3618 1273 1ης

2041 1310 2204 1379 ﬁgura
2238 1311 2467 1380 pertinet
2491 1311 2555 1364 ad
2586 1327 2669 1377 ea,
2710 1328 2827 1381 qum
2875 1324 2927 1364 tu
2976 1311 3247 1366 fabularis.
3301 1313 3617 1367 Precationis

2040 1400 2206 1470 ﬁgura
2236 1409 2351 1454 erat
2378 1402 2464 1454 illa.
2494 1402 2680 1465 forma,
2710 1418 2812 1455 non
2848 1402 3111 1471 imaginis,
3158 1412 3323 1472 prout
3353 1412 3406 1455 tu
3438 1407 3616 1473 opina-

2041 1493 2137 1548 ris.
2169 1493 2319 1560 Quod
2356 1494 2400 1546 si
2430 1494 2498 1547 ita
2529 1504 2631 1557 est,
2660 1494 2703 1547 si
2741 1510 2865 1548 vere
2892 1495 3109 1547 victoria
3151 1494 3240 1548 illa
3272 1496 3481 1548 fruetus
3512 1512 3615 1565 pre-

2041 1587 2267 1640 cationis
2313 1586 2428 1652 fuit,
2458 1602 2553 1641 cur
2578 1586 2849 1655 Scriptura
2880 1602 2985 1640 non
3023 1588 3315 1655 precationi
3356 1588 3613 1642 victoriam

2040 1676 2323 1746 adscripsit
2353 1678 2480 1746 (non
2527 1681 2667 1733 enim
2714 1679 2789 1732 ait
2827 1677 3293 1748 Scriptura:Cum
3327 1690 3615 1747 precaretur

2040 1768 2282 1839 Moyses:
2307 1769 2433 1823 illud
2455 1768 2597 1823 enim
2628 1784 2754 1825 vere
2769 1770 3050 1840 signiﬁcat,
3069 1770 3350 1824 victoriam
3377 1785 3482 1823 non
3507 1770 3615 1823 fuis—

2040 1875 2099 1915 se
2129 1860 2449 1929 precationis
2474 1857 2747 1932 fructum),
2781 1860 2874 1915 sed
2904 1860 3160 1915 adscribit
3181 1862 3404 1931 imagini
3430 1861 3616 1930 ligone-

2040 1969 2144 2024 que
2173 1955 2460 2009 manuum?
2498 1956 2630 2008 Cum
2658 1955 2799 2009 enim
2830 1969 3018 2009 manus
3060 1955 3373 2009 demitteret
3404 1955 3611 2026 Moyses,

2041 2050 2389 2119 superabatur
2438 2048 2633 2112 Israel;
2675 2064 2794 2104 cum
2847 2048 3191 2118 expanderet.
3247 2047 3613 2117 proﬂigabatur

2040 2143 2276 2198 Amalec.
2306 2142 2435 2197 Nam
2468 2143 2511 2197 si
2542 2143 2591 2197 id
2623 2143 2910 2212 precationi
2937 2141 3353 2197 adscribendum
3380 2151 3519 2200 erat.
3546 2142 3611 2194 di-

2040 2250 2165 2291 cere
2190 2238 2549 2307 oportuisset:
2579 2235 2645 2289 Et
2671 2249 2790 2290 cum
2831 2234 3146 2304 precabatur
3182 2233 3424 2305 Moyses,
3454 2234 3612 2287 vine:-

2039 2328 2150 2383 bat.
2178 2328 2303 2393 Sed,
2351 2336 2411 2381 ut
2448 2327 2578 2391 dixi,
2614 2326 2916 2395 precatione
2941 2325 3155 2389 omissa,
3187 2339 3296 2378 non
3329 2324 3547 2393 quidem
3573 2334 3614 2375 ut

2041 2419 2236 2484 inutili,
2259 2418 2351 2473 sed
2384 2428 2440 2472 ut
2480 2433 2598 2487 qua:
2627 2416 2841 2487 imagini
2868 2415 3046 2471 crucis
3069 2414 3266 2471 cedere
3294 2414 3547 2477 deberet,
3574 2415 3617 2465 ﬁ-

2041 2526 2185 2580 gura:
2210 2521 2262 2564 et
2289 2510 2439 2579 signo
2468 2509 2739 2563 victoriam
2771 2506 3042 2561 adscribit.
3066 2506 3291 2574 Quando
3312 2509 3468 2560 enim
3491 2507 3615 2574 Moy-

2042 2615 2129 2654 ses
2152 2600 2489 2667 expandebat
2516 2614 2725 2661 manus,
2754 2598 2996 2652 vincebat
3024 2597 3203 2652 Israel.
3233 2597 3376 2664 Quid
3400 2598 3506 2651 sibi
3531 2600 3617 2647 vult

2042 2708 2275 2763 expansa
2324 2692 2544 2746 manus?
2596 2692 2830 2761 Depinge
2862 2690 2955 2745 tibi
3002 2704 3194 2745 manus
3235 2703 3534 2761 expansas,
3578 2702 3618 2740 ut

2044 2784 2412 2854 splendentem
2444 2783 2731 2838 adorandae
2760 2782 2948 2837 Crucis
2977 2782 3260 2852 imaginem
3292 2781 3508 2835 videas.
3538 2780 3617 2833 Ve-

2044 2893 2161 2931 rum
2189 2876 2505 2947 defatigatus
2529 2886 2629 2941 est,
2661 2876 2829 2944 inquit
2861 2875 3154 2944 Scriptura,
3184 2874 3436 2945 Moyses;
3472 2888 3619 2941 neque

2045 2968 2186 3023 enim
2208 2983 2398 3023 manus
2426 2983 2681 3038 corporea
2704 2966 2964 3036 gravitate
2988 2967 3141 3020 victa:
3169 2966 3315 3019 illam
3344 2965 3617 3034 imaginem

2046 3060 2311 3115 sustinere
2352 3068 2616 3128 poterant.
2647 3058 2781 3124 Quid
2824 3058 2991 3128 ergo?
3035 3056 3134 3123 Ne,
3164 3058 3342 3111 soluta
3375 3056 3615 3124 imagine,

2048 3150 2264 3205 victoria
2286 3166 2499 3221 quoque
2523 3152 2879 3216 amitteretur,
2913 3150 3177 3204 sustinent
3216 3151 3403 3203 Aaron
3454 3159 3511 3201 et
3546 3147 3615 3203 ΟΥ.

2047 3243 2384 3312 allevantque
2410 3258 2601 3297 manus
2622 3243 2755 3313 ejus,
2786 3258 2874 3307 ne,
2903 3247 3252 3297 cvanescente
3284 3240 3547 3309 imagine,
3567 3240 3621 3289 vi-

2048 3336 2213 3391 ctoria
2245 3350 2458 3406 quoque
2505 3337 2825 3391 elaberetur.
2874 3333 2980 3389 Cur
3028 3334 3244 3386 omnino
3273 3334 3469 3386 Aarmi
3499 3342 3545 3385 et
3572 3330 3623 3383 0?

2051 3440 2239 3480 manus
2264 3425 2605 3481 sullulciuut?
2629 3430 2828 3493 Aaron,
2855 3426 3065 3489 fratres,
3084 3422 3409 3478 sacerdotali
3430 3438 3622 3475 munrrr

2051 3517 2403 3588 fungebatur;
2434 3516 2508 3573 0r
2533 3533 2662 3571 vero
2690 3518 2844 3587 regiae
2866 3517 3037 3571 trihus
3062 3514 3450 3585 cognationem
3490 3514 3619 3566 hab:-

2052 3611 2162 3665 bat.
2196 3610 2379 3680 Itaque
2404 3609 2686 3679 imaginem
2713 3609 2886 3663 crucis
2914 3607 3269 3661 sacerdotium
3317 3616 3373 3659 et
3423 3618 3619 3673 regnum

2052 3703 2219 3757 instar
2230 3701 2516 3757 satellitum
2536 3702 2753 3770 stipant.
2778 3704 2848 3754 Ae
2865 3698 3317 3770 quemadmodum
3337 3712 3472 3751 cum
3491 3707 3622 3749 trans

2054 3795 2370 3863 ﬁguraretur
2421 3793 2678 3847 Dominus
2718 3794 2769 3845 iu
2816 3804 3014 3857 iuonte,
3051 3784 3146 3845 visi
3184 3800 3311 3845 sunt
3340 3791 3557 3861 Moyses
3584 3802 3623 3841 et

2058 3888 2201 3942 Elias
2230 3901 2257 3939 a
2285 3886 2486 3939 dextris
2520 3896 2572 3939 et
2599 3900 2627 3937 a
2659 3885 2912 3948 sinistris,
2956 3892 3014 3937 ut
3052 3882 3250 3952 regiam
3279 3882 3491 3935 Christi
3520 3883 3621 3934 iura.

2055 3979 2231 4048 ginem
2265 3978 2412 4046 quasi
2455 3977 2711 4031 satellites
2738 3977 3026 4045 stipareut:
3050 3975 3126 4029 sic
3150 3975 3313 4029 etiam
3345 3973 3445 4028 hic
3478 3978 3619 4027 Aaron

2058 4069 2336 4124 sacerdotii
2365 4068 2608 4123 ordinem
2638 4069 2885 4121 obtinens
2925 4066 3066 4121 cruci
3097 4065 3290 4129 adstat,
3322 4074 3377 4119 et
3406 4066 3622 4119 similter

2059 4162 2132 4216 Or
2169 4163 2391 4230 primum
2438 4161 2596 4230 regia:
2643 4160 2914 4228 dignitatis
2958 4159 3140 4211 ﬂorem
3184 4157 3393 4212 habens
3443 4170 3623 4211 crucem

2060 4258 2237 4326 stipat.
2273 4256 2443 4310 Ilzeca
2472 4271 2556 4308 me
2599 4255 2735 4308 dicta
2781 4263 2925 4316 sunt,
2962 4260 3017 4305 ut
3040 4251 3341 4314 ostendam,
3377 4248 3624 4319 quomolo

2064 4349 2251 4418 priscis
2283 4347 2388 4400 illis
2417 4347 2651 4416 patribus
2678 4345 2890 4415 pietatis
2930 4346 3102 4411 imago
3145 4342 3303 4395 fuerit
3345 4342 3625 4409 proposita.

2064 4455 2271 4495 nccnou
2302 4455 2458 4508 quam
2489 4439 2746 4490 honorata
2775 4437 2841 4488 ah
2871 4435 2973 4487 illis
2992 4434 3147 4488 fuerit
3173 4435 3505 4485 (economia:
3530 4434 3625 4497 ligu-

2064 4548 2141 4584 ra.
2173 4531 2229 4585 Si
2260 4541 2435 4584 autem
2469 4529 2541 4581 illi
2569 4528 2657 4597 qui
2687 4524 3132 4596 prmuuntiabaut,
3164 4532 3307 4576 tanta
3332 4538 3471 4576 cum
3507 4523 3627 4573 Iaulc

2067 4624 2207 4677 illaut
2232 4620 2610 4692 praedicarunt,
2638 4631 2691 4673 et
2719 4633 2839 4672 cum
2862 4625 3011 4670 tanto
3039 4615 3239 4667 honore
3273 4612 3628 4683 pra-signiﬁca-

2068 4722 2194 4769 ruut
2220 4731 2233 4767 :
2260 4728 2365 4782 quo
2393 4726 2487 4766 ore
2516 4726 2613 4765 nos
2645 4708 2851 4762 Domini
2881 4722 3093 4761 crucem
3126 4706 3482 4773 divinamque
3520 4706 3626 4755 Illam

2068 4805 2419 4862 oeconomiam
2447 4803 2702 4859 convenit
2729 4800 3037 4856 celebrare?
3060 4798 3172 4852 Non
3202 4798 3397 4868 ignoro
3428 4813 3526 4852 vos
3545 4814 3625 4848 nta-

2069 4916 2174 4970 guo
2198 4898 2467 4953 desiderio
2496 4896 2661 4950 teneri
2694 4895 2872 4948 talium
2912 4893 3235 4956 orationum,
3267 4892 3474 4960 quibus
3499 4906 3626 4943 sam:

2070 4992 2351 5061 theologia:
2390 4990 2636 5060 dogmata
2682 4988 3046 5056 explicantur:
3074 4994 3129 5039 at
3168 5002 3287 5054 qua:
3333 5002 3487 5040 nunc
3524 4986 3624 5038 ἀίω

2072 5094 2196 5140 sunt
2226 5083 2331 5139 illis
2360 5093 2486 5137 sunt
2512 5081 2710 5135 afﬁnia.
2745 5080 2991 5150 Ejusdem
3020 5080 3158 5132 enim
3181 5078 3344 5130 animi
3370 5088 3461 5131 est
3480 5088 3626 5132 etcre-

2072 5192 2188 5232 ccm
2223 5174 2533 5244 prmdicare,
2562 5182 2616 5227 et
2647 5171 2973 5240 unigenitum
3010 5169 3174 5223 Deum
3219 5166 3467 5222 Verbum
3496 5168 3623 5222 lamb-

2076 5270 2174 5324 bus
2200 5267 2475 5321 extollere.
2505 5262 2863 5331 Quamobrem
2891 5262 3003 5315 sive
3031 5259 3369 5314 divinitatem
3397 5258 3621 5328 Unigenia’

2073 5360 2331 5424 celebres,
2363 5359 2476 5413 sive
2501 5358 2616 5426 ejus
2641 5354 2991 5410 oeconomiam
3025 5353 3281 5417 honores,
3313 5366 3425 5404 una
3449 5350 3624 5405 eadem-

2074 5466 2178 5522 que
2200 5459 2283 5505 est
2301 5449 2513 5520 pietatis
2537 5444 2941 5502 demonstratio.

2147 5546 2201 5599 4.
2242 5545 2504 5599 Caeterum
2527 5539 2739 5611 quando
2765 5552 3000 5602 crucem,
3023 5532 3235 5604 quando
3256 5534 3504 5602 corporis
3522 5546 3626 5585 (Bco-

2077 5636 2311 5692 nomiam
2338 5634 2513 5699 audis,
2557 5641 2794 5687 mentem
2824 5630 2969 5700 erige
2996 5628 3061 5681 ad
3092 5627 3486 5680 sublimitatem
3520 5636 3624 5694 pete-

2081 5728 2233 5784 statis
2258 5727 2547 5799 Unigeuiti.
2578 5725 2655 5780 Ne
2687 5725 2777 5778 illa
2811 5724 2997 5794 ﬁgura,
3026 5735 3145 5792 qua:
3170 5719 3260 5773 hic
3292 5720 3371 5774 tui
3410 5733 3557 5774 causa
3576 5716 3626 5767 l2-
