3692 6274
71 285 191 341 503

66 402 283 472 δειγμα
326 402 419 456 τοῦ
468 404 870 477 ὲπικαταράτου
918 405 1114 474 ὄφεως·
1143 406 1278 477 πρὸς
1306 407 1361 460 δὲ
1394 410 1455 462 16
1489 413 1673 464 πεῖσαι

65 493 209 553 τοὺς
230 491 380 553 υἱοὺς
403 492 499 560 τῆς
520 492 820 555 εὐσεϐείας,
855 493 907 546 τί
937 493 1137 564 δήποτε
1164 494 1224 547 16
1247 496 1433 566 σχῆμα
1454 497 1549 550 τοῦ
1566 499 1677 550 ἐπιη

72 574 402 643 καταράτου
425 575 603 642 ὄφεως
622 574 785 629 εἰκὼν
819 576 1036 643 ἐγένετο
1064 576 1156 629 τοῦ
1197 582 1676 651 προσκυνουμένου

72 659 346 727 Χριστοῦ.
389 661 480 711 Διὸ
510 660 592 712 δεῖ
624 661 716 712 καὶ
741 662 890 729 ἡμᾶς
926 661 1102 714 εἰπεῖν
1132 662 1271 732 μετά
1304 664 1559 734 σπουδῆς,
1584 668 1672 719 κα)

72 742 231 813 ὑμᾶς
256 743 488 796 ἀκοῦσαι
521 745 658 813 μετά
692 744 1018 815 προθυμίας.

149 825 224 892 γ’.
249 826 425 878 Είκὼν
450 823 537 897 ἦν,
563 826 798 897 ἀδελφοὶ,
833 827 932 896 τῆς
953 828 1048 881 τοῦ
1068 829 1304 900 σταυροῦ
1326 832 1633 902 οἰκονομίας
1648 835 1677 887 6

66 906 253 971 τύπος
283 908 377 962 τοῦ
398 910 593 977 ὄφεως.
620 910 775 964 Κατά
799 910 855 964 δὲ
879 910 969 964 τὸν
998 911 1221 982 τρόπον,
1260 912 1447 984 ὥσπερ
1471 917 1677 980 ἐκεῖνος

68 993 103 1043 6
131 992 314 1055 τύπος
341 993 433 1046 τοῦ
460 994 639 1062 ὄφεως
670 994 853 1047 εἰκόνα
889 994 985 1064 μὲν
1015 995 1107 1049 καὶ
1136 993 1438 1068 ὄ’ζιιν,εῖχεν
1472 997 1668 1067 ὄφεως,

74 1078 163 1129 ἰόν
195 1077 255 1129 δὲ
288 1078 383 1130 καὶ
417 1078 682 1147 πονηρίαν
703 1078 802 1131 οὐκ
825 1073 967 1149 εἶχεν
993 1079 1187 1147 ὄφεως·
1222 1079 1365 1134 οὕτω
1399 1084 1534 1135 καὶό
1559 1082 1673 1136 Σω-

66 1160 209 1231 τὴρ,
246 1158 403 1231 [515]
433 1162 572 1214 κατὰ
601 1161 693 1214 τὸν
726 1161 866 1214 θεῖον
909 1162 1246 1225 Ἀπόστολον,
1282 1165 1341 1216 ὲν
1369 1164 1670 1235 ὁμοιώματι

70 1247 293 1318 σαρκὸς
317 1246 590 1317 ἁμαρτίας
611 1247 916 1314 ἐπιφανεὶς,
939 1246 1044 1311 ἔξω
1066 1247 1255 1316 γέγονε
1279 1247 1462 1319 πάσης
1492 1249 1672 1319 ἀμαρ-

65 1333 226 1392 τίας·
255 1330 441 1395 καθὼς
473 1332 567 1385 καὶ
591 1332 619 1383 6
654 1331 923 1402 μακάριος
966 1333 1197 1396 Ἡσαΐας
1232 1334 1441 1404 συνῳδὰ
1465 1333 1542 1405 τῷ
1566 1352 1673 1406 μα-

66 1416 266 1485 καρίῳ
294 1414 490 1484 Παύλῳ
521 1414 889 1483 φθεγγόμενός
919 1430 1103 1486 φησιν·
1128 1414 1228 1480 Ὃς
1248 1417 1538 1485 ἁμαρτίαν
1562 1419 1673 1471 οὐκ

61 1500 398 1565 ἐποίησεν,
436 1497 580 1550 οὐδὲ
615 1498 825 1565 εὑρέθη
860 1498 1040 1565 δόλος
1083 1498 1151 1551 ἐν
1178 1499 1258 1562 τῷ
1289 1501 1540 1570 στόματι
1563 1503 1671 1555 αὺ-

64 1583 212 1636 τοῦ.
247 1583 404 1635 Κατά
452 1583 541 1634 τὸν
580 1582 807 1635 Ἡσαΐαν
839 1583 983 1653 ἔχεις
1035 1584 1164 1653 μίαν
1188 1585 1392 1638 εἰκόνα·
1419 1585 1541 1641 ἐλθέ
1583 1604 1672 1657 μοι

66 1669 176 1719 καὶ
211 1668 299 1734 ἐφ’
330 1666 526 1734 ἑτέραν
580 1665 783 1718 εἰκόνα.
824 1666 999 1718 Βλέπε
1046 1666 1132 1720 διὰ
1177 1668 1283 1720 τῶν
1309 1668 1495 1721 τύπων
1528 1669 1671 1740 λάμ-

64 1768 301 1803 πουσαν
348 1751 447 1815 τήν
484 1749 762 1819 ἀλήθειαν.
796 1750 857 1802 Οἱ
888 1749 1039 1819 ὄφεις
1082 1751 1302 1805 ἕδακνον
1353 1754 1479 1815 τοὺς
1525 1756 1672 1817 υἱοὺς

77 1830 336 1905 Ἰσραήλ,
377 1836 465 1887 ὅτε
504 1833 630 1896 λαὸς
652 1833 856 1904 ὀλέθρῳ
902 1834 1215 1903 περιέπεσε.
1258 1835 1555 1906 Φάρμακον
1593 1839 1674 1900 εἰς

64 1919 363 1987 σωτηρίαν
393 1917 632 1987 Μωῦσῆς
662 1917 889 1970 ἱκετεύει
921 1918 1105 1971 δοῦναι
1134 1918 1223 1972 τὸν
1258 1920 1409 1972 Θεόν.
1456 1921 1511 1972 '0
1539 1920 1671 1984 Θεὸς

63 2004 435 2059 ὑποδείκνυσι
496 2003 575 2074 τῷ
631 2001 922 2073 θεράποντι
982 2003 1274 2073 φάρμακον
1330 2006 1669 2076 εὐεργεσίας,

62 2087 173 2140 καί
204 2104 360 2155 φησι·
385 2087 653 2154 Ποίησον
691 2088 831 2155 ὅφιν
872 2085 1162 2154 χαλκοῦν,
1193 2087 1292 2141 καὶ
1330 2087 1530 2155 πῆξον
1564 2090 1671 2143 αὺ-

61 2172 189 2223 τὸν
217 2169 335 2237 πρὸ
375 2168 481 2237 τῆς
527 2169 769 2237 σκηνῆς
810 2170 916 2222 τοῦ
941 2171 1292 2240 μαρτυρίου.
1326 2171 1390 2223 Τί
1425 2171 1670 2241 βούλεται

62 2256 133 2307 16
168 2255 514 2323 ύπόδειγμας
550 2254 732 2307 ’Ἄλλοι
775 2255 824 2306 οἰ
859 2253 1146 2317 δάκνοντες
1174 2255 1349 2323 ὄφεις,
1374 2257 1469 2309 καὶ
1515 2256 1672 2320 ἄλλος

61 2339 228 2409 ὑπὲρ
262 2338 444 2391 αὐτῶν
472 2338 892 2409 σταυρούμενος.
924 2338 989 2391 Τί
1028 2337 1274 2407 βούλεται
1322 2340 1382 2393 τὸ
1414 2342 1668 2411 αἵνιγμα;

59 2423 124 2477 τί
160 2421 564 2489 ἐπαγγέλλεται
607 2423 639 2491 ή
682 2421 810 2475 σκιά
860 2420 954 2474 τοῦ
1005 2421 1304 2492 μυστηρίου
1343 2434 1403 2487 ις
1461 2423 1670 2495 Ὥσπερ

61 2509 221 2567 ἐκεῖ,
258 2505 443 2575 φησὶν,
479 2507 506 2558 ὁ
534 2504 723 2568 τύπος,
752 2504 929 2558 ἄλλων
965 2503 1271 2557 δακνόντων
1296 2505 1493 2574 ὄφεων,
1535 2510 1563 2561 6
1595 2507 1669 2579 μὴ

56 2592 296 2643 δάκνων
322 2590 457 2660 μηδὲ
488 2588 699 2660 πλήξας
735 2588 1082 2660 προσήλωται
1107 2587 1184 2658 τῷ
1216 2588 1375 2659 ξύλῳ·
1404 2590 1546 2643 οὕτω
1577 2593 1671 2645 καὶ

60 2674 188 2727 τῶν
239 2673 415 2728 ἄλλων
449 2672 753 2743 ἀνθρώπων
803 2673 1243 2743 ἁμαρτανόντων,
1283 2673 1423 2743 ὑπὲρ
1455 2674 1671 2727 πάντων

65 2757 270 2829 μέλλει
297 2758 525 2826 πάσχειν
556 2758 584 2809 6
624 2755 831 2826 Ἰησοῦς
863 2758 890 2809 6
924 2755 1334 2827 ἀναμάρτητος..
1366 2756 1533 2827 ’Υπὲρ
1562 2757 1672 2813 τῶν

59 2841 388 2895 δακνόντων
412 2840 588 2909 ὄφεων
609 2839 731 2909 ὄφις
764 2840 1146 2911 ἀναμάρτητος
1168 2840 1511 2910 σταυροῦται·
1533 2843 1671 2913 ὑπὲρ

62 2925 243 2997 ἡμῶν
304 2924 413 2976 τῶν
448 2922 825 2993 ὑποκειμένων
857 2920 1072 2993 θανάτῳ
1101 2924 1129 2975 6
1156 2922 1397 2994 ἁμαρτία
1430 2923 1502 2995 μὴ
1535 2925 1669 2978 ύπο-

64 3011 339 3080 κείμενος
360 3007 745 3079 προσηλοῦται.
787 3007 963 3078 Ὅπερ
996 3006 1133 3076 μετά
1160 3005 1268 3058 τῶν
1300 3006 1472 3061 ἄλλων
1492 3008 1672 3074 καλῶς

63 3091 545 3165 προανεφώνησεν
572 3087 673 3145 ὧδέ
703 3106 819 3153 πως
862 3090 1087 3152 Ἡσαΐας
1117 3088 1313 3159 λέγων·
1358 3091 1536 3160 ’Υπὲρ
1556 3092 1674 3146 τῶν

61 3177 387 3247 ἁμαρτιῶν
422 3175 529 3229 τοῦ
579 3174 733 3229 λαοῦ
780 3169 968 3243 ἦλθεν
999 3177 1087 3240 είς
1130 3174 1407 3228 θάνατον·
1447 3177 1560 3240 καὶ,
1608 3176 1672 3229 '0

62 3262 307 3331 Κύριος
351 3260 693 3329 παρέδωκεν
744 3259 963 3313 ἑαυτὸν
1008 3256 1160 3327 ὑπὲρ
1214 3258 1332 3312 τῶν
1376 3260 1674 3330 ἁμαρτιῶν

66 3346 281 3419 ἡμῶν.
348 3344 828 3417 Ἀναμαρτυρῆσαι
877 3345 984 3415 χρὴ
1041 3344 1201 3398 πάλιν
1238 3345 1333 3398 τοῦ
1372 3347 1671 3420 μυστηρίου

61 3436 172 3488 τὸν
198 3432 382 3500 λόγον.
417 3432 629 3502 Ὥσπερ
659 3430 778 3483 ἐκεῖ
803 3428 952 3482 ἄλλοι
981 3431 1028 3482 οἰ
1046 3429 1360 3497 δάκνοντες,
1393 3432 1488 3485 καὶ
1515 3432 1673 3498 ἄλλος

62 3521 93 3572 ὁ
133 3515 518 3586 πηγνύμενος·
555 3514 698 3567 οὓτω
730 3514 824 3567 καὶ
861 3511 1095 3566 ἐνταῦθα
1120 3513 1321 3576 πάντες
1341 3515 1390 3566 οί
1420 3517 1672 3587 ἁμαρτῆ-

66 3616 303 3662 σαντες,
331 3600 427 3653 καὶ
454 3592 533 3660 εἷς
557 3600 586 3652 6
621 3598 761 3670 ὑπὲρ
787 3597 1003 3651 πάντων
1034 3597 1452 3669 σταυρούμενος.
1487 3600 1674 3670 Ἔχεις

62 3684 345 3755 δευτέραν
376 3680 578 3735 εἰκόνα·
614 3681 889 3751 σκόπησόν
910 3698 1000 3751 μοι
1020 3680 1114 3734 καὶ
1142 3680 1335 3752 ἑτέραν
1350 3681 1534 3735 εἰκόνα
1559 3682 1673 3754 τρί-

62 3782 205 3839 την·
253 3764 386 3819 Ἐπί
414 3765 712 3833 στόματος
737 3763 845 3818 δύο
879 3763 976 3818 καί
996 3762 1172 3833 τριῶν
1191 3765 1507 3833 μαρτύρων
1538 3783 1675 3819 στα-

61 3853 336 3921 θήσεται
359 3849 481 3905 πᾶν
501 3848 688 3919 ῥῆμα.
705 3848 802 3901 Διά
821 3848 873 3901 τί
902 3847 1226 3919 σταυροῦται
1260 3848 1493 3919 χαλκοῦς
1519 3850 1672 3921 ὄφις;

67 3941 212 3992 ἰνιτ
246 3933 568 4005 καταργηθῇ
594 3934 661 3987 τὰ
677 3933 928 4003 δήγματα
951 3930 1060 3985 τῶν
1084 3931 1278 4001 ὄφεων.
1313 3933 1475 3987 ’Ἄλλο
1494 3930 1586 3987 οὖν
1613 3935 1675 3987 16

70 4017 519 4089 σταυρούμενον,
555 4016 652 4070 καὶ
682 4015 817 4069 ἄλλα
838 4014 907 4069 τὰ
935 4014 1374 4086 καταργούμενα.
1397 4016 1509 4088 Οὐχ
1541 4018 1674 4088 ὁρᾷς

67 4106 188 4177 τὴν
212 4102 452 4172 ἔμφασιν
485 4101 582 4170 τῆς
611 4099 901 4171 ἀληθείας;
937 4099 998 4152 ού
1021 4098 1237 4169 βλέπεις
1261 4101 1336 4164 ὡς
1361 4101 1418 4154 ἐν
1449 4099 1674 4172 κρυπτῷ

67 4186 381 4259 γράμματι
404 4183 502 4255 τήν
526 4182 754 4254 δύναμιν
782 4183 882 4253 τῆς
913 4183 1252 4253 οἰκονομίας;
1297 4182 1673 4255 Ἐσταυρώθη,

66 4269 277 4342 φησὶν,
294 4268 528 4337 ὄφις,ἱ’να
546 4267 867 4340 καταργηθῇ
883 4267 991 4319 τῶν
1004 4266 1306 4341 δρακόντων
1319 4268 1384 4320 τά
1400 4267 1673 4339 δήγματα·

64 4352 410 4425 ἐσταυρώθη
434 4352 686 4422 Χριστὸς,
725 4353 812 4406 ἵνα
848 4344 1237 4422 καταργηθῶσι
1276 4351 1382 4405 τῶν
1409 4352 1676 4421 δαιμόνων

66 4443 135 4494 αί
162 4437 467 4508 ἐνέργειαι.
494 4435 686 4499 ’Ἄλλος
722 4437 749 4489 6
779 4434 901 4504 ὄφις
920 4436 949 4488 6
970 4434 1441 4507 πηγνύμενος,καὶ
1461 4436 1609 4490 ἄλλοι
1626 4438 1676 4491 οἱ

66 4521 530 4593 καταργούμενοι
566 4520 878 4590 δράκοντες·
918 4518 1074 4581 ἄλλος
1097 4521 1124 4572 6
1149 4519 1241 4572 ἐπὶ
1279 4520 1513 4591 σταυροῦ
1544 4521 1679 4592 Χρι-

68 4607 235 4671 στὸς,
266 4605 361 4659 καὶ
384 4604 594 4658 ἄλλοισί
624 4604 1056 4675 καταργούμενοι
1072 4604 1338 4675 δαίμονες.
1366 4606 1473 4659 Καὶ
1489 4604 1637 4658 ὥσπε
1648 4623 1678 4677 ρ

66 4692 208 4745 ἐκεῖ
242 4691 278 4759 ή
312 4688 474 4741 εἰκὼν
512 4688 605 4740 τοῦ
634 4687 810 4757 ὄφεως
851 4687 946 4739 τοῦ
993 4687 1316 4758 φαινομένου
1362 4692 1677 4762 κατήργησε

65 4778 149 4831 τὰ
200 4773 455 4844 δήγματα
479 4771 587 4825 τῶν
605 4771 803 4841 ὄφεων,
833 4770 973 4825 οὕτω
992 4771 1086 4825 καὶ
1113 4772 1346 4825 ἐνταῦθα
1381 4775 1412 4844 ή
1437 4775 1529 4827 τοῦ
1548 4776 1680 4845 Χρι-

73 4857 223 4917 στοῦ
256 4857 521 4926 νέκρωσις
560 4855 655 4908 τοῦ
715 4855 945 4910 θανάτου
1003 4855 1191 4925 γέγονε
1241 4856 1528 4927 νέκρωσις,
1586 4858 1681 4911 καὶ

68 4944 199 4999 τῶν
234 4940 506 5010 δαιμόνων
534 4939 874 5010 καθαίρεσις.
922 4940 1161 5003 Εἰκότως
1182 4935 1272 4993 οῦν
1302 4942 1329 4992 6
1368 4941 1553 5012 Σωτὴρ
1582 4940 1681 5013 τὴν

67 5025 282 5081 εἰκόνα
306 5024 439 5095 πρὸς
460 5024 650 5078 ἑαυτὸν
674 5023 927 5095 ἁρμόζων
952 5024 1123 5094 ἔλεγε·
1144 5025 1253 5078 Καὶ
1283 5024 1477 5092 καθὼς
1511 5030 1678 5080 Μωῢ-

70 5110 218 5179 σῆς
252 5108 465 5179 ὕψωσε
490 5107 597 5160 τὸν
629 5107 769 5177 ὄφιν
797 5106 956 5175 ἐντῇ
984 5107 1199 5177 ἐρήμῳ,
1226 5109 1378 5163 οὕτω
1403 5109 1498 5163 δεῖ
1520 5112 1681 5178 ὑψω-

70 5197 271 5265 θῆναι
302 5194 407 5247 τὸν
439 5193 573 5247 Υίύν
588 5192 693 5247 τοῦ
714 5192 1047 5260 ἀνθρώπου,
1072 5193 1171 5250 ἵνα
1189 5194 1305 5260 πᾶς
1325 5198 1357 5249 ό
1382 5196 1683 5250 πιστεύων

68 5286 177 5350 εἰς
223 5280 412 5333 αὐτὸν
440 5278 526 5347 μὴ
567 5278 884 5344 ἀπόληται,
914 5277 1051 5332 ἀλλ’
1082 5278 1193 5347 ἔχῃ
1229 5279 1381 5346 ζωὴν
1422 5280 1681 5335 αἰώνιον,

75 5371 308 5435 νεχεις,
339 5361 554 5429 ἀδελφὲ,
591 5361 859 5432 μακάριον
890 5361 1131 5431 Μωῦσῆν
1153 5362 1246 5415 καὶ
1274 5364 1330 5416 ἐν
1353 5364 1524 5436 ἑτέρῳ
1547 5366 1683 5437 σχή-

76 5466 231 5523 ματι
263 5446 355 5499 τὸν
392 5444 621 5516 σταυρὸν
678 5443 1093 5515 ὑπογράφοντα·
1136 5447 1230 5499 καὶ
1284 5447 1449 5514 ὄπως,
1496 5449 1680 5503 ἄκουε.

72 5536 186 5591 Δεῖ
222 5530 335 5601 γὰρ
377 5532 506 5599 περὶ
554 5526 787 5601 σταυροῦ
819 5528 1075 5596 λέγοντας
1105 5528 1304 5594 πολλὰς
1333 5532 1683 5604 παραστῆσαι

70 5621 189 5680 τοῦ
242 5616 549 5691 μυστηρίου
601 5617 701 5680 τὰς
756 5614 1003 5689 θεωρίας.
1058 5616 1344 5673 Ἐπέθεντό
1403 5637 1531 5673 ποτε
1573 5623 1684 5683 τοῖς

147 5750 179 5781 ⁸
208 5748 340 5812 Beg.
375 5744 462 5795 τοῦ
485 5720 755 5809 μαρτυρίου.

1303 295 1389 350 DE
1431 293 1792 351 SERPENTE
1840 295 2144 354 HOMILIA.

3246 297 3350 355 τοι

1792 410 2151 481 Ἰσραηλίταις
2184 409 2493 478 ἀλλόφυλοι,
2538 409 2679 463 κατά
2707 408 2804 481 τήν
2843 409 3069 482 ἔρημον·
3111 410 3357 483 Ἀμαλὴκ

1772 492 1831 546 δὲ
1856 493 2027 566 ὄνομα
2064 498 2176 557 τοῖς
2208 494 2546 563 ἀλλοφύλοις.
2592 494 2931 548 ’Λποστέλλει
2968 495 3206 564 Μωῦσῆς
3249 497 3357 567 Ἰη-

1774 574 1903 630 σοῦν
1934 576 2025 632 16v
2056 576 2153 630 τοῦ
2188 578 2366 647 Ναυῆ.
2415 578 2863 648 στρατηγήσοντα
2897 579 3012 640 τοῖς
3039 578 3353 647 ὁμοφύλοις.

1772 660 1867 713 καὶ
1889 660 2096 724 ὁπλίζει
2126 661 2223 731 μὲν
2249 661 2340 713 τὸν
2371 660 2612 730 διάδοχον
2658 658 2873 724 ἑαυτοῦ,
2910 660 3060 730 μένει
3109 660 3165 713 δὲ
3200 660 3357 734 [5161

1772 743 1936 806 αὐτὸς
1961 746 2019 797 ὲν
2042 743 2120 813 τῷ
2140 744 2255 815 ὄρει
2277 745 2375 807 τὰς
2406 748 2593 815 χεῖρας
2629 746 2903 797 ἐκτείνων.
2941 743 3198 813 Μωῦσῆς
3221 746 3352 818 γὰρ.

1773 827 1955 896 φησὶν,
1994 827 2178 893 ἀνέϐη
2216 829 2303 893 εἰς
2340 827 2406 879 τὸ
2434 828 2592 893 ὅρος,
2624 826 2719 880 καί
2742 826 2990 893 ἧπλωσε
3019 828 3124 892 τὰς
3152 828 3355 897 χεῖρας

1771 910 1977 964 αὑτοῦ·
2007 912 2103 964 καὶ
2132 910 2569 979 ἐγένετοῄνίκα
2593 909 2669 963 ἂν
2690 908 2948 974 ἐξέτεινε
2970 910 3233 979 Μωῦσῆς
3249 911 3357 981 τὰς

1773 992 1999 1061 χεῖρας,
2044 994 2215 1046 ἐνίκα
2263 997 2295 1047 ό
2337 992 2595 1062 Ἰσραήλ·
2632 992 2728 1046 καί
2764 993 2945 1060 ἡνίκα
2974 995 3051 1047 ἂν
3078 997 3352 1062 κατετίθη

1772 1076 1877 1140 τὰς
1900 1076 2103 1144 χεῖρας
2136 1075 2255 1130 ὑπὸ
2276 1077 2380 1129 τοῦ
2400 1076 2739 1144 σωματικοῦ
2754 1075 2985 1145 ,ϐάρους
3009 1076 3352 1145 νικώμενος,

1770 1160 1941 1215 ἐνίκα
1968 1164 2000 1214 ό
2035 1161 2321 1230 Ἀμαλήκ.
2379 1161 2442 1213 Τί
2475 1161 2722 1231 βούλεται
2773 1160 2834 1214 16
2862 1160 3075 1231 σχῆμας
3126 1160 3184 1214 '0
3228 1162 3356 1214 Ἰου-

1771 1243 1917 1306 δαῖος
1950 1244 2151 1307 εὐθέως
2186 1243 2538 1315 φοϐούμενος,
2568 1245 2641 1314 μὴ
2670 1244 2861 1315 λάμψῃ
2904 1243 2991 1297 διὰ
3021 1245 3121 1315 τῆς
3147 1243 3357 1307 εἰκόνος

1770 1327 1953 1395 ἡδόξα
2004 1329 2096 1381 τοῦ
2138 1328 2372 1399 σταυροῦ
2426 1328 2519 1380 τοῦ
2572 1328 2833 1398 Χριστοῦ,
2867 1328 3056 1388 Οὐδὲν,
3089 1326 3275 1397 φησιν,
3326 1329 3356 1380 6

1769 1408 1938 1473 τύπος
1970 1410 2081 1481 ἔχει
2114 1411 2222 1464 τῶν
2257 1411 2408 1482 παρά
2456 1412 2538 1464 σοὶ
2595 1410 2998 1481 μυθευομένων.
3038 1409 3354 1482 Προσευχῆς

1767 1488 1835 1563 ἦν
1874 1496 2050 1548 έκεῖνο
2073 1496 2134 1548 τὸ
2163 1496 2351 1566 σχῆμα
2391 1495 2581 1557 τύπος,
2609 1495 2710 1548 ούκ
2744 1493 2971 1555 εἰκόνος,
3006 1494 3082 1555 ὡς
3114 1493 3178 1546 σὺ
3217 1493 3354 1546 61:0-

1768 1580 1928 1642 νοεῖς.
1960 1580 2069 1632 Καὶ
2095 1581 2145 1633 τί
2178 1580 2400 1650 δήποτε,
2452 1579 2611 1649 εἴπερ
2658 1577 2872 1649 ἀληθῶς
2916 1580 2996 1632 ὅτι
3038 1578 3249 1649 καρπὸς
3284 1573 3353 1647 ἦν

1768 1661 1868 1730 τῆς
1911 1662 2215 1733 προσευχῆς
2242 1665 2275 1732 ή
2305 1662 2450 1732 νίκη,
2502 1662 2561 1714 ού
2596 1664 2662 1731 τῇ
2716 1664 2990 1731 προσευχῇ
3037 1662 3137 1732 τήν
3196 1660 3353 1729 νίκην

1776 1743 2088 1814 ὑπέγραψεν
2114 1747 2142 1798 6
2166 1746 2320 1814 λόγος
2349 1746 2430 1813 (ού
2454 1743 2562 1815 γὰρ
2583 1739 2735 1797 εἶπεν
2766 1745 3026 1815 ήΓραφή·
3044 1744 3236 1797 Ὶινίκα
3260 1742 3356 1813 ηὕ-

1772 1846 1896 1898 χετο
1926 1831 2183 1901 Μωῡσῆς·
2214 1830 2373 1884 τοῦτο
2401 1830 2507 1902 γὰρ
2534 1826 2602 1899 ἦν
2630 1828 2985 1901 γνωρίζοντος
3015 1827 3249 1898 ἀληθῶς,
3270 1829 3350 1881 ὅτι

1773 1913 1980 1983 καρπὸς
2009 1915 2108 1967 οὐκ
2132 1910 2199 1985 ἦν
2231 1914 2330 1984 τῆς
2357 1912 2665 1983 προσευχῆς
2696 1915 2727 1984 ή
2756 1912 2926 1982 νίκη),
2957 1912 3071 1966 ἀλλ’
3104 1911 3135 1982 ἢ
3169 1914 3234 1983 τῇ
3270 1914 3351 1965 εἰ·-

1771 2000 1885 2053 κόνι
1902 2002 1997 2054 καὶ
2023 1999 2100 2070 τῷ
2121 2002 2360 2071 σχήματι
2390 1998 2498 2053 τῶν
2516 1997 2748 2069 χειρῶνς
2786 1997 2977 2051 Ἦνίκα
3006 1997 3113 2067 γὰρ
3141 1996 3353 2066 καθῆκε

1768 2085 2007 2154 Μωύσῆς
2039 2084 2137 2147 τὰς
2186 2087 2395 2153 χεῖρας,
2451 2084 2651 2152 ἡττᾶτο
2708 2083 2736 2133 6
2797 2081 3029 2151 Ἰσραήλ·
3082 2081 3245 2152 ήνίκα
3296 2078 3352 2131 δὲ

1767 2167 1960 2236 ῆπλου,
1992 2169 2187 2238 ήττᾶτο
2220 2168 2249 2220 6
2282 2166 2550 2237 Ἀμαλήκ.
2594 2166 2655 2217 Εἰ
2680 2164 2789 2235 γὰρ
2821 2164 2920 2235 τῆς
2947 2165 3256 2234 προσευχῆς
3283 2157 3352 2230 ἦν

1768 2252 1828 2304 τὸ
1859 2251 2037 2324 ἔργον,
2064 2253 2230 2323 ὲχρῆν
2273 2254 2465 2305 εἰπεῖν·
2500 2251 2609 2304 Καὶ⁹
2648 2250 2814 2320 ἡνίκα
2857 2248 3055 2320 ηὔχετο
3088 2246 3352 2316 Μωῠσής.

1768 2335 1942 2391 ἐνίκα.
1988 2336 2148 2398 Ἀλλ’,
2183 2337 2259 2399 ὡς
2278 2336 2449 2406 ἔφθην
2481 2334 2670 2393 εἰπὼν,
2689 2334 2788 2405 τὴν
2818 2333 3125 2405 προσευχὴν
3153 2348 3356 2403 παρενι

1770 2419 2015 2491 θέμενος,
2060 2421 2159 2491 ούχ
2192 2420 2268 2483 ὡς
2299 2420 2593 2491 ἄχρηστον,
2636 2418 2749 2472 ἀλλ’
2783 2419 2857 2481 ὡς
2885 2417 3204 2487 ὀφείλουσαν
3243 2434 3351 2469 πα-

1771 2504 2087 2575 ραχωρῆσαι
2121 2507 2187 2576 τῇ
2222 2504 2389 2557 εἰκόνι
2423 2502 2517 2557 τοῦ
2565 2503 2821 2575 σταυροῦ,
2847 2501 2923 2572 τῷ
2961 2500 3118 2572 τύπῳ
3156 2500 3251 2554 καὶ
3276 2500 3353 2569 τῷ

1771 2587 1980 2657 σημείῳ
2026 2586 2124 2658 τὴν
2158 2587 2315 2657 νίκην
2360 2587 2687 2657 ὑπογράφει.
2735 2584 2927 2640 Ἦνίκα
2979 2583 3089 2654 γὰρ
3128 2582 3353 2655 ήπλωσε

1770 2672 2014 2741 Μωῦσῆς
2050 2670 2149 2734 τάς
2183 2674 2393 2742 χεῖρας,
2441 2671 2597 2724 ὲνίκα
2631 2671 2660 2722 6
2705 2668 2942 2741 Ἰσραήλ.
2999 2668 3063 2719 Τί
3104 2665 3351 2736 βούλεται

1767 2755 2079 2826 ἀπλουμένη
2113 2753 2775 2827 χείρςἊναζωγράφησον
2806 2753 2934 2823 παρ’
2966 2750 3143 2821 ἑαυτῷ
3162 2753 3351 2821 χεῖρας

1766 2839 2117 2909 ήπλωμένας,
2150 2838 2237 2891 ἵνα
2270 2837 2386 2910 ἴδῃς
2413 2836 2507 2891 τοῦ
2539 2834 2916 2909 προσκυνητωῖι
2948 2832 3183 2904 σταυροῦ
3209 2833 3353 2904 λάμ-

1768 2939 1977 2975 πουσαν
2004 2922 2102 2992 τὴν
2137 2921 2341 2975 εἰκόνα.
2402 2920 2542 2973 Ἀλλ’
2582 2920 2776 2989 ἔκαμε,
2806 2919 2959 2988 φησὶ,
2994 2915 3255 2985 Μωῦσῆς·
3289 2916 3352 2968 o6

1768 3006 1876 3076 γὰρ
1904 3006 2257 3076 ύπούργησαν
2284 3007 2338 3058 αἱ
2363 3006 2543 3075 χεῖρες
2558 3004 2696 3074 πρὸς
2723 3002 2824 3073 τὴν
2856 3003 3041 3056 εἰκόνα
3069 3000 3148 3070 τῷ
3171 3004 3354 3072 σωμα-

1767 3088 1905 3159 τικῷ
1947 3088 2101 3160 βάρει
2137 3087 2456 3158 νικώμεναι.
2486 3086 2551 3138 Τί
2579 3082 2705 3152 οὖνς
2736 3088 2854 3139 Ὶνα
2878 3086 2952 3156 μὴ
2985 3084 3238 3154 λυθείσης
3252 3084 3353 3152 τῆς

1768 3176 1993 3239 εἰκόνος,
2030 3174 2163 3245 λυθῇ
2190 3175 2283 3228 καὶ
2328 3175 2360 3244 ή
2406 3172 2554 3243 νίκη,
2601 3174 2816 3225 ἵσταται
2868 3169 3075 3242 Ἀαρὼν
3101 3170 3196 3222 καὶ
3231 3170 3349 3238 “ap.

1769 3264 1863 3318 καὶ
1901 3262 2186 3333 ἐκούφιζον
2210 3262 2376 3317 αὐτοῦ
2403 3262 2502 3326 τὰς
2529 3264 2737 3332 χεῖρας,
2770 3261 2855 3313 ἵνα
2892 3260 2966 3337 μή
2996 3261 3029 3329 ἡ
3063 3257 3227 3311 εἰκὼν
3257 3257 3351 3311 τοῦ

1770 3352 2006 3424 σταυροῦ
2046 3351 2393 3423 παρελθοῦσα
2441 3352 2535 3404 καὶ
2582 3350 2908 3420 παυσαμένη
2946 3347 3113 3416 σϐέσῃ
3151 3347 3251 3416 τὴν
3276 3347 3356 3397 νί-

1769 3460 1890 3514 κην.
1929 3442 2030 3496 Διά
2054 3443 2106 3497 τί
2133 3441 2190 3496 δὲ
2214 3442 2349 3505 ὅλως
2382 3439 2592 3510 Ἀαρὼν
2621 3439 2715 3493 καὶ
2740 3439 2840 3511 Ὢρ
2869 3437 2967 3501 τάς
3003 3438 3191 3507 χεῖρας
3219 3435 3355 3488 61:0-

1772 3532 2152 3602 στηρίζουσινς
2212 3530 2445 3599 Ἀαρὼν,
2481 3528 2720 3598 ἀδελφοὶ,
2754 3527 2856 3599 τὴν
2895 3524 3176 3597 ἱερατικὴν
3209 3525 3355 3576 ἐ.πεῖ-

1770 3642 1865 3695 χεν
1899 3624 2077 3690 ἀξίαν·
2117 3625 2145 3674 6
2188 3622 2245 3675 δὲ
2275 3623 2375 3692 Ὣρ
2418 3622 2516 3691 τῆς
2566 3618 2849 3689 βασιλικῆς
2897 3615 3071 3686 φυλῆς
3113 3610 3225 3684 εἶχε
3257 3612 3354 3683 τὴν

1774 3712 2112 3781 συγγένειαν.
2145 3712 2440 3783 Δορυφορεί
2466 3709 2642 3763 τοίνυν
2666 3706 2764 3780 τήν
2789 3706 2974 3759 εἰκόνα
3005 3702 3096 3758 τοῦ
3121 3701 3353 3774 σταυροῦ

1775 3802 2042 3875 ἱερωσύνη
2076 3802 2169 3855 καὶ
2199 3800 2459 3872 βασιλεία.
2490 3800 2600 3854 Καὶ
2619 3797 2806 3869 ὥσπερ
2836 3792 3355 3867 μεταμορφωθέντος

1772 3890 1865 3943 τοῦ
1892 3890 2095 3961 Κυρίου
2130 3889 2188 3941 ὲν
2208 3888 2284 3958 τῷ
2316 3887 2455 3961 ὄρει,
2485 3885 2641 3957 ὦφθη
2678 3884 2917 3953 Μωῦσῆς
2944 3882 3038 3935 καί¹
3074 3881 3259 3944 Ἠλίας
3292 3881 3356 3932 ἐκ

1772 3979 1963 4045 δεξιῶν
1997 3981 2091 4033 καὶ
2125 3979 2187 4044 ἐξ
2206 3978 2524 4047 εὐωνύμων,
2554 3976 2639 4029 ἵνα
2658 3972 3070 4045 δορυφορήσωσι
3097 3969 3188 4023 τοῦ
3224 3971 3357 4041 Χρι-

1774 4064 1900 4119 στοῦ
1930 4066 2031 4136 τήν
2058 4064 2341 4136 βασιλικὴν
2370 4062 2574 4116 εἰκόνα·
2591 4061 2651 4114 οὗ
2664 4080 2731 4114 τω
2762 4062 2854 4113 καὶ
2878 4057 3108 4112 ἐνταῦθα
3126 4055 3352 4129 Ἀαρὼν.

1772 4154 1872 4222 τῆς
1894 4154 2167 4223 ίερατείας
2192 4151 2346 4216 τάξιν
2382 4150 2612 4219 ἐπέχων,
2652 4148 2941 4219 δορυφορεῖ
2975 4145 3065 4199 τὸν
3102 4143 3353 4216 σταυρὸν,

1776 4242 1870 4296 καὶ
1892 4242 1989 4312 Ὢρ
2017 4240 2217 4311 ὁμοίως
2247 4240 2346 4309 τῆς
2377 4236 2659 4306 βασιλικῆς
2690 4234 2825 4304 ἔχων
2853 4234 2912 4287 16
2934 4233 3149 4305 πρῶτον
3175 4232 3354 4297 ἄνθος,

1774 4330 2067 4401 δορυφορεί
2081 4329 2172 4381 τὸν
2205 4326 2456 4397 σταυρόν.
2486 4324 2672 4379 Ταῦτά
2696 4341 2785 4394 μοι
2819 4322 3052 4394 εἴρηται,
3074 4322 3160 4375 ἵνα
3175 4321 3353 4386 δείξω,

1775 4419 1924 4481 ὅπως
1952 4420 2064 4480 τοῖς
2120 4416 2359 4486 πατράσι
2404 4416 2517 4477 τοῖς
2545 4410 2789 4484 ἀρχαίοις
2816 4410 3044 4473 ἐκείνοις
3064 4409 3164 4479 τῆς
3200 4410 3358 4463 εὐσε-

1777 4506 1930 4567 6είας
1952 4507 2204 4575 εἰσήγετο
2237 4506 2270 4573 ἡ
2303 4502 2485 4567 εἰκὼν,
2506 4502 2600 4555 καὶ
2622 4500 2854 4571 ἐτιμήθη
2876 4499 2968 4553 καὶ
3006 4500 3035 4552 6
3064 4498 3235 4563 τύπος
3252 4498 3359 4569 τῆς

1776 4594 2107 4665 οἰκονομίας.
2146 4594 2208 4645 Εἰ
2235 4592 2291 4645 δὲ
2321 4593 2369 4644 οἰ
2405 4588 2925 4658 προαναφωνοῦντες
2949 4586 3121 4650 οὕτως
3166 4588 3363 4657 ἐκήρυ-

1780 4683 1874 4748 ξαν
1898 4681 2139 4747 ἐνδόξως.
2171 4679 2313 4733 οὓτω
2335 4677 2727 4749 προετύπωσαν
2769 4675 3023 4745 ἐντίμως,
3066 4675 3239 4737 ποίοις
3267 4675 3361 4727 καὶ

1779 4771 1963 4831 πόσοις
2002 4769 2030 4809 b
2065 4769 2225 4837 ήμείς
2254 4768 2349 4820 καὶ
2386 4765 2635 4835 πηλίκοις
2666 4763 2893 4833 στόμασι
2923 4763 3017 4815 τοῦ
3044 4762 3243 4833 Κυρίου
3269 4762 3361 4814 τὸν

1780 4854 2016 4925 σταυρὸν
2038 4854 2129 4906 καὶ
2156 4853 2256 4922 τὴν
2281 4850 2462 4905 ἔνθεον
2492 4847 2805 4917 οἰκονομίαν
2835 4846 3161 4916 κηρύξωμεν
3187 4863 3201 4911 ;
3231 4842 3361 4900 Οἶδα

1780 4949 1861 5001 ὄτι
1893 4945 2062 5007 πολὺς
2091 4945 2234 5014 ὑμᾶς
2280 4942 2393 5012 ἔχει
2422 4940 2584 5003 πόθος
2631 4939 2740 4992 τῶν
2788 4936 3133 5008 δογματικῶν
3161 4938 3358 5006 λόγων,

1782 5034 2006 5090 καὶτῶν
2037 5033 2135 5104 τῆς
2174 5031 2451 5099 θεολογίας
2476 5028 2867 5099 κηρυγμάτων·
2905 5027 3021 5081 ἀλλ’
3042 5026 3189 5080 ἔστιν
3217 5028 3362 5080 ὲκεί-

1782 5140 1887 5178 νων
1917 5121 2121 5193 ἀδελφὰ
2148 5122 2242 5174 καὶ
2273 5119 2341 5172 τὰ
2364 5106 2460 5173 νῦν
2483 5116 2769 5187 εἰρημένα.
2810 5116 2922 5186 Τῆς
2944 5114 3054 5187 γὰρ
3083 5116 3253 5185 αὐτῆς
3278 5117 3364 5168 ὲν-

1782 5213 1933 5274 νοίας
1962 5211 2056 5264 καὶ
2101 5209 2332 5280 σταυρὸν
2361 5205 2596 5279 κηρῦξαι
2623 5247 2636 5270 ,
2674 5205 2769 5257 καὶ
2818 5204 2910 5257 τὸν
2943 5204 3202 5274 μονογενῆ
3231 5203 3364 5257 θεὸν

1783 5300 1955 5369 Λόγον
2014 5297 2249 5368 ὑψῶσαι.
2312 5294 2612 5366 Τοιγαροῦν
2653 5293 2753 5347 κᾶν
2808 5293 2907 5363 τήν
2947 5290 3094 5364 [517]
3136 5291 3363 5361 θεότητα

1784 5388 1875 5443 τοῦ
1908 5387 2246 5455 Μονογενοῦς
2278 5387 2547 5458 ύμνήσης,
2582 5382 2686 5436 κᾶν
2718 5382 2816 5451 τὴν
2850 5380 3162 5450 οἰκονομίαν
3194 5379 3361 5449 τιμή⁸

1788 5491 1905 5545 σης,
1927 5474 2056 5545 μίαν
2074 5474 2166 5527 καὶ
2198 5473 2296 5543 τὴν
2329 5472 2495 5541 αὐτὴν
2514 5471 2627 5539 ἔχει
2644 5466 2916 5533 ἀπόδειξιν
2939 5466 3037 5535 τῆς
3059 5464 3361 5527 εὐσεϐείας.

1855 5559 1914 5612 δ’.
1929 5558 2076 5630 Πλὴν
2096 5558 2222 5611 ὅταν
2239 5555 2477 5625 ἀκούσῃς
2507 5553 2758 5624 σταυρὸν,
2776 5552 2902 5604 ὅταν
2919 5548 3158 5621 ἀκούσῃς
3177 5547 3375 5620 σῶμα·

1849 5684 1877 5723 b
1905 5684 2024 5733 Post
2042 5684 2210 5739 πόσοις
2232 5682 2345 5731 Sav.
2371 5683 2421 5732 in
2447 5694 2597 5740 marg.
2622 5677 2757 5727 addit
2781 5676 3015 5739 σημείοις,
3034 5679 3089 5725 et
3110 5686 3199 5737 pro
3218 5671 3384 5737 κηρὶ-κ

1793 5750 1941 5809 εωμεν
1962 5746 2105 5796 aﬂ'erl
2130 5759 2228 5795 var.
2255 5745 2372 5795 lect.
2395 5743 2684 5804 δσξάσωμεν.
