3692 6274
341 257 447 315 506

338 393 432 440 τος
455 377 801 447 οἰκονομίαν,
841 379 1086 450 ἀνάγαγέ
1121 394 1215 436 σου
1261 382 1360 455 τὴν
1398 384 1634 439 διάνοιαν
1673 385 1808 455 πρὸς
1856 387 1918 439 τὸ

342 459 477 530 ὕψος
502 460 602 529 τῆς
622 478 717 514 του
748 463 1086 532 Μονογενοῦς
1137 466 1404 533 ἐξουσίας.
1443 468 1533 540 Μὴ
1553 468 1614 522 τὸ
1641 469 1826 540 σχῆμα
1860 469 1922 522 τὸ

339 544 428 598 διὰ
457 545 517 597 σὲ
545 545 838 616 γενόμενον
883 548 1224 603 ταπεινούτω
1261 568 1354 604 σου
1394 551 1456 605 τὸ
1484 552 1758 623 φρόνημα,
1807 552 1921 606 ἀλλ’

341 630 374 698 ή
404 627 778 698 φιλανθρωπία
796 631 890 685 τοῦ
916 632 1186 698 σώσαντος
1215 635 1536 705 ἀναγαγέτω
1559 654 1652 690 σου
1680 637 1780 708 τὴν
1807 637 1922 691 6nd—

341 729 512 765 νοιαν.
537 713 775 783 Σταυρδς
809 716 908 785 μὲν
929 718 1040 788 γάρ
1067 717 1155 772 διὰ
1182 719 1262 782 σέ,
1305 719 1430 785 ἀξία
1451 719 1509 773 δὲ
1547 719 1680 773 Θεοῦ
1708 721 1775 774 δι’
1791 721 1920 773 ἐαυ-

340 793 452 846 τόν.
484 794 632 858 Ἀξία
657 795 714 848 δὲ
735 796 868 850 Θεοῦ
889 800 987 869 οὐχ
1007 799 1236 868 ὑψοῦται
1262 802 1459 871 λόγοις,
1486 803 1547 856 ού
1578 803 1920 874 καθαιρεῖται

341 876 518 944 λόγοις
539 895 553 909 ·
583 879 698 932 ἀλλ’
727 881 776 932 οἰ
805 883 1210 954 καθαιροῦντες,
1227 886 1443 940 ἑαυτῶν
1479 888 1798 959 ἐργάζονται
1823 887 1921 958 τὴν

343 960 694 1030 καθαίρεσιν·
729 965 780 1016 οἰ
824 965 879 1017 δὲ
923 967 1203 1036 ύψοῦντες,
1241 971 1448 1024 ἐαυτῶν
1501 973 1600 1042 τὴν
1649 971 1922 1026 εὐτέλειαν

342 1046 420 1106 εἰς
467 1044 599 1113 ὕψος
631 1046 942 1114 ἀνάγουσιν.
985 1051 1194 1124 ’Ὠσπερ
1225 1049 1318 1107 οὖν
1365 1053 1610 1123 ἐφθημεν
1654 1054 1920 1119 εἰπόντες,

343 1127 423 1178 ὅτι
470 1129 564 1182 καὶ
615 1129 644 1181 6
690 1129 788 1200 τὴν
827 1135 1155 1201 οἰκονομίαν,
1201 1137 1296 1189 καὶ
1327 1139 1354 1190 6
1387 1135 1484 1207 τὴν
1529 1137 1804 1207 θεολογίαν
1833 1140 1926 1192 ἀν-

344 1212 612 1294 υμνήσας,
639 1213 736 1284 τῆς
761 1216 931 1286 αὐτῆς
959 1215 1139 1286 ἔχεται
1164 1219 1421 1284 διανοίας·
1464 1210 1790 1294 ἀλλ’ῖέπειδή
1813 1226 1926 1287 τοῖς

345 1293 468 1362 χθὲς
496 1297 628 1364 ήμῑν
657 1300 1124 1369 γεγυμνασμένοις
1165 1301 1345 1356 ἐλειπέ
1386 1321 1440 1357 τι
1485 1306 1620 1375 πρὸς
1671 1306 1752 1370 τὸ,
1781 1293 1927 1360 θ”Ινα

344 1377 684 1445 γινώσκωσί
701 1398 774 1435 σε
789 1382 895 1435 τὸν
907 1385 1102 1452 μόνον
1119 1386 1411 1455 ἀληθινὸν
1427 1389 1576 1442 Θεὸν
1593 1390 1688 1443 καὶ
1709 1392 1928 1460 Κύριον

359 1462 592 1527 Ἰησοῦν
615 1467 873 1534 Χριστόν
893 1484 905 1497 ·
932 1470 1025 1521 καὶ
1053 1470 1190 1541 πρὸς
1219 1471 1318 1541 μὲν
1358 1472 1466 1526 τὸν
1497 1474 1688 1543 μόνον
1704 1475 1926 1540 ἀληθι-

346 1547 457 1598 νὲν
497 1547 646 1600 Θεὸν
662 1549 1060 1620 ἀπεδείχθησαν
1097 1555 1150 1606 αἰ
1176 1559 1501 1625 προφητεῖαι
1523 1557 1618 1609 καὶ
1638 1559 1694 1610 αἰ
1721 1573 1927 1628 μαρτυη

350 1629 460 1699 ρίαι
482 1631 560 1700 τῷ
583 1631 714 1703 Υἱῷ,
734 1632 815 1686 ὅτι
842 1635 934 1686 καὶ
960 1634 1118 1703 μόνος
1138 1637 1390 1707 ἀληθινός
1408 1658 1421 1669 ·
1451 1640 1744 1708 ἀναγκαῖον
1763 1641 1820 1694 δὲ
1847 1636 1928 1695 οῖ-

350 1731 446 1782 μαι
471 1715 729 1785 κάκείνην
767 1715 1018 1782 ἐξετάσαι
1041 1721 1140 1790 τῆς
1164 1719 1361 1785 λέξεως
1380 1721 1478 1794 τὴν
1502 1722 1755 1794 θεωρίαν.
1785 1723 1926 1777 Καί-

346 1813 426 1849 τοι
450 1797 614 1868 φησίν
637 1800 666 1851 6
694 1799 991 1870 αἰρετικός·
1025 1801 1089 1854 Τί
1117 1802 1180 1874 δὴ
1205 1803 1366 1858 πάλιν
1404 1804 1547 1876 ἔχεις
1581 1808 1674 1860 καί
1704 1806 1840 1878 πρὸς
1867 1805 1928 1860 τὸ

347 1879 754 1952 ἀπεσταλμένον
779 1883 981 1948 εἰπεῖν;
1015 1885 1221 1956 Ῥητῶς
1240 1887 1348 1959 γὰρ
1367 1888 1796 1960 ἀναγέγραπται·
1819 1891 1924 1944 Kal

345 1963 418 2016 ὃν
455 1962 817 2032 ἀπέστειλας
867 1967 1111 2035 Ἰησοῦν
1130 1971 1409 2036 Χριστόν.
1439 1972 1530 2042 Μὴ
1555 1972 1584 2024 6
1606 1972 1927 2036 ἀποστείλας

344 2047 423 2117 τῷ
454 2049 809 2102 ἀποσταλέντι
837 2051 1099 2122 ὁμότιμον
1133 2051 1243 2123 ἔχει
1263 2053 1361 2125 τὴν
1392 2053 1574 2122 άξίαν;
1619 2057 1802 2110 Ταῦτα
1832 2056 1928 2112 ἐὰν

351 2133 447 2202 μὲν
500 2135 564 2203 τῇ
615 2133 755 2199 λέξει
806 2133 1070 2188 δουλεύων
1111 2136 1507 2211 ἀναγινώσκεις,
1553 2139 1831 2204 πολλάκις,
1854 2141 1930 2204 ὡς

349 2219 772 2288 προειρήκαμεν,
796 2217 998 2290 πολλὴν
1020 2220 1272 2291 εὑρήσεις
1298 2221 1372 2285 ὡς
1395 2221 1608 2291 ἀληθῶς
1630 2222 1766 2295 πρὸς
1784 2225 1930 2294 ἡμᾶς

349 2301 717 2370 ἐναντιότητα,
752 2303 844 2355 καὶ
881 2303 942 2355 οὐ
974 2303 1367 2372 συμφωνοῦντα
1413 2308 1524 2369 τοῖς
1557 2306 1739 2370 αὐτοῖς
1784 2307 1930 2375 λογι-

353 2385 510 2450 σμοῖς
524 2382 590 2436 τά
613 2383 791 2448 καλῶς
811 2385 909 2454 μὲν
924 2387 1307 2456 γεγραμμένα,
1326 2387 1509 2451 κακῶς
1523 2388 1580 2441 δὲ
1598 2389 1896 2460 νενοημένα
1912 2405 1928 2422 ·

353 2465 446 2517 ἐάν
485 2463 542 2517 δέ
584 2466 720 2535 πρὸς
759 2468 928 2539 αὐτὴν
960 2468 1058 2537 τὴν
1098 2468 1356 2540 ἀλήθειαν
1390 2470 1664 2543 ἀναλάϐῃς
1708 2471 1806 2542 τὴν
1845 2472 1931 2525 ἐν·-

351 2564 520 2609 νοιαν,
549 2550 782 2620 οὐδαμοῦ
816 2569 896 2605 σοι
929 2553 1064 2624 πρὸς
1088 2553 1435 2625 ἐναντιότητα
1463 2559 1930 2628 περιτραπήσεται

352 2633 414 2685 τὸ
439 2633 539 2703 τῆς
563 2635 800 2699 διανοίας
817 2635 992 2706 όμμα,
1015 2639 1105 2690 ὑπ’
1123 2637 1288 2691 αὐτοῦ
1313 2638 1408 2692 τοῦ
1433 2639 1587 2708 ἁγίου
1617 2641 1933 2712 Πνεύματος

352 2716 710 2788 ὀδηγούμενον
740 2720 874 2789 πρὸς
901 2721 1100 2792 ἀκριϐῆ
1139 2722 1483 2792 κατανόησιν.
1530 2723 1602 2776 Τὸ
1629 2724 1758 2794 γάρ,
1797 2726 1932 2777 Ἀπ-

354 2801 605 2868 εστάνίη,
632 2803 725 2856 καὶ
769 2805 1166 2870 Ἀπέστειλεν,
1193 2805 1510 2876 ἀνθρώπινα
1535 2807 1631 2877 μὲν
1653 2808 1806 2880 φέρει
1836 2809 1934 2878 ρή-

358 2901 524 2953 ματα,
567 2885 684 2939 θεῖα
729 2887 784 2940 δὲ
830 2888 1088 2960 κηρύττει
1131 2891 1396 2960 νοήματα.
1445 2890 1582 2945 Οῦτε
1615 2892 1721 2963 γὰρ
1751 2895 1778 2945 6
1808 2895 1937 2945 ἀπο-

356 2966 572 3030 στείλας
622 2969 728 3022 ἀπδ
767 2969 948 3025 τόπων
997 2975 1075 3036 εἰς
1122 2973 1318 3037 τόπους
1361 2975 1698 3039 ἀπέστειλεν,
1733 2974 1856 3028 οὗτε
1906 2978 1934 3030 6

355 3051 683 3117 ἀποσταλεὶς
714 3054 820 3108 ἀπὸ
855 3055 1033 3109 τόπων
1076 3059 1156 3119 εἰς
1186 3057 1384 3120 τόπους
1424 3053 1604 3130 ἦλθεν.
1656 3058 1795 3111 Ἀλλ’
1823 3060 1932 3112 ἀπ-

355 3134 582 3198 έστειλε,
621 3139 804 3207 φησιν,
839 3141 866 3191 6
897 3139 1088 3211 Πατὴρ
1118 3139 1206 3192 τὸν
1231 3140 1355 3193 Υἰὸν
1384 3142 1464 3205 εἰς
1495 3141 1586 3194 τὸν
1606 3141 1828 3213 κόσμον,
1858 3141 1935 3204 ὡς

357 3220 434 3290 μὴ
487 3221 727 3292 παρόντα
773 3223 851 3294 τῷ
891 3225 1101 3295 κόσμῳ.
1135 3225 1267 3296 πρὸς
1295 3225 1354 3278 ὃν
1391 3225 1687 3296 ἐπέμπετο.
1731 3225 1854 3289 Πῶς
1899 3227 1933 3296 ἡ

353 3305 542 3378 Γραφή
570 3324 702 3378 φησι
733 3309 862 3380 περὶ
907 3309 1072 3362 αὑτοῦ
1101 3309 1192 3362 τοῦ
1225 3309 1451 3380 Κυρίου,
1492 3311 1596 3365 Ἔν
1624 3309 1704 3374 τῷ
1728 3310 1934 3379 κόσμῳ

350 3385 451 3459 ἦν,
467 3389 566 3444 καί
588 3393 620 3445 d
637 3392 862 3460 κόσμος
883 3391 958 3444 δι’
977 3392 1163 3446 αὑτοῦ
1185 3392 1420 3462 ἐγένετο
1433 3410 1452 3457 ;
1477 3393 1600 3457 Πῶς
1619 3390 1709 3447 οὖν
1725 3389 1886 3465 ἦλθεν
1907 3397 1936 3449 6

354 3471 565 3544 παρὼν,
590 3473 762 3544 ἐφάνη
783 3476 812 3527 6
834 3473 1138 3541 λανθάνων;
1165 3477 1213 3528 εἰ
1235 3476 1292 3528 δὲ
1321 3475 1538 3546 ἀληθῶς
1559 3516 1574 3539 ,
1600 3477 1676 3540 ὠς
1695 3477 1932 3545 ἀκούεις,

361 3559 494 3619 νοεῖς
523 3555 604 3620 τὸ,
648 3557 1009 3619 Ἀπέστειλε,
1038 3559 1190 3612 πᾶσα
1216 3559 1427 3629 ἀνάγκη
1459 3561 1552 3613 καὶ
1585 3560 1675 3613 τὸν
1697 3561 1934 3617 ἀποστα-

356 3638 516 3692 λέντα
567 3637 776 3702 τούτοις
834 3640 1120 3711 ἐπιστῆναι
1165 3642 1275 3704 τοῖς
1327 3642 1529 3703 τόποις,
1575 3637 1656 3706 οἷς
1711 3642 1936 3714 μηδέπω

357 3721 556 3792 παρῆν,
586 3721 680 3774 καί
711 3722 803 3774 τον
840 3721 1232 3776 ἀποστείλαντα
1260 3726 1379 3778 ἐκεῖ
1403 3726 1660 3796 πέμπειν,
1689 3727 1822 3780 ὅπου
1859 3726 1933 3798 μὴ

357 3804 609 3876 πάρεστι.
653 3804 776 3868 Πῶς
813 3800 905 3858 οὖν
935 3807 962 3859 6
1001 3806 1392 3878 εὑαγγελιστής
1427 3807 1601 3876 ἔλεγε,
1629 3808 1832 3863 Πάντα
1860 3810 1933 3863 δι’

355 3887 543 3944 αὑτοῦ
578 3887 837 3957 ἐγένετο,
865 3889 963 3943 καὶ
987 3890 1165 3960 χωρίς
1193 3890 1380 3945 αὐτοῦ
1407 3891 1643 3960 ἐγένετο
1663 3891 1806 3946 οὐδὲ
1829 3893 1899 3947 ἓν
1915 3909 1934 3958 ;

369 3973 470 4027 Ἐν
495 3969 575 4038 τῷ
595 3971 801 4042 κόσμῳ
823 3969 917 4043 ἦν,
945 3973 1041 4028 καὶ
1065 3977 1099 4028 0'
1124 3975 1355 4043 κόσμος
1372 3973 1445 4028 δι’
1471 3975 1656 4030 αὐτοῦ
1676 3975 1934 4045 ἐγένετω

356 4057 419 4110 Εἰ
451 4055 625 4112 τοίνυν
645 4053 712 4128 ἦν
739 4061 795 4112 ἐν
823 4057 901 4130 τῷ
926 4058 1134 4130 κόσμῳ,
1181 4059 1298 4122 πῶς
1332 4059 1716 4114 ἀποστέλλεται
1755 4062 1814 4114 ἐν
1857 4062 1935 4133 τῷ

357 4139 575 4212 κόσμῳ;
617 4143 732 4194 οὐκ
775 4142 1014 4213 ήκουσας
1062 4142 1224 4196 αὐτοῦ
1271 4142 1549 4213 λέγοντος,
1599 4144 1711 4200 Τόν
1755 4147 1933 4214 οὐρα-

356 4224 470 4278 νὸν
500 4226 597 4278 καί
638 4225 751 4294 τὴν
779 4226 895 4296 γῆν
939 4225 1054 4296 ἐγὼ
1095 4226 1323 4295 πληρῶ,
1367 4227 1528 4297 ,λέγει
1579 4229 1824 4298 Κύριος;
1869 4230 1934 4282 Τί

357 4303 450 4362 οὖν
501 4307 742 4377 βούλεται
797 4311 874 4366 τὸ,
949 4309 1309 4377 Ἇπεστάλω
1381 4312 1523 4364 Ἀντί
1569 4311 1684 4377 τοῦ,
1731 4311 1930 4381 Ὠφθη,

360 4390 480 4442 ἀντὶ
511 4390 640 4454 τοῦ,
676 4392 772 4445 Διά
821 4393 1021 4463 σαρκὸς
1078 4392 1336 4462 ἔλαμψεν.
1393 4393 1455 4446 'H
1510 4394 1618 4464 γάρ
1661 4395 1931 4466 ἀποστολὴ

357 4475 418 4527 ού
453 4474 553 4544 τὴν
611 4475 717 4528 ἀπὸ
779 4476 958 4529 τόπων
1008 4479 1089 4540 εἰς
1139 4477 1338 4540 τόπους
1391 4478 1688 4546 μετάϐασιν
1743 4479 1936 4550 σημαί-

359 4574 460 4622 νει,
495 4557 632 4611 ἀλλά
657 4558 755 4630 τὴν
791 4561 855 4612 ἐκ
899 4560 999 4629 τῆς
1045 4559 1278 4631 ἀοράτου
1306 4559 1555 4630 θεότητος
1595 4564 1674 4624 εἰς
1717 4564 1932 4633 ἐμφανῆ

360 4642 680 4713 παρουσίαν.
724 4641 860 4696 Οὔτε
909 4644 1016 4711 γὰρ
1055 4642 1402 4714 ἐπιδημήσας
1445 4647 1511 4715 τῇ
1545 4647 1615 4715 γῇ
1657 4647 1796 4699 κατά
1836 4647 1934 4717 τὴν

359 4725 704 4798 ἀνθρωπίνην
751 4726 1078 4796 οἰκονομίαν,
1119 4728 1246 4789 τοὺς
1293 4728 1553 4800 οὐρανοὺς
1608 4727 1758 4802 [5181
1807 4730 1932 4782 ἐκέο

358 4826 498 4864 νωσε
540 4814 639 4883 τῆς
691 4811 884 4887 ἐαυτοῦ
930 4809 1106 4877 ἀξίας,
1138 4810 1260 4866 οὔτε
1297 4812 1390 4866 νῦν
1424 4812 1753 4884 ἀναληφθεὶς
1797 4814 1936 4869 κατὰ

358 4894 458 4965 τὴν
484 4895 584 4967 τῆς
625 4895 823 4967 σαρκὸς
853 4893 1140 4964 ἀνάληψιν,
1166 4896 1266 4966 τήν
1304 4897 1407 4967 γῆν
1445 4896 1649 4970 ἔρημον
1676 4898 1935 4952 κατέλιπε

353 4979 455 5050 ,τῆς
491 4979 628 5042 ἰδίας
655 4978 992 5042 ἐπιστασίας.
1015 4979 1184 5034 Πάλιν
1209 4981 1412 5052 ἑτέρως
1434 4981 1525 5035 τὸν
1544 4981 1701 5050 λόγον
1723 4982 1935 5052 γυμνά-

362 5080 566 5132 σωμεν.
599 5065 664 5116 Εἰ
706 5062 846 5116 κατά
888 5061 986 5133 τὴν
1029 5061 1196 5128 λέξιν,
1238 5063 1480 5133 ἀδελφοὶ,
1526 5067 1554 5120 6
1604 5066 1792 5137 Πατὴρ
1831 5067 1938 5120 ἀπ-

255 5209 272 5222 ,
361 5143 566 5198 έστειλε
591 5145 683 5198 τὸν
711 5144 838 5196 Υἱὸν
867 5147 945 5207 εἰς
971 5143 1062 5198 τὸν
1093 5145 1317 5216 κόσμον,
1344 5146 1502 5217 δῆλον
1533 5149 1614 5202 ὅτι
1635 5149 1662 5200 ό
1687 5148 1939 5202 ἀποστεί-

361 5227 455 5291 λας
498 5227 592 5280 τοῦ
647 5226 1054 5296 ἀπεσταλμένου
1115 5229 1404 5300 χωρίζεται
1467 5229 1608 5284 κατά
1653 5232 1752 5301 τὴν
1805 5231 1938 5284 ἰδίαν

363 5312 570 5366 στάσιν.
601 5310 664 5365 Εἰ
693 5311 792 5381 μὲν
813 5315 921 5383 γὰρ
962 5313 1057 5365 σὺν
1081 5312 1229 5383 αὐτῷ
1267 5315 1401 5381 ἐστι,
1426 5314 1676 5384 περιττὸν
1700 5315 1778 5378 τὸ,
1815 5315 1939 5368 Ἁπ-

361 5396 650 5453 ἔστειλεν·
681 5397 730 5449 εἰ
749 5394 805 5449 δέ
831 5395 1169 5460 ἀπέστειλεν,
1192 5398 1400 5468 ἀνάγκη
1422 5397 1773 5468 κεχωρίσθαι,
1797 5397 1938 5452 κατά

359 5480 458 5552 τήν
487 5480 588 5552 τῆς
626 5477 824 5548 λέξεως
860 5478 1117 5552 ἔμφασιν.
1157 5479 1294 5534 Ἀλλ’
1331 5481 1392 5535 ού
1441 5481 1521 5534 δεῖ
1561 5484 1626 5553 τῇ
1661 5479 1800 5546 λέξει
1826 5480 1938 5534 δου-

360 5563 554 5628 λεύειν,
593 5563 726 5618 ἀλλά
769 5566 836 5636 τῇ
881 5564 1062 5618 πίστει
1102 5566 1353 5635 στοιχεῖν.
1389 5565 1498 5618 Καὶ
1527 5566 1610 5630 τίς
1645 5567 1776 5637 ήμῖν
1805 5582 1938 5637 μαρ-

359 5645 586 5718 τυρήσει
609 5645 786 5716 λόγος,
809 5647 894 5702 ὅτι
917 5649 1010 5702 ἐπὶ
1038 5647 1144 5720 γῆς
1163 5649 1350 5718 φανεὶς
1376 5650 1435 5702 ἐν
1456 5649 1703 5720 οὐρανοῖς
1722 5643 1824 5721 ἦνς
1851 5649 1936 5716 τίς

360 5729 415 5783 δὲ
449 5731 788 5803 μαρτυρήσει
812 5732 989 5804 λόγος,
1017 5734 1098 5788 ότι
1123 5732 1271 5806 παρὰ
1293 5733 1506 5808 Πατρδς
1529 5733 1934 5805 ἀπεσταλμένος

1770 264 1898 322 SEV
1913 263 2140 322 El’JANl

3501 268 3605 325 506

2021 390 2120 442 ούκ
2147 390 2416 460 ἐχωρίσθη
2443 391 2536 444 τοῦ
2578 389 2824 463 Πατρός;
2855 391 2917 444 Εἰ
2960 387 3238 461 ἀπεστάλη
3278 386 3482 452 εἰς’τδν
3517 388 3607 440 κό-

2021 489 2174 543 σμον.
2197 473 2338 527 κατά
2361 473 2458 545 τήν
2485 473 2651 541 λέξιν,
2685 476 2733 527 εἰ
2757 475 2786 526 6
2811 472 3032 543 πέμψας
3058 473 3152 526 τοῦ
3187 468 3604 538 ἀπεσταλμένον

2021 556 2332 628 χωρίζεται,
2355 557 2471 617 πῶς
2492 558 2694 624 ἔλεγεν,
2729 557 2871 627 Ἐγὼ
2885 558 2954 612 ἐν
2979 556 3185 624 Πατρί,
3211 556 3311 608 καί
3337 557 3372 607 ό
3399 552 3608 619 Πατὴρ

2017 641 2086 694 ἐν
2102 640 2234 710 ἐμοί
2247 656 2265 702 ;
2290 641 2405 705 πῶς
2433 641 2491 695 δι
2517 641 2678 696 πάλιν
2715 640 2890 708 ἐλεγε,
2908 640 3018 694 Kal
3058 642 3090 694 ό
3113 637 3358 707 πέμψας
3380 652 3464 703 με
3488 638 3606 688 Πα-

2018 723 2128 792 τὴρ
2140 725 2271 794 μετ’
2290 724 2436 794 ἐμοῦ
2457 725 2658 788 ἐστιν;
2683 724 2845 796 Ὁρᾷς
2865 725 2947 778 ὅτι
2963 727 2995 793 ἡ
3015 721 3174 791 φύσις
3188 722 3248 773 ού
3274 718 3579 790 χωρίζεται
3593 735 3604 746 ο

2019 809 2052 878 ἡ
2077 808 2144 878 δὲ¹
2167 809 2444 880 οἰκονομία
2463 809 2525 861 τὸ
2555 808 2739 878 σχῆμα
2782 807 2876 876 τῆς
2908 805 3220 875 ἀποστολῆς
3244 802 3606 856 ἐνδείκνυται.

2019 891 2083 944 Τί
2097 887 2190 945 οῦν
2207 891 2452 962 βούλεται
2474 891 2555 953 τὸ,
2573 891 2897 944 Ἀναϐαίνω
2913 889 3064 956 πρὸς
3085 887 3192 940 τὸν
3207 884 3446 952 Πατέρα
3456 899 3608 952 pou;

2020 975 2083 1027 Εί
2111 975 2219 1046 γὰρ
2247 976 2342 1028 σὺν
2375 973 2524 1044 αύτῷ
2543 975 2572 1027 6
2607 972 2814 1044 Πατὴρ,
2838 972 2926 1026 διά
2951 971 3004 1024 τί
3028 970 3344 1032 ἀναϐαίνεις
3386 969 3455 1020 Ἡ
3483 968 3610 1019 ἀνά-

2021 1058 2177 1120 ϐασις
2215 1059 2314 1130 τὴν
2365 1058 2670 1128 οἰκονομίαν
2705 1055 3019 1128 ὲρμηνεύει,
3063 1054 3157 1108 τοῦ
3201 1053 3463 1123 σώματος
3516 1051 3610 1122 τὴν

2021 1145 2308 1215 ἀνάληψιν,
2355 1145 2414 1198 ού
2449 1145 2547 1214 τῆς
2593 1143 2844 1213 θεότητος
2875 1143 2973 1212 τὴν
3001 1141 3295 1194 διάστασιν.
3327 1137 3528 1199 Θέλεις
3558 1133 3608 1188 δὲ

2026 1230 2238 1300 μαθεῖν,
2271 1229 2352 1281 ὄτι
2379 1227 2567 1298 ὥσπερ
2601 1227 2942 1296 ἐπιδημήσας
2969 1227 3036 1294 τῇ
3065 1227 3156 1294 γῇ,
3183 1224 3311 1285 τοὺς
3339 1222 3608 1292 οὐρανοὺς

2022 1313 2083 1365 οὐ
2120 1311 2432 1373 κατέλιπεν,
2472 1309 2596 1364 οὔτε
2625 1309 2719 1362 τοῦ
2761 1309 2968 1380 Πατρός
3009 1305 3304 1378 ἐχωρίσθη,
3333 1303 3486 1358 οὕτω
3521 1304 3609 1356 καὶ

2025 1396 2104 1458 εἰς
2130 1395 2395 1467 οὐρανοὺς
2423 1385 2773 1462 ἀναληφθεὶς,
2805 1391 2907 1462 τὴν
2934 1391 3036 1460 γῆν
3073 1389 3133 1442 ού
3163 1387 3463 1467 κατέλιπεν
3484 1384 3610 1454 ἕρη-

2030 1493 2166 1547 μον;
2206 1466 2266 1532 ⁵0
2287 1476 2459 1530 εἰπὼν
2487 1475 2624 1548 πρὸς
2646 1477 2772 1538 τοὺς
2803 1473 2996 1528 ἐαυτοῦ
3034 1469 3299 1542 μαθητὰς,
3330 1466 3450 1521 Καὶ
3482 1467 3609 1520 ἰδοὺ

2025 1560 2140 1630 ἐγὼ
2153 1561 2280 1631 μεθ’
2298 1558 2467 1629 ὑμῶν
2484 1561 2621 1628 εἰμι,
2643 1557 2780 1611 ἀλλά
2808 1556 3147 1624 ἀνέρχομαι,
3167 1553 3288 1606 ὅθεν
3309 1550 3606 1620 κατῆλθον,

2027 1642 2178 1711 πρὸς
2198 1641 2306 1695 τὸν
2328 1639 2560 1710 Πατέρα
2583 1657 2703 1710 μου
2721 1656 2736 1672 ·
2762 1641 2792 1693 ό
2817 1638 2978 1701 αὐτὸς
3013 1636 3170 1690 πάλιν
3193 1635 3326 1705 πρὸς
3363 1635 3610 1696 ἐκείνους

2025 1727 2191 1796 λέγει·
2214 1725 2322 1781 Καί
2345 1724 2472 1780 ἰδοὺ
2497 1723 2612 1794 ἐγὼ
2625 1723 2755 1793 μεθ’
2781 1720 2945 1792 ὑμῶν
2967 1723 3084 1789 εἰμι
3113 1718 3313 1782 πάσας
3332 1719 3448 1782 τὰς
3471 1715 3608 1784 ὴμέ-

2018 1830 2134 1881 ρας
2151 1811 2264 1878 ἐως
2285 1809 2395 1879 τῆς
2419 1809 2777 1874 συντελείας
2814 1805 2922 1860 τοῦ
2948 1803 3182 1869 αἰῶνος.
3224 1803 3299 1854 T6
3321 1797 3445 1864 οὖν,
3485 1802 3608 1854 Ἵνα

2026 1896 2365 1962 γινώσκωσί
2401 1909 2476 1947 σε
2511 1893 2618 1946 τὸν
2648 1893 2842 1962 μόνον
2863 1887 3151 1956 ἀληθινὸν
3189 1885 3356 1948 Θεὸν,
3399 1885 3500 1940 καὶ
3543 1884 3610 1940 ὃν

2025 1979 2388 2042 ἀπέστειλας
2439 1975 2682 2043 Ἰησοῦν
2717 1970 3202 2042 Χριστὸν-,διπλῆν
3239 1969 3449 2024 ἔννοιαν
3477 1970 3605 2040 ἔχει,

2027 2062 2120 2117 καί
2160 2063 2432 2132 μάχαιραν
2475 2058 2696 2128 διπλῆν·
2727 2057 2825 2128 τὴν
2871 2057 2968 2128 μὲν
2997 2055 3136 2108 κατά
3178 2053 3281 2123 τῆς
3323 2051 3606 2105 εἰδωλολα-

2025 2151 2210 2221 τρείας
2254 2146 2632 2218 ὁπλιζομένην,
2693 2145 2792 2216 τὴν
2844 2144 2902 2198 δὲ
2948 2141 3090 2196 κατά
3146 2141 3246 2211 τῆς
3308 2139 3606 2207 'lou6aixﬁ;

2027 2231 2308 2296 ἀπειθείας
2340 2228 2843 2301 παραταττομένην.
2878 2226 3051 2281 Μόνον
3082 2224 3183 2296 μὲν
3223 2224 3333 2293 γάρ
3354 2222 3606 2293 ἀληθινὴν

2027 2315 2159 2369 Θεὸν
2177 2315 2344 2383 λέγει,
2363 2315 2448 2367 ἵνα
2472 2312 2542 2366 τὰ
2561 2311 2730 2382 νεκρά
2751 2309 2943 2364 εἴδωλα
2964 2306 3288 2378 στηλιτεύσῃ
3305 2323 3319 2338 ·
3336 2304 3608 2359 ἀπεσταλ-

2031 2402 2189 2471 μένον
2221 2400 2277 2452 δὲ
2331 2397 2536 2469 Ἰησοῦν
2580 2395 2835 2467 Χριστὸν,
2887 2395 2974 2448 ῖνα
3004 2393 3128 2454 τοὺς
3155 2391 3252 2460 τὴν
3293 2389 3608 2460 οἰκονομίαν

2029 2485 2390 2556 ἀρνουμένους
2429 2478 2782 2550 ἐπιστομίσῃο
2825 2475 3131 2546 ἐκλάμϐανε
3177 2473 3355 2556 τοίνυν
3387 2472 3476 2556 7τά
3513 2475 3609 2556 ρήέ

2032 2584 2176 2637 ματα
2210 2566 2347 2637 πρὸς
2378 2564 2476 2636 τήν
2511 2561 2738 2626 ἔννοιαν,
2765 2561 2860 2616 καὶ
2887 2558 2962 2631 μὴ
2993 2557 3180 2630 ὕϐριζε
3213 2555 3312 2628 τὴν
3339 2555 3500 2622 ἀξίαν
3527 2555 3610 2608 διὰ

2029 2650 2124 2722 τὴν
2157 2649 2319 2714 λέξιν.

2099 2783 2161 2830 ε’.
2187 2776 2304 2829 Ἵνα
2328 2775 2384 2828 δέ
2422 2772 2598 2845 μάθῃς
2620 2769 2884 2843 ἀκριϐῶς,
2903 2766 3064 2822 ὅτιτὸ
3089 2763 3425 2820 ἀπεστάλθαι
3463 2765 3607 2833 παρὰ

2029 2859 2120 2912 τοῦ
2151 2857 2285 2912 Θεοῦ
2336 2857 2396 2909 ού
2425 2856 2524 2927 τὴν
2552 2854 2659 2908 ἀπὺ
2691 2853 2869 2907 τόπων
2913 2853 2993 2914 εἰς
3031 2850 3228 2913 τόπους
3274 2847 3608 2919 μετάστασιν

2031 2943 2305 3013 σημαίνει,
2333 2939 2469 2994 ἀλλά
2499 2941 2596 3010 τῆς
2643 2936 2951 3007 οἰκονομίας
2980 2935 3076 3006 τὴν
3104 2933 3412 3003 φανέρωσιν
3434 2949 3449 2963 ·
3486 2931 3609 3000 περὶ

2044 3027 2289 3081 Ἰωάννου
2317 3023 2410 3078 τοῦ
2436 3020 2735 3076 Βαπτιστοῦ
2756 3020 2903 3088 λέγει
2926 3019 2984 3072 τὸ
3005 3017 3354 3085 Εύαγγέλιον,
3376 3013 3476 3068 τοῦ
3505 3014 3608 3068 ἀπὸ

2030 3110 2133 3181 γῆς
2157 3110 2326 3170 όντος,
2353 3110 2446 3160 καὶ
2485 3107 2575 3158 ἐπὶ
2602 3107 2704 3176 γῆς
2733 3101 3168 3181 φανερωθέντος·
3204 3097 3474 3169 Ἐγένετο
3508 3099 3608 3151 ἀνι

2031 3177 2261 3262 ϐρωπος
2284 3188 2740 3258 ἀπεσταλμένος
2771 3185 2930 3254 παρὰ
2953 3183 3119 3239 Θεοῦ.
3146 3177 3289 3252 Ἄρα
3331 3181 3428 3234 ἀπ’
3449 3181 3609 3252 ούρα-

2032 3277 2138 3330 νῶν
2173 3274 2450 3346 ἀπεστάλη
2504 3271 2785 3335 Ίωάννηςς
2822 3265 2931 3340 ἆρα
2967 3265 3170 3322 ἀνωθεν
3199 3263 3460 3336 ἐλήλυθε;
3489 3262 3607 3325 Πῶς

2029 3356 2123 3414 οὖν
2166 3357 2456 3429 ἐλήλυθεν;
2504 3351 2639 3409 Είτα
2682 3353 2968 3425 ἄνθρωπος
3017 3350 3116 3422 μὲν
3147 3348 3606 3417 ἀποστελλόμενος

2029 3445 2131 3496 οὐκ
2163 3441 2270 3496 ἀπὸ
2298 3441 2478 3494 τόπων
2505 3441 2582 3502 εἰς
2609 3437 2804 3501 τόπους
2838 3435 3089 3506 μετέστη,
3111 3431 3244 3486 ἀλλά
3266 3431 3366 3500 τὴν
3404 3432 3603 3482 οἰκονοο

2033 3527 2162 3598 μίαν
2188 3523 2523 3596 ἐνεχειρίσθη
2545 3539 2558 3552 ·
2587 3523 2616 3575 6
2639 3523 2692 3586 δὲ
2723 3520 2854 3584 Θεὸς
2874 3519 3064 3588 Λόγος,
3101 3518 3129 3570 6
3151 3517 3343 3598 πάντα
3359 3513 3599 3586 πληρῶν,

2032 3597 2126 3664 ἐὰν
2150 3610 2280 3682 εἴπῃ
2305 3606 2494 3660 ἐαυτὸν
2524 3604 2950 3676 ἀπεσταλμένον,
2970 3601 3068 3673 τὴν
3098 3599 3258 3670 φύσιν
3282 3597 3500 3682 ῦϐρισε,
3519 3599 3604 3649 καί

2029 3693 2090 3747 οὐ
2109 3693 2208 3764 τὴν
2226 3681 2532 3762 οἰκονομίαν
2555 3690 2820 3760 ἐμήνυσεν
2843 3705 2858 3752 ;
2887 3687 3029 3758 Ὅρα
3061 3683 3242 3750 αὐτὸν,
3272 3681 3495 3750 ἀδελφὲ,
3520 3683 3604 3734 καὶ

2033 3775 2339 3849 πληροῦντα
2355 3775 2453 3844 τῆς
2477 3773 2679 3844 σαρκὸς
2705 3771 2802 3842 τὴν
2829 3768 3160 3840 οἰκονομίαν,
3187 3767 3281 3820 καὶ
3315 3767 3391 3839 μή
3413 3766 3601 3819 καθαι-

2035 3862 2231 3932 ροῦντα
2258 3860 2356 3929 τῆς
2386 3857 2572 3928 θεῖκῆς
2599 3855 2878 3926 δυνάμεως
2905 3856 3002 3925 τὴν
3028 3853 3200 3920 ἀξίαν.
3222 3852 3334 3904 Καὶ
3369 3851 3429 3903 τὺ
3460 3853 3599 3921 ἰερα-

2029 3945 2177 3998 τικδν
2199 3946 2298 4014 σχῆ
2309 3955 2404 4011 μα’
2437 3940 2760 3995 Ἀναϐαίνω
2784 3938 2933 4007 πρὸς
2952 3939 3056 3991 τὸν
3082 3933 3314 4002 Πατέρα
3341 3952 3487 4004 μου,
3515 3932 3600 3986 καί

2030 4025 2420 4098 παρακαλέσει.
2438 4025 2642 4082 αὑτὸν,
2669 4022 2770 4076 καί
2798 4021 3186 4090 Παράκλητον
3217 4018 3442 4086 πέμψει
3471 4017 3599 4085 ὑμῖν

2032 4108 2184 4184 [519]
2219 4107 2284 4162 τὸ
2320 4105 2560 4175 Πνεῦμα
2586 4105 2697 4175 τῆς
2723 4105 3025 4172 ἀληθείας.
3049 4102 3114 4156 Εἰ
3145 4100 3461 4184 ἀναϐαίνεις
3480 4101 3596 4184 ἀνω,

2030 4183 2122 4248 καὶ
2141 4191 2494 4264 παρακαλεῖς,
2510 4191 2604 4244 καί
2617 4187 2944 4260 παρακαλῶν
2955 4186 3234 4246 δυσωπεῖς,
3254 4183 3349 4237 καί
3365 4183 3598 4254 μετὰτὴν

2033 4277 2373 4350 παράκλησιν
2402 4273 2748 4336 ἀποστέλλεις
2781 4272 2843 4325 τὸ
2869 4268 3093 4341 Πνεῦμα
3123 4266 3454 4340 (παρακαλῶ
3478 4267 3595 4335 γάρ,

2029 4363 2184 4434 ἔφης,
2217 4363 2309 4415 καὶ
2336 4360 2582 4430 πέμπω),
2619 4357 2762 4420 τίνος
2791 4356 2977 4408 ἐνεκεν
3022 4352 3126 4423 1:96
3163 4352 3263 4421 τῆς
3291 4350 3600 4434 ἀναϐάσεως

2030 4433 2175 4510 λύεις
2191 4446 2288 4517 τήν
2309 4444 2401 4498 τοῦ
2422 4441 2634 4512 Πατρὸς
2651 4439 2963 4504 αύθεντίανς
2987 4439 3048 4491 Εἰ
3070 4436 3143 4508 μὴ
3161 4435 3438 4496 αύθεντεῖς
3470 4433 3601 4486 κατὰ

2029 4533 2126 4601 τὴν
2154 4528 2304 4582 θείαν
2320 4526 2496 4591 ἀξίαν,
2519 4524 2632 4579 ἀλλ’
2658 4523 2944 4594 ἀναμένεις
2966 4520 3203 4575 ἀνελθεῖν
3229 4517 3365 4588 πρὸς
3395 4517 3480 4569 ιον
3509 4517 3601 4568 [Ia-

2029 4613 2163 4685 τέρα
2209 4614 2286 4676 εἰς
2328 4611 2418 4665 τὸν
2458 4607 2704 4680 οὐρανὸν,
2739 4608 2833 4658 καὶ
2884 4603 3226 4676 παράκλησιν
3261 4602 3357 4654 καὶ
3393 4601 3598 4653 ἱκεσίαν

2032 4684 2348 4768 προσάγειν,
2371 4695 2461 4748 καὶ
2487 4692 2628 4746 οὓτω
2652 4691 2835 4744 λαϐεῖν
2857 4687 2948 4742 τοῦ
2974 4687 3108 4742 Πνεύ
3118 4703 3282 4757 ματος
3304 4684 3407 4756 τὴν
3425 4685 3598 4754 χάριν,

2031 4781 2126 4837 καὶ
2153 4782 2230 4844 είς
2255 4782 2432 4833 πᾶσαν
2459 4774 2735 4846 ἐκπέμψαι
2761 4773 2858 4845 τὴν
2883 4773 3226 4842 οἰκουμένην,
3253 4769 3400 4831 τίνος
3422 4770 3599 4820 ἕνεκεν

2033 4866 2162 4938 πρὶν
2183 4863 2408 4934 ἀναθῇς,
2444 4863 2570 4932 πρὶν
2608 4857 3014 4931 παρακαλέσῃς,
3040 4855 3244 4938 οἰκείαν
3269 4853 3598 4938 ἐνδείκνυσαι

2032 4935 2129 5021 τῆν
2163 4945 2483 5009 αύθεντίανς
2532 4943 2619 4996 διά
2647 4942 2698 4994 τί
2728 4941 2832 5014 πρὸ
2873 4941 2969 5012 τῆς
2993 4937 3329 5009 ἀναλήψεως,
3370 4935 3598 4996 ἀναστὶς

2034 5039 2097 5090 ἐκ
2127 5035 2354 5106 νεκρῶν,
2389 5030 2726 5102 ἐνεφύσησας
2756 5030 2834 5088 εἰς
2858 5027 2925 5080 τά
2955 5026 3216 5097 πρόσωπα
3247 5024 3358 5078 τῶν
3378 5023 3599 5077 ἀποστό-

2032 5127 2157 5188 λων,
2205 5123 2299 5179 καί
2329 5122 2526 5190 λέγεις,
2561 5119 2782 5174 Λάϐετε
2821 5115 3059 5185 Πνεῦμα
3095 5114 3299 5183 ᾶτιον;
3339 5115 3408 5167 ‘0
3439 5113 3597 5174 αἰτεῖς

2033 5213 2185 5286 παρά
2219 5211 2451 5282 Πατρός,
2483 5210 2610 5281 πρὶν
2634 5205 2913 5278 ἰκετεύσης
2935 5205 3172 5274 Πατέρα,
3195 5201 3374 5265 δίδως.
3398 5201 3598 5256 Οὐκοῦν

2032 5301 2293 5375 εἰρωνεύῃ
2321 5300 2420 5371 τὴν
2451 5298 2696 5368 αἴτησινς
2721 5296 2834 5349 Ούκ
2863 5291 3240 5365 εἰρωνεύομαι,
3281 5289 3478 5360 φησίν·
3511 5289 3597 5343 οὐκ

2032 5390 2146 5444 ἐστι
2175 5387 2282 5460 γὰρ
2334 5386 2588 5458 εἰρωνεία
2623 5383 2772 5456 παρά
2815 5385 2881 5453 τῇ
2924 5380 3184 5452 ἀληθείᾳ·
3229 5377 3371 5432 ἀλλά
3414 5378 3476 5431 τὸ
3509 5377 3596 5448 μὲν

2029 5480 2303 5550 ἥρμοσται
2339 5479 2404 5548 τῇ
2437 5475 2586 5547 ἀξίᾳ,
2611 5474 2672 5528 τὺ
2697 5473 2755 5526 δέ
2781 5469 2982 5543 πρέπει
3008 5472 3074 5539 τῇ
3104 5466 3405 5537 οἰκονομίᾳ.
3434 5465 3531 5517 Διά
3551 5463 3596 5516 τί

2029 5563 2120 5623 οὖν
2151 5566 2490 5638 ἐνεφύσησας
2540 5566 2622 5628 εἰς
2668 5563 2737 5617 τά
2789 5561 3058 5632 πρόσωπα
3104 5557 3214 5612 τῶν
3260 5553 3594 5616 ἀποστόλων;

2034 5654 2181 5708 Ἔδει
2217 5671 2305 5726 με,
2337 5654 2501 5724 φησὶν
2525 5654 2552 5706 6
2583 5650 2797 5723 Σωτὴρ,
2825 5646 3131 5703 ἀναστάντα
3158 5647 3222 5698 ἐκ
3247 5643 3358 5696 τῶν
3376 5638 3594 5726 νεκρῶν.

2031 5741 2127 5812 τὴν
2147 5723 2518 5811 ἀπαρχὴντῆς
2541 5739 2684 5805 ζωῆς
2706 5737 2782 5805 τῷ
2805 5736 2992 5804 κόσμῳ
3016 5731 3358 5800 χαρίσασθαι.
3391 5723 3597 5783 Ἐπειῆ
