3672 6268
25 230 144 287 505

28 358 121 400 cta
169 354 287 410 est.
330 359 522 401 sensus
573 352 691 400 tuos
733 342 1021 415 deprimat,
1066 342 1163 400 sed
1207 343 1504 412 benignitas
1549 343 1640 396 illa

28 438 281 505 Christi,
309 438 399 509 qui
433 450 483 492 te
513 437 763 503 servavit,
796 444 1028 491 mentem
1061 444 1204 490 tuam
1234 435 1471 490 extollat.
1494 433 1640 489 Crux

27 528 271 597 quidem
296 538 515 597 prepter
540 537 611 590 te,
646 527 899 596 maiestas
928 541 1055 582 vero
1084 526 1181 580 Dci
1209 537 1426 595 propter
1446 526 1639 595 ipsum.

30 622 306 691 alajestas
333 622 508 677 divina
538 620 677 675 nulla
703 621 946 676 oratione
967 618 1299 689 atnplilicari,
1325 618 1465 672 nulla
1483 618 1642 672 etiam

29 716 210 784 αα]ξεί
253 725 463 786 potest:
492 714 591 770 sed
631 714 719 785 qui
748 714 980 783 dejicere
1005 713 1241 779 student,
1272 712 1482 782 seipsos
1505 710 1644 781 deji-

28 810 237 875 i'iunt;
267 810 356 879 qui
390 824 515 864 vero
544 808 708 863 Deum
742 800 987 862 laudibus
1011 806 1264 872 evehunt,
1305 821 1365 861 se
1394 805 1518 860 licet
1554 805 1645 861 in—

28 900 242 971 dignos
285 902 339 957 in
367 902 529 956 altum
559 901 839 957 extollunt.
880 899 1259 968 Quamobrem,
1299 906 1358 953 ut
1388 898 1532 967 prius
1557 896 1641 951 di-

29 997 330 1060 cebamus,
362 997 448 1065 qui
479 994 926 1060 incarnationem,
968 993 1061 1064 qui
1090 991 1410 1062 theologiam
1439 990 1639 1058 laudat,

30 1092 86 1145 in
123 1092 236 1147 hac
267 1091 530 1147 sententia
558 1099 833 1146 versatur:
865 1089 1119 1159 quoniam
1161 1102 1292 1142 vero
1319 1084 1518 1157 aliquid
1544 1084 1640 1140 de-

28 1195 156 1238 erat
182 1184 276 1250 iis,
305 1200 420 1253 qua:
449 1184 563 1239 lteri
592 1183 960 1248 tractavimus,
987 1181 1129 1237 circa
1159 1178 1290 1235 illud
1318 1179 1552 1249 quidem,
1575 1176 1643 1233 Ut

28 1286 361 1347 cognoscant
395 1285 444 1330 te
482 1275 646 1330 solum
672 1291 846 1329 verum
872 1272 1036 1328 Deum
1066 1282 1113 1328 et
1157 1272 1431 1327 Dominum
1465 1270 1643 1326 Iesum

30 1368 311 1421 Christum
341 1366 519 1442 (Joan.
552 1368 639 1421 17.
668 1367 758 1437 5);
790 1382 852 1421 ac
876 1367 1019 1421 circa
1048 1364 1173 1419 illud
1195 1365 1431 1435 quidem,
1462 1363 1643 1420 Solum

29 1476 219 1515 rerum
272 1461 452 1525 Deum,
489 1460 709 1529 prolata:
755 1468 880 1513 sunt
920 1457 1215 1528 prophetia:
1256 1466 1312 1512 et
1341 1456 1641 1511 testimonia

31 1554 184 1623 quod
220 1553 390 1608 Filius
418 1553 567 1607 solus
594 1567 753 1607 verus
782 1552 919 1606 Deus
949 1551 1045 1615 sit;
1072 1549 1429 1605 necessarium
1456 1549 1640 1603 existi-

31 1662 127 1700 mo
165 1647 319 1700 illius
359 1646 484 1701 dicti
529 1646 636 1699 vim
681 1644 980 1713 explorare.
1014 1643 1196 1713 Atqui,
1228 1643 1303 1697 ait
1333 1642 1641 1707 hrcreticus,

32 1739 168 1807 quid
202 1750 358 1808 potes
379 1737 445 1792 de
472 1737 728 1791 missione
763 1736 851 1790 illa
883 1734 1099 1790 dicere?
1131 1734 1336 1789 Diserte
1352 1735 1495 1789 enim
1512 1734 1645 1788 scri-

34 1839 194 1899 ptum
230 1837 336 1896 cst,
369 1828 433 1882 Et
462 1844 609 1898 quem
634 1827 811 1881 misisti
832 1825 1009 1881 Jesum
1029 1826 1302 1880 Christum.
1335 1826 1415 1879 An
1439 1825 1527 1895 qui
1546 1825 1642 1883 mi-

35 1922 107 1974 sit
150 1936 343 1989 parem
370 1934 491 1975 eum
523 1920 691 1973 misso
718 1919 938 1973 sortitur
980 1918 1275 1973 honorem?
1322 1918 1444 1973 llaec
1486 1920 1531 1974 si
1574 1919 1641 1972 ita

38 2014 217 2079 legas,
257 2022 314 2067 ut
339 2013 506 2067 literm
527 2013 747 2078 servias,
777 2022 834 2065 ut
859 2027 1016 2082 supra
1044 2012 1296 2078 diximus,
1321 2028 1462 2082 saepe
1483 2013 1643 2067 dissi-

37 2108 207 2163 debis
228 2124 259 2159 a
283 2107 459 2172 nobis,
482 2120 654 2176 neque
680 2105 873 2160 rationi
900 2106 1246 2177 congruentia
1275 2106 1645 2176 deprehendes

37 2217 125 2264 αι,
149 2215 280 2268 qua:
298 2200 436 2254 bene
448 2196 661 2267 quidem
681 2198 900 2267 scripta,
923 2197 1016 2251 sed
1046 2198 1185 2251 male
1203 2198 1468 2253 intellecta
1487 2208 1641 2263 sunt;

40 2294 84 2345 si
117 2306 260 2345 vero
310 2289 630 2343 sententiam
660 2288 952 2344 secundum
981 2290 1057 2343 rei
1084 2290 1359 2345 veritatem
1392 2291 1642 2360 accipias,

40 2399 320 2453 nusquam
355 2383 446 2435 tibi
479 2383 532 2436 in
560 2381 887 2436 contrarium
934 2392 1172 2437 vertetur
1218 2384 1410 2438 mentis
1458 2384 1646 2439 oculus

40 2480 107 2531 ad
132 2485 445 2531 accuratam
471 2475 871 2546 intelligentiam
902 2490 931 2529 a
954 2474 1149 2546 Spiritu
1174 2487 1357 2531 sancto
1391 2477 1644 2532 directus.

41 2570 231 2625 Verba
260 2570 403 2624 enim
450 2569 584 2635 lucc,
631 2567 819 2622 Missus
849 2577 941 2634 est,
970 2577 1043 2634 et,
1074 2567 1236 2633 Misit,
1272 2570 1498 2623 humana
1525 2570 1646 2640 qui-

43 2662 171 2715 dem
200 2670 346 2722 sunt,
367 2659 642 2714 atdivinos
662 2658 918 2729 quosdam
947 2674 1134 2714 sensus
1154 2659 1447 2715 declarant.
1465 2660 1646 2733 Neque

44 2758 195 2809 enim
221 2766 275 2810 et
305 2756 395 2825 qui
427 2754 588 2818 misit,
619 2770 683 2810 ex
713 2754 844 2809 locis
874 2755 925 2807 in
954 2755 1070 2809 loca
1098 2756 1258 2829 misit,
1291 2770 1464 2825 neque
1485 2756 1529 2811 is
1556 2758 1645 2826 qui

49 2853 251 2905 missus
272 2860 375 2917 cst,
398 2865 461 2904 ex
485 2850 614 2904 locis
636 2850 685 2903 in
717 2849 830 2903 loca
853 2850 1015 2904 venit.
1042 2850 1219 2921 Atqui,
1244 2851 1317 2905 ait
1342 2850 1644 2917 haereticus,

50 2944 213 2998 Palcr
244 2943 436 2997 Filium
476 2942 620 2997 misit
664 2942 716 2997 in
760 2942 1040 3007 tnttndum,
1071 2943 1221 3012 quasi
1249 2943 1336 3014 qui
1366 2944 1414 2996 in
1448 2944 1648 2999 mundo

52 3051 296 3105 pnesetts
336 3052 442 3090 non
488 3046 652 3101 esset,
684 3035 749 3089 ad
789 3051 948 3107 quem
992 3036 1319 3091 mittebatur.
1366 3037 1648 3104 Quomodo

49 3130 327 3198 Scriptura
356 3126 423 3180 de
448 3125 564 3196 ipso
592 3126 817 3181 Domino
842 3127 934 3193 ait,
970 3125 1036 3181 In
1057 3128 1247 3181 mundo
1270 3137 1399 3194 erat,
1425 3137 1469 3182 et
1499 3145 1649 3182 mun-

52 3222 146 3274 dus
169 3237 264 3289 per
290 3220 461 3289 ipsum
486 3220 652 3290 factus
671 3229 741 3273 est
767 3217 945 3289 (Joan.
978 3220 1027 3274 1.
1064 3219 1188 3287 10)?
1214 3218 1492 3288 Quomodo
1518 3234 1648 3290 ergo

54 3315 199 3366 venit
240 3312 331 3381 qui
359 3310 559 3373 aderat.
592 3312 834 3380 apparuit
875 3311 964 3381 qui
1004 3311 1235 3367 latebat?
1259 3312 1412 3381 Quod
1453 3314 1497 3367 si
1525 3329 1650 3369 vere

55 3405 205 3468 illud,
235 3403 401 3468 Misit,
428 3402 496 3456 ita
526 3403 774 3473 intelligis
802 3412 858 3457 ut
883 3403 1053 3471 audis,
1073 3418 1292 3460 necesse
1313 3407 1528 3461 omnino
1545 3414 1647 3475 est,

54 3514 174 3551 eum
206 3497 301 3567 qui
350 3496 543 3551 missus
587 3496 703 3561 fuit,
736 3496 788 3550 in
820 3495 883 3550 iis
910 3497 1155 3551 constitui
1186 3496 1336 3563 locis,
1381 3498 1432 3552 in
1460 3498 1650 3570 quibus

57 3590 298 3644 nondum
332 3603 567 3659 praesens
607 3597 742 3657 erat,
784 3597 837 3643 et
867 3590 1162 3644 mittentem
1207 3605 1271 3644 eo
1297 3591 1530 3656 mittere,
1562 3591 1649 3646 ubi

57 3699 159 3737 non
179 3683 392 3737 aderat.
410 3680 688 3749 Quomodo
706 3681 863 3751 igitur
878 3681 1198 3751 evangelista
1216 3682 1442 3747 diccbat,
1466 3681 1653 3737 Omnia

58 3793 145 3845 per
174 3776 347 3846 ipsum
382 3774 520 3843 facta
548 3783 685 3839 sunt,
713 3781 759 3825 et
800 3773 907 3827 sine
930 3772 1041 3842 ipso
1083 3775 1274 3843 factum
1298 3784 1370 3829 est
1399 3775 1564 3828 nihil?
1584 3774 1653 3830 In

58 3869 252 3922 mundo
269 3876 396 3930 erat,
420 3877 463 3920 et
483 3866 699 3919 mundus
723 3882 810 3935 per
829 3866 993 3935 ipsum
1017 3866 1177 3932 factus
1200 3876 1273 3920 est
1300 3865 1478 3938 (Joan.
1501 3868 1549 3921 1.
1569 3867 1649 3938 'o).

59 3963 110 4015 Si
142 3964 325 4031 itaque
370 3961 420 4013 in
451 3959 648 4012 mundo
675 3967 806 4022 erat,
845 3958 1112 4028 quomodo
1144 3959 1368 4013 mittitur
1398 3960 1449 4013 iu
1494 3975 1650 4014 mun-

60 4054 221 4107 dum?
247 4050 366 4106 Non
392 4050 581 4104 audisti
607 4065 727 4104 eum
758 4048 1044 4115 dicentem,
1073 4049 1264 4104 Caelum
1289 4059 1334 4103 et
1356 4060 1541 4104 terram
1560 4067 1652 4121 ego

60 4145 272 4213 impleo,
301 4142 420 4195 dicit
453 4139 700 4194 Dominus
730 4138 861 4211 (Jer.
910 4140 1001 4193 23.
1043 4139 1175 4211 24)?
1224 4140 1361 4207 Quid
1398 4156 1524 4210 ergo
1551 4140 1653 4195 sibi

62 4238 168 4290 vult
197 4233 351 4299 illud,
387 4232 574 4286 Missus
602 4232 712 4286 est?
753 4230 806 4286 Id
846 4242 948 4295 est,
980 4234 1124 4286 visus
1163 4246 1271 4297 est;
1320 4247 1412 4303 per
1437 4249 1652 4288 carnem

62 4329 259 4383 illuxit.
290 4326 467 4381 Missio
496 4324 637 4379 enim
685 4325 882 4379 nullam
922 4324 989 4379 de
1038 4326 1153 4380 loco
1183 4325 1232 4378 in
1266 4326 1438 4381 locum
1471 4327 1652 4396 profe-

62 4419 295 4473 ctionem
326 4416 549 4481 indicat;
580 4414 674 4471 sed
704 4430 767 4471 ex
816 4414 1065 4470 invisibili
1118 4415 1395 4472 divinitate
1430 4417 1480 4471 in
1523 4432 1652 4472 con-

63 4513 304 4581 spicuam
338 4509 696 4579 praesentiam.
727 4507 912 4578 Neque
937 4509 1078 4563 enim
1107 4524 1228 4563 cum
1261 4510 1311 4563 in
1340 4517 1536 4565 terram
1568 4525 1654 4566 se-

63 4603 295 4657 cundum
321 4600 603 4654 humanam
630 4608 875 4653 naturam
906 4610 957 4652 et
992 4615 1085 4665 per
1109 4604 1457 4655 (economiam
1488 4601 1648 4667 venit,

63 4696 228 4749 caelos
259 4708 355 4749 sua
379 4691 652 4762 majestate
680 4704 878 4745 vacuos
905 4692 1135 4762 reliquit,
1168 4709 1341 4763 neque
1365 4709 1504 4750 nunc
1534 4705 1654 4765 post

65 4786 241 4840 carnis
271 4783 710 4854 assumptionem,
736 4791 930 4838 terram
955 4784 1171 4854 reliquit
1197 4800 1290 4838 sua
1312 4784 1655 4840 administra-

67 4881 207 4933 tione
237 4890 478 4932 vacuam.
512 4875 708 4931 lterum
737 4890 850 4931 rem
882 4875 989 4929 alio
1016 4875 1175 4930 modo
1208 4876 1560 4932 excutiamus.
1597 4878 1652 4933 Si

66 4966 357 5025 secundum
384 4968 613 5032 literam,
644 4965 854 5030 fratres,
881 4965 1037 5021 Pater
1054 4967 1196 5021 misit
1217 4966 1405 5021 Filium
1429 4970 1480 5021 in
1501 4985 1654 5023 mun-

67 5062 211 5127 dum,
245 5059 419 5130 palam
467 5068 551 5113 est
591 5058 888 5113 mittentem
933 5073 962 5111 a
1013 5059 1179 5113 misso
1206 5059 1495 5137 seciindum
1526 5075 1651 5131 pro-

65 5156 234 5224 priam
282 5150 565 5205 stationem
612 5158 914 5220 separatum
956 5165 1096 5205 esse.
1138 5149 1270 5205 Nam
1313 5152 1356 5204 si
1385 5166 1504 5206 cum
1538 5152 1653 5221 ipso

68 5256 162 5311 est,
202 5259 660 5314 supervacaneum
691 5253 772 5297 est
813 5242 962 5311 illud,
1010 5241 1284 5297 Misit:sin
1317 5258 1444 5298 vero
1486 5244 1649 5311 misit,

69 5353 286 5395 necesse
311 5346 393 5391 est
418 5348 719 5406 separatum
747 5350 888 5401 esse,
918 5337 961 5390 si
1000 5334 1211 5406 quidem
1244 5336 1389 5392 verbi
1428 5337 1533 5391 vim
1562 5353 1651 5392 re-

69 5433 277 5500 spicias.
327 5431 395 5483 At
432 5443 762 5499 nequaquam
787 5427 1055 5483 serviliter
1095 5437 1304 5497 oportet
1336 5428 1513 5483 verbis
1542 5428 1653 5483 lue-

73 5540 206 5589 rcre,
236 5522 330 5577 sed
354 5536 475 5576 cum
501 5521 603 5576 lide
634 5520 945 5591 procedere.
980 5520 1047 5575 Et
1074 5521 1193 5590 quis
1223 5520 1376 5574 nobis
1404 5521 1653 5576 testilica-

74 5615 231 5680 bitur,
262 5628 407 5676 eum,
435 5613 524 5683 qui
547 5612 598 5667 in
624 5620 764 5669 terra
785 5611 1052 5682 apparuit,
1079 5611 1241 5667 etiam
1264 5612 1316 5665 in
1346 5611 1493 5667 culis
1519 5610 1651 5667 fuis-

73 5712 162 5765 se?
185 5708 309 5777 quis
336 5722 515 5765 sermo
546 5705 933 5774 testlilcabitur,
963 5722 1084 5763 eum
1115 5721 1145 5761 a
1173 5705 1329 5761 Patre
1368 5704 1586 5760 missum
1617 5720 1648 5783 a

1263 228 1350 285 DE
1388 228 1746 286 SERPENTE
1784 229 2069 288 HOMILIA

3237 244 3343 301 506

1752 344 1911 400 Patre
1948 346 2252 415 separatum
2281 362 2388 405 non
2430 349 2632 408 fuisse?
2658 349 2716 408 Si
2745 353 2943 411 missus
2970 362 3054 411 est
3093 355 3146 411 in
3175 372 3302 411 mun
3329 395 3336 402 .

1748 436 1899 504 dum,
1931 448 1988 493 ut
2014 440 2271 510 scriptum
2295 450 2398 509 est,
2431 442 2476 497 si
2504 442 2595 513 qui
2625 444 2772 500 misit
2794 446 3012 503 amisso
3033 460 3335 519 separatur,

1748 529 2018 598 quomodo
2043 530 2273 598 dicebat,
2312 531 2425 604 Ego
2462 533 2515 587 in
2543 533 2723 604 Patre,
2768 546 2816 591 et
2852 536 3012 592 Pater
3051 539 3105 593 in
3133 540 3249 595 me?
3274 555 3338 595 ac

1751 634 1937 677 rursus
1979 623 2248 691 quomodo
2275 623 2505 691 dicebat,
2539 624 2608 680 Et
2634 628 2721 696 qui
2745 629 2883 684 misit
2912 646 2991 686 me
3015 630 3191 699 Pater,
3228 647 3338 687 me-

1749 729 1862 766 cum
1886 724 1957 767 est
1988 712 2164 785 (Joan.
2200 716 2287 772 14.
2320 718 2408 772 11.
2438 728 2484 772 et
2510 718 2563 773 8.
2595 719 2726 791 16)?
2754 721 2914 777 Vides
2950 734 3190 778 naturam
3222 741 3328 781 non

1749 806 2020 875 separari:
2051 809 2349 863 oeconomia
2380 821 2557 865 autem
2585 812 2699 868 sive
2731 812 3028 871 incarnatio
3067 818 3339 874 missionis

1749 899 1982 969 speciem
2027 901 2282 957 ostendit.
2325 903 2464 970 Quid
2503 920 2631 976 ergo
2664 907 2766 963 sibi
2794 908 2906 964 vult
2929 908 3078 977 illud,
3108 910 3338 966 Ascendo

1749 992 1818 1045 ad
1863 991 2071 1048 Patrem
2111 1011 2278 1049 meum
2308 995 2488 1067 (Joan.
2519 998 2610 1055 20.
2653 997 2784 1071 i7)?
2808 1000 2863 1056 Si
2890 1016 3011 1057 cum
3043 1002 3157 1072 ipso
3182 1003 3339 1058 Pater

1749 1092 1852 1151 est,
1879 1098 1976 1138 cur
1988 1085 2261 1141 ascendit?
2288 1089 2649 1145 Ascensioilla
2669 1090 2953 1148 humanam
2974 1092 3174 1149 Christi
3194 1110 3339 1151 (rce-

1750 1176 1983 1231 nomiam
2024 1177 2426 1249 interpretatur,
2472 1184 2714 1253 corporis
2759 1187 3199 1257 assumptionem,
3232 1206 3337 1245 non

1750 1269 2139 1338 scparationem
2178 1286 2208 1325 a
2246 1270 2541 1329 divinitate.
2576 1274 2739 1331 Visne
2780 1276 3008 1343 discere,
3051 1294 3172 1334 emn
3203 1286 3342 1335 sicut

1750 1375 1870 1415 cum
1900 1362 1953 1416 in
1983 1372 2180 1418 terram
2208 1364 2372 1429 venit,
2394 1366 2556 1422 caelos
2584 1382 2686 1422 non
2717 1369 2952 1440 reliquit,
2985 1386 3161 1441 neque
3180 1386 3209 1425 a
3237 1372 3338 1426 Pa-

1751 1459 1831 1507 tre
1855 1464 2131 1522 separatus
2159 1462 2264 1522 est,
2294 1456 2374 1512 sic
2401 1457 2584 1523 etiam,
2614 1473 2735 1514 cum
2768 1460 2819 1513 in
2845 1462 3006 1516 cmlos
3034 1475 3341 1534 assumptus

1748 1554 1851 1605 est,
1884 1553 2080 1599 terram
2115 1561 2222 1601 non
2254 1547 2578 1618 reliquisse?
2599 1548 2699 1617 Qui
2738 1550 2875 1606 dixit
2902 1552 3177 1623 discipulis
3204 1556 3336 1619 suis,

1754 1635 1818 1690 Et
1844 1652 1956 1691 ecce
1979 1653 2069 1708 ego
2096 1638 2347 1693 vobiscum
2374 1656 2507 1705 sum,
2539 1641 2653 1707 sed,
2681 1644 2916 1707 ascendo,
2948 1645 3089 1701 unde
3117 1646 3341 1701 descen-

1749 1728 1824 1794 di,
1856 1730 1924 1783 ad
1956 1729 2160 1784 Patrem
2186 1747 2352 1786 meum
2372 1748 2391 1786 :
2418 1732 2557 1788 idem
2603 1733 2717 1804 ipse
2742 1734 2817 1789 ait
2845 1735 2972 1800 illis,
3024 1735 3089 1790 Et
3116 1753 3226 1791 ecce
3250 1755 3341 1809 ego

1749 1819 2000 1873 vobiscum
2023 1838 2132 1875 sum
2160 1822 2387 1877 omnibus
2414 1824 2587 1878 diebus
2609 1842 2765 1896 usque
2780 1826 2849 1880 ad
2863 1830 3341 1883 consummationem

1749 1915 1926 1968 siculi
1956 1915 2167 1987 (Matth.
2201 1916 2292 1972 28.
2320 1918 2435 1990 20).
2479 1918 2612 1975 Illud
2643 1920 2820 1990 igitur,
2857 1920 2925 1977 Ut
2963 1933 3267 1993 cognoscant
3295 1932 3341 1976 te

1750 2007 1913 2061 solum
1939 2023 2107 2060 verum
2133 2008 2318 2076 Deum,
2361 2019 2409 2064 et
2445 2026 2591 2081 quem
2619 2012 2802 2065 misisti
2841 2011 3018 2066 Jesum
3061 2013 3335 2080 Christum,

1751 2098 1968 2155 sensum
1998 2101 2156 2156 habet
2183 2100 2471 2172 duplicem,
2499 2103 2874 2175 duplicemque
2901 2105 3167 2175 gladium:
3194 2106 3336 2161 aliud

1750 2202 1937 2245 contra
1980 2192 2332 2247 idololatriatn
2362 2202 2648 2261 armatum,
2679 2195 2823 2250 aliud
2851 2206 3035 2252 contra
3059 2196 3336 2253 Iudaicam

1752 2283 2177 2338 incredulitatem
2202 2294 2587 2355 comparatum.
2606 2286 2788 2341 Solum
2807 2288 2947 2343 enim
2974 2304 3156 2344 verum
3176 2290 3338 2343 Deum

1752 2374 1902 2440 dicit,
1932 2385 1988 2429 ut
2012 2384 2216 2429 mortua
2246 2376 2382 2430 idola
2417 2378 2686 2443 traducat;
2715 2378 2936 2433 missum
2956 2389 3133 2433 autem
3155 2379 3339 2435 Jesum

1751 2469 2057 2535 Christum,
2091 2477 2148 2523 ut
2193 2470 2258 2523 iis
2300 2471 2391 2540 qui
2421 2471 2839 2528 incarnationem
2881 2484 3095 2544 negant,
3137 2490 3199 2529 os
3230 2478 3335 2529 oh-

1752 2571 1944 2615 struat.
1979 2562 2149 2615 Verba
2185 2563 2344 2633 igitur
2369 2565 2660 2619 secundum
2688 2580 2905 2621 sensum
2949 2569 3153 2637 accipe,
3184 2582 3246 2622 ac
3274 2585 3340 2623 ne

1755 2663 1972 2723 propter
2001 2654 2208 2709 literam
2241 2655 2507 2725 majestati
2539 2656 2918 2713 contumeliam
2947 2660 3161 2714 inferas.

1824 2746 1875 2801 5.
1908 2745 1974 2801 Ut
2001 2756 2177 2800 autem
2207 2755 2454 2802 accurate
2479 2747 2672 2813 discas,
2704 2748 3011 2805 missionem
3044 2766 3073 2804 a
3100 2750 3210 2806 Deo
3237 2767 3340 2806 non

1755 2840 2104 2895 mutationem
2132 2855 2160 2893 a
2193 2840 2312 2894 loco
2343 2841 2393 2894 in
2418 2840 2590 2896 locum
2617 2842 2937 2913 signiﬁcare,
2968 2843 3063 2899 sed
3093 2844 3338 2900 incarna-

1758 2931 1953 2985 tionem
1985 2930 2257 2986 declarare
2286 2949 2299 2985 :
2332 2931 2399 2987 de
2423 2931 2629 2988 Joanne
2663 2933 2897 3005 Baptista
2923 2977 2937 2999 ,
2970 2936 3058 3006 qui
3099 2935 3166 2991 de
3199 2944 3341 2991 terra

1756 3033 1872 3079 erat
1913 3032 1968 3080 et
2009 3024 2062 3077 in
2106 3034 2244 3077 terra
2290 3034 2628 3093 apparuerat,
2673 3024 2748 3079 ait
2796 3025 3140 3097 Evangelium
3173 3045 3186 3080 :
3217 3026 3343 3081 Fuit

1756 3115 1906 3167 homo
1935 3114 2115 3168 missus
2139 3131 2171 3167 a
2194 3115 2299 3168 Deo
2321 3115 2499 3185 (Joan.
2525 3117 2576 3170 1.
2598 3116 2676 3188 ti).
2706 3115 2843 3171 Num
2867 3116 3099 3172 Joannes
3125 3117 3190 3173 de
3210 3118 3342 3173 cazlo

1757 3207 1952 3261 missus
1980 3207 2096 3261 est?
2138 3223 2262 3261 num
2300 3208 2367 3262 de
2403 3208 2647 3277 supernis
2683 3208 2869 3263 venit?
2907 3209 3185 3276 Quomodo
3217 3225 3348 3281 ergo

1758 3296 1938 3351 venit?
1965 3298 2123 3367 Atqui
2147 3297 2306 3351 homo
2328 3301 2544 3365 missus,
2570 3313 2674 3353 non
2703 3314 2732 3352 a
2761 3298 2877 3354 loco
2904 3298 2955 3353 in
2982 3300 3155 3354 locum
3181 3309 3346 3354 trans-

1758 3390 1895 3447 latus
1917 3400 2018 3456 est,
2051 3391 2143 3447 sed
2174 3392 2245 3446 illi
2269 3391 2469 3463 aliquid
2492 3392 2968 3448 administrandum
2997 3394 3343 3449 commissum

1758 3485 1889 3552 fuit;
1918 3494 1972 3541 et
2004 3485 2142 3541 Deus
2169 3485 2396 3541 Verbum
2424 3528 2438 3553 ,
2469 3486 2559 3556 qui
2587 3486 2766 3541 omnia
2794 3486 2998 3557 implet,
3030 3488 3076 3542 si
3114 3486 3255 3555 dicat
3287 3501 3346 3541 se

1760 3579 1981 3635 missum
2010 3593 2152 3644 0>SC,
2185 3588 2427 3634 naturam
2459 3594 2608 3634 suam
2634 3580 2954 3634 contumelia
2986 3579 3180 3634 afﬁciet
3204 3622 3218 3644 ,
3248 3595 3345 3635 nc-

1758 3690 1864 3744 que
1897 3674 1967 3728 ita
1999 3672 2419 3730 incarnationem
2443 3689 2597 3729 suam
2620 3674 2734 3730 sive
2756 3674 3109 3729 oeconomiam
3141 3674 3347 3729 indica-

1759 3767 1874 3821 bit?
1906 3766 2036 3821 Vide
2062 3767 2231 3833 illum,
2257 3766 2441 3835 frater,
2465 3776 2517 3823 et
2538 3768 2714 3823 carnis
2738 3768 3091 3823 teconomiam
3123 3767 3351 3837 implen-

1764 3870 1891 3926 tem,
1916 3867 1971 3914 et
1996 3859 2187 3913 divinae
2213 3860 2491 3929 potestatis
2512 3860 2822 3930 dignitatem
2852 3875 2956 3915 non
2986 3860 3257 3915 tollentem
3282 3861 3349 3914 de

1761 3951 1957 4005 medio.
1994 3951 2062 4005 Et
2088 3952 2420 4007 sacerdotale
2447 3968 2638 4007 munus
2662 3953 2739 4006 sic
2764 3952 3084 4015 declaratur,
3119 3953 3347 4006 Ascendo

1761 4045 1828 4097 ad
1856 4044 2062 4097 Patrem
2090 4061 2274 4109 meum,
2308 4054 2354 4098 et
2379 4045 2568 4115 rogabo
2597 4061 2730 4109 eum,
2762 4052 2809 4098 et
2831 4043 3160 4098 Paracletum
3190 4044 3349 4096 mittet

1761 4136 1897 4191 vobis
1927 4137 2176 4208 Spiritum
2209 4137 2429 4190 ueritatis
2453 4136 2471 4207 (
2491 4135 2645 4190 Joan.
2675 4135 2764 4190 20.
2796 4136 2884 4191 17.
2910 4146 2955 4189 et
2986 4136 3072 4190 M.
3104 4134 3190 4190 16.
3222 4134 3346 4205 17).

1760 4230 1813 4284 Si
1842 4229 2084 4283 ascendis
2114 4244 2322 4282 sursum
2348 4270 2361 4295 ,
2392 4238 2446 4283 et
2475 4242 2653 4299 rogas,
2683 4236 2737 4283 et
2764 4242 2957 4299 rogans
2981 4228 3255 4297 impetras,
3288 4241 3349 4280 ac

1760 4331 1882 4394 pILSl
1927 4320 2256 4392 rogationem
2296 4321 2463 4376 mittis
2499 4320 2754 4392 Spiritum
2782 4321 2943 4392 (nam
2974 4334 3125 4390 rogo,
3153 4321 3231 4375 ais
3252 4362 3266 4386 ,
3298 4330 3352 4375 et

1763 4416 1961 4485 mitto),
1994 4430 2088 4469 cur
2107 4422 2230 4469 ante
2258 4414 2627 4469 ascensionem
2656 4414 2829 4470 Patris
2848 4415 3220 4469 auctoritatem
3250 4413 3351 4467 tol-

1763 4509 1866 4566 lis?
1894 4510 1948 4565 Si
1976 4524 2081 4563 non
2109 4523 2232 4565 eum
2260 4508 2576 4564 auctoritate
2600 4508 2893 4564 secundum
2916 4507 3147 4563 divinam
3179 4506 3350 4578 digni-

1763 4615 1921 4660 tatem
1947 4605 2081 4675 agis,
2105 4603 2197 4658 sed
2227 4612 2505 4673 exspectas
2526 4603 2698 4658 donec
2718 4602 3025 4659 ascenderis
3044 4601 3109 4657 ad
3136 4601 3345 4656 Patrem

1762 4699 1823 4755 in
1842 4697 2054 4759 cmlum,
2081 4703 2138 4748 nt
2165 4708 2357 4765 preces
2382 4694 2907 4765 supplicationesque
2934 4692 3127 4748 otl‘eras
3145 4731 3161 4758 ,
3190 4700 3246 4746 et
3273 4692 3350 4745 sic

1761 4795 2033 4858 acceptam
2053 4786 2281 4856 Spiritus
2298 4785 2523 4855 gratiam
2552 4786 2606 4840 in
2632 4794 2800 4841 totum
2821 4784 3006 4839 orbem
3030 4783 3231 4848 mittas,
3254 4796 3349 4836 cur

1760 4889 2043 4952 antequam
2080 4878 2401 4934 ascenderes
2422 4919 2436 4943 ,
2470 4887 2754 4949 antequam
2793 4890 3047 4947 rogares,
3078 4874 3348 4946 propriam

1760 4970 2038 5028 oStendisti
2068 4970 2478 5025 auctoritatem?
2517 4985 2612 5025 cur
2648 4979 2773 5024 ante
2805 4969 3198 5034 ascensionem,
3225 4983 3347 5022 cum

1763 5063 2149 5118 t-csurrexisses
2175 5078 2255 5119 ex.
2273 5063 2517 5126 mortuis,
2547 5059 2831 5118 insufﬂasti
2860 5061 2913 5115 in
2942 5060 3106 5117 facies
3133 5068 3351 5130 aposto-

1762 5155 1954 5221 lorum,
1986 5164 2039 5210 et
2081 5155 2297 5221 dixisti,
2330 5155 2554 5225 Accipite
2596 5153 2852 5225 Spiritum
2894 5165 3121 5208 sanctum
3166 5152 3345 5225 (Joan.

1762 5246 1847 5302 l0.
1877 5246 2006 5316 22)?
2032 5246 2184 5314 Quod
2212 5248 2346 5317 petis
2374 5262 2403 5301 a
2431 5246 2608 5310 Patre,
2640 5246 2691 5301 id
2722 5246 2840 5312 das,
2868 5256 3154 5317 antequam
3185 5247 3253 5301 ab
3279 5262 3347 5302 eo

1760 5349 1930 5412 petas.
1962 5340 2103 5411 Ergo
2132 5341 2370 5403 simulas,
2398 5340 2521 5394 dum
2553 5339 2691 5409 petis
2715 5358 2728 5392 :
2759 5338 2876 5393 Non
2902 5339 3116 5403 simulo,
3144 5338 3344 5409 inquit;

1760 5432 1902 5487 nulla
1931 5432 2073 5486 enim
2096 5432 2235 5500 apud
2261 5429 2534 5486 veritatem
2562 5430 2864 5494 simulatio,
2893 5429 2987 5484 sed
3010 5428 3153 5483 aliud
3174 5428 3347 5498 digni—

1761 5525 1851 5577 tati
1881 5523 2151 5588 convenit,
2184 5522 2327 5578 aliud
2357 5523 2691 5577 incarnatum
2713 5520 2890 5577 decet.
2936 5518 3047 5575 Cur
3086 5533 3214 5590 ergo
3256 5518 3343 5575 in-

1758 5613 1979 5670 sul‘llasti
2009 5615 2059 5669 in
2084 5615 2251 5672 facies
2277 5613 2681 5685 apostolorum?
2728 5612 2811 5668 Me
2837 5611 3137 5683 oportebat,
3171 5611 3346 5684 inquit

1760 5706 2031 5772 Servator,
2062 5716 2337 5777 postquam
2365 5722 2431 5763 ex
2461 5703 2684 5761 mortuis
2708 5719 3128 5767 resurreXeram.
3156 5706 3345 5775 primi-
