3672 6268
357 204 462 260 597

360 322 459 376 tias
488 320 607 375 vita:
647 318 842 376 mundo
868 319 1068 392 largiri.
1115 317 1260 389 Quia,
1287 318 1431 375 enim
1468 318 1635 373 Adam
1678 316 1933 370 formatus

353 424 632 484 acceperat
674 414 995 483 spiraculum
1033 414 1154 468 vitae
1198 412 1498 486 (lnspiravit
1539 411 1671 467 enim
1706 409 1842 463 Deus
1880 410 1933 462 in

354 510 534 577 faciem
563 507 746 561 Adami
764 549 778 571 ,
808 518 855 560 et
883 510 1045 580 factus
1073 517 1143 562 est
1172 509 1226 561 in
1253 507 1475 561 animam
1514 508 1753 560 viventem
1781 502 1929 576 [Gem

353 600 405 652 9..
436 598 489 670 7']
510 596 551 670 ),
583 598 635 651 id
664 598 805 668 quod
837 598 925 652 ille
951 608 1227 667 acceptum
1258 596 1509 667 perdidit,
1538 596 1639 649 hoc
1666 610 1764 664 ego
1796 609 1932 663 pra:-

353 706 477 747 sens
503 707 717 746 revoco.
753 691 982 761 Lapsum
1013 692 1178 761 origo,
1208 698 1513 758 corruptum
1542 703 1760 751 renovo,
1791 700 1935 739 mor-

356 796 505 838 tuum
540 784 766 837 viviﬁco.
815 784 990 838 Testis
1016 793 1097 837 est
1128 780 1507 836 incarnationis
1546 778 1803 848 propheta
1850 777 1936 831 ille

272 892 279 898 ’
353 876 441 944 qui
469 890 640 929 meam
674 874 1086 928 insufflationem
1108 870 1432 942 praedicavit.
1459 871 1525 924 Et
1544 869 1660 939 quis
1681 866 1934 937 propheta

354 965 702 1019 esclamando
726 965 860 1018 hanc
880 976 1115 1020 Sanctam
1147 962 1555 1017 insufflationem
1586 959 1937 1029 przrnuntiat?

357 1054 515 1122 Audi,
551 1056 737 1124 inquit,
769 1055 1082 1126 pr0phetatn
1112 1070 1175 1109 ex
1208 1054 1311 1107 illis
1332 1051 1613 1107 duodecim
1636 1051 1719 1105 cui
1744 1066 1934 1104 nomen

355 1143 867 1205 Nahum,diccntcm
886 1162 900 1197 ε
919 1144 1160 1207 Celebre,
1178 1142 1343 1212 .luda,
1368 1146 1495 1213 festa
1519 1152 1627 1208 tua,
1652 1142 1805 1195 redde
1831 1142 1936 1195 Deo

359 1247 470 1289 vota
496 1247 607 1293 tua.
646 1234 767 1289 Non
810 1236 1029 1303 amplius
1067 1236 1307 1306 adjicient
1348 1238 1511 1289 venire
1547 1219 1628 1289 ad,
1647 1244 1937 1288 vetustatem

358 1328 614 1397 (Nahunt.
642 1329 693 1383 1.
728 1328 837 1398 15).
866 1327 1041 1381 Prima
1076 1328 1161 1382 illa
1192 1327 1548 1381 Consummata
1574 1336 1709 1392 sunt,
1734 1328 1934 1397 inquit;

362 1418 480 1473 Non
501 1420 716 1488 amplius
743 1418 980 1489 adjicient
1010 1420 1176 1472 venire
1194 1420 1261 1471 ad
1283 1428 1589 1472 vetustatem.
1622 1419 1819 1473 Novam
1850 1420 1938 1475 ille

358 1510 581 1580 gratiam
624 1512 931 1577 annuntiat,
958 1510 1078 1580 quia
1111 1520 1288 1565 vetera
1316 1511 1588 1565 desierunt
1616 1529 1628 1563 :
1662 1527 1797 1565 nova
1835 1511 1937 1566 flo-

361 1614 498 1657 rent.
529 1602 733 1657 Celebra
764 1605 892 1675 festa
913 1614 1015 1657 tua.
1045 1602 1152 1657 Cur
1182 1603 1328 1665 dicit,
1355 1602 1599 1657 (ielebra?
1622 1602 1754 1670 Quia
1783 1603 1833 1657 in
1859 1606 1936 1657 fe-

359 1705 444 1749 sto
474 1696 691 1750 Pasch-.1:
722 1698 1038 1750 resurrectio
1070 1695 1242 1749 futura
1275 1706 1406 1751 erat.
1456 1694 1688 1759 Celebra,
1732 1697 1934 1766 inquit,

358 1788 517 1853 Juda,
550 1792 675 1857 [esto
704 1798 810 1854 tua,
839 1789 992 1843 redde
1029 1789 1137 1844 Deo
1165 1800 1276 1844 vota
1307 1800 1414 1843 tua.
1449 1789 1570 1843 Non
1600 1789 1818 1860 amplius
1842 1791 1937 1843 ad-

349 1880 529 1951 jicient
555 1881 719 1932 venire
741 1880 809 1933 ad
833 1889 1159 1941 vetustatem;
1198 1889 1540 1933 consummata
1564 1889 1716 1946 sunt,
1742 1881 1939 1934 sublata

359 1980 495 2037 sunt,
532 1971 580 2025 id
612 1981 714 2038 est,
745 1972 913 2040 prima
954 1971 1113 2026 ﬁnem
1157 1971 1371 2026 habent.
1416 1970 1523 2026 Cur
1565 1973 1730 2041 prima
1778 1974 1937 2027 tinem

365 2061 598 2115 habent?
625 2061 860 2115 Ascendit
887 2062 1027 2125 enim
1057 2062 1118 2114 de
1146 2071 1277 2115 terra
1293 2063 1384 2132 qui
1403 2062 1665 2133 insuﬁlavit
1685 2064 1735 2116 in
1760 2064 1939 2134 faciem

363 2163 520 2218 tuam,
553 2164 600 2207 ct
625 2170 687 2207 ea;
714 2154 850 2207 omni
880 2154 1144 2225 afflictione
1171 2154 1396 2209 liberavit
1421 2156 1437 2223 (
1462 2153 1513 2207 Ν
1519 2154 1605 2210 alt.
1630 2155 1684 2209 2.
1710 2156 1733 2208 l
1760 2154 1801 2225 ).
1833 2154 1938 2210 Sed

362 2243 427 2296 ad
471 2258 584 2297 rem
629 2244 817 2298 iterum
860 2245 1160 2310 redeamus,
1204 2243 1443 2311 Celebra,
1470 2243 1644 2311 Juda,
1674 2246 1803 2315 festa
1828 2256 1936 2312 tua,

362 2336 515 2390 redde
543 2335 651 2389 Deo
685 2345 798 2389 vota
836 2345 942 2391 tua.
988 2335 1111 2390 Non
1152 2337 1371 2406 amplius
1411 2337 1650 2407 adjicient
1685 2338 1849 2392 venire
1872 2339 1940 2391 ad

362 2434 669 2483 uetustatem.
699 2428 952 2495 Quaenam
981 2427 1152 2482 festa?
1181 2429 1271 2483 llla
1304 2428 1446 2485 enim
1472 2437 1648 2483 vetera
1680 2445 1937 2484 novorum

364 2521 642 2590 imaginem
671 2521 927 2575 ferebant.
945 2508 1118 2575 Prima
1144 2520 1259 2575 dies
1274 2520 1618 2591 Azymoru‘m,
1640 2536 1759 2590 qua:
1785 2535 1939 2575 accu-

362 2624 476 2668 rate
496 2613 891 2682 explorantibns
911 2615 1082 2683 imago
1103 2614 1367 2682 passionis
1389 2626 1489 2668 est.
1517 2614 1644 2667 Post
1664 2613 1801 2668 hanc
1824 2613 1938 2669 dies

365 2704 724 2768 Pentecostes,
754 2720 871 2774 qua:
893 2704 1067 2775 imago
1088 2712 1142 2759 et
1162 2704 1273 2774 ipsa
1298 2704 1394 2758 fuit
1416 2703 1675 2760 adventus
1701 2705 1867 2760 sancti
1887 2716 1941 2760 et

361 2794 615 2849 adorandi
668 2794 916 2864 Spiritus.
964 2793 1180 2850 Festum
1234 2795 1752 2862 Tabernaculorum,
1797 2796 1938 2865 quod

364 2888 536 2957 imago
558 2887 1015 2942 tabernaculorum
1044 2888 1338 2943 caelestium
1364 2896 1498 2942 erat.
1533 2888 1665 2942 Hinc
1688 2889 1941 2943 Dominus

361 2977 731 3033 demonstrare
755 2980 942 3035 volens
962 3020 976 3045 ,
1004 2979 1430 3049 quandoquidem
1474 2979 1562 3033 illa
1601 2978 1940 3035 tabernacula

362 3077 703 3139 tcmporauea
730 3079 849 3124 sunt
874 3110 888 3134 ,
929 3084 1049 3125 esse
1074 3070 1165 3126 illa
1193 3070 1409 3141 ﬁguram
1436 3070 1727 3124 futurorum
1761 3071 1939 3126 taber-

361 3161 693 3226 naculorum,
720 3160 927 3216 dicebat
948 3161 1197 3216 divitibus
1217 3160 1373 3231 hujus
1398 3161 1581 3215 mundi
1612 3178 1624 3214 :
1653 3158 1826 3215 Facite
1851 3177 1939 3215 vo-

359 3250 433 3304 bis
457 3251 645 3305 amicos
669 3267 731 3304 ex
758 3267 1042 3304 mammona
1069 3251 1365 3321 iniquitatis,
1395 3259 1451 3304 ut
1476 3267 1591 3304 cum
1620 3250 1900 3319 defecerilis
1922 3293 1938 3318 ,

358 3344 604 3414 recipiant
625 3359 710 3397 vos
731 3345 782 3397 in
806 3354 994 3398 teterna
1023 3344 1347 3397 tabernacula
1375 3341 1523 3412 (Luc.
1554 3343 1640 3397 16.
1668 3343 1748 3414 9).
1777 3343 1940 3398 Tem-

363 3445 592 3499 poranea
642 3430 801 3499 igitur
847 3429 1187 3484 tabernacula
1228 3439 1550 3484 teternorum
1578 3430 1740 3500 ﬁgura
1770 3430 1941 3485 taber-

363 3520 672 3574 naculorum
721 3530 892 3575 erant.
939 3520 1198 3587 Quoniam
1243 3535 1372 3591 ergo
1409 3519 1609 3575 Christi
1642 3523 1939 3577 meonomia

363 3625 458 3663 seu
506 3609 798 3665 incarnatio
840 3622 1047 3668 veteres
1094 3612 1289 3681 ﬁguras
1334 3611 1604 3680 implebat,
1642 3627 1941 3683 novamque

340 3689 505 3754 illam
546 3701 767 3771 gratiam
809 3701 1089 3757 ﬂorentem
1136 3702 1425 3768 reddebat,
1474 3705 1637 3773 probe
1682 3705 1937 3775 propheta

362 3792 678 3860 praenuntiat
708 3792 888 3848 dicens
914 3792 1173 3858 :Celebra,
1197 3793 1355 3859 Juda,
1379 3796 1507 3865 festa
1527 3806 1632 3860 tua,
1660 3797 1813 3851 redde
1834 3797 1939 3852 Deo

358 3890 471 3934 vota
497 3891 583 3935 tua
600 3897 620 3945 ;
660 3882 708 3935 id
749 3883 1011 3953 significat
1042 3884 1188 3948 illud,
1217 3882 1338 3937 Non
1372 3886 1592 3955 amplius
1621 3888 1858 3957 adjicient
1886 3898 1939 3942 ut

357 3972 552 4027 ueniant
593 3973 660 4025 ad
694 3982 1001 4029 vetustatem.
1031 3974 1301 4029 Renovato
1329 3985 1450 4030 sunt
1471 3977 1610 4031 enim
1637 3987 1816 4033 vetera
1845 3995 1938 4050 per

353 4067 599 4137 gratiam,
624 4062 979 4121 Consummatn
1005 4077 1138 4134 sunt,
1161 4068 1356 4122 sublata
1375 4078 1511 4124 sunt.
1535 4069 1773 4125 Ascendit
1792 4074 1935 4127 enim

354 4172 416 4209 ex
441 4164 572 4209 terra
597 4157 680 4225 qui
700 4157 913 4227 insufﬂat
954 4158 1008 4211 in
1034 4158 1215 4228 faciem
1260 4169 1417 4225 tuam,
1442 4170 1487 4214 et
1514 4161 1599 4231 qui
1629 4172 1675 4215 te
1699 4179 1761 4217 ea:
1798 4180 1935 4219 a’ru-

357 4251 487 4302 mnis
512 4250 679 4318 eripit.
705 4250 996 4304 AtNahum
1022 4252 1276 4321 prepheta
1305 4252 1586 4307 Dominum
1614 4256 1836 4324 gratiam
1857 4257 1938 4311 in-

356 4341 646 4409 spirantem
673 4341 767 4396 tibi
793 4344 936 4398 nude
960 4342 1229 4409 exhibuit;
1264 4343 1424 4398 lsaias
1446 4354 1623 4400 autem
1651 4347 1756 4401 alio
1777 4349 1937 4404 modo

360 4448 479 4485 eum
506 4433 593 4501 qui
623 4449 687 4487 ex
711 4434 934 4489 mortuis
955 4437 1184 4489 surrexit
1208 4447 1262 4490 et
1289 4436 1541 4507 Spiritum
1563 4449 1806 4494 sanctum
1826 4443 1937 4497 suis

355 4522 625 4591 elargitur,
654 4525 975 4594 praenuntiat
1006 4525 1088 4579 his
1116 4527 1296 4580 verbis
1324 4544 1337 4580 :
1373 4526 1686 4582 Recordatus
1719 4540 1791 4583 est
1825 4532 1935 4585 die-

354 4629 467 4666 rum
493 4623 794 4668 (eternorum
840 4617 925 4686 qui
980 4616 1150 4670 eduxit
1185 4619 1247 4671 de
1285 4627 1417 4671 terra
1455 4629 1705 4689 pastorem
1740 4623 1929 4678 ovium.

354 4704 421 4758 Et
444 4705 565 4759 loco
585 4705 744 4774 illius,
776 4704 1053 4779 lusu/ﬂavit
1072 4709 1124 4762 in
1149 4709 1329 4778 facient
1367 4727 1561 4778 eorum,
1589 4714 1765 4767 statim
1798 4715 1930 4769 sub-

348 4795 561 4863 juuxit:
591 4796 689 4863 Qui
717 4799 884 4865 posuit
910 4799 962 4851 in
989 4800 1057 4852 eis
1085 4799 1334 4869 Spiritum
1360 4813 1588 4856 sanctum
1618 4804 1636 4877 (
1668 4803 1795 4859 Isai.
1841 4807 1930 4862 63.

353 4886 413 4938 ll
443 4884 483 4955 ).
521 4887 707 4941 Divina
750 4887 996 4957 dignitas,
1028 4889 1204 4943 divina
1233 4895 1571 4961 nuncupatio,
1602 4897 1742 4965 regia
1770 4899 1932 4968 maje-

352 4985 496 5041 stas,
544 4977 854 5032 intemerata
901 4982 1103 5051 gloria,
1146 4983 1697 5053 incomprehensibilis
1742 4991 1928 5058 virtus,

352 5068 440 5136 qui
470 5083 589 5120 cum
622 5066 776 5122 Patre
798 5072 1225 5139 congloriﬁcatur
1244 5116 1258 5140 ,
1289 5091 1408 5129 cum
1438 5075 1569 5130 Filio
1594 5090 1811 5148 regnat,
1840 5084 1929 5151 qui

352 5168 605 5225 operatur
642 5161 841 5226 omnia,
885 5172 937 5216 et
978 5162 1153 5218 divina
1199 5180 1416 5219 munera
1459 5168 1679 5237 singulis
1718 5170 1926 5240 dividit,

352 5258 509 5317 prout
537 5250 669 5304 vult.
694 5249 819 5306 llcec
844 5253 980 5307 bene
1003 5253 1128 5308 novi
1155 5254 1404 5311 Ecclesiae
1430 5256 1752 5315 domesticos
1772 5262 1930 5317 robo-

352 5357 493 5409 rarc,
526 5343 879 5414 mordercque
905 5361 966 5400 ac
992 5345 1325 5417 disrumpere
1346 5350 1585 5405 inimicos
1607 5351 1929 5419 ejus,ma.\'i-

349 5448 541 5504 tneque
586 5436 685 5506 pia:
728 5438 1001 5509 religionis
1038 5439 1234 5505 hostes,
1268 5443 1356 5511 qui
1385 5457 1506 5496 cum
1532 5442 1687 5499 Patre
1712 5453 1765 5500 et
1792 5446 1926 5503 Filio

351 5526 749 5595 congloriﬁeare
785 5530 1041 5601 Spiritum
1090 5541 1330 5587 sanctum
1379 5544 1645 5591 recusant.
1687 5535 1731 5590 Ο
1762 5540 1927 5595 misc-

354 5614 521 5670 riam!
553 5619 626 5675 Ne
654 5634 715 5675 ea
742 5620 955 5692 quidem
982 5637 1100 5696 quae
1125 5623 1299 5681 sortiti
1327 5635 1447 5679 sunt
1478 5625 1596 5696 ipsi,
1620 5627 1800 5684 volunt
1832 5630 1926 5687 tri-

1798 197 2161 259 SEVERIANI
3537 208 3628 265 50!

2042 314 2205 369 buere
2230 313 2449 383 Spiritui
2481 324 2685 370 sancto.
2717 315 3000 385 Apostolus
3031 324 3206 371 autem
3232 316 3300 373 de
3328 333 3398 373 se
3418 361 3434 383 ,
3470 320 3627 389 deque

2042 407 2123 459 sui
2148 407 2409 461 similibus
2438 407 2667 472 diccbat,
2700 407 2762 463 Si
2780 412 3133 477 compatimur,
3156 412 3309 462 etiam
3338 414 3627 481 εοηςισήῤ.

2042 500 2268 552 cabimur
2313 498 2500 570 (Rom.
2539 499 2747 569 8.17).
2798 500 2992 554 Paulus
3027 498 3478 567 con'ngriﬁCatur
3523 520 3621 557 cum

2046 588 2156 643 Deo
2175 632 2189 654 ,
2219 600 2271 643 et
2298 590 2523 659 Spiritus
2548 606 2653 645 non
2682 590 3145 660 congioriﬁcatur?
3170 592 3424 647 Mortalis
3455 607 3618 652 natura

2045 679 2095 732 in
2126 687 2322 734 tantam
2349 681 2723 736 sublimitatem
2749 682 3012 747 evehitur,
3048 691 3101 736 ut
3124 698 3246 737 cum
3274 685 3511 743 Christo
3530 692 3619 755 gi».

2046 769 2297 829 riﬁcetur.
2328 781 2382 825 et
2407 771 2708 825 adorandus
2734 772 2982 841 Spiritus,
3009 789 3105 827 nec
3129 775 3323 827 iisdem
3358 775 3619 832 nobiscum

2045 861 2351 918 muneribus
2391 862 2632 919 fruetur?
2675 866 2749 920 De
2789 866 2975 921 iisdem
3020 867 3334 922 hominibus
3381 870 3461 922 ait
3509 871 3620 927 idem

2045 952 2333 1020 apostolus,
2362 953 2421 1008 Si
2451 957 2817 1025 contpatimur,
2851 968 2897 1009 et
2919 960 3345 1029 conregnabimus
3381 960 3401 1030 (
3419 961 3476 1012 Ξ..
3510 961 3617 1020 Tim,

2043 1040 2245 1109 2.12);
2277 1052 2331 1097 et
2349 1043 2576 1113 Spiritus
2596 1057 2808 1101 sanctus
2833 1064 2935 1102 non
2964 1050 3205 1118 regnabit
3230 1066 3362 1105 cum
3392 1052 3618 1108 Christo?

2045 1133 2087 1186 0
2111 1134 2368 1203 ingratum
2393 1140 2657 1192 animum!
2684 1156 2716 1192 o
2738 1141 2994 1194 insaniam
3018 1143 3451 1198 intolerandam!
3477 1161 3614 1200 osen—

2047 1228 2260 1280 tentiam
2291 1230 2523 1297 impiam,
2538 1242 2589 1285 et
2608 1233 2870 1301 ingentem
2896 1233 3300 1303 blasphemiam,
3321 1237 3613 1306 plagamque

2046 1317 2423 1373 incurabilem!
2476 1321 2582 1377 Nos
2635 1334 3005 1393 exspectamus
3054 1337 3488 1396 conregnaturos
3540 1348 3615 1386 nos

2045 1422 2188 1473 esse;
2214 1420 2265 1463 et
2285 1408 2537 1479 Spiritum
2558 1423 2794 1469 sanctum
2810 1416 2860 1469 in
2882 1417 3018 1470 servi
3033 1418 3273 1472 ordinem
3294 1419 3613 1490 redigemus?

2117 1501 2168 1555 6.
2215 1502 2340 1557 llaec
2385 1519 2543 1572 porro
2579 1496 2825 1566 dicimus.
2856 1508 3066 1576 fratres,
3095 1527 3201 1565 non
3230 1513 3382 1582 quod
3411 1514 3609 1583 Spiritus

2045 1602 2261 1647 sanctus
2290 1595 2359 1648 ita
2390 1595 2580 1652 debeat
2604 1613 2723 1653 cum
2753 1600 2963 1655 Christo
2989 1603 3411 1672 congloriﬁcari.
3447 1620 3500 1660 ut
3534 1627 3607 1665 nos

2046 1684 2541 1755 congloriﬁcamur,
2580 1690 2673 1743 sed
2708 1702 2761 1743 ut
2794 1692 3119 1760 impietatem
3160 1712 3353 1751 eorum
3388 1700 3608 1756 confute-

2047 1788 2184 1837 mus,
2214 1774 2302 1842 qui
2334 1792 2432 1830 nec
2463 1786 2665 1833 tantum
2697 1782 2907 1849 quidem
2936 1784 3032 1852 ipsi
3063 1786 3301 1840 tribuere
3326 1788 3605 1857 dignantur.

2046 1863 2309 1936 Propitius
2354 1869 2427 1923 sis
2474 1871 2661 1938 nobis,
2704 1874 2946 1941 Domine,
2975 1878 3112 1932 circa
3138 1895 3197 1933 ea
3227 1897 3350 1948 qum
3379 1884 3607 1942 diximus.

2046 1955 2193 2012 Licet
2227 1963 2366 2014 enim
2399 1962 2681 2031 impiorum
2721 1966 2859 2021 dicta
2895 1969 3210 2037 simpliciter
3250 1982 3305 2025 et
3348 1976 3605 2030 verborum

2047 2056 2201 2103 tenus
2228 2058 2429 2104 tantum
2461 2066 2783 2122 repetamus,
2811 2067 3044 2113 attamen
3073 2076 3252 2126 nemo,
3282 2065 3499 2127 fratres,
3524 2086 3605 2133 pn-

2048 2146 2120 2191 tet
2163 2137 2286 2193 hinc
2329 2144 2703 2198 contumeliam
2733 2146 2949 2215 Spiritui
2990 2162 3175 2205 sancto
3221 2152 3445 2219 inferri,
3490 2162 3604 2225 quod

2045 2245 2228 2285 eorum
2253 2236 2587 2291 contumelia:
2626 2250 2956 2308 repetantur.
2990 2243 3110 2297 lllas
3135 2247 3279 2300 enim
3312 2248 3367 2300 in
3400 2252 3603 2303 medium

2048 2321 2367 2389 proferimus
2391 2368 2406 2393 ,
2441 2342 2545 2382 non
2571 2340 2628 2383 ut
2653 2331 2906 2399 impietati
2928 2337 3304 2402 assentiamur,
3340 2342 3436 2393 sed
3466 2352 3519 2393 ut
3541 2362 3607 2396 cr-

2048 2427 2223 2466 rorem
2268 2415 2627 2486 traducamus,
2669 2432 2723 2474 et
2765 2423 2972 2491 pietatis
3011 2427 3259 2483 alumnos
3285 2446 3316 2483 a
3349 2447 3507 2498 prava
3540 2438 3603 2489 ill:

2045 2502 2287 2559 doctrina
2326 2516 2645 2563 avertamus.
2690 2511 2895 2566 Etenim
2934 2517 3191 2583 apostoli,
3226 2522 3315 2589 qui
3346 2521 3603 2577 Dominum

2045 2595 2315 2658 amabant,
2360 2605 2415 2651 et
2461 2599 2577 2667 ejus
2621 2602 2950 2671 maiestatem
2996 2606 3275 2675 viderant,
3323 2610 3604 2666 .ludazornm

2046 2688 2393 2742 contumelias
2435 2689 2488 2743 in
2533 2691 2699 2746 Sacris
2726 2692 3024 2765 Evangeliis
3065 2699 3263 2755 referre
3290 2718 3397 2756 non
3426 2704 3606 2758 dubita.

2046 2788 2188 2832 runt.
2220 2779 2398 2849 Itaque
2428 2783 2620 2852 scripta
2645 2785 2713 2839 ibi
2740 2798 2863 2841 sunt
2886 2806 3233 2861 quaecumque
3262 2797 3381 2849 ausi
3407 2810 3527 2850 sunt
3550 2801 3603 2851 iit:

2046 2867 2113 2922 de
2142 2868 2356 2925 Christo
2383 2873 2581 2937 dicere,
2607 2876 2745 2944 quod
2781 2889 3028 2946 peccator
3053 2892 3228 2946 esset,
3258 2886 3399 2952 quod
3432 2904 3493 2940 es
3522 2890 3604 2939 tuo

2046 2976 2150 3014 non
2177 2976 2341 3030 esset,
2368 2966 2611 3036 quodque
2637 2983 2814 3024 coram
2844 2986 2909 3025 eo
2930 2976 3041 3026 ausi
3074 2978 3180 3027 sint
3207 2976 3409 3043 dicere,
3443 2980 3603 3033 Sama-

2045 3054 2239 3135 ritanus
2265 3073 2314 3109 es
2340 3067 2413 3119 tu.
2439 3066 2485 3111 et
2505 3058 2805 3114 daemonium
2830 3062 2979 3117 habes
3006 3063 3184 3135 (Joan.
3208 3069 3260 3122 8.
3288 3069 3405 3138 ιδ).
3436 3071 3601 3125 Verum

2047 3146 2315 3217 Scriptura
2367 3165 2472 3204 non
2523 3153 2811 3224 scriptorcs
2847 3169 3081 3224 accusat,
3128 3161 3223 3215 sed
3261 3162 3599 3233 blasphemus.

2046 3234 2181 3290 Audi
2230 3236 2458 3308 Spiritus
2504 3241 2610 3295 vim
2660 3251 2712 3298 et
2752 3244 3063 3312 efﬁcaciam,
3103 3250 3226 3305 audi
3261 3255 3599 3321 apostolorum

2048 3327 2250 3393 laudes,
2296 3347 2481 3387 eorttm
2530 3349 2754 3405 sequere
2803 3338 3122 3409 doctrinam,
3167 3355 3376 3402 sectare
3417 3362 3597 3417 patrum

2048 3423 2304 3494 vestigia;
2336 3441 2403 3484 ne
2432 3441 2497 3481 ex
2528 3428 2870 3498 profanorum
2904 3436 3135 3506 vestigiis
3174 3438 3226 3492 in
3270 3456 3503 3498 errorem
3526 3447 3598 3500 de-

2045 3513 2295 3572 ducaris:
2328 3518 2640 3577 Trinitatem
2663 3523 2848 3591 adora,
2881 3526 3189 3585 Trinitatem
3218 3534 3478 3603 gloriﬁm,
3504 3539 3598 3593 Tri-

2047 3606 2262 3662 nitatem
2296 3611 2542 3682 prardica.
2576 3612 2650 3667 Ita
2669 3615 2902 3671 sentiunt
2925 3621 3217 3689 prophetae.
3243 3624 3313 3678 ita
3337 3629 3596 3694 praedicant

2046 3702 2289 3769 apostoli,
2322 3703 2389 3757 ita
2418 3705 2640 3761 credunt
2666 3718 2947 3781 martyres.
2979 3714 3113 3767 Audi
3146 3715 3365 3773 Paulum
3395 3721 3594 3776 Trinitav

2047 3804 2151 3848 tem
2200 3797 2576 3865 praedicantem
2605 3817 2617 3853 :
2651 3801 2934 3859 Dirisiones
2979 3809 3258 3876 gratiarum
3294 3824 3408 3866 sunt
3429 3857 3444 3879 ,
3488 3817 3593 3870 idem

2045 3894 2212 3939 autem
2251 3886 2511 3956 Spiritus;
2558 3891 2823 3947 divisiones
2863 3896 3285 3954 ministrationum
3324 3915 3457 3968 sunt,
3487 3908 3592 3959 idem

2046 3988 2211 4032 autem
2238 3978 2521 4041 Dominus:
2546 3982 2810 4039 divisiones
2836 3989 3181 4055 operationum
3203 4004 3337 4057 sunt,
3357 3994 3483 4047 idem
3503 4013 3589 4050 vero

2045 4066 2203 4132 Deus,
2239 4070 2324 4139 qui
2366 4074 2603 4141 aperatur
2645 4075 2811 4127 omnia
2859 4077 2909 4129 in
2952 4080 3283 4151 omnibus“.
3310 4082 3424 4137 Cor.
3451 4088 3591 4141 12.4-

2045 4158 2120 4230 6).
2168 4160 2277 4215 Cur
2316 4178 2420 4216 non
2472 4164 2653 4232 incipit
2682 4181 2709 4218 a
2740 4166 2933 4221 Patre?
2974 4185 3068 4223 cur
3109 4186 3213 4225 non
3263 4176 3429 4241 primo
3471 4180 3585 4231 illum

2046 4253 2314 4320 pra-dicat,
2346 4253 2537 4309 deinde
2566 4255 2777 4322 Filium,
2810 4260 3023 4314 demum
3056 4261 3312 4331 Spiritum
3342 4274 3587 4323 sanctum?

2044 4345 2335 4402 lnvertisne
2378 4348 2655 4417 ordinem,
2690 4351 2883 4406 Paule?
2923 4363 3167 4409 mutasne
3210 4361 3437 4413 seriem?
3481 4362 3587 4415 Dum

2043 4438 2292 4493 Servator
2332 4440 2402 4493 ita
2450 4441 2743 4506 tradiderit,
2776 4440 2841 4497 In
2869 4446 3070 4499 nomine
3094 4447 3287 4513 Patris,
3313 4460 3354 4502 et
3382 4450 3529 4516 Filii,
3552 4468 3585 4507 et

2046 4528 2266 4598 Spiritus
2293 4532 2452 4584 sancti
2483 4529 2695 4604 (Matth.
2724 4534 2813 4589 28.
2842 4535 2907 4590 19
2925 4534 2966 4605 ).
2999 4545 3123 4592 tune
3150 4540 3311 4593 solvis
3342 4543 3585 4611 theologia:

2044 4611 2253 4682 legent?
2300 4613 2491 4668 Verum
2532 4615 2671 4671 absit
2704 4634 2771 4672 ne
2806 4618 2930 4688 quid
2961 4621 3062 4676 tale
3090 4638 3332 4692 umquam
3360 4626 3423 4679 de
3449 4627 3583 4680 Paulo

2042 4704 2354 4775 cogitemus.
2404 4707 2628 4762 Sanctus
2671 4710 2812 4764 enim
2858 4710 2946 4766 ille
2985 4723 3039 4768 et
3071 4714 3389 4771 admirabilis
3413 4736 3578 4789 preco.

2043 4795 2144 4850 hoc
2171 4796 2335 4866 probe
2363 4809 2615 4863 noverat,
2649 4815 2707 4853 se
2736 4800 2942 4856 etiamsi
2971 4804 3196 4871 Spiritus
3230 4810 3391 4875 primo
3420 4815 3579 4865 nlCllll°

2042 4887 2201 4941 uisset
2226 4927 2241 4953 ,
2273 4888 2616 4943 nihilominus
2645 4890 2961 4961 theologiam
2990 4894 3208 4949 iit-usam
3241 4912 3474 4963 servare,
3501 4920 3577 4954 nc-

2038 4995 2143 5049 que
2180 4978 2507 5034 inconfusam
2552 4989 2792 5036 naturam
2831 4985 3149 5038 contumelia
3191 4987 3396 5042 afﬁcere
3436 5008 3575 5061 neque

2039 5071 2276 5125 dividere
2331 5071 2703 5126 indivisibilem
2753 5073 3084 5144 dignitatem.
3144 5076 3389 5145 Spiritum
3437 5084 3574 5150 primo

2040 5174 2340 5230 memorat,
2390 5174 2450 5218 ut
2500 5152 2776 5231 ostendat,
2822 5167 3115 5235 Spiritum,
3168 5170 3270 5223 etsi
3319 5182 3573 5241 postremus

2037 5256 2334 5317 scribatur.
2391 5271 2496 5308 non
2546 5255 2666 5308 hinc
2718 5257 2961 5309 ultimum
2994 5266 3047 5310 et
3088 5272 3400 5326 postremum
3440 5266 3567 5317 efﬁci.

1978 5394 1994 5402 -
2035 5350 2167 5416 Quia
2211 5350 2350 5402 enim
2396 5347 2466 5400 illi
2514 5363 2670 5416 prave
2721 5349 3135 5415 interpretantur
3176 5366 3283 5406 non
3325 5368 3567 5407 connume-

2035 5450 2231 5504 rantes,
2265 5439 2355 5493 sed
2413 5438 2695 5511 posteriori
2742 5439 2927 5492 ordine
2973 5455 3312 5495 numerantes
3350 5457 3450 5511 pxst
3487 5446 3566 5498 Γει-

2035 5542 2166 5587 trem
2217 5532 2405 5585 Filium
2434 5574 2447 5594 ,
2502 5540 2620 5601 post
2663 5531 2851 5585 Filium
2892 5532 3140 5600 Spiritum
3178 5545 3405 5591 sanctum
3446 5540 3564 5605 (pri-

2034 5644 2151 5683 mus
2177 5625 2338 5693 enim,
2372 5623 2538 5693 aiunt,
2568 5624 2744 5692 Pater,
2775 5626 3035 5680 secundus
3066 5625 3256 5693 Filius,
3290 5630 3452 5685 tertius
3470 5631 3566 5699 Syt-

2224 5732 2235 5755 Ι
