  <div class='ocr_page' id='page_1' title='image "/cluster/home/n/w/nwhite01/storage/ocr_20150623/56/hvd.32044019304435/496.png"; bbox 0 0 3692 6274; ppageno 0'>
   <div class='ocr_carea' id='block_1_1' title="bbox 7 303 130 363">
    <p class='ocr_par' dir='ltr' id='par_1_1' title="bbox 7 303 130 363">
     <span class='ocr_line' id='line_1_1' title="bbox 7 303 130 363; baseline -0.024 0"><span class='ocrx_word' id='word_1_1' title='bbox 7 303 130 363; x_wconf 68' lang='grc'><strong>507</strong></span> 
     </span>
    </p>
   </div>
   <div class='ocr_carea' id='block_1_2' title="bbox 7 415 1604 491">
    <p class='ocr_par' dir='ltr' id='par_1_2' title="bbox 7 415 1604 491">
     <span class='ocr_line' id='line_1_2' title="bbox 7 415 1604 491; baseline 0.001 -19"><span class='ocrx_word' id='word_1_2' title='bbox 7 419 132 491; x_wconf 70' lang='grc' dir='ltr'><strong>γὰρ</strong></span> <span class='ocrx_word' id='word_1_3' title='bbox 167 419 343 490; x_wconf 77' lang='grc' dir='ltr'><strong>’Δδάμ</strong></span> <span class='ocrx_word' id='word_1_4' title='bbox 363 415 619 482; x_wconf 69' lang='grc' dir='ltr'><strong>πλασθεὶς</strong></span> <span class='ocrx_word' id='word_1_5' title='bbox 640 418 828 472; x_wconf 66' lang='grc' dir='ltr'><strong>ἔλασεν</strong></span> <span class='ocrx_word' id='word_1_6' title='bbox 848 418 1145 490; x_wconf 73' lang='grc' dir='ltr'><strong>ἐμφύσημα</strong></span> <span class='ocrx_word' id='word_1_7' title='bbox 1161 419 1302 489; x_wconf 78' lang='grc' dir='ltr'><strong>ζωῆς</strong></span> <span class='ocrx_word' id='word_1_8' title='bbox 1328 420 1604 490; x_wconf 78' lang='grc' dir='ltr'><strong>(Ἐνεφύ-</strong></span> 
     </span>
    </p>
   </div>
   <div class='ocr_carea' id='block_1_3' title="bbox 7 507 1601 578">
    <p class='ocr_par' dir='ltr' id='par_1_3' title="bbox 7 507 1601 578">
     <span class='ocr_line' id='line_1_3' title="bbox 7 507 1601 578; baseline 0 -16"><span class='ocrx_word' id='word_1_9' title='bbox 7 525 188 576; x_wconf 69' lang='lat' dir='ltr'><strong>more</strong></span> <span class='ocrx_word' id='word_1_10' title='bbox 212 509 323 578; x_wconf 80' lang='grc' dir='ltr'><strong>γὰρ</strong></span> <span class='ocrx_word' id='word_1_11' title='bbox 358 511 391 562; x_wconf 90' lang='grc' dir='ltr'><strong><em>ό</em></strong></span> <span class='ocrx_word' id='word_1_12' title='bbox 428 507 568 574; x_wconf 83' lang='grc' dir='ltr'><strong>Θεὸς</strong></span> <span class='ocrx_word' id='word_1_13' title='bbox 601 509 689 574; x_wconf 85' lang='grc' dir='ltr'><strong>εἰς</strong></span> <span class='ocrx_word' id='word_1_14' title='bbox 715 507 779 562; x_wconf 84' lang='grc' dir='ltr'><strong>τὸ</strong></span> <span class='ocrx_word' id='word_1_15' title='bbox 801 509 1124 576; x_wconf 80' lang='grc' dir='ltr'><strong>πρόσωπον</strong></span> <span class='ocrx_word' id='word_1_16' title='bbox 1143 507 1249 562; x_wconf 87' lang='grc' dir='ltr'><strong>τοῦ</strong></span> <span class='ocrx_word' id='word_1_17' title='bbox 1284 508 1474 578; x_wconf 78' lang='grc' dir='ltr'><strong>Ἀδὰμ,</strong></span> <span class='ocrx_word' id='word_1_18' title='bbox 1505 508 1601 562; x_wconf 82' lang='grc' dir='ltr'><strong>καί</strong></span> 
     </span>
    </p>
   </div>
   <div class='ocr_carea' id='block_1_4' title="bbox 5 590 1600 661">
    <p class='ocr_par' dir='ltr' id='par_1_4' title="bbox 5 590 1600 661">
     <span class='ocr_line' id='line_1_4' title="bbox 5 590 1600 661; baseline -0.001 -15"><span class='ocrx_word' id='word_1_19' title='bbox 5 593 266 660; x_wconf 66' lang='grc' dir='ltr'><strong>ἐγένετο</strong></span> <span class='ocrx_word' id='word_1_20' title='bbox 278 595 366 658; x_wconf 82' lang='grc' dir='ltr'><strong>εἰς</strong></span> <span class='ocrx_word' id='word_1_21' title='bbox 380 591 594 661; x_wconf 64' lang='grc' dir='ltr'><strong>ψυχὴν</strong></span> <span class='ocrx_word' id='word_1_22' title='bbox 613 590 847 661; x_wconf 79' lang='grc' dir='ltr'><strong>ζῶσαν),</strong></span> <span class='ocrx_word' id='word_1_23' title='bbox 865 593 892 646; x_wconf 84' lang='grc' dir='ltr'><strong>δ</strong></span> <span class='ocrx_word' id='word_1_24' title='bbox 913 591 1090 646; x_wconf 79' lang='grc' dir='ltr'><strong>λαϐὼν</strong></span> <span class='ocrx_word' id='word_1_25' title='bbox 1108 594 1310 655; x_wconf 75' lang='grc' dir='ltr'><strong>ἐκεῖνος</strong></span> <span class='ocrx_word' id='word_1_26' title='bbox 1332 592 1600 657; x_wconf 79' lang='grc' dir='ltr'><strong>ἀπώλεσε,</strong></span> 
     </span>
    </p>
   </div>
   <div class='ocr_carea' id='block_1_5' title="bbox 5 673 1602 746">
    <p class='ocr_par' dir='ltr' id='par_1_5' title="bbox 5 673 1602 746">
     <span class='ocr_line' id='line_1_5' title="bbox 5 673 1602 746; baseline 0.001 -19"><span class='ocrx_word' id='word_1_27' title='bbox 5 675 186 729; x_wconf 77' lang='grc' dir='ltr'><strong>τοῦτο</strong></span> <span class='ocrx_word' id='word_1_28' title='bbox 228 675 421 746; x_wconf 87' lang='grc' dir='ltr'><strong>παρὼν</strong></span> <span class='ocrx_word' id='word_1_29' title='bbox 480 673 872 746; x_wconf 88' lang='grc' dir='ltr'><strong>ἀνακαλοῦμαι.</strong></span> <span class='ocrx_word' id='word_1_30' title='bbox 936 674 1164 744; x_wconf 85' lang='grc' dir='ltr'><strong>Ἐγείρω</strong></span> <span class='ocrx_word' id='word_1_31' title='bbox 1210 674 1301 728; x_wconf 85' lang='grc' dir='ltr'><strong>τὸν</strong></span> <span class='ocrx_word' id='word_1_32' title='bbox 1349 675 1602 738; x_wconf 85' lang='grc' dir='ltr'><strong>πεσόντα,</strong></span> 
     </span>
    </p>
   </div>
   <div class='ocr_carea' id='block_1_6' title="bbox 5 757 1599 829">
    <p class='ocr_par' dir='ltr' id='par_1_6' title="bbox 5 757 1599 829">
     <span class='ocr_line' id='line_1_6' title="bbox 5 757 1599 829; baseline 0 -18"><span class='ocrx_word' id='word_1_33' title='bbox 5 759 360 823; x_wconf 69' lang='grc' dir='ltr'><strong>ὶνακαινίζω</strong></span> <span class='ocrx_word' id='word_1_34' title='bbox 391 758 482 811; x_wconf 83' lang='grc' dir='ltr'><strong>τὸν</strong></span> <span class='ocrx_word' id='word_1_35' title='bbox 511 757 809 829; x_wconf 81' lang='grc' dir='ltr'><strong>φθαρέντα,</strong></span> <span class='ocrx_word' id='word_1_36' title='bbox 847 757 1094 821; x_wconf 78' lang='grc' dir='ltr'><strong>ζωοποιῶ</strong></span> <span class='ocrx_word' id='word_1_37' title='bbox 1125 757 1217 810; x_wconf 77' lang='grc' dir='ltr'><strong>τὸν</strong></span> <span class='ocrx_word' id='word_1_38' title='bbox 1239 758 1599 828; x_wconf 83' lang='grc' dir='ltr'><strong>νεκρωθέντα.</strong></span> 
     </span>
    </p>
   </div>
   <div class='ocr_carea' id='block_1_7' title="bbox 5 840 1605 913">
    <p class='ocr_par' dir='ltr' id='par_1_7' title="bbox 5 840 1605 913">
     <span class='ocr_line' id='line_1_7' title="bbox 5 840 1605 913; baseline -0.002 -19"><span class='ocrx_word' id='word_1_39' title='bbox 5 843 314 912; x_wconf 67' lang='grc' dir='ltr'><strong>Μαρτυρεῖ</strong></span> <span class='ocrx_word' id='word_1_40' title='bbox 342 858 445 910; x_wconf 87' lang='grc' dir='ltr'><strong>μου</strong></span> <span class='ocrx_word' id='word_1_41' title='bbox 479 844 545 913; x_wconf 80' lang='grc' dir='ltr'><strong>τῇ</strong></span> <span class='ocrx_word' id='word_1_42' title='bbox 581 840 860 913; x_wconf 78' lang='grc' dir='ltr'><strong>οἰκονομίᾳ</strong></span> <span class='ocrx_word' id='word_1_43' title='bbox 887 842 982 893; x_wconf 70' lang='grc' dir='ltr'><strong>καὶ</strong></span> <span class='ocrx_word' id='word_1_44' title='bbox 1023 843 1051 894; x_wconf 98' lang='lat'><strong>6</strong></span> <span class='ocrx_word' id='word_1_45' title='bbox 1091 843 1370 911; x_wconf 80' lang='grc' dir='ltr'><strong>προφήτης</strong></span> <span class='ocrx_word' id='word_1_46' title='bbox 1404 841 1605 911; x_wconf 81' lang='grc' dir='ltr'><strong>βοήσας</strong></span> 
     </span>
    </p>
   </div>
   <div class='ocr_carea' id='block_1_8' title="bbox 6 923 1604 996">
    <p class='ocr_par' dir='ltr' id='par_1_8' title="bbox 6 923 1604 996">
     <span class='ocr_line' id='line_1_8' title="bbox 6 923 1604 996; baseline -0.002 -19"><span class='ocrx_word' id='word_1_47' title='bbox 6 942 128 994; x_wconf 81' lang='grc' dir='ltr'><strong>μου</strong></span> <span class='ocrx_word' id='word_1_48' title='bbox 175 925 278 996; x_wconf 81' lang='grc' dir='ltr'><strong>τὴν</strong></span> <span class='ocrx_word' id='word_1_49' title='bbox 316 923 643 995; x_wconf 75' lang='grc' dir='ltr'><strong>ἐμφύσησιν.</strong></span> <span class='ocrx_word' id='word_1_50' title='bbox 694 924 803 977; x_wconf 75' lang='grc' dir='ltr'><strong>Καὶ</strong></span> <span class='ocrx_word' id='word_1_51' title='bbox 847 923 934 986; x_wconf 89' lang='grc' dir='ltr'><strong>τίς</strong></span> <span class='ocrx_word' id='word_1_52' title='bbox 969 925 997 976; x_wconf 91' lang='lat'><strong>6</strong></span> <span class='ocrx_word' id='word_1_53' title='bbox 1044 923 1286 976; x_wconf 63' lang='grc' dir='ltr'><strong>ἀναϐοῶν</strong></span> <span class='ocrx_word' id='word_1_54' title='bbox 1321 925 1604 994; x_wconf 75' lang='grc' dir='ltr'><strong>προφήτης</strong></span> 
     </span>
    </p>
   </div>
   <div class='ocr_carea' id='block_1_9' title="bbox 5 1005 1606 1078">
    <p class='ocr_par' dir='ltr' id='par_1_9' title="bbox 5 1005 1606 1078">
     <span class='ocr_line' id='line_1_9' title="bbox 5 1005 1606 1078; baseline -0.001 -20"><span class='ocrx_word' id='word_1_55' title='bbox 5 1009 413 1075; x_wconf 76' lang='grc' dir='ltr'><strong>προαναφωνεί</strong></span> <span class='ocrx_word' id='word_1_56' title='bbox 437 1006 533 1078; x_wconf 76' lang='grc' dir='ltr'><strong>τὴν</strong></span> <span class='ocrx_word' id='word_1_57' title='bbox 570 1005 730 1075; x_wconf 81' lang='grc' dir='ltr'><strong>ἁγίαν</strong></span> <span class='ocrx_word' id='word_1_58' title='bbox 765 1006 968 1076; x_wconf 88' lang='grc' dir='ltr'><strong>ταύτην</strong></span> <span class='ocrx_word' id='word_1_59' title='bbox 1001 1006 1344 1076; x_wconf 88' lang='grc' dir='ltr'><strong>ἐμφύσησιν;</strong></span> <span class='ocrx_word' id='word_1_60' title='bbox 1383 1008 1606 1067; x_wconf 70' lang='grc' dir='ltr'><strong>Ἄκουε,</strong></span> 
     </span>
    </p>
   </div>
   <div class='ocr_carea' id='block_1_10' title="bbox 5 1088 1602 1161">
    <p class='ocr_par' dir='ltr' id='par_1_10' title="bbox 5 1088 1602 1161">
     <span class='ocr_line' id='line_1_10' title="bbox 5 1088 1602 1161; baseline -0.003 -18"><span class='ocrx_word' id='word_1_61' title='bbox 5 1090 180 1159; x_wconf 64' lang='grc' dir='ltr'><strong>φησι,</strong></span> <span class='ocrx_word' id='word_1_62' title='bbox 230 1090 327 1142; x_wconf 90' lang='grc' dir='ltr'><strong>τοῦ</strong></span> <span class='ocrx_word' id='word_1_63' title='bbox 376 1090 655 1161; x_wconf 77' lang='grc' dir='ltr'><strong>προφήτου</strong></span> <span class='ocrx_word' id='word_1_64' title='bbox 699 1088 948 1156; x_wconf 83' lang='grc' dir='ltr'><strong>λέγοντος</strong></span> <span class='ocrx_word' id='word_1_65' title='bbox 993 1092 1050 1142; x_wconf 87' lang='grc' dir='ltr'><strong>ἐν</strong></span> <span class='ocrx_word' id='word_1_66' title='bbox 1088 1092 1200 1152; x_wconf 82' lang='grc' dir='ltr'><strong>τοῖς</strong></span> <span class='ocrx_word' id='word_1_67' title='bbox 1249 1089 1602 1142; x_wconf 75' lang='grc' dir='ltr'><strong>δυοκαίδεκα·</strong></span> 
     </span>
    </p>
   </div>
   <div class='ocr_carea' id='block_1_11' title="bbox 5 1170 1605 1242">
    <p class='ocr_par' dir='ltr' id='par_1_11' title="bbox 5 1170 1605 1242">
     <span class='ocr_line' id='line_1_11' title="bbox 5 1170 1605 1242; baseline 0 -19"><span class='ocrx_word' id='word_1_68' title='bbox 5 1173 174 1225; x_wconf 59' lang='grc' dir='ltr'><strong>Ναοῦ</strong></span> <span class='ocrx_word' id='word_1_69' title='bbox 182 1190 222 1242; x_wconf 87' lang='grc' dir='ltr'><strong>μ</strong></span> <span class='ocrx_word' id='word_1_70' title='bbox 235 1172 296 1225; x_wconf 80' lang='grc' dir='ltr'><strong>δὲ</strong></span> <span class='ocrx_word' id='word_1_71' title='bbox 315 1171 487 1242; x_wconf 88' lang='grc' dir='ltr'><strong>τούτῳ</strong></span> <span class='ocrx_word' id='word_1_72' title='bbox 505 1172 673 1240; x_wconf 70' lang='grc' dir='ltr'><strong>ὄνομα</strong></span> <span class='ocrx_word' id='word_1_73' title='bbox 690 1191 704 1204; x_wconf 88' lang='grc'><strong>·</strong></span> <span class='ocrx_word' id='word_1_74' title='bbox 731 1171 1015 1241; x_wconf 83' lang='grc' dir='ltr'><strong>Ἐόρταζε,</strong></span> <span class='ocrx_word' id='word_1_75' title='bbox 1041 1171 1259 1233; x_wconf 81' lang='grc' dir='ltr'><strong>Ἰούδα,</strong></span> <span class='ocrx_word' id='word_1_76' title='bbox 1277 1171 1384 1238; x_wconf 85' lang='grc' dir='ltr'><strong>τὰς</strong></span> <span class='ocrx_word' id='word_1_77' title='bbox 1397 1170 1605 1239; x_wconf 79' lang='grc' dir='ltr'><strong>ἑορτάς</strong></span> 
     </span>
    </p>
   </div>
   <div class='ocr_carea' id='block_1_12' title="bbox 6 1253 1603 1326">
    <p class='ocr_par' dir='ltr' id='par_1_12' title="bbox 6 1253 1603 1326">
     <span class='ocr_line' id='line_1_12' title="bbox 6 1253 1603 1326; baseline 0 -18"><span class='ocrx_word' id='word_1_78' title='bbox 6 1272 162 1320; x_wconf 67' lang='grc' dir='ltr'><strong>σου,</strong></span> <span class='ocrx_word' id='word_1_79' title='bbox 203 1256 433 1322; x_wconf 76' lang='grc' dir='ltr'><strong>ἀπόδος</strong></span> <span class='ocrx_word' id='word_1_80' title='bbox 472 1254 550 1320; x_wconf 86' lang='grc' dir='ltr'><strong>τῷ</strong></span> <span class='ocrx_word' id='word_1_81' title='bbox 591 1255 712 1320; x_wconf 83' lang='grc' dir='ltr'><strong>Θεῷ</strong></span> <span class='ocrx_word' id='word_1_82' title='bbox 736 1257 844 1323; x_wconf 85' lang='grc' dir='ltr'><strong>τὰς</strong></span> <span class='ocrx_word' id='word_1_83' title='bbox 872 1257 1058 1326; x_wconf 80' lang='grc' dir='ltr'><strong>εὐχάς</strong></span> <span class='ocrx_word' id='word_1_84' title='bbox 1082 1270 1219 1312; x_wconf 90' lang='grc' dir='ltr'><strong>σου.</strong></span> <span class='ocrx_word' id='word_1_85' title='bbox 1263 1256 1472 1310; x_wconf 77' lang='grc' dir='ltr'><strong>Οὐκέτι</strong></span> <span class='ocrx_word' id='word_1_86' title='bbox 1518 1253 1603 1323; x_wconf 81' lang='grc' dir='ltr'><strong>μὴ</strong></span> 
     </span>
    </p>
   </div>
   <div class='ocr_carea' id='block_1_13' title="bbox 5 1337 1604 1408">
    <p class='ocr_par' dir='ltr' id='par_1_13' title="bbox 5 1337 1604 1408">
     <span class='ocr_line' id='line_1_13' title="bbox 5 1337 1604 1408; baseline 0.001 -18"><span class='ocrx_word' id='word_1_87' title='bbox 5 1337 380 1406; x_wconf 65' lang='grc' dir='ltr'><strong>προσθῶσιν</strong></span> <span class='ocrx_word' id='word_1_88' title='bbox 419 1338 619 1393; x_wconf 72' lang='grc' dir='ltr'><strong>ἐλθεῖν</strong></span> <span class='ocrx_word' id='word_1_89' title='bbox 656 1341 805 1408; x_wconf 61' lang='grc' dir='ltr'><strong>πρὸς</strong></span> <span class='ocrx_word' id='word_1_90' title='bbox 846 1341 1210 1394; x_wconf 74' lang='grc' dir='ltr'><strong>παλαίωσιν·</strong></span> <span class='ocrx_word' id='word_1_91' title='bbox 1253 1337 1604 1394; x_wconf 75' lang='grc' dir='ltr'><strong>συντετέλε-</strong></span> 
     </span>
    </p>
   </div>
   <div class='ocr_carea' id='block_1_14' title="bbox 3 1421 1608 1494">
    <p class='ocr_par' dir='ltr' id='par_1_14' title="bbox 3 1421 1608 1494">
     <span class='ocr_line' id='line_1_14' title="bbox 3 1421 1608 1494; baseline -0.001 -19"><span class='ocrx_word' id='word_1_92' title='bbox 3 1435 164 1477; x_wconf 57' lang='lat' dir='ltr'><strong>ora;</strong></span> <span class='ocrx_word' id='word_1_93' title='bbox 201 1423 273 1475; x_wconf 77' lang='grc' dir='ltr'><strong>τά</strong></span> <span class='ocrx_word' id='word_1_94' title='bbox 320 1421 532 1493; x_wconf 89' lang='grc' dir='ltr'><strong>πρῶτα,</strong></span> <span class='ocrx_word' id='word_1_95' title='bbox 576 1425 768 1494; x_wconf 79' lang='grc' dir='ltr'><strong>φησίνο</strong></span> <span class='ocrx_word' id='word_1_96' title='bbox 815 1423 1012 1477; x_wconf 69' lang='grc' dir='ltr'><strong>οὐκέτι</strong></span> <span class='ocrx_word' id='word_1_97' title='bbox 1045 1426 1116 1478; x_wconf 83' lang='grc' dir='ltr'><strong>οὐ</strong></span> <span class='ocrx_word' id='word_1_98' title='bbox 1138 1422 1224 1494; x_wconf 82' lang='grc' dir='ltr'><strong>μὴ</strong></span> <span class='ocrx_word' id='word_1_99' title='bbox 1259 1421 1608 1492; x_wconf 83' lang='grc' dir='ltr'><strong>προσθῶσιν</strong></span> 
     </span>
    </p>
   </div>
   <div class='ocr_carea' id='block_1_15' title="bbox 3 1505 1608 1577">
    <p class='ocr_par' dir='ltr' id='par_1_15' title="bbox 3 1505 1608 1577">
     <span class='ocr_line' id='line_1_15' title="bbox 3 1505 1608 1577; baseline -0.002 -18"><span class='ocrx_word' id='word_1_100' title='bbox 3 1506 231 1559; x_wconf 67' lang='grc' dir='ltr'><strong>ἐλθεῖν</strong></span> <span class='ocrx_word' id='word_1_101' title='bbox 254 1507 405 1573; x_wconf 83' lang='grc' dir='ltr'><strong>πρὸς</strong></span> <span class='ocrx_word' id='word_1_102' title='bbox 434 1508 786 1560; x_wconf 75' lang='grc' dir='ltr'><strong>παλαίωσιν.</strong></span> <span class='ocrx_word' id='word_1_103' title='bbox 820 1507 862 1558; x_wconf 86' lang='grc' dir='ltr'>Τ</span> <span class='ocrx_word' id='word_1_104' title='bbox 865 1507 944 1574; x_wconf 85' lang='grc' dir='ltr'><strong>ὴν·</strong></span> <span class='ocrx_word' id='word_1_105' title='bbox 965 1507 1157 1577; x_wconf 83' lang='grc' dir='ltr'><strong>καινὴν</strong></span> <span class='ocrx_word' id='word_1_106' title='bbox 1192 1506 1348 1576; x_wconf 82' lang='grc' dir='ltr'><strong>χάριν</strong></span> <span class='ocrx_word' id='word_1_107' title='bbox 1381 1505 1608 1572; x_wconf 76' lang='grc' dir='ltr'><strong>εὐαγγε-</strong></span> 
     </span>
    </p>
   </div>
   <div class='ocr_carea' id='block_1_16' title="bbox 3 1587 1603 1653">
    <p class='ocr_par' dir='ltr' id='par_1_16' title="bbox 3 1587 1603 1653">
     <span class='ocr_line' id='line_1_16' title="bbox 3 1587 1603 1653; baseline 0 -13"><span class='ocrx_word' id='word_1_108' title='bbox 3 1589 258 1653; x_wconf 74' lang='grc' dir='ltr'><strong>λίζεται,</strong></span> <span class='ocrx_word' id='word_1_109' title='bbox 293 1591 374 1642; x_wconf 86' lang='grc' dir='ltr'><strong>ὃτι</strong></span> <span class='ocrx_word' id='word_1_110' title='bbox 410 1591 475 1642; x_wconf 64' lang='grc' dir='ltr'><strong>τὰ</strong></span> <span class='ocrx_word' id='word_1_111' title='bbox 511 1589 714 1643; x_wconf 69' lang='grc' dir='ltr'><strong>παλαιά</strong></span> <span class='ocrx_word' id='word_1_112' title='bbox 751 1589 1043 1650; x_wconf 83' lang='grc' dir='ltr'><strong>πέπαυται,</strong></span> <span class='ocrx_word' id='word_1_113' title='bbox 1079 1590 1147 1642; x_wconf 84' lang='grc' dir='ltr'><strong>τὰ</strong></span> <span class='ocrx_word' id='word_1_114' title='bbox 1193 1589 1288 1642; x_wconf 86' lang='grc' dir='ltr'><strong>νέα</strong></span> <span class='ocrx_word' id='word_1_115' title='bbox 1332 1587 1603 1642; x_wconf 76' lang='grc' dir='ltr'><strong>ἀνθοῦσιν.</strong></span> 
     </span>
    </p>
   </div>
   <div class='ocr_carea' id='block_1_17' title="bbox 5 1669 1610 1740">
    <p class='ocr_par' dir='ltr' id='par_1_17' title="bbox 5 1669 1610 1740">
     <span class='ocr_line' id='line_1_17' title="bbox 5 1669 1610 1740; baseline -0.002 -16"><span class='ocrx_word' id='word_1_116' title='bbox 5 1670 302 1739; x_wconf 82' lang='grc' dir='ltr'><strong>Ἐόρταζε</strong></span> <span class='ocrx_word' id='word_1_117' title='bbox 329 1673 434 1738; x_wconf 87' lang='grc' dir='ltr'><strong>τὰς</strong></span> <span class='ocrx_word' id='word_1_118' title='bbox 466 1671 675 1739; x_wconf 77' lang='grc' dir='ltr'><strong>ἑορτάς</strong></span> <span class='ocrx_word' id='word_1_119' title='bbox 713 1687 849 1726; x_wconf 90' lang='grc' dir='ltr'><strong>σου.</strong></span> <span class='ocrx_word' id='word_1_120' title='bbox 879 1673 976 1724; x_wconf 79' lang='grc' dir='ltr'><strong>Διά</strong></span> <span class='ocrx_word' id='word_1_121' title='bbox 1017 1673 1088 1731; x_wconf 82' lang='grc' dir='ltr'><strong>τί,</strong></span> <span class='ocrx_word' id='word_1_122' title='bbox 1131 1672 1476 1740; x_wconf 83' lang='grc' dir='ltr'><strong>Ἐόρτασον,</strong></span> <span class='ocrx_word' id='word_1_123' title='bbox 1499 1669 1610 1721; x_wconf 80' lang='grc' dir='ltr'><strong>δνο-</strong></span> 
     </span>
    </p>
   </div>
   <div class='ocr_carea' id='block_1_18' title="bbox 3 1753 1606 1826">
    <p class='ocr_par' dir='ltr' id='par_1_18' title="bbox 3 1753 1606 1826">
     <span class='ocr_line' id='line_1_18' title="bbox 3 1753 1606 1826; baseline -0.002 -19"><span class='ocrx_word' id='word_1_124' title='bbox 3 1755 226 1823; x_wconf 75' lang='grc' dir='ltr'><strong>μάξεις</strong></span> <span class='ocrx_word' id='word_1_125' title='bbox 271 1754 486 1826; x_wconf 73' lang='grc' dir='ltr'><strong>Ἐπειδὴ</strong></span> <span class='ocrx_word' id='word_1_126' title='bbox 525 1758 581 1808; x_wconf 84' lang='grc' dir='ltr'><strong>ἐν</strong></span> <span class='ocrx_word' id='word_1_127' title='bbox 626 1759 691 1826; x_wconf 84' lang='grc' dir='ltr'><strong>τῇ</strong></span> <span class='ocrx_word' id='word_1_128' title='bbox 741 1757 899 1826; x_wconf 79' lang='grc' dir='ltr'><strong>ἑορτῇ</strong></span> <span class='ocrx_word' id='word_1_129' title='bbox 947 1755 1041 1807; x_wconf 78' lang='grc' dir='ltr'><strong>τοῦ</strong></span> <span class='ocrx_word' id='word_1_130' title='bbox 1085 1753 1274 1824; x_wconf 91' lang='grc' dir='ltr'><strong>Πάσχα</strong></span> <span class='ocrx_word' id='word_1_131' title='bbox 1315 1753 1606 1812; x_wconf 85' lang='grc' dir='ltr'><strong>ἀνάστασις</strong></span> 
     </span>
    </p>
   </div>
   <div class='ocr_carea' id='block_1_19' title="bbox 3 1835 1608 1908">
    <p class='ocr_par' dir='ltr' id='par_1_19' title="bbox 3 1835 1608 1908">
     <span class='ocr_line' id='line_1_19' title="bbox 3 1835 1608 1908; baseline 0 -20"><span class='ocrx_word' id='word_1_132' title='bbox 3 1837 262 1906; x_wconf 71' lang='grc' dir='ltr'><strong>ήμε).λεν</strong></span> <span class='ocrx_word' id='word_1_133' title='bbox 310 1838 557 1908; x_wconf 80' lang='grc' dir='ltr'><strong>ἀνθῆσαι.</strong></span> <span class='ocrx_word' id='word_1_134' title='bbox 621 1837 916 1906; x_wconf 76' lang='grc' dir='ltr'><strong>Ἑώρταζε,</strong></span> <span class='ocrx_word' id='word_1_135' title='bbox 966 1838 1163 1908; x_wconf 75' lang='grc' dir='ltr'><strong>φησὶν,</strong></span> <span class='ocrx_word' id='word_1_136' title='bbox 1227 1835 1441 1895; x_wconf 84' lang='grc' dir='ltr'><strong>Ἰούδα,</strong></span> <span class='ocrx_word' id='word_1_137' title='bbox 1501 1836 1608 1898; x_wconf 84' lang='grc' dir='ltr'><strong>τὰς</strong></span> 
     </span>
    </p>
   </div>
   <div class='ocr_carea' id='block_1_20' title="bbox 3 1917 1602 1988">
    <p class='ocr_par' dir='ltr' id='par_1_20' title="bbox 3 1917 1602 1988">
     <span class='ocr_line' id='line_1_20' title="bbox 3 1917 1602 1988; baseline -0.002 -16"><span class='ocrx_word' id='word_1_138' title='bbox 3 1919 239 1988; x_wconf 75' lang='grc' dir='ltr'><strong>ἑορτάς</strong></span> <span class='ocrx_word' id='word_1_139' title='bbox 296 1937 433 1984; x_wconf 85' lang='grc' dir='ltr'><strong>σου,</strong></span> <span class='ocrx_word' id='word_1_140' title='bbox 479 1919 704 1986; x_wconf 83' lang='grc' dir='ltr'><strong>ἀπόδος</strong></span> <span class='ocrx_word' id='word_1_141' title='bbox 754 1918 834 1984; x_wconf 83' lang='grc' dir='ltr'><strong>τῷ</strong></span> <span class='ocrx_word' id='word_1_142' title='bbox 894 1920 1014 1984; x_wconf 75' lang='grc' dir='ltr'><strong>Θεῷ</strong></span> <span class='ocrx_word' id='word_1_143' title='bbox 1072 1920 1180 1984; x_wconf 86' lang='grc' dir='ltr'><strong>τὰς</strong></span> <span class='ocrx_word' id='word_1_144' title='bbox 1242 1917 1427 1987; x_wconf 81' lang='grc' dir='ltr'><strong>εὐχάς</strong></span> <span class='ocrx_word' id='word_1_145' title='bbox 1466 1932 1602 1970; x_wconf 88' lang='grc' dir='ltr'><strong>σου.</strong></span> 
     </span>
    </p>
   </div>
   <div class='ocr_carea' id='block_1_21' title="bbox 3 2001 1603 2072">
    <p class='ocr_par' dir='ltr' id='par_1_21' title="bbox 3 2001 1603 2072">
     <span class='ocr_line' id='line_1_21' title="bbox 3 2001 1603 2072; baseline -0.003 -14"><span class='ocrx_word' id='word_1_146' title='bbox 3 2004 242 2058; x_wconf 81' lang='grc' dir='ltr'><strong>Οὐκέτι</strong></span> <span class='ocrx_word' id='word_1_147' title='bbox 293 2005 379 2072; x_wconf 79' lang='grc' dir='ltr'><strong>μὴ</strong></span> <span class='ocrx_word' id='word_1_148' title='bbox 435 2001 784 2072; x_wconf 83' lang='grc' dir='ltr'><strong>προσθῶσιν</strong></span> <span class='ocrx_word' id='word_1_149' title='bbox 835 2005 1034 2058; x_wconf 74' lang='grc' dir='ltr'><strong>ἐλθεῖν</strong></span> <span class='ocrx_word' id='word_1_150' title='bbox 1088 2007 1177 2068; x_wconf 83' lang='grc' dir='ltr'><strong>εἰς</strong></span> <span class='ocrx_word' id='word_1_151' title='bbox 1239 2003 1603 2056; x_wconf 68' lang='grc' dir='ltr'><strong>παλαίωσιν·</strong></span> 
     </span>
    </p>
   </div>
   <div class='ocr_carea' id='block_1_22' title="bbox 3 2084 1606 2155">
    <p class='ocr_par' dir='ltr' id='par_1_22' title="bbox 3 2084 1606 2155">
     <span class='ocr_line' id='line_1_22' title="bbox 3 2084 1606 2155; baseline -0.003 -15"><span class='ocrx_word' id='word_1_152' title='bbox 3 2088 512 2146; x_wconf 65' lang='grc' dir='ltr'><strong>συν-τετέλεσται.</strong></span> <span class='ocrx_word' id='word_1_153' title='bbox 542 2087 784 2155; x_wconf 79' lang='grc' dir='ltr'><strong>ἐξῆρται</strong></span> <span class='ocrx_word' id='word_1_154' title='bbox 804 2105 816 2117; x_wconf 88' lang='grc'>·</span> <span class='ocrx_word' id='word_1_155' title='bbox 846 2088 1108 2148; x_wconf 80' lang='grc' dir='ltr'><strong>τουτέστι,</strong></span> <span class='ocrx_word' id='word_1_156' title='bbox 1140 2089 1208 2140; x_wconf 83' lang='grc' dir='ltr'><strong>τά</strong></span> <span class='ocrx_word' id='word_1_157' title='bbox 1238 2085 1431 2155; x_wconf 81' lang='grc' dir='ltr'><strong>πρῶτα</strong></span> <span class='ocrx_word' id='word_1_158' title='bbox 1457 2084 1606 2148; x_wconf 85' lang='grc' dir='ltr'><strong>τέλος</strong></span> 
     </span>
    </p>
   </div>
   <div class='ocr_carea' id='block_1_23' title="bbox 3 2168 1607 2243">
    <p class='ocr_par' dir='ltr' id='par_1_23' title="bbox 3 2168 1607 2243">
     <span class='ocr_line' id='line_1_23' title="bbox 3 2168 1607 2243; baseline -0.001 -21"><span class='ocrx_word' id='word_1_159' title='bbox 3 2171 155 2240; x_wconf 72' lang='grc' dir='ltr'><strong>ἔχει.</strong></span> <span class='ocrx_word' id='word_1_160' title='bbox 199 2171 310 2224; x_wconf 77' lang='grc' dir='ltr'><strong>Καὶ</strong></span> <span class='ocrx_word' id='word_1_161' title='bbox 340 2170 427 2223; x_wconf 83' lang='grc' dir='ltr'><strong>διά</strong></span> <span class='ocrx_word' id='word_1_162' title='bbox 467 2171 519 2224; x_wconf 88' lang='grc' dir='ltr'><strong>τί</strong></span> <span class='ocrx_word' id='word_1_163' title='bbox 550 2171 699 2234; x_wconf 88' lang='grc' dir='ltr'><strong>τέλος</strong></span> <span class='ocrx_word' id='word_1_164' title='bbox 729 2172 841 2242; x_wconf 78' lang='grc' dir='ltr'><strong>ἔχει</strong></span> <span class='ocrx_word' id='word_1_165' title='bbox 883 2173 948 2224; x_wconf 74' lang='grc' dir='ltr'><strong>τά</strong></span> <span class='ocrx_word' id='word_1_166' title='bbox 980 2171 1207 2243; x_wconf 75' lang='grc' dir='ltr'><strong>πρῶτος</strong></span> <span class='ocrx_word' id='word_1_167' title='bbox 1258 2171 1454 2236; x_wconf 79' lang='grc' dir='ltr'><strong>Ἀνέϐη</strong></span> <span class='ocrx_word' id='word_1_168' title='bbox 1500 2168 1607 2237; x_wconf 71' lang='grc' dir='ltr'><strong>γάρ</strong></span> 
     </span>
    </p>
   </div>
   <div class='ocr_carea' id='block_1_24' title="bbox 1 2250 1604 2322">
    <p class='ocr_par' dir='ltr' id='par_1_24' title="bbox 1 2250 1604 2322">
     <span class='ocr_line' id='line_1_24' title="bbox 1 2250 1604 2322; baseline -0.002 -15"><span class='ocrx_word' id='word_1_169' title='bbox 1 2255 70 2307; x_wconf 69' lang='grc' dir='ltr'><strong>ἐκ</strong></span> <span class='ocrx_word' id='word_1_170' title='bbox 109 2252 237 2322; x_wconf 79' lang='grc' dir='ltr'><strong>τῆς</strong></span> <span class='ocrx_word' id='word_1_171' title='bbox 272 2252 387 2322; x_wconf 81' lang='grc' dir='ltr'><strong>γῆς</strong></span> <span class='ocrx_word' id='word_1_172' title='bbox 414 2256 447 2307; x_wconf 81' lang='grc' dir='ltr'><em>ό</em></span> <span class='ocrx_word' id='word_1_173' title='bbox 469 2253 758 2322; x_wconf 71' lang='grc' dir='ltr'><strong>ἐμφυσῶν</strong></span> <span class='ocrx_word' id='word_1_174' title='bbox 779 2258 866 2320; x_wconf 79' lang='grc' dir='ltr'><strong>εἰς</strong></span> <span class='ocrx_word' id='word_1_175' title='bbox 897 2255 963 2308; x_wconf 85' lang='grc' dir='ltr'><strong>τὸ</strong></span> <span class='ocrx_word' id='word_1_176' title='bbox 992 2255 1318 2322; x_wconf 81' lang='grc' dir='ltr'><strong>πρόσωπόν</strong></span> <span class='ocrx_word' id='word_1_177' title='bbox 1345 2267 1481 2314; x_wconf 89' lang='grc' dir='ltr'><strong>σου,</strong></span> <span class='ocrx_word' id='word_1_178' title='bbox 1510 2250 1604 2304; x_wconf 80' lang='grc' dir='ltr'><strong>καὶ</strong></span> 
     </span>
    </p>
   </div>
   <div class='ocr_carea' id='block_1_25' title="bbox 1 2336 1609 2405">
    <p class='ocr_par' dir='ltr' id='par_1_25' title="bbox 1 2336 1609 2405">
     <span class='ocr_line' id='line_1_25' title="bbox 1 2336 1609 2405; baseline -0.002 -16"><span class='ocrx_word' id='word_1_179' title='bbox 1 2337 451 2404; x_wconf 75' lang='grc' dir='ltr'><strong>ἐξαιρούμενός</strong></span> <span class='ocrx_word' id='word_1_180' title='bbox 472 2353 546 2390; x_wconf 89' lang='grc' dir='ltr'><strong>σε</strong></span> <span class='ocrx_word' id='word_1_181' title='bbox 580 2338 649 2390; x_wconf 77' lang='grc' dir='ltr'><strong>ἐκ</strong></span> <span class='ocrx_word' id='word_1_182' title='bbox 694 2338 973 2405; x_wconf 72' lang='grc' dir='ltr'><strong>θλίψεως.</strong></span> <span class='ocrx_word' id='word_1_183' title='bbox 1019 2337 1177 2390; x_wconf 83' lang='grc' dir='ltr'><strong>Ἀλλά</strong></span> <span class='ocrx_word' id='word_1_184' title='bbox 1217 2337 1376 2389; x_wconf 82' lang='grc' dir='ltr'><strong>πάλιν</strong></span> <span class='ocrx_word' id='word_1_185' title='bbox 1407 2336 1609 2387; x_wconf 81' lang='grc' dir='ltr'><strong>ἐπανα-</strong></span> 
     </span>
    </p>
   </div>
   <div class='ocr_carea' id='block_1_26' title="bbox 1 2418 1608 2490">
    <p class='ocr_par' dir='ltr' id='par_1_26' title="bbox 1 2418 1608 2490">
     <span class='ocr_line' id='line_1_26' title="bbox 1 2418 1608 2490; baseline -0.002 -18"><span class='ocrx_word' id='word_1_186' title='bbox 1 2421 301 2490; x_wconf 80' lang='grc' dir='ltr'><strong>λάὸωμεν.</strong></span> <span class='ocrx_word' id='word_1_187' title='bbox 347 2419 634 2487; x_wconf 72' lang='grc' dir='ltr'><strong>Ἐόρταζε,</strong></span> <span class='ocrx_word' id='word_1_188' title='bbox 672 2420 877 2486; x_wconf 81' lang='grc' dir='ltr'><strong>Ἰούδα,</strong></span> <span class='ocrx_word' id='word_1_189' title='bbox 919 2420 1024 2486; x_wconf 84' lang='grc' dir='ltr'><strong>τὰς</strong></span> <span class='ocrx_word' id='word_1_190' title='bbox 1046 2418 1254 2489; x_wconf 80' lang='grc' dir='ltr'><strong>ἑορτάς</strong></span> <span class='ocrx_word' id='word_1_191' title='bbox 1287 2424 1424 2480; x_wconf 65' lang='grc' dir='ltr'><strong>σοίυ,</strong></span> <span class='ocrx_word' id='word_1_192' title='bbox 1459 2418 1608 2470; x_wconf 75' lang='grc' dir='ltr'><strong>ἀπό-</strong></span> 
     </span>
    </p>
   </div>
   <div class='ocr_carea' id='block_1_27' title="bbox 1 2499 1611 2572">
    <p class='ocr_par' dir='ltr' id='par_1_27' title="bbox 1 2499 1611 2572">
     <span class='ocr_line' id='line_1_27' title="bbox 1 2499 1611 2572; baseline -0.001 -16"><span class='ocrx_word' id='word_1_193' title='bbox 1 2504 114 2570; x_wconf 75' lang='grc' dir='ltr'><strong>δος</strong></span> <span class='ocrx_word' id='word_1_194' title='bbox 159 2502 244 2568; x_wconf 84' lang='grc' dir='ltr'><strong>τῷ</strong></span> <span class='ocrx_word' id='word_1_195' title='bbox 276 2501 395 2568; x_wconf 84' lang='grc' dir='ltr'><strong>Θεῷ</strong></span> <span class='ocrx_word' id='word_1_196' title='bbox 419 2503 524 2568; x_wconf 85' lang='grc' dir='ltr'><strong>τὰς</strong></span> <span class='ocrx_word' id='word_1_197' title='bbox 545 2502 727 2570; x_wconf 76' lang='grc' dir='ltr'><strong>εὐχάς</strong></span> <span class='ocrx_word' id='word_1_198' title='bbox 751 2521 886 2557; x_wconf 91' lang='grc' dir='ltr'><strong>σου.</strong></span> <span class='ocrx_word' id='word_1_199' title='bbox 919 2502 1126 2558; x_wconf 81' lang='grc' dir='ltr'><strong>Οὐκέτι</strong></span> <span class='ocrx_word' id='word_1_200' title='bbox 1145 2502 1229 2572; x_wconf 77' lang='grc' dir='ltr'><strong>μὴ</strong></span> <span class='ocrx_word' id='word_1_201' title='bbox 1261 2499 1611 2568; x_wconf 76' lang='grc' dir='ltr'><strong>προσθῶσιν</strong></span> 
     </span>
    </p>
   </div>
   <div class='ocr_carea' id='block_1_28' title="bbox 1 2583 1608 2657">
    <p class='ocr_par' dir='ltr' id='par_1_28' title="bbox 1 2583 1608 2657">
     <span class='ocr_line' id='line_1_28' title="bbox 1 2583 1608 2657; baseline -0.002 -18"><span class='ocrx_word' id='word_1_202' title='bbox 1 2587 228 2642; x_wconf 70' lang='grc' dir='ltr'><strong>ἐλθεῖν</strong></span> <span class='ocrx_word' id='word_1_203' title='bbox 272 2589 359 2653; x_wconf 82' lang='grc' dir='ltr'><strong>εἰς</strong></span> <span class='ocrx_word' id='word_1_204' title='bbox 379 2587 739 2641; x_wconf 71' lang='grc' dir='ltr'><strong>παλαίωσιν.</strong></span> <span class='ocrx_word' id='word_1_205' title='bbox 764 2587 920 2650; x_wconf 85' lang='grc' dir='ltr'><strong>Τίνες</strong></span> <span class='ocrx_word' id='word_1_206' title='bbox 955 2588 1010 2641; x_wconf 87' lang='grc' dir='ltr'><strong>αἰ</strong></span> <span class='ocrx_word' id='word_1_207' title='bbox 1039 2585 1252 2657; x_wconf 74' lang='grc' dir='ltr'><strong>ἑορταίς</strong></span> <span class='ocrx_word' id='word_1_208' title='bbox 1282 2583 1462 2637; x_wconf 83' lang='grc' dir='ltr'><strong>ἾΙσαν</strong></span> <span class='ocrx_word' id='word_1_209' title='bbox 1501 2585 1608 2654; x_wconf 85' lang='grc' dir='ltr'><strong>γάρ</strong></span> 
     </span>
    </p>
   </div>
   <div class='ocr_carea' id='block_1_29' title="bbox 1 2667 1605 2740">
    <p class='ocr_par' dir='ltr' id='par_1_29' title="bbox 1 2667 1605 2740">
     <span class='ocr_line' id='line_1_29' title="bbox 1 2667 1605 2740; baseline -0.001 -18"><span class='ocrx_word' id='word_1_210' title='bbox 1 2674 231 2723; x_wconf 75' lang='grc' dir='ltr'><strong>ἐκεῖναι</strong></span> <span class='ocrx_word' id='word_1_211' title='bbox 269 2671 326 2723; x_wconf 87' lang='grc' dir='ltr'><strong>αἰ</strong></span> <span class='ocrx_word' id='word_1_212' title='bbox 371 2669 595 2722; x_wconf 78' lang='grc' dir='ltr'><strong>παλαιαὶ</strong></span> <span class='ocrx_word' id='word_1_213' title='bbox 642 2669 750 2723; x_wconf 89' lang='grc' dir='ltr'><strong>τῶν</strong></span> <span class='ocrx_word' id='word_1_214' title='bbox 798 2669 933 2724; x_wconf 87' lang='grc' dir='ltr'><strong>νέων</strong></span> <span class='ocrx_word' id='word_1_215' title='bbox 960 2671 1236 2740; x_wconf 73' lang='grc' dir='ltr'><strong>,φέρουσαι</strong></span> <span class='ocrx_word' id='word_1_216' title='bbox 1276 2667 1374 2738; x_wconf 82' lang='grc' dir='ltr'><strong>τὴν</strong></span> <span class='ocrx_word' id='word_1_217' title='bbox 1404 2667 1605 2721; x_wconf 84' lang='grc' dir='ltr'><strong>εἰκόνα.</strong></span> 
     </span>
    </p>
   </div>
   <div class='ocr_carea' id='block_1_30' title="bbox 1 2747 1610 2825">
    <p class='ocr_par' dir='ltr' id='par_1_30' title="bbox 1 2747 1610 2825">
     <span class='ocr_line' id='line_1_30' title="bbox 1 2747 1610 2825; baseline -0.004 -19"><span class='ocrx_word' id='word_1_218' title='bbox 1 2754 225 2824; x_wconf 82' lang='grc' dir='ltr'><strong>Πρώτη</strong></span> <span class='ocrx_word' id='word_1_219' title='bbox 260 2752 370 2806; x_wconf 85' lang='grc' dir='ltr'><strong>τῶν</strong></span> <span class='ocrx_word' id='word_1_220' title='bbox 405 2752 656 2824; x_wconf 74' lang='grc' dir='ltr'><strong>’Δςύμων</strong></span> <span class='ocrx_word' id='word_1_221' title='bbox 689 2753 892 2825; x_wconf 85' lang='grc' dir='ltr'><strong>ήμέρα,</strong></span> <span class='ocrx_word' id='word_1_222' title='bbox 927 2752 1089 2806; x_wconf 85' lang='grc' dir='ltr'><strong>εἰκὼν</strong></span> <span class='ocrx_word' id='word_1_223' title='bbox 1119 2747 1254 2804; x_wconf 75' lang='grc' dir='ltr'><strong>οὖσα</strong></span> <span class='ocrx_word' id='word_1_224' title='bbox 1279 2750 1370 2804; x_wconf 91' lang='grc' dir='ltr'><strong>τοῦ</strong></span> <span class='ocrx_word' id='word_1_225' title='bbox 1403 2749 1610 2812; x_wconf 84' lang='grc' dir='ltr'><strong>πάθους</strong></span> 
     </span>
    </p>
   </div>
   <div class='ocr_carea' id='block_1_31' title="bbox 1 2832 1610 2906">
    <p class='ocr_par' dir='ltr' id='par_1_31' title="bbox 1 2832 1610 2906">
     <span class='ocr_line' id='line_1_31' title="bbox 1 2832 1610 2906; baseline -0.003 -18"><span class='ocrx_word' id='word_1_226' title='bbox 1 2840 124 2898; x_wconf 82' lang='grc' dir='ltr'><strong>τοῖς</strong></span> <span class='ocrx_word' id='word_1_227' title='bbox 170 2835 419 2902; x_wconf 78' lang='grc' dir='ltr'><strong>ἀκριϐῶς</strong></span> <span class='ocrx_word' id='word_1_228' title='bbox 462 2835 792 2900; x_wconf 76' lang='grc' dir='ltr'><strong>ἐξετάζουσι.</strong></span> <span class='ocrx_word' id='word_1_229' title='bbox 844 2837 998 2890; x_wconf 73' lang='grc' dir='ltr'><strong>Μετὰ</strong></span> <span class='ocrx_word' id='word_1_230' title='bbox 1040 2835 1243 2906; x_wconf 87' lang='grc' dir='ltr'><strong>ταύτην</strong></span> <span class='ocrx_word' id='word_1_231' title='bbox 1287 2833 1467 2904; x_wconf 83' lang='grc' dir='ltr'><strong>ήμέρα</strong></span> <span class='ocrx_word' id='word_1_232' title='bbox 1510 2832 1610 2902; x_wconf 78' lang='grc' dir='ltr'><strong>τῆς</strong></span> 
     </span>
    </p>
   </div>
   <div class='ocr_carea' id='block_1_32' title="bbox 1 2916 1610 2990">
    <p class='ocr_par' dir='ltr' id='par_1_32' title="bbox 1 2916 1610 2990">
     <span class='ocr_line' id='line_1_32' title="bbox 1 2916 1610 2990; baseline -0.003 -18"><span class='ocrx_word' id='word_1_233' title='bbox 1 2920 429 2989; x_wconf 81' lang='grc' dir='ltr'><strong>Πεντηκοστῆς,</strong></span> <span class='ocrx_word' id='word_1_234' title='bbox 458 2919 619 2972; x_wconf 85' lang='grc' dir='ltr'><strong>εἰκὼν</strong></span> <span class='ocrx_word' id='word_1_235' title='bbox 639 2916 774 2973; x_wconf 81' lang='grc' dir='ltr'><strong>οὖσα</strong></span> <span class='ocrx_word' id='word_1_236' title='bbox 804 2921 895 2972; x_wconf 76' lang='grc' dir='ltr'><strong>καὶ</strong></span> <span class='ocrx_word' id='word_1_237' title='bbox 922 2919 1061 2990; x_wconf 79' lang='grc' dir='ltr'><strong>αὐτὴ</strong></span> <span class='ocrx_word' id='word_1_238' title='bbox 1090 2919 1190 2988; x_wconf 85' lang='grc' dir='ltr'><strong>τῆς</strong></span> <span class='ocrx_word' id='word_1_239' title='bbox 1211 2917 1306 2970; x_wconf 91' lang='grc' dir='ltr'><strong>τοῦ</strong></span> <span class='ocrx_word' id='word_1_240' title='bbox 1333 2917 1492 2986; x_wconf 83' lang='grc' dir='ltr'><strong>ἁγίου</strong></span> <span class='ocrx_word' id='word_1_241' title='bbox 1515 2916 1610 2968; x_wconf 76' lang='grc' dir='ltr'><strong>καὶ</strong></span> 
     </span>
    </p>
   </div>
   <div class='ocr_carea' id='block_1_33' title="bbox 1 2999 1610 3078">
    <p class='ocr_par' dir='ltr' id='par_1_33' title="bbox 1 2999 1610 3078">
     <span class='ocr_line' id='line_1_33' title="bbox 1 2999 1610 3078; baseline -0.002 -20"><span class='ocrx_word' id='word_1_242' title='bbox 1 3005 404 3078; x_wconf 84' lang='grc' dir='ltr'><strong>προσκυνητοῦ</strong></span> <span class='ocrx_word' id='word_1_243' title='bbox 458 3005 771 3075; x_wconf 89' lang='grc' dir='ltr'><strong>Πνεύματος</strong></span> <span class='ocrx_word' id='word_1_244' title='bbox 813 3007 1222 3074; x_wconf 76' lang='grc' dir='ltr'><strong>ἐπιφοιτήσεως.</strong></span> <span class='ocrx_word' id='word_1_245' title='bbox 1279 3003 1342 3055; x_wconf 81' lang='grc' dir='ltr'><em>Ἢ</em></span> <span class='ocrx_word' id='word_1_246' title='bbox 1390 3001 1448 3055; x_wconf 81' lang='grc' dir='ltr'><strong>δὲ</strong></span> <span class='ocrx_word' id='word_1_247' title='bbox 1501 2999 1610 3054; x_wconf 89' lang='grc' dir='ltr'><strong>τῶν</strong></span> 
     </span>
    </p>
   </div>
   <div class='ocr_carea' id='block_1_34' title="bbox 0 3083 1612 3159">
    <p class='ocr_par' dir='ltr' id='par_1_34' title="bbox 0 3083 1612 3159">
     <span class='ocr_line' id='line_1_34' title="bbox 0 3083 1612 3159; baseline -0.004 -16"><span class='ocrx_word' id='word_1_248' title='bbox 0 3088 424 3159; x_wconf 82' lang='grc' dir='ltr'><strong>Σκηνοπηγίων</strong></span> <span class='ocrx_word' id='word_1_249' title='bbox 454 3088 617 3141; x_wconf 87' lang='grc' dir='ltr'><strong>εἰκὼν</strong></span> <span class='ocrx_word' id='word_1_250' title='bbox 646 3089 738 3142; x_wconf 75' lang='grc' dir='ltr'><strong>καὶ</strong></span> <span class='ocrx_word' id='word_1_251' title='bbox 766 3088 903 3159; x_wconf 76' lang='grc' dir='ltr'><strong>αὐτὴ</strong></span> <span class='ocrx_word' id='word_1_252' title='bbox 927 3083 996 3158; x_wconf 80' lang='grc' dir='ltr'><strong>ἦν</strong></span> <span class='ocrx_word' id='word_1_253' title='bbox 1021 3087 1128 3141; x_wconf 87' lang='grc' dir='ltr'><strong>τῶν</strong></span> <span class='ocrx_word' id='word_1_254' title='bbox 1150 3085 1364 3156; x_wconf 84' lang='grc' dir='ltr'><strong>σκηνῶν</strong></span> <span class='ocrx_word' id='word_1_255' title='bbox 1389 3085 1498 3139; x_wconf 86' lang='grc' dir='ltr'><strong>τῶν</strong></span> <span class='ocrx_word' id='word_1_256' title='bbox 1521 3085 1612 3137; x_wconf 87' lang='grc' dir='ltr'><strong>οῦ-</strong></span> 
     </span>
    </p>
   </div>
   <div class='ocr_carea' id='block_1_35' title="bbox 0 3170 1610 3242">
    <p class='ocr_par' dir='ltr' id='par_1_35' title="bbox 0 3170 1610 3242">
     <span class='ocr_line' id='line_1_35' title="bbox 0 3170 1610 3242; baseline -0.004 -16"><span class='ocrx_word' id='word_1_257' title='bbox 0 3174 248 3241; x_wconf 80' lang='grc' dir='ltr'><strong>ρανίων.</strong></span> <span class='ocrx_word' id='word_1_258' title='bbox 283 3170 504 3234; x_wconf 77' lang='grc' dir='ltr'><strong>Τούτοις</strong></span> <span class='ocrx_word' id='word_1_259' title='bbox 536 3184 561 3213; x_wconf 77' lang='grc' dir='ltr'>ι</span> <span class='ocrx_word' id='word_1_260' title='bbox 592 3171 684 3225; x_wconf 78' lang='grc' dir='ltr'><strong>καὶ</strong></span> <span class='ocrx_word' id='word_1_261' title='bbox 712 3173 740 3225; x_wconf 91' lang='lat'><strong>6</strong></span> <span class='ocrx_word' id='word_1_262' title='bbox 763 3171 964 3242; x_wconf 82' lang='grc' dir='ltr'><strong>Κύριος</strong></span> <span class='ocrx_word' id='word_1_263' title='bbox 997 3170 1418 3241; x_wconf 81' lang='grc' dir='ltr'><strong>ἐνδεικνύμενος,</strong></span> <span class='ocrx_word' id='word_1_264' title='bbox 1457 3172 1610 3222; x_wconf 88' lang='grc' dir='ltr'><strong>ἐπει-</strong></span> 
     </span>
    </p>
   </div>
   <div class='ocr_carea' id='block_1_36' title="bbox 0 3249 1606 3328">
    <p class='ocr_par' dir='ltr' id='par_1_36' title="bbox 0 3249 1606 3328">
     <span class='ocr_line' id='line_1_36' title="bbox 0 3249 1606 3328; baseline -0.003 -20"><span class='ocrx_word' id='word_1_265' title='bbox 0 3257 200 3328; x_wconf 80' lang='grc' dir='ltr'><strong>δήπερ</strong></span> <span class='ocrx_word' id='word_1_266' title='bbox 248 3254 454 3308; x_wconf 86' lang='grc' dir='ltr'><strong>ἐκεῖναι</strong></span> <span class='ocrx_word' id='word_1_267' title='bbox 500 3249 640 3326; x_wconf 82' lang='grc' dir='ltr'><strong>ἦσαν</strong></span> <span class='ocrx_word' id='word_1_268' title='bbox 681 3254 1026 3326; x_wconf 86' lang='grc' dir='ltr'><strong>πρόσκαιροι,</strong></span> <span class='ocrx_word' id='word_1_269' title='bbox 1063 3253 1383 3324; x_wconf 85' lang='grc' dir='ltr'><strong>βουλόμενος</strong></span> <span class='ocrx_word' id='word_1_270' title='bbox 1416 3251 1606 3317; x_wconf 84' lang='grc' dir='ltr'><strong>δεῖξαι,</strong></span> 
     </span>
    </p>
   </div>
   <div class='ocr_carea' id='block_1_37' title="bbox 0 3337 1609 3410">
    <p class='ocr_par' dir='ltr' id='par_1_37' title="bbox 0 3337 1609 3410">
     <span class='ocr_line' id='line_1_37' title="bbox 0 3337 1609 3410; baseline -0.003 -15"><span class='ocrx_word' id='word_1_271' title='bbox 0 3344 84 3394; x_wconf 77' lang='grc' dir='ltr'><strong>δτι</strong></span> <span class='ocrx_word' id='word_1_272' title='bbox 114 3342 186 3394; x_wconf 81' lang='grc' dir='ltr'><strong>αἰ</strong></span> <span class='ocrx_word' id='word_1_273' title='bbox 210 3341 412 3410; x_wconf 75' lang='grc' dir='ltr'><strong>σκηναὶ</strong></span> <span class='ocrx_word' id='word_1_274' title='bbox 431 3341 635 3392; x_wconf 84' lang='grc' dir='ltr'><strong>ἐκεῖναι</strong></span> <span class='ocrx_word' id='word_1_275' title='bbox 658 3337 828 3401; x_wconf 81' lang='grc' dir='ltr'><strong>τύπος</strong></span> <span class='ocrx_word' id='word_1_276' title='bbox 857 3340 962 3392; x_wconf 85' lang='grc' dir='ltr'><strong>εἰσί</strong></span> <span class='ocrx_word' id='word_1_277' title='bbox 1002 3338 1111 3392; x_wconf 88' lang='grc' dir='ltr'><strong>τῶν</strong></span> <span class='ocrx_word' id='word_1_278' title='bbox 1136 3337 1440 3410; x_wconf 83' lang='grc' dir='ltr'><strong>μελλουσῶν</strong></span> <span class='ocrx_word' id='word_1_279' title='bbox 1476 3353 1609 3407; x_wconf 84' lang='grc' dir='ltr'><strong>σκη-</strong></span> 
     </span>
    </p>
   </div>
   <div class='ocr_carea' id='block_1_38' title="bbox 0 3419 1606 3498">
    <p class='ocr_par' dir='ltr' id='par_1_38' title="bbox 0 3419 1606 3498">
     <span class='ocr_line' id='line_1_38' title="bbox 0 3419 1606 3498; baseline -0.004 -18"><span class='ocrx_word' id='word_1_280' title='bbox 0 3427 141 3490; x_wconf 88' lang='grc' dir='ltr'><strong>νῶν,</strong></span> <span class='ocrx_word' id='word_1_281' title='bbox 169 3424 329 3498; x_wconf 65' lang='grc' dir='ltr'><strong>[σεο]</strong></span> <span class='ocrx_word' id='word_1_282' title='bbox 352 3424 505 3492; x_wconf 78' lang='grc' dir='ltr'><strong>ἔλεγε</strong></span> <span class='ocrx_word' id='word_1_283' title='bbox 527 3424 660 3494; x_wconf 69' lang='grc' dir='ltr'><strong>πρὸς</strong></span> <span class='ocrx_word' id='word_1_284' title='bbox 683 3424 807 3486; x_wconf 75' lang='grc' dir='ltr'><strong>τοὺς</strong></span> <span class='ocrx_word' id='word_1_285' title='bbox 829 3426 885 3477; x_wconf 89' lang='grc' dir='ltr'><strong>ἐν</strong></span> <span class='ocrx_word' id='word_1_286' title='bbox 905 3422 980 3493; x_wconf 85' lang='grc' dir='ltr'><strong>τῷ</strong></span> <span class='ocrx_word' id='word_1_287' title='bbox 1003 3423 1193 3493; x_wconf 82' lang='grc' dir='ltr'><strong>κόσμῳ</strong></span> <span class='ocrx_word' id='word_1_288' title='bbox 1214 3419 1570 3483; x_wconf 77' lang='grc' dir='ltr'><strong>πλουτοῦντας</strong></span> <span class='ocrx_word' id='word_1_289' title='bbox 1590 3437 1606 3452; x_wconf 84' lang='grc'>⁶</span> 
     </span>
    </p>
   </div>
   <div class='ocr_carea' id='block_1_39' title="bbox 0 3500 1606 3578">
    <p class='ocr_par' dir='ltr' id='par_1_39' title="bbox 0 3500 1606 3578">
     <span class='ocr_line' id='line_1_39' title="bbox 0 3500 1606 3578; baseline -0.005 -14"><span class='ocrx_word' id='word_1_290' title='bbox 0 3509 327 3578; x_wconf 82' lang='grc' dir='ltr'><strong>Ποιήσατε</strong></span> <span class='ocrx_word' id='word_1_291' title='bbox 351 3506 492 3576; x_wconf 83' lang='grc' dir='ltr'><strong>ὑμῖν</strong></span> <span class='ocrx_word' id='word_1_292' title='bbox 513 3508 731 3576; x_wconf 66' lang='grc' dir='ltr'><strong>φίλους</strong></span> <span class='ocrx_word' id='word_1_293' title='bbox 771 3506 839 3559; x_wconf 82' lang='grc' dir='ltr'><strong>ὲκ</strong></span> <span class='ocrx_word' id='word_1_294' title='bbox 878 3505 986 3560; x_wconf 87' lang='grc' dir='ltr'><strong>τοῦ</strong></span> <span class='ocrx_word' id='word_1_295' title='bbox 1014 3500 1310 3575; x_wconf 82' lang='grc' dir='ltr'><strong>μαμμωνᾶ</strong></span> <span class='ocrx_word' id='word_1_296' title='bbox 1336 3502 1444 3572; x_wconf 85' lang='grc' dir='ltr'><strong>τῆς</strong></span> <span class='ocrx_word' id='word_1_297' title='bbox 1477 3503 1606 3559; x_wconf 83' lang='grc' dir='ltr'><strong>ἀδι-</strong></span> 
     </span>
    </p>
   </div>
   <div class='ocr_carea' id='block_1_40' title="bbox 0 3585 1609 3661">
    <p class='ocr_par' dir='ltr' id='par_1_40' title="bbox 0 3585 1609 3661">
     <span class='ocr_line' id='line_1_40' title="bbox 0 3585 1609 3661; baseline -0.004 -16"><span class='ocrx_word' id='word_1_298' title='bbox 0 3593 152 3658; x_wconf 75' lang='grc' dir='ltr'><strong>κίας</strong></span> <span class='ocrx_word' id='word_1_299' title='bbox 175 3606 190 3619; x_wconf 94' lang='grc'><strong>·</strong></span> <span class='ocrx_word' id='word_1_300' title='bbox 225 3589 309 3644; x_wconf 75' lang='grc' dir='ltr'><strong>ἵν’</strong></span> <span class='ocrx_word' id='word_1_301' title='bbox 339 3589 484 3643; x_wconf 86' lang='grc' dir='ltr'><strong>ὅταν</strong></span> <span class='ocrx_word' id='word_1_302' title='bbox 502 3587 887 3661; x_wconf 75' lang='grc' dir='ltr'><strong>έκλ[ε]ίπητε,</strong></span> <span class='ocrx_word' id='word_1_303' title='bbox 906 3589 1191 3652; x_wconf 80' lang='grc' dir='ltr'><strong>δέξωνται</strong></span> <span class='ocrx_word' id='word_1_304' title='bbox 1216 3585 1370 3656; x_wconf 78' lang='grc' dir='ltr'><strong>ὑμᾶς</strong></span> <span class='ocrx_word' id='word_1_305' title='bbox 1385 3589 1469 3652; x_wconf 82' lang='grc' dir='ltr'><strong>εις</strong></span> <span class='ocrx_word' id='word_1_306' title='bbox 1502 3586 1609 3651; x_wconf 84' lang='grc' dir='ltr'><strong>τὰς</strong></span> 
     </span>
    </p>
   </div>
   <div class='ocr_carea' id='block_1_41' title="bbox 0 3668 1608 3741">
    <p class='ocr_par' dir='ltr' id='par_1_41' title="bbox 0 3668 1608 3741">
     <span class='ocr_line' id='line_1_41' title="bbox 0 3668 1608 3741; baseline -0.004 -11"><span class='ocrx_word' id='word_1_307' title='bbox 0 3675 310 3738; x_wconf 78' lang='grc' dir='ltr'><strong>αἰωνίους</strong></span> <span class='ocrx_word' id='word_1_308' title='bbox 341 3671 598 3739; x_wconf 81' lang='grc' dir='ltr'><strong>σκηνάς.</strong></span> <span class='ocrx_word' id='word_1_309' title='bbox 632 3673 698 3725; x_wconf 78' lang='grc' dir='ltr'><strong>Αἰ</strong></span> <span class='ocrx_word' id='word_1_310' title='bbox 722 3668 815 3726; x_wconf 77' lang='grc' dir='ltr'><strong>οὖν</strong></span> <span class='ocrx_word' id='word_1_311' title='bbox 856 3671 1184 3741; x_wconf 81' lang='grc' dir='ltr'><strong>πρόσκαιροι</strong></span> <span class='ocrx_word' id='word_1_312' title='bbox 1211 3669 1408 3740; x_wconf 72' lang='grc' dir='ltr'><strong>σκηναὶ</strong></span> <span class='ocrx_word' id='word_1_313' title='bbox 1438 3668 1608 3732; x_wconf 84' lang='grc' dir='ltr'><strong>τύπος</strong></span> 
     </span>
    </p>
   </div>
   <div class='ocr_carea' id='block_1_42' title="bbox 0 3751 1606 3831">
    <p class='ocr_par' dir='ltr' id='par_1_42' title="bbox 0 3751 1606 3831">
     <span class='ocr_line' id='line_1_42' title="bbox 0 3751 1606 3831; baseline -0.004 -18"><span class='ocrx_word' id='word_1_314' title='bbox 0 3757 152 3831; x_wconf 67' lang='grc' dir='ltr'><strong>ἦσαν</strong></span> <span class='ocrx_word' id='word_1_315' title='bbox 185 3757 306 3810; x_wconf 85' lang='grc' dir='ltr'><strong>τῶν</strong></span> <span class='ocrx_word' id='word_1_316' title='bbox 334 3756 566 3811; x_wconf 76' lang='grc' dir='ltr'><strong>αἰωνίων</strong></span> <span class='ocrx_word' id='word_1_317' title='bbox 597 3755 832 3825; x_wconf 88' lang='grc' dir='ltr'><strong>σκηνῶν.</strong></span> <span class='ocrx_word' id='word_1_318' title='bbox 877 3756 1030 3808; x_wconf 76' lang='grc' dir='ltr'><strong>Ἐπεὶ</strong></span> <span class='ocrx_word' id='word_1_319' title='bbox 1057 3751 1150 3808; x_wconf 84' lang='grc' dir='ltr'><strong>οῦν</strong></span> <span class='ocrx_word' id='word_1_320' title='bbox 1182 3756 1216 3824; x_wconf 89' lang='grc' dir='ltr'><strong>ή</strong></span> <span class='ocrx_word' id='word_1_321' title='bbox 1247 3754 1340 3806; x_wconf 91' lang='grc' dir='ltr'><strong>τοῦ</strong></span> <span class='ocrx_word' id='word_1_322' title='bbox 1371 3752 1606 3826; x_wconf 80' lang='grc' dir='ltr'><strong>Χριστοῦ</strong></span> 
     </span>
    </p>
   </div>
   <div class='ocr_carea' id='block_1_43' title="bbox 0 3836 1608 3911">
    <p class='ocr_par' dir='ltr' id='par_1_43' title="bbox 0 3836 1608 3911">
     <span class='ocr_line' id='line_1_43' title="bbox 0 3836 1608 3911; baseline -0.004 -14"><span class='ocrx_word' id='word_1_323' title='bbox 0 3840 310 3911; x_wconf 81' lang='grc' dir='ltr'><strong>οἰκονομία</strong></span> <span class='ocrx_word' id='word_1_324' title='bbox 341 3839 470 3903; x_wconf 81' lang='grc' dir='ltr'><strong>τοὺς</strong></span> <span class='ocrx_word' id='word_1_325' title='bbox 523 3839 621 3910; x_wconf 80' lang='grc' dir='ltr'><strong>μὲν</strong></span> <span class='ocrx_word' id='word_1_326' title='bbox 654 3838 915 3902; x_wconf 76' lang='grc' dir='ltr'><strong>παλαιοὺς</strong></span> <span class='ocrx_word' id='word_1_327' title='bbox 958 3838 1160 3902; x_wconf 82' lang='grc' dir='ltr'><strong>τύπους</strong></span> <span class='ocrx_word' id='word_1_328' title='bbox 1202 3838 1461 3909; x_wconf 84' lang='grc' dir='ltr'><strong>ἐπλήρου,</strong></span> <span class='ocrx_word' id='word_1_329' title='bbox 1509 3836 1608 3908; x_wconf 78' lang='grc' dir='ltr'><strong>τήν</strong></span> 
     </span>
    </p>
   </div>
   <div class='ocr_carea' id='block_1_44' title="bbox 0 3921 1610 3993">
    <p class='ocr_par' dir='ltr' id='par_1_44' title="bbox 0 3921 1610 3993">
     <span class='ocr_line' id='line_1_44' title="bbox 0 3921 1610 3993; baseline -0.006 -12"><span class='ocrx_word' id='word_1_330' title='bbox 0 3930 56 3981; x_wconf 75' lang='grc' dir='ltr'><strong>δὲ</strong></span> <span class='ocrx_word' id='word_1_331' title='bbox 114 3926 263 3979; x_wconf 84' lang='grc' dir='ltr'><strong>νέαν</strong></span> <span class='ocrx_word' id='word_1_332' title='bbox 310 3923 470 3993; x_wconf 84' lang='grc' dir='ltr'><strong>χάριν</strong></span> <span class='ocrx_word' id='word_1_333' title='bbox 505 3921 715 3993; x_wconf 79' lang='grc' dir='ltr'><strong>ἐξήνθει</strong></span> <span class='ocrx_word' id='word_1_334' title='bbox 738 3962 754 3986; x_wconf 91' lang='grc'><strong>,</strong></span> <span class='ocrx_word' id='word_1_335' title='bbox 793 3921 974 3985; x_wconf 82' lang='grc' dir='ltr'><strong>καλῶς</strong></span> <span class='ocrx_word' id='word_1_336' title='bbox 1004 3924 1032 3974; x_wconf 92' lang='lat'><strong>6</strong></span> <span class='ocrx_word' id='word_1_337' title='bbox 1055 3923 1340 3992; x_wconf 80' lang='grc' dir='ltr'><strong>προφήτης</strong></span> <span class='ocrx_word' id='word_1_338' title='bbox 1371 3936 1610 3991; x_wconf 87' lang='grc' dir='ltr'><strong>προανα-</strong></span> 
     </span>
    </p>
   </div>
   <div class='ocr_carea' id='block_1_45' title="bbox 0 4003 1605 4081">
    <p class='ocr_par' dir='ltr' id='par_1_45' title="bbox 0 4003 1605 4081">
     <span class='ocr_line' id='line_1_45' title="bbox 0 4003 1605 4081; baseline -0.005 -17"><span class='ocrx_word' id='word_1_339' title='bbox 0 4012 188 4081; x_wconf 85' lang='grc' dir='ltr'><strong>φωνεῖ</strong></span> <span class='ocrx_word' id='word_1_340' title='bbox 225 4007 441 4075; x_wconf 79' lang='grc' dir='ltr'><strong>λέγων’</strong></span> <span class='ocrx_word' id='word_1_341' title='bbox 493 4003 778 4072; x_wconf 74' lang='grc' dir='ltr'><strong>Ἐόρταζε,</strong></span> <span class='ocrx_word' id='word_1_342' title='bbox 832 4004 1039 4066; x_wconf 85' lang='grc' dir='ltr'><strong>Ἰούδα,</strong></span> <span class='ocrx_word' id='word_1_343' title='bbox 1081 4004 1192 4069; x_wconf 85' lang='grc' dir='ltr'><strong>τὰς</strong></span> <span class='ocrx_word' id='word_1_344' title='bbox 1227 4003 1436 4071; x_wconf 79' lang='grc' dir='ltr'><strong>ἑορτάς</strong></span> <span class='ocrx_word' id='word_1_345' title='bbox 1468 4019 1605 4066; x_wconf 91' lang='grc' dir='ltr'><strong>σου,</strong></span> 
     </span>
    </p>
   </div>
   <div class='ocr_carea' id='block_1_46' title="bbox 0 4085 1605 4158">
    <p class='ocr_par' dir='ltr' id='par_1_46' title="bbox 0 4085 1605 4158">
     <span class='ocr_line' id='line_1_46' title="bbox 0 4085 1605 4158; baseline -0.007 -9"><span class='ocrx_word' id='word_1_346' title='bbox 0 4093 251 4158; x_wconf 69' lang='grc' dir='ltr'><strong>ἀπόδος</strong></span> <span class='ocrx_word' id='word_1_347' title='bbox 293 4088 372 4155; x_wconf 86' lang='grc' dir='ltr'><strong>τῷ</strong></span> <span class='ocrx_word' id='word_1_348' title='bbox 420 4087 542 4154; x_wconf 85' lang='grc' dir='ltr'><strong>Θεῷ</strong></span> <span class='ocrx_word' id='word_1_349' title='bbox 580 4087 683 4154; x_wconf 86' lang='grc' dir='ltr'><strong>τὰς</strong></span> <span class='ocrx_word' id='word_1_350' title='bbox 716 4087 902 4157; x_wconf 76' lang='grc' dir='ltr'><strong>εὐχάς</strong></span> <span class='ocrx_word' id='word_1_351' title='bbox 947 4101 1098 4140; x_wconf 71' lang='grc' dir='ltr'><strong>σου*</strong></span> <span class='ocrx_word' id='word_1_352' title='bbox 1148 4086 1401 4156; x_wconf 77' lang='grc' dir='ltr'><strong>σημαίνει</strong></span> <span class='ocrx_word' id='word_1_353' title='bbox 1451 4086 1478 4124; x_wconf 69' lang='grc' dir='ltr'><strong>δ</strong></span> <span class='ocrx_word' id='word_1_354' title='bbox 1523 4085 1605 4148; x_wconf 83' lang='grc' dir='ltr'><strong>τὸ,</strong></span> 
     </span>
    </p>
   </div>
   <div class='ocr_carea' id='block_1_47' title="bbox 0 4168 1604 4244">
    <p class='ocr_par' dir='ltr' id='par_1_47' title="bbox 0 4168 1604 4244">
     <span class='ocr_line' id='line_1_47' title="bbox 0 4168 1604 4244; baseline -0.008 -11"><span class='ocrx_word' id='word_1_355' title='bbox 0 4176 236 4233; x_wconf 80' lang='grc' dir='ltr'><strong>Οὐκέτι</strong></span> <span class='ocrx_word' id='word_1_356' title='bbox 267 4174 378 4244; x_wconf 77' lang='grc' dir='ltr'><strong>γὰρ</strong></span> <span class='ocrx_word' id='word_1_357' title='bbox 409 4171 496 4242; x_wconf 81' lang='grc' dir='ltr'><strong>μὴ</strong></span> <span class='ocrx_word' id='word_1_358' title='bbox 525 4169 871 4240; x_wconf 78' lang='grc' dir='ltr'><strong>προσυῶσιν</strong></span> <span class='ocrx_word' id='word_1_359' title='bbox 904 4168 1103 4223; x_wconf 77' lang='grc' dir='ltr'><strong>ἐλθεῖν</strong></span> <span class='ocrx_word' id='word_1_360' title='bbox 1131 4171 1217 4235; x_wconf 81' lang='grc' dir='ltr'><strong>εἰς</strong></span> <span class='ocrx_word' id='word_1_361' title='bbox 1245 4168 1604 4222; x_wconf 75' lang='grc' dir='ltr'><strong>παλαίωσιν.</strong></span> 
     </span>
    </p>
   </div>
   <div class='ocr_carea' id='block_1_48' title="bbox 10 4251 1604 4324">
    <p class='ocr_par' dir='ltr' id='par_1_48' title="bbox 10 4251 1604 4324">
     <span class='ocr_line' id='line_1_48' title="bbox 10 4251 1604 4324; baseline -0.008 -9"><span class='ocrx_word' id='word_1_362' title='bbox 10 4256 510 4315; x_wconf 77' lang='grc' dir='ltr'><strong>Ἀνακεκαίνισται</strong></span> <span class='ocrx_word' id='word_1_363' title='bbox 560 4255 668 4324; x_wconf 81' lang='grc' dir='ltr'><strong>γάρ</strong></span> <span class='ocrx_word' id='word_1_364' title='bbox 718 4256 786 4306; x_wconf 74' lang='grc' dir='ltr'><strong>τά</strong></span> <span class='ocrx_word' id='word_1_365' title='bbox 838 4253 1042 4306; x_wconf 74' lang='grc' dir='ltr'><strong>παλαιά</strong></span> <span class='ocrx_word' id='word_1_366' title='bbox 1083 4251 1172 4306; x_wconf 80' lang='grc' dir='ltr'><strong>διὰ</strong></span> <span class='ocrx_word' id='word_1_367' title='bbox 1222 4253 1319 4322; x_wconf 84' lang='grc' dir='ltr'><strong>τῆς</strong></span> <span class='ocrx_word' id='word_1_368' title='bbox 1365 4252 1604 4322; x_wconf 78' lang='grc' dir='ltr'><strong>χάριτος,</strong></span> 
     </span>
    </p>
   </div>
   <div class='ocr_carea' id='block_1_49' title="bbox 0 4333 1608 4408">
    <p class='ocr_par' dir='ltr' id='par_1_49' title="bbox 0 4333 1608 4408">
     <span class='ocr_line' id='line_1_49' title="bbox 0 4333 1608 4408; baseline -0.022 -6"><span class='ocrx_word' id='word_1_369' title='bbox 0 4340 518 4401; x_wconf 73' lang='grc' dir='ltr'><strong>Συντετέλεσται,</strong></span> <span class='ocrx_word' id='word_1_370' title='bbox 549 4339 808 4408; x_wconf 80' lang='grc' dir='ltr'><strong>ἐξῆρται.</strong></span> <span class='ocrx_word' id='word_1_371' title='bbox 853 4338 1050 4405; x_wconf 77' lang='grc' dir='ltr'><strong>Ἀνέϐη</strong></span> <span class='ocrx_word' id='word_1_372' title='bbox 1092 4340 1201 4407; x_wconf 74' lang='grc' dir='ltr'><strong>γὰρ</strong></span> <span class='ocrx_word' id='word_1_373' title='bbox 1241 4337 1309 4390; x_wconf 72' lang='grc' dir='ltr'><strong>ἐκ</strong></span> <span class='ocrx_word' id='word_1_374' title='bbox 1357 4335 1464 4404; x_wconf 70' lang='grc' dir='ltr'><strong>τῆς</strong></span> <span class='ocrx_word' id='word_1_375' title='bbox 1497 4333 1608 4406; x_wconf 67' lang='grc' dir='ltr'><strong>γῆς</strong></span> 
     </span>
    </p>
   </div>
   <div class='ocr_carea' id='block_1_50' title="bbox 0 4420 1608 4497">
    <p class='ocr_par' dir='ltr' id='par_1_50' title="bbox 0 4420 1608 4497">
     <span class='ocr_line' id='line_1_50' title="bbox 0 4420 1608 4497; baseline -0.006 -15"><span class='ocrx_word' id='word_1_376' title='bbox 0 4434 32 4484; x_wconf 84' lang='grc' dir='ltr'><strong>ό</strong></span> <span class='ocrx_word' id='word_1_377' title='bbox 64 4422 386 4497; x_wconf 70' lang='grc' dir='ltr'><strong>ἐμφυσῶν</strong></span> <span class='ocrx_word' id='word_1_378' title='bbox 425 4425 511 4488; x_wconf 86' lang='grc' dir='ltr'><strong>εἰς</strong></span> <span class='ocrx_word' id='word_1_379' title='bbox 547 4422 614 4475; x_wconf 83' lang='grc' dir='ltr'><strong>τὸ</strong></span> <span class='ocrx_word' id='word_1_380' title='bbox 657 4423 982 4489; x_wconf 78' lang='grc' dir='ltr'><strong>πρόσωπόν</strong></span> <span class='ocrx_word' id='word_1_381' title='bbox 1010 4439 1147 4481; x_wconf 87' lang='grc' dir='ltr'><strong>σου,</strong></span> <span class='ocrx_word' id='word_1_382' title='bbox 1194 4420 1292 4473; x_wconf 81' lang='grc' dir='ltr'><strong>καί</strong></span> <span class='ocrx_word' id='word_1_383' title='bbox 1339 4420 1608 4488; x_wconf 82' lang='grc' dir='ltr'><strong>ἐξαιρού-</strong></span> 
     </span>
    </p>
   </div>
   <div class='ocr_carea' id='block_1_51' title="bbox 0 4505 1608 4581">
    <p class='ocr_par' dir='ltr' id='par_1_51' title="bbox 0 4505 1608 4581">
     <span class='ocr_line' id='line_1_51' title="bbox 0 4505 1608 4581; baseline -0.002 -21"><span class='ocrx_word' id='word_1_384' title='bbox 0 4513 203 4581; x_wconf 81' lang='grc' dir='ltr'><strong>μενός</strong></span> <span class='ocrx_word' id='word_1_385' title='bbox 238 4521 318 4560; x_wconf 86' lang='grc' dir='ltr'><strong>σε</strong></span> <span class='ocrx_word' id='word_1_386' title='bbox 340 4506 407 4558; x_wconf 79' lang='grc' dir='ltr'><strong>ἐκ</strong></span> <span class='ocrx_word' id='word_1_387' title='bbox 435 4508 712 4573; x_wconf 68' lang='grc' dir='ltr'><strong>θλίψεως.</strong></span> <span class='ocrx_word' id='word_1_388' title='bbox 751 4505 891 4558; x_wconf 82' lang='grc' dir='ltr'><strong>Ἀλλ’</strong></span> <span class='ocrx_word' id='word_1_389' title='bbox 919 4507 948 4558; x_wconf 91' lang='lat'><strong>6</strong></span> <span class='ocrx_word' id='word_1_390' title='bbox 979 4505 1076 4574; x_wconf 85' lang='grc' dir='ltr'><strong>μὲν</strong></span> <span class='ocrx_word' id='word_1_391' title='bbox 1106 4506 1389 4576; x_wconf 81' lang='grc' dir='ltr'><strong>προφήτης</strong></span> <span class='ocrx_word' id='word_1_392' title='bbox 1413 4505 1608 4574; x_wconf 66' lang='grc' dir='ltr'><strong>Ναούμ</strong></span> 
     </span>
    </p>
   </div>
   <div class='ocr_carea' id='block_1_52' title="bbox 0 4587 1610 4666">
    <p class='ocr_par' dir='ltr' id='par_1_52' title="bbox 0 4587 1610 4666">
     <span class='ocr_line' id='line_1_52' title="bbox 0 4587 1610 4666; baseline -0.013 -16"><span class='ocrx_word' id='word_1_393' title='bbox 0 4592 246 4666; x_wconf 65' lang='grc' dir='ltr'><strong>γυεινῶς</strong></span> <span class='ocrx_word' id='word_1_394' title='bbox 282 4606 364 4642; x_wconf 91' lang='grc' dir='ltr'><strong>σοι</strong></span> <span class='ocrx_word' id='word_1_395' title='bbox 397 4589 705 4659; x_wconf 78' lang='grc' dir='ltr'><strong>παρέστησε</strong></span> <span class='ocrx_word' id='word_1_396' title='bbox 733 4588 825 4641; x_wconf 77' lang='grc' dir='ltr'><strong>τὸν</strong></span> <span class='ocrx_word' id='word_1_397' title='bbox 851 4589 950 4659; x_wconf 82' lang='grc' dir='ltr'><strong>τὴν</strong></span> <span class='ocrx_word' id='word_1_398' title='bbox 983 4587 1144 4655; x_wconf 86' lang='grc' dir='ltr'><strong>ἀγίαν</strong></span> <span class='ocrx_word' id='word_1_399' title='bbox 1175 4589 1334 4660; x_wconf 85' lang='grc' dir='ltr'><strong>χάριν</strong></span> <span class='ocrx_word' id='word_1_400' title='bbox 1369 4589 1610 4659; x_wconf 72' lang='grc' dir='ltr'><strong>ἐμπνεύ-</strong></span> 
     </span>
    </p>
   </div>
   <div class='ocr_carea' id='block_1_53' title="bbox 0 4671 1603 4744">
    <p class='ocr_par' dir='ltr' id='par_1_53' title="bbox 0 4671 1603 4744">
     <span class='ocr_line' id='line_1_53' title="bbox 0 4671 1603 4744; baseline -0.006 -12"><span class='ocrx_word' id='word_1_401' title='bbox 0 4693 192 4732; x_wconf 81' lang='grc' dir='ltr'><strong>σαντα</strong></span> <span class='ocrx_word' id='word_1_402' title='bbox 219 4672 427 4742; x_wconf 79' lang='grc' dir='ltr'><strong>Κύριον</strong></span> <span class='ocrx_word' id='word_1_403' title='bbox 447 4690 461 4705; x_wconf 90' lang='grc'><strong>·</strong></span> <span class='ocrx_word' id='word_1_404' title='bbox 502 4673 731 4735; x_wconf 78' lang='grc' dir='ltr'><strong>Ἡσαΐας</strong></span> <span class='ocrx_word' id='word_1_405' title='bbox 768 4671 823 4724; x_wconf 85' lang='grc' dir='ltr'><strong>δέ</strong></span> <span class='ocrx_word' id='word_1_406' title='bbox 852 4674 943 4725; x_wconf 77' lang='grc' dir='ltr'><strong>καὶ</strong></span> <span class='ocrx_word' id='word_1_407' title='bbox 978 4672 1137 4734; x_wconf 81' lang='grc' dir='ltr'><strong>αὐτὸς</strong></span> <span class='ocrx_word' id='word_1_408' title='bbox 1159 4674 1330 4744; x_wconf 79' lang='grc' dir='ltr'><strong>ἑτέρῳ</strong></span> <span class='ocrx_word' id='word_1_409' title='bbox 1355 4674 1540 4744; x_wconf 82' lang='grc' dir='ltr'><strong>τρόπῳ</strong></span> <span class='ocrx_word' id='word_1_410' title='bbox 1581 4685 1603 4712; x_wconf 75' lang='grc' dir='ltr'><strong>ε</strong></span> 
     </span>
    </p>
   </div>
   <div class='ocr_carea' id='block_1_54' title="bbox 0 4754 1610 4826">
    <p class='ocr_par' dir='ltr' id='par_1_54' title="bbox 0 4754 1610 4826">
     <span class='ocr_line' id='line_1_54' title="bbox 0 4754 1610 4826; baseline -0.004 -10"><span class='ocrx_word' id='word_1_411' title='bbox 0 4764 94 4816; x_wconf 77' lang='grc' dir='ltr'><strong>τὸν</strong></span> <span class='ocrx_word' id='word_1_412' title='bbox 151 4762 231 4812; x_wconf 71' lang='grc' dir='ltr'><strong>ὲκ</strong></span> <span class='ocrx_word' id='word_1_413' title='bbox 283 4756 494 4826; x_wconf 86' lang='grc' dir='ltr'><strong>νεκρῶν</strong></span> <span class='ocrx_word' id='word_1_414' title='bbox 543 4755 850 4809; x_wconf 77' lang='grc' dir='ltr'><strong>ἀναστάντα</strong></span> <span class='ocrx_word' id='word_1_415' title='bbox 899 4756 992 4808; x_wconf 79' lang='grc' dir='ltr'><strong>καὶ</strong></span> <span class='ocrx_word' id='word_1_416' title='bbox 1035 4754 1255 4825; x_wconf 81' lang='grc' dir='ltr'><strong>Πνεῦμα</strong></span> <span class='ocrx_word' id='word_1_417' title='bbox 1303 4757 1455 4823; x_wconf 82' lang='grc' dir='ltr'><strong>ἆγιον</strong></span> <span class='ocrx_word' id='word_1_418' title='bbox 1497 4760 1610 4820; x_wconf 76' lang='grc' dir='ltr'><strong>τοῖς</strong></span> 
     </span>
    </p>
   </div>
   <div class='ocr_carea' id='block_1_55' title="bbox 0 4839 1606 4911">
    <p class='ocr_par' dir='ltr' id='par_1_55' title="bbox 0 4839 1606 4911">
     <span class='ocr_line' id='line_1_55' title="bbox 0 4839 1606 4911; baseline -0.002 -13"><span class='ocrx_word' id='word_1_419' title='bbox 0 4842 220 4902; x_wconf 66' lang='grc' dir='ltr'><strong>ἑαυτοῦ</strong></span> <span class='ocrx_word' id='word_1_420' title='bbox 249 4840 605 4911; x_wconf 79' lang='grc' dir='ltr'><strong>χαριζόμενον</strong></span> <span class='ocrx_word' id='word_1_421' title='bbox 637 4841 1013 4910; x_wconf 88' lang='grc' dir='ltr'><strong>προαναφωνεί</strong></span> <span class='ocrx_word' id='word_1_422' title='bbox 1051 4839 1222 4908; x_wconf 87' lang='grc' dir='ltr'><strong>λέγων</strong></span> <span class='ocrx_word' id='word_1_423' title='bbox 1242 4856 1256 4870; x_wconf 75' lang='grc' dir='ltr'><strong>ο</strong></span> <span class='ocrx_word' id='word_1_424' title='bbox 1304 4839 1606 4908; x_wconf 67' lang='grc' dir='ltr'><strong>Ἐμνήσθη</strong></span> 
     </span>
    </p>
   </div>
   <div class='ocr_carea' id='block_1_56' title="bbox 0 4921 1610 5000">
    <p class='ocr_par' dir='ltr' id='par_1_56' title="bbox 0 4921 1610 5000">
     <span class='ocr_line' id='line_1_56' title="bbox 0 4921 1610 5000; baseline -0.001 -21"><span class='ocrx_word' id='word_1_425' title='bbox 0 4925 267 5000; x_wconf 68' lang='grc' dir='ltr'><strong>ἡμερῶν</strong></span> <span class='ocrx_word' id='word_1_426' title='bbox 286 4925 540 4978; x_wconf 78' lang='grc' dir='ltr'><strong>αἰωνίων</strong></span> <span class='ocrx_word' id='word_1_427' title='bbox 562 4927 594 4978; x_wconf 85' lang='grc' dir='ltr'><em>ό</em></span> <span class='ocrx_word' id='word_1_428' title='bbox 615 4922 981 4988; x_wconf 78' lang='grc' dir='ltr'><strong>ἀναϐιϐάσας</strong></span> <span class='ocrx_word' id='word_1_429' title='bbox 996 4925 1063 4977; x_wconf 75' lang='grc' dir='ltr'><strong>ἐκ</strong></span> <span class='ocrx_word' id='word_1_430' title='bbox 1097 4921 1206 4992; x_wconf 77' lang='grc' dir='ltr'><strong>γῆς</strong></span> <span class='ocrx_word' id='word_1_431' title='bbox 1231 4926 1336 4977; x_wconf 75' lang='grc' dir='ltr'><strong>τὸν</strong></span> <span class='ocrx_word' id='word_1_432' title='bbox 1359 4924 1610 4992; x_wconf 81' lang='grc' dir='ltr'><strong>ποιμένα</strong></span> 
     </span>
    </p>
   </div>
   <div class='ocr_carea' id='block_1_57' title="bbox 0 5008 1610 5078">
    <p class='ocr_par' dir='ltr' id='par_1_57' title="bbox 0 5008 1610 5078">
     <span class='ocr_line' id='line_1_57' title="bbox 0 5008 1610 5078; baseline -0.006 -8"><span class='ocrx_word' id='word_1_433' title='bbox 0 5017 124 5069; x_wconf 80' lang='grc' dir='ltr'><strong>τῶν</strong></span> <span class='ocrx_word' id='word_1_434' title='bbox 187 5008 522 5078; x_wconf 76' lang='grc' dir='ltr'><strong>προϐάτων.</strong></span> <span class='ocrx_word' id='word_1_435' title='bbox 573 5011 684 5062; x_wconf 75' lang='grc' dir='ltr'><strong>Καὶ</strong></span> <span class='ocrx_word' id='word_1_436' title='bbox 738 5009 858 5062; x_wconf 72' lang='grc' dir='ltr'><strong>ἀντὶ</strong></span> <span class='ocrx_word' id='word_1_437' title='bbox 887 5008 1004 5074; x_wconf 88' lang='grc' dir='ltr'><strong>τοῦ,</strong></span> <span class='ocrx_word' id='word_1_438' title='bbox 1059 5009 1470 5077; x_wconf 61' lang='grc' dir='ltr'><strong>Ἑνεμύσησεν</strong></span> <span class='ocrx_word' id='word_1_439' title='bbox 1520 5011 1610 5075; x_wconf 88' lang='grc' dir='ltr'><strong>εἰς</strong></span> 
     </span>
    </p>
   </div>
   <div class='ocr_carea' id='block_1_58' title="bbox 0 5093 1614 5165">
    <p class='ocr_par' dir='ltr' id='par_1_58' title="bbox 0 5093 1614 5165">
     <span class='ocr_line' id='line_1_58' title="bbox 0 5093 1614 5165; baseline -0.006 -12"><span class='ocrx_word' id='word_1_440' title='bbox 0 5100 64 5154; x_wconf 82' lang='grc' dir='ltr'><strong>τὸ</strong></span> <span class='ocrx_word' id='word_1_441' title='bbox 97 5097 454 5165; x_wconf 68' lang='grc' dir='ltr'><strong>πρόσωπον</strong></span> <span class='ocrx_word' id='word_1_442' title='bbox 490 5094 698 5157; x_wconf 80' lang='grc' dir='ltr'><strong>αὑτοῦ,</strong></span> <span class='ocrx_word' id='word_1_443' title='bbox 732 5093 932 5156; x_wconf 83' lang='grc' dir='ltr'><strong>εὐθέως</strong></span> <span class='ocrx_word' id='word_1_444' title='bbox 951 5096 1230 5164; x_wconf 78' lang='grc' dir='ltr'><strong>ἐπήγαγεν</strong></span> <span class='ocrx_word' id='word_1_445' title='bbox 1249 5110 1262 5122; x_wconf 81' lang='grc'><em>’</em></span> <span class='ocrx_word' id='word_1_446' title='bbox 1295 5095 1365 5146; x_wconf 84' lang='lat'><em>&quot;0</em></span> <span class='ocrx_word' id='word_1_447' title='bbox 1392 5094 1514 5160; x_wconf 81' lang='grc' dir='ltr'><strong>θεὶς</strong></span> <span class='ocrx_word' id='word_1_448' title='bbox 1541 5094 1614 5146; x_wconf 83' lang='grc' dir='ltr'><strong>ἐν</strong></span> 
     </span>
    </p>
   </div>
   <div class='ocr_carea' id='block_1_59' title="bbox 0 5175 1610 5249">
    <p class='ocr_par' dir='ltr' id='par_1_59' title="bbox 0 5175 1610 5249">
     <span class='ocr_line' id='line_1_59' title="bbox 0 5175 1610 5249; baseline -0.003 -14"><span class='ocrx_word' id='word_1_449' title='bbox 0 5178 232 5243; x_wconf 78' lang='grc' dir='ltr'><strong>αὐτοῖς</strong></span> <span class='ocrx_word' id='word_1_450' title='bbox 253 5175 324 5230; x_wconf 84' lang='grc' dir='ltr'><strong>τὸ</strong></span> <span class='ocrx_word' id='word_1_451' title='bbox 352 5175 591 5245; x_wconf 81' lang='grc' dir='ltr'><strong>Πνεῦμα</strong></span> <span class='ocrx_word' id='word_1_452' title='bbox 608 5175 676 5230; x_wconf 85' lang='grc' dir='ltr'><strong>τὸ</strong></span> <span class='ocrx_word' id='word_1_453' title='bbox 709 5176 897 5245; x_wconf 83' lang='grc' dir='ltr'><strong>ἅγιον.</strong></span> <span class='ocrx_word' id='word_1_454' title='bbox 942 5177 1002 5228; x_wconf 84' lang='grc' dir='ltr'><strong>Ἠ</strong></span> <span class='ocrx_word' id='word_1_455' title='bbox 1035 5176 1192 5248; x_wconf 81' lang='grc' dir='ltr'><strong>θεῖκὴ</strong></span> <span class='ocrx_word' id='word_1_456' title='bbox 1215 5177 1360 5243; x_wconf 84' lang='grc' dir='ltr'><strong>ἀξία,</strong></span> <span class='ocrx_word' id='word_1_457' title='bbox 1394 5179 1426 5249; x_wconf 89' lang='grc' dir='ltr'><strong>ή</strong></span> <span class='ocrx_word' id='word_1_458' title='bbox 1455 5176 1610 5249; x_wconf 84' lang='grc' dir='ltr'><strong>θεῖκὴ</strong></span> 
     </span>
    </p>
   </div>
   <div class='ocr_carea' id='block_1_60' title="bbox 0 5258 1608 5338">
    <p class='ocr_par' dir='ltr' id='par_1_60' title="bbox 0 5258 1608 5338">
     <span class='ocr_line' id='line_1_60' title="bbox 0 5258 1608 5338; baseline 0.004 -28"><span class='ocrx_word' id='word_1_459' title='bbox 0 5259 392 5338; x_wconf 76' lang='grc' dir='ltr'><strong>προσηγορία,</strong></span> <span class='ocrx_word' id='word_1_460' title='bbox 421 5259 482 5312; x_wconf 86' lang='lat'><strong>16</strong></span> <span class='ocrx_word' id='word_1_461' title='bbox 514 5259 788 5330; x_wconf 83' lang='grc' dir='ltr'><strong>βασιλικὸν</strong></span> <span class='ocrx_word' id='word_1_462' title='bbox 819 5258 1053 5328; x_wconf 80' lang='grc' dir='ltr'><strong>ἀξίωμα,</strong></span> <span class='ocrx_word' id='word_1_463' title='bbox 1084 5262 1117 5329; x_wconf 89' lang='grc' dir='ltr'><strong>ή</strong></span> <span class='ocrx_word' id='word_1_464' title='bbox 1164 5260 1430 5332; x_wconf 74' lang='grc' dir='ltr'><strong>ἄχραντος</strong></span> <span class='ocrx_word' id='word_1_465' title='bbox 1461 5262 1608 5328; x_wconf 77' lang='grc' dir='ltr'><strong>δόξα,</strong></span> 
     </span>
    </p>
   </div>
   <div class='ocr_carea' id='block_1_61' title="bbox 0 5341 1613 5417">
    <p class='ocr_par' dir='ltr' id='par_1_61' title="bbox 0 5341 1613 5417">
     <span class='ocr_line' id='line_1_61' title="bbox 0 5341 1613 5417; baseline -0.004 -12"><span class='ocrx_word' id='word_1_466' title='bbox 0 5351 98 5404; x_wconf 77' lang='grc' dir='ltr'><strong>καὶ</strong></span> <span class='ocrx_word' id='word_1_467' title='bbox 137 5347 188 5417; x_wconf 75' lang='grc' dir='ltr'><strong>ἡ</strong></span> <span class='ocrx_word' id='word_1_468' title='bbox 222 5343 608 5413; x_wconf 79' lang='grc' dir='ltr'><strong>ἀκατάληπτος</strong></span> <span class='ocrx_word' id='word_1_469' title='bbox 640 5342 866 5413; x_wconf 88' lang='grc' dir='ltr'><strong>δύναμις</strong></span> <span class='ocrx_word' id='word_1_470' title='bbox 897 5343 958 5395; x_wconf 97' lang='lat'><strong>16</strong></span> <span class='ocrx_word' id='word_1_471' title='bbox 985 5341 1063 5412; x_wconf 86' lang='grc' dir='ltr'><strong>τῷ</strong></span> <span class='ocrx_word' id='word_1_472' title='bbox 1091 5345 1265 5416; x_wconf 81' lang='grc' dir='ltr'><strong>Πατρὶ</strong></span> <span class='ocrx_word' id='word_1_473' title='bbox 1300 5345 1613 5412; x_wconf 77' lang='grc' dir='ltr'><strong>συνδοξαζό-</strong></span> 
     </span>
    </p>
   </div>
   <div class='ocr_carea' id='block_1_62' title="bbox 0 5425 1609 5505">
    <p class='ocr_par' dir='ltr' id='par_1_62' title="bbox 0 5425 1609 5505">
     <span class='ocr_line' id='line_1_62' title="bbox 0 5425 1609 5505; baseline 0.002 -25"><span class='ocrx_word' id='word_1_474' title='bbox 0 5447 212 5505; x_wconf 84' lang='grc' dir='ltr'><strong>μενον,</strong></span> <span class='ocrx_word' id='word_1_475' title='bbox 234 5427 333 5482; x_wconf 72' lang='grc' dir='ltr'><strong>καὶ</strong></span> <span class='ocrx_word' id='word_1_476' title='bbox 355 5427 468 5497; x_wconf 84' lang='grc' dir='ltr'><strong>Υἰῷ</strong></span> <span class='ocrx_word' id='word_1_477' title='bbox 492 5425 906 5496; x_wconf 79' lang='grc' dir='ltr'><strong>συμϐασιλεῦον,</strong></span> <span class='ocrx_word' id='word_1_478' title='bbox 933 5427 1027 5480; x_wconf 73' lang='grc' dir='ltr'><strong>καὶ</strong></span> <span class='ocrx_word' id='word_1_479' title='bbox 1046 5429 1302 5499; x_wconf 81' lang='grc' dir='ltr'><strong>ἐνεργοῦν</strong></span> <span class='ocrx_word' id='word_1_480' title='bbox 1323 5429 1389 5483; x_wconf 83' lang='grc' dir='ltr'><strong>τά</strong></span> <span class='ocrx_word' id='word_1_481' title='bbox 1414 5431 1609 5499; x_wconf 88' lang='grc' dir='ltr'><strong>πάντα,</strong></span> 
     </span>
    </p>
   </div>
   <div class='ocr_carea' id='block_1_63' title="bbox 0 5509 1614 5585">
    <p class='ocr_par' dir='ltr' id='par_1_63' title="bbox 0 5509 1614 5585">
     <span class='ocr_line' id='line_1_63' title="bbox 0 5509 1614 5585; baseline -0.005 -14"><span class='ocrx_word' id='word_1_482' title='bbox 0 5521 98 5570; x_wconf 75' lang='grc' dir='ltr'><strong>καὶ</strong></span> <span class='ocrx_word' id='word_1_483' title='bbox 131 5510 398 5583; x_wconf 82' lang='grc' dir='ltr'><strong>διαιροῦν</strong></span> <span class='ocrx_word' id='word_1_484' title='bbox 430 5511 497 5563; x_wconf 86' lang='grc' dir='ltr'><strong>τά</strong></span> <span class='ocrx_word' id='word_1_485' title='bbox 531 5509 646 5563; x_wconf 80' lang='grc' dir='ltr'><strong>θεία</strong></span> <span class='ocrx_word' id='word_1_486' title='bbox 669 5509 982 5582; x_wconf 86' lang='grc' dir='ltr'><strong>χαρίσματα</strong></span> <span class='ocrx_word' id='word_1_487' title='bbox 1025 5511 1259 5584; x_wconf 80' lang='grc' dir='ltr'><strong>ἑκάστῳ,</strong></span> <span class='ocrx_word' id='word_1_488' title='bbox 1283 5514 1462 5579; x_wconf 88' lang='grc' dir='ltr'><strong>καθὼς</strong></span> <span class='ocrx_word' id='word_1_489' title='bbox 1493 5513 1614 5585; x_wconf 81' lang='grc' dir='ltr'><strong>βού-</strong></span> 
     </span>
    </p>
   </div>
   <div class='ocr_carea' id='block_1_64' title="bbox 54 5635 723 5692">
    <p class='ocr_par' dir='ltr' id='par_1_64' title="bbox 54 5635 723 5692">
     <span class='ocr_line' id='line_1_64' title="bbox 54 5635 723 5692; baseline 0.004 -6"><span class='ocrx_word' id='word_1_490' title='bbox 54 5643 90 5672; x_wconf 72' lang='grc' dir='ltr'>ι</span> <span class='ocrx_word' id='word_1_491' title='bbox 130 5637 270 5692; x_wconf 78' lang='lat' dir='ltr'><strong>Haec</strong></span> <span class='ocrx_word' id='word_1_492' title='bbox 293 5637 452 5685; x_wconf 71' lang='lat' dir='ltr'><strong>vitiata</strong></span> <span class='ocrx_word' id='word_1_493' title='bbox 475 5635 723 5689; x_wconf 66' lang='lat' dir='ltr'><strong>videntur.</strong></span> 
     </span>
    </p>
   </div>
   <div class='ocr_carea' id='block_1_65' title="bbox 61 5700 652 5761">
    <p class='ocr_par' dir='ltr' id='par_1_65' title="bbox 61 5700 652 5761">
     <span class='ocr_line' id='line_1_65' title="bbox 61 5700 652 5761; baseline 0.008 -18"><span class='ocrx_word' id='word_1_494' title='bbox 61 5705 94 5743; x_wconf 66' lang='grc' dir='ltr'>δ</span> <span class='ocrx_word' id='word_1_495' title='bbox 123 5713 257 5761; x_wconf 52' lang='grc' dir='ltr'><strong>μάν.</strong></span> <span class='ocrx_word' id='word_1_496' title='bbox 275 5700 400 5756; x_wconf 76' lang='lat' dir='ltr'><strong>conj.</strong></span> <span class='ocrx_word' id='word_1_497' title='bbox 434 5701 652 5761; x_wconf 72' lang='grc' dir='ltr'><strong>σήμαινε.</strong></span> 
     </span>
    </p>
   </div>
   <div class='ocr_carea' id='block_1_66' title="bbox 61 5759 1306 5828">
    <p class='ocr_par' dir='ltr' id='par_1_66' title="bbox 61 5759 1306 5828">
     <span class='ocr_line' id='line_1_66' title="bbox 61 5759 1306 5828; baseline -0.002 -14"><span class='ocrx_word' id='word_1_498' title='bbox 61 5769 90 5799; x_wconf 67' lang='grc'><strong>⁸</strong></span> <span class='ocrx_word' id='word_1_499' title='bbox 107 5766 212 5820; x_wconf 66' lang='grc' dir='ltr'><strong>,ιω</strong></span> <span class='ocrx_word' id='word_1_500' title='bbox 238 5759 368 5822; x_wconf 69' lang='lat' dir='ltr'><strong>“eg.</strong></span> <span class='ocrx_word' id='word_1_501' title='bbox 397 5759 601 5821; x_wconf 72' lang='lat' dir='ltr'><strong>optimc.</strong></span> <span class='ocrx_word' id='word_1_502' title='bbox 625 5762 756 5813; x_wconf 79' lang='lat' dir='ltr'><strong>Edil.</strong></span> <span class='ocrx_word' id='word_1_503' title='bbox 783 5774 900 5812; x_wconf 73' lang='lat' dir='ltr'><strong>vero</strong></span> <span class='ocrx_word' id='word_1_504' title='bbox 919 5764 966 5812; x_wconf 78' lang='grc' dir='ltr'><strong>ἐν</strong></span> <span class='ocrx_word' id='word_1_505' title='bbox 989 5765 1134 5828; x_wconf 79' lang='grc' dir='ltr'><strong>ἑτέρῳ</strong></span> <span class='ocrx_word' id='word_1_506' title='bbox 1156 5764 1306 5826; x_wconf 80' lang='grc' dir='ltr'><strong>τόπῳ.</strong></span> 
     </span>
    </p>
   </div>
   <div class='ocr_carea' id='block_1_67' title="bbox 1199 306 2032 365">
    <p class='ocr_par' dir='ltr' id='par_1_67' title="bbox 1199 306 2032 365">
     <span class='ocr_line' id='line_1_67' title="bbox 1199 306 2032 365; baseline 0.004 -4"><span class='ocrx_word' id='word_1_507' title='bbox 1199 307 1286 363; x_wconf 85' lang='lat' dir='ltr'><strong>DE</strong></span> <span class='ocrx_word' id='word_1_508' title='bbox 1327 306 1688 364; x_wconf 74' lang='lat' dir='ltr'><strong>SERPENTE</strong></span> <span class='ocrx_word' id='word_1_509' title='bbox 1729 309 2032 365; x_wconf 71' lang='lat' dir='ltr'><strong>HOMIIJA.</strong></span> 
     </span>
    </p>
   </div>
   <div class='ocr_carea' id='block_1_68' title="bbox 3169 299 3276 357">
    <p class='ocr_par' dir='ltr' id='par_1_68' title="bbox 3169 299 3276 357">
     <span class='ocr_line' id='line_1_68' title="bbox 3169 299 3276 357; baseline -0.019 0"><span class='ocrx_word' id='word_1_510' title='bbox 3169 299 3276 357; x_wconf 84' lang='lat'><strong>508</strong></span> 
     </span>
    </p>
   </div>
   <div class='ocr_carea' id='block_1_69' title="bbox 1707 412 3277 487">
    <p class='ocr_par' dir='ltr' id='par_1_69' title="bbox 1707 412 3277 487">
     <span class='ocr_line' id='line_1_69' title="bbox 1707 412 3277 487; baseline -0.003 -16"><span class='ocrx_word' id='word_1_511' title='bbox 1707 418 1876 472; x_wconf 87' lang='grc' dir='ltr'><strong>λεται.</strong></span> <span class='ocrx_word' id='word_1_512' title='bbox 1899 419 2081 474; x_wconf 83' lang='grc' dir='ltr'><strong>ταῦτα</strong></span> <span class='ocrx_word' id='word_1_513' title='bbox 2112 416 2171 472; x_wconf 72' lang='grc' dir='ltr'><strong>εὖ</strong></span> <span class='ocrx_word' id='word_1_514' title='bbox 2199 414 2315 472; x_wconf 78' lang='grc' dir='ltr'><strong>οἶδα</strong></span> <span class='ocrx_word' id='word_1_515' title='bbox 2337 419 2418 472; x_wconf 77' lang='grc' dir='ltr'><strong>ὅτι</strong></span> <span class='ocrx_word' id='word_1_516' title='bbox 2451 417 2691 487; x_wconf 76' lang='grc' dir='ltr'><strong>στηρίξει</strong></span> <span class='ocrx_word' id='word_1_517' title='bbox 2723 416 2822 486; x_wconf 76' lang='grc' dir='ltr'><strong>μὲν</strong></span> <span class='ocrx_word' id='word_1_518' title='bbox 2839 415 2967 478; x_wconf 81' lang='grc' dir='ltr'><strong>τοὺς</strong></span> <span class='ocrx_word' id='word_1_519' title='bbox 2995 412 3154 477; x_wconf 85' lang='grc' dir='ltr'><strong>ἰδίους</strong></span> <span class='ocrx_word' id='word_1_520' title='bbox 3176 413 3277 482; x_wconf 80' lang='grc' dir='ltr'><strong>τῆς</strong></span> 
     </span>
    </p>
   </div>
   <div class='ocr_carea' id='block_1_70' title="bbox 1719 497 3274 570">
    <p class='ocr_par' dir='ltr' id='par_1_70' title="bbox 1719 497 3274 570">
     <span class='ocr_line' id='line_1_70' title="bbox 1719 497 3274 570; baseline -0.005 -15"><span class='ocrx_word' id='word_1_521' title='bbox 1719 503 2062 569; x_wconf 83' lang='grc' dir='ltr'><strong>Ἑκκλησίας,</strong></span> <span class='ocrx_word' id='word_1_522' title='bbox 2082 502 2264 555; x_wconf 85' lang='grc' dir='ltr'><strong>δάκνει</strong></span> <span class='ocrx_word' id='word_1_523' title='bbox 2293 502 2352 555; x_wconf 81' lang='grc' dir='ltr'><strong>δὲ</strong></span> <span class='ocrx_word' id='word_1_524' title='bbox 2375 501 2500 563; x_wconf 79' lang='grc' dir='ltr'><strong>τοὺς</strong></span> <span class='ocrx_word' id='word_1_525' title='bbox 2527 499 2752 570; x_wconf 77' lang='grc' dir='ltr'><strong>ἐχθροὺς</strong></span> <span class='ocrx_word' id='word_1_526' title='bbox 2781 499 2874 550; x_wconf 80' lang='grc' dir='ltr'><strong>καὶ</strong></span> <span class='ocrx_word' id='word_1_527' title='bbox 2893 497 3274 568; x_wconf 78' lang='grc' dir='ltr'><strong>διαρῤήγνυσι,</strong></span> 
     </span>
    </p>
   </div>
   <div class='ocr_carea' id='block_1_71' title="bbox 1709 591 3279 664">
    <p class='ocr_par' dir='ltr' id='par_1_71' title="bbox 1709 591 3279 664">
     <span class='ocr_line' id='line_1_71' title="bbox 1709 591 3279 664; baseline -0.002 -18"><span class='ocrx_word' id='word_1_528' title='bbox 1709 595 1939 663; x_wconf 85' lang='grc' dir='ltr'><strong>μάλιστα</strong></span> <span class='ocrx_word' id='word_1_529' title='bbox 1965 594 2091 657; x_wconf 73' lang='grc' dir='ltr'><strong>τοὺς</strong></span> <span class='ocrx_word' id='word_1_530' title='bbox 2120 593 2344 664; x_wconf 81' lang='grc' dir='ltr'><strong>ἐχθροὺς</strong></span> <span class='ocrx_word' id='word_1_531' title='bbox 2375 593 2473 662; x_wconf 86' lang='grc' dir='ltr'><strong>τῆς</strong></span> <span class='ocrx_word' id='word_1_532' title='bbox 2497 591 2796 654; x_wconf 80' lang='grc' dir='ltr'><strong>εὐσεσείας,</strong></span> <span class='ocrx_word' id='word_1_533' title='bbox 2820 591 2947 653; x_wconf 72' lang='grc' dir='ltr'><strong>τοὺς</strong></span> <span class='ocrx_word' id='word_1_534' title='bbox 2981 605 3279 660; x_wconf 88' lang='grc' dir='ltr'><strong>παραιτου-</strong></span> 
     </span>
    </p>
   </div>
   <div class='ocr_carea' id='block_1_72' title="bbox 1709 673 3279 748">
    <p class='ocr_par' dir='ltr' id='par_1_72' title="bbox 1709 673 3279 748">
     <span class='ocr_line' id='line_1_72' title="bbox 1709 673 3279 748; baseline -0.002 -18"><span class='ocrx_word' id='word_1_535' title='bbox 1709 678 1902 748; x_wconf 84' lang='grc' dir='ltr'><strong>μένους</strong></span> <span class='ocrx_word' id='word_1_536' title='bbox 1949 679 2121 748; x_wconf 88' lang='grc' dir='ltr'><strong>Πατρ“ι</strong></span> <span class='ocrx_word' id='word_1_537' title='bbox 2171 678 2264 731; x_wconf 75' lang='grc' dir='ltr'><strong>καὶ</strong></span> <span class='ocrx_word' id='word_1_538' title='bbox 2305 677 2419 747; x_wconf 87' lang='grc' dir='ltr'><strong>Υἰῷ</strong></span> <span class='ocrx_word' id='word_1_539' title='bbox 2465 673 2800 740; x_wconf 82' lang='grc' dir='ltr'><strong>συνδοξάζειν</strong></span> <span class='ocrx_word' id='word_1_540' title='bbox 2844 675 2905 726; x_wconf 87' lang='lat'><strong>16</strong></span> <span class='ocrx_word' id='word_1_541' title='bbox 2945 673 3164 744; x_wconf 80' lang='grc' dir='ltr'><strong>Πνεῦμα</strong></span> <span class='ocrx_word' id='word_1_542' title='bbox 3215 674 3279 727; x_wconf 85' lang='lat'><strong>16</strong></span> 
     </span>
    </p>
   </div>
   <div class='ocr_carea' id='block_1_73' title="bbox 1707 751 3279 829">
    <p class='ocr_par' dir='ltr' id='par_1_73' title="bbox 1707 751 3279 829">
     <span class='ocr_line' id='line_1_73' title="bbox 1707 751 3279 829; baseline -0.003 -17"><span class='ocrx_word' id='word_1_543' title='bbox 1707 755 1880 827; x_wconf 74' lang='grc' dir='ltr'><strong>ἅγιον.</strong></span> <span class='ocrx_word' id='word_1_544' title='bbox 1913 763 1975 813; x_wconf 85' lang='grc' dir='ltr'><strong>Ὢ</strong></span> <span class='ocrx_word' id='word_1_545' title='bbox 2005 761 2106 829; x_wconf 81' lang='grc' dir='ltr'><strong>τῆς</strong></span> <span class='ocrx_word' id='word_1_546' title='bbox 2135 760 2470 828; x_wconf 75' lang='grc' dir='ltr'><strong>ἀθλιότητοςί</strong></span> <span class='ocrx_word' id='word_1_547' title='bbox 2497 751 2718 824; x_wconf 28' lang='grc' dir='ltr'><strong>Οὐδὲ-ὧν</strong></span> <span class='ocrx_word' id='word_1_548' title='bbox 2752 757 2957 826; x_wconf 80' lang='grc' dir='ltr'><strong>ἔτυχον,</strong></span> <span class='ocrx_word' id='word_1_549' title='bbox 2989 756 3279 822; x_wconf 88' lang='grc' dir='ltr'><strong>καταξιοῦν</strong></span> 
     </span>
    </p>
   </div>
   <div class='ocr_carea' id='block_1_74' title="bbox 1701 838 3279 912">
    <p class='ocr_par' dir='ltr' id='par_1_74' title="bbox 1701 838 3279 912">
     <span class='ocr_line' id='line_1_74' title="bbox 1701 838 3279 912; baseline -0.001 -19"><span class='ocrx_word' id='word_1_550' title='bbox 1701 842 1946 896; x_wconf 81' lang='grc' dir='ltr'><strong>ἐθέλουσι</strong></span> <span class='ocrx_word' id='word_1_551' title='bbox 1982 843 2041 896; x_wconf 84' lang='grc' dir='ltr'><strong>τὸ</strong></span> <span class='ocrx_word' id='word_1_552' title='bbox 2067 843 2288 912; x_wconf 86' lang='grc' dir='ltr'><strong>Πνεῦμα</strong></span> <span class='ocrx_word' id='word_1_553' title='bbox 2316 842 2376 894; x_wconf 87' lang='lat'><strong>16</strong></span> <span class='ocrx_word' id='word_1_554' title='bbox 2399 840 2568 909; x_wconf 72' lang='grc' dir='ltr'><strong>ἅγιον.</strong></span> <span class='ocrx_word' id='word_1_555' title='bbox 2613 841 2671 892; x_wconf 85' lang='lat'><strong>&#39;0</strong></span> <span class='ocrx_word' id='word_1_556' title='bbox 2701 839 2758 892; x_wconf 85' lang='grc' dir='ltr'><strong>δέ</strong></span> <span class='ocrx_word' id='word_1_557' title='bbox 2799 838 3117 902; x_wconf 81' lang='grc' dir='ltr'><strong>Ἀπόστολος</strong></span> <span class='ocrx_word' id='word_1_558' title='bbox 3151 839 3279 909; x_wconf 76' lang='grc' dir='ltr'><strong>περὶ</strong></span> 
     </span>
    </p>
   </div>
   <div class='ocr_carea' id='block_1_75' title="bbox 1707 921 3278 992">
    <p class='ocr_par' dir='ltr' id='par_1_75' title="bbox 1707 921 3278 992">
     <span class='ocr_line' id='line_1_75' title="bbox 1707 921 3278 992; baseline -0.003 -13"><span class='ocrx_word' id='word_1_559' title='bbox 1707 926 1900 980; x_wconf 78' lang='grc' dir='ltr'><strong>ἑαυτοῦ</strong></span> <span class='ocrx_word' id='word_1_560' title='bbox 1925 926 2144 980; x_wconf 73' lang='grc' dir='ltr'><strong>καὶτῶν</strong></span> <span class='ocrx_word' id='word_1_561' title='bbox 2168 928 2286 979; x_wconf 79' lang='grc' dir='ltr'><strong>κατ’</strong></span> <span class='ocrx_word' id='word_1_562' title='bbox 2307 924 2468 979; x_wconf 84' lang='grc' dir='ltr'><strong>αὑτὸν</strong></span> <span class='ocrx_word' id='word_1_563' title='bbox 2491 924 2693 992; x_wconf 76' lang='grc' dir='ltr'><strong>ἔλεγεν,</strong></span> <span class='ocrx_word' id='word_1_564' title='bbox 2725 925 2796 977; x_wconf 82' lang='lat' dir='ltr'><strong>Ei</strong></span> <span class='ocrx_word' id='word_1_565' title='bbox 2817 921 3278 990; x_wconf 79' lang='grc' dir='ltr'><strong>συμπάσχομεν,</strong></span> 
     </span>
    </p>
   </div>
   <div class='ocr_carea' id='block_1_76' title="bbox 1707 1005 3278 1078">
    <p class='ocr_par' dir='ltr' id='par_1_76' title="bbox 1707 1005 3278 1078">
     <span class='ocr_line' id='line_1_76' title="bbox 1707 1005 3278 1078; baseline -0.004 -15"><span class='ocrx_word' id='word_1_566' title='bbox 1707 1009 1802 1063; x_wconf 75' lang='grc' dir='ltr'><strong>καὶ</strong></span> <span class='ocrx_word' id='word_1_567' title='bbox 1834 1009 2471 1078; x_wconf 79' lang='grc' dir='ltr'><strong>συνδοξασθησόμεθα.</strong></span> <span class='ocrx_word' id='word_1_568' title='bbox 2497 1006 2708 1070; x_wconf 87' lang='grc' dir='ltr'><strong>Παῦλος</strong></span> <span class='ocrx_word' id='word_1_569' title='bbox 2735 1005 3106 1070; x_wconf 73' lang='grc' dir='ltr'><strong>συνδοξάζεται</strong></span> <span class='ocrx_word' id='word_1_570' title='bbox 3138 1005 3278 1075; x_wconf 89' lang='grc' dir='ltr'><strong>Θεῷ,</strong></span> 
     </span>
    </p>
   </div>
   <div class='ocr_carea' id='block_1_77' title="bbox 1707 1086 3282 1162">
    <p class='ocr_par' dir='ltr' id='par_1_77' title="bbox 1707 1086 3282 1162">
     <span class='ocr_line' id='line_1_77' title="bbox 1707 1086 3282 1162; baseline -0.003 -17"><span class='ocrx_word' id='word_1_571' title='bbox 1707 1093 1799 1146; x_wconf 77' lang='grc' dir='ltr'><strong>καί</strong></span> <span class='ocrx_word' id='word_1_572' title='bbox 1820 1092 1878 1145; x_wconf 85' lang='lat'><strong>16</strong></span> <span class='ocrx_word' id='word_1_573' title='bbox 1902 1092 2123 1162; x_wconf 78' lang='grc' dir='ltr'><strong>Πνεῦμα</strong></span> <span class='ocrx_word' id='word_1_574' title='bbox 2162 1093 2224 1145; x_wconf 84' lang='grc' dir='ltr'><strong>ού</strong></span> <span class='ocrx_word' id='word_1_575' title='bbox 2258 1088 2665 1156; x_wconf 71' lang='grc' dir='ltr'><strong>συνδοξάζεταις</strong></span> <span class='ocrx_word' id='word_1_576' title='bbox 2710 1088 2772 1140; x_wconf 85' lang='grc' dir='ltr'><strong><em>Ἦ</em></strong></span> <span class='ocrx_word' id='word_1_577' title='bbox 2802 1086 2967 1158; x_wconf 78' lang='grc' dir='ltr'><strong>θνητή</strong></span> <span class='ocrx_word' id='word_1_578' title='bbox 3008 1087 3166 1156; x_wconf 83' lang='grc' dir='ltr'><strong>φύσις</strong></span> <span class='ocrx_word' id='word_1_579' title='bbox 3193 1103 3282 1140; x_wconf 85' lang='grc' dir='ltr'><strong>το-</strong></span> 
     </span>
    </p>
   </div>
   <div class='ocr_carea' id='block_1_78' title="bbox 1709 1169 3282 1243">
    <p class='ocr_par' dir='ltr' id='par_1_78' title="bbox 1709 1169 3282 1243">
     <span class='ocr_line' id='line_1_78' title="bbox 1709 1169 3282 1243; baseline -0.004 -15"><span class='ocrx_word' id='word_1_580' title='bbox 1709 1175 1896 1228; x_wconf 88' lang='grc' dir='ltr'><strong>σοῦτον</strong></span> <span class='ocrx_word' id='word_1_581' title='bbox 1923 1176 2197 1242; x_wconf 77' lang='grc' dir='ltr'><strong>ἀνάγεται,</strong></span> <span class='ocrx_word' id='word_1_582' title='bbox 2241 1174 2316 1238; x_wconf 86' lang='grc' dir='ltr'><strong>ὡς</strong></span> <span class='ocrx_word' id='word_1_583' title='bbox 2347 1173 2565 1243; x_wconf 83' lang='grc' dir='ltr'><strong>Χριστῷ</strong></span> <span class='ocrx_word' id='word_1_584' title='bbox 2606 1171 3038 1237; x_wconf 77' lang='grc' dir='ltr'><strong>συνδοξάζεσθαι,</strong></span> <span class='ocrx_word' id='word_1_585' title='bbox 3082 1171 3179 1223; x_wconf 69' lang='grc' dir='ltr'><strong>καὶ</strong></span> <span class='ocrx_word' id='word_1_586' title='bbox 3221 1169 3282 1222; x_wconf 89' lang='lat'><strong>16</strong></span> 
     </span>
    </p>
   </div>
   <div class='ocr_carea' id='block_1_79' title="bbox 1708 1255 3284 1328">
    <p class='ocr_par' dir='ltr' id='par_1_79' title="bbox 1708 1255 3284 1328">
     <span class='ocr_line' id='line_1_79' title="bbox 1708 1255 3284 1328; baseline -0.001 -19"><span class='ocrx_word' id='word_1_587' title='bbox 1708 1259 2076 1328; x_wconf 78' lang='grc' dir='ltr'><strong>προσκυνητὺν</strong></span> <span class='ocrx_word' id='word_1_588' title='bbox 2099 1257 2319 1328; x_wconf 84' lang='grc' dir='ltr'><strong>Πνεῦμα</strong></span> <span class='ocrx_word' id='word_1_589' title='bbox 2340 1258 2457 1310; x_wconf 77' lang='grc' dir='ltr'><strong>οῦδὲ</strong></span> <span class='ocrx_word' id='word_1_590' title='bbox 2481 1257 2588 1309; x_wconf 90' lang='grc' dir='ltr'><strong>τῶν</strong></span> <span class='ocrx_word' id='word_1_591' title='bbox 2614 1255 2792 1309; x_wconf 81' lang='grc' dir='ltr'><strong>αὐτῶν</strong></span> <span class='ocrx_word' id='word_1_592' title='bbox 2815 1257 2847 1326; x_wconf 80' lang='grc' dir='ltr'>ἡ</span> <span class='ocrx_word' id='word_1_593' title='bbox 2856 1259 2945 1326; x_wconf 82' lang='grc' dir='ltr'><strong>μίν</strong></span> <span class='ocrx_word' id='word_1_594' title='bbox 2968 1255 3284 1316; x_wconf 79' lang='grc' dir='ltr'><strong>κοινωνήσει</strong></span> 
     </span>
    </p>
   </div>
   <div class='ocr_carea' id='block_1_80' title="bbox 1708 1337 3282 1412">
    <p class='ocr_par' dir='ltr' id='par_1_80' title="bbox 1708 1337 3282 1412">
     <span class='ocr_line' id='line_1_80' title="bbox 1708 1337 3282 1412; baseline -0.004 -16"><span class='ocrx_word' id='word_1_595' title='bbox 1708 1342 2225 1412; x_wconf 75' lang='grc' dir='ltr'><strong>πλεονεκτημάτωνς</strong></span> <span class='ocrx_word' id='word_1_596' title='bbox 2275 1343 2382 1394; x_wconf 73' lang='grc' dir='ltr'><strong>Καὶ</strong></span> <span class='ocrx_word' id='word_1_597' title='bbox 2420 1340 2545 1411; x_wconf 74' lang='grc' dir='ltr'><strong>περὶ</strong></span> <span class='ocrx_word' id='word_1_598' title='bbox 2588 1340 2684 1411; x_wconf 85' lang='grc' dir='ltr'><strong>μὲν</strong></span> <span class='ocrx_word' id='word_1_599' title='bbox 2716 1339 3020 1411; x_wconf 80' lang='grc' dir='ltr'><strong>ἀνθρώπων</strong></span> <span class='ocrx_word' id='word_1_600' title='bbox 3049 1337 3214 1408; x_wconf 75' lang='grc' dir='ltr'><strong>φησὶν</strong></span> <span class='ocrx_word' id='word_1_601' title='bbox 3253 1339 3282 1390; x_wconf 90' lang='lat'><strong>6</strong></span> 
     </span>
    </p>
   </div>
   <div class='ocr_carea' id='block_1_81' title="bbox 1707 1420 3282 1493">
    <p class='ocr_par' dir='ltr' id='par_1_81' title="bbox 1707 1420 3282 1493">
     <span class='ocr_line' id='line_1_81' title="bbox 1707 1420 3282 1493; baseline -0.004 -15"><span class='ocrx_word' id='word_1_602' title='bbox 1707 1427 1867 1488; x_wconf 70' lang='grc' dir='ltr'><strong>αὐτὸς</strong></span> <span class='ocrx_word' id='word_1_603' title='bbox 1897 1425 2189 1487; x_wconf 83' lang='grc' dir='ltr'><strong>ἀπόστολος</strong></span> <span class='ocrx_word' id='word_1_604' title='bbox 2209 1427 2311 1476; x_wconf 73' lang='grc' dir='ltr'><strong>Ἐἰ</strong></span> <span class='ocrx_word' id='word_1_605' title='bbox 2337 1423 2731 1493; x_wconf 79' lang='grc' dir='ltr'><strong>ὑπομένομεν,</strong></span> <span class='ocrx_word' id='word_1_606' title='bbox 2753 1423 2849 1475; x_wconf 78' lang='grc' dir='ltr'><strong>καὶ</strong></span> <span class='ocrx_word' id='word_1_607' title='bbox 2875 1420 3282 1491; x_wconf 73' lang='grc' dir='ltr'><strong>συμϐασιλεύ-</strong></span> 
     </span>
    </p>
   </div>
   <div class='ocr_carea' id='block_1_82' title="bbox 1707 1503 3286 1577">
    <p class='ocr_par' dir='ltr' id='par_1_82' title="bbox 1707 1503 3286 1577">
     <span class='ocr_line' id='line_1_82' title="bbox 1707 1503 3286 1577; baseline -0.004 -16"><span class='ocrx_word' id='word_1_608' title='bbox 1707 1525 1897 1577; x_wconf 80' lang='grc' dir='ltr'><strong>σομεν</strong></span> <span class='ocrx_word' id='word_1_609' title='bbox 1918 1525 1935 1538; x_wconf 71' lang='grc' dir='ltr'><strong>ο</strong></span> <span class='ocrx_word' id='word_1_610' title='bbox 1968 1509 2028 1561; x_wconf 86' lang='lat'><strong>16</strong></span> <span class='ocrx_word' id='word_1_611' title='bbox 2059 1507 2114 1560; x_wconf 79' lang='grc' dir='ltr'><strong>δὲ</strong></span> <span class='ocrx_word' id='word_1_612' title='bbox 2139 1508 2359 1576; x_wconf 84' lang='grc' dir='ltr'><strong>Πνεῦμα</strong></span> <span class='ocrx_word' id='word_1_613' title='bbox 2389 1507 2448 1559; x_wconf 88' lang='lat'><strong>16</strong></span> <span class='ocrx_word' id='word_1_614' title='bbox 2475 1506 2627 1576; x_wconf 83' lang='grc' dir='ltr'><strong>ἆγιον</strong></span> <span class='ocrx_word' id='word_1_615' title='bbox 2654 1505 2712 1558; x_wconf 85' lang='grc' dir='ltr'><strong>ού</strong></span> <span class='ocrx_word' id='word_1_616' title='bbox 2755 1503 3286 1576; x_wconf 75' lang='grc' dir='ltr'><strong>συμϐασιλεύειΧρι-</strong></span> 
     </span>
    </p>
   </div>
   <div class='ocr_carea' id='block_1_83' title="bbox 1710 1585 3284 1662">
    <p class='ocr_par' dir='ltr' id='par_1_83' title="bbox 1710 1585 3284 1662">
     <span class='ocr_line' id='line_1_83' title="bbox 1710 1585 3284 1662; baseline -0.004 -18"><span class='ocrx_word' id='word_1_617' title='bbox 1710 1593 1852 1662; x_wconf 85' lang='grc' dir='ltr'><strong>στῷ;</strong></span> <span class='ocrx_word' id='word_1_618' title='bbox 1879 1592 1943 1644; x_wconf 81' lang='grc' dir='ltr'><strong>Ὢ</strong></span> <span class='ocrx_word' id='word_1_619' title='bbox 1969 1593 2066 1662; x_wconf 82' lang='grc' dir='ltr'><strong>τῆς</strong></span> <span class='ocrx_word' id='word_1_620' title='bbox 2095 1591 2292 1660; x_wconf 85' lang='grc' dir='ltr'><strong>πολλῆς</strong></span> <span class='ocrx_word' id='word_1_621' title='bbox 2328 1589 2747 1660; x_wconf 75' lang='grc' dir='ltr'><strong>ἀγνωμοσύνηςῑ</strong></span> <span class='ocrx_word' id='word_1_622' title='bbox 2772 1587 2818 1640; x_wconf 83' lang='grc' dir='ltr'><strong>ὣ</strong></span> <span class='ocrx_word' id='word_1_623' title='bbox 2837 1589 2932 1657; x_wconf 83' lang='grc' dir='ltr'><strong>τῆς</strong></span> <span class='ocrx_word' id='word_1_624' title='bbox 2961 1586 3162 1655; x_wconf 79' lang='grc' dir='ltr'><strong>πολλῆς</strong></span> <span class='ocrx_word' id='word_1_625' title='bbox 3191 1585 3284 1638; x_wconf 69' lang='grc' dir='ltr'><strong>καὶ</strong></span> 
     </span>
    </p>
   </div>
   <div class='ocr_carea' id='block_1_84' title="bbox 1708 1669 3284 1744">
    <p class='ocr_par' dir='ltr' id='par_1_84' title="bbox 1708 1669 3284 1744">
     <span class='ocr_line' id='line_1_84' title="bbox 1708 1669 3284 1744; baseline -0.004 -17"><span class='ocrx_word' id='word_1_626' title='bbox 1708 1675 1980 1744; x_wconf 84' lang='grc' dir='ltr'><strong>ἀφορήτου</strong></span> <span class='ocrx_word' id='word_1_627' title='bbox 2015 1675 2238 1744; x_wconf 82' lang='grc' dir='ltr'><strong>μανίαςί</strong></span> <span class='ocrx_word' id='word_1_628' title='bbox 2273 1673 2316 1725; x_wconf 84' lang='grc' dir='ltr'><strong>ῶ</strong></span> <span class='ocrx_word' id='word_1_629' title='bbox 2340 1671 2564 1742; x_wconf 77' lang='grc' dir='ltr'><strong>γνώμης</strong></span> <span class='ocrx_word' id='word_1_630' title='bbox 2601 1672 2782 1736; x_wconf 83' lang='grc' dir='ltr'><strong>ἀθέου,</strong></span> <span class='ocrx_word' id='word_1_631' title='bbox 2817 1671 2908 1723; x_wconf 71' lang='grc' dir='ltr'><strong>καὶ</strong></span> <span class='ocrx_word' id='word_1_632' title='bbox 2939 1669 3284 1740; x_wconf 78' lang='grc' dir='ltr'><strong>βλασφημίας</strong></span> 
     </span>
    </p>
   </div>
   <div class='ocr_carea' id='block_1_85' title="bbox 1709 1753 3286 1831">
    <p class='ocr_par' dir='ltr' id='par_1_85' title="bbox 1709 1753 3286 1831">
     <span class='ocr_line' id='line_1_85' title="bbox 1709 1753 3286 1831; baseline -0.003 -22"><span class='ocrx_word' id='word_1_633' title='bbox 1709 1759 1964 1831; x_wconf 84' lang='grc' dir='ltr'><strong>ἀμέτρου,</strong></span> <span class='ocrx_word' id='word_1_634' title='bbox 2009 1759 2104 1812; x_wconf 72' lang='grc' dir='ltr'><strong>καὶ</strong></span> <span class='ocrx_word' id='word_1_635' title='bbox 2131 1757 2340 1828; x_wconf 73' lang='grc' dir='ltr'><strong>πληγῆς</strong></span> <span class='ocrx_word' id='word_1_636' title='bbox 2375 1756 2593 1809; x_wconf 75' lang='grc' dir='ltr'><strong>ἀνιάτου</strong></span> <span class='ocrx_word' id='word_1_637' title='bbox 2620 1757 2632 1808; x_wconf 90' lang='lat'><strong>!</strong></span> <span class='ocrx_word' id='word_1_638' title='bbox 2678 1755 2866 1824; x_wconf 85' lang='grc' dir='ltr'><strong>’Πμεῖς</strong></span> <span class='ocrx_word' id='word_1_639' title='bbox 2899 1753 3286 1824; x_wconf 84' lang='grc' dir='ltr'><strong>προσδοκῶμεν</strong></span> 
     </span>
    </p>
   </div>
   <div class='ocr_carea' id='block_1_86' title="bbox 1711 1834 3284 1912">
    <p class='ocr_par' dir='ltr' id='par_1_86' title="bbox 1711 1834 3284 1912">
     <span class='ocr_line' id='line_1_86' title="bbox 1711 1834 3284 1912; baseline -0.006 -17"><span class='ocrx_word' id='word_1_640' title='bbox 1711 1841 2158 1912; x_wconf 74' lang='grc' dir='ltr'><strong>συμϐασιλεύσαι,</strong></span> <span class='ocrx_word' id='word_1_641' title='bbox 2207 1842 2300 1894; x_wconf 67' lang='grc' dir='ltr'><strong>καὶ</strong></span> <span class='ocrx_word' id='word_1_642' title='bbox 2349 1839 2406 1892; x_wconf 83' lang='lat'><strong>16</strong></span> <span class='ocrx_word' id='word_1_643' title='bbox 2453 1838 2675 1910; x_wconf 82' lang='grc' dir='ltr'><strong>Πνεῦμα</strong></span> <span class='ocrx_word' id='word_1_644' title='bbox 2713 1838 2776 1890; x_wconf 91' lang='lat'><strong>16</strong></span> <span class='ocrx_word' id='word_1_645' title='bbox 2823 1837 2976 1904; x_wconf 77' lang='grc' dir='ltr'><strong>ἅγιον</strong></span> <span class='ocrx_word' id='word_1_646' title='bbox 3008 1837 3065 1889; x_wconf 84' lang='grc' dir='ltr'><strong>ἐν</strong></span> <span class='ocrx_word' id='word_1_647' title='bbox 3097 1834 3284 1888; x_wconf 81' lang='grc' dir='ltr'><strong>δούλου</strong></span> 
     </span>
    </p>
   </div>
   <div class='ocr_carea' id='block_1_87' title="bbox 1707 1925 2338 1994">
    <p class='ocr_par' dir='ltr' id='par_1_87' title="bbox 1707 1925 2338 1994">
     <span class='ocr_line' id='line_1_87' title="bbox 1707 1925 2338 1994; baseline -0.003 -16"><span class='ocrx_word' id='word_1_648' title='bbox 1707 1925 1858 1988; x_wconf 79' lang='grc' dir='ltr'><strong>τάξει</strong></span> <span class='ocrx_word' id='word_1_649' title='bbox 1897 1925 2338 1994; x_wconf 76' lang='grc' dir='ltr'><strong>κατατάττομενς</strong></span> 
     </span>
    </p>
   </div>
   <div class='ocr_carea' id='block_1_88' title="bbox 1781 2001 3285 2078">
    <p class='ocr_par' dir='ltr' id='par_1_88' title="bbox 1781 2001 3285 2078">
     <span class='ocr_line' id='line_1_88' title="bbox 1781 2001 3285 2078; baseline -0.007 -15"><span class='ocrx_word' id='word_1_650' title='bbox 1781 2017 1853 2074; x_wconf 77' lang='grc' dir='ltr'><strong>ς’.</strong></span> <span class='ocrx_word' id='word_1_651' title='bbox 1883 2009 2067 2063; x_wconf 89' lang='grc' dir='ltr'><strong>Ταῦτα</strong></span> <span class='ocrx_word' id='word_1_652' title='bbox 2097 2010 2151 2062; x_wconf 87' lang='grc' dir='ltr'><strong>δέ</strong></span> <span class='ocrx_word' id='word_1_653' title='bbox 2178 2027 2376 2078; x_wconf 88' lang='grc' dir='ltr'><strong>φαμεν,</strong></span> <span class='ocrx_word' id='word_1_654' title='bbox 2401 2006 2637 2074; x_wconf 63' lang='grc' dir='ltr'><strong>ἀδελφοὶ,</strong></span> <span class='ocrx_word' id='word_1_655' title='bbox 2664 2005 2760 2075; x_wconf 82' lang='grc' dir='ltr'><strong>οὐχ</strong></span> <span class='ocrx_word' id='word_1_656' title='bbox 2787 2005 2861 2067; x_wconf 84' lang='grc' dir='ltr'><strong>ὡς</strong></span> <span class='ocrx_word' id='word_1_657' title='bbox 2891 2001 3285 2074; x_wconf 83' lang='grc' dir='ltr'><strong>παραπλησίως</strong></span> 
     </span>
    </p>
   </div>
   <div class='ocr_carea' id='block_1_89' title="bbox 1709 2087 3287 2163">
    <p class='ocr_par' dir='ltr' id='par_1_89' title="bbox 1709 2087 3287 2163">
     <span class='ocr_line' id='line_1_89' title="bbox 1709 2087 3287 2163; baseline -0.006 -18"><span class='ocrx_word' id='word_1_658' title='bbox 1709 2095 1838 2163; x_wconf 87' lang='grc' dir='ltr'><strong>ήμῖν</strong></span> <span class='ocrx_word' id='word_1_659' title='bbox 1859 2094 2161 2162; x_wconf 81' lang='grc' dir='ltr'><strong>ὀφείλοντος</strong></span> <span class='ocrx_word' id='word_1_660' title='bbox 2186 2092 2278 2145; x_wconf 89' lang='grc' dir='ltr'><strong>τοῦ</strong></span> <span class='ocrx_word' id='word_1_661' title='bbox 2308 2093 2462 2160; x_wconf 86' lang='grc' dir='ltr'><strong>άγίου</strong></span> <span class='ocrx_word' id='word_1_662' title='bbox 2491 2089 2626 2142; x_wconf 90' lang='grc' dir='ltr'><strong>Πνεύ</strong></span> <span class='ocrx_word' id='word_1_663' title='bbox 2636 2106 2802 2160; x_wconf 86' lang='grc' dir='ltr'><strong>ματος</strong></span> <span class='ocrx_word' id='word_1_664' title='bbox 2823 2087 2900 2158; x_wconf 86' lang='grc' dir='ltr'><strong>τῷ</strong></span> <span class='ocrx_word' id='word_1_665' title='bbox 2929 2087 3145 2158; x_wconf 82' lang='grc' dir='ltr'><strong>Χριστῷ</strong></span> <span class='ocrx_word' id='word_1_666' title='bbox 3167 2103 3287 2138; x_wconf 86' lang='grc' dir='ltr'><strong>συν-</strong></span> 
     </span>
    </p>
   </div>
   <div class='ocr_carea' id='block_1_90' title="bbox 1707 2167 3285 2246">
    <p class='ocr_par' dir='ltr' id='par_1_90' title="bbox 1707 2167 3285 2246">
     <span class='ocr_line' id='line_1_90' title="bbox 1707 2167 3285 2246; baseline -0.008 -15"><span class='ocrx_word' id='word_1_667' title='bbox 1707 2176 2042 2242; x_wconf 80' lang='grc' dir='ltr'><strong>δοξάζεσθαι,</strong></span> <span class='ocrx_word' id='word_1_668' title='bbox 2083 2175 2218 2229; x_wconf 81' lang='grc' dir='ltr'><strong>ἀλλά</strong></span> <span class='ocrx_word' id='word_1_669' title='bbox 2258 2175 2356 2246; x_wconf 82' lang='grc' dir='ltr'><strong>τὴν</strong></span> <span class='ocrx_word' id='word_1_670' title='bbox 2384 2173 2636 2227; x_wconf 78' lang='grc' dir='ltr'><strong>ἀσέϐειαν</strong></span> <span class='ocrx_word' id='word_1_671' title='bbox 2663 2172 2971 2240; x_wconf 80' lang='grc' dir='ltr'><strong>ἐλέγχοντες</strong></span> <span class='ocrx_word' id='word_1_672' title='bbox 3010 2170 3117 2222; x_wconf 86' lang='grc' dir='ltr'><strong>τῶν</strong></span> <span class='ocrx_word' id='word_1_673' title='bbox 3151 2167 3285 2239; x_wconf 76' lang='grc' dir='ltr'><strong>μηδὲ</strong></span> 
     </span>
    </p>
   </div>
   <div class='ocr_carea' id='block_1_91' title="bbox 1707 2251 3284 2328">
    <p class='ocr_par' dir='ltr' id='par_1_91' title="bbox 1707 2251 3284 2328">
     <span class='ocr_line' id='line_1_91' title="bbox 1707 2251 3284 2328; baseline -0.006 -15"><span class='ocrx_word' id='word_1_674' title='bbox 1707 2260 1958 2314; x_wconf 87' lang='grc' dir='ltr'><strong>τοσοῦτον</strong></span> <span class='ocrx_word' id='word_1_675' title='bbox 1989 2259 2279 2328; x_wconf 82' lang='grc' dir='ltr'><strong>ἀπονέμειν</strong></span> <span class='ocrx_word' id='word_1_676' title='bbox 2304 2258 2662 2328; x_wconf 77' lang='grc' dir='ltr'><strong>ἀνεχομένων.</strong></span> <span class='ocrx_word' id='word_1_677' title='bbox 2701 2256 2885 2316; x_wconf 88' lang='grc' dir='ltr'><strong>’Ὶλεως</strong></span> <span class='ocrx_word' id='word_1_678' title='bbox 2904 2254 2960 2307; x_wconf 85' lang='grc' dir='ltr'><strong>δέ</strong></span> <span class='ocrx_word' id='word_1_679' title='bbox 2989 2255 3138 2324; x_wconf 79' lang='grc' dir='ltr'><strong>ἡμῖν,</strong></span> <span class='ocrx_word' id='word_1_680' title='bbox 3169 2251 3284 2306; x_wconf 85' lang='grc' dir='ltr'><strong>Κύ-</strong></span> 
     </span>
    </p>
   </div>
   <div class='ocr_carea' id='block_1_92' title="bbox 1712 2335 3286 2413">
    <p class='ocr_par' dir='ltr' id='par_1_92' title="bbox 1712 2335 3286 2413">
     <span class='ocr_line' id='line_1_92' title="bbox 1712 2335 3286 2413; baseline -0.006 -18"><span class='ocrx_word' id='word_1_681' title='bbox 1712 2360 1813 2413; x_wconf 88' lang='grc' dir='ltr'><strong>ριε,</strong></span> <span class='ocrx_word' id='word_1_682' title='bbox 1843 2343 1936 2395; x_wconf 75' lang='grc' dir='ltr'><strong>ἐπὶ</strong></span> <span class='ocrx_word' id='word_1_683' title='bbox 1969 2345 2081 2404; x_wconf 80' lang='grc' dir='ltr'><strong>τοῖς</strong></span> <span class='ocrx_word' id='word_1_684' title='bbox 2107 2342 2452 2410; x_wconf 85' lang='grc' dir='ltr'><strong>λαλουμένοις</strong></span> <span class='ocrx_word' id='word_1_685' title='bbox 2477 2341 2611 2410; x_wconf 85' lang='grc' dir='ltr'><strong>εἴης.</strong></span> <span class='ocrx_word' id='word_1_686' title='bbox 2653 2338 2773 2392; x_wconf 79' lang='grc' dir='ltr'><strong>Ὀτι</strong></span> <span class='ocrx_word' id='word_1_687' title='bbox 2808 2339 2908 2391; x_wconf 78' lang='grc' dir='ltr'><strong>κᾶν</strong></span> <span class='ocrx_word' id='word_1_688' title='bbox 2939 2337 3098 2408; x_wconf 84' lang='grc' dir='ltr'><strong>μέχρι</strong></span> <span class='ocrx_word' id='word_1_689' title='bbox 3122 2335 3286 2405; x_wconf 77' lang='grc' dir='ltr'><strong>ψιλῆς</strong></span> 
     </span>
    </p>
   </div>
   <div class='ocr_carea' id='block_1_93' title="bbox 1709 2418 3286 2493">
    <p class='ocr_par' dir='ltr' id='par_1_93' title="bbox 1709 2418 3286 2493">
     <span class='ocr_line' id='line_1_93' title="bbox 1709 2418 3286 2493; baseline -0.006 -14"><span class='ocrx_word' id='word_1_690' title='bbox 1709 2426 1802 2479; x_wconf 70' lang='grc' dir='ltr'><strong>καὶ</strong></span> <span class='ocrx_word' id='word_1_691' title='bbox 1843 2425 2157 2478; x_wconf 72' lang='grc' dir='ltr'><strong>ἐπιπολαίου</strong></span> <span class='ocrx_word' id='word_1_692' title='bbox 2200 2423 2395 2488; x_wconf 82' lang='grc' dir='ltr'><strong>λέξεως</strong></span> <span class='ocrx_word' id='word_1_693' title='bbox 2435 2423 2793 2493; x_wconf 85' lang='grc' dir='ltr'><strong>δευτεροῦμεν</strong></span> <span class='ocrx_word' id='word_1_694' title='bbox 2817 2420 2886 2473; x_wconf 90' lang='grc' dir='ltr'><strong>τά</strong></span> <span class='ocrx_word' id='word_1_695' title='bbox 2926 2420 3034 2473; x_wconf 78' lang='grc' dir='ltr'><strong>τῶν</strong></span> <span class='ocrx_word' id='word_1_696' title='bbox 3075 2418 3286 2473; x_wconf 77' lang='grc' dir='ltr'><strong>ἀσεϐῶν</strong></span> 
     </span>
    </p>
   </div>
   <div class='ocr_carea' id='block_1_94' title="bbox 1710 2502 3288 2579">
    <p class='ocr_par' dir='ltr' id='par_1_94' title="bbox 1710 2502 3288 2579">
     <span class='ocr_line' id='line_1_94' title="bbox 1710 2502 3288 2579; baseline -0.006 -17"><span class='ocrx_word' id='word_1_697' title='bbox 1710 2510 1948 2579; x_wconf 79' lang='grc' dir='ltr'><strong>ῥήματα,</strong></span> <span class='ocrx_word' id='word_1_698' title='bbox 1982 2508 2095 2561; x_wconf 86' lang='grc' dir='ltr'><strong>ἀλλ’</strong></span> <span class='ocrx_word' id='word_1_699' title='bbox 2121 2509 2270 2578; x_wconf 82' lang='grc' dir='ltr'><strong>ὅμως</strong></span> <span class='ocrx_word' id='word_1_700' title='bbox 2307 2507 2515 2578; x_wconf 68' lang='grc' dir='ltr'><strong>μηδεὶς,</strong></span> <span class='ocrx_word' id='word_1_701' title='bbox 2549 2505 2790 2575; x_wconf 76' lang='grc' dir='ltr'><strong>ἀδελφοὶ,</strong></span> <span class='ocrx_word' id='word_1_702' title='bbox 2831 2503 3108 2572; x_wconf 81' lang='grc' dir='ltr'><strong>νομισάτω</strong></span> <span class='ocrx_word' id='word_1_703' title='bbox 3129 2502 3288 2573; x_wconf 79' lang='grc' dir='ltr'><strong>ὓϐριν</strong></span> 
     </span>
    </p>
   </div>
   <div class='ocr_carea' id='block_1_95' title="bbox 1708 2584 3285 2661">
    <p class='ocr_par' dir='ltr' id='par_1_95' title="bbox 1708 2584 3285 2661">
     <span class='ocr_line' id='line_1_95' title="bbox 1708 2584 3285 2661; baseline -0.004 -17"><span class='ocrx_word' id='word_1_704' title='bbox 1708 2590 1847 2645; x_wconf 86' lang='grc' dir='ltr'><strong>εἰναι</strong></span> <span class='ocrx_word' id='word_1_705' title='bbox 1874 2591 1967 2644; x_wconf 91' lang='grc' dir='ltr'><strong>τοῦ</strong></span> <span class='ocrx_word' id='word_1_706' title='bbox 1997 2593 2153 2660; x_wconf 78' lang='grc' dir='ltr'><strong>ἀγίου</strong></span> <span class='ocrx_word' id='word_1_707' title='bbox 2187 2590 2500 2661; x_wconf 87' lang='grc' dir='ltr'><strong>Πνεύματος</strong></span> <span class='ocrx_word' id='word_1_708' title='bbox 2538 2589 2599 2642; x_wconf 88' lang='lat'><strong>16</strong></span> <span class='ocrx_word' id='word_1_709' title='bbox 2626 2586 3005 2659; x_wconf 86' lang='grc' dir='ltr'><strong>δευτεροῦσθαι</strong></span> <span class='ocrx_word' id='word_1_710' title='bbox 3030 2585 3126 2648; x_wconf 90' lang='grc' dir='ltr'><strong>τάς</strong></span> <span class='ocrx_word' id='word_1_711' title='bbox 3155 2584 3285 2655; x_wconf 86' lang='grc' dir='ltr'><strong>παρ’</strong></span> 
     </span>
    </p>
   </div>
   <div class='ocr_carea' id='block_1_96' title="bbox 1708 2669 3286 2748">
    <p class='ocr_par' dir='ltr' id='par_1_96' title="bbox 1708 2669 3286 2748">
     <span class='ocr_line' id='line_1_96' title="bbox 1708 2669 3286 2748; baseline -0.005 -18"><span class='ocrx_word' id='word_1_712' title='bbox 1708 2678 1932 2730; x_wconf 87' lang='grc' dir='ltr'><strong>ἐκείνων</strong></span> <span class='ocrx_word' id='word_1_713' title='bbox 1955 2676 2162 2748; x_wconf 73' lang='grc' dir='ltr'><strong>ὕϐρεις.</strong></span> <span class='ocrx_word' id='word_1_714' title='bbox 2189 2678 2428 2744; x_wconf 80' lang='grc' dir='ltr'><strong>Ἀγομεν</strong></span> <span class='ocrx_word' id='word_1_715' title='bbox 2447 2674 2556 2744; x_wconf 79' lang='grc' dir='ltr'><strong>γάρ</strong></span> <span class='ocrx_word' id='word_1_716' title='bbox 2577 2672 2746 2736; x_wconf 84' lang='grc' dir='ltr'><strong>αὒτάς</strong></span> <span class='ocrx_word' id='word_1_717' title='bbox 2771 2673 2849 2735; x_wconf 88' lang='grc' dir='ltr'><strong>εἰς</strong></span> <span class='ocrx_word' id='word_1_718' title='bbox 2875 2671 3057 2742; x_wconf 85' lang='grc' dir='ltr'><strong>μέσον,</strong></span> <span class='ocrx_word' id='word_1_719' title='bbox 3083 2670 3176 2723; x_wconf 69' lang='grc' dir='ltr'><strong>καὶ</strong></span> <span class='ocrx_word' id='word_1_720' title='bbox 3197 2669 3286 2722; x_wconf 84' lang='grc' dir='ltr'><strong>λέ-</strong></span> 
     </span>
    </p>
   </div>
   <div class='ocr_carea' id='block_1_97' title="bbox 1707 2751 3285 2830">
    <p class='ocr_par' dir='ltr' id='par_1_97' title="bbox 1707 2751 3285 2830">
     <span class='ocr_line' id='line_1_97' title="bbox 1707 2751 3285 2830; baseline -0.005 -18"><span class='ocrx_word' id='word_1_721' title='bbox 1707 2776 1897 2830; x_wconf 86' lang='grc' dir='ltr'><strong>γομεν,</strong></span> <span class='ocrx_word' id='word_1_722' title='bbox 1924 2761 1984 2812; x_wconf 86' lang='grc' dir='ltr'><strong>ού</strong></span> <span class='ocrx_word' id='word_1_723' title='bbox 2018 2758 2475 2827; x_wconf 80' lang='grc' dir='ltr'><strong>συνδιατιθέμενοι</strong></span> <span class='ocrx_word' id='word_1_724' title='bbox 2504 2759 2570 2828; x_wconf 82' lang='grc' dir='ltr'><strong>τῇ</strong></span> <span class='ocrx_word' id='word_1_725' title='bbox 2602 2755 2844 2825; x_wconf 75' lang='grc' dir='ltr'><strong>ἀσεϐείᾳ,</strong></span> <span class='ocrx_word' id='word_1_726' title='bbox 2875 2753 3012 2806; x_wconf 87' lang='grc' dir='ltr'><strong>ἀλλά</strong></span> <span class='ocrx_word' id='word_1_727' title='bbox 3031 2752 3127 2823; x_wconf 80' lang='grc' dir='ltr'><strong>τὴν</strong></span> <span class='ocrx_word' id='word_1_728' title='bbox 3151 2751 3285 2804; x_wconf 86' lang='grc' dir='ltr'><strong>πλά-</strong></span> 
     </span>
    </p>
   </div>
   <div class='ocr_carea' id='block_1_98' title="bbox 1708 2835 3286 2916">
    <p class='ocr_par' dir='ltr' id='par_1_98' title="bbox 1708 2835 3286 2916">
     <span class='ocr_line' id='line_1_98' title="bbox 1708 2835 3286 2916; baseline -0.006 -19"><span class='ocrx_word' id='word_1_729' title='bbox 1708 2859 1805 2913; x_wconf 87' lang='grc' dir='ltr'><strong>νην</strong></span> <span class='ocrx_word' id='word_1_730' title='bbox 1826 2843 1976 2916; x_wconf 73' lang='grc'>[521]</span> <span class='ocrx_word' id='word_1_731' title='bbox 2009 2842 2430 2914; x_wconf 85' lang='grc' dir='ltr'><strong>στηλιτεύοντες,</strong></span> <span class='ocrx_word' id='word_1_732' title='bbox 2452 2842 2546 2894; x_wconf 70' lang='grc' dir='ltr'><strong>καὶ</strong></span> <span class='ocrx_word' id='word_1_733' title='bbox 2571 2840 2695 2903; x_wconf 81' lang='grc' dir='ltr'><strong>τοὺς</strong></span> <span class='ocrx_word' id='word_1_734' title='bbox 2725 2838 3052 2909; x_wconf 82' lang='grc' dir='ltr'><strong>συντρόφους</strong></span> <span class='ocrx_word' id='word_1_735' title='bbox 3071 2835 3169 2907; x_wconf 84' lang='grc' dir='ltr'><strong>τῆς</strong></span> <span class='ocrx_word' id='word_1_736' title='bbox 3196 2836 3286 2888; x_wconf 85' lang='grc' dir='ltr'><strong>εύ-</strong></span> 
     </span>
    </p>
   </div>
   <div class='ocr_carea' id='block_1_99' title="bbox 1711 2918 3285 2997">
    <p class='ocr_par' dir='ltr' id='par_1_99' title="bbox 1711 2918 3285 2997">
     <span class='ocr_line' id='line_1_99' title="bbox 1711 2918 3285 2997; baseline -0.006 -17"><span class='ocrx_word' id='word_1_737' title='bbox 1711 2927 1924 2990; x_wconf 71' lang='grc' dir='ltr'><strong>σεῆείας</strong></span> <span class='ocrx_word' id='word_1_738' title='bbox 1953 2926 2062 2980; x_wconf 88' lang='grc' dir='ltr'><strong>τῶν</strong></span> <span class='ocrx_word' id='word_1_739' title='bbox 2094 2925 2342 2997; x_wconf 83' lang='grc' dir='ltr'><strong>πονηρῶν</strong></span> <span class='ocrx_word' id='word_1_740' title='bbox 2375 2924 2660 2994; x_wconf 84' lang='grc' dir='ltr'><strong>δογμάτων</strong></span> <span class='ocrx_word' id='word_1_741' title='bbox 2689 2919 3142 2991; x_wconf 79' lang='grc' dir='ltr'><strong>ἀποτειχίζοντες.</strong></span> <span class='ocrx_word' id='word_1_742' title='bbox 3175 2918 3285 2971; x_wconf 71' lang='grc' dir='ltr'><strong>Καὶ</strong></span> 
     </span>
    </p>
   </div>
   <div class='ocr_carea' id='block_1_100' title="bbox 1707 3003 3288 3084">
    <p class='ocr_par' dir='ltr' id='par_1_100' title="bbox 1707 3003 3288 3084">
     <span class='ocr_line' id='line_1_100' title="bbox 1707 3003 3288 3084; baseline -0.005 -22"><span class='ocrx_word' id='word_1_743' title='bbox 1707 3010 1814 3084; x_wconf 80' lang='grc' dir='ltr'><strong>γάρ</strong></span> <span class='ocrx_word' id='word_1_744' title='bbox 1842 3013 1890 3062; x_wconf 88' lang='grc' dir='ltr'><strong>οἰ</strong></span> <span class='ocrx_word' id='word_1_745' title='bbox 1926 3008 2210 3062; x_wconf 77' lang='grc' dir='ltr'><strong>ἀπόστολοι</strong></span> <span class='ocrx_word' id='word_1_746' title='bbox 2240 3007 2559 3075; x_wconf 86' lang='grc' dir='ltr'><strong>ἀγαπῶντες</strong></span> <span class='ocrx_word' id='word_1_747' title='bbox 2585 3005 2676 3058; x_wconf 83' lang='grc' dir='ltr'><strong>τὸν</strong></span> <span class='ocrx_word' id='word_1_748' title='bbox 2709 3006 2931 3073; x_wconf 82' lang='grc' dir='ltr'><strong>Κύριον,</strong></span> <span class='ocrx_word' id='word_1_749' title='bbox 2957 3003 3051 3056; x_wconf 79' lang='grc' dir='ltr'><strong>καὶ</strong></span> <span class='ocrx_word' id='word_1_750' title='bbox 3089 3003 3288 3064; x_wconf 85' lang='grc' dir='ltr'><strong>ἰδόντες</strong></span> 
     </span>
    </p>
   </div>
   <div class='ocr_carea' id='block_1_101' title="bbox 1707 3085 3288 3163">
    <p class='ocr_par' dir='ltr' id='par_1_101' title="bbox 1707 3085 3288 3163">
     <span class='ocr_line' id='line_1_101' title="bbox 1707 3085 3288 3163; baseline -0.006 -16"><span class='ocrx_word' id='word_1_751' title='bbox 1707 3093 1870 3147; x_wconf 84' lang='grc' dir='ltr'><strong>αὐτοῦ</strong></span> <span class='ocrx_word' id='word_1_752' title='bbox 1917 3093 2016 3163; x_wconf 78' lang='grc' dir='ltr'><strong>τήν</strong></span> <span class='ocrx_word' id='word_1_753' title='bbox 2059 3092 2234 3158; x_wconf 85' lang='grc' dir='ltr'><strong>ἀξίαν,</strong></span> <span class='ocrx_word' id='word_1_754' title='bbox 2270 3091 2369 3144; x_wconf 81' lang='grc' dir='ltr'><strong>οὐκ</strong></span> <span class='ocrx_word' id='word_1_755' title='bbox 2412 3089 2666 3160; x_wconf 77' lang='grc' dir='ltr'><strong>ὤκνησαν</strong></span> <span class='ocrx_word' id='word_1_756' title='bbox 2703 3087 2922 3151; x_wconf 88' lang='grc' dir='ltr'><strong>ἐντάξαι</strong></span> <span class='ocrx_word' id='word_1_757' title='bbox 2959 3088 3070 3149; x_wconf 85' lang='grc' dir='ltr'><strong>τοῖς</strong></span> <span class='ocrx_word' id='word_1_758' title='bbox 3110 3085 3288 3154; x_wconf 82' lang='grc' dir='ltr'><strong>ἀγεοις</strong></span> 
     </span>
    </p>
   </div>
   <div class='ocr_carea' id='block_1_102' title="bbox 1707 3169 3286 3244">
    <p class='ocr_par' dir='ltr' id='par_1_102' title="bbox 1707 3169 3286 3244">
     <span class='ocr_line' id='line_1_102' title="bbox 1707 3169 3286 3244; baseline -0.006 -14"><span class='ocrx_word' id='word_1_759' title='bbox 1707 3175 2056 3244; x_wconf 84' lang='grc' dir='ltr'><strong>Εὐαγγελίοις</strong></span> <span class='ocrx_word' id='word_1_760' title='bbox 2089 3175 2188 3237; x_wconf 84' lang='grc' dir='ltr'><strong>τὰς</strong></span> <span class='ocrx_word' id='word_1_761' title='bbox 2210 3174 2359 3243; x_wconf 79' lang='grc' dir='ltr'><strong>παρά</strong></span> <span class='ocrx_word' id='word_1_762' title='bbox 2387 3172 2495 3225; x_wconf 91' lang='grc' dir='ltr'><strong>τῶν</strong></span> <span class='ocrx_word' id='word_1_763' title='bbox 2534 3171 2798 3226; x_wconf 85' lang='grc' dir='ltr'><strong>Ἰουδαίων</strong></span> <span class='ocrx_word' id='word_1_764' title='bbox 2831 3169 3039 3239; x_wconf 75' lang='grc' dir='ltr'><strong>ὕϐρεις.</strong></span> <span class='ocrx_word' id='word_1_765' title='bbox 3077 3169 3286 3238; x_wconf 85' lang='grc' dir='ltr'><strong>Γέγρα-</strong></span> 
     </span>
    </p>
   </div>
   <div class='ocr_carea' id='block_1_103' title="bbox 1699 3249 3292 3326">
    <p class='ocr_par' dir='ltr' id='par_1_103' title="bbox 1699 3249 3292 3326">
     <span class='ocr_line' id='line_1_103' title="bbox 1699 3249 3292 3326; baseline -0.007 -13"><span class='ocrx_word' id='word_1_766' title='bbox 1699 3277 1840 3318; x_wconf 76' lang='grc' dir='ltr'><strong>⁴πται</strong></span> <span class='ocrx_word' id='word_1_767' title='bbox 1863 3259 1994 3326; x_wconf 90' lang='grc' dir='ltr'><strong>γοῦν</strong></span> <span class='ocrx_word' id='word_1_768' title='bbox 2037 3260 2137 3310; x_wconf 84' lang='grc' dir='ltr'><strong>ὅσα</strong></span> <span class='ocrx_word' id='word_1_769' title='bbox 2178 3259 2350 3310; x_wconf 82' lang='grc' dir='ltr'><strong>εἰπεῖν</strong></span> <span class='ocrx_word' id='word_1_770' title='bbox 2393 3255 2698 3325; x_wconf 84' lang='grc' dir='ltr'><strong>ἐτόλμησαν</strong></span> <span class='ocrx_word' id='word_1_771' title='bbox 2729 3254 2857 3324; x_wconf 71' lang='grc' dir='ltr'><strong>περὶ</strong></span> <span class='ocrx_word' id='word_1_772' title='bbox 2900 3249 3158 3323; x_wconf 86' lang='grc' dir='ltr'><strong>Χριστοῦ,</strong></span> <span class='ocrx_word' id='word_1_773' title='bbox 3192 3252 3292 3304; x_wconf 69' lang='grc' dir='ltr'><strong>καὶ</strong></span> 
     </span>
    </p>
   </div>
   <div class='ocr_carea' id='block_1_104' title="bbox 1708 3333 3292 3412">
    <p class='ocr_par' dir='ltr' id='par_1_104' title="bbox 1708 3333 3292 3412">
     <span class='ocr_line' id='line_1_104' title="bbox 1708 3333 3292 3412; baseline -0.006 -18"><span class='ocrx_word' id='word_1_774' title='bbox 1708 3342 1790 3394; x_wconf 77' lang='grc' dir='ltr'><strong>ὅτι</strong></span> <span class='ocrx_word' id='word_1_775' title='bbox 1829 3340 2148 3412; x_wconf 80' lang='grc' dir='ltr'><strong>ἁμαρτωλός</strong></span> <span class='ocrx_word' id='word_1_776' title='bbox 2181 3343 2316 3402; x_wconf 84' lang='grc' dir='ltr'><strong>ἐστι,</strong></span> <span class='ocrx_word' id='word_1_777' title='bbox 2339 3339 2434 3392; x_wconf 78' lang='grc' dir='ltr'><strong>καὶ</strong></span> <span class='ocrx_word' id='word_1_778' title='bbox 2467 3339 2550 3390; x_wconf 85' lang='grc' dir='ltr'><strong>ὃτι</strong></span> <span class='ocrx_word' id='word_1_779' title='bbox 2577 3335 2671 3389; x_wconf 87' lang='grc' dir='ltr'><strong>τοῦ</strong></span> <span class='ocrx_word' id='word_1_780' title='bbox 2705 3335 2841 3388; x_wconf 78' lang='grc' dir='ltr'><strong>Θεοῦ</strong></span> <span class='ocrx_word' id='word_1_781' title='bbox 2868 3335 2968 3388; x_wconf 82' lang='grc' dir='ltr'><strong>οὐκ</strong></span> <span class='ocrx_word' id='word_1_782' title='bbox 2999 3335 3134 3387; x_wconf 78' lang='grc' dir='ltr'><strong>ἔστι.</strong></span> <span class='ocrx_word' id='word_1_783' title='bbox 3178 3333 3292 3386; x_wconf 65' lang='grc' dir='ltr'><strong>Καὶ</strong></span> 
     </span>
    </p>
   </div>
   <div class='ocr_carea' id='block_1_105' title="bbox 1707 3417 3288 3495">
    <p class='ocr_par' dir='ltr' id='par_1_105' title="bbox 1707 3417 3288 3495">
     <span class='ocr_line' id='line_1_105' title="bbox 1707 3417 3288 3495; baseline -0.006 -17"><span class='ocrx_word' id='word_1_784' title='bbox 1707 3427 1788 3488; x_wconf 82' lang='grc' dir='ltr'><strong>εἰς</strong></span> <span class='ocrx_word' id='word_1_785' title='bbox 1821 3425 2108 3495; x_wconf 85' lang='grc' dir='ltr'><strong>πρόσωπον</strong></span> <span class='ocrx_word' id='word_1_786' title='bbox 2140 3422 2305 3476; x_wconf 82' lang='grc' dir='ltr'><strong>αὐτοῦ</strong></span> <span class='ocrx_word' id='word_1_787' title='bbox 2331 3422 2506 3491; x_wconf 88' lang='grc' dir='ltr'><strong>λέγειν</strong></span> <span class='ocrx_word' id='word_1_788' title='bbox 2539 3421 2638 3474; x_wconf 86' lang='grc' dir='ltr'><strong>οὐκ</strong></span> <span class='ocrx_word' id='word_1_789' title='bbox 2677 3419 2965 3488; x_wconf 69' lang='grc' dir='ltr'><strong>ῶκνησαψ</strong></span> <span class='ocrx_word' id='word_1_790' title='bbox 3001 3417 3288 3486; x_wconf 80' lang='grc' dir='ltr'><strong>Σαμαρεί-</strong></span> 
     </span>
    </p>
   </div>
   <div class='ocr_carea' id='block_1_106' title="bbox 1705 3501 3294 3576">
    <p class='ocr_par' dir='ltr' id='par_1_106' title="bbox 1705 3501 3294 3576">
     <span class='ocr_line' id='line_1_106' title="bbox 1705 3501 3294 3576; baseline -0.008 -13"><span class='ocrx_word' id='word_1_791' title='bbox 1705 3527 1814 3576; x_wconf 86' lang='grc' dir='ltr'><strong>της</strong></span> <span class='ocrx_word' id='word_1_792' title='bbox 1851 3506 1907 3563; x_wconf 57' lang='lat' dir='ltr'><strong>si</strong></span> <span class='ocrx_word' id='word_1_793' title='bbox 1929 3509 2033 3571; x_wconf 90' lang='grc' dir='ltr'><strong>σὺ,</strong></span> <span class='ocrx_word' id='word_1_794' title='bbox 2059 3507 2156 3562; x_wconf 76' lang='grc' dir='ltr'><strong>καὶ</strong></span> <span class='ocrx_word' id='word_1_795' title='bbox 2196 3507 2506 3576; x_wconf 83' lang='grc' dir='ltr'><strong>δαιμόνιον</strong></span> <span class='ocrx_word' id='word_1_796' title='bbox 2541 3506 2720 3574; x_wconf 78' lang='grc' dir='ltr'><strong>ἔχεις.</strong></span> <span class='ocrx_word' id='word_1_797' title='bbox 2768 3501 2928 3556; x_wconf 81' lang='grc' dir='ltr'><strong>Ἀλλά</strong></span> <span class='ocrx_word' id='word_1_798' title='bbox 2965 3502 3024 3554; x_wconf 88' lang='lat'><strong>16</strong></span> <span class='ocrx_word' id='word_1_799' title='bbox 3052 3502 3294 3572; x_wconf 82' lang='grc' dir='ltr'><strong>γράμμα</strong></span> 
     </span>
    </p>
   </div>
   <div class='ocr_carea' id='block_1_107' title="bbox 1707 3584 3281 3662">
    <p class='ocr_par' dir='ltr' id='par_1_107' title="bbox 1707 3584 3281 3662">
     <span class='ocr_line' id='line_1_107' title="bbox 1707 3584 3281 3662; baseline -0.006 -18"><span class='ocrx_word' id='word_1_800' title='bbox 1707 3592 1767 3644; x_wconf 82' lang='grc' dir='ltr'><strong>οὐ</strong></span> <span class='ocrx_word' id='word_1_801' title='bbox 1801 3593 1911 3646; x_wconf 88' lang='grc' dir='ltr'><strong>τῶν</strong></span> <span class='ocrx_word' id='word_1_802' title='bbox 1938 3590 2260 3662; x_wconf 71' lang='grc' dir='ltr'><strong>γραψάντων</strong></span> <span class='ocrx_word' id='word_1_803' title='bbox 2291 3591 2602 3659; x_wconf 81' lang='grc' dir='ltr'><strong>κατηγορεῖ,</strong></span> <span class='ocrx_word' id='word_1_804' title='bbox 2637 3585 2774 3640; x_wconf 83' lang='grc' dir='ltr'><strong>ἀλλά</strong></span> <span class='ocrx_word' id='word_1_805' title='bbox 2814 3585 2924 3639; x_wconf 88' lang='grc' dir='ltr'><strong>τῶν</strong></span> <span class='ocrx_word' id='word_1_806' title='bbox 2965 3584 3281 3655; x_wconf 85' lang='grc' dir='ltr'><strong>βλασφημη-</strong></span> 
     </span>
    </p>
   </div>
   <div class='ocr_carea' id='block_1_108' title="bbox 1709 3669 3292 3742">
    <p class='ocr_par' dir='ltr' id='par_1_108' title="bbox 1709 3669 3292 3742">
     <span class='ocr_line' id='line_1_108' title="bbox 1709 3669 3292 3742; baseline -0.006 -14"><span class='ocrx_word' id='word_1_807' title='bbox 1709 3677 1935 3728; x_wconf 87' lang='grc' dir='ltr'><strong>σάντων.</strong></span> <span class='ocrx_word' id='word_1_808' title='bbox 1967 3675 2164 3728; x_wconf 73' lang='grc' dir='ltr'><strong>Ἄκουε</strong></span> <span class='ocrx_word' id='word_1_809' title='bbox 2195 3672 2288 3726; x_wconf 89' lang='grc' dir='ltr'><strong>τοῦ</strong></span> <span class='ocrx_word' id='word_1_810' title='bbox 2320 3673 2637 3742; x_wconf 88' lang='grc' dir='ltr'><strong>Πνεύματος</strong></span> <span class='ocrx_word' id='word_1_811' title='bbox 2667 3671 2766 3740; x_wconf 80' lang='grc' dir='ltr'><strong>τὴν</strong></span> <span class='ocrx_word' id='word_1_812' title='bbox 2791 3670 3091 3740; x_wconf 84' lang='grc' dir='ltr'><strong>ἐνέργειαν,</strong></span> <span class='ocrx_word' id='word_1_813' title='bbox 3121 3669 3292 3721; x_wconf 79' lang='grc' dir='ltr'><strong>ἄκουε.</strong></span> 
     </span>
    </p>
   </div>
   <div class='ocr_carea' id='block_1_109' title="bbox 1703 3750 3301 3827">
    <p class='ocr_par' dir='ltr' id='par_1_109' title="bbox 1703 3750 3301 3827">
     <span class='ocr_line' id='line_1_109' title="bbox 1703 3750 3301 3827; baseline -0.004 -16"><span class='ocrx_word' id='word_1_814' title='bbox 1703 3759 1814 3811; x_wconf 86' lang='grc' dir='ltr'><strong>τῶν</strong></span> <span class='ocrx_word' id='word_1_815' title='bbox 1833 3757 2146 3811; x_wconf 81' lang='grc' dir='ltr'><strong>ἀποστόλων</strong></span> <span class='ocrx_word' id='word_1_816' title='bbox 2176 3757 2276 3827; x_wconf 78' lang='grc' dir='ltr'><strong>τὴν</strong></span> <span class='ocrx_word' id='word_1_817' title='bbox 2307 3756 2642 3824; x_wconf 69' lang='grc' dir='ltr'><strong>δοξολογίαψ</strong></span> <span class='ocrx_word' id='word_1_818' title='bbox 2677 3754 2876 3824; x_wconf 88' lang='grc' dir='ltr'><strong>στοίχει</strong></span> <span class='ocrx_word' id='word_1_819' title='bbox 2905 3756 3024 3816; x_wconf 87' lang='grc' dir='ltr'><strong>ταῖς</strong></span> <span class='ocrx_word' id='word_1_820' title='bbox 3066 3750 3301 3804; x_wconf 78' lang='grc' dir='ltr'><strong>ἐκείνων·</strong></span> 
     </span>
    </p>
   </div>
   <div class='ocr_carea' id='block_1_110' title="bbox 1705 3834 3290 3909">
    <p class='ocr_par' dir='ltr' id='par_1_110' title="bbox 1705 3834 3290 3909">
     <span class='ocr_line' id='line_1_110' title="bbox 1705 3834 3290 3909; baseline -0.004 -15"><span class='ocrx_word' id='word_1_821' title='bbox 1705 3840 2092 3904; x_wconf 82' lang='grc' dir='ltr'><strong>διδασκαλίαις,</strong></span> <span class='ocrx_word' id='word_1_822' title='bbox 2115 3840 2247 3893; x_wconf 71' lang='grc' dir='ltr'><strong>ἕπου</strong></span> <span class='ocrx_word' id='word_1_823' title='bbox 2271 3843 2382 3902; x_wconf 84' lang='grc' dir='ltr'><strong>τοῖς</strong></span> <span class='ocrx_word' id='word_1_824' title='bbox 2408 3839 2612 3909; x_wconf 87' lang='grc' dir='ltr'><strong>βήμασι</strong></span> <span class='ocrx_word' id='word_1_825' title='bbox 2640 3837 2748 3891; x_wconf 90' lang='grc' dir='ltr'><strong>τῶν</strong></span> <span class='ocrx_word' id='word_1_826' title='bbox 2777 3837 2948 3904; x_wconf 89' lang='grc' dir='ltr'><strong>ἀγίων</strong></span> <span class='ocrx_word' id='word_1_827' title='bbox 2967 3853 2982 3869; x_wconf 80' lang='grc'><strong><em>⁸</em></strong></span> <span class='ocrx_word' id='word_1_828' title='bbox 3011 3834 3085 3906; x_wconf 81' lang='grc' dir='ltr'><strong>μὴ</strong></span> <span class='ocrx_word' id='word_1_829' title='bbox 3111 3835 3290 3888; x_wconf 88' lang='grc' dir='ltr'><strong>πλάνα</strong></span> 
     </span>
    </p>
   </div>
   <div class='ocr_carea' id='block_1_111' title="bbox 1709 3918 3297 3994">
    <p class='ocr_par' dir='ltr' id='par_1_111' title="bbox 1709 3918 3297 3994">
     <span class='ocr_line' id='line_1_111' title="bbox 1709 3918 3297 3994; baseline -0.003 -18"><span class='ocrx_word' id='word_1_830' title='bbox 1709 3924 1904 3977; x_wconf 79' lang='grc' dir='ltr'><strong>σαυτὸν</strong></span> <span class='ocrx_word' id='word_1_831' title='bbox 1937 3928 2048 3987; x_wconf 86' lang='grc' dir='ltr'><strong>τοῖς</strong></span> <span class='ocrx_word' id='word_1_832' title='bbox 2077 3925 2246 3994; x_wconf 72' lang='grc' dir='ltr'><strong>ἴχνεσι</strong></span> <span class='ocrx_word' id='word_1_833' title='bbox 2273 3923 2381 3976; x_wconf 88' lang='grc' dir='ltr'><strong>τῶν</strong></span> <span class='ocrx_word' id='word_1_834' title='bbox 2412 3923 2651 3993; x_wconf 70' lang='grc' dir='ltr'><strong>βεϐήλων</strong></span> <span class='ocrx_word' id='word_1_835' title='bbox 2674 3939 2688 3954; x_wconf 76' lang='grc' dir='ltr'><strong>ο</strong></span> <span class='ocrx_word' id='word_1_836' title='bbox 2722 3921 2927 3990; x_wconf 81' lang='grc' dir='ltr'><strong>Τριάδα</strong></span> <span class='ocrx_word' id='word_1_837' title='bbox 2971 3918 3297 3990; x_wconf 68' lang='grc' dir='ltr'><strong>προσκύνει,</strong></span> 
     </span>
    </p>
   </div>
   <div class='ocr_carea' id='block_1_112' title="bbox 1709 4001 3288 4078">
    <p class='ocr_par' dir='ltr' id='par_1_112' title="bbox 1709 4001 3288 4078">
     <span class='ocr_line' id='line_1_112' title="bbox 1709 4001 3288 4078; baseline -0.005 -18"><span class='ocrx_word' id='word_1_838' title='bbox 1709 4007 1914 4078; x_wconf 85' lang='grc' dir='ltr'><strong>Τριάδα</strong></span> <span class='ocrx_word' id='word_1_839' title='bbox 1941 4005 2151 4070; x_wconf 78' lang='grc' dir='ltr'><strong>δόξαζε,</strong></span> <span class='ocrx_word' id='word_1_840' title='bbox 2174 4005 2378 4074; x_wconf 83' lang='grc' dir='ltr'><strong>Τριάδα</strong></span> <span class='ocrx_word' id='word_1_841' title='bbox 2408 4007 2663 4076; x_wconf 82' lang='grc' dir='ltr'><strong>κήρυττε.</strong></span> <span class='ocrx_word' id='word_1_842' title='bbox 2694 4004 2848 4056; x_wconf 81' lang='grc' dir='ltr'><strong>Οὕτω</strong></span> <span class='ocrx_word' id='word_1_843' title='bbox 2876 4001 3132 4075; x_wconf 88' lang='grc' dir='ltr'><strong>φρονοῦσι</strong></span> <span class='ocrx_word' id='word_1_844' title='bbox 3155 4018 3288 4071; x_wconf 62' lang='grc' dir='ltr'><strong>προς</strong></span> 
     </span>
    </p>
   </div>
   <div class='ocr_carea' id='block_1_113' title="bbox 1709 4083 3287 4158">
    <p class='ocr_par' dir='ltr' id='par_1_113' title="bbox 1709 4083 3287 4158">
     <span class='ocr_line' id='line_1_113' title="bbox 1709 4083 3287 4158; baseline -0.004 -16"><span class='ocrx_word' id='word_1_845' title='bbox 1709 4090 1899 4158; x_wconf 82' lang='grc' dir='ltr'><strong>φῆται,</strong></span> <span class='ocrx_word' id='word_1_846' title='bbox 1929 4089 2071 4142; x_wconf 77' lang='grc' dir='ltr'><strong>οὕτω</strong></span> <span class='ocrx_word' id='word_1_847' title='bbox 2094 4088 2453 4158; x_wconf 85' lang='grc' dir='ltr'><strong>κηρύττουσιν</strong></span> <span class='ocrx_word' id='word_1_848' title='bbox 2474 4087 2780 4145; x_wconf 87' lang='grc' dir='ltr'><strong>ἀπόστολοι,</strong></span> <span class='ocrx_word' id='word_1_849' title='bbox 2810 4086 2950 4138; x_wconf 73' lang='grc' dir='ltr'><strong>οὕτω</strong></span> <span class='ocrx_word' id='word_1_850' title='bbox 2974 4083 3287 4136; x_wconf 80' lang='grc' dir='ltr'><strong>πιστεύουσι</strong></span> 
     </span>
    </p>
   </div>
   <div class='ocr_carea' id='block_1_114' title="bbox 1711 4167 3294 4242">
    <p class='ocr_par' dir='ltr' id='par_1_114' title="bbox 1711 4167 3294 4242">
     <span class='ocr_line' id='line_1_114' title="bbox 1711 4167 3294 4242; baseline -0.005 -17"><span class='ocrx_word' id='word_1_851' title='bbox 1711 4173 2005 4242; x_wconf 86' lang='grc' dir='ltr'><strong>μάρτυρες.</strong></span> <span class='ocrx_word' id='word_1_852' title='bbox 2038 4173 2233 4224; x_wconf 77' lang='grc' dir='ltr'><strong>’Λκουε</strong></span> <span class='ocrx_word' id='word_1_853' title='bbox 2266 4171 2478 4223; x_wconf 83' lang='grc' dir='ltr'><strong>Παύλου</strong></span> <span class='ocrx_word' id='word_1_854' title='bbox 2517 4171 2613 4240; x_wconf 81' lang='grc' dir='ltr'><strong>τὴν</strong></span> <span class='ocrx_word' id='word_1_855' title='bbox 2643 4171 2686 4221; x_wconf 88' lang='grc' dir='ltr'>Τ</span> <span class='ocrx_word' id='word_1_856' title='bbox 2691 4169 2846 4240; x_wconf 84' lang='grc' dir='ltr'><strong>ριάδα</strong></span> <span class='ocrx_word' id='word_1_857' title='bbox 2892 4167 3246 4236; x_wconf 88' lang='grc' dir='ltr'><strong>κηρύττοντος</strong></span> <span class='ocrx_word' id='word_1_858' title='bbox 3266 4181 3294 4199; x_wconf 63' lang='grc' dir='ltr'><strong>α</strong></span> 
     </span>
    </p>
   </div>
   <div class='ocr_carea' id='block_1_115' title="bbox 1708 4248 3298 4323">
    <p class='ocr_par' dir='ltr' id='par_1_115' title="bbox 1708 4248 3298 4323">
     <span class='ocr_line' id='line_1_115' title="bbox 1708 4248 3298 4323; baseline -0.004 -15"><span class='ocrx_word' id='word_1_859' title='bbox 1708 4255 2031 4323; x_wconf 86' lang='grc' dir='ltr'><strong>Διαιρέσεις</strong></span> <span class='ocrx_word' id='word_1_860' title='bbox 2060 4252 2456 4323; x_wconf 76' lang='grc' dir='ltr'><strong>χαρισμάτων,</strong></span> <span class='ocrx_word' id='word_1_861' title='bbox 2482 4255 2545 4306; x_wconf 87' lang='grc' dir='ltr'><strong>τὸ</strong></span> <span class='ocrx_word' id='word_1_862' title='bbox 2572 4252 2640 4305; x_wconf 83' lang='grc' dir='ltr'><strong>δὲ</strong></span> <span class='ocrx_word' id='word_1_863' title='bbox 2661 4251 2806 4305; x_wconf 82' lang='grc' dir='ltr'><strong>αὐτὸ</strong></span> <span class='ocrx_word' id='word_1_864' title='bbox 2839 4250 3106 4317; x_wconf 72' lang='grc' dir='ltr'><strong>Πνεῧμα’</strong></span> <span class='ocrx_word' id='word_1_865' title='bbox 3145 4248 3298 4302; x_wconf 62' lang='grc' dir='ltr'><strong>διαια</strong></span> 
     </span>
    </p>
   </div>
   <div class='ocr_carea' id='block_1_116' title="bbox 1700 4334 3288 4408">
    <p class='ocr_par' dir='ltr' id='par_1_116' title="bbox 1700 4334 3288 4408">
     <span class='ocr_line' id='line_1_116' title="bbox 1700 4334 3288 4408; baseline -0.004 -16"><span class='ocrx_word' id='word_1_866' title='bbox 1700 4339 1906 4408; x_wconf 88' lang='grc' dir='ltr'><strong>ρέσεις</strong></span> <span class='ocrx_word' id='word_1_867' title='bbox 1936 4337 2272 4400; x_wconf 79' lang='grc' dir='ltr'><strong>διακονιῶν,</strong></span> <span class='ocrx_word' id='word_1_868' title='bbox 2299 4339 2333 4390; x_wconf 88' lang='grc' dir='ltr'><em>ό</em></span> <span class='ocrx_word' id='word_1_869' title='bbox 2373 4336 2440 4388; x_wconf 83' lang='grc' dir='ltr'><strong>δὲ</strong></span> <span class='ocrx_word' id='word_1_870' title='bbox 2469 4335 2650 4402; x_wconf 82' lang='grc' dir='ltr'><strong>αὐτὸς</strong></span> <span class='ocrx_word' id='word_1_871' title='bbox 2684 4337 2899 4403; x_wconf 86' lang='grc' dir='ltr'><strong>Κύριος</strong></span> <span class='ocrx_word' id='word_1_872' title='bbox 2919 4351 2933 4365; x_wconf 77' lang='grc' dir='ltr'><strong><em>ο</em></strong></span> <span class='ocrx_word' id='word_1_873' title='bbox 2967 4334 3288 4401; x_wconf 83' lang='grc' dir='ltr'><strong>διαιρέσεις</strong></span> 
     </span>
    </p>
   </div>
   <div class='ocr_carea' id='block_1_117' title="bbox 1706 4416 3292 4492">
    <p class='ocr_par' dir='ltr' id='par_1_117' title="bbox 1706 4416 3292 4492">
     <span class='ocr_line' id='line_1_117' title="bbox 1706 4416 3292 4492; baseline -0.005 -16"><span class='ocrx_word' id='word_1_874' title='bbox 1706 4421 2138 4492; x_wconf 78' lang='grc' dir='ltr'><strong>ἐνεργημάτων,</strong></span> <span class='ocrx_word' id='word_1_875' title='bbox 2168 4425 2200 4475; x_wconf 86' lang='grc' dir='ltr'><strong>ό</strong></span> <span class='ocrx_word' id='word_1_876' title='bbox 2227 4421 2294 4473; x_wconf 83' lang='grc' dir='ltr'><strong>δὲ</strong></span> <span class='ocrx_word' id='word_1_877' title='bbox 2316 4419 2497 4486; x_wconf 77' lang='grc' dir='ltr'><strong>αὐτὸς</strong></span> <span class='ocrx_word' id='word_1_878' title='bbox 2531 4420 2674 4484; x_wconf 85' lang='grc' dir='ltr'><strong>Θεὸς</strong></span> <span class='ocrx_word' id='word_1_879' title='bbox 2694 4418 2950 4488; x_wconf 77' lang='grc' dir='ltr'><strong>ἐνεργῶν</strong></span> <span class='ocrx_word' id='word_1_880' title='bbox 2989 4416 3058 4470; x_wconf 82' lang='grc' dir='ltr'><strong>τὰ</strong></span> <span class='ocrx_word' id='word_1_881' title='bbox 3089 4416 3292 4470; x_wconf 77' lang='grc' dir='ltr'><strong>πάντα</strong></span> 
     </span>
    </p>
   </div>
   <div class='ocr_carea' id='block_1_118' title="bbox 1707 4500 3288 4574">
    <p class='ocr_par' dir='ltr' id='par_1_118' title="bbox 1707 4500 3288 4574">
     <span class='ocr_line' id='line_1_118' title="bbox 1707 4500 3288 4574; baseline -0.004 -16"><span class='ocrx_word' id='word_1_882' title='bbox 1707 4505 1778 4558; x_wconf 86' lang='grc' dir='ltr'><strong>ἐν</strong></span> <span class='ocrx_word' id='word_1_883' title='bbox 1809 4503 1979 4560; x_wconf 85' lang='grc' dir='ltr'><strong>πᾶσι.</strong></span> <span class='ocrx_word' id='word_1_884' title='bbox 2009 4503 2164 4567; x_wconf 88' lang='grc' dir='ltr'><strong>Τίνος</strong></span> <span class='ocrx_word' id='word_1_885' title='bbox 2193 4505 2377 4558; x_wconf 86' lang='grc' dir='ltr'><strong>’ένεκεν</strong></span> <span class='ocrx_word' id='word_1_886' title='bbox 2403 4506 2504 4557; x_wconf 74' lang='grc' dir='ltr'><strong>οὐκ</strong></span> <span class='ocrx_word' id='word_1_887' title='bbox 2530 4504 2636 4557; x_wconf 85' lang='grc' dir='ltr'><strong>ἀπὸ</strong></span> <span class='ocrx_word' id='word_1_888' title='bbox 2679 4503 2888 4574; x_wconf 79' lang='grc' dir='ltr'><strong>Πατρὸς</strong></span> <span class='ocrx_word' id='word_1_889' title='bbox 2917 4501 3145 4572; x_wconf 80' lang='grc' dir='ltr'><strong>ἄρχεται</strong></span> <span class='ocrx_word' id='word_1_890' title='bbox 3169 4517 3184 4565; x_wconf 91' lang='grc'><strong>;</strong></span> <span class='ocrx_word' id='word_1_891' title='bbox 3222 4500 3288 4552; x_wconf 75' lang='grc' dir='ltr'><strong>οὺ</strong></span> 
     </span>
    </p>
   </div>
   <div class='ocr_carea' id='block_1_119' title="bbox 1709 4587 3292 4661">
    <p class='ocr_par' dir='ltr' id='par_1_119' title="bbox 1709 4587 3292 4661">
     <span class='ocr_line' id='line_1_119' title="bbox 1709 4587 3292 4661; baseline -0.003 -19"><span class='ocrx_word' id='word_1_892' title='bbox 1709 4590 1926 4661; x_wconf 89' lang='grc' dir='ltr'><strong>πρῶτον</strong></span> <span class='ocrx_word' id='word_1_893' title='bbox 1959 4591 2163 4642; x_wconf 78' lang='grc' dir='ltr'><strong>ἐκεῖνον</strong></span> <span class='ocrx_word' id='word_1_894' title='bbox 2183 4587 2464 4659; x_wconf 86' lang='grc' dir='ltr'><strong>κηρύττει,</strong></span> <span class='ocrx_word' id='word_1_895' title='bbox 2496 4589 2588 4641; x_wconf 68' lang='grc' dir='ltr'><strong>καὶ</strong></span> <span class='ocrx_word' id='word_1_896' title='bbox 2611 4589 2732 4641; x_wconf 86' lang='grc' dir='ltr'><strong>τότε</strong></span> <span class='ocrx_word' id='word_1_897' title='bbox 2759 4587 2856 4642; x_wconf 76' lang='grc' dir='ltr'><strong>τὸν.</strong></span> <span class='ocrx_word' id='word_1_898' title='bbox 2879 4588 3027 4647; x_wconf 88' lang='grc' dir='ltr'><strong>Υίὺν,</strong></span> <span class='ocrx_word' id='word_1_899' title='bbox 3051 4587 3144 4640; x_wconf 69' lang='grc' dir='ltr'><strong>καὶ</strong></span> <span class='ocrx_word' id='word_1_900' title='bbox 3167 4587 3292 4656; x_wconf 75' lang='grc' dir='ltr'><strong>μετ’</strong></span> 
     </span>
    </p>
   </div>
   <div class='ocr_carea' id='block_1_120' title="bbox 1707 4663 3288 4743">
    <p class='ocr_par' dir='ltr' id='par_1_120' title="bbox 1707 4663 3288 4743">
     <span class='ocr_line' id='line_1_120' title="bbox 1707 4663 3288 4743; baseline -0.004 -15"><span class='ocrx_word' id='word_1_901' title='bbox 1707 4675 1870 4729; x_wconf 74' lang='grc' dir='ltr'><strong>αὑτὸν</strong></span> <span class='ocrx_word' id='word_1_902' title='bbox 1916 4673 1977 4728; x_wconf 88' lang='lat'><strong>16</strong></span> <span class='ocrx_word' id='word_1_903' title='bbox 2005 4675 2157 4742; x_wconf 75' lang='grc' dir='ltr'><strong>ἅγιον</strong></span> <span class='ocrx_word' id='word_1_904' title='bbox 2201 4672 2458 4743; x_wconf 86' lang='grc' dir='ltr'><strong>Πνεῦμα;</strong></span> <span class='ocrx_word' id='word_1_905' title='bbox 2501 4671 2870 4734; x_wconf 66' lang='grc' dir='ltr'><strong>Άιεταὸάλλεις</strong></span> <span class='ocrx_word' id='word_1_906' title='bbox 2895 4671 2991 4742; x_wconf 76' lang='grc' dir='ltr'><strong>τήν</strong></span> <span class='ocrx_word' id='word_1_907' title='bbox 3035 4669 3207 4735; x_wconf 85' lang='grc' dir='ltr'><strong>τάξιν,</strong></span> <span class='ocrx_word' id='word_1_908' title='bbox 3239 4663 3288 4721; x_wconf 79' lang='grc' dir='ltr'>ὧ</span> 
     </span>
    </p>
   </div>
   <div class='ocr_carea' id='block_1_121' title="bbox 1708 4752 3284 4828">
    <p class='ocr_par' dir='ltr' id='par_1_121' title="bbox 1708 4752 3284 4828">
     <span class='ocr_line' id='line_1_121' title="bbox 1708 4752 3284 4828; baseline -0.006 -16"><span class='ocrx_word' id='word_1_909' title='bbox 1708 4758 1922 4822; x_wconf 86' lang='grc' dir='ltr'><strong>Παῦλε;</strong></span> <span class='ocrx_word' id='word_1_910' title='bbox 1967 4755 2424 4828; x_wconf 75' lang='grc' dir='ltr'><strong>μεταρῤυθμίζεις</strong></span> <span class='ocrx_word' id='word_1_911' title='bbox 2449 4755 2546 4825; x_wconf 77' lang='grc' dir='ltr'><strong>τὴν</strong></span> <span class='ocrx_word' id='word_1_912' title='bbox 2578 4754 2895 4807; x_wconf 82' lang='grc' dir='ltr'><strong>ἀκολουθίαν</strong></span> <span class='ocrx_word' id='word_1_913' title='bbox 2921 4771 2935 4818; x_wconf 77' lang='grc' dir='ltr'><strong>ς</strong></span> <span class='ocrx_word' id='word_1_914' title='bbox 2963 4753 3067 4805; x_wconf 86' lang='grc' dir='ltr'><strong>Τοῦ</strong></span> <span class='ocrx_word' id='word_1_915' title='bbox 3099 4752 3284 4820; x_wconf 81' lang='grc' dir='ltr'><strong>Σωτῆ-</strong></span> 
     </span>
    </p>
   </div>
   <div class='ocr_carea' id='block_1_122' title="bbox 1711 4837 3282 4914">
    <p class='ocr_par' dir='ltr' id='par_1_122' title="bbox 1711 4837 3282 4914">
     <span class='ocr_line' id='line_1_122' title="bbox 1711 4837 3282 4914; baseline -0.004 -18"><span class='ocrx_word' id='word_1_916' title='bbox 1711 4861 1802 4914; x_wconf 88' lang='grc' dir='ltr'><strong>ρος</strong></span> <span class='ocrx_word' id='word_1_917' title='bbox 1829 4841 2290 4912; x_wconf 76' lang='grc' dir='ltr'><strong>παραδεδωκότος,</strong></span> <span class='ocrx_word' id='word_1_918' title='bbox 2331 4841 2432 4893; x_wconf 86' lang='grc' dir='ltr'><strong>Ἐν</strong></span> <span class='ocrx_word' id='word_1_919' title='bbox 2463 4840 2706 4906; x_wconf 85' lang='grc' dir='ltr'><strong>ὀνόματι</strong></span> <span class='ocrx_word' id='word_1_920' title='bbox 2753 4837 2979 4904; x_wconf 84' lang='grc' dir='ltr'><strong>Πατρὸς</strong></span> <span class='ocrx_word' id='word_1_921' title='bbox 3007 4838 3102 4890; x_wconf 71' lang='grc' dir='ltr'><strong>καὶ</strong></span> <span class='ocrx_word' id='word_1_922' title='bbox 3149 4837 3282 4890; x_wconf 78' lang='grc' dir='ltr'><strong>Υἰοῦ</strong></span> 
     </span>
    </p>
   </div>
   <div class='ocr_carea' id='block_1_123' title="bbox 1709 4919 3286 4996">
    <p class='ocr_par' dir='ltr' id='par_1_123' title="bbox 1709 4919 3286 4996">
     <span class='ocr_line' id='line_1_123' title="bbox 1709 4919 3286 4996; baseline -0.004 -16"><span class='ocrx_word' id='word_1_923' title='bbox 1709 4927 1805 4980; x_wconf 77' lang='grc' dir='ltr'><strong>καί</strong></span> <span class='ocrx_word' id='word_1_924' title='bbox 1839 4927 2012 4996; x_wconf 79' lang='grc' dir='ltr'><strong>ἁγίου</strong></span> <span class='ocrx_word' id='word_1_925' title='bbox 2041 4925 2402 4991; x_wconf 80' lang='grc' dir='ltr'><strong>Πνεύματος,</strong></span> <span class='ocrx_word' id='word_1_926' title='bbox 2435 4924 2498 4975; x_wconf 84' lang='grc' dir='ltr'><strong>σὺ</strong></span> <span class='ocrx_word' id='word_1_927' title='bbox 2529 4921 2674 4984; x_wconf 87' lang='grc' dir='ltr'><strong>λύεις</strong></span> <span class='ocrx_word' id='word_1_928' title='bbox 2700 4922 2790 4975; x_wconf 87' lang='lat' dir='ltr'><em>16v</em></span> <span class='ocrx_word' id='word_1_929' title='bbox 2815 4921 3014 4990; x_wconf 73' lang='grc' dir='ltr'><strong>θεσμὸν</strong></span> <span class='ocrx_word' id='word_1_930' title='bbox 3048 4921 3146 4989; x_wconf 80' lang='grc' dir='ltr'><strong>τῆς</strong></span> <span class='ocrx_word' id='word_1_931' title='bbox 3167 4919 3286 4973; x_wconf 89' lang='grc' dir='ltr'><strong>θεο-</strong></span> 
     </span>
    </p>
   </div>
   <div class='ocr_carea' id='block_1_124' title="bbox 1708 5004 3290 5079">
    <p class='ocr_par' dir='ltr' id='par_1_124' title="bbox 1708 5004 3290 5079">
     <span class='ocr_line' id='line_1_124' title="bbox 1708 5004 3290 5079; baseline -0.004 -15"><span class='ocrx_word' id='word_1_932' title='bbox 1708 5012 1894 5079; x_wconf 89' lang='grc' dir='ltr'><strong>λογίας</strong></span> <span class='ocrx_word' id='word_1_933' title='bbox 1917 5029 1933 5076; x_wconf 89' lang='grc'>;</span> <span class='ocrx_word' id='word_1_934' title='bbox 1977 5009 2138 5063; x_wconf 81' lang='grc' dir='ltr'><strong>Ἀλλά</strong></span> <span class='ocrx_word' id='word_1_935' title='bbox 2162 5009 2269 5078; x_wconf 82' lang='grc' dir='ltr'><strong>γὰρ</strong></span> <span class='ocrx_word' id='word_1_936' title='bbox 2302 5008 2375 5079; x_wconf 81' lang='grc' dir='ltr'><strong>μὴ</strong></span> <span class='ocrx_word' id='word_1_937' title='bbox 2409 5009 2616 5076; x_wconf 87' lang='grc' dir='ltr'><strong>γένοιτο</strong></span> <span class='ocrx_word' id='word_1_938' title='bbox 2640 5009 2786 5077; x_wconf 82' lang='grc' dir='ltr'><strong>ήμᾶς</strong></span> <span class='ocrx_word' id='word_1_939' title='bbox 2808 5023 2934 5059; x_wconf 87' lang='grc' dir='ltr'><strong>ποτε</strong></span> <span class='ocrx_word' id='word_1_940' title='bbox 2959 5004 3132 5059; x_wconf 87' lang='grc' dir='ltr'><strong>ταῦτα</strong></span> <span class='ocrx_word' id='word_1_941' title='bbox 3155 5005 3290 5073; x_wconf 77' lang='grc' dir='ltr'><strong>περὶ</strong></span> 
     </span>
    </p>
   </div>
   <div class='ocr_carea' id='block_1_125' title="bbox 1709 5089 3284 5162">
    <p class='ocr_par' dir='ltr' id='par_1_125' title="bbox 1709 5089 3284 5162">
     <span class='ocr_line' id='line_1_125' title="bbox 1709 5089 3284 5162; baseline -0.004 -15"><span class='ocrx_word' id='word_1_942' title='bbox 1709 5094 1922 5148; x_wconf 88' lang='grc' dir='ltr'><strong>Παύλου</strong></span> <span class='ocrx_word' id='word_1_943' title='bbox 1955 5093 2166 5162; x_wconf 82' lang='grc' dir='ltr'><strong>νοῆσαι.</strong></span> <span class='ocrx_word' id='word_1_944' title='bbox 2219 5092 2278 5145; x_wconf 83' lang='grc' dir='ltr'>ὐ</span> <span class='ocrx_word' id='word_1_945' title='bbox 2305 5091 2413 5162; x_wconf 82' lang='grc' dir='ltr'><strong>γάρ</strong></span> <span class='ocrx_word' id='word_1_946' title='bbox 2446 5091 2596 5160; x_wconf 80' lang='grc' dir='ltr'><strong>ἆγιος</strong></span> <span class='ocrx_word' id='word_1_947' title='bbox 2618 5092 2822 5154; x_wconf 75' lang='grc' dir='ltr'><strong>ἐκεῖνος</strong></span> <span class='ocrx_word' id='word_1_948' title='bbox 2851 5089 2944 5143; x_wconf 77' lang='grc' dir='ltr'><strong>καὶ</strong></span> <span class='ocrx_word' id='word_1_949' title='bbox 2973 5089 3284 5158; x_wconf 64' lang='grc' dir='ltr'><strong>θαυμαστὸς</strong></span> 
     </span>
    </p>
   </div>
   <div class='ocr_carea' id='block_1_126' title="bbox 1709 5172 3288 5250">
    <p class='ocr_par' dir='ltr' id='par_1_126' title="bbox 1709 5172 3288 5250">
     <span class='ocr_line' id='line_1_126' title="bbox 1709 5172 3288 5250; baseline -0.004 -17"><span class='ocrx_word' id='word_1_950' title='bbox 1709 5177 1885 5250; x_wconf 82' lang='grc' dir='ltr'><strong>κήρυξ</strong></span> <span class='ocrx_word' id='word_1_951' title='bbox 1935 5173 2072 5229; x_wconf 74' lang='grc' dir='ltr'><strong>εἶδεν</strong></span> <span class='ocrx_word' id='word_1_952' title='bbox 2118 5174 2376 5246; x_wconf 77' lang='grc' dir='ltr'><strong>ἀκριϐῶς,</strong></span> <span class='ocrx_word' id='word_1_953' title='bbox 2424 5176 2504 5228; x_wconf 83' lang='grc' dir='ltr'><strong>ὅτι</strong></span> <span class='ocrx_word' id='word_1_954' title='bbox 2551 5174 2652 5228; x_wconf 73' lang='grc' dir='ltr'><strong>κᾶν</strong></span> <span class='ocrx_word' id='word_1_955' title='bbox 2701 5174 3014 5244; x_wconf 89' lang='grc' dir='ltr'><strong>Πνεύματος</strong></span> <span class='ocrx_word' id='word_1_956' title='bbox 3069 5172 3288 5244; x_wconf 84' lang='grc' dir='ltr'><strong>πρῶτον</strong></span> 
     </span>
    </p>
   </div>
   <div class='ocr_carea' id='block_1_127' title="bbox 1713 5255 3284 5332">
    <p class='ocr_par' dir='ltr' id='par_1_127' title="bbox 1713 5255 3284 5332">
     <span class='ocr_line' id='line_1_127' title="bbox 1713 5255 3284 5332; baseline -0.016 -5"><span class='ocrx_word' id='word_1_957' title='bbox 1713 5260 1947 5332; x_wconf 81' lang='grc' dir='ltr'><strong>μνησθῇ,</strong></span> <span class='ocrx_word' id='word_1_958' title='bbox 1991 5259 2233 5330; x_wconf 76' lang='grc' dir='ltr'><strong>ἄτρωτον</strong></span> <span class='ocrx_word' id='word_1_959' title='bbox 2268 5258 2526 5327; x_wconf 87' lang='grc' dir='ltr'><strong>φυλάττει</strong></span> <span class='ocrx_word' id='word_1_960' title='bbox 2571 5259 2668 5330; x_wconf 79' lang='grc' dir='ltr'><strong>τὴν</strong></span> <span class='ocrx_word' id='word_1_961' title='bbox 2713 5256 3012 5326; x_wconf 86' lang='grc' dir='ltr'><strong>Θεολογίαν,</strong></span> <span class='ocrx_word' id='word_1_962' title='bbox 3051 5256 3144 5310; x_wconf 75' lang='grc' dir='ltr'><strong>καὶ</strong></span> <span class='ocrx_word' id='word_1_963' title='bbox 3186 5255 3284 5326; x_wconf 78' lang='grc' dir='ltr'><strong>οὐχ</strong></span> 
     </span>
    </p>
   </div>
   <div class='ocr_carea' id='block_1_128' title="bbox 1711 5338 3284 5416">
    <p class='ocr_par' dir='ltr' id='par_1_128' title="bbox 1711 5338 3284 5416">
     <span class='ocr_line' id='line_1_128' title="bbox 1711 5338 3284 5416; baseline -0.004 -20"><span class='ocrx_word' id='word_1_964' title='bbox 1711 5344 1918 5416; x_wconf 75' lang='grc' dir='ltr'><strong>ὑϐρίζει</strong></span> <span class='ocrx_word' id='word_1_965' title='bbox 1941 5342 2038 5412; x_wconf 80' lang='grc' dir='ltr'><strong>τὴν</strong></span> <span class='ocrx_word' id='word_1_966' title='bbox 2063 5343 2366 5412; x_wconf 88' lang='grc' dir='ltr'><strong>ἀσύγχυτον</strong></span> <span class='ocrx_word' id='word_1_967' title='bbox 2386 5341 2567 5410; x_wconf 88' lang='grc' dir='ltr'><strong>φύσιν,</strong></span> <span class='ocrx_word' id='word_1_968' title='bbox 2597 5343 2694 5394; x_wconf 78' lang='grc' dir='ltr'><strong>οὐκ</strong></span> <span class='ocrx_word' id='word_1_969' title='bbox 2727 5340 3012 5412; x_wconf 78' lang='grc' dir='ltr'><strong>ἐμμερίζει</strong></span> <span class='ocrx_word' id='word_1_970' title='bbox 3032 5339 3128 5408; x_wconf 78' lang='grc' dir='ltr'><strong>τήν</strong></span> <span class='ocrx_word' id='word_1_971' title='bbox 3149 5338 3284 5407; x_wconf 82' lang='grc' dir='ltr'><strong>ἀμέ-</strong></span> 
     </span>
    </p>
   </div>
   <div class='ocr_carea' id='block_1_129' title="bbox 1711 5420 3284 5500">
    <p class='ocr_par' dir='ltr' id='par_1_129' title="bbox 1711 5420 3284 5500">
     <span class='ocr_line' id='line_1_129' title="bbox 1711 5420 3284 5500; baseline -0.007 -19"><span class='ocrx_word' id='word_1_972' title='bbox 1711 5444 1892 5500; x_wconf 85' lang='grc' dir='ltr'><strong>ριστον</strong></span> <span class='ocrx_word' id='word_1_973' title='bbox 1909 5425 2082 5490; x_wconf 83' lang='grc' dir='ltr'><strong>ἀξίαν.</strong></span> <span class='ocrx_word' id='word_1_974' title='bbox 2108 5424 2246 5477; x_wconf 90' lang='grc' dir='ltr'><strong>Πνεύ</strong></span> <span class='ocrx_word' id='word_1_975' title='bbox 2255 5442 2420 5495; x_wconf 87' lang='grc' dir='ltr'><strong>ματος</strong></span> <span class='ocrx_word' id='word_1_976' title='bbox 2452 5425 2518 5495; x_wconf 85' lang='grc' dir='ltr'><strong>μέ</strong></span> <span class='ocrx_word' id='word_1_977' title='bbox 2529 5442 2728 5494; x_wconf 87' lang='grc' dir='ltr'><strong>μνηται</strong></span> <span class='ocrx_word' id='word_1_978' title='bbox 2746 5425 2982 5495; x_wconf 86' lang='grc' dir='ltr'><strong>πρῶτον,</strong></span> <span class='ocrx_word' id='word_1_979' title='bbox 3004 5423 3093 5474; x_wconf 82' lang='grc' dir='ltr'><strong>ἵνα</strong></span> <span class='ocrx_word' id='word_1_980' title='bbox 3112 5420 3284 5490; x_wconf 60' lang='grc' dir='ltr'><strong>ἅίξῃ,</strong></span> 
     </span>
    </p>
   </div>
   <div class='ocr_carea' id='block_1_130' title="bbox 1707 5503 3286 5578">
    <p class='ocr_par' dir='ltr' id='par_1_130' title="bbox 1707 5503 3286 5578">
     <span class='ocr_line' id='line_1_130' title="bbox 1707 5503 3286 5578; baseline -0.008 -14"><span class='ocrx_word' id='word_1_981' title='bbox 1707 5512 1789 5564; x_wconf 84' lang='grc' dir='ltr'><strong>ὅτι</strong></span> <span class='ocrx_word' id='word_1_982' title='bbox 1830 5513 1891 5563; x_wconf 91' lang='lat'><strong>16</strong></span> <span class='ocrx_word' id='word_1_983' title='bbox 1919 5510 2222 5564; x_wconf 87' lang='grc' dir='ltr'><strong>τελευταῖον</strong></span> <span class='ocrx_word' id='word_1_984' title='bbox 2260 5507 2565 5578; x_wconf 88' lang='grc' dir='ltr'><strong>γράφεσθαι</strong></span> <span class='ocrx_word' id='word_1_985' title='bbox 2607 5507 2670 5560; x_wconf 90' lang='lat'><strong>16</strong></span> <span class='ocrx_word' id='word_1_986' title='bbox 2712 5506 2956 5574; x_wconf 89' lang='grc' dir='ltr'><strong>Πνεῦμα,</strong></span> <span class='ocrx_word' id='word_1_987' title='bbox 2992 5504 3053 5556; x_wconf 85' lang='grc' dir='ltr'><strong>ού</strong></span> <span class='ocrx_word' id='word_1_988' title='bbox 3101 5503 3286 5556; x_wconf 83' lang='grc' dir='ltr'><strong>τελευ-</strong></span> 
     </span>
    </p>
   </div>
   <div class='ocr_carea' id='block_1_131' title="bbox 1709 5585 3283 5660">
    <p class='ocr_par' dir='ltr' id='par_1_131' title="bbox 1709 5585 3283 5660">
     <span class='ocr_line' id='line_1_131' title="bbox 1709 5585 3283 5660; baseline -0.006 -14"><span class='ocrx_word' id='word_1_989' title='bbox 1709 5595 1860 5646; x_wconf 86' lang='grc' dir='ltr'><strong>ταῖον</strong></span> <span class='ocrx_word' id='word_1_990' title='bbox 1903 5592 2035 5646; x_wconf 77' lang='grc' dir='ltr'><strong>αὐτὸ</strong></span> <span class='ocrx_word' id='word_1_991' title='bbox 2068 5593 2212 5642; x_wconf 85' lang='grc' dir='ltr'><strong>ποιεῖ</strong></span> <span class='ocrx_word' id='word_1_992' title='bbox 2250 5591 2341 5643; x_wconf 70' lang='grc' dir='ltr'><strong>καὶ</strong></span> <span class='ocrx_word' id='word_1_993' title='bbox 2383 5590 2627 5660; x_wconf 77' lang='grc' dir='ltr'><strong>ἔσχατον.</strong></span> <span class='ocrx_word' id='word_1_994' title='bbox 2685 5588 2899 5657; x_wconf 81' lang='grc' dir='ltr'><strong>Ἐπειδὴ</strong></span> <span class='ocrx_word' id='word_1_995' title='bbox 2936 5585 3045 5655; x_wconf 79' lang='grc' dir='ltr'><strong>γάρ</strong></span> <span class='ocrx_word' id='word_1_996' title='bbox 3085 5587 3283 5638; x_wconf 84' lang='grc' dir='ltr'><strong>ἐκεῖνοι</strong></span> 
     </span>
    </p>
   </div>
   <div class='ocr_carea' id='block_1_132' title="bbox 1712 5667 3287 5745">
    <p class='ocr_par' dir='ltr' id='par_1_132' title="bbox 1712 5667 3287 5745">
     <span class='ocr_line' id='line_1_132' title="bbox 1712 5667 3287 5745; baseline -0.004 -19"><span class='ocrx_word' id='word_1_997' title='bbox 1712 5672 2189 5745; x_wconf 79' lang='grc' dir='ltr'><strong>παρερμηνεύουσι</strong></span> <span class='ocrx_word' id='word_1_998' title='bbox 2221 5673 2426 5735; x_wconf 89' lang='grc' dir='ltr'><strong>κακῶς,</strong></span> <span class='ocrx_word' id='word_1_999' title='bbox 2449 5674 2510 5725; x_wconf 84' lang='grc' dir='ltr'><strong>ού</strong></span> <span class='ocrx_word' id='word_1_1000' title='bbox 2549 5669 3023 5742; x_wconf 85' lang='grc' dir='ltr'><strong>συναριθμοῦντες,</strong></span> <span class='ocrx_word' id='word_1_1001' title='bbox 3054 5667 3164 5721; x_wconf 76' lang='grc' dir='ltr'><strong>ἀλλ’</strong></span> <span class='ocrx_word' id='word_1_1002' title='bbox 3188 5667 3287 5720; x_wconf 82' lang='grc' dir='ltr'><strong>ὐπ-</strong></span> 
     </span>
    </p>
   </div>
   <div class='ocr_carea' id='block_1_133' title="bbox 1712 5751 3286 5830">
    <p class='ocr_par' dir='ltr' id='par_1_133' title="bbox 1712 5751 3286 5830">
     <span class='ocr_line' id='line_1_133' title="bbox 1712 5751 3286 5830; baseline -0.003 -18"><span class='ocrx_word' id='word_1_1003' title='bbox 1712 5757 2071 5830; x_wconf 80' lang='grc' dir='ltr'><strong>αριθμοῦντες</strong></span> <span class='ocrx_word' id='word_1_1004' title='bbox 2092 5757 2168 5830; x_wconf 81' lang='grc' dir='ltr'><strong>τῷ</strong></span> <span class='ocrx_word' id='word_1_1005' title='bbox 2182 5757 2354 5828; x_wconf 72' lang='grc' dir='ltr'><strong>Πατρὶ</strong></span> <span class='ocrx_word' id='word_1_1006' title='bbox 2365 5758 2454 5811; x_wconf 75' lang='grc' dir='ltr'><strong>τὸν</strong></span> <span class='ocrx_word' id='word_1_1007' title='bbox 2475 5756 2622 5825; x_wconf 73' lang='grc' dir='ltr'><strong>Υἰὸν,</strong></span> <span class='ocrx_word' id='word_1_1008' title='bbox 2642 5753 2830 5825; x_wconf 78' lang='grc' dir='ltr'><strong>καὶτῷ</strong></span> <span class='ocrx_word' id='word_1_1009' title='bbox 2851 5752 2964 5824; x_wconf 82' lang='grc' dir='ltr'><strong>Υἰῷ</strong></span> <span class='ocrx_word' id='word_1_1010' title='bbox 2986 5752 3046 5806; x_wconf 80' lang='lat'><strong>16</strong></span> <span class='ocrx_word' id='word_1_1011' title='bbox 3065 5751 3286 5823; x_wconf 80' lang='grc' dir='ltr'><strong>Πνεῦμα</strong></span> 
     </span>
    </p>
   </div>
  </div>
