3672 6268
19 316 32 373 t
1143 306 1232 362 DE
1269 302 1630 363 SERPENTE
1670 303 1967 360 llOMlLlA.

20 445 61 485 is
88 434 351 491 sanctus,
383 433 680 481 accuratam
734 422 875 477 illam
919 419 1203 475 adoranda:
1243 416 1516 474 Trinitatis

23 523 123 576 iem
152 519 483 590 ignorantes,
509 516 600 570 sed
630 525 805 569 mente
834 528 1082 584 perversa
1114 512 1394 581 theologite
1423 527 1514 581 pu-

19 624 137 666 uem
186 609 511 665 contumelia
555 607 771 661 afﬁcere
818 604 1124 678 conantes),
1166 604 1286 674 jure
1326 604 1521 658 Paulus

25 704 205 755 nimim
238 700 485 755 ordinem
514 700 746 763 invertit,
773 706 828 751 ut
857 698 1093 751 veritatis
1119 698 1222 749 vim
1252 696 1517 763 ostendat,

20 793 382 861 improborum
412 792 718 860 opinionem
750 787 1004 842 confutet.
1035 789 1105 841 At
1131 788 1243 842 scio
1264 829 1278 851 ,
1307 788 1379 839 ait
1408 789 1519 840 Iuc—

20 888 147 947 icus,
179 899 309 938 eum
353 881 469 936 Filii
510 881 723 950 quidem
764 891 817 936 et
864 879 1090 949 Spiritus
1135 881 1301 933 sancti
1352 880 1525 933 obiter

20 979 262 1031 entionem
296 976 501 1039 fecisse,
521 973 613 1027 sed
641 988 759 1026 eum
789 971 853 1024 ad
882 972 1093 1024 Patrem
1126 972 1377 1035 venisset,
1401 970 1526 1023 sub-

19 1072 198 1123 iiorem
220 1068 543 1137 theologiam
558 1065 882 1118 adhibuisse.
906 1065 979 1117 De
998 1063 1194 1132 Spiritu
1212 1064 1351 1117 enim
1370 1063 1522 1126 dixit,

20 1179 80 1215 em
101 1176 216 1215 vero
247 1158 509 1227 Spiritus;
537 1157 603 1211 de
633 1157 786 1220 Filio,
814 1155 959 1209 Idem
983 1171 1095 1209 vero
1127 1154 1373 1208 Dominus
1398 1153 1526 1207 :scd

20 1271 55 1305 at
86 1252 148 1305 ad
179 1252 394 1306 Patrem
424 1252 674 1309 venisset,
704 1250 898 1317 adjecit
924 1268 936 1302 :
968 1249 1064 1313 Qui
1089 1258 1323 1318 operatur
1352 1249 1526 1301 omnia

20 1345 265 1400 omnibus.
296 1342 431 1413 Quid
454 1344 615 1413 ergo?
641 1341 838 1396 illudne
857 1342 1095 1403 verbum,
1116 1342 1324 1409 operari
1348 1341 1527 1395 omnia

24 1437 273 1491 omnibus
298 1477 313 1502 ,
341 1436 707 1494 auctoritatem
740 1433 974 1487 indicat?
1002 1432 1172 1487 Etiam
1195 1473 1211 1498 ,
1243 1432 1427 1502 inquit.
1467 1434 1531 1486 Et

19 1529 425 1599 pereminentem
448 1524 815 1581 excellentiam
841 1524 1126 1593 praadicat?
1150 1524 1310 1587 Sane,
1341 1523 1527 1593 inquit.

36 1634 131 1688 ego
158 1634 373 1688 quoque
404 1626 545 1671 tuam
575 1616 965 1670 confessionem
994 1615 1215 1684 recipio,
1246 1615 1288 1668 si
1318 1616 1368 1667 in
1396 1631 1527 1668 con-

19 1712 234 1767 innibus
283 1724 618 1780 permaneas.
650 1708 938 1762 Videamus
964 1723 1091 1777 ergo
1118 1707 1243 1777 quid
1276 1722 1368 1761 vas
1404 1706 1531 1761 illud

19 1804 240 1865 :ctionis,
269 1802 361 1856 ille
388 1802 599 1872 inquam
628 1816 658 1853 a
688 1800 887 1869 Spiritu
915 1811 1102 1854 sancto
1130 1799 1319 1853 ductus
1344 1842 1358 1864 ,
1390 1800 1529 1854 circa

21 1910 79 1949 ne
115 1895 470 1964 quaestionem
514 1901 780 1962 suggerat.
831 1890 1112 1961 Unicuique
1138 1892 1288 1943 datur
1316 1890 1531 1961 manife-

19 1990 90 2041 ttio
139 1987 372 2054 Spiritus
410 1985 478 2039 ad
513 1986 800 2039 utilitatem.
841 1984 942 2037 Alii
969 1984 1169 2052 quidem
1192 1985 1344 2035 datur
1371 1998 1534 2035 sermo

19 2079 203 2145 pictatiae
222 2076 501 2131 secundum
529 2075 753 2130 eumdem
779 2074 1063 2144 Spiritum;
1088 2073 1180 2126 alii
1199 2091 1359 2126 sermo
1380 2074 1535 2126 scien-

19 2192 35 2229 ε
68 2176 117 2227 in
156 2174 336 2228 eodem
377 2173 574 2243 Spiritu
602 2188 619 2225 :
643 2171 734 2224 alii
774 2171 936 2241 gratia
976 2171 1248 2223 sanitatum
1280 2170 1329 2221 in
1362 2169 1534 2221 eodem

20 2270 182 2330 )iritu;
221 2267 320 2319 alii
360 2266 657 2335 prophetia;
695 2262 787 2316 alii
828 2262 1171 2333 interpretatio
1211 2262 1533 2330 linguarum;

19 2363 41 2413 ii
82 2362 247 2428 fides;
288 2360 377 2411 alii
416 2359 550 2411 dona
581 2357 599 2426 (
630 2358 680 2410 1.
710 2355 827 2411 Cor.
854 2355 939 2409 12.
973 2354 1171 2421 7-10).
1224 2353 1344 2407 licet:
1385 2335 1554 2422 porro~

20 2454 116 2504 mia
139 2468 156 2504 :
182 2451 404 2506 attende
428 2450 727 2520 diligenter,
758 2447 876 2502 vide
903 2447 1148 2501 dictionis
1180 2457 1231 2501 et
1260 2447 1536 2515 potestatis

20 2542 380 2596 insonantiam.
411 2540 508 2607 Qui
540 2540 685 2608 prius
714 2538 948 2603 dixerat,
986 2537 1129 2591 Idem
1158 2548 1325 2589 autem
1364 2536 1499 2589 Deus
1519 2578 1534 2601 ,

20 2635 295 2703 ioperatur
321 2634 490 2686 omnia
515 2632 567 2684 in
594 2631 839 2694 onmibus,
866 2630 953 2683 ubi
983 2628 1048 2683 ad
1081 2628 1337 2699 Spiritum
1370 2627 1533 2690 venit,

20 2727 189 2779 imdem
218 2724 321 2793 ipsi
349 2724 451 2776 vim
485 2723 657 2776 inesse
688 2721 1000 2775 testificatur
1028 2738 1042 2775 :
1078 2719 1201 2773 llwc
1228 2728 1396 2772 autem
1429 2735 1538 2771 om-

19 2834 60 2879 ιι,
91 2817 277 2884 inquit,
306 2825 543 2883 operatur
584 2830 711 2865 unus
751 2821 797 2866 et
840 2812 971 2865 idem
1012 2811 1269 2881 Spiritus,
1310 2808 1537 2863 dividens

19 2909 182 2977 ngulis,
214 2916 365 2975 prout
391 2906 492 2959 vult
522 2902 698 2973 (Ibid.
727 2921 772 2956 υ.
799 2902 909 2973 11).
939 2901 1029 2956 Sic
1058 2917 1163 2954 non
1195 2900 1539 2953 labefactatur

19 2998 353 3051 oriﬁcationis
379 2996 510 3050 ordo
536 2996 826 3063 seriesque,
860 2993 1074 3062 quando
1101 2991 1315 3061 aliquod
1346 3006 1539 3044 nomen

19 3097 227 3141 tsancta
254 3088 538 3147 Trinitate,
573 3094 664 3138 aut
700 3086 950 3152 primum,
982 3094 1069 3138 aut
1109 3082 1420 3144 secundum,
1450 3089 1542 3134 aut

24 3181 166 3232 rtium
206 3179 442 3248 ponitur.
490 3176 621 3231 Illud
650 3177 814 3239 enim,
845 3174 1076 3244 primus,
1110 3172 1397 3235 secundus,
1430 3182 1538 3225 ter-

19 3287 83 3336 us,
115 3287 219 3325 non
250 3270 450 3325 indicat
477 3278 683 3323 natum
721 3266 1071 3321 dilferentiam
1094 3306 1108 3328 ,
1136 3263 1231 3317 sed
1262 3262 1539 3329 theologia:

20 3380 97 3416 am
127 3364 250 3416 nulli
291 3360 592 3418 confusioni
628 3358 935 3413 obnoxiam.
984 3356 1188 3410 Rursus
1230 3353 1367 3407 idem
1412 3367 1541 3421 apo-

19 3457 160 3521 lolus,
194 3464 250 3509 ut
278 3453 523 3508 ostendat
551 3467 609 3506 se
632 3450 903 3504 nominum
934 3447 1121 3502 ordine
1150 3446 1342 3516 ubique
1371 3444 1540 3499 indis-

20 3547 273 3601 'iminatim
303 3547 401 3610 uti,
433 3554 614 3613 utpote
643 3543 730 3612 qui
765 3550 912 3596 recto
938 3540 1123 3594 ordine
1153 3548 1205 3594 et
1232 3546 1386 3595 caute
1411 3538 1544 3591 divi-

19 3654 85 3692 am
111 3640 538 3709 praedicationem
578 3636 782 3699 adiret,
815 3632 1375 3688 Thessalonicensibus
1413 3634 1547 3685 scri-

19 3746 99 3783 ens
122 3732 192 3784 ait
220 3749 233 3785 :
263 3730 387 3802 Ipse
413 3746 526 3784 vero
558 3728 806 3782 Dominus
841 3736 1008 3780 noster
1040 3725 1188 3779 Jesus
1213 3722 1470 3789 Christus,
1499 3733 1545 3776 et

19 3824 105 3873 lt'tts
124 3819 275 3875 Pater
290 3830 459 3873 uoster
480 3818 553 3887 (2.
576 3817 750 3871 Thess.
772 3815 948 3887 2.15).
982 3818 1062 3870 An
1086 3816 1335 3883 primum,
1360 3814 1542 3877 Paule,

20 3912 177 3977 “ilium,
211 3923 501 3983 posteaque
530 3911 739 3964 Patrem
770 3907 1057 3978 praedicas?
1086 3907 1162 3961 Tu
1192 3908 1441 3977 primum,
1463 3910 1544 3960 iu-

23 4006 118 4070 uit,
150 4006 299 4075 quasi
344 4005 531 4058 ordine
569 4012 621 4057 et
655 4002 908 4072 dignitate
948 4000 1217 4069 expromis
1252 4018 1264 4051 :
1295 4015 1393 4069 ego
1423 4015 1545 4053 cum

23 4099 193 4153 rimam
213 4108 264 4154 et
290 4098 583 4153 secundum
606 4096 748 4161 dico,
774 4106 1012 4148 naturam
1042 4092 1411 4147 indivisibilem
1435 4092 1549 4160 opi-

24 4208 98 4254 ur;
130 4191 230 4246 imo
257 4207 388 4245 vero
414 4205 518 4244 non
549 4189 758 4257 opinor,
802 4186 893 4241 sed
938 4196 1247 4241 constanter
1288 4185 1539 4254 praedico.

19 4281 55 4334 ie
93 4283 239 4351 igitur
282 4283 479 4338 divinis
521 4280 746 4351 eloquiis
788 4278 1160 4333 cuntumeliam
1206 4277 1421 4337 inferas,
1451 4290 1549 4330 nec

21 4374 196 4429 alestia
226 4376 475 4446 dogmata
506 4371 865 4428 calumnieris.
899 4370 998 4423 Par
1027 4369 1331 4439 exemplum
1365 4368 1416 4421 in
1446 4366 1551 4423 Ve-

19 4467 74 4517 eri
118 4465 456 4521 Testamento
504 4464 726 4532 reperis.
771 4460 1229 4529 Quemadmodum
1276 4461 1417 4515 enim
1464 4458 1551 4514 hic

20 4556 164 4609 ’aulus
201 4572 230 4611 a
272 4556 475 4625 Spiritu
516 4569 689 4621 orsus,
715 4554 857 4608 venit
886 4553 950 4606 ad
982 4551 1195 4615 Filium,
1243 4560 1297 4605 et
1342 4566 1371 4604 a
1417 4550 1551 4606 Filio

24 4660 155 4699 ursus
182 4648 244 4702 ad
277 4648 489 4702 Patrem
511 4687 525 4713 ,
555 4655 606 4700 et
634 4644 775 4714 quod
817 4647 1087 4698 nominum
1116 4643 1303 4699 ordine
1340 4645 1551 4698 tertium

20 4747 109 4797 rat,
141 4740 364 4807 primum
395 4737 590 4802 effecit,
619 4752 723 4790 non
757 4746 967 4790 mutans
991 4735 1380 4804 prtedicationis
1409 4736 1555 4789 ordi-

19 4844 120 4892 iem,
151 4829 239 4883 sed
268 4828 657 4884 indifferentem
690 4826 968 4897 theologia:
994 4827 1348 4896 cognitionem
1375 4835 1553 4881 osten-

19 4919 110 4972 lens
139 4940 150 4973 :
178 4925 251 4978 sic
288 4922 342 4977 in
371 4923 546 4977 Veteri
590 4922 932 4977 Testamento
957 4919 1194 4974 eamdem
1225 4920 1444 4989 ﬁguram
1475 4920 1555 4972 in-

20 5026 39 5054 πα
59 5012 177 5078 nies,
198 5014 347 5083 quasi
378 5012 428 5065 in
458 5011 705 5081 imagine,
730 5010 1128 5079 praelucentem.
1160 5007 1288 5075 Quis
1311 5018 1552 5062 nostrum

20 5112 200 5167 gaorat,
231 5105 444 5164 fratres,
476 5103 805 5172 Seriptnram
838 5101 1009 5170 primo
1036 5100 1305 5153 Abraham
1333 5113 1551 5167 ponere,

19 5195 211 5249 arcttndo
252 5198 399 5252 Isaac
422 5237 435 5259 ,
481 5196 636 5249 tertio
673 5191 871 5248 Jacob?
902 5191 1055 5254 Nam,
1087 5189 1199 5262 Ego
1226 5189 1364 5244 Deus
1389 5189 1555 5245 Abra-

20 5281 121 5347 iam,
151 5286 284 5342 Deus
326 5285 476 5340 Isaac
497 5328 511 5352 ,
550 5285 689 5339 Deus
724 5284 885 5337 Jacob
924 5281 1116 5351 (Exod.
1145 5282 1200 5339 5.
1228 5282 1320 5351 6).
1349 5282 1414 5335 Ει
1437 5280 1557 5351 jure

19 5372 248 5451 ieriptura
273 5378 444 5447 primo
476 5385 769 5446 parentem,
794 5375 1029 5431 secundo
1052 5374 1234 5435 lilium,
1259 5382 1441 5443 postea
1463 5389 1557 5429 nc-

24 5472 158 5519 :otem
183 5470 423 5522 collocat.
457 5468 648 5522 Verum
676 5467 796 5535 quia
825 5477 1014 5520 natura
1042 5464 1375 5519 indivisibilis
1406 5476 1514 5521 erat
1539 5508 1554 5532 ,

24 5554 114 5609 iret
152 5566 383 5629 tempore
425 5566 481 5613 et
519 5559 660 5613 serie
698 5558 1130 5628 distingueretur,
1161 5571 1265 5611 non
1297 5555 1560 5611 dubitavit

19 5644 130 5703 Deus
164 5652 399 5708 ordinem
443 5660 650 5707 mutare
693 5658 754 5705 ut
797 5648 1187 5705 confessionem
1228 5648 1554 5705 ostenderet.

19 5736 88 5792 ιιι
120 5742 251 5799 enim
291 5744 342 5800 in
378 5743 623 5803 .chitieo
658 5746 865 5819 (locum
908 5746 1047 5804 enim
1090 5742 1287 5810 indico,
1316 5755 1383 5797 ne
1420 5740 1560 5799 dicta

3111 312 3145 369 5
3155 312 3215 369 l'0

1628 419 1998 491 calumnieris)
2030 438 2043 473 :
2078 418 2139 474 Si
2164 436 2278 475 tero
2309 421 2562 492 peccarint
2586 424 2683 493 ﬁlii
2712 422 2891 489 l‘srael’,
2912 425 3110 479 tradam
3132 446 3216 481 eos

1624 516 1676 568 in
1703 525 1897 585 gentem
1922 517 2160 583 alienam,
2185 527 2228 571 et
2252 517 2373 571 illuc
2399 521 2795 589 proﬁciscentur,
2821 531 2868 576 et
2886 523 3097 577 servient
3118 523 3215 577 diis

1625 608 1820 661 alienis.
1840 608 2210 663 Prtenuntians
2235 610 2593 679 captivitatem
2625 612 2998 684 Babyl’ouicam
3024 616 3117 682 ait,
3149 615 3214 668 Et

1625 697 1750 750 illuc
1776 699 2176 767 proﬁciscentur,
2218 710 2263 753 et
2296 702 2507 755 servient
2534 702 2631 755 diis
2655 704 2852 761 alienis.
2909 705 3050 759 Tunc
3093 723 3215 759 con-

1627 789 1865 859 fundetur
1901 806 1989 843 cor
2032 808 2201 844 eorum
2250 792 2673 850 incircumcisum.
2696 795 2759 848 Et
2788 796 2948 863 paulo
2977 808 3115 865 post,
3153 798 3216 850 Et

1627 881 1926 933 recordabar
1954 883 2234 935 testamenti
2257 881 2437 948 Jacob,
2475 894 2521 936 et
2542 886 2821 939 testamenti
2843 885 3021 951 Isaac,
3061 899 3108 942 et
3151 899 3217 940 tes

1626 974 1859 1026 stamenti
1878 972 2134 1027 Abraham
2171 974 2351 1046 (Leuit.
2382 975 2473 1029 26.
2507 976 2722 1047 40-42).

1701 1064 1752 1116 7.
1799 1064 2001 1118 Dictum
2046 1076 2281 1134 repetam
2333 1083 2346 1119 :
2395 1068 2608 1135 plausus
2650 1070 2790 1122 enim
2845 1080 3221 1139 argumentmn

1629 1157 1950 1209 obscuravit.
1980 1155 2118 1221 Illic,
2154 1156 2341 1225 inquit,
2373 1158 2565 1226 pudore
2591 1157 2911 1225 suﬂ'undctur
2937 1176 3023 1212 cor
3048 1178 3217 1213 eorum

1629 1246 2055 1311 incircumcisum,
2109 1258 2151 1300 et
2201 1261 2508 1302 revertentur
2544 1252 2613 1303 ad
2642 1267 2737 1316 me,
2787 1261 2833 1305 et
2881 1254 3069 1305 sanabo
3114 1271 3220 1306 eos»

1632 1336 1875 1390 Nondum
1930 1338 2324 1405 comminatus,
2380 1342 2861 1395 reconciliationem
2914 1345 3218 1413 promittit:

1635 1428 1703 1480 Et
1730 1429 1967 1481 reducant
2014 1447 2095 1482 eos
2125 1430 2176 1483 iu
2204 1440 2386 1482 terram
2418 1444 2619 1503 patrum
2658 1452 2885 1502 suorum,
2914 1446 2957 1488 et
2985 1438 3224 1489 recorda-

1633 1520 1722 1572 bor
1747 1520 2028 1573 testamenti
2052 1518 2233 1578 Iacob.
2264 1530 2311 1573 et
2342 1524 2619 1575 testamenti
2661 1524 2830 1589 Isaac,
2864 1536 2909 1578 et
2941 1528 3229 1581 testamenti

1635 1609 1912 1663 Abraham.
1947 1611 2103 1664 Vides
2130 1614 2397 1681 quomodo
2419 1624 2583 1667 mutet
2605 1614 2848 1669 ordinem
2875 1633 2888 1682 ;
2923 1629 2973 1669 ιιι
3000 1620 3221 1688 :rquali-

1634 1709 1794 1754 tatem
1827 1702 2041 1755 honoris
2069 1704 2357 1756 ostendat?
2392 1704 2572 1773 Neque
2610 1705 2753 1759 enim
2788 1706 3043 1761 Iacobum
3085 1720 3225 1764 tem-

1638 1807 1763 1860 pore
1792 1794 2018 1861 primum
2058 1793 2202 1857 fecit,
2235 1796 2327 1849 sed
2361 1796 2816 1851 indiscriminatim
2847 1801 3092 1869 loquutus
3118 1813 3220 1870 est,

1637 1893 1690 1936 ut
1723 1887 2000 1953 paritatem
2035 1886 2252 1941 honoris
2274 1888 2598 1941 ostenderet.
2629 1889 2820 1944 Verum
2845 1894 2978 1959 apud
3002 1896 3225 1964 patriar-

1635 1977 1762 2029 chas
1803 1987 2009 2047 tempus
2055 1978 2332 2047 distinguit
2378 1976 2603 2032 fructum
2645 1995 2672 2032 a
2724 1981 2933 2048 radice;
2981 1985 3225 2040 mortalis

1636 2071 1829 2139 quippe
1875 2082 2059 2125 natura
2099 2081 2180 2126 est
2218 2082 2271 2127 et
2317 2082 2589 2141 parentum
2632 2085 2683 2129 et
2716 2086 2955 2130 natorum
2990 2091 3224 2132 :sanctae

1578 2162 1599 2173 ‘
1638 2179 1764 2216 vero
1783 2165 2093 2220 immortalis
2112 2175 2163 2218 et
2183 2166 2467 2221 adoratum
2485 2167 2757 2222 Trinitatis
2784 2181 3024 2223 naturam
3048 2186 3227 2226 sermo

1639 2273 1742 2311 non
1776 2258 1981 2324 dividit,
2027 2274 2131 2312 non
2165 2260 2436 2331 distinguit
2481 2270 2707 2329 tempus,
2753 2280 2855 2316 non
2900 2264 3090 2317 sucula
3135 2280 3224 2319 se-

1640 2360 1825 2419 pal‘alll
1853 2368 1866 2403 :
1896 2351 2026 2405 nihil
2048 2353 2188 2405 enim
2218 2353 2497 2408 intercedit
2521 2355 2658 2407 inter
2684 2355 2916 2417 Patrem,
2938 2366 2989 2411 et
3011 2356 3224 2422 Filium,

1640 2453 1691 2495 ct
1713 2442 1964 2511 Spiritum
1997 2452 2259 2497 sanctum.
2291 2445 2545 2498 Conditor
2569 2447 2881 2499 sa'culorum
2911 2457 2992 2500 est
3031 2447 3229 2518 Uuige-

1641 2535 1801 2587 nitus.
1837 2537 1973 2589 Audi
2019 2535 2253 2591 divinum
2286 2538 2433 2591 illum
2472 2553 2646 2607 gener.-
2670 2555 2891 2610 stnuque
2925 2557 3227 2610 prmcouem

1640 2626 1707 2680 de
1737 2628 1895 2681 Patre
1922 2628 1998 2681 sic
2026 2629 2327 2697 loquentem
2363 2646 2374 2680 :
2410 2630 2745 2701 Multifurimn
2771 2635 3037 2703 multisque
3064 2636 3226 2689 modis

1641 2717 1760 2769 olim
1806 2716 1942 2770 Deus
1973 2720 2205 2787 loquutus
2248 2719 2472 2788 patribus
2517 2721 2569 2771 in
2614 2721 2909 2789 pmphetis,
2963 2726 3229 2779 novissime

1641 2806 1812 2860 diebus
1837 2809 1944 2860 istis
1971 2807 2206 2877 loquutus
2245 2820 2313 2861 est
2349 2811 2488 2862 nobis
2515 2812 2564 2863 iu
2597 2810 2752 2875 Filio,
2792 2829 2935 2882 quem
2977 2818 3230 2869 constituit

1641 2898 1875 2951 heredem
1904 2904 2265 2965 universorum,
2302 2918 2391 2969 per
2415 2920 2558 2973 quem
2597 2904 2712 2972 fecit
2753 2916 2801 2959 et
2828 2909 3012 2960 siccata
3044 2908 3115 2980 (11
3124 2911 3227 2966 cbr.

1643 2991 1696 3043 1.
1730 2991 1781 3044 1.
1811 2990 1889 3060 2).
1917 2990 2057 3045 Nihil
2088 3007 2214 3061 ergo
2246 2992 2384 3046 inter
2418 2994 2625 3047 Patrem
2661 3005 2713 3048 et
2754 2995 2939 3051 Filium
2982 3010 3032 3052 et
3061 2999 3230 3070 Spiri-

1646 3090 1753 3135 tum
1781 3092 2056 3147 sanctum;
2106 3085 2307 3137 nttllum
2340 3094 2546 3154 tempus
2589 3095 2679 3140 aut
2723 3089 3054 3144 intervallum
3094 3101 3230 3146 tem-

1645 3175 1809 3244 poris.
1844 3176 1981 3229 Ante
2024 3176 2216 3230 saecula
2261 3176 2441 3242 Pater,
2474 3186 2597 3231 ante
2644 3181 2835 3233 sarcula
2885 3180 3077 3246 Filius;
3121 3187 3231 3251 ipse

1646 3269 1787 3322 enim
1837 3269 2028 3322 saecula
2079 3267 2239 3335 fecit;
2294 3278 2417 3323 ante
2468 3272 2659 3323 swcula
2710 3272 2938 3341 Spiritus
2990 3286 3229 3333 sanctus.

1645 3360 1913 3430 Nusquam
1966 3361 2224 3415 scinditur
2266 3370 2473 3421 natura,
2526 3378 2784 3432 nusquam
2834 3378 3108 3434 separatur
3136 3383 3231 3436 po-

1648 3463 1830 3507 testas.
1864 3451 2239 3506 Animadverte
2265 3452 2569 3521 diligenter.
2604 3452 2810 3523 Reguat
2844 3456 3018 3519 Pater,
3047 3469 3230 3527 regnat

1647 3543 1834 3608 Filius,
1859 3550 2045 3612 regnat
2065 3542 2294 3611 Spiritus
2317 3553 2549 3597 sanctus.
2575 3544 2697 3599 Scio
2720 3562 2804 3599 me
2826 3547 2932 3615 jam
2963 3550 3058 3602 bac
3082 3565 3232 3604 usum

1632 3649 1768 3698 esse
1795 3633 2284 3699 demonstratione;
2316 3650 2500 3687 verum
2534 3634 2719 3690 eadem
2754 3636 2863 3705 ipsa
2892 3637 3070 3695 dicere
3104 3640 3235 3694 Mihi

1648 3725 1845 3795 quidem
1866 3721 2131 3780 onerosum
2150 3742 2248 3778 non
2268 3734 2359 3790 est,
2389 3726 2523 3778 vobis
2548 3736 2715 3779 autem
2744 3728 3142 3799 tutum(PhiIip.
3179 3733 3232 3787 5.

1650 3818 1724 3886 1).
1758 3816 1959 3885 Regna!
1993 3817 2166 3880 Pater,
2199 3816 2487 3870 secundum
2514 3816 2661 3880 illud,
2700 3817 2829 3871 Deus
2859 3836 2947 3873 rex
2990 3834 3155 3874 noster
3184 3824 3236 3875 in

1649 3909 1886 3963 sa'culum
1921 3908 2091 3979 (Psal.
2128 3910 2213 3962 75.
2252 3909 2359 3975 19.).
2418 3909 2619 3977 [legunt
2662 3908 2823 3962 Filius
2855 3928 2866 3961 :
2899 3927 3040 3973 nam,
3083 3912 3238 3966 Dabit

1650 4001 1727 4053 illi
1754 4000 1997 4051 Dominus
2026 3999 2206 4052 solium
2239 3997 2402 4050 David
2424 4000 2580 4067 patris
2600 4001 2728 4068 ejus,
2758 4010 2802 4051 et
2828 4004 3054 4069 regnabit
3085 4020 3236 4071 super

1654 4090 1857 4143 domum
1884 4088 2112 4142 Jacobiu
2136 4098 2375 4140 wturnum
2412 4087 2559 4157 (Luc.
2596 4091 2641 4141 l.
2681 4087 2793 4159 5‘2).
2843 4091 3042 4161 lleguat
3072 4092 3240 4162 Spiri-

1655 4191 1739 4234 tus
1767 4188 2019 4233 sanctus:
2051 4178 2208 4232 Isaias
2254 4178 2395 4233 enim
2440 4179 2597 4243 dixit,
2648 4178 2711 4231 Et
2753 4197 2916 4250 regem
2966 4182 3236 4239 Dominum

1656 4270 1882 4325 Sabaoth
1921 4271 2023 4323 vidi
2064 4269 2222 4323 oculis
2270 4270 2389 4324 meis
2429 4272 2674 4324 sedentem
2706 4274 2756 4325 in
2792 4274 2918 4327 solio
2961 4279 3154 4332 excelso
3192 4293 3244 4336 et

1655 4361 1865 4414 elevato.
1900 4360 1964 4414 Et
1993 4361 2120 4414 dixit
2150 4362 2218 4413 ad
2244 4377 2321 4413 me
2352 4376 2370 4414 :
2414 4360 2548 4414 Vade
2573 4374 2617 4415 et
2642 4364 2723 4415 dic
2758 4365 2944 4435 papula
2972 4367 3106 4433 huic,
3134 4372 3239 4424 Au-

1656 4451 1765 4505 dilu
1793 4451 2027 4516 audietis,
2057 4463 2102 4504 et
2132 4468 2229 4504 non
2258 4451 2565 4522 intelligetis,
2587 4463 2632 4505 et
2654 4456 2873 4509 videntes
2898 4458 3145 4523 videbitis,
3189 4471 3238 4518 ετ

1656 4561 1758 4599 non
1795 4543 2120 4615 perspiciatis,
2164 4551 2267 4598 etc.
2317 4542 2468 4614 (Isai.
2498 4543 2551 4598 6.
2583 4544 2630 4597 1.
2664 4545 2754 4615 9);
2793 4550 3075 4617 Apostolus
3114 4567 3241 4606 vero

1657 4638 1724 4692 de
1753 4637 1955 4707 Spiritu
1978 4644 2162 4692 s‘ancto
2191 4636 2463 4705 propheta:
2503 4636 2819 4708 theologiam
2863 4645 3111 4710 explicat.
3147 4645 3239 4701 Illo

1658 4728 1888 4794 dicente,
1923 4725 2038 4781 Vidi
2061 4743 2225 4796 regem
2265 4725 2540 4779 Dominum
2577 4727 2823 4795 Sabaoth,
2856 4740 2902 4783 et
2938 4733 3063 4785 dixit
3092 4735 3239 4802 mihi,

1667 4819 1828 4884 Vade,
1854 4829 1899 4873 et
1930 4818 2012 4871 dic
2032 4815 2221 4887 papula
2247 4817 2381 4883 huic,
2407 4817 2603 4872 Paulus
2635 4833 2727 4887 per
2750 4836 2928 4889 regem
2957 4823 3236 4879 Dominum

1659 4910 1889 4967 Sabaoth
1906 4909 2159 4978 Spiritum
2186 4916 2428 4962 sanetum
2455 4909 2740 4979 accipiens,
2760 4925 2880 4966 cum
2906 4913 3086 4967 Romae
3105 4930 3241 4969 con-

1663 5015 1741 5058 tra
1759 5001 1972 5058 Judteos
1996 5001 2310 5071 disputaret,
2338 5000 2431 5068 ait,
2466 4999 2601 5056 Bene
2630 5001 2856 5066 Spiritus
2882 5018 3085 5061 sanctus
3112 5010 3243 5063 dixit

1661 5094 1729 5148 ad
1755 5102 1920 5164 patres
1964 5102 2161 5146 nostros
2191 5108 2281 5160 per
2315 5090 2508 5146 Isaiam
2555 5096 2853 5165 praphetam
2889 5112 2908 5150 :
2943 5097 3113 5165 Vade,
3163 5102 3245 5155 dic

1663 5184 1850 5258 papula
1872 5185 1987 5238 huic
2006 5225 2021 5250 ,
2068 5183 2260 5238 Auditu
2292 5185 2526 5249 audietis,
2568 5196 2613 5240 et
2662 5204 2762 5241 non
2793 5189 3078 5259 intelligetis
3107 5190 3242 5263 (Act.

1661 5280 1751 5335 28.
1782 5279 1896 5352 25),
1917 5290 2021 5334 etc.
2055 5275 2218 5332 Isaias
2247 5277 2397 5341 dixit,
2428 5277 2612 5350 Regem
2646 5279 2873 5335 Salaoth
2902 5284 3001 5336 vidi
3039 5294 3083 5340 et
3115 5284 3244 5339 dixit

1664 5370 1808 5437 mihi,
1845 5368 1938 5423 Dic
1968 5369 2156 5440 populo
2195 5369 2354 5434 huic;
2388 5369 2683 5441 Paulusque
2716 5372 2988 5428 disserens
3024 5375 3244 5444 Spiritui

1665 5471 1851 5516 sancto
1897 5460 2035 5515 hanc
2067 5460 2435 5514 auctoritatem
2480 5461 2780 5530 adscripsit.
2832 5464 2969 5532 Ergo
3017 5463 3242 5532 Spiritus

1666 5562 1883 5607 sanctus
1908 5567 2002 5606 rex
2029 5560 2113 5606 est
2131 5558 2184 5604 et
2211 5550 2467 5605 Dominus
2492 5550 2750 5620 Sabaoth,
2774 5554 2862 5621 qui
2889 5555 3024 5608 dixit
3048 5555 3193 5610 Isaia:
3226 5576 3241 5613 :

1677 5643 1835 5709 Vade,
1862 5651 1908 5698 et
1931 5642 2014 5696 dic
2036 5643 2226 5712 populo
2250 5641 2389 5709 huic,
2418 5640 2610 5695 Audita
2634 5643 2869 5710 audietis,
2903 5654 2947 5699 et
2970 5662 3067 5700 non
3091 5646 3243 5701 intel-

1670 5737 1853 5809 ligetis,
1886 5745 1930 5791 ct
1958 5736 2174 5792 videntes
2204 5736 2449 5806 uidebitis,
2477 5747 2638 5794 etnon
2667 5740 2992 5810 pCl'SjIlClt'llS,
3027 5748 3128 5797 etc.
3153 5739 3241 5811 Et,
