3672 6268
481 256 576 314 511

479 379 662 434 Audiui
687 395 851 433 vocem
880 378 1082 433 Domini
1109 379 1338 447 dicentis,
1375 378 1532 443 Vade,
1574 379 1653 432 dic
1680 377 1866 449 populo
1898 377 2054 444 huic;

482 469 732 525 Dominus
757 470 933 538 Pater,
958 472 1212 526 Dominus
1241 471 1443 536 Filius;
1474 487 1594 526 nam
1627 469 1768 526 Dixit
1811 469 2056 524 Dominus

477 561 696 615 Domino
724 580 852 627 meo,
890 564 1023 618 Sede
1048 580 1080 616 a
1106 564 1295 618 dextris
1325 565 1445 617 meis
1481 563 1649 636 (Psal.
1690 562 1810 619 109.
1842 562 1918 631 1).
1951 563 2056 618 Do-

477 655 651 708 minus
690 654 916 724 Spiritus
945 666 1160 712 sanctus
1199 675 1210 710 :
1249 673 1368 713 nam
1405 656 1645 711 Dominus
1685 657 1910 727 Spiritus
1938 667 2010 712 est
2033 673 2052 712 :

473 746 554 796 ubi
582 761 694 798 vero
723 746 946 815 Spiritus
984 747 1208 814 Domini,
1240 748 1308 800 ibi
1344 748 1543 801 libertas
1583 748 1658 819 (Ξ.
1695 747 1810 802 Cor.
1839 750 1890 803 3.
1935 749 2047 820 17).

473 835 546 889 Ne
567 835 690 906 quis
717 852 842 890 vero
870 847 1014 907 putet
1043 839 1213 907 majus
1240 855 1356 896 esse
1378 841 1604 908 primum
1639 856 1855 906 nomen,
1888 841 2046 906 Deus,

469 927 760 980 secundum
793 945 938 994 vero,
975 929 1249 984 Dominus.
1285 931 1414 984 Nam
1446 931 1496 984 in
1544 941 1728 986 natura
1765 933 2047 989 immortali

469 1033 516 1075 et
553 1021 806 1076 Dominus
833 1032 886 1076 et
921 1023 1079 1090 Deus,
1123 1023 1244 1078 licet
1272 1024 1467 1077 dictum
1501 1025 1625 1079 illud
1666 1042 1771 1080 non
1801 1027 2044 1081 eamdem

469 1115 572 1165 vim
619 1113 845 1178 habent,
901 1113 1142 1169 eamdem
1191 1124 1366 1170 tamen
1411 1117 1720 1185 dignitatem
1768 1120 2041 1188 praedicat.

465 1202 598 1269 Quid
628 1204 812 1258 enim?
849 1205 904 1259 Si
946 1221 1160 1273 nomen,
1207 1208 1362 1266 Deus,
1409 1209 1634 1276 primum
1674 1218 1834 1272 esset,
1867 1210 1910 1263 si
1953 1226 2040 1265 se-

463 1286 714 1354 cundum.
749 1297 1018 1357 Dominus.
1041 1314 1168 1352 sane
1187 1299 1390 1370 Moyses
1408 1315 1510 1353 non
1530 1301 1764 1355 secundo
1791 1311 1846 1355 ut
1871 1303 2041 1370 primo

463 1401 587 1440 usus
617 1398 755 1441 esset
783 1390 987 1455 dicens,
1017 1389 1262 1465 Dominus
1305 1390 1438 1443 Deus
1475 1401 1609 1454 tuus,
1638 1391 1885 1447 Dominus
1910 1411 2040 1448 unus

461 1488 532 1531 est
555 1477 728 1548 (Deut.
759 1480 809 1530 6.
841 1478 894 1549 4)
917 1497 928 1542 ;
955 1481 1274 1548 oportuisset
1306 1483 1468 1543 enim,
1515 1484 1556 1535 si
1589 1483 1654 1535 de
1680 1485 1852 1552 primo
1883 1500 2036 1539 men-

460 1570 656 1622 tionem
689 1571 862 1624 facere
911 1572 1181 1633 voluisset,
1236 1573 1465 1640 primum
1510 1574 1689 1629 dicere
1745 1574 1841 1638 sic,
1895 1576 2036 1630 Deus

458 1668 576 1711 tuus
604 1659 859 1715 Dominus
896 1676 1028 1713 unus
1057 1671 1137 1715 est
1165 1679 1177 1715 :
1208 1663 1298 1716 sed
1330 1673 1383 1716 ut
1422 1664 1728 1719 ostenderet
1759 1667 2032 1722 nominum

456 1750 885 1818 iudiﬁ‘erenliam,
929 1751 1181 1807 Dominus
1223 1755 1392 1822 prium
1438 1756 1592 1822 dixit,
1645 1767 1824 1826 postea
1879 1758 2032 1817 Deus.

453 1840 556 1895 Sed
586 1843 650 1895 ad
681 1844 1006 1912 propositum
1035 1848 1336 1912 redeamus.
1359 1846 1607 1901 Dominus
1633 1859 1794 1903 autem
1819 1860 1888 1903 est
1912 1851 2034 1921 Spi-

450 1934 591 1986 ritus.
629 1934 881 1988 Dominus
906 1953 1032 2004 ergo
1055 1937 1230 2001 Pater,
1267 1938 1520 1992 Dominus
1561 1940 1744 2002 Filius,
1781 1943 2032 1999 Dominus

450 2025 680 2094 Spiritus
701 2016 936 2082 sanctus.
971 2029 1164 2083 Verum
1196 2032 1386 2086 Paulus
1416 2034 1562 2096 dicit,
1593 2034 1736 2089 Unus
1762 2037 2026 2094 Dominus.

449 2117 502 2168 Si
535 2133 667 2172 unus
716 2119 993 2186 Dominus,
1025 2122 1294 2190 quomodo
1339 2125 1590 2179 Dominus
1641 2135 1695 2181 et
1737 2129 2030 2184 Dominus?

417 2233 420 2235 ν
450 2208 707 2264 Videlicet
731 2228 830 2264 una
855 2211 1162 2267 dominatio.
1188 2215 1386 2270 Eadem
1409 2217 1612 2272 ratione
1631 2228 1681 2272 et
1701 2236 1834 2273 unus
1866 2222 2026 2289 Deus,

447 2301 518 2353 ait
543 2301 735 2355 Paulus
769 2321 780 2354 :
816 2302 976 2356 Nobis
1005 2315 1171 2358 autem
1196 2322 1324 2358 unus
1350 2305 1488 2360 Deus
1512 2307 1685 2373 Pater,
1715 2327 1777 2364 ea:
1799 2329 1897 2381 quo
1920 2329 2030 2365 om-

446 2392 551 2456 nia,
581 2402 624 2444 et
663 2410 792 2446 unus
838 2393 1080 2449 Dominus
1115 2395 1265 2450 Jesus
1293 2396 1540 2464 Christus,
1571 2417 1659 2469 per
1680 2418 1826 2471 quem
1859 2406 2026 2458 omnia

448 2482 496 2548 (l
557 2481 676 2536 Cor.
717 2483 769 2536 8.
817 2484 895 2554 6).
942 2485 1101 2555 Ergo,
1153 2488 1227 2540 ait
1274 2487 1574 2556 haereticus,
1618 2491 1825 2546 Patrem
1859 2495 2024 2550 Deum
2065 2532 2076 2542 ρ

443 2571 594 2635 dixit,
624 2573 810 2626 Filium
845 2591 970 2629 vero
998 2577 1299 2645 Dominum.
1337 2579 1622 2635 Videamus
1651 2599 1800 2654 ergo,
1839 2586 2024 2641 videa-

444 2679 580 2724 mus,
610 2663 816 2723 fratres,
851 2667 1145 2732 videmnus,
1169 2683 1370 2738 qumso,
1411 2686 1536 2724 num
1571 2673 1716 2740 illud,
1749 2675 2020 2744 Dominus,

442 2754 733 2808 secundum
755 2757 822 2808 sit
849 2772 1041 2811 nomen
1072 2757 1265 2812 divina:
1289 2760 1580 2831 dignitatis,
1610 2775 1663 2818 et
1691 2781 1866 2821 annon
1898 2784 2024 2825 vero

442 2843 672 2911 primum
713 2847 918 2916 ipsique
965 2864 1286 2918 congruens,
1327 2857 1487 2923 atque
1529 2855 1819 2928 Scriptura:
1855 2876 2022 2917 sacrm

439 2936 746 2992 testimonio
775 2937 983 2993 fultum.
1013 2941 1244 2998 Necesse
1269 2944 1410 2998 enim
1437 2954 1518 3000 est
1558 2958 1613 3002 ut
1642 2957 1696 3004 et
1721 2966 1818 3004 nos
1859 2967 2020 3007 accu-

440 3038 552 3082 rate
581 3028 878 3098 loquamur.
929 3040 982 3086 et
1026 3047 1121 3088 vos
1163 3033 1403 3091 studiose
1443 3038 1689 3106 audiatis,
1736 3041 1919 3114 illique
1953 3060 2019 3101 ex

438 3119 658 3172 veritate
677 3119 1033 3176 instituantur.
1057 3123 1186 3191 Quis
1212 3140 1340 3195 ergo
1369 3127 1524 3182 nobis
1552 3145 1729 3185 sermo
1763 3135 2020 3191 testifica-

437 3207 598 3273 hitur,
632 3209 780 3274 illud,
816 3211 1096 3280 Dominus,
1121 3231 1313 3270 nomen
1340 3232 1459 3272 esse
1482 3221 1707 3288 primum
1735 3234 1790 3279 et
1811 3229 2019 3297 magni-

435 3300 792 3356 licentissimm
821 3305 1004 3372 gloria:
1047 3308 1341 3377 proprium.
1389 3311 1527 3364 Audi
1561 3315 1872 3382 prophetam
1911 3319 2016 3374 Da-

436 3393 606 3447 videm
658 3413 671 3450 :
718 3394 1108 3467 Confundantur
1148 3409 1193 3452 et
1245 3402 1603 3457 contut'bentur
1667 3407 1718 3460 in
1777 3408 2018 3465 arculum

433 3485 604 3538 δίει-ηιξ
618 3501 635 3548 ;
650 3496 697 3537 et
717 3497 1054 3553 rerereantur,
1071 3499 1116 3542 et
1132 3499 1354 3558 pereant.
1381 3491 1444 3545 Et
1466 3507 1787 3562 cognoscant,
1801 3501 1919 3570 quia
1933 3518 2017 3555 no-

434 3591 544 3628 men
563 3578 650 3628 tibi
678 3574 926 3632 Dominus
953 3577 1122 3650 (Psal.
1145 3580 1234 3636 82.
1260 3582 1344 3638 18.
1368 3584 1478 3652 19).
1508 3584 1655 3640 Solet
1679 3588 2015 3648 adversarius

432 3666 612 3722 dicere
641 3667 708 3722 de
741 3669 1024 3726 Servatore
1057 3672 1230 3728 Verbo
1255 3693 1267 3729 :
1294 3675 1494 3731 Nomen
1514 3677 1710 3734 Christi
1735 3681 2010 3752 Dominus,

431 3775 623 3814 nomen
652 3761 825 3817 Patris
849 3765 1008 3818 Deus.
1037 3765 1241 3820 Rursus
1275 3769 1636 3827 deﬁnitionem
1663 3790 1868 3843 eorum,
1893 3793 2012 3848 qua:

429 3855 696 3922 proposita
723 3866 866 3922 sunt,
901 3860 1127 3924 postulo.
1151 3860 1528 3918 llmrcticorum
1553 3869 1727 3923 verbis
1748 3870 2011 3928 inhaeres?

428 3960 776 4012 permanesne
807 3947 859 4001 in
889 3949 1280 4007 conditiOnibus
1331 3957 1654 4024 propositiS'?
1696 3959 2008 4020 Inconstan-

426 4033 550 4088 tiam
563 4036 704 4090 enim
725 4045 865 4092 tuam
888 4051 1086 4095 metuo.
1102 4042 1324 4107 Quando
1339 4046 1636 4103 confutatus
1653 4066 1712 4106 cs
1725 4069 1790 4106 ex
1816 4054 1912 4110 hac
1924 4057 2010 4112 de-

423 4137 715 4182 monstrata
751 4131 992 4196 veritate,
1016 4133 1081 4186 ad
1110 4134 1250 4189 aliud
1279 4150 1634 4195 connnentmn
1657 4144 1896 4216 confugis
1919 4191 1932 4212 ,
1961 4151 2005 4205 si

424 4218 530 4273 illic
545 4222 895 4286 convincaris,
911 4223 1146 4279 decliuas
1162 4227 1226 4281 ad
1243 4228 1382 4282 aliud
1410 4232 1763 4300 improbitatis
1779 4239 2007 4294 elemen.

425 4319 557 4373 tum,
595 4325 714 4365 cum
752 4323 1024 4382 oporteret
1058 4318 1424 4386 splendentem
1449 4325 2006 4386 etilluminantemve-

422 4401 629 4455 ritatem
663 4418 767 4457 non
799 4405 1062 4474 effugere:
1083 4426 1186 4464 non
1218 4411 1358 4482 fugat
1383 4414 1526 4469 enim
1561 4433 1680 4471 cum
1727 4421 1956 4478 illustrat
1985 4441 1999 4478 :

419 4505 626 4558 verum,
654 4492 806 4564 Fugit
837 4496 1018 4566 impius
1037 4500 1230 4552 nemine
1254 4516 1573 4574 persequente
1597 4506 1774 4578 (Prov.
1808 4510 1896 4567 28.
1920 4512 1997 4583 1).

489 4583 540 4637 8.
566 4583 815 4639 Divinitas
846 4586 1041 4642 Christo
1069 4590 1372 4649 vindicatur.
1401 4593 1850 4655 Pneumatomachi
1879 4609 2000 4659 red-

416 4685 719 4747 arguuntur.
745 4708 815 4718 -—
838 4678 946 4734 Nos
976 4688 1150 4736 autem
1173 4683 1239 4737 ad
1267 4689 1595 4756 propositum
1645 4704 1996 4752 revertamur.

415 4765 750 4840 Cognoscant,
792 4772 910 4840 quia
939 4789 1119 4827 nomen
1143 4777 1230 4828 tibi
1260 4775 1525 4834 Dominus.
1556 4781 1614 4836 Si
1641 4782 1852 4840 Patrem
1881 4802 1996 4842 mc-

415 4873 606 4929 moret,
630 4865 775 4919 disce
806 4881 996 4921 nomen
1039 4868 1212 4924 Patris
1237 4886 1355 4926 esse
1380 4873 1530 4942 illud,
1567 4874 1832 4932 Dominus.
1858 4880 1923 4934 Et
1949 4881 1995 4935 si

413 4955 584 5014 Patris
607 4972 801 5011 nomen
833 4967 914 5012 est
936 4961 1208 5027 Dominus,
1239 4964 1311 5017 ait
1335 4965 1546 5030 Paulus,
1575 4966 1718 5024 Unus
1744 4969 1994 5028 Dominus

410 5044 560 5098 Iesus
601 5045 849 5101 Christus.
890 5050 994 5105 Sed
1023 5051 1281 5109 Dominus
1311 5056 1487 5125 Pater,
1524 5059 1777 5116 Dominus
1806 5064 1990 5120 Filius.

416 5136 553 5207 Ergo
576 5147 632 5192 ut
660 5154 881 5194 consors
904 5152 986 5196 est
1011 5146 1262 5211 nominis,
1281 5163 1504 5204 consors
1523 5160 1675 5206 estet
1699 5153 1988 5223 dignitatis.

418 5228 606 5283 Verum
635 5229 851 5284 Judmus
880 5233 1060 5288 abnuit
1101 5238 1362 5305 conﬁteri,
1414 5242 1464 5295 id
1511 5243 1577 5298 de
1607 5245 1763 5301 Patre
1792 5247 1988 5305 dictum

407 5319 604 5385 fuisse,
653 5329 712 5374 ut
750 5319 913 5386 illud,
947 5322 1234 5393 Dominus,
1283 5330 1417 5384 Filio
1460 5332 1788 5402 adscribens,
1837 5338 1982 5404 illud,

411 5412 578 5475 Deus,
619 5411 760 5466 Patri
790 5422 1010 5468 servet:
1035 5415 1398 5475 deﬁnitionem
1438 5425 1627 5492 probo,
1657 5428 1987 5486 conditiones

402 5502 626 5573 accipio.
655 5501 768 5556 Non
800 5503 1066 5576 distinguo
1098 5511 1368 5568 nominum
1397 5513 1684 5571 adoranda:
1710 5517 1985 5579 Trinitatis

402 5591 734 5667 dignitatem,
767 5604 826 5650 ut
855 5611 999 5668 saepe
1029 5599 1158 5666 dixi,
1198 5603 1320 5673 quia
1351 5605 1592 5663 Ecclesia
1621 5607 1983 5668 indistinctam

403 5683 564 5741 habet
590 5684 810 5754 gloriam
839 5705 854 5745 :
884 5691 978 5748 sed
1018 5691 1085 5750 ad
1115 5696 1385 5754 miseriam
1418 5707 1560 5758 tuam
1604 5719 1690 5760 me
1719 5704 1942 5762 demitto
1961 5747 1979 5776 ,

1900 256 2266 314 SEVENANI
3610 290 3646 346 si

2164 390 2228 432 ac
2248 377 2390 447 dico,
2424 379 2586 436 Detur
2611 381 2732 447 hoc,
2758 383 3092 456 Cognoscant,
3117 393 3231 458 quia
3254 409 3441 447 nomen
3463 395 3539 449 tibi
3563 399 3646 456 Dom

2164 484 2296 534 nus;
2324 471 2451 540 quid
2491 472 2650 542 igitur
2679 474 2772 556 ﬁat
2797 475 2865 531 de
2894 478 2982 532 illo
3009 481 3170 536 verbo
3196 485 3337 552 quod
3371 488 3605 556 sequitur.
3631 493 3646 548 1

2158 560 2296 614 solus
2325 562 2612 618 Altissimus
2637 555 2787 636 super
2811 584 3008 624 onmem
3033 581 3214 626 terram
3236 577 3263 628 2'
3292 577 3433 647 Ergo
3450 555 3646 644 secundm

2159 647 2484 718 impietatem
2525 653 2927 728 doctrinamque
2955 669 3135 730 tuam,
3175 680 3282 720 non
3330 670 3554 739 amplius
3578 675 3646 738 l'au

2157 740 2259 793 erit
2287 741 2616 811 Altissimus,
2647 747 2768 816 quia
2791 749 2937 804 solus
2963 751 3130 810 Filius
3156 765 3236 810 est
3269 758 3582 816 Altissimus.

2155 829 2345 887 fratres
2367 875 2382 898 ,
2413 851 2517 890 non
2549 836 2740 894 ﬂuctus
2779 844 2940 896 maris
2973 855 3134 912 sunt,
3169 858 3224 902 ut
3250 853 3372 920 quis
3401 856 3646 921 prmiocetut

2153 922 2246 976 sed
2288 926 2525 982 caritatis
2573 929 2763 986 ﬂuctus
2807 935 2897 1004 qui
2941 940 3293 997 sanctiﬁcent.
3327 947 3568 1004 Attamen
3599 971 3646 1012 cu

2149 1012 2391 1072 Christus
2429 1019 2676 1089 loquatur
2713 1035 2766 1079 et
2811 1029 3147 1100 praedicetur,
3188 1038 3423 1106 quietem
3461 1056 3572 1112 agat
3603 1049 3646 1110 in

2148 1107 2392 1177 religiosa
2437 1113 2698 1170 navicula.
2743 1119 3044 1177 Absurdum
3088 1129 3228 1181 enim
3256 1141 3339 1184 est
3370 1149 3519 1188 mare
3558 1141 3646 1207 ίρςιι

2146 1200 2364 1268 vestigia
2399 1202 2604 1259 Domini
2639 1210 3022 1281 conspicatum,
3051 1215 3164 1273 hare
3191 1221 3435 1288 audiens,
3469 1200 3646 1291 τυσξ.

2147 1298 2362 1352 mutesce
2385 1292 2574 1361 (Marc.
2607 1297 2663 1350 tl.
2706 1299 2798 1369 '59)
2818 1341 2833 1366 ,
2867 1308 3233 1363 auctoritatem
3261 1317 3542 1371 reveritttm
3567 1338 3646 1378 esse

2143 1377 2441 1438 Ecclesiam
2467 1401 2594 1441 vero
2633 1406 2738 1445 non
2766 1394 3135 1467 obtemperare
3164 1403 3391 1460 Domino
3421 1413 3571 1467 verba
3593 1419 3646 1476 tit:

2144 1469 2401 1541 loquenti,
2430 1492 2493 1532 ac
2522 1479 2753 1536 divinam
2782 1501 2908 1541 vere
2940 1492 3161 1557 gratiam
3197 1496 3248 1550 in
3278 1497 3437 1552 labiis
3468 1501 3637 1574 habenti

2142 1577 2262 1615 nam
2292 1563 2492 1631 Di/fusa
2527 1581 2598 1622 est
2623 1575 2788 1642 gratia
2815 1577 2865 1630 in
2889 1579 3032 1634 labiis
3055 1587 3152 1636 tuis
3179 1586 3348 1653 (Psal.
3377 1592 3480 1646 44.
3507 1567 3572 1662 5).
3601 1601 3646 1652 Se

2139 1651 2203 1704 ad
2227 1659 2553 1724 propositum
2579 1663 2882 1721 redeamus.
2917 1670 3250 1742 Cognoscant,
3279 1681 3397 1748 quia
3421 1699 3585 1737 nomen
3610 1689 3646 1744 til

2138 1747 2406 1806 Dominus.
2441 1753 2624 1810 Utrum
2658 1761 2735 1813 vis
2761 1760 2916 1832 elige,
2949 1780 3054 1820 non
3075 1771 3221 1838 quasi
3253 1788 3338 1826 res
3364 1774 3416 1827 in
3455 1786 3535 1830 tua
3564 1796 3646 1847 ικιιε

2137 1848 2274 1895 state
2298 1844 2365 1896 sit
2396 1847 2564 1912 posita
2598 1866 2611 1901 :
2647 1865 2816 1920 neque
2844 1855 2984 1908 enim
3013 1873 3132 1912 cum
3171 1860 3327 1917 Jesus
3356 1865 3506 1920 Nave
3531 1844 3581 1921 ad
3604 1889 3646 1944 [tu

2139 1934 2314 2000 pulum
2339 1935 2572 1993 diceret:
2598 1940 2785 2013 Eligite
2811 1946 2945 2001 vobis
2970 1949 3120 2003 hodie
3139 1959 3222 2004 cui
3247 1958 3500 2024 serviatis,
3519 1934 3646 2024 an

2134 2042 2258 2091 quos
2276 2028 2536 2083 coluerunt
2553 2043 2720 2100 patres
2741 2038 2909 2104 vestri,
2935 2056 3001 2092 an
3018 2040 3235 2097 Domino
3259 2045 3365 2100 Deo
3385 2060 3552 2103 nostra
3570 2055 3646 2122 (tot

2132 2118 2222 2172 at.
2251 2121 2358 2190 is),
2383 2121 2503 2176 ideo
2533 2134 2850 2193 potestatem
2873 2131 3098 2202 eligendi
3123 2135 3433 2194 hominibus
3462 2118 3646 2200 concede

2055 2222 2059 2226 '
2131 2207 2241 2276 bat,
2275 2211 2367 2265 sed
2392 2223 2447 2266 ut
2472 2217 2798 2284 ostenderet,
2831 2222 3080 2289 pietatem
3109 2229 3257 2296 sequi
3284 2230 3559 2287 arbitrium
3579 2237 3646 2289 diti

2131 2303 2368 2369 gentium
2400 2304 2584 2362 Deum.
2610 2307 2740 2364 Item
2768 2313 2889 2366 alibi
2913 2329 2930 2368 :
2970 2313 3072 2370 Vos
3099 2327 3243 2374 testes
3267 2324 3387 2377 estis
3405 2336 3572 2380 contra
3590 2347 3646 2384 tot

2129 2396 2263 2458 quod
2291 2409 2376 2448 vos
2406 2395 2676 2451 Dominum
2712 2403 2978 2474 elegeritis,
3013 2408 3082 2461 ad
3104 2413 3421 2469 serviendum
3447 2419 3523 2471 illi
3548 2419 3646 2488 (Ibid

2129 2497 2175 2533 υ.
2203 2481 2316 2553 22).
2358 2485 2811 2552 Quemadmodum
2843 2497 2984 2551 enim
3012 2499 3080 2554 ibi
3106 2504 3252 2571 optio
3281 2506 3370 2561 Dei
3400 2481 3646 2580 diguilalta

2129 2587 2232 2626 non
2261 2580 2580 2634 contumelia
2606 2582 2804 2650 affecit,
2833 2588 2928 2642 sed
2955 2589 3178 2648 liberum
3198 2596 3482 2656 arbitrium
3506 2605 3646 2680 piortnt

2127 2667 2397 2721 ostendit:
2431 2670 2508 2724 sic
2535 2673 2694 2727 etiam
2723 2692 2881 2745 nunc,
2917 2680 2962 2734 si
2985 2681 3154 2738 libero
3188 2687 3415 2745 arbitrio
3441 2667 3646 2762 cptiones

2125 2755 2325 2812 dedero
2345 2801 2358 2823 ,
2389 2778 2494 2816 non
2520 2764 2827 2834 dignitatem
2855 2777 3176 2830 contumelia
3216 2781 3417 2849 afﬁcio,
3558 2759 3646 2845 adii

2127 2847 2285 2902 trium
2313 2850 2553 2920 exploro.
2595 2857 2726 2912 illud
2748 2901 2761 2923 ,
2792 2860 3106 2933 Cognoscant
3134 2873 3254 2940 quia
3280 2847 3467 2931 nomen
3490 2882 3568 2934 tibi
3590 2883 3646 2938 De

2123 2940 2308 3006 minus,
2333 2940 2397 2996 de
2425 2943 2671 3014 Patrene,
2701 2965 2768 3004 an
2794 2951 2861 3007 de
2888 2953 3021 3010 Filio
3046 2957 3244 3016 dictum
3269 2966 3389 3018 est?
3417 2967 3547 3024 Nam
3567 2975 3646 3030 sidt

2123 3027 2302 3094 Patre,
2327 3042 2379 3087 et
2396 3034 2439 3088 si
2463 3050 2654 3120 nomen
2687 3039 2860 3096 Patris
2885 3045 2958 3100 sit
2983 3046 3258 3120 Dominus,
3278 3071 3480 3114 nomen
3501 3078 3646 3134 quoqut

2121 3121 2240 3177 Filii
2285 3126 2537 3183 Dominus
2565 3148 2580 3186 :
2627 3131 2773 3188 Unus
2797 3137 2938 3192 enim
2977 3139 3226 3200 Dominus
3260 3146 3415 3206 Iesus
3445 3121 3646 3222 Chi-istis,

2123 3229 2211 3308 per
2237 3233 2381 3308 quem
2420 3223 2588 3275 omnia
2621 3222 2695 3294 (1.
2723 3224 2840 3281 Cor.
2870 3229 2924 3284 8.
2957 3230 3011 3301 6)
3047 3249 3217 3306 ;ergo
3253 3244 3646 3308 quemadmudod

2119 3303 2372 3375 dignitas,
2403 3310 2473 3363 ita
2496 3321 2549 3366 et
2581 3331 2772 3371 nomen
2794 3332 3078 3378 commune
3103 3303 3208 3380 est.
3240 3303 3438 3385 Verum
3472 3334 3578 3388 Filii
3597 3354 3646 3389 ne

2093 3413 2240 3453 men
2281 3400 2536 3460 Dominus
2571 3417 2654 3461 est
2694 3425 2709 3463 :
2755 3427 2882 3482 ergo
2925 3416 3073 3471 solus
3102 3417 3268 3475 Filius
3293 3432 3377 3477 est
3403 3424 3646 3482 Dominus:

2120 3505 2240 3545 nam
2281 3492 2360 3546 Tu
2387 3496 2526 3550 solus
2564 3498 2852 3556 Altissimus
2890 3522 3042 3575 super
3077 3525 3274 3564 onmem
3317 3525 3527 3568 terram.
3559 3518 3646 3587 [πει

2117 3595 2236 3635 cum
2270 3599 2407 3640 unus
2436 3597 2490 3640 et
2515 3589 2664 3644 solus
2703 3591 2958 3649 Dominus
2987 3596 3057 3652 sit
3097 3598 3285 3670 Filius,
3314 3603 3475 3660 Pater
3498 3609 3646 3664 aliene

2117 3688 2146 3727 a
2175 3674 2541 3734 dominatione
2570 3683 2689 3736 est?
2716 3685 2888 3741 Absit.
2915 3687 3096 3759 Neque
3121 3694 3262 3746 enim
3289 3712 3412 3750 cum
3442 3697 3583 3754 Pater
3598 3717 3646 3754 se

2115 3764 2198 3820 lus
2233 3768 2550 3836 pra-dicatur
2583 3772 2751 3842 Deus,
2797 3776 2918 3832 ideo
2946 3780 3112 3835 Filius
3139 3798 3170 3838 a
3199 3785 3486 3845 divinitate
3519 3793 3646 3864 print

2116 3867 2238 3913 tur:
2269 3877 2389 3915 nam
2452 3862 2519 3918 In
2546 3867 2796 3937 principio
2829 3882 2934 3926 erat
2974 3872 3220 3942 Verbum,
3261 3889 3307 3933 et
3358 3879 3561 3936 Verbum
3581 3893 3646 3938 era

2113 3953 2252 4021 apud
2297 3952 2480 4019 Deum,
2511 3966 2556 4009 et
2593 3956 2729 4013 Deus
2766 3971 2873 4015 erat
2909 3961 3125 4018 Verbum
3161 3966 3340 4036 (Joan.
3365 3971 3415 4025 1.
3452 3974 3523 4043 1).
3551 3974 3646 4041 Erga

2089 4061 2285 4115 neque
2313 4047 2432 4114 hoc,
2463 4049 2604 4105 Deus
2634 4049 2809 4121 Pater,
2841 4055 3037 4112 Filium
3061 4061 3292 4116 excludit
3323 4079 3350 4115 a
3380 4065 3646 4120 divinitate:

2113 4154 2236 4192 nam
2271 4138 2402 4194 Deus
2445 4152 2552 4196 erat
2598 4142 2856 4210 Verbum;
2899 4147 3072 4218 neque
3115 4167 3235 4206 cum
3275 4154 3442 4211 Filius
3479 4158 3646 4218 dicitur,

2114 4228 2258 4286 Unus
2280 4231 2526 4289 Dominus
2541 4277 2556 4302 ,
2585 4237 2788 4295 alienus
2813 4242 3113 4298 ostenditur
3138 4245 3298 4301 Pater
3316 4264 3345 4302 a
3366 4249 3646 4304 dominatur

2109 4336 2213 4376 ne:
2246 4338 2366 4377 nam
2399 4324 2542 4379 Dixit
2567 4327 2813 4385 Dominus
2845 4331 3061 4389 Domino
3090 4353 3225 4404 meo,
3253 4338 3391 4393 Sede
3426 4358 3458 4393 α
3499 4343 3646 4396 dextra

2108 4415 2230 4469 meis
2254 4417 2273 4486 (
2294 4415 2441 4470 Psal.
2472 4418 2594 4474 109.
2640 4421 2727 4492 1).
2770 4423 3026 4481 Dominus
3051 4443 3179 4497 ergo
3207 4431 3384 4498 Pater,
3436 4435 3646 4490 Dominus

2106 4509 2291 4576 Filius,
2323 4511 2576 4566 Dominus
2606 4514 2831 4582 Spiritus
2852 4527 3068 4573 sanctus
3094 4535 3107 4572 :
3135 4519 3383 4577 Dominus
3408 4527 3534 4578 enim
3554 4526 3645 4594 8ρέ-

2105 4602 2232 4656 ritus
2261 4614 2333 4656 est
2369 4603 2464 4672 (2.
2495 4604 2611 4659 Cor.
2648 4606 2700 4660 5.
2731 4609 2796 4661 17
2817 4609 2856 4675 ).
2887 4608 2992 4665 Sed
3026 4628 3235 4667 rursum
3276 4613 3552 4674 hmreticus
3583 4638 3646 4674 ex-

2101 4706 2381 4767 asperatur
2397 4699 2782 4769 excitaturque,
2801 4717 2866 4756 ac
2889 4703 3167 4760 Dominum
3189 4707 3410 4764 audiens
3429 4711 3645 4780 Spiritum

2102 4801 2366 4858 sanctum,
2401 4790 2766 4862 disrumpitur.
2795 4797 3095 4862 Quomodo,
3130 4799 3322 4868 inquit,
3350 4802 3645 4873 Spirituscst

2104 4881 2361 4937 Dominus
2385 4924 2400 4948 ,
2429 4885 2517 4952 qui
2547 4899 2639 4953 per
2669 4887 2980 4955 praphetam
3022 4890 3276 4946 Davidem
3309 4894 3553 4964 loquens,
3582 4895 3645 4949 Fi-

2099 4971 2225 5025 lium
2256 4974 2492 5028 celebrat
2520 4973 2602 5030 his
2626 4975 2822 5043 verbis,
2854 4977 2999 5034 Dixit
3029 4979 3279 5037 Dominus
3297 4983 3514 5040 Domino
3531 4987 3641 5039 leo?

2102 5062 2305 5128 Videu‘,
2340 5065 2532 5134 inquit,
2564 5066 2821 5136 Spiritum
2850 5079 3091 5126 sanctum
3123 5089 3224 5144 per
3254 5079 3558 5147 prophetam
3581 5079 3638 5132 lo-

2097 5170 2346 5227 quentem
2389 5160 2671 5216 Dominum
2709 5163 2948 5218 conﬁteri
2981 5181 3134 5220 suum
3167 5177 3220 5223 et
3243 5169 3454 5226 Patrem
3485 5182 3537 5227 et
3572 5172 3635 5226 Fio

2097 5249 2223 5303 lium
2251 5250 2274 5303 ?
2319 5250 2453 5318 Quid
2484 5252 2660 5322 igitur,
2683 5254 2872 5309 fratres
2902 5255 2926 5308 ?
2959 5256 3038 5312 Ne
3063 5261 3334 5327 proposita
3351 5262 3510 5318 dictio
3529 5263 3634 5332 apud

2094 5341 2365 5399 auditores
2390 5343 2442 5398 in
2470 5344 2631 5400 dubio
2670 5357 2909 5403 versetur
2939 5391 2954 5416 ,
2989 5349 3042 5405 in
3088 5351 3256 5422 ipsam
3301 5357 3443 5412 vocis
3470 5357 3631 5426 disqui-

2092 5433 2341 5488 sitionem
2379 5436 2614 5502 veniam,
2639 5445 2805 5492 totum
2853 5439 3004 5494 vobis
3045 5439 3297 5500 dictionis
3323 5461 3529 5517 sensum
3564 5464 3632 5501 cx-

2090 5523 2321 5592 Blicabo.

2162 5613 2214 5669 9.
2247 5613 2501 5672 Servator
2547 5617 2852 5689 aliquando,
2904 5635 3027 5677 cum
3081 5623 3137 5678 in
3187 5624 3489 5684 Iudaeorum
3533 5645 3626 5698 syn-

2091 5723 2254 5782 agoga
2323 5709 2618 5781 disputaret
2660 5713 3064 5786 exploraretquc
3110 5733 3269 5788 quam
3319 5720 3386 5778 de
3436 5736 3500 5778 se
3541 5722 3625 5792 σεε.
