3692 6274
27 304 86 359 .3
1202 290 1289 345 DF.
1327 286 1690 345 SERPENTE
1728 284 2025 349 uotum.

27 423 199 476 tonent
244 429 368 488 pars
410 415 580 486 major
614 413 854 477 haberet,
903 410 977 465 ait
1020 408 1153 464 illis:
1197 406 1357 471 Quem
1399 402 1570 457 dicitis

28 530 85 566 se
125 508 423 565 Christum?
477 507 622 576 cujus
668 504 807 574 ﬁlius
856 512 926 556 est
978 498 1210 570 (Matth.
1259 496 1350 552 22.
1405 495 1564 563 ‘2)?

28 603 331 674 espondent
355 599 545 654 scribae
564 606 617 651 et
639 594 914 657 Phariszei,
938 589 1120 645 David.
1149 589 1282 644 llinc
1309 587 1566 642 Dominus

28 711 169 749 )rum
204 689 580 745 contradicens
611 684 847 753 Opinioni
870 724 885 744 ,
920 696 1102 735 rursus
1130 680 1325 733 infert:
1357 694 1375 728 t
1414 677 1562 743 Quo~

28 787 143 841 IOdO
183 781 353 837 David
404 782 457 835 in
493 778 693 849 Spiritu
731 785 917 829 saneto
945 780 1098 826 vocat
1135 786 1254 824 eum
1284 768 1564 822 Dominum

28 882 203 941 icens,
237 875 380 929 Dixit
424 871 677 925 Dominus
704 866 930 922 Domino
959 879 1078 919 meo
1109 905 1123 927 ,
1150 862 1277 917 sede
1306 877 1336 915 a
1362 860 1566 914 dextris

27 974 116 1026 teis
162 989 181 1021 ι
214 971 232 1038 (
270 966 408 1021 Ibid.
431 982 478 1019 υ.
513 965 604 1018 45.
636 963 705 1016 44
729 960 748 1031 )
774 962 799 1013 ?
846 958 979 1015 [llud
1022 972 1181 1027 porro
1209 997 1224 1022 ,
1256 954 1323 1008 In
1367 954 1566 1022 Spiritu

27 1071 156 1115 meto
188 1102 201 1123 ,
234 1059 428 1127 adjecit
457 1098 472 1121 ,
512 1069 617 1107 non
647 1062 704 1106 ut
733 1052 986 1120 Spiritum
1032 1062 1242 1104 servum
1269 1045 1568 1100 declararet

31 1153 207 1214 bristi,
237 1152 325 1220 qui
358 1145 745 1219 praedicabatur
769 1183 784 1208 ,
816 1142 909 1195 sed
933 1150 989 1195 ut
1012 1141 1184 1211 palam
1208 1138 1519 1193 ostenderet
1548 1178 1562 1201 ,

27 1245 299 1313 rophetam
325 1242 377 1294 in
402 1238 600 1307 Spiritu
626 1242 813 1289 saneto
844 1232 1016 1287 futura
1048 1229 1426 1300 pr:evidentem
1448 1269 1465 1292 ,
1499 1229 1559 1279 li-

28 1353 112 1390 um
140 1350 296 1388 suum
326 1330 616 1387 secundum
638 1340 853 1382 carnem
884 1324 1165 1378 Dominum
1194 1319 1436 1376 conﬁteri
1477 1334 1565 1373 se-

28 1431 216 1484 nudum
248 1428 322 1482 rei
345 1426 644 1479 veritatem.
672 1420 853 1489 Neque
883 1418 1022 1472 enim
1049 1416 1115 1469 de
1137 1414 1334 1485 Spiritu
1360 1421 1565 1473 sancto,

28 1525 72 1576 ui
94 1522 259 1576 etiam
286 1518 540 1573 Dominus
575 1523 657 1569 est
690 1553 705 1576 ,
736 1511 960 1580 qumstio
989 1519 1102 1563 erat
1133 1549 1148 1573 ,
1193 1506 1283 1561 sed
1315 1505 1382 1559 de
1409 1505 1521 1572 ipso
1549 1517 1564 1558 :

27 1632 50 1667 η
82 1614 291 1667 scilicet
311 1608 476 1665 David
498 1608 659 1661 lilium
686 1604 903 1659 haberet
927 1602 1231 1663 Dominum,
1260 1614 1326 1652 an
1354 1595 1569 1651 herum?

28 1721 122 1759 aue
154 1702 411 1756 Dominus
452 1699 826 1754 haereticorum
869 1692 1274 1765 sycophantiam
1324 1689 1415 1746 diu
1444 1698 1569 1744 ante

28 1796 313 1858 anfutans,
356 1792 691 1862 Spiritusque
754 1787 924 1844 sancti
986 1786 1294 1856 dignitatem
1347 1783 1568 1837 illaesam

28 1903 315 1944 onservans
348 1929 361 1949 ,
392 1885 695 1954 objectione
742 1881 1162 1936 controversiam
1208 1877 1385 1930 solvit.
1429 1875 1564 1943 Quid

28 2001 112 2054 rgo
138 1984 217 2036 ait
242 1999 257 2037 :
292 1981 349 2035 Si
378 1996 497 2049 ergo
519 1975 686 2031 David
707 1983 849 2028 vocat
869 1989 981 2026 eum
1006 1971 1294 2031 Dominum,
1316 1968 1565 2037 quomodo

28 2081 122 2131 tius
152 2079 262 2145 ejus
292 2085 361 2127 est
384 2074 410 2127 ξ)
457 2070 572 2125 Non
601 2069 734 2124 dixit
762 2109 779 2133 ,
813 2066 867 2121 Si
916 2079 1055 2135 ergo.
1074 2063 1304 2133 Spiritus
1352 2072 1568 2115 sanctus

28 2179 139 2223 neat
164 2184 288 2220 eum
320 2164 623 2226 Dominmn,
654 2163 769 2222 sed,
803 2159 864 2213 Si
894 2157 1059 2210 David
1084 2165 1224 2209 vocat
1248 2171 1360 2207 eum
1394 2153 1567 2206 Domi-

28 2281 127 2317 um.
156 2262 268 2315 Cur
303 2276 429 2329 ergo
458 2256 661 2311 addidit
688 2253 814 2307 illud
845 2294 858 2317 ,
906 2251 970 2305 In
997 2250 1195 2319 Spiritu
1230 2255 1402 2302 sancta
1431 2253 1568 2297 vocat

28 2373 97 2407 ttttt
128 2351 447 2408 Dominum?
476 2348 737 2416 Quoniam
771 2345 837 2400 de
880 2343 1091 2399 Christo
1118 2349 1241 2394 ante
1282 2338 1565 2391 adventum

28 2449 184 2502 ibt-isti
212 2447 391 2500 dicere
415 2459 518 2497 non
550 2449 664 2496 erat
696 2437 935 2507 corporis
961 2435 1214 2489 intuentis
1239 2475 1250 2497 ,
1282 2433 1373 2486 sed
1398 2431 1535 2499 Spiri
1552 2463 1565 2471 -

28 2558 72 2592 ης
101 2538 271 2592 sancti
315 2531 798 2606 pra-signiﬁcantis.
831 2529 1012 2598 Neque
1041 2527 1182 2581 enim
1207 2541 1325 2594 qua:
1358 2524 1569 2576 videbat

28 2632 152 2685 tavid
181 2673 194 2693 ,
222 2628 543 2699 pra-dicabat
612 2624 706 2678 sed
735 2639 852 2692 qua:
874 2621 1103 2690 Spiritus
1131 2627 1346 2672 sanctus
1372 2632 1566 2684 sugge-

28 2727 157 2788 i-bat,
189 2725 303 2776 huic
332 2737 424 2790 per
448 2718 778 2788 spiritualem
811 2716 978 2784 lyram
1003 2712 1257 2782 pulsabat.
1288 2708 1410 2763 Ideo
1442 2707 1566 2760 illud

30 2819 179 2884 :Ijerit
212 2856 227 2880 ,
265 2814 518 2867 Dominus
549 2813 566 2874 ’,
616 2808 880 2875 Quomodo
906 2804 1067 2858 David
1093 2805 1145 2857 in
1175 2802 1371 2871 Spiritu
1396 2811 1568 2853 sancto

28 2920 127 2961 orat
148 2924 262 2961 eum
291 2903 604 2960 Dominum?
632 2900 708 2956 Ne
732 2915 855 2955 vero
879 2898 1157 2952 luereticus
1184 2892 1567 2962 blasphemiam

32 3002 243 3056 dvorsus
260 3001 511 3070 Spiritum
542 3003 783 3051 sanetum
807 2991 1003 3056 trahat,
1027 2988 1221 3057 adjecit
1248 2998 1481 3047 rursum,
1513 2993 1568 3035 ut

28 3096 240 3161 iiximus,
268 3094 325 3148 Si
352 3108 468 3162 ergo
488 3088 652 3142 David
680 3095 820 3141 vocat
849 3100 961 3137 eum
988 3081 1281 3140 Dominum,
1316 3074 1563 3146 quomodo

27 3190 128 3241 ilius
145 3190 255 3259 ejus
272 3195 344 3239 est
366 3185 392 3238 .9
424 3183 584 3253 Igitur
607 3178 766 3232 David
784 3174 1054 3230 Christum
1084 3172 1134 3225 in
1158 3170 1359 3238 Spiritu
1383 3175 1568 3220 saneto

28 3290 143 3335 'oeat
169 3276 471 3333 Domiumn.
508 3271 637 3327 Illud
667 3284 793 3323 vero
814 3267 1145 3337 potissimum
1169 3261 1569 3319 consideremus

28 3388 201 3427 unnem
223 3368 534 3440 prophetam
552 3380 617 3419 ex
646 3362 841 3431 Spiritu
860 3366 1043 3412 sancto
1068 3398 1080 3416 ,
1102 3371 1219 3425 qme
1251 3352 1569 3405 conveniant

28 3464 153 3533 nqui.
177 3460 378 3516 Omnes
407 3458 546 3511 enim
587 3454 905 3509 conﬁtemur
927 3490 941 3512 ,
970 3449 1257 3518 prophetas
1287 3444 1339 3497 in
1370 3442 1568 3512 Spiritu

28 3565 171 3608 aucto
190 3554 438 3622 loquutus
459 3564 579 3605 esse
602 3589 618 3613 ,
647 3547 803 3616 idque
825 3542 1108 3614 Apostolus
1144 3540 1454 3595 testiﬁcatur
1488 3536 1571 3589 di—

28 3663 141 3711 rens,
199 3664 217 3697 ι
253 3645 397 3697 Bene
420 3640 649 3710 Spiritus
675 3646 891 3692 sanctus
914 3635 1164 3703 loquutus
1193 3641 1273 3685 est
1302 3631 1365 3684 ad
1397 3646 1446 3699 p:
1464 3638 1571 3683 tres

28 3752 198 3794 'estros
228 3755 325 3808 per
349 3734 658 3806 prophetam
695 3752 711 3783 ι
742 3731 873 3804 (Act.
907 3730 996 3782 28.
1026 3728 1141 3797 23.)
1170 3727 1231 3780 Et
1263 3726 1450 3780 iterum
1482 3740 1574 3793 ge-

28 3838 211 3886 ieratim
239 3832 381 3885 Deus
407 3829 483 3881 ait
512 3844 525 3882 :
560 3845 577 3877 ι
610 3824 888 3880 Effundam
924 3823 991 3875 de
1020 3821 1216 3891 Spiritu
1258 3834 1376 3873 meo
1412 3832 1576 3886 super

28 3939 203 3978 uunem
231 3937 470 3981 carnem,
494 3929 547 3973 et
572 3916 960 3988 prophetabtmt
996 3933 1014 3966 ι
1048 3916 1063 3982 ί
1089 3913 1225 3967 Joel.
1255 3911 1309 3965 2.
1338 3908 1460 3975 28).
1510 3911 1574 3963 Ει

28 4016 218 4087 iloyses,
245 4033 264 4064 ι
290 4014 421 4080 Quis
440 4011 810 4066 dabitomnem
845 4007 1092 4077 populum
1120 4004 1322 4057 Domini
1349 4002 1576 4071 prophe-

30 4123 78 4159 as
104 4123 241 4171 esse,
265 4121 384 4160 cum
424 4102 624 4158 dederit
668 4100 921 4153 Dominus
949 4098 1197 4167 Spiritmn
1229 4110 1380 4148 suum
1413 4109 1575 4162 super

28 4217 173 4269 ipsos:
195 4200 381 4272 (Num.
407 4201 490 4253 11.
517 4196 642 4266 29)?
672 4195 767 4250 Hic
783 4191 1426 4261 attendamusdiligenter,
1445 4202 1577 4257 quo-

28 4295 384 4365 nndoSpiritus
399 4290 565 4346 sancti
581 4288 825 4343 divinitas
841 4288 1359 4346 demonstretur,non
1377 4298 1405 4335 a
1424 4281 1577 4335 nobis

28 4391 241 4453 :xaltata,
260 4387 351 4441 sed
368 4402 395 4440 a
420 4384 630 4456 propria
648 4380 898 4451 dignitate
914 4380 1198 4435 celebrata.
1213 4375 1443 4446 Mihique
1456 4389 1577 4429 con-

28 4485 166 4537 uulite
189 4493 248 4537 ut
266 4478 675 4548 interrogatione
688 4486 741 4531 et
755 4472 1100 4546 responsione
1115 4486 1227 4526 rem
1250 4468 1574 4539 propositam

28 4586 215 4629 .ractem
244 4591 261 4631 :
292 4570 590 4642 hujusmodi
621 4569 763 4623 enim
795 4566 1175 4638 quaestionibus
1206 4562 1411 4629 facilior
1451 4577 1578 4617 eva—

28 4665 81 4719 dit
100 4666 377 4720 dubiorum
406 4662 619 4717 solutio.
649 4660 1042 4728 lnterrogemus
1071 4669 1231 4725 ergo;
1254 4653 1574 4707 Patvutttrne

27 4755 259 4826 Spiritum
284 4765 526 4811 sanctum
553 4754 830 4824 loquutum
862 4765 982 4805 esse
1011 4765 1104 4819 per
1146 4751 1433 4818 pr0pbetas
1464 4789 1475 4807 ,
1508 4762 1572 4797 an

27 4859 231 4919 negant,
278 4849 362 4903 vel
391 4846 636 4901 dubitant
661 4846 685 4900 ?
710 4844 768 4900 Si
807 4843 1053 4898 dubitant
1083 4883 1097 4907 ,
1131 4856 1247 4908 quze
1288 4849 1412 4892 ante
1437 4840 1573 4889 dicta

27 4950 127 4995 sunt
160 4943 209 4995 in
239 4939 554 4994 memoriam
598 4948 911 4991 revocemus
938 4975 953 5000 ,
981 4930 1252 5003 quomodo
1294 4930 1406 4998 ipse
1442 4929 1577 4981 Deus

27 5034 316 5088 testiﬁcatur
340 5031 526 5086 dicens
558 5071 573 5096 ,
620 5026 896 5094 Effundam
939 5024 1002 5079 de
1038 5023 1236 5093 Spiritu
1281 5038 1389 5074 meo
1428 5036 1577 5087 super

27 5138 197 5176 amnem
224 5137 428 5177 carnem
456 5162 472 5187 ,
514 5130 560 5175 et
588 5118 953 5188 prophetabunt
981 5116 1005 5169 Σ)
1031 5114 1258 5185 Spiritus
1285 5113 1427 5166 enim
1458 5126 1579 5181 pro-

27 5214 267 5278 pheticam
313 5212 564 5265 virtutem
610 5209 829 5265 excitat.
882 5207 971 5263 Sic
1017 5217 1066 5260 et
1121 5206 1208 5259 ille
1251 5204 1577 5257 admirabilis

28 5303 211 5377 Moyses
236 5348 250 5370 ,
302 5313 361 5359 ut
406 5303 652 5359 ostendat
694 5300 1024 5372 prOpbetiam
1065 5314 1129 5353 ex
1155 5297 1352 5366 Spiritu
1392 5305 1577 5350 sancto

27 5399 267 5462 proticisci
295 5407 349 5452 et
373 5395 646 5461 constitui,
668 5395 718 5447 in
743 5395 881 5447 hanc
904 5406 1146 5462 magnam
1167 5390 1574 5458 mirabilemque

27 5490 179 5558 erupit
207 5504 391 5544 vocem
421 5504 437 5545 :
473 5505 492 5539 ε
524 5488 589 5541 Et
622 5486 738 5555 quis
770 5484 918 5539 dabit
950 5498 1161 5538 omnem
1194 5482 1441 5550 populum
1472 5481 1578 5534 Do-

28 5579 140 5645 tuini
167 5579 452 5651 prophetas
469 5592 590 5634 esse
610 5618 624 5642 ,
647 5592 767 5631 cum
796 5575 1003 5631 dederit
1039 5574 1294 5629 Dominus
1320 5573 1573 5642 Spiritum

28 5680 245 5737 sanctum
278 5686 432 5726 suum
458 5683 618 5739 super
639 5668 768 5722 eos?
796 5684 814 5713 ι
849 5666 904 5721 Si
932 5675 1107 5721 autem
1139 5679 1262 5719 vere
1282 5664 1579 5719 conﬁtean-

28 5769 100 5816 tot
113 5763 161 5818 id
190 5763 330 5836 quod
357 5763 693 5820 verissimum
716 5768 818 5828 est,
846 5774 1035 5832 nempe
1055 5755 1310 5827 Spiritum
1338 5764 1578 5814 sanctum

1675 405 1949 476 loquutum
1977 423 2099 465 esse
2127 416 2179 465 to
2205 411 2496 482 prophetis,
2525 414 2646 470 audi
2673 424 2731 471 ut
2752 417 2939 474 beatus
2960 418 3047 476 ille
3072 423 3252 478 admi-

1671 500 1974 570 randusque
2003 500 2310 571 Zacharias,
2339 505 2691 563 Praecursoris
2708 518 2880 579 pater,
2914 511 3078 569 Deum
3106 515 3249 571 dicat

1673 590 1932 660 Spiritum
1957 603 2197 648 sanctum
2219 637 2233 660 ,
2258 595 2345 665 qui
2385 611 2480 664 per
2520 599 2807 667 pr0phetas
2848 601 3097 673 loquutus
3124 616 3247 663 est:

1679 700 1698 734 ‹
1728 683 2045 739 Benedictus
2067 685 2320 740 Dominus
2350 687 2491 741 Deus
2514 686 2676 743 Israel
2704 731 2716 753 ,
2748 691 2867 760 quia
2896 693 3128 749 visitavit
3150 737 3165 760 ,
3196 706 3252 751 et

1674 777 1798 831 fecit
1820 776 2240 846 redemptionem
2263 779 2431 847 plebis
2458 793 2567 833 sure
2606 795 2619 843 ;
2651 790 2705 835 et
2730 783 2905 837 erexit
2929 798 3093 839 cornu
3111 787 3253 840 salu-

1676 868 1742 922 tis
1769 868 1925 922 nobis
1952 868 2005 922 in
2030 868 2188 923 domo
2219 868 2383 923 David
2413 870 2560 938 pueri
2584 872 2663 925 sui
2691 887 2705 926 ε
2732 873 2868 927 sicut
2900 874 3150 945 loquutus
3165 886 3248 932 est

1674 973 1768 1028 per
1806 975 1867 1014 os
1907 968 2214 1014 sanctorum
2248 1001 2263 1023 ,
2294 960 2383 1030 qui
2416 976 2444 1014 a
2478 963 2677 1016 smeulo
2715 974 2839 1018 sunt
2871 967 3248 1034 prophetarum

1673 1052 1790 1122 ejus
1817 1069 1836 1103 ι
1868 1050 2019 1124 (Luc.
2054 1052 2105 1111 1.
2135 1051 2349 1125 68-70).
2394 1054 2451 1109 Si
2478 1069 2606 1124 ergo
2627 1055 2764 1109 Deus
2790 1064 2892 1123 est,
2918 1058 3024 1122 ille,
3044 1060 3133 1128 qui
3161 1076 3254 1130 per

1674 1156 1735 1197 os
1773 1143 2153 1212 prophetarum
2184 1145 2433 1214 loquutus
2455 1154 2538 1199 est
2566 1186 2581 1210 ,
2612 1154 2669 1200 et
2694 1147 2923 1215 Spiritus
2951 1158 3168 1205 sanctus
3202 1152 3251 1203 in

1677 1233 1949 1304 prephetis
1974 1234 2224 1303 loquutus
2253 1244 2368 1300 est,
2418 1243 2473 1289 ut
2498 1236 2572 1288 ait
2600 1237 2758 1290 David
2804 1238 2855 1292 in
2889 1239 3026 1293 libro
3054 1240 3257 1311 Regno-

1677 1339 1799 1379 rum
1838 1340 1853 1378 :
1890 1324 2113 1393 Spiritus
2144 1327 2272 1380 enim
2299 1325 2548 1380 Dominus
2577 1330 2813 1395 loquutus
2841 1340 2912 1383 est
2956 1331 3008 1383 in
3055 1347 3129 1386 me
3158 1334 3175 1401 (
3198 1332 3254 1389 2.

1679 1416 1809 1485 Reg.
1855 1416 1944 1471 23.
1974 1417 2009 1470 2
2034 1416 2051 1486 )
2079 1433 2093 1477 ;
2124 1433 2251 1487 ergo
2280 1427 2335 1472 et
2380 1418 2517 1473 Deus
2546 1431 2599 1474 et
2626 1420 2886 1476 Dominus
2916 1432 2997 1477 est
3024 1421 3255 1494 Spiritus

1676 1516 1890 1561 sanctus
1918 1508 2006 1577 qui
2035 1523 2130 1577 per
2160 1509 2450 1578 prophetas
2480 1510 2730 1579 loquutus
2758 1519 2859 1566 est.
2909 1512 3107 1567 Verum
3136 1516 3250 1569 cla-

1679 1614 1790 1652 tam
1815 1598 1974 1668 hujus
2004 1599 2082 1653 rei
2109 1599 2620 1655 demonstrationem
2647 1603 2850 1672 accipe.
2887 1606 3102 1659 Divinos
3129 1622 3251 1676 apo-

1677 1691 1843 1745 stolus
1861 1706 1955 1760 per
1972 1690 2330 1759 propheticam
2352 1707 2534 1747 vocem
2550 1693 2733 1748 volens
2749 1696 2999 1763 Spiritum
3017 1709 3257 1752 sanctum

1676 1782 1960 1857 ostendere
1989 1823 2002 1845 ,
2051 1782 2101 1836 in
2146 1783 2370 1851 epistola
2395 1783 2459 1837 ad
2482 1782 2787 1839 Corinthios
2808 1786 2881 1839 ait
2909 1802 2924 1840 ;
2952 1805 2969 1836 ι
3000 1787 3051 1840 Si
3074 1799 3253 1843 autem

1677 1889 1866 1930 omnes
1892 1875 2213 1946 prophetcnt
2243 1918 2258 1942 ,
2308 1877 2469 1931 intret
2496 1887 2674 1933 autem
2706 1879 2825 1946 quis
2862 1879 3091 1934 inﬁdelis
3121 1921 3137 1947 ,
3176 1882 3257 1936 vel

1677 1966 1836 2021 idiota
1858 2010 1872 2031 ,
1913 1969 2245 2021 convincitur
2274 1969 2340 2020 ab
2364 1967 2608 2023 omnibus
2639 2008 2655 2035 ,
2700 1968 3021 2037 dijudicatur
3044 1972 3111 2025 ab
3141 1988 3254 2025 omo

1678 2060 1835 2113 nibus
1862 2075 1876 2125 ;
1906 2061 2110 2113 occulta
2139 2060 2317 2113 cordis
2346 2060 2461 2130 ejus
2493 2062 2768 2116 manifesta
2805 2063 2974 2119 ﬁunt:
2998 2074 3052 2119 et
3078 2065 3147 2119 ita
3169 2082 3258 2119 ca-

1677 2150 1811 2205 dens
1843 2151 1894 2203 in
1935 2150 2127 2205 faciem
2170 2151 2461 2218 adorabit,
2516 2154 2868 2221 pronuntians
2894 2197 2909 2219 ,
2948 2156 3087 2225 quod
3130 2173 3256 2213 vero

1684 2242 1822 2296 Deus
1849 2243 1900 2296 in
1927 2243 2077 2297 vobis
2107 2244 2173 2296 sit
2210 2261 2229 2294 ι
2267 2246 2343 2313 (Ι.
2378 2243 2494 2297 Cor.
2529 2245 2615 2298 14.
2644 2245 2736 2300 24.
2758 2246 2872 2314 25).
2904 2246 3066 2301 Vides
3098 2249 3260 2317 pieta-

1679 2334 1745 2388 tis
1769 2334 2042 2389 doctorem
2069 2335 2213 2389 clare
2242 2336 2495 2402 indicare,
2526 2335 2778 2407 Spiritum
2812 2338 2865 2394 in
2889 2340 3253 2409 prophetanti-

1678 2424 1776 2479 bus
1798 2425 2096 2494 loquentem
2128 2426 2291 2479 Deum
2324 2441 2442 2481 esse
2470 2427 2493 2480 ?

1751 2516 1836 2571 10.
1879 2516 1985 2570 Cur
2005 2532 2134 2585 ergo
2166 2560 2181 2584 ,
2216 2517 2465 2573 lueretice
2493 2562 2507 2585 ,
2541 2521 2917 2576 scandalizaris
2947 2523 3085 2577 circa
3120 2525 3258 2592 piam

1677 2606 1835 2662 ﬁdem
1867 2606 1890 2659 ?
1916 2624 2010 2660 cur
2036 2608 2377 2664 calunmiaris
2421 2610 2648 2680 Spiritus
2687 2614 2857 2666 sancti
2901 2613 3207 2683 dignitatem
3237 2617 3258 2669 ?

1676 2716 1773 2754 cur
1803 2700 1922 2753 ﬁdei
1954 2700 2341 2757 coofessionem
2370 2705 2795 2773 transgrederis?
2822 2706 2964 2771 Lege
2993 2717 3140 2775 pacta
3172 2718 3254 2760 tua

1680 2791 1732 2845 in
1760 2793 2027 2861 mysteriis
2053 2794 2243 2847 emissa
2267 2834 2282 2859 ,
2312 2794 2575 2864 quomodo
2602 2795 2801 2850 dixeris
2830 2839 2844 2861 ,
2879 2796 3039 2852 Credo
3067 2799 3117 2851 in
3150 2798 3252 2851 Pa-

1679 2892 1805 2937 trem
1831 2893 1877 2937 et
1908 2881 2100 2936 Filium
2130 2894 2176 2936 et
2203 2883 2453 2952 Spiritum
2469 2897 2717 2940 sanctum.
2755 2892 2831 2941 An
2856 2890 2993 2958 quod
3026 2889 3225 2945 credidi
3247 2922 3258 2932 -

1678 2976 1744 3029 sti
1777 3014 1792 3039 ,
1834 2974 2118 3028 eiiminasti
2147 2974 2171 3028 ?
2210 2975 2351 3044 quod
2395 2977 2669 3032 confessus
2708 2994 2787 3044 es,
2821 2982 3093 3036 avertisti?
3118 2983 3258 3053 quod

1680 3068 1852 3137 palam
1882 3067 2158 3122 declarasti
2195 3110 2209 3131 ,
2244 3069 2343 3123 hoc
2367 3071 2528 3139 impie
2565 3071 2891 3126 labefactasti
2921 3075 2943 3127 ?
2992 3074 3257 3131 bellumne

1679 3172 1800 3213 cum
1830 3173 1957 3227 pace
1982 3159 2122 3226 geris
2153 3160 2176 3212 ?
2214 3160 2556 3229 abnegastine
2608 3163 2808 3216 ﬁdem?
2844 3174 2898 3216 et
2940 3166 3260 3232 quurstiOnes

1679 3264 1862 3305 moves
1886 3250 1910 3304 ‘I
1934 3250 2203 3314 Credenti,
2231 3251 2500 3306 conﬁtenti
2531 3252 2623 3306 tibi
2653 3253 2898 3307 traditum
2926 3264 3005 3309 est
3036 3255 3257 3320 donum,

1680 3350 1734 3397 et
1764 3349 1882 3410 post
1913 3342 2107 3396 donum
2146 3342 2277 3396 ﬁdes
2305 3342 2629 3406 eliminatur,
2658 3352 2711 3397 et
2740 3342 3005 3398 inducitur
3027 3345 3258 3416 disputa-

1681 3434 1798 3488 tio?
1836 3434 1913 3489 Ne
1959 3435 2281 3489 contumelia
2334 3435 2538 3490 afﬁcias
2579 3436 2887 3506 dignitatem
2937 3438 3157 3506 gratim:
3192 3455 3260 3493 ne

1679 3526 1846 3581 violes
1876 3536 2027 3598 pacta
2049 3528 2338 3582 tremendae
2358 3528 2500 3583 illius
2528 3537 2580 3582 et
2607 3528 3212 3586 horrendminitiationis
3242 3574 3257 3598 ,

1681 3634 1801 3675 cum
1824 3619 2100 3675 confessus
2129 3635 2189 3676 es
2221 3631 2271 3675 te
2299 3621 2537 3687 credere,
2572 3621 2622 3676 in
2652 3622 2865 3676 nomine
2895 3622 3064 3677 Patris
3085 3635 3135 3675 et
3167 3624 3261 3678 Fi-

1681 3712 1735 3767 lii
1763 3724 1812 3766 et
1843 3712 2070 3782 Spiritus
2085 3713 2273 3775 sancti,
2307 3712 2600 3781 baptizatus
2621 3729 2678 3768 es
2700 3715 2945 3769 similiter
2969 3714 3022 3769 in
3050 3714 3258 3769 Patrem

1683 3814 1733 3857 et
1760 3802 1953 3858 Filium
1985 3813 2040 3859 et
2077 3803 2329 3874 Spiritum
2357 3815 2596 3858 sanctum
2632 3822 2648 3870 ;
2690 3805 2990 3861 benedictio
3019 3807 3263 3861 similiter

1682 3897 1737 3951 in
1771 3899 1987 3952 nomine
2015 3898 2187 3952 Patris
2229 3907 2282 3952 et
2327 3897 2445 3952 Filii
2491 3907 2546 3953 et
2589 3898 2819 3968 Spiritus
2863 3900 3053 3953 sancti.
3099 3899 3264 3955 Nobis

1684 3988 1822 4043 dona
1849 3990 2030 4059 gratia:
2062 4030 2076 4052 ,
2104 4004 2132 4042 a
2165 3990 2315 4043 vobis
2344 3989 2668 4057 blasphemia
2717 3991 2767 4043 in
2798 3991 3019 4059 gratiam
3045 3991 3068 4042 ?
3097 3990 3262 4045 Nobis

1684 4078 1900 4133 libertas
1942 4093 1969 4130 a
2002 4078 2201 4147 Spiritu
2244 4087 2470 4142 saneto;
2516 4094 2544 4130 a
2583 4079 2734 4133 vobis
2776 4080 3005 4133 servitus
3045 4080 3263 4149 Spiritui

1684 4176 1868 4223 saneto
1885 4168 2203 4224 adscribitur
2225 4172 2249 4223 Υ
2269 4168 2312 4223 0
2330 4169 2603 4223 stultitiam
2626 4170 2639 4223 l
2663 4185 2695 4224 ο
2716 4170 2976 4240 ingratum
3003 4172 3261 4228 animum!

1685 4260 1788 4316 Aut
1830 4275 2024 4314 novam
2066 4276 2197 4330 nega
2228 4262 2450 4330 gratiam
2487 4301 2503 4325 ,
2532 4269 2625 4316 aut
2664 4261 2825 4316 Vetus
2860 4262 3263 4319 Testamentum

1685 4368 1966 4419 reverere,
1995 4354 2079 4408 vel
2129 4354 2321 4425 ubique
2367 4364 2541 4410 statue
2584 4354 2858 4410 Trinitatis
2905 4355 3265 4425 inqualitatem

1688 4447 1908 4502 honoris
1929 4489 1942 4511 ,
1972 4462 2129 4515 quam
2160 4461 2300 4517 smpe
2323 4447 2471 4501 vobis
2492 4462 2555 4502 ex
2585 4446 2766 4500 umltis
2794 4445 3084 4517 Scriptura:
3108 4448 3262 4502 testi-

1687 4543 1882 4597 moniis
1934 4541 2270 4612 probavimus
2305 4558 2318 4595 :
2346 4540 2536 4611 quibus
2562 4540 2720 4594 aliam
2751 4538 3261 4596 demonstrationem

1688 4634 1978 4705 adjungere
2016 4635 2203 4703 placet.
2228 4630 2393 4696 Nova,
2427 4643 2485 4685 ut
2512 4647 2654 4702 smpe
2680 4631 2810 4698 dixi,
2840 4647 2984 4702 sa-pe
3008 4632 3059 4686 in
3084 4631 3263 4688 Veteri

1688 4729 2033 4783 Testamento
2060 4726 2408 4796 praenuntiata
2437 4734 2585 4778 sunt.
2614 4724 2750 4790 Quid
2784 4724 2942 4792 igitur
2967 4723 2991 4778 7
3038 4725 3265 4793 Imperat

1690 4820 1833 4875 Deus
1860 4819 2024 4890 Moysi
2056 4819 2238 4872 dicens
2261 4833 2275 4870 ε
2303 4816 2530 4885 Loquere
2558 4817 2729 4870 Aaron
2759 4827 2806 4870 et
2852 4816 2971 4885 ﬁliis
2997 4818 3105 4888 ejus
3126 4859 3140 4881 ,
3174 4818 3264 4871 Sic

1689 4912 1957 4969 benedicite
1980 4912 2115 4980 ﬁlios
2144 4909 2308 4963 Israel
2332 4906 2519 4979 (Nunt.
2550 4907 2602 4962 6.
2635 4908 2748 4977 25).
2779 4908 3010 4963 Advorte
3039 4906 3265 4979 diligen-

1691 5016 1791 5060 ter.
1814 5004 1892 5059 Ne
1912 5004 2029 5074 quis
2053 5002 2347 5072 simplicius
2372 5002 2643 5069 accipiens
2674 5011 2882 5069 putaret
2909 5016 3021 5056 rem
3049 5018 3271 5072 quomo—

1689 5098 1890 5154 dolibet
1906 5097 2044 5153 bene
2069 5110 2128 5150 se
2155 5095 2351 5149 habere
2378 5136 2393 5159 ,
2442 5092 2637 5162 adjecit
2672 5091 2798 5146 illud
2825 5134 2841 5159 ,
2887 5092 2976 5148 Sic
3000 5132 3016 5158 ,
3050 5108 3116 5148 ne
3141 5095 3262 5164 quis

1690 5192 1901 5264 propria
1927 5188 2237 5244 auctoritate
2264 5184 2659 5241 benedictiones
2707 5184 3027 5251 institueret.
3055 5186 3149 5240 sed
3176 5202 3259 5241 se-

1690 5284 1921 5340 Cundum
1951 5282 2237 5351 Scriptura:
2268 5281 2502 5350 regulam
2532 5281 2711 5332 omnia
2744 5279 2918 5333 facere
2944 5279 3118 5348 jubet.
3152 5281 3259 5346 Sic,

1691 5378 1885 5449 inquit,
1917 5375 2205 5429 benedicite.
2242 5371 2351 5434 Sic,
2381 5371 2697 5441 quomodo?
2747 5370 3015 5425 Benedicet
3042 5371 3131 5423 tibi
3156 5370 3262 5422 Do-

1691 5472 1879 5534 minus,
1902 5477 1948 5521 et
1976 5466 2218 5520 custodiet
2239 5472 2284 5517 te
2305 5462 2354 5533 (Ι
2363 5463 2463 5516 bid.
2491 5478 2540 5516 υ.
2572 5463 2693 5532 24).
2717 5460 2965 5523 Attende,
2999 5459 3264 5529 quomodo

1692 5561 2003 5617 Trinitatem
2036 5557 2228 5626 ubique
2256 5556 2479 5626 mystice
2501 5561 2782 5625 praponat,
2809 5567 2902 5620 per
2926 5566 3083 5619 quam
3112 5550 3268 5604 bene-

1690 5654 1948 5709 dictiones
1970 5646 2320 5720 triplieantut‘.
2353 5665 2371 5698 ι
2406 5646 2689 5701 Benedicet
2714 5653 2765 5698 te
2793 5642 3067 5705 Dominus,
3100 5651 3152 5696 et
3174 5656 3266 5695 cu-

1693 5748 1892 5807 stodiet
1935 5754 2009 5805 te.
2048 5740 2305 5799 Ostendet
2348 5739 2604 5795 Dominus
2645 5736 2848 5793 vultum
2887 5748 3047 5807 super
3086 5743 3139 5790 te
3168 5775 3183 5804 ,
3214 5745 3267 5791 et
