  <div class='ocr_page' id='page_1' title='image "/cluster/home/n/w/nwhite01/storage/ocr_20150623/56/hvd.32044019304435/503.png"; bbox 0 0 3692 6274; ppageno 0'>
   <div class='ocr_carea' id='block_1_1' title="bbox 424 258 532 315">
    <p class='ocr_par' dir='ltr' id='par_1_1' title="bbox 424 258 532 315">
     <span class='ocr_line' id='line_1_1' title="bbox 424 258 532 315; baseline -0.009 0"><span class='ocrx_word' id='word_1_1' title='bbox 424 258 532 315; x_wconf 74' lang='grc'><strong>515</strong></span> 
     </span>
    </p>
   </div>
   <div class='ocr_carea' id='block_1_2' title="bbox 423 364 2006 433">
    <p class='ocr_par' dir='ltr' id='par_1_2' title="bbox 423 364 2006 433">
     <span class='ocr_line' id='line_1_2' title="bbox 423 364 2006 433; baseline -0.007 -5"><span class='ocrx_word' id='word_1_2' title='bbox 423 369 704 429; x_wconf 78' lang='lat' dir='ltr'><strong>benedicet</strong></span> <span class='ocrx_word' id='word_1_3' title='bbox 729 377 802 424; x_wconf 89' lang='lat' dir='ltr'><strong>te.</strong></span> <span class='ocrx_word' id='word_1_4' title='bbox 821 365 1043 421; x_wconf 84' lang='lat' dir='ltr'><strong>Attollet</strong></span> <span class='ocrx_word' id='word_1_5' title='bbox 1069 365 1324 421; x_wconf 87' lang='lat' dir='ltr'><strong>Dominus</strong></span> <span class='ocrx_word' id='word_1_6' title='bbox 1348 364 1550 418; x_wconf 88' lang='lat' dir='ltr'><strong>vultum</strong></span> <span class='ocrx_word' id='word_1_7' title='bbox 1572 378 1725 419; x_wconf 88' lang='lat' dir='ltr'><strong>suum</strong></span> <span class='ocrx_word' id='word_1_8' title='bbox 1753 378 1913 433; x_wconf 81' lang='lat' dir='ltr'><strong>super</strong></span> <span class='ocrx_word' id='word_1_9' title='bbox 1934 372 2006 427; x_wconf 86' lang='lat' dir='ltr'><strong>te,</strong></span> 
     </span>
    </p>
   </div>
   <div class='ocr_carea' id='block_1_3' title="bbox 417 456 2005 530">
    <p class='ocr_par' dir='ltr' id='par_1_3' title="bbox 417 456 2005 530">
     <span class='ocr_line' id='line_1_3' title="bbox 417 456 2005 530; baseline -0.006 -10"><span class='ocrx_word' id='word_1_10' title='bbox 417 475 476 520; x_wconf 86' lang='lat' dir='ltr'><strong>et</strong></span> <span class='ocrx_word' id='word_1_11' title='bbox 501 464 593 518; x_wconf 89' lang='lat' dir='ltr'><strong>det</strong></span> <span class='ocrx_word' id='word_1_12' title='bbox 621 463 712 517; x_wconf 85' lang='lat' dir='ltr'><strong>tibi</strong></span> <span class='ocrx_word' id='word_1_13' title='bbox 742 476 926 530; x_wconf 89' lang='lat' dir='ltr'><strong>pacem</strong></span> <span class='ocrx_word' id='word_1_14' title='bbox 962 479 981 513; x_wconf 81' lang='lat' dir='ltr'><strong>s</strong></span> <span class='ocrx_word' id='word_1_15' title='bbox 1017 456 1205 528; x_wconf 79' lang='lat' dir='ltr'><strong>(Num.</strong></span> <span class='ocrx_word' id='word_1_16' title='bbox 1229 459 1282 515; x_wconf 91' lang='lat'><strong>6.</strong></span> <span class='ocrx_word' id='word_1_17' title='bbox 1310 458 1401 514; x_wconf 69' lang='lat'><strong>25.</strong></span> <span class='ocrx_word' id='word_1_18' title='bbox 1429 457 1500 511; x_wconf 74' lang='lat'><strong>26</strong></span> <span class='ocrx_word' id='word_1_19' title='bbox 1526 459 1562 527; x_wconf 88' lang='lat'><strong>).</strong></span> <span class='ocrx_word' id='word_1_20' title='bbox 1600 456 1730 512; x_wconf 88' lang='lat' dir='ltr'><strong>Vide</strong></span> <span class='ocrx_word' id='word_1_21' title='bbox 1762 467 2005 511; x_wconf 85' lang='lat' dir='ltr'><strong>sanetam</strong></span> 
     </span>
    </p>
   </div>
   <div class='ocr_carea' id='block_1_4' title="bbox 416 548 2004 618">
    <p class='ocr_par' dir='ltr' id='par_1_4' title="bbox 416 548 2004 618">
     <span class='ocr_line' id='line_1_4' title="bbox 416 548 2004 618; baseline -0.004 -9"><span class='ocrx_word' id='word_1_22' title='bbox 416 555 739 609; x_wconf 73' lang='lat' dir='ltr'><strong>Trinitatem</strong></span> <span class='ocrx_word' id='word_1_23' title='bbox 766 552 970 606; x_wconf 83' lang='lat' dir='ltr'><strong>diserte</strong></span> <span class='ocrx_word' id='word_1_24' title='bbox 995 550 1340 606; x_wconf 75' lang='lat' dir='ltr'><strong>celebratam.</strong></span> <span class='ocrx_word' id='word_1_25' title='bbox 1389 548 1454 602; x_wconf 83' lang='lat' dir='ltr'><strong>Et</strong></span> <span class='ocrx_word' id='word_1_26' title='bbox 1482 564 1730 617; x_wconf 80' lang='lat' dir='ltr'><strong>quanam</strong></span> <span class='ocrx_word' id='word_1_27' title='bbox 1775 549 1946 618; x_wconf 85' lang='lat' dir='ltr'><strong>gratia</strong></span> <span class='ocrx_word' id='word_1_28' title='bbox 1974 563 2004 602; x_wconf 87' lang='lat' dir='ltr'><strong>a</strong></span> 
     </span>
    </p>
   </div>
   <div class='ocr_carea' id='block_1_5' title="bbox 416 638 2005 715">
    <p class='ocr_par' dir='ltr' id='par_1_5' title="bbox 416 638 2005 715">
     <span class='ocr_line' id='line_1_5' title="bbox 416 638 2005 715; baseline -0.004 -13"><span class='ocrx_word' id='word_1_29' title='bbox 416 647 618 715; x_wconf 84' lang='lat' dir='ltr'><strong>Spiritu</strong></span> <span class='ocrx_word' id='word_1_30' title='bbox 646 652 834 699; x_wconf 89' lang='lat' dir='ltr'><strong>sancto</strong></span> <span class='ocrx_word' id='word_1_31' title='bbox 862 657 968 697; x_wconf 88' lang='lat' dir='ltr'><strong>non</strong></span> <span class='ocrx_word' id='word_1_32' title='bbox 1001 641 1357 710; x_wconf 86' lang='lat' dir='ltr'><strong>proficiscitur</strong></span> <span class='ocrx_word' id='word_1_33' title='bbox 1380 638 1405 691; x_wconf 72' lang='grc' dir='ltr'><strong><em>γ</em></strong></span> <span class='ocrx_word' id='word_1_34' title='bbox 1428 649 1482 694; x_wconf 91' lang='lat' dir='ltr'><strong>et</strong></span> <span class='ocrx_word' id='word_1_35' title='bbox 1509 639 1650 709; x_wconf 89' lang='lat' dir='ltr'><strong>quod</strong></span> <span class='ocrx_word' id='word_1_36' title='bbox 1677 639 1875 693; x_wconf 81' lang='lat' dir='ltr'><strong>donum</strong></span> <span class='ocrx_word' id='word_1_37' title='bbox 1900 654 2005 695; x_wconf 92' lang='lat' dir='ltr'><strong>non</strong></span> 
     </span>
    </p>
   </div>
   <div class='ocr_carea' id='block_1_6' title="bbox 418 732 2005 805">
    <p class='ocr_par' dir='ltr' id='par_1_6' title="bbox 418 732 2005 805">
     <span class='ocr_line' id='line_1_6' title="bbox 418 732 2005 805; baseline -0.003 -15"><span class='ocrx_word' id='word_1_38' title='bbox 418 739 487 793; x_wconf 94' lang='lat' dir='ltr'><strong>ab</strong></span> <span class='ocrx_word' id='word_1_39' title='bbox 515 738 604 792; x_wconf 90' lang='lat' dir='ltr'><strong>illo</strong></span> <span class='ocrx_word' id='word_1_40' title='bbox 624 736 783 790; x_wconf 89' lang='lat' dir='ltr'><strong>datur</strong></span> <span class='ocrx_word' id='word_1_41' title='bbox 812 734 835 788; x_wconf 82' lang='lat'><strong>?</strong></span> <span class='ocrx_word' id='word_1_42' title='bbox 864 733 1005 805; x_wconf 89' lang='lat' dir='ltr'><strong>quod</strong></span> <span class='ocrx_word' id='word_1_43' title='bbox 1033 734 1231 789; x_wconf 92' lang='lat' dir='ltr'><strong>bonum</strong></span> <span class='ocrx_word' id='word_1_44' title='bbox 1261 733 1379 787; x_wconf 87' lang='lat' dir='ltr'><strong>sine</strong></span> <span class='ocrx_word' id='word_1_45' title='bbox 1403 734 1518 802; x_wconf 90' lang='lat' dir='ltr'><strong>ipso</strong></span> <span class='ocrx_word' id='word_1_46' title='bbox 1544 733 1568 786; x_wconf 69' lang='grc' dir='ltr'><em>ἲ</em></span> <span class='ocrx_word' id='word_1_47' title='bbox 1617 732 1763 802; x_wconf 87' lang='lat' dir='ltr'><strong>quod</strong></span> <span class='ocrx_word' id='word_1_48' title='bbox 1786 733 2005 791; x_wconf 79' lang='lat' dir='ltr'><strong>ealeste</strong></span> 
     </span>
    </p>
   </div>
   <div class='ocr_carea' id='block_1_7' title="bbox 420 826 2009 899">
    <p class='ocr_par' dir='ltr' id='par_1_7' title="bbox 420 826 2009 899">
     <span class='ocr_line' id='line_1_7' title="bbox 420 826 2009 899; baseline -0.004 -14"><span class='ocrx_word' id='word_1_49' title='bbox 420 832 620 886; x_wconf 87' lang='lat' dir='ltr'><strong>bonum</strong></span> <span class='ocrx_word' id='word_1_50' title='bbox 652 831 771 885; x_wconf 87' lang='lat' dir='ltr'><strong>sine</strong></span> <span class='ocrx_word' id='word_1_51' title='bbox 812 829 1047 899; x_wconf 88' lang='lat' dir='ltr'><strong>Spiritus</strong></span> <span class='ocrx_word' id='word_1_52' title='bbox 1078 828 1245 881; x_wconf 89' lang='lat' dir='ltr'><strong>sancti</strong></span> <span class='ocrx_word' id='word_1_53' title='bbox 1276 842 1437 895; x_wconf 83' lang='lat' dir='ltr'><strong>opera</strong></span> <span class='ocrx_word' id='word_1_54' title='bbox 1468 826 1771 880; x_wconf 86' lang='lat' dir='ltr'><strong>hominibus</strong></span> <span class='ocrx_word' id='word_1_55' title='bbox 1796 826 2009 880; x_wconf 87' lang='lat' dir='ltr'><strong>contin-</strong></span> 
     </span>
    </p>
   </div>
   <div class='ocr_carea' id='block_1_8' title="bbox 413 917 2007 994">
    <p class='ocr_par' dir='ltr' id='par_1_8' title="bbox 413 917 2007 994">
     <span class='ocr_line' id='line_1_8' title="bbox 413 917 2007 994; baseline -0.004 -15"><span class='ocrx_word' id='word_1_56' title='bbox 413 940 545 994; x_wconf 91' lang='lat' dir='ltr'><strong>gere</strong></span> <span class='ocrx_word' id='word_1_57' title='bbox 577 922 789 994; x_wconf 80' lang='lat' dir='ltr'><strong>possit?</strong></span> <span class='ocrx_word' id='word_1_58' title='bbox 814 921 1140 978; x_wconf 89' lang='lat' dir='ltr'><strong>Scrutamini</strong></span> <span class='ocrx_word' id='word_1_59' title='bbox 1166 920 1488 988; x_wconf 74' lang='lat' dir='ltr'><strong>Scripturas,</strong></span> <span class='ocrx_word' id='word_1_60' title='bbox 1511 928 1564 973; x_wconf 90' lang='lat' dir='ltr'><strong>et</strong></span> <span class='ocrx_word' id='word_1_61' title='bbox 1592 918 1790 975; x_wconf 79' lang='lat' dir='ltr'><strong>videte.</strong></span> <span class='ocrx_word' id='word_1_62' title='bbox 1826 917 2007 987; x_wconf 85' lang='lat' dir='ltr'><strong>Itaque</strong></span> 
     </span>
    </p>
   </div>
   <div class='ocr_carea' id='block_1_9' title="bbox 418 1011 2003 1086">
    <p class='ocr_par' dir='ltr' id='par_1_9' title="bbox 418 1011 2003 1086">
     <span class='ocr_line' id='line_1_9' title="bbox 418 1011 2003 1086; baseline -0.004 -15"><span class='ocrx_word' id='word_1_63' title='bbox 418 1016 704 1086; x_wconf 83' lang='lat' dir='ltr'><strong>Scriptura</strong></span> <span class='ocrx_word' id='word_1_64' title='bbox 730 1029 881 1071; x_wconf 90' lang='lat' dir='ltr'><strong>sacra</strong></span> <span class='ocrx_word' id='word_1_65' title='bbox 911 1029 1035 1068; x_wconf 90' lang='lat' dir='ltr'><strong>cum</strong></span> <span class='ocrx_word' id='word_1_66' title='bbox 1066 1013 1297 1067; x_wconf 88' lang='lat' dir='ltr'><strong>voluerit</strong></span> <span class='ocrx_word' id='word_1_67' title='bbox 1324 1012 1595 1082; x_wconf 76' lang='lat' dir='ltr'><strong>quidpiam</strong></span> <span class='ocrx_word' id='word_1_68' title='bbox 1622 1051 1639 1074; x_wconf 92' lang='lat'><strong>,</strong></span> <span class='ocrx_word' id='word_1_69' title='bbox 1667 1011 1809 1080; x_wconf 90' lang='lat' dir='ltr'><strong>quod</strong></span> <span class='ocrx_word' id='word_1_70' title='bbox 1843 1026 2003 1079; x_wconf 83' lang='lat' dir='ltr'><strong>supra</strong></span> 
     </span>
    </p>
   </div>
   <div class='ocr_carea' id='block_1_10' title="bbox 419 1103 2006 1172">
    <p class='ocr_par' dir='ltr' id='par_1_10' title="bbox 419 1103 2006 1172">
     <span class='ocr_line' id='line_1_10' title="bbox 419 1103 2006 1172; baseline -0.003 -10"><span class='ocrx_word' id='word_1_71' title='bbox 419 1117 666 1162; x_wconf 86' lang='lat' dir='ltr'><strong>naturam</strong></span> <span class='ocrx_word' id='word_1_72' title='bbox 696 1108 889 1162; x_wconf 87' lang='lat' dir='ltr'><strong>factum</strong></span> <span class='ocrx_word' id='word_1_73' title='bbox 923 1106 1032 1170; x_wconf 90' lang='lat' dir='ltr'><strong>sit,</strong></span> <span class='ocrx_word' id='word_1_74' title='bbox 1068 1105 1304 1160; x_wconf 90' lang='lat' dir='ltr'><strong>indicare</strong></span> <span class='ocrx_word' id='word_1_75' title='bbox 1336 1114 1428 1158; x_wconf 87' lang='lat' dir='ltr'><strong>aut</strong></span> <span class='ocrx_word' id='word_1_76' title='bbox 1447 1104 1750 1165; x_wconf 85' lang='lat' dir='ltr'><strong>ostendere,</strong></span> <span class='ocrx_word' id='word_1_77' title='bbox 1774 1103 2006 1172; x_wconf 89' lang='lat' dir='ltr'><strong>Spiritus</strong></span> 
     </span>
    </p>
   </div>
   <div class='ocr_carea' id='block_1_11' title="bbox 418 1195 2001 1265">
    <p class='ocr_par' dir='ltr' id='par_1_11' title="bbox 418 1195 2001 1265">
     <span class='ocr_line' id='line_1_11' title="bbox 418 1195 2001 1265; baseline -0.003 -12"><span class='ocrx_word' id='word_1_78' title='bbox 418 1199 722 1253; x_wconf 83' lang='lat' dir='ltr'><strong>auctoritati</strong></span> <span class='ocrx_word' id='word_1_79' title='bbox 749 1199 927 1253; x_wconf 89' lang='lat' dir='ltr'><strong>omnia</strong></span> <span class='ocrx_word' id='word_1_80' title='bbox 956 1197 1232 1255; x_wconf 88' lang='lat' dir='ltr'><strong>adscribit.</strong></span> <span class='ocrx_word' id='word_1_81' title='bbox 1263 1195 1421 1251; x_wconf 80' lang='lat' dir='ltr'><strong>Verbi</strong></span> <span class='ocrx_word' id='word_1_82' title='bbox 1443 1196 1633 1265; x_wconf 84' lang='lat' dir='ltr'><strong>gratia,</strong></span> <span class='ocrx_word' id='word_1_83' title='bbox 1665 1196 2001 1261; x_wconf 74' lang='lat' dir='ltr'><strong>Samsonem,</strong></span> 
     </span>
    </p>
   </div>
   <div class='ocr_carea' id='block_1_12' title="bbox 419 1288 2003 1361">
    <p class='ocr_par' dir='ltr' id='par_1_12' title="bbox 419 1288 2003 1361">
     <span class='ocr_line' id='line_1_12' title="bbox 419 1288 2003 1361; baseline -0.001 -16"><span class='ocrx_word' id='word_1_84' title='bbox 419 1291 689 1361; x_wconf 79' lang='lat' dir='ltr'><strong>egregium</strong></span> <span class='ocrx_word' id='word_1_85' title='bbox 717 1291 863 1344; x_wconf 92' lang='lat' dir='ltr'><strong>illum</strong></span> <span class='ocrx_word' id='word_1_86' title='bbox 891 1288 1206 1344; x_wconf 86' lang='lat' dir='ltr'><strong>bellatorem</strong></span> <span class='ocrx_word' id='word_1_87' title='bbox 1227 1330 1243 1354; x_wconf 92' lang='lat'><strong>,</strong></span> <span class='ocrx_word' id='word_1_88' title='bbox 1275 1303 1395 1343; x_wconf 92' lang='lat' dir='ltr'><strong>cum</strong></span> <span class='ocrx_word' id='word_1_89' title='bbox 1433 1289 1643 1358; x_wconf 78' lang='lat' dir='ltr'><strong>egregia</strong></span> <span class='ocrx_word' id='word_1_90' title='bbox 1675 1289 1760 1342; x_wconf 80' lang='lat' dir='ltr'><strong>illa</strong></span> <span class='ocrx_word' id='word_1_91' title='bbox 1797 1304 1859 1343; x_wconf 90' lang='lat' dir='ltr'><strong>ac</strong></span> <span class='ocrx_word' id='word_1_92' title='bbox 1887 1298 2003 1343; x_wconf 85' lang='lat' dir='ltr'><strong>stu-</strong></span> 
     </span>
    </p>
   </div>
   <div class='ocr_carea' id='block_1_13' title="bbox 417 1381 2003 1453">
    <p class='ocr_par' dir='ltr' id='par_1_13' title="bbox 417 1381 2003 1453">
     <span class='ocr_line' id='line_1_13' title="bbox 417 1381 2003 1453; baseline 0.001 -16"><span class='ocrx_word' id='word_1_93' title='bbox 417 1384 592 1451; x_wconf 88' lang='lat' dir='ltr'><strong>penda</strong></span> <span class='ocrx_word' id='word_1_94' title='bbox 636 1381 848 1438; x_wconf 79' lang='lat' dir='ltr'><strong>fortiter</strong></span> <span class='ocrx_word' id='word_1_95' title='bbox 898 1393 1046 1453; x_wconf 86' lang='lat' dir='ltr'><strong>gesta</strong></span> <span class='ocrx_word' id='word_1_96' title='bbox 1099 1382 1373 1452; x_wconf 88' lang='lat' dir='ltr'><strong>Scriptura</strong></span> <span class='ocrx_word' id='word_1_97' title='bbox 1420 1382 1709 1446; x_wconf 86' lang='lat' dir='ltr'><strong>describit,</strong></span> <span class='ocrx_word' id='word_1_98' title='bbox 1771 1383 2003 1452; x_wconf 79' lang='lat' dir='ltr'><strong>Spiritus</strong></span> 
     </span>
    </p>
   </div>
   <div class='ocr_carea' id='block_1_14' title="bbox 418 1472 2000 1546">
    <p class='ocr_par' dir='ltr' id='par_1_14' title="bbox 418 1472 2000 1546">
     <span class='ocr_line' id='line_1_14' title="bbox 418 1472 2000 1546; baseline 0.001 -20"><span class='ocrx_word' id='word_1_99' title='bbox 418 1475 591 1529; x_wconf 84' lang='lat' dir='ltr'><strong>sancti</strong></span> <span class='ocrx_word' id='word_1_100' title='bbox 616 1474 779 1528; x_wconf 89' lang='lat' dir='ltr'><strong>ductu</strong></span> <span class='ocrx_word' id='word_1_101' title='bbox 813 1474 864 1529; x_wconf 92' lang='lat' dir='ltr'><strong>id</strong></span> <span class='ocrx_word' id='word_1_102' title='bbox 906 1473 1098 1529; x_wconf 80' lang='lat' dir='ltr'><strong>fecisse</strong></span> <span class='ocrx_word' id='word_1_103' title='bbox 1127 1473 1424 1543; x_wconf 83' lang='lat' dir='ltr'><strong>pramittit.</strong></span> <span class='ocrx_word' id='word_1_104' title='bbox 1457 1472 1775 1539; x_wconf 89' lang='lat' dir='ltr'><strong>Venerunt,</strong></span> <span class='ocrx_word' id='word_1_105' title='bbox 1811 1475 2000 1546; x_wconf 83' lang='lat' dir='ltr'><strong>inquit,</strong></span> 
     </span>
    </p>
   </div>
   <div class='ocr_carea' id='block_1_15' title="bbox 417 1565 2003 1635">
    <p class='ocr_par' dir='ltr' id='par_1_15' title="bbox 417 1565 2003 1635">
     <span class='ocr_line' id='line_1_15' title="bbox 417 1565 2003 1635; baseline 0.003 -16"><span class='ocrx_word' id='word_1_106' title='bbox 417 1565 746 1635; x_wconf 81' lang='lat' dir='ltr'><strong>Alienigena</strong></span> <span class='ocrx_word' id='word_1_107' title='bbox 772 1565 922 1619; x_wconf 91' lang='lat' dir='ltr'><strong>multi</strong></span> <span class='ocrx_word' id='word_1_108' title='bbox 962 1574 1018 1620; x_wconf 90' lang='lat' dir='ltr'><strong>et</strong></span> <span class='ocrx_word' id='word_1_109' title='bbox 1063 1565 1326 1620; x_wconf 90' lang='lat' dir='ltr'><strong>innumeri</strong></span> <span class='ocrx_word' id='word_1_110' title='bbox 1357 1565 1409 1619; x_wconf 92' lang='lat' dir='ltr'><strong>in</strong></span> <span class='ocrx_word' id='word_1_111' title='bbox 1437 1565 1753 1621; x_wconf 90' lang='lat' dir='ltr'><strong>Samsonem</strong></span> <span class='ocrx_word' id='word_1_112' title='bbox 1789 1584 1804 1631; x_wconf 89' lang='lat'><strong>;</strong></span> <span class='ocrx_word' id='word_1_113' title='bbox 1837 1568 2003 1623; x_wconf 79' lang='lat' dir='ltr'><strong>solus-</strong></span> 
     </span>
    </p>
   </div>
   <div class='ocr_carea' id='block_1_16' title="bbox 409 1657 1998 1729">
    <p class='ocr_par' dir='ltr' id='par_1_16' title="bbox 409 1657 1998 1729">
     <span class='ocr_line' id='line_1_16' title="bbox 409 1657 1998 1729; baseline 0.001 -18"><span class='ocrx_word' id='word_1_114' title='bbox 409 1674 524 1728; x_wconf 35' lang='lat' dir='ltr'><strong>lque</strong></span> <span class='ocrx_word' id='word_1_115' title='bbox 555 1659 642 1712; x_wconf 89' lang='lat' dir='ltr'><strong>ille</strong></span> <span class='ocrx_word' id='word_1_116' title='bbox 666 1666 783 1712; x_wconf 91' lang='lat' dir='ltr'><strong>erat</strong></span> <span class='ocrx_word' id='word_1_117' title='bbox 813 1699 830 1724; x_wconf 92' lang='lat'><strong>,</strong></span> <span class='ocrx_word' id='word_1_118' title='bbox 874 1673 1048 1728; x_wconf 88' lang='lat' dir='ltr'><strong>neque</strong></span> <span class='ocrx_word' id='word_1_119' title='bbox 1078 1657 1131 1711; x_wconf 92' lang='lat' dir='ltr'><strong>id</strong></span> <span class='ocrx_word' id='word_1_120' title='bbox 1161 1666 1365 1711; x_wconf 87' lang='lat' dir='ltr'><strong>tantum</strong></span> <span class='ocrx_word' id='word_1_121' title='bbox 1388 1699 1403 1722; x_wconf 91' lang='lat'><strong>,</strong></span> <span class='ocrx_word' id='word_1_122' title='bbox 1441 1657 1535 1712; x_wconf 89' lang='lat' dir='ltr'><strong>sed</strong></span> <span class='ocrx_word' id='word_1_123' title='bbox 1584 1661 1744 1713; x_wconf 84' lang='lat' dir='ltr'><strong>etiam</strong></span> <span class='ocrx_word' id='word_1_124' title='bbox 1787 1660 1998 1729; x_wconf 84' lang='lat' dir='ltr'><strong>ligatus.</strong></span> 
     </span>
    </p>
   </div>
   <div class='ocr_carea' id='block_1_17' title="bbox 416 1751 2002 1823">
    <p class='ocr_par' dir='ltr' id='par_1_17' title="bbox 416 1751 2002 1823">
     <span class='ocr_line' id='line_1_17' title="bbox 416 1751 2002 1823; baseline -0.001 -16"><span class='ocrx_word' id='word_1_125' title='bbox 416 1754 547 1821; x_wconf 87' lang='lat' dir='ltr'><strong>Qua</strong></span> <span class='ocrx_word' id='word_1_126' title='bbox 577 1753 733 1823; x_wconf 87' lang='lat' dir='ltr'><strong>igitur</strong></span> <span class='ocrx_word' id='word_1_127' title='bbox 753 1767 876 1822; x_wconf 86' lang='lat' dir='ltr'><strong>spes</strong></span> <span class='ocrx_word' id='word_1_128' title='bbox 898 1751 1162 1807; x_wconf 87' lang='lat' dir='ltr'><strong>libertatis</strong></span> <span class='ocrx_word' id='word_1_129' title='bbox 1179 1752 1397 1806; x_wconf 81' lang='lat' dir='ltr'><strong>vincto?</strong></span> <span class='ocrx_word' id='word_1_130' title='bbox 1418 1767 1535 1821; x_wconf 73' lang='lat' dir='ltr'><strong>qua</strong></span> <span class='ocrx_word' id='word_1_131' title='bbox 1557 1751 1742 1805; x_wconf 89' lang='lat' dir='ltr'><strong>salutis</strong></span> <span class='ocrx_word' id='word_1_132' title='bbox 1767 1752 2002 1823; x_wconf 78' lang='lat' dir='ltr'><strong>captivo?</strong></span> 
     </span>
    </p>
   </div>
   <div class='ocr_carea' id='block_1_18' title="bbox 416 1842 2001 1916">
    <p class='ocr_par' dir='ltr' id='par_1_18' title="bbox 416 1842 2001 1916">
     <span class='ocr_line' id='line_1_18' title="bbox 416 1842 2001 1916; baseline 0.001 -16"><span class='ocrx_word' id='word_1_133' title='bbox 416 1844 689 1916; x_wconf 90' lang='lat' dir='ltr'><strong>quomodo</strong></span> <span class='ocrx_word' id='word_1_134' title='bbox 714 1859 851 1899; x_wconf 89' lang='lat' dir='ltr'><strong>unus</strong></span> <span class='ocrx_word' id='word_1_135' title='bbox 874 1844 1055 1899; x_wconf 90' lang='lat' dir='ltr'><strong>multis</strong></span> <span class='ocrx_word' id='word_1_136' title='bbox 1081 1845 1326 1913; x_wconf 81' lang='lat' dir='ltr'><strong>superior</strong></span> <span class='ocrx_word' id='word_1_137' title='bbox 1345 1844 1447 1898; x_wconf 91' lang='lat' dir='ltr'><strong>erit</strong></span> <span class='ocrx_word' id='word_1_138' title='bbox 1477 1844 1499 1896; x_wconf 85' lang='lat'><strong>?</strong></span> <span class='ocrx_word' id='word_1_139' title='bbox 1524 1842 1759 1913; x_wconf 83' lang='lat' dir='ltr'><strong>Spiritus</strong></span> <span class='ocrx_word' id='word_1_140' title='bbox 1788 1844 2001 1901; x_wconf 82' lang='lat' dir='ltr'><strong>Domini</strong></span> 
     </span>
    </p>
   </div>
   <div class='ocr_carea' id='block_1_19' title="bbox 416 1935 1996 2007">
    <p class='ocr_par' dir='ltr' id='par_1_19' title="bbox 416 1935 1996 2007">
     <span class='ocr_line' id='line_1_19' title="bbox 416 1935 1996 2007; baseline -0.001 -16"><span class='ocrx_word' id='word_1_141' title='bbox 416 1935 695 1992; x_wconf 85' lang='lat' dir='ltr'><strong>descendit</strong></span> <span class='ocrx_word' id='word_1_142' title='bbox 734 1936 788 1989; x_wconf 92' lang='lat' dir='ltr'><strong>in</strong></span> <span class='ocrx_word' id='word_1_143' title='bbox 819 1935 1132 1991; x_wconf 83' lang='lat' dir='ltr'><strong>Samsonem</strong></span> <span class='ocrx_word' id='word_1_144' title='bbox 1176 1975 1194 2002; x_wconf 95' lang='lat'><strong>,</strong></span> <span class='ocrx_word' id='word_1_145' title='bbox 1225 1943 1280 1989; x_wconf 90' lang='lat' dir='ltr'><strong>et</strong></span> <span class='ocrx_word' id='word_1_146' title='bbox 1323 1935 1479 1988; x_wconf 90' lang='lat' dir='ltr'><strong>irruit</strong></span> <span class='ocrx_word' id='word_1_147' title='bbox 1516 1936 1571 1989; x_wconf 91' lang='lat' dir='ltr'><strong>in</strong></span> <span class='ocrx_word' id='word_1_148' title='bbox 1617 1936 1996 2007; x_wconf 83' lang='lat' dir='ltr'><strong>Alienigenas,</strong></span> 
     </span>
    </p>
   </div>
   <div class='ocr_carea' id='block_1_20' title="bbox 416 2026 2002 2098">
    <p class='ocr_par' dir='ltr' id='par_1_20' title="bbox 416 2026 2002 2098">
     <span class='ocr_line' id='line_1_20' title="bbox 416 2026 2002 2098; baseline -0.001 -14"><span class='ocrx_word' id='word_1_149' title='bbox 416 2038 739 2098; x_wconf 87' lang='lat' dir='ltr'><strong>repertaque</strong></span> <span class='ocrx_word' id='word_1_150' title='bbox 773 2027 911 2081; x_wconf 86' lang='lat' dir='ltr'><strong>asini</strong></span> <span class='ocrx_word' id='word_1_151' title='bbox 945 2026 1196 2091; x_wconf 83' lang='lat' dir='ltr'><strong>maxilla,</strong></span> <span class='ocrx_word' id='word_1_152' title='bbox 1229 2026 1375 2080; x_wconf 91' lang='lat' dir='ltr'><strong>mille</strong></span> <span class='ocrx_word' id='word_1_153' title='bbox 1415 2029 1561 2080; x_wconf 88' lang='lat' dir='ltr'><strong>viros</strong></span> <span class='ocrx_word' id='word_1_154' title='bbox 1601 2026 1892 2085; x_wconf 79' lang='lat' dir='ltr'><strong>interfecit.</strong></span> <span class='ocrx_word' id='word_1_155' title='bbox 1923 2029 2002 2083; x_wconf 82' lang='lat' dir='ltr'><strong>Ac</strong></span> 
     </span>
    </p>
   </div>
   <div class='ocr_carea' id='block_1_21' title="bbox 418 2118 2002 2189">
    <p class='ocr_par' dir='ltr' id='par_1_21' title="bbox 418 2118 2002 2189">
     <span class='ocr_line' id='line_1_21' title="bbox 418 2118 2002 2189; baseline -0.001 -13"><span class='ocrx_word' id='word_1_156' title='bbox 418 2120 543 2176; x_wconf 81' lang='lat' dir='ltr'><strong>vide</strong></span> <span class='ocrx_word' id='word_1_157' title='bbox 560 2121 754 2176; x_wconf 84' lang='lat' dir='ltr'><strong>divina</strong></span> <span class='ocrx_word' id='word_1_158' title='bbox 779 2121 1070 2189; x_wconf 90' lang='lat' dir='ltr'><strong>Scriptura</strong></span> <span class='ocrx_word' id='word_1_159' title='bbox 1090 2120 1429 2189; x_wconf 83' lang='lat' dir='ltr'><strong>sapientiam.</strong></span> <span class='ocrx_word' id='word_1_160' title='bbox 1450 2118 1580 2174; x_wconf 89' lang='lat' dir='ltr'><strong>Cum</strong></span> <span class='ocrx_word' id='word_1_161' title='bbox 1604 2120 1895 2189; x_wconf 73' lang='lat' dir='ltr'><strong>inexpertis</strong></span> <span class='ocrx_word' id='word_1_162' title='bbox 1922 2122 2002 2174; x_wconf 88' lang='lat' dir='ltr'><strong>in-</strong></span> 
     </span>
    </p>
   </div>
   <div class='ocr_carea' id='block_1_22' title="bbox 415 2212 1998 2279">
    <p class='ocr_par' dir='ltr' id='par_1_22' title="bbox 415 2212 1998 2279">
     <span class='ocr_line' id='line_1_22' title="bbox 415 2212 1998 2279; baseline -0.001 -10"><span class='ocrx_word' id='word_1_163' title='bbox 415 2214 672 2271; x_wconf 86' lang='lat' dir='ltr'><strong>credibile</strong></span> <span class='ocrx_word' id='word_1_164' title='bbox 701 2213 991 2279; x_wconf 75' lang='lat' dir='ltr'><strong>videretur,</strong></span> <span class='ocrx_word' id='word_1_165' title='bbox 1021 2212 1255 2267; x_wconf 84' lang='lat' dir='ltr'><strong>vinctum</strong></span> <span class='ocrx_word' id='word_1_166' title='bbox 1277 2212 1487 2266; x_wconf 86' lang='lat' dir='ltr'><strong>solutos</strong></span> <span class='ocrx_word' id='word_1_167' title='bbox 1504 2212 1720 2278; x_wconf 82' lang='lat' dir='ltr'><strong>vicisse,</strong></span> <span class='ocrx_word' id='word_1_168' title='bbox 1742 2221 1799 2267; x_wconf 92' lang='lat' dir='ltr'><strong>et</strong></span> <span class='ocrx_word' id='word_1_169' title='bbox 1824 2213 1998 2267; x_wconf 88' lang='lat' dir='ltr'><strong>solum</strong></span> 
     </span>
    </p>
   </div>
   <div class='ocr_carea' id='block_1_23' title="bbox 419 2303 1999 2376">
    <p class='ocr_par' dir='ltr' id='par_1_23' title="bbox 419 2303 1999 2376">
     <span class='ocr_line' id='line_1_23' title="bbox 419 2303 1999 2376; baseline -0.001 -17"><span class='ocrx_word' id='word_1_170' title='bbox 419 2306 616 2361; x_wconf 90' lang='lat' dir='ltr'><strong>multos</strong></span> <span class='ocrx_word' id='word_1_171' title='bbox 642 2319 948 2374; x_wconf 84' lang='lat' dir='ltr'><strong>superasse,</strong></span> <span class='ocrx_word' id='word_1_172' title='bbox 981 2305 1102 2359; x_wconf 90' lang='lat' dir='ltr'><strong>ideo</strong></span> <span class='ocrx_word' id='word_1_173' title='bbox 1132 2303 1373 2373; x_wconf 86' lang='lat' dir='ltr'><strong>apposite</strong></span> <span class='ocrx_word' id='word_1_174' title='bbox 1402 2304 1656 2373; x_wconf 66' lang='lat' dir='ltr'><strong>praemisit</strong></span> <span class='ocrx_word' id='word_1_175' title='bbox 1688 2323 1701 2359; x_wconf 93' lang='lat'>:</span> <span class='ocrx_word' id='word_1_176' title='bbox 1736 2304 1801 2357; x_wconf 86' lang='lat' dir='ltr'><strong>Et</strong></span> <span class='ocrx_word' id='word_1_177' title='bbox 1825 2306 1999 2376; x_wconf 82' lang='lat' dir='ltr'><strong>Spiri-</strong></span> 
     </span>
    </p>
   </div>
   <div class='ocr_carea' id='block_1_24' title="bbox 414 2394 1998 2465">
    <p class='ocr_par' dir='ltr' id='par_1_24' title="bbox 414 2394 1998 2465">
     <span class='ocr_line' id='line_1_24' title="bbox 414 2394 1998 2465; baseline 0.001 -15"><span class='ocrx_word' id='word_1_178' title='bbox 414 2407 497 2451; x_wconf 75' lang='lat' dir='ltr'><strong>tus</strong></span> <span class='ocrx_word' id='word_1_179' title='bbox 535 2395 744 2449; x_wconf 83' lang='lat' dir='ltr'><strong>Domini</strong></span> <span class='ocrx_word' id='word_1_180' title='bbox 773 2396 971 2450; x_wconf 86' lang='lat' dir='ltr'><strong>advenit</strong></span> <span class='ocrx_word' id='word_1_181' title='bbox 1009 2395 1061 2448; x_wconf 90' lang='lat' dir='ltr'><strong>in</strong></span> <span class='ocrx_word' id='word_1_182' title='bbox 1110 2394 1409 2450; x_wconf 86' lang='lat' dir='ltr'><strong>Samsonem</strong></span> <span class='ocrx_word' id='word_1_183' title='bbox 1451 2405 1499 2449; x_wconf 93' lang='lat' dir='ltr'><strong>et</strong></span> <span class='ocrx_word' id='word_1_184' title='bbox 1539 2406 1743 2465; x_wconf 83' lang='lat' dir='ltr'><strong>accepta</strong></span> <span class='ocrx_word' id='word_1_185' title='bbox 1788 2398 1998 2452; x_wconf 73' lang='lat' dir='ltr'><strong>maran</strong></span> 
     </span>
    </p>
   </div>
   <div class='ocr_carea' id='block_1_25' title="bbox 419 2486 1997 2560">
    <p class='ocr_par' dir='ltr' id='par_1_25' title="bbox 419 2486 1997 2560">
     <span class='ocr_line' id='line_1_25' title="bbox 419 2486 1997 2560; baseline 0.003 -19"><span class='ocrx_word' id='word_1_186' title='bbox 419 2488 551 2542; x_wconf 87' lang='lat' dir='ltr'><strong>asini</strong></span> <span class='ocrx_word' id='word_1_187' title='bbox 584 2530 598 2551; x_wconf 88' lang='lat'><strong>,</strong></span> <span class='ocrx_word' id='word_1_188' title='bbox 619 2489 762 2542; x_wconf 77' lang='lat' dir='ltr'><strong>mille</strong></span> <span class='ocrx_word' id='word_1_189' title='bbox 778 2490 913 2542; x_wconf 78' lang='lat' dir='ltr'><strong>uiros</strong></span> <span class='ocrx_word' id='word_1_190' title='bbox 929 2488 1115 2542; x_wconf 69' lang='lat' dir='ltr'><strong>occidit</strong></span> <span class='ocrx_word' id='word_1_191' title='bbox 1143 2486 1353 2556; x_wconf 79' lang='lat' dir='ltr'><strong>(Judic.</strong></span> <span class='ocrx_word' id='word_1_192' title='bbox 1386 2488 1471 2541; x_wconf 75' lang='grc'><strong>15.</strong></span> <span class='ocrx_word' id='word_1_193' title='bbox 1507 2489 1594 2542; x_wconf 69' lang='grc' dir='ltr'><strong>Μ.</strong></span> <span class='ocrx_word' id='word_1_194' title='bbox 1622 2487 1757 2560; x_wconf 76' lang='grc'><strong>15);</strong></span> <span class='ocrx_word' id='word_1_195' title='bbox 1790 2499 1847 2542; x_wconf 90' lang='lat' dir='ltr'><strong>ut</strong></span> <span class='ocrx_word' id='word_1_196' title='bbox 1875 2504 1997 2546; x_wconf 91' lang='lat' dir='ltr'><strong>cum</strong></span> 
     </span>
    </p>
   </div>
   <div class='ocr_carea' id='block_1_26' title="bbox 414 2579 1996 2645">
    <p class='ocr_par' dir='ltr' id='par_1_26' title="bbox 414 2579 1996 2645">
     <span class='ocr_line' id='line_1_26' title="bbox 414 2579 1996 2645; baseline -0.002 -6"><span class='ocrx_word' id='word_1_197' title='bbox 414 2582 707 2638; x_wconf 76' lang='lat' dir='ltr'><strong>secundum</strong></span> <span class='ocrx_word' id='word_1_198' title='bbox 738 2582 1023 2636; x_wconf 84' lang='lat' dir='ltr'><strong>humanam</strong></span> <span class='ocrx_word' id='word_1_199' title='bbox 1043 2588 1285 2634; x_wconf 90' lang='lat' dir='ltr'><strong>naturam</strong></span> <span class='ocrx_word' id='word_1_200' title='bbox 1311 2579 1361 2634; x_wconf 93' lang='lat' dir='ltr'><strong>id</strong></span> <span class='ocrx_word' id='word_1_201' title='bbox 1385 2579 1691 2635; x_wconf 78' lang='lat' dir='ltr'><strong>incredibile</strong></span> <span class='ocrx_word' id='word_1_202' title='bbox 1708 2580 1996 2645; x_wconf 84' lang='lat' dir='ltr'><strong>videretur,</strong></span> 
     </span>
    </p>
   </div>
   <div class='ocr_carea' id='block_1_27' title="bbox 414 2670 1996 2745">
    <p class='ocr_par' dir='ltr' id='par_1_27' title="bbox 414 2670 1996 2745">
     <span class='ocr_line' id='line_1_27' title="bbox 414 2670 1996 2745; baseline 0.001 -18"><span class='ocrx_word' id='word_1_203' title='bbox 414 2689 511 2745; x_wconf 88' lang='lat' dir='ltr'><strong>per</strong></span> <span class='ocrx_word' id='word_1_204' title='bbox 560 2673 789 2742; x_wconf 88' lang='lat' dir='ltr'><strong>Spiritus</strong></span> <span class='ocrx_word' id='word_1_205' title='bbox 842 2671 1131 2742; x_wconf 89' lang='lat' dir='ltr'><strong>potentiam</strong></span> <span class='ocrx_word' id='word_1_206' title='bbox 1192 2670 1519 2726; x_wconf 86' lang='lat' dir='ltr'><strong>crederetur.</strong></span> <span class='ocrx_word' id='word_1_207' title='bbox 1595 2670 1776 2741; x_wconf 81' lang='lat' dir='ltr'><strong>itaque</strong></span> <span class='ocrx_word' id='word_1_208' title='bbox 1831 2672 1996 2741; x_wconf 90' lang='lat' dir='ltr'><strong>probe</strong></span> 
     </span>
    </p>
   </div>
   <div class='ocr_carea' id='block_1_28' title="bbox 414 2763 1997 2836">
    <p class='ocr_par' dir='ltr' id='par_1_28' title="bbox 414 2763 1997 2836">
     <span class='ocr_line' id='line_1_28' title="bbox 414 2763 1997 2836; baseline 0 -16"><span class='ocrx_word' id='word_1_209' title='bbox 414 2765 623 2836; x_wconf 73' lang='lat' dir='ltr'><strong>Moyses</strong></span> <span class='ocrx_word' id='word_1_210' title='bbox 647 2763 779 2819; x_wconf 80' lang='lat' dir='ltr'><strong>dixit</strong></span> <span class='ocrx_word' id='word_1_211' title='bbox 802 2781 816 2817; x_wconf 87' lang='lat'><strong>:</strong></span> <span class='ocrx_word' id='word_1_212' title='bbox 848 2763 1110 2831; x_wconf 83' lang='lat' dir='ltr'><strong>Quomodo</strong></span> <span class='ocrx_word' id='word_1_213' title='bbox 1131 2772 1452 2832; x_wconf 79' lang='lat' dir='ltr'><strong>persequetur</strong></span> <span class='ocrx_word' id='word_1_214' title='bbox 1478 2779 1607 2817; x_wconf 89' lang='lat' dir='ltr'><strong>unus</strong></span> <span class='ocrx_word' id='word_1_215' title='bbox 1634 2764 1790 2828; x_wconf 86' lang='lat' dir='ltr'><strong>mille,</strong></span> <span class='ocrx_word' id='word_1_216' title='bbox 1818 2775 1864 2819; x_wconf 91' lang='lat' dir='ltr'><strong>et</strong></span> <span class='ocrx_word' id='word_1_217' title='bbox 1890 2765 1997 2820; x_wconf 80' lang='lat' dir='ltr'><strong>duo</strong></span> 
     </span>
    </p>
   </div>
   <div class='ocr_carea' id='block_1_29' title="bbox 416 2854 1993 2926">
    <p class='ocr_par' dir='ltr' id='par_1_29' title="bbox 416 2854 1993 2926">
     <span class='ocr_line' id='line_1_29' title="bbox 416 2854 1993 2926; baseline -0.001 -16"><span class='ocrx_word' id='word_1_218' title='bbox 416 2856 660 2926; x_wconf 73' lang='lat' dir='ltr'><strong>frigebunt</strong></span> <span class='ocrx_word' id='word_1_219' title='bbox 681 2856 850 2909; x_wconf 85' lang='lat' dir='ltr'><strong>decem</strong></span> <span class='ocrx_word' id='word_1_220' title='bbox 875 2854 1056 2919; x_wconf 80' lang='lat' dir='ltr'><strong>millia,</strong></span> <span class='ocrx_word' id='word_1_221' title='bbox 1086 2855 1186 2909; x_wconf 88' lang='lat' dir='ltr'><strong>nisi</strong></span> <span class='ocrx_word' id='word_1_222' title='bbox 1208 2856 1328 2925; x_wconf 83' lang='lat' dir='ltr'><strong>quia</strong></span> <span class='ocrx_word' id='word_1_223' title='bbox 1350 2854 1601 2908; x_wconf 76' lang='lat' dir='ltr'><strong>Dominus</strong></span> <span class='ocrx_word' id='word_1_224' title='bbox 1622 2856 1835 2909; x_wconf 90' lang='lat' dir='ltr'><strong>tradidit</strong></span> <span class='ocrx_word' id='word_1_225' title='bbox 1865 2872 1950 2910; x_wconf 86' lang='lat' dir='ltr'><strong>eos</strong></span> <span class='ocrx_word' id='word_1_226' title='bbox 1978 2899 1993 2923; x_wconf 93' lang='lat'><strong>,</strong></span> 
     </span>
    </p>
   </div>
   <div class='ocr_carea' id='block_1_30' title="bbox 414 2945 1997 3019">
    <p class='ocr_par' dir='ltr' id='par_1_30' title="bbox 414 2945 1997 3019">
     <span class='ocr_line' id='line_1_30' title="bbox 414 2945 1997 3019; baseline 0.001 -17"><span class='ocrx_word' id='word_1_227' title='bbox 414 2957 462 3002; x_wconf 85' lang='lat' dir='ltr'><strong>et</strong></span> <span class='ocrx_word' id='word_1_228' title='bbox 487 2947 627 3002; x_wconf 85' lang='lat' dir='ltr'><strong>Deus</strong></span> <span class='ocrx_word' id='word_1_229' title='bbox 646 2947 864 3001; x_wconf 77' lang='lat' dir='ltr'><strong>uendidit</strong></span> <span class='ocrx_word' id='word_1_230' title='bbox 888 2947 1003 3001; x_wconf 80' lang='lat' dir='ltr'><strong>illos</strong></span> <span class='ocrx_word' id='word_1_231' title='bbox 1032 2945 1210 3017; x_wconf 88' lang='lat' dir='ltr'><strong>(Deut.</strong></span> <span class='ocrx_word' id='word_1_232' title='bbox 1237 2946 1328 3001; x_wconf 68' lang='lat'><strong>52.</strong></span> <span class='ocrx_word' id='word_1_233' title='bbox 1352 2946 1445 3015; x_wconf 78' lang='grc'><strong>50)</strong></span> <span class='ocrx_word' id='word_1_234' title='bbox 1475 2948 1498 3000; x_wconf 86' lang='lat'><strong>?</strong></span> <span class='ocrx_word' id='word_1_235' title='bbox 1528 2947 1668 3018; x_wconf 80' lang='lat' dir='ltr'><strong>Lege</strong></span> <span class='ocrx_word' id='word_1_236' title='bbox 1695 2948 1997 3019; x_wconf 86' lang='lat' dir='ltr'><strong>Scripturas</strong></span> 
     </span>
    </p>
   </div>
   <div class='ocr_carea' id='block_1_31' title="bbox 412 3037 1995 3109">
    <p class='ocr_par' dir='ltr' id='par_1_31' title="bbox 412 3037 1995 3109">
     <span class='ocr_line' id='line_1_31' title="bbox 412 3037 1995 3109; baseline 0.001 -15"><span class='ocrx_word' id='word_1_237' title='bbox 412 3048 469 3094; x_wconf 89' lang='lat' dir='ltr'><strong>et</strong></span> <span class='ocrx_word' id='word_1_238' title='bbox 489 3039 539 3093; x_wconf 93' lang='lat' dir='ltr'><strong>in</strong></span> <span class='ocrx_word' id='word_1_239' title='bbox 563 3038 785 3109; x_wconf 80' lang='lat' dir='ltr'><strong>singulis</strong></span> <span class='ocrx_word' id='word_1_240' title='bbox 807 3038 1131 3093; x_wconf 88' lang='lat' dir='ltr'><strong>facinoribus</strong></span> <span class='ocrx_word' id='word_1_241' title='bbox 1156 3037 1388 3108; x_wconf 87' lang='lat' dir='ltr'><strong>Spiritus</strong></span> <span class='ocrx_word' id='word_1_242' title='bbox 1412 3040 1581 3095; x_wconf 86' lang='lat' dir='ltr'><strong>sancti</strong></span> <span class='ocrx_word' id='word_1_243' title='bbox 1611 3040 1859 3095; x_wconf 84' lang='lat' dir='ltr'><strong>virtutem</strong></span> <span class='ocrx_word' id='word_1_244' title='bbox 1891 3056 1995 3095; x_wconf 80' lang='lat' dir='ltr'><strong>an-</strong></span> 
     </span>
    </p>
   </div>
   <div class='ocr_carea' id='block_1_32' title="bbox 412 3130 1998 3203">
    <p class='ocr_par' dir='ltr' id='par_1_32' title="bbox 412 3130 1998 3203">
     <span class='ocr_line' id='line_1_32' title="bbox 412 3130 1998 3203; baseline 0.002 -17"><span class='ocrx_word' id='word_1_245' title='bbox 412 3131 694 3200; x_wconf 84' lang='lat' dir='ltr'><strong>tepositam</strong></span> <span class='ocrx_word' id='word_1_246' title='bbox 731 3130 1139 3186; x_wconf 82' lang='lat' dir='ltr'><strong>animadvertes.</strong></span> <span class='ocrx_word' id='word_1_247' title='bbox 1198 3130 1473 3187; x_wconf 80' lang='lat' dir='ltr'><strong>Venerunt</strong></span> <span class='ocrx_word' id='word_1_248' title='bbox 1525 3132 1851 3203; x_wconf 83' lang='lat' dir='ltr'><strong>Alienigena</strong></span> <span class='ocrx_word' id='word_1_249' title='bbox 1881 3176 1895 3199; x_wconf 94' lang='lat'><strong>,</strong></span> <span class='ocrx_word' id='word_1_250' title='bbox 1943 3143 1998 3189; x_wconf 91' lang='lat' dir='ltr'><strong>et</strong></span> 
     </span>
    </p>
   </div>
   <div class='ocr_carea' id='block_1_33' title="bbox 414 3221 1991 3297">
    <p class='ocr_par' dir='ltr' id='par_1_33' title="bbox 414 3221 1991 3297">
     <span class='ocr_line' id='line_1_33' title="bbox 414 3221 1991 3297; baseline 0.001 -19"><span class='ocrx_word' id='word_1_251' title='bbox 414 3221 643 3293; x_wconf 85' lang='lat' dir='ltr'><strong>Spiritus</strong></span> <span class='ocrx_word' id='word_1_252' title='bbox 673 3222 881 3277; x_wconf 91' lang='lat' dir='ltr'><strong>Domini</strong></span> <span class='ocrx_word' id='word_1_253' title='bbox 911 3221 1123 3277; x_wconf 87' lang='lat' dir='ltr'><strong>advenit</strong></span> <span class='ocrx_word' id='word_1_254' title='bbox 1145 3223 1195 3277; x_wconf 93' lang='lat' dir='ltr'><strong>in</strong></span> <span class='ocrx_word' id='word_1_255' title='bbox 1223 3222 1538 3279; x_wconf 86' lang='lat' dir='ltr'><strong>Samsonem</strong></span> <span class='ocrx_word' id='word_1_256' title='bbox 1561 3222 1757 3297; x_wconf 85' lang='lat' dir='ltr'><strong>(Judic.</strong></span> <span class='ocrx_word' id='word_1_257' title='bbox 1793 3227 1881 3280; x_wconf 77' lang='grc' dir='ltr'><strong>Η.</strong></span> <span class='ocrx_word' id='word_1_258' title='bbox 1913 3226 1991 3297; x_wconf 85' lang='grc'><strong>6).</strong></span> 
     </span>
    </p>
   </div>
   <div class='ocr_carea' id='block_1_34' title="bbox 413 3314 1995 3385">
    <p class='ocr_par' dir='ltr' id='par_1_34' title="bbox 413 3314 1995 3385">
     <span class='ocr_line' id='line_1_34' title="bbox 413 3314 1995 3385; baseline 0.002 -15"><span class='ocrx_word' id='word_1_259' title='bbox 413 3315 598 3370; x_wconf 89' lang='lat' dir='ltr'><strong>lnsiliit</strong></span> <span class='ocrx_word' id='word_1_260' title='bbox 644 3315 727 3369; x_wconf 86' lang='lat' dir='ltr'><strong>leo</strong></span> <span class='ocrx_word' id='word_1_261' title='bbox 762 3323 821 3370; x_wconf 90' lang='lat' dir='ltr'><strong>et</strong></span> <span class='ocrx_word' id='word_1_262' title='bbox 852 3314 1137 3385; x_wconf 84' lang='lat' dir='ltr'><strong>discerpsit</strong></span> <span class='ocrx_word' id='word_1_263' title='bbox 1177 3315 1387 3371; x_wconf 88' lang='lat' dir='ltr'><strong>leonem</strong></span> <span class='ocrx_word' id='word_1_264' title='bbox 1421 3326 1477 3370; x_wconf 90' lang='lat' dir='ltr'><strong>ut</strong></span> <span class='ocrx_word' id='word_1_265' title='bbox 1506 3316 1740 3371; x_wconf 85' lang='lat' dir='ltr'><strong>hadum.</strong></span> <span class='ocrx_word' id='word_1_266' title='bbox 1778 3318 1995 3373; x_wconf 82' lang='lat' dir='ltr'><strong>Vinctus</strong></span> 
     </span>
    </p>
   </div>
   <div class='ocr_carea' id='block_1_35' title="bbox 406 3402 1997 3481">
    <p class='ocr_par' dir='ltr' id='par_1_35' title="bbox 406 3402 1997 3481">
     <span class='ocr_line' id='line_1_35' title="bbox 406 3402 1997 3481; baseline 0.001 -19"><span class='ocrx_word' id='word_1_267' title='bbox 406 3416 490 3462; x_wconf 88' lang='lat' dir='ltr'><strong>est</strong></span> <span class='ocrx_word' id='word_1_268' title='bbox 510 3402 700 3462; x_wconf 75' lang='lat' dir='ltr'><strong>ferreis</strong></span> <span class='ocrx_word' id='word_1_269' title='bbox 727 3408 951 3473; x_wconf 87' lang='lat' dir='ltr'><strong>catenis,</strong></span> <span class='ocrx_word' id='word_1_270' title='bbox 980 3415 1034 3461; x_wconf 86' lang='lat' dir='ltr'><strong>et</strong></span> <span class='ocrx_word' id='word_1_271' title='bbox 1062 3422 1197 3461; x_wconf 78' lang='lat' dir='ltr'><strong>uxor</strong></span> <span class='ocrx_word' id='word_1_272' title='bbox 1218 3407 1337 3477; x_wconf 86' lang='lat' dir='ltr'><strong>ejus</strong></span> <span class='ocrx_word' id='word_1_273' title='bbox 1365 3406 1431 3461; x_wconf 92' lang='lat' dir='ltr'><strong>ad</strong></span> <span class='ocrx_word' id='word_1_274' title='bbox 1461 3424 1583 3462; x_wconf 91' lang='lat' dir='ltr'><strong>eum</strong></span> <span class='ocrx_word' id='word_1_275' title='bbox 1613 3449 1629 3474; x_wconf 94' lang='lat'><strong>,</strong></span> <span class='ocrx_word' id='word_1_276' title='bbox 1688 3410 1997 3481; x_wconf 68' lang='lat' dir='ltr'><strong>Alienigena</strong></span> 
     </span>
    </p>
   </div>
   <div class='ocr_carea' id='block_1_36' title="bbox 408 3497 1997 3571">
    <p class='ocr_par' dir='ltr' id='par_1_36' title="bbox 408 3497 1997 3571">
     <span class='ocr_line' id='line_1_36' title="bbox 408 3497 1997 3571; baseline 0.004 -21"><span class='ocrx_word' id='word_1_277' title='bbox 408 3500 466 3550; x_wconf 76' lang='lat' dir='ltr'><strong>in</strong></span> <span class='ocrx_word' id='word_1_278' title='bbox 496 3497 814 3551; x_wconf 80' lang='lat' dir='ltr'><strong>Samsonem.</strong></span> <span class='ocrx_word' id='word_1_279' title='bbox 838 3497 945 3552; x_wconf 88' lang='lat' dir='ltr'><strong>Sed</strong></span> <span class='ocrx_word' id='word_1_280' title='bbox 982 3498 1169 3553; x_wconf 85' lang='lat' dir='ltr'><strong>iterum</strong></span> <span class='ocrx_word' id='word_1_281' title='bbox 1200 3498 1472 3568; x_wconf 86' lang='lat' dir='ltr'><strong>Scriptura</strong></span> <span class='ocrx_word' id='word_1_282' title='bbox 1507 3517 1519 3552; x_wconf 94' lang='lat'><strong>:</strong></span> <span class='ocrx_word' id='word_1_283' title='bbox 1547 3498 1616 3552; x_wconf 88' lang='lat' dir='ltr'><strong>Et</strong></span> <span class='ocrx_word' id='word_1_284' title='bbox 1646 3499 1870 3571; x_wconf 85' lang='lat' dir='ltr'><strong>Spiritus</strong></span> <span class='ocrx_word' id='word_1_285' title='bbox 1898 3500 1997 3556; x_wconf 89' lang='lat' dir='ltr'><strong>Do-</strong></span> 
     </span>
    </p>
   </div>
   <div class='ocr_carea' id='block_1_37' title="bbox 417 3588 1997 3659">
    <p class='ocr_par' dir='ltr' id='par_1_37' title="bbox 417 3588 1997 3659">
     <span class='ocr_line' id='line_1_37' title="bbox 417 3588 1997 3659; baseline 0.004 -18"><span class='ocrx_word' id='word_1_286' title='bbox 417 3589 543 3641; x_wconf 84' lang='lat' dir='ltr'><strong>mini</strong></span> <span class='ocrx_word' id='word_1_287' title='bbox 569 3589 701 3642; x_wconf 70' lang='lat' dir='ltr'><strong>venit</strong></span> <span class='ocrx_word' id='word_1_288' title='bbox 741 3589 795 3641; x_wconf 86' lang='lat' dir='ltr'><strong>in</strong></span> <span class='ocrx_word' id='word_1_289' title='bbox 826 3588 1128 3643; x_wconf 85' lang='lat' dir='ltr'><strong>Samsonem</strong></span> <span class='ocrx_word' id='word_1_290' title='bbox 1152 3628 1167 3651; x_wconf 93' lang='lat'><strong>,</strong></span> <span class='ocrx_word' id='word_1_291' title='bbox 1200 3600 1244 3642; x_wconf 94' lang='lat' dir='ltr'><strong>et</strong></span> <span class='ocrx_word' id='word_1_292' title='bbox 1283 3590 1447 3643; x_wconf 89' lang='lat' dir='ltr'><strong>soluta</strong></span> <span class='ocrx_word' id='word_1_293' title='bbox 1475 3600 1590 3644; x_wconf 90' lang='lat' dir='ltr'><strong>sunt</strong></span> <span class='ocrx_word' id='word_1_294' title='bbox 1616 3592 1837 3659; x_wconf 84' lang='lat' dir='ltr'><strong>vincula,</strong></span> <span class='ocrx_word' id='word_1_295' title='bbox 1867 3601 1925 3646; x_wconf 89' lang='lat' dir='ltr'><strong>ut</strong></span> <span class='ocrx_word' id='word_1_296' title='bbox 1951 3594 1997 3647; x_wconf 87' lang='lat' dir='ltr'><strong>si</strong></span> 
     </span>
    </p>
   </div>
   <div class='ocr_carea' id='block_1_38' title="bbox 410 3679 1991 3755">
    <p class='ocr_par' dir='ltr' id='par_1_38' title="bbox 410 3679 1991 3755">
     <span class='ocr_line' id='line_1_38' title="bbox 410 3679 1991 3755; baseline 0.004 -21"><span class='ocrx_word' id='word_1_297' title='bbox 410 3690 597 3751; x_wconf 74' lang='lat' dir='ltr'><strong>stuppa</strong></span> <span class='ocrx_word' id='word_1_298' title='bbox 637 3682 815 3735; x_wconf 79' lang='lat' dir='ltr'><strong>sentiat</strong></span> <span class='ocrx_word' id='word_1_299' title='bbox 841 3682 1007 3752; x_wconf 85' lang='lat' dir='ltr'><strong>ignem</strong></span> <span class='ocrx_word' id='word_1_300' title='bbox 1034 3679 1196 3753; x_wconf 78' lang='lat' dir='ltr'><strong>(Iud.</strong></span> <span class='ocrx_word' id='word_1_301' title='bbox 1230 3681 1317 3737; x_wconf 81' lang='lat' dir='ltr'><strong>l6.</strong></span> <span class='ocrx_word' id='word_1_302' title='bbox 1348 3682 1381 3737; x_wconf 86' lang='lat'><strong>9</strong></span> <span class='ocrx_word' id='word_1_303' title='bbox 1403 3682 1442 3752; x_wconf 90' lang='lat'><strong>).</strong></span> <span class='ocrx_word' id='word_1_304' title='bbox 1472 3682 1687 3737; x_wconf 87' lang='lat' dir='ltr'><strong>Nullum</strong></span> <span class='ocrx_word' id='word_1_305' title='bbox 1710 3684 1827 3754; x_wconf 85' lang='lat' dir='ltr'><strong>ejus</strong></span> <span class='ocrx_word' id='word_1_306' title='bbox 1853 3700 1991 3755; x_wconf 86' lang='lat' dir='ltr'><strong>pra-</strong></span> 
     </span>
    </p>
   </div>
   <div class='ocr_carea' id='block_1_39' title="bbox 408 3769 1994 3844">
    <p class='ocr_par' dir='ltr' id='par_1_39' title="bbox 408 3769 1994 3844">
     <span class='ocr_line' id='line_1_39' title="bbox 408 3769 1994 3844; baseline 0.004 -19"><span class='ocrx_word' id='word_1_307' title='bbox 408 3772 613 3826; x_wconf 87' lang='lat' dir='ltr'><strong>clarum</strong></span> <span class='ocrx_word' id='word_1_308' title='bbox 642 3769 845 3825; x_wconf 86' lang='lat' dir='ltr'><strong>facinus</strong></span> <span class='ocrx_word' id='word_1_309' title='bbox 866 3771 1085 3839; x_wconf 90' lang='lat' dir='ltr'><strong>inducit,</strong></span> <span class='ocrx_word' id='word_1_310' title='bbox 1119 3788 1224 3826; x_wconf 91' lang='lat' dir='ltr'><strong>non</strong></span> <span class='ocrx_word' id='word_1_311' title='bbox 1258 3774 1531 3842; x_wconf 82' lang='lat' dir='ltr'><strong>pramissa</strong></span> <span class='ocrx_word' id='word_1_312' title='bbox 1559 3774 1786 3844; x_wconf 89' lang='lat' dir='ltr'><strong>Spiritus</strong></span> <span class='ocrx_word' id='word_1_313' title='bbox 1815 3776 1994 3831; x_wconf 80' lang='lat' dir='ltr'><strong>effica-</strong></span> 
     </span>
    </p>
   </div>
   <div class='ocr_carea' id='block_1_40' title="bbox 411 3861 1994 3933">
    <p class='ocr_par' dir='ltr' id='par_1_40' title="bbox 411 3861 1994 3933">
     <span class='ocr_line' id='line_1_40' title="bbox 411 3861 1994 3933; baseline 0.003 -16"><span class='ocrx_word' id='word_1_314' title='bbox 411 3861 514 3917; x_wconf 88' lang='lat' dir='ltr'><strong>cia.</strong></span> <span class='ocrx_word' id='word_1_315' title='bbox 547 3862 746 3917; x_wconf 89' lang='lat' dir='ltr'><strong>Deinde</strong></span> <span class='ocrx_word' id='word_1_316' title='bbox 772 3878 891 3916; x_wconf 90' lang='lat' dir='ltr'><strong>cum</strong></span> <span class='ocrx_word' id='word_1_317' title='bbox 922 3863 1067 3917; x_wconf 90' lang='lat' dir='ltr'><strong>omni</strong></span> <span class='ocrx_word' id='word_1_318' title='bbox 1098 3864 1295 3919; x_wconf 90' lang='lat' dir='ltr'><strong>virtute</strong></span> <span class='ocrx_word' id='word_1_319' title='bbox 1324 3865 1550 3919; x_wconf 88' lang='lat' dir='ltr'><strong>nudatus</strong></span> <span class='ocrx_word' id='word_1_320' title='bbox 1578 3875 1750 3933; x_wconf 78' lang='lat' dir='ltr'><strong>esset,</strong></span> <span class='ocrx_word' id='word_1_321' title='bbox 1777 3867 1994 3923; x_wconf 85' lang='lat' dir='ltr'><strong>attende</strong></span> 
     </span>
    </p>
   </div>
   <div class='ocr_carea' id='block_1_41' title="bbox 410 3956 1993 4031">
    <p class='ocr_par' dir='ltr' id='par_1_41' title="bbox 410 3956 1993 4031">
     <span class='ocr_line' id='line_1_41' title="bbox 410 3956 1993 4031; baseline 0.004 -22"><span class='ocrx_word' id='word_1_322' title='bbox 410 3957 612 4019; x_wconf 87' lang='lat' dir='ltr'><strong>animo,</strong></span> <span class='ocrx_word' id='word_1_323' title='bbox 629 3956 751 4026; x_wconf 91' lang='lat' dir='ltr'><strong>quid</strong></span> <span class='ocrx_word' id='word_1_324' title='bbox 783 3956 923 4011; x_wconf 90' lang='lat' dir='ltr'><strong>dicat</strong></span> <span class='ocrx_word' id='word_1_325' title='bbox 953 3956 1244 4028; x_wconf 90' lang='lat' dir='ltr'><strong>Scriptura,</strong></span> <span class='ocrx_word' id='word_1_326' title='bbox 1267 3975 1387 4029; x_wconf 87' lang='lat' dir='ltr'><strong>qua</strong></span> <span class='ocrx_word' id='word_1_327' title='bbox 1414 3959 1607 4031; x_wconf 88' lang='lat' dir='ltr'><strong>ubique</strong></span> <span class='ocrx_word' id='word_1_328' title='bbox 1624 3960 1848 4028; x_wconf 84' lang='lat' dir='ltr'><strong>dixerat,</strong></span> <span class='ocrx_word' id='word_1_329' title='bbox 1869 3976 1993 4016; x_wconf 91' lang='lat' dir='ltr'><strong>cum</strong></span> 
     </span>
    </p>
   </div>
   <div class='ocr_carea' id='block_1_42' title="bbox 405 4048 1993 4123">
    <p class='ocr_par' dir='ltr' id='par_1_42' title="bbox 405 4048 1993 4123">
     <span class='ocr_line' id='line_1_42' title="bbox 405 4048 1993 4123; baseline 0.004 -23"><span class='ocrx_word' id='word_1_330' title='bbox 405 4048 621 4118; x_wconf 85' lang='lat' dir='ltr'><strong>aliquod</strong></span> <span class='ocrx_word' id='word_1_331' title='bbox 658 4049 860 4103; x_wconf 82' lang='lat' dir='ltr'><strong>facinus</strong></span> <span class='ocrx_word' id='word_1_332' title='bbox 888 4050 1300 4120; x_wconf 77' lang='lat' dir='ltr'><strong>aggrederetur,</strong></span> <span class='ocrx_word' id='word_1_333' title='bbox 1348 4061 1402 4107; x_wconf 88' lang='lat' dir='ltr'><strong>et</strong></span> <span class='ocrx_word' id='word_1_334' title='bbox 1431 4052 1707 4117; x_wconf 90' lang='lat' dir='ltr'><strong>vinceret,</strong></span> <span class='ocrx_word' id='word_1_335' title='bbox 1766 4052 1993 4123; x_wconf 84' lang='lat' dir='ltr'><strong>Spiritus</strong></span> 
     </span>
    </p>
   </div>
   <div class='ocr_carea' id='block_1_43' title="bbox 402 4141 1988 4214">
    <p class='ocr_par' dir='ltr' id='par_1_43' title="bbox 402 4141 1988 4214">
     <span class='ocr_line' id='line_1_43' title="bbox 402 4141 1988 4214; baseline 0.003 -20"><span class='ocrx_word' id='word_1_336' title='bbox 402 4152 607 4195; x_wconf 87' lang='lat' dir='ltr'><strong>sanctus</strong></span> <span class='ocrx_word' id='word_1_337' title='bbox 633 4144 759 4195; x_wconf 80' lang='lat' dir='ltr'><strong>venit</strong></span> <span class='ocrx_word' id='word_1_338' title='bbox 785 4143 839 4195; x_wconf 86' lang='lat' dir='ltr'><strong>in</strong></span> <span class='ocrx_word' id='word_1_339' title='bbox 868 4141 1191 4196; x_wconf 77' lang='lat' dir='ltr'><strong>Samsonem.</strong></span> <span class='ocrx_word' id='word_1_340' title='bbox 1225 4144 1511 4214; x_wconf 80' lang='lat' dir='ltr'><strong>Postquam</strong></span> <span class='ocrx_word' id='word_1_341' title='bbox 1544 4154 1703 4213; x_wconf 90' lang='lat' dir='ltr'><strong>caput</strong></span> <span class='ocrx_word' id='word_1_342' title='bbox 1740 4145 1862 4213; x_wconf 90' lang='lat' dir='ltr'><strong>ejus</strong></span> <span class='ocrx_word' id='word_1_343' title='bbox 1890 4145 1988 4199; x_wconf 88' lang='lat' dir='ltr'><strong>de-</strong></span> 
     </span>
    </p>
   </div>
   <div class='ocr_carea' id='block_1_44' title="bbox 410 4235 1990 4307">
    <p class='ocr_par' dir='ltr' id='par_1_44' title="bbox 410 4235 1990 4307">
     <span class='ocr_line' id='line_1_44' title="bbox 410 4235 1990 4307; baseline 0.002 -19"><span class='ocrx_word' id='word_1_344' title='bbox 410 4244 623 4289; x_wconf 87' lang='lat' dir='ltr'><strong>tonsum</strong></span> <span class='ocrx_word' id='word_1_345' title='bbox 649 4245 752 4298; x_wconf 77' lang='lat' dir='ltr'><strong>est,</strong></span> <span class='ocrx_word' id='word_1_346' title='bbox 785 4235 995 4303; x_wconf 87' lang='lat' dir='ltr'><strong>prodito</strong></span> <span class='ocrx_word' id='word_1_347' title='bbox 1018 4236 1203 4306; x_wconf 83' lang='lat' dir='ltr'><strong>gratia</strong></span> <span class='ocrx_word' id='word_1_348' title='bbox 1234 4239 1453 4307; x_wconf 86' lang='lat' dir='ltr'><strong>pignore</strong></span> <span class='ocrx_word' id='word_1_349' title='bbox 1474 4238 1695 4302; x_wconf 88' lang='lat' dir='ltr'><strong>,statim</strong></span> <span class='ocrx_word' id='word_1_350' title='bbox 1729 4239 1941 4307; x_wconf 90' lang='lat' dir='ltr'><strong>scripsit</strong></span> <span class='ocrx_word' id='word_1_351' title='bbox 1972 4279 1990 4305; x_wconf 92' lang='lat'><strong>,</strong></span> 
     </span>
    </p>
   </div>
   <div class='ocr_carea' id='block_1_45' title="bbox 411 4323 1988 4403">
    <p class='ocr_par' dir='ltr' id='par_1_45' title="bbox 411 4323 1988 4403">
     <span class='ocr_line' id='line_1_45' title="bbox 411 4323 1988 4403; baseline 0.004 -24"><span class='ocrx_word' id='word_1_352' title='bbox 411 4323 481 4379; x_wconf 87' lang='lat' dir='ltr'><strong>Et</strong></span> <span class='ocrx_word' id='word_1_353' title='bbox 513 4326 759 4380; x_wconf 86' lang='lat' dir='ltr'><strong>Dominus</strong></span> <span class='ocrx_word' id='word_1_354' title='bbox 807 4327 1033 4381; x_wconf 79' lang='lat' dir='ltr'><strong>discessit</strong></span> <span class='ocrx_word' id='word_1_355' title='bbox 1069 4345 1100 4381; x_wconf 89' lang='lat' dir='ltr'><strong>a</strong></span> <span class='ocrx_word' id='word_1_356' title='bbox 1136 4329 1383 4383; x_wconf 84' lang='lat' dir='ltr'><strong>Samsone</strong></span> <span class='ocrx_word' id='word_1_357' title='bbox 1413 4329 1560 4399; x_wconf 74' lang='lat' dir='ltr'><strong>(Iud.</strong></span> <span class='ocrx_word' id='word_1_358' title='bbox 1593 4331 1680 4386; x_wconf 80' lang='grc'><strong>16.</strong></span> <span class='ocrx_word' id='word_1_359' title='bbox 1708 4330 1825 4403; x_wconf 72' lang='grc'><strong>20).</strong></span> <span class='ocrx_word' id='word_1_360' title='bbox 1855 4331 1988 4386; x_wconf 85' lang='lat' dir='ltr'><strong>Cum</strong></span> 
     </span>
    </p>
   </div>
   <div class='ocr_carea' id='block_1_46' title="bbox 408 4416 2045 4490">
    <p class='ocr_par' dir='ltr' id='par_1_46' title="bbox 408 4416 2045 4490">
     <span class='ocr_line' id='line_1_46' title="bbox 408 4416 2045 4490; baseline 0.004 -19"><span class='ocrx_word' id='word_1_361' title='bbox 408 4416 736 4489; x_wconf 76' lang='lat' dir='ltr'><strong>Alienigena</strong></span> <span class='ocrx_word' id='word_1_362' title='bbox 790 4429 1086 4487; x_wconf 86' lang='lat' dir='ltr'><strong>venerunt,</strong></span> <span class='ocrx_word' id='word_1_363' title='bbox 1119 4420 1342 4490; x_wconf 84' lang='lat' dir='ltr'><strong>Spiritus</strong></span> <span class='ocrx_word' id='word_1_364' title='bbox 1386 4422 1592 4477; x_wconf 87' lang='lat' dir='ltr'><strong>Domini</strong></span> <span class='ocrx_word' id='word_1_365' title='bbox 1642 4423 1894 4478; x_wconf 69' lang='lat' dir='ltr'><strong>descendit</strong></span> <span class='ocrx_word' id='word_1_366' title='bbox 1937 4425 1990 4477; x_wconf 87' lang='lat' dir='ltr'><strong>in</strong></span> <span class='ocrx_word' id='word_1_367' title='bbox 2035 4427 2045 4435; x_wconf 88' lang='lat'><strong>&#39;</strong></span> 
     </span>
    </p>
   </div>
   <div class='ocr_carea' id='block_1_47' title="bbox 1859 238 3317 319">
    <p class='ocr_par' dir='ltr' id='par_1_47' title="bbox 1859 238 2230 297">
     <span class='ocr_line' id='line_1_47' title="bbox 1859 238 2230 297; baseline -0.013 0"><span class='ocrx_word' id='word_1_368' title='bbox 1859 238 2230 297; x_wconf 78' lang='lat' dir='ltr'><strong>SEVERIANI</strong></span> 
     </span>
    </p>
   </div>
   <div class='ocr_carea' id='block_1_48' title="bbox 2208 238 3666 319">
    <p class='ocr_par' dir='ltr' id='par_1_48' title="bbox 2215 238 3664 314">
     <span class='ocr_line' id='line_1_48' title="bbox 2215 238 3664 314; baseline -0.001 -3"><span class='ocrx_word' id='word_1_369' title='bbox 2215 238 2230 292; x_wconf 79' lang='grc' dir='ltr'>ί</span> <span class='ocrx_word' id='word_1_370' title='bbox 3587 254 3664 314; x_wconf 67' lang='grc' dir='ltr'><strong>διε</strong></span> 
     </span>
    </p>
   </div>
   <div class='ocr_carea' id='block_1_49' title="bbox 2116 365 3667 436">
    <p class='ocr_par' dir='ltr' id='par_1_49' title="bbox 2116 365 3667 436">
     <span class='ocr_line' id='line_1_49' title="bbox 2116 365 3667 436; baseline 0.006 -19"><span class='ocrx_word' id='word_1_371' title='bbox 2116 365 2285 433; x_wconf 84' lang='lat' dir='ltr'><strong>ipsum</strong></span> <span class='ocrx_word' id='word_1_372' title='bbox 2308 382 2327 420; x_wconf 90' lang='lat'><strong><em>:</em></strong></span> <span class='ocrx_word' id='word_1_373' title='bbox 2350 379 2466 421; x_wconf 76' lang='lat' dir='ltr'><strong>cum</strong></span> <span class='ocrx_word' id='word_1_374' title='bbox 2491 376 2667 422; x_wconf 87' lang='lat' dir='ltr'><strong>autem</strong></span> <span class='ocrx_word' id='word_1_375' title='bbox 2692 370 2934 436; x_wconf 81' lang='lat' dir='ltr'><strong>recessit,</strong></span> <span class='ocrx_word' id='word_1_376' title='bbox 2966 370 3061 435; x_wconf 86' lang='lat' dir='ltr'><strong>ait,</strong></span> <span class='ocrx_word' id='word_1_377' title='bbox 3094 371 3161 426; x_wconf 80' lang='lat' dir='ltr'><strong>Et</strong></span> <span class='ocrx_word' id='word_1_378' title='bbox 3196 371 3450 427; x_wconf 75' lang='lat' dir='ltr'><strong>Dominus</strong></span> <span class='ocrx_word' id='word_1_379' title='bbox 3474 371 3667 426; x_wconf 61' lang='lat' dir='ltr'><strong>disiecit</strong></span> 
     </span>
    </p>
   </div>
   <div class='ocr_carea' id='block_1_50' title="bbox 2113 455 3667 534">
    <p class='ocr_par' dir='ltr' id='par_1_50' title="bbox 2113 455 3667 534">
     <span class='ocr_line' id='line_1_50' title="bbox 2113 455 3667 534; baseline 0.006 -25"><span class='ocrx_word' id='word_1_380' title='bbox 2113 455 2311 511; x_wconf 82' lang='lat' dir='ltr'><strong>abillo.</strong></span> <span class='ocrx_word' id='word_1_381' title='bbox 2354 457 2421 513; x_wconf 81' lang='lat' dir='ltr'><strong>Et</strong></span> <span class='ocrx_word' id='word_1_382' title='bbox 2457 457 2579 527; x_wconf 84' lang='lat' dir='ltr'><strong>jure</strong></span> <span class='ocrx_word' id='word_1_383' title='bbox 2615 461 2831 531; x_wconf 88' lang='lat' dir='ltr'><strong>quidem</strong></span> <span class='ocrx_word' id='word_1_384' title='bbox 2862 481 2875 514; x_wconf 88' lang='lat'><strong>:</strong></span> <span class='ocrx_word' id='word_1_385' title='bbox 2904 478 3026 517; x_wconf 89' lang='lat' dir='ltr'><strong>nam</strong></span> <span class='ocrx_word' id='word_1_386' title='bbox 3062 461 3316 517; x_wconf 72' lang='lat' dir='ltr'><strong>Dominus</strong></span> <span class='ocrx_word' id='word_1_387' title='bbox 3365 464 3584 534; x_wconf 73' lang='lat' dir='ltr'><strong>Spiritus</strong></span> <span class='ocrx_word' id='word_1_388' title='bbox 3606 476 3667 518; x_wconf 70' lang='lat' dir='ltr'><strong>ut</strong></span> 
     </span>
    </p>
   </div>
   <div class='ocr_carea' id='block_1_51' title="bbox 2114 543 3659 619">
    <p class='ocr_par' dir='ltr' id='par_1_51' title="bbox 2114 543 3659 619">
     <span class='ocr_line' id='line_1_51' title="bbox 2114 543 3659 619; baseline 0.006 -21"><span class='ocrx_word' id='word_1_389' title='bbox 2114 543 2134 616; x_wconf 93' lang='lat'><strong>(</strong></span> <span class='ocrx_word' id='word_1_390' title='bbox 2162 544 2217 598; x_wconf 73' lang='lat'><strong>2.</strong></span> <span class='ocrx_word' id='word_1_391' title='bbox 2246 546 2365 600; x_wconf 83' lang='lat' dir='ltr'><strong>Cor.</strong></span> <span class='ocrx_word' id='word_1_392' title='bbox 2385 548 2440 602; x_wconf 75' lang='grc' dir='ltr'><strong>ὅ.</strong></span> <span class='ocrx_word' id='word_1_393' title='bbox 2471 550 2538 603; x_wconf 84' lang='grc'><strong>17</strong></span> <span class='ocrx_word' id='word_1_394' title='bbox 2563 550 2604 619; x_wconf 90' lang='grc'><strong>).</strong></span> <span class='ocrx_word' id='word_1_395' title='bbox 2637 551 2745 607; x_wconf 78' lang='lat' dir='ltr'><strong>Nec</strong></span> <span class='ocrx_word' id='word_1_396' title='bbox 2772 552 2945 607; x_wconf 88' lang='lat' dir='ltr'><strong>solum</strong></span> <span class='ocrx_word' id='word_1_397' title='bbox 2986 554 3039 607; x_wconf 87' lang='lat' dir='ltr'><strong>in</strong></span> <span class='ocrx_word' id='word_1_398' title='bbox 3068 552 3249 609; x_wconf 79' lang='lat' dir='ltr'><strong>Veteri</strong></span> <span class='ocrx_word' id='word_1_399' title='bbox 3281 554 3659 609; x_wconf 74' lang='lat' dir='ltr'><strong>Testamentoid</strong></span> 
     </span>
    </p>
   </div>
   <div class='ocr_carea' id='block_1_52' title="bbox 2112 640 3657 715">
    <p class='ocr_par' dir='ltr' id='par_1_52' title="bbox 2112 640 3657 715">
     <span class='ocr_line' id='line_1_52' title="bbox 2112 640 3657 715; baseline 0.005 -24"><span class='ocrx_word' id='word_1_400' title='bbox 2112 640 2538 704; x_wconf 87' lang='lat' dir='ltr'><strong>animadvertes,</strong></span> <span class='ocrx_word' id='word_1_401' title='bbox 2587 644 2680 697; x_wconf 75' lang='lat' dir='ltr'><strong>sed</strong></span> <span class='ocrx_word' id='word_1_402' title='bbox 2728 646 2886 698; x_wconf 82' lang='lat' dir='ltr'><strong>etiam</strong></span> <span class='ocrx_word' id='word_1_403' title='bbox 2916 646 2967 699; x_wconf 91' lang='lat' dir='ltr'><strong>in</strong></span> <span class='ocrx_word' id='word_1_404' title='bbox 2997 646 3275 715; x_wconf 87' lang='lat' dir='ltr'><strong>apostolis.</strong></span> <span class='ocrx_word' id='word_1_405' title='bbox 3308 645 3535 713; x_wconf 83' lang='lat' dir='ltr'><strong>Quando</strong></span> <span class='ocrx_word' id='word_1_406' title='bbox 3578 664 3657 699; x_wconf 54' lang='lat' dir='ltr'><strong>uno</strong></span> 
     </span>
    </p>
   </div>
   <div class='ocr_carea' id='block_1_53' title="bbox 2111 732 3656 802">
    <p class='ocr_par' dir='ltr' id='par_1_53' title="bbox 2111 732 3656 802">
     <span class='ocr_line' id='line_1_53' title="bbox 2111 732 3656 802; baseline 0.005 -19"><span class='ocrx_word' id='word_1_407' title='bbox 2111 746 2268 800; x_wconf 86' lang='lat' dir='ltr'><strong>gnam</strong></span> <span class='ocrx_word' id='word_1_408' title='bbox 2291 733 2574 802; x_wconf 82' lang='lat' dir='ltr'><strong>quamdam</strong></span> <span class='ocrx_word' id='word_1_409' title='bbox 2588 740 2643 786; x_wconf 91' lang='lat' dir='ltr'><strong>et</strong></span> <span class='ocrx_word' id='word_1_410' title='bbox 2653 732 3049 802; x_wconf 82' lang='lat' dir='ltr'><strong>pracellentem</strong></span> <span class='ocrx_word' id='word_1_411' title='bbox 3060 736 3320 794; x_wconf 81' lang='lat' dir='ltr'><strong>virtutem</strong></span> <span class='ocrx_word' id='word_1_412' title='bbox 3335 739 3537 795; x_wconf 76' lang='lat' dir='ltr'><strong>divina</strong></span> <span class='ocrx_word' id='word_1_413' title='bbox 3550 742 3656 795; x_wconf 70' lang='lat' dir='ltr'><strong>Liu~</strong></span> 
     </span>
    </p>
   </div>
   <div class='ocr_carea' id='block_1_54' title="bbox 2112 825 3659 902">
    <p class='ocr_par' dir='ltr' id='par_1_54' title="bbox 2112 825 3659 902">
     <span class='ocr_line' id='line_1_54' title="bbox 2112 825 3659 902; baseline 0.006 -26"><span class='ocrx_word' id='word_1_414' title='bbox 2112 838 2185 876; x_wconf 86' lang='lat' dir='ltr'><strong>ra</strong></span> <span class='ocrx_word' id='word_1_415' title='bbox 2207 825 2511 891; x_wconf 79' lang='lat' dir='ltr'><strong>pradicant,</strong></span> <span class='ocrx_word' id='word_1_416' title='bbox 2542 827 2732 895; x_wconf 88' lang='lat' dir='ltr'><strong>ubique</strong></span> <span class='ocrx_word' id='word_1_417' title='bbox 2758 827 2986 897; x_wconf 86' lang='lat' dir='ltr'><strong>Spiritus</strong></span> <span class='ocrx_word' id='word_1_418' title='bbox 3000 834 3371 887; x_wconf 83' lang='lat' dir='ltr'><strong>auctoritatem</strong></span> <span class='ocrx_word' id='word_1_419' title='bbox 3401 836 3659 902; x_wconf 54' lang='lat' dir='ltr'><strong>praemittit.</strong></span> 
     </span>
    </p>
   </div>
   <div class='ocr_carea' id='block_1_55' title="bbox 2112 916 3658 995">
    <p class='ocr_par' dir='ltr' id='par_1_55' title="bbox 2112 916 3658 995">
     <span class='ocr_line' id='line_1_55' title="bbox 2112 916 3658 995; baseline 0.008 -26"><span class='ocrx_word' id='word_1_420' title='bbox 2112 916 2317 971; x_wconf 91' lang='lat' dir='ltr'><strong>lnducit</strong></span> <span class='ocrx_word' id='word_1_421' title='bbox 2343 934 2530 973; x_wconf 88' lang='lat' dir='ltr'><strong>rursus</strong></span> <span class='ocrx_word' id='word_1_422' title='bbox 2568 920 2786 975; x_wconf 79' lang='lat' dir='ltr'><strong>Paulum</strong></span> <span class='ocrx_word' id='word_1_423' title='bbox 2814 922 2865 975; x_wconf 90' lang='lat' dir='ltr'><strong>in</strong></span> <span class='ocrx_word' id='word_1_424' title='bbox 2898 923 3075 995; x_wconf 81' lang='lat' dir='ltr'><strong>Cypro</strong></span> <span class='ocrx_word' id='word_1_425' title='bbox 3125 929 3516 981; x_wconf 79' lang='lat' dir='ltr'><strong>exsecrandum</strong></span> <span class='ocrx_word' id='word_1_426' title='bbox 3549 928 3658 981; x_wconf 82' lang='lat' dir='ltr'><strong>illum</strong></span> 
     </span>
    </p>
   </div>
   <div class='ocr_carea' id='block_1_56' title="bbox 2110 1008 3658 1088">
    <p class='ocr_par' dir='ltr' id='par_1_56' title="bbox 2110 1008 3658 1088">
     <span class='ocr_line' id='line_1_56' title="bbox 2110 1008 3658 1088; baseline 0.006 -26"><span class='ocrx_word' id='word_1_427' title='bbox 2110 1008 2352 1079; x_wconf 83' lang='lat' dir='ltr'><strong>Elymam</strong></span> <span class='ocrx_word' id='word_1_428' title='bbox 2400 1026 2612 1081; x_wconf 82' lang='lat' dir='ltr'><strong>magum</strong></span> <span class='ocrx_word' id='word_1_429' title='bbox 2641 1014 2807 1069; x_wconf 85' lang='lat' dir='ltr'><strong>verbo</strong></span> <span class='ocrx_word' id='word_1_430' title='bbox 2837 1018 3144 1085; x_wconf 84' lang='lat' dir='ltr'><strong>punientem</strong></span> <span class='ocrx_word' id='word_1_431' title='bbox 3174 1060 3190 1083; x_wconf 91' lang='lat'><strong>,</strong></span> <span class='ocrx_word' id='word_1_432' title='bbox 3216 1018 3361 1088; x_wconf 91' lang='lat' dir='ltr'><strong>quod</strong></span> <span class='ocrx_word' id='word_1_433' title='bbox 3389 1029 3575 1073; x_wconf 84' lang='lat' dir='ltr'><strong>contra</strong></span> <span class='ocrx_word' id='word_1_434' title='bbox 3600 1037 3658 1072; x_wconf 66' lang='lat' dir='ltr'><strong>ve</strong></span> 
     </span>
    </p>
   </div>
   <div class='ocr_carea' id='block_1_57' title="bbox 2109 1100 3659 1177">
    <p class='ocr_par' dir='ltr' id='par_1_57' title="bbox 2109 1100 3659 1177">
     <span class='ocr_line' id='line_1_57' title="bbox 2109 1100 3659 1177; baseline 0.006 -24"><span class='ocrx_word' id='word_1_435' title='bbox 2109 1100 2319 1155; x_wconf 90' lang='lat' dir='ltr'><strong>ritatem</strong></span> <span class='ocrx_word' id='word_1_436' title='bbox 2345 1112 2636 1172; x_wconf 79' lang='lat' dir='ltr'><strong>pugnaret;</strong></span> <span class='ocrx_word' id='word_1_437' title='bbox 2665 1115 2720 1158; x_wconf 91' lang='lat' dir='ltr'><strong>et</strong></span> <span class='ocrx_word' id='word_1_438' title='bbox 2742 1107 2861 1174; x_wconf 87' lang='lat' dir='ltr'><strong>quia</strong></span> <span class='ocrx_word' id='word_1_439' title='bbox 2892 1122 3005 1161; x_wconf 90' lang='lat' dir='ltr'><strong>rem</strong></span> <span class='ocrx_word' id='word_1_440' title='bbox 3035 1110 3347 1177; x_wconf 73' lang='lat' dir='ltr'><strong>stupendum</strong></span> <span class='ocrx_word' id='word_1_441' title='bbox 3380 1124 3659 1164; x_wconf 74' lang='lat' dir='ltr'><strong>narraturus</strong></span> 
     </span>
    </p>
   </div>
   <div class='ocr_carea' id='block_1_58' title="bbox 2109 1194 3657 1265">
    <p class='ocr_par' dir='ltr' id='par_1_58' title="bbox 2109 1194 3657 1265">
     <span class='ocr_line' id='line_1_58' title="bbox 2109 1194 3657 1265; baseline 0.006 -21"><span class='ocrx_word' id='word_1_442' title='bbox 2109 1200 2245 1255; x_wconf 87' lang='lat' dir='ltr'><strong>erat,</strong></span> <span class='ocrx_word' id='word_1_443' title='bbox 2275 1194 2461 1247; x_wconf 88' lang='lat' dir='ltr'><strong>oculos</strong></span> <span class='ocrx_word' id='word_1_444' title='bbox 2489 1210 2679 1265; x_wconf 88' lang='lat' dir='ltr'><strong>nempe</strong></span> <span class='ocrx_word' id='word_1_445' title='bbox 2703 1196 2866 1250; x_wconf 89' lang='lat' dir='ltr'><strong>verbo</strong></span> <span class='ocrx_word' id='word_1_446' title='bbox 2892 1200 3201 1263; x_wconf 77' lang='lat' dir='ltr'><strong>exstinctos,</strong></span> <span class='ocrx_word' id='word_1_447' title='bbox 3220 1201 3327 1254; x_wconf 87' lang='lat' dir='ltr'><strong>ait:</strong></span> <span class='ocrx_word' id='word_1_448' title='bbox 3357 1201 3493 1255; x_wconf 81' lang='lat' dir='ltr'><strong>Ecce</strong></span> <span class='ocrx_word' id='word_1_449' title='bbox 3519 1220 3657 1253; x_wconf 70' lang='lat' dir='ltr'><strong>manu</strong></span> 
     </span>
    </p>
   </div>
   <div class='ocr_carea' id='block_1_59' title="bbox 2111 1280 3667 1362">
    <p class='ocr_par' dir='ltr' id='par_1_59' title="bbox 2111 1280 3667 1362">
     <span class='ocr_line' id='line_1_59' title="bbox 2111 1280 3667 1362; baseline 0.009 -31"><span class='ocrx_word' id='word_1_450' title='bbox 2111 1280 2314 1335; x_wconf 82' lang='lat' dir='ltr'><strong>Domini</strong></span> <span class='ocrx_word' id='word_1_451' title='bbox 2338 1285 2391 1337; x_wconf 87' lang='lat' dir='ltr'><strong>in</strong></span> <span class='ocrx_word' id='word_1_452' title='bbox 2416 1295 2483 1349; x_wconf 87' lang='lat' dir='ltr'><strong>te,</strong></span> <span class='ocrx_word' id='word_1_453' title='bbox 2508 1295 2553 1338; x_wconf 87' lang='lat' dir='ltr'><strong>et</strong></span> <span class='ocrx_word' id='word_1_454' title='bbox 2579 1288 2678 1340; x_wconf 84' lang='lat' dir='ltr'><strong>eris</strong></span> <span class='ocrx_word' id='word_1_455' title='bbox 2701 1304 2880 1349; x_wconf 67' lang='lat' dir='ltr'><strong>caicus,</strong></span> <span class='ocrx_word' id='word_1_456' title='bbox 2910 1306 3008 1342; x_wconf 88' lang='lat' dir='ltr'><strong>non</strong></span> <span class='ocrx_word' id='word_1_457' title='bbox 3036 1292 3207 1344; x_wconf 54' lang='lat' dir='ltr'><strong>vidtns</strong></span> <span class='ocrx_word' id='word_1_458' title='bbox 3232 1293 3397 1345; x_wconf 78' lang='lat' dir='ltr'><strong>solem</strong></span> <span class='ocrx_word' id='word_1_459' title='bbox 3425 1294 3442 1362; x_wconf 87' lang='lat'><strong>(</strong></span> <span class='ocrx_word' id='word_1_460' title='bbox 3462 1294 3572 1346; x_wconf 78' lang='lat' dir='ltr'><strong>Act.</strong></span> <span class='ocrx_word' id='word_1_461' title='bbox 3598 1295 3667 1346; x_wconf 40' lang='lat' dir='ltr'><strong>iis</strong></span> 
     </span>
    </p>
   </div>
   <div class='ocr_carea' id='block_1_60' title="bbox 2109 1373 3667 1446">
    <p class='ocr_par' dir='ltr' id='par_1_60' title="bbox 2109 1373 3667 1446">
     <span class='ocr_line' id='line_1_60' title="bbox 2109 1373 3667 1446; baseline 0.008 -17"><span class='ocrx_word' id='word_1_462' title='bbox 2109 1375 2169 1429; x_wconf 79' lang='grc'><strong>11</strong></span> <span class='ocrx_word' id='word_1_463' title='bbox 2202 1373 2243 1446; x_wconf 94' lang='grc'><strong>).</strong></span> <span class='ocrx_word' id='word_1_464' title='bbox 2270 1376 2400 1431; x_wconf 90' lang='lat' dir='ltr'><strong>Illud</strong></span> <span class='ocrx_word' id='word_1_465' title='bbox 2426 1389 2602 1435; x_wconf 89' lang='lat' dir='ltr'><strong>autem</strong></span> <span class='ocrx_word' id='word_1_466' title='bbox 2624 1390 2677 1435; x_wconf 90' lang='lat' dir='ltr'><strong>et</strong></span> <span class='ocrx_word' id='word_1_467' title='bbox 2703 1381 2849 1436; x_wconf 85' lang='lat' dir='ltr'><strong>Pauli</strong></span> <span class='ocrx_word' id='word_1_468' title='bbox 2876 1392 2927 1437; x_wconf 88' lang='lat' dir='ltr'><strong>et</strong></span> <span class='ocrx_word' id='word_1_469' title='bbox 2957 1386 3190 1439; x_wconf 88' lang='lat' dir='ltr'><strong>omnium</strong></span> <span class='ocrx_word' id='word_1_470' title='bbox 3211 1389 3518 1441; x_wconf 88' lang='lat' dir='ltr'><strong>mortalium</strong></span> <span class='ocrx_word' id='word_1_471' title='bbox 3544 1400 3667 1441; x_wconf 39' lang='lat' dir='ltr'><strong>natum</strong></span> 
     </span>
    </p>
   </div>
   <div class='ocr_carea' id='block_1_61' title="bbox 2107 1469 3658 1542">
    <p class='ocr_par' dir='ltr' id='par_1_61' title="bbox 2107 1469 3658 1542">
     <span class='ocr_line' id='line_1_61' title="bbox 2107 1469 3658 1542; baseline 0.01 -24"><span class='ocrx_word' id='word_1_472' title='bbox 2107 1480 2221 1520; x_wconf 90' lang='lat' dir='ltr'><strong>ram</strong></span> <span class='ocrx_word' id='word_1_473' title='bbox 2250 1469 2537 1537; x_wconf 87' lang='lat' dir='ltr'><strong>superabat</strong></span> <span class='ocrx_word' id='word_1_474' title='bbox 2565 1513 2581 1533; x_wconf 91' lang='lat'><strong>,</strong></span> <span class='ocrx_word' id='word_1_475' title='bbox 2616 1487 2808 1542; x_wconf 88' lang='lat' dir='ltr'><strong>nempe</strong></span> <span class='ocrx_word' id='word_1_476' title='bbox 2847 1474 3031 1529; x_wconf 92' lang='lat' dir='ltr'><strong>oculos</strong></span> <span class='ocrx_word' id='word_1_477' title='bbox 3067 1475 3369 1531; x_wconf 72' lang='lat' dir='ltr'><strong>hominibus</strong></span> <span class='ocrx_word' id='word_1_478' title='bbox 3400 1480 3565 1534; x_wconf 88' lang='lat' dir='ltr'><strong>verbo</strong></span> <span class='ocrx_word' id='word_1_479' title='bbox 3588 1496 3658 1533; x_wconf 75' lang='lat' dir='ltr'><strong>ex-</strong></span> 
     </span>
    </p>
   </div>
   <div class='ocr_carea' id='block_1_62' title="bbox 2107 1559 3667 1640">
    <p class='ocr_par' dir='ltr' id='par_1_62' title="bbox 2107 1559 3667 1640">
     <span class='ocr_line' id='line_1_62' title="bbox 2107 1559 3667 1640; baseline 0.012 -28"><span class='ocrx_word' id='word_1_480' title='bbox 2107 1559 2395 1630; x_wconf 82' lang='lat' dir='ltr'><strong>stinguere.</strong></span> <span class='ocrx_word' id='word_1_481' title='bbox 2428 1563 2658 1619; x_wconf 73' lang='lat' dir='ltr'><strong>Verbum</strong></span> <span class='ocrx_word' id='word_1_482' title='bbox 2681 1568 2825 1621; x_wconf 89' lang='lat' dir='ltr'><strong>enim</strong></span> <span class='ocrx_word' id='word_1_483' title='bbox 2852 1570 3081 1623; x_wconf 88' lang='lat' dir='ltr'><strong>hominis</strong></span> <span class='ocrx_word' id='word_1_484' title='bbox 3108 1587 3212 1624; x_wconf 91' lang='lat' dir='ltr'><strong>non</strong></span> <span class='ocrx_word' id='word_1_485' title='bbox 3234 1583 3407 1627; x_wconf 88' lang='lat' dir='ltr'><strong>mutat</strong></span> <span class='ocrx_word' id='word_1_486' title='bbox 3425 1584 3667 1640; x_wconf 81' lang='lat' dir='ltr'><strong>naturam,</strong></span> 
     </span>
    </p>
   </div>
   <div class='ocr_carea' id='block_1_63' title="bbox 2108 1652 3659 1731">
    <p class='ocr_par' dir='ltr' id='par_1_63' title="bbox 2108 1652 3659 1731">
     <span class='ocr_line' id='line_1_63' title="bbox 2108 1652 3659 1731; baseline 0.012 -29"><span class='ocrx_word' id='word_1_487' title='bbox 2108 1665 2207 1705; x_wconf 91' lang='lat' dir='ltr'><strong>nec</strong></span> <span class='ocrx_word' id='word_1_488' title='bbox 2227 1652 2412 1707; x_wconf 82' lang='lat' dir='ltr'><strong>oculos</strong></span> <span class='ocrx_word' id='word_1_489' title='bbox 2437 1667 2694 1711; x_wconf 61' lang='lat' dir='ltr'><strong>excirent.</strong></span> <span class='ocrx_word' id='word_1_490' title='bbox 2742 1658 2819 1713; x_wconf 84' lang='lat' dir='ltr'><strong>Ne</strong></span> <span class='ocrx_word' id='word_1_491' title='bbox 2854 1660 2973 1726; x_wconf 86' lang='lat' dir='ltr'><strong>quis</strong></span> <span class='ocrx_word' id='word_1_492' title='bbox 2998 1676 3127 1731; x_wconf 79' lang='lat' dir='ltr'><strong>ergo</strong></span> <span class='ocrx_word' id='word_1_493' title='bbox 3154 1661 3387 1717; x_wconf 84' lang='lat' dir='ltr'><strong>humana</strong></span> <span class='ocrx_word' id='word_1_494' title='bbox 3418 1667 3577 1720; x_wconf 80' lang='lat' dir='ltr'><strong>verba</strong></span> <span class='ocrx_word' id='word_1_495' title='bbox 3597 1682 3659 1719; x_wconf 77' lang='lat' dir='ltr'><strong>re-</strong></span> 
     </span>
    </p>
   </div>
   <div class='ocr_carea' id='block_1_64' title="bbox 2105 1743 3659 1827">
    <p class='ocr_par' dir='ltr' id='par_1_64' title="bbox 2105 1743 3659 1827">
     <span class='ocr_line' id='line_1_64' title="bbox 2105 1743 3659 1827; baseline 0.011 -31"><span class='ocrx_word' id='word_1_496' title='bbox 2105 1743 2361 1811; x_wconf 87' lang='lat' dir='ltr'><strong>spiciens,</strong></span> <span class='ocrx_word' id='word_1_497' title='bbox 2385 1744 2452 1801; x_wconf 91' lang='lat' dir='ltr'><strong>de</strong></span> <span class='ocrx_word' id='word_1_498' title='bbox 2478 1762 2533 1802; x_wconf 90' lang='lat' dir='ltr'><strong>re</strong></span> <span class='ocrx_word' id='word_1_499' title='bbox 2555 1748 2954 1819; x_wconf 88' lang='lat' dir='ltr'><strong>obstupesceret</strong></span> <span class='ocrx_word' id='word_1_500' title='bbox 2974 1795 2989 1818; x_wconf 91' lang='lat'><strong>,</strong></span> <span class='ocrx_word' id='word_1_501' title='bbox 3017 1761 3075 1809; x_wconf 89' lang='lat' dir='ltr'><strong>et</strong></span> <span class='ocrx_word' id='word_1_502' title='bbox 3091 1757 3517 1811; x_wconf 86' lang='lat' dir='ltr'><strong>commentitium</strong></span> <span class='ocrx_word' id='word_1_503' title='bbox 3537 1760 3659 1827; x_wconf 48' lang='lat' dir='ltr'><strong>quid</strong></span> 
     </span>
    </p>
   </div>
   <div class='ocr_carea' id='block_1_65' title="bbox 2104 1836 3667 1917">
    <p class='ocr_par' dir='ltr' id='par_1_65' title="bbox 2104 1836 3667 1917">
     <span class='ocr_line' id='line_1_65' title="bbox 2104 1836 3667 1917; baseline 0.01 -28"><span class='ocrx_word' id='word_1_504' title='bbox 2104 1836 2229 1890; x_wconf 88' lang='lat' dir='ltr'><strong>dam</strong></span> <span class='ocrx_word' id='word_1_505' title='bbox 2254 1838 2355 1892; x_wconf 90' lang='lat' dir='ltr'><strong>dici</strong></span> <span class='ocrx_word' id='word_1_506' title='bbox 2383 1849 2613 1909; x_wconf 90' lang='lat' dir='ltr'><strong>putaret,</strong></span> <span class='ocrx_word' id='word_1_507' title='bbox 2645 1842 2917 1911; x_wconf 70' lang='lat' dir='ltr'><strong>praemittit</strong></span> <span class='ocrx_word' id='word_1_508' title='bbox 2943 1846 3132 1900; x_wconf 85' lang='lat' dir='ltr'><strong>iterum</strong></span> <span class='ocrx_word' id='word_1_509' title='bbox 3156 1847 3434 1917; x_wconf 88' lang='lat' dir='ltr'><strong>Scriptura</strong></span> <span class='ocrx_word' id='word_1_510' title='bbox 3460 1849 3667 1917; x_wconf 75' lang='lat' dir='ltr'><strong>Spiritus</strong></span> 
     </span>
    </p>
   </div>
   <div class='ocr_carea' id='block_1_66' title="bbox 2104 1929 3657 2011">
    <p class='ocr_par' dir='ltr' id='par_1_66' title="bbox 2104 1929 3657 2011">
     <span class='ocr_line' id='line_1_66' title="bbox 2104 1929 3657 2011; baseline 0.008 -31"><span class='ocrx_word' id='word_1_511' title='bbox 2104 1929 2274 1982; x_wconf 88' lang='lat' dir='ltr'><strong>sancti</strong></span> <span class='ocrx_word' id='word_1_512' title='bbox 2321 1933 2716 1988; x_wconf 83' lang='lat' dir='ltr'><strong>auctoritatem.</strong></span> <span class='ocrx_word' id='word_1_513' title='bbox 2767 1933 2950 2001; x_wconf 82' lang='lat' dir='ltr'><strong>Tunc,</strong></span> <span class='ocrx_word' id='word_1_514' title='bbox 2997 1936 3184 2007; x_wconf 89' lang='lat' dir='ltr'><strong>inquit,</strong></span> <span class='ocrx_word' id='word_1_515' title='bbox 3239 1938 3438 1993; x_wconf 78' lang='lat' dir='ltr'><strong>Paulus</strong></span> <span class='ocrx_word' id='word_1_516' title='bbox 3484 1941 3657 2011; x_wconf 69' lang='lat' dir='ltr'><strong>Spiritu</strong></span> 
     </span>
    </p>
   </div>
   <div class='ocr_carea' id='block_1_67' title="bbox 2101 2014 3651 2101">
    <p class='ocr_par' dir='ltr' id='par_1_67' title="bbox 2101 2014 3651 2101">
     <span class='ocr_line' id='line_1_67' title="bbox 2101 2014 3651 2101; baseline 0.01 -28"><span class='ocrx_word' id='word_1_517' title='bbox 2101 2030 2278 2074; x_wconf 80' lang='lat' dir='ltr'><strong>sancto</strong></span> <span class='ocrx_word' id='word_1_518' title='bbox 2304 2023 2523 2091; x_wconf 85' lang='lat' dir='ltr'><strong>repletus</strong></span> <span class='ocrx_word' id='word_1_519' title='bbox 2542 2024 2613 2078; x_wconf 87' lang='lat' dir='ltr'><strong>ait</strong></span> <span class='ocrx_word' id='word_1_520' title='bbox 2628 2026 2706 2080; x_wconf 80' lang='lat' dir='ltr'><strong>illi</strong></span> <span class='ocrx_word' id='word_1_521' title='bbox 2736 2026 2895 2096; x_wconf 81' lang='lat' dir='ltr'><strong>(Ibid.</strong></span> <span class='ocrx_word' id='word_1_522' title='bbox 2920 2014 2969 2082; x_wconf 68' lang='lat' dir='ltr'><strong>ii.</strong></span> <span class='ocrx_word' id='word_1_523' title='bbox 2998 2029 3078 2101; x_wconf 88' lang='lat'><strong>9).</strong></span> <span class='ocrx_word' id='word_1_524' title='bbox 3108 2030 3283 2087; x_wconf 80' lang='lat' dir='ltr'><strong>[labes</strong></span> <span class='ocrx_word' id='word_1_525' title='bbox 3302 2042 3356 2087; x_wconf 90' lang='lat' dir='ltr'><strong>et</strong></span> <span class='ocrx_word' id='word_1_526' title='bbox 3384 2035 3544 2090; x_wconf 87' lang='lat' dir='ltr'><strong>aliam</strong></span> <span class='ocrx_word' id='word_1_527' title='bbox 3569 2038 3651 2089; x_wconf 82' lang='lat' dir='ltr'><strong>cir-</strong></span> 
     </span>
    </p>
   </div>
   <div class='ocr_carea' id='block_1_68' title="bbox 2101 2113 3657 2194">
    <p class='ocr_par' dir='ltr' id='par_1_68' title="bbox 2101 2113 3657 2194">
     <span class='ocr_line' id='line_1_68' title="bbox 2101 2113 3657 2194; baseline 0.008 -29"><span class='ocrx_word' id='word_1_528' title='bbox 2101 2125 2165 2166; x_wconf 87' lang='lat' dir='ltr'><strong>ca</strong></span> <span class='ocrx_word' id='word_1_529' title='bbox 2194 2113 2448 2182; x_wconf 87' lang='lat' dir='ltr'><strong>Spiritum</strong></span> <span class='ocrx_word' id='word_1_530' title='bbox 2480 2126 2718 2172; x_wconf 88' lang='lat' dir='ltr'><strong>sanctum</strong></span> <span class='ocrx_word' id='word_1_531' title='bbox 2745 2120 3247 2180; x_wconf 88' lang='lat' dir='ltr'><strong>demonstrationem</strong></span> <span class='ocrx_word' id='word_1_532' title='bbox 3271 2142 3283 2177; x_wconf 92' lang='lat'>:</span> <span class='ocrx_word' id='word_1_533' title='bbox 3303 2126 3346 2179; x_wconf 90' lang='lat' dir='ltr'><strong>si</strong></span> <span class='ocrx_word' id='word_1_534' title='bbox 3376 2126 3499 2194; x_wconf 90' lang='lat' dir='ltr'><strong>quis</strong></span> <span class='ocrx_word' id='word_1_535' title='bbox 3527 2126 3657 2181; x_wconf 80' lang='lat' dir='ltr'><strong>homo</strong></span> 
     </span>
    </p>
   </div>
   <div class='ocr_carea' id='block_1_69' title="bbox 2106 2203 3654 2285">
    <p class='ocr_par' dir='ltr' id='par_1_69' title="bbox 2106 2203 3654 2285">
     <span class='ocr_line' id='line_1_69' title="bbox 2106 2203 3654 2285; baseline 0.01 -30"><span class='ocrx_word' id='word_1_536' title='bbox 2106 2203 2251 2258; x_wconf 89' lang='lat' dir='ltr'><strong>rudis</strong></span> <span class='ocrx_word' id='word_1_537' title='bbox 2291 2207 2513 2270; x_wconf 87' lang='lat' dir='ltr'><strong>melius,</strong></span> <span class='ocrx_word' id='word_1_538' title='bbox 2545 2224 2702 2278; x_wconf 90' lang='lat' dir='ltr'><strong>quam</strong></span> <span class='ocrx_word' id='word_1_539' title='bbox 2744 2209 2961 2267; x_wconf 80' lang='lat' dir='ltr'><strong>facultas</strong></span> <span class='ocrx_word' id='word_1_540' title='bbox 2990 2211 3154 2275; x_wconf 89' lang='lat' dir='ltr'><strong>ferat,</strong></span> <span class='ocrx_word' id='word_1_541' title='bbox 3184 2215 3434 2285; x_wconf 83' lang='lat' dir='ltr'><strong>loquatur</strong></span> <span class='ocrx_word' id='word_1_542' title='bbox 3462 2232 3654 2271; x_wconf 79' lang='lat' dir='ltr'><strong>:veram</strong></span> 
     </span>
    </p>
   </div>
   <div class='ocr_carea' id='block_1_70' title="bbox 2103 2292 3655 2376">
    <p class='ocr_par' dir='ltr' id='par_1_70' title="bbox 2103 2292 3655 2376">
     <span class='ocr_line' id='line_1_70' title="bbox 2103 2292 3655 2376; baseline 0.008 -28"><span class='ocrx_word' id='word_1_543' title='bbox 2103 2292 2241 2350; x_wconf 89' lang='lat' dir='ltr'><strong>hanc</strong></span> <span class='ocrx_word' id='word_1_544' title='bbox 2265 2312 2451 2351; x_wconf 84' lang='lat' dir='ltr'><strong>rursus</strong></span> <span class='ocrx_word' id='word_1_545' title='bbox 2477 2300 2840 2368; x_wconf 88' lang='lat' dir='ltr'><strong>operationem</strong></span> <span class='ocrx_word' id='word_1_546' title='bbox 2868 2303 3134 2374; x_wconf 89' lang='lat' dir='ltr'><strong>Scriptura</strong></span> <span class='ocrx_word' id='word_1_547' title='bbox 3165 2305 3388 2376; x_wconf 90' lang='lat' dir='ltr'><strong>Spiritui</strong></span> <span class='ocrx_word' id='word_1_548' title='bbox 3409 2308 3655 2364; x_wconf 72' lang='lat' dir='ltr'><strong>adscribit.</strong></span> 
     </span>
    </p>
   </div>
   <div class='ocr_carea' id='block_1_71' title="bbox 2103 2384 3653 2457">
    <p class='ocr_par' dir='ltr' id='par_1_71' title="bbox 2103 2384 3653 2457">
     <span class='ocr_line' id='line_1_71' title="bbox 2103 2384 3653 2457; baseline 0.01 -18"><span class='ocrx_word' id='word_1_549' title='bbox 2103 2384 2344 2456; x_wconf 78' lang='lat' dir='ltr'><strong>Exempli</strong></span> <span class='ocrx_word' id='word_1_550' title='bbox 2367 2388 2535 2457; x_wconf 87' lang='lat' dir='ltr'><strong>gratia</strong></span> <span class='ocrx_word' id='word_1_551' title='bbox 2567 2431 2582 2455; x_wconf 88' lang='lat'><strong>,</strong></span> <span class='ocrx_word' id='word_1_552' title='bbox 2612 2390 2802 2448; x_wconf 90' lang='lat' dir='ltr'><strong>Petrus</strong></span> <span class='ocrx_word' id='word_1_553' title='bbox 2831 2402 2884 2448; x_wconf 90' lang='lat' dir='ltr'><strong>et</strong></span> <span class='ocrx_word' id='word_1_554' title='bbox 2901 2393 3134 2450; x_wconf 79' lang='lat' dir='ltr'><strong>Joannes</strong></span> <span class='ocrx_word' id='word_1_555' title='bbox 3151 2396 3204 2450; x_wconf 91' lang='lat' dir='ltr'><strong>in</strong></span> <span class='ocrx_word' id='word_1_556' title='bbox 3232 2396 3539 2454; x_wconf 80' lang='lat' dir='ltr'><strong>Judaorutn</strong></span> <span class='ocrx_word' id='word_1_557' title='bbox 3569 2403 3653 2455; x_wconf 79' lang='lat' dir='ltr'><strong>tre-</strong></span> 
     </span>
    </p>
   </div>
   <div class='ocr_carea' id='block_1_72' title="bbox 2102 2480 3667 2560">
    <p class='ocr_par' dir='ltr' id='par_1_72' title="bbox 2102 2480 3667 2560">
     <span class='ocr_line' id='line_1_72' title="bbox 2102 2480 3667 2560; baseline 0.01 -30"><span class='ocrx_word' id='word_1_558' title='bbox 2102 2480 2319 2547; x_wconf 88' lang='lat' dir='ltr'><strong>quentia</strong></span> <span class='ocrx_word' id='word_1_559' title='bbox 2365 2481 2793 2538; x_wconf 88' lang='lat' dir='ltr'><strong>concionantur:</strong></span> <span class='ocrx_word' id='word_1_560' title='bbox 2825 2483 2891 2538; x_wconf 86' lang='lat' dir='ltr'><strong>Et</strong></span> <span class='ocrx_word' id='word_1_561' title='bbox 2935 2496 3053 2539; x_wconf 86' lang='lat' dir='ltr'><strong>tunc</strong></span> <span class='ocrx_word' id='word_1_562' title='bbox 3082 2528 3097 2551; x_wconf 94' lang='lat'><strong>,</strong></span> <span class='ocrx_word' id='word_1_563' title='bbox 3128 2488 3239 2553; x_wconf 87' lang='lat' dir='ltr'><strong>ait,</strong></span> <span class='ocrx_word' id='word_1_564' title='bbox 3277 2488 3467 2545; x_wconf 79' lang='lat' dir='ltr'><strong>Petrus</strong></span> <span class='ocrx_word' id='word_1_565' title='bbox 3506 2495 3667 2560; x_wconf 34' lang='grc' dir='ltr'><strong>ριαιιη</strong></span> 
     </span>
    </p>
   </div>
   <div class='ocr_carea' id='block_1_73' title="bbox 2104 2568 3667 2649">
    <p class='ocr_par' dir='ltr' id='par_1_73' title="bbox 2104 2568 3667 2649">
     <span class='ocr_line' id='line_1_73' title="bbox 2104 2568 3667 2649; baseline 0.01 -24"><span class='ocrx_word' id='word_1_566' title='bbox 2104 2568 2303 2640; x_wconf 78' lang='lat' dir='ltr'><strong>Spiritu</strong></span> <span class='ocrx_word' id='word_1_567' title='bbox 2331 2583 2507 2626; x_wconf 83' lang='lat' dir='ltr'><strong>sancto</strong></span> <span class='ocrx_word' id='word_1_568' title='bbox 2531 2574 2659 2628; x_wconf 74' lang='lat' dir='ltr'><strong>dixit</strong></span> <span class='ocrx_word' id='word_1_569' title='bbox 2684 2575 2753 2628; x_wconf 90' lang='lat' dir='ltr'><strong>ad</strong></span> <span class='ocrx_word' id='word_1_570' title='bbox 2783 2577 3024 2646; x_wconf 83' lang='lat' dir='ltr'><strong>populum</strong></span> <span class='ocrx_word' id='word_1_571' title='bbox 3039 2596 3057 2633; x_wconf 91' lang='lat'><strong><em>:</em></strong></span> <span class='ocrx_word' id='word_1_572' title='bbox 3076 2578 3361 2649; x_wconf 81' lang='lat' dir='ltr'><strong>Anjustum</strong></span> <span class='ocrx_word' id='word_1_573' title='bbox 3375 2594 3453 2636; x_wconf 86' lang='lat' dir='ltr'><strong>est</strong></span> <span class='ocrx_word' id='word_1_574' title='bbox 3480 2585 3531 2636; x_wconf 79' lang='lat' dir='ltr'><strong>in</strong></span> <span class='ocrx_word' id='word_1_575' title='bbox 3554 2601 3667 2641; x_wconf 51' lang='lat' dir='ltr'><strong>cur</strong></span> 
     </span>
    </p>
   </div>
   <div class='ocr_carea' id='block_1_74' title="bbox 2099 2662 3667 2745">
    <p class='ocr_par' dir='ltr' id='par_1_74' title="bbox 2099 2662 3667 2745">
     <span class='ocr_line' id='line_1_74' title="bbox 2099 2662 3667 2745; baseline 0.008 -30"><span class='ocrx_word' id='word_1_576' title='bbox 2099 2673 2274 2732; x_wconf 79' lang='lat' dir='ltr'><strong>specta</strong></span> <span class='ocrx_word' id='word_1_577' title='bbox 2312 2662 2429 2730; x_wconf 85' lang='lat' dir='ltr'><strong>Dei,</strong></span> <span class='ocrx_word' id='word_1_578' title='bbox 2456 2680 2543 2719; x_wconf 81' lang='lat' dir='ltr'><strong>vos</strong></span> <span class='ocrx_word' id='word_1_579' title='bbox 2564 2667 2730 2735; x_wconf 86' lang='lat' dir='ltr'><strong>potius</strong></span> <span class='ocrx_word' id='word_1_580' title='bbox 2747 2667 2941 2733; x_wconf 80' lang='lat' dir='ltr'><strong>audire,</strong></span> <span class='ocrx_word' id='word_1_581' title='bbox 2971 2685 3122 2738; x_wconf 76' lang='lat' dir='ltr'><strong>quam</strong></span> <span class='ocrx_word' id='word_1_582' title='bbox 3144 2668 3329 2735; x_wconf 83' lang='lat' dir='ltr'><strong>Deum,</strong></span> <span class='ocrx_word' id='word_1_583' title='bbox 3357 2688 3446 2726; x_wconf 77' lang='lat' dir='ltr'><strong>vos</strong></span> <span class='ocrx_word' id='word_1_584' title='bbox 3456 2674 3667 2745; x_wconf 42' lang='lat' dir='ltr'><strong>judicent</strong></span> 
     </span>
    </p>
   </div>
   <div class='ocr_carea' id='block_1_75' title="bbox 2104 2752 3655 2835">
    <p class='ocr_par' dir='ltr' id='par_1_75' title="bbox 2104 2752 3655 2835">
     <span class='ocr_line' id='line_1_75' title="bbox 2104 2752 3655 2835; baseline 0.006 -28"><span class='ocrx_word' id='word_1_585' title='bbox 2104 2752 2256 2825; x_wconf 84' lang='lat' dir='ltr'><strong>(Act.</strong></span> <span class='ocrx_word' id='word_1_586' title='bbox 2281 2756 2335 2809; x_wconf 71' lang='grc'><strong>4.</strong></span> <span class='ocrx_word' id='word_1_587' title='bbox 2364 2756 2418 2811; x_wconf 89' lang='grc'><strong>8.</strong></span> <span class='ocrx_word' id='word_1_588' title='bbox 2449 2764 2496 2810; x_wconf 87' lang='lat' dir='ltr'><strong>et</strong></span> <span class='ocrx_word' id='word_1_589' title='bbox 2526 2758 2650 2828; x_wconf 78' lang='lat' dir='ltr'><strong>i9).</strong></span> <span class='ocrx_word' id='word_1_590' title='bbox 2679 2757 2785 2814; x_wconf 90' lang='lat' dir='ltr'><strong>Cur</strong></span> <span class='ocrx_word' id='word_1_591' title='bbox 2811 2775 2940 2829; x_wconf 86' lang='lat' dir='ltr'><strong>ergo</strong></span> <span class='ocrx_word' id='word_1_592' title='bbox 2986 2760 3179 2816; x_wconf 89' lang='lat' dir='ltr'><strong>dicitur</strong></span> <span class='ocrx_word' id='word_1_593' title='bbox 3206 2804 3222 2829; x_wconf 93' lang='lat'><strong>,</strong></span> <span class='ocrx_word' id='word_1_594' title='bbox 3256 2760 3452 2817; x_wconf 82' lang='lat' dir='ltr'><strong>Plenus</strong></span> <span class='ocrx_word' id='word_1_595' title='bbox 3483 2761 3655 2835; x_wconf 64' lang='lat' dir='ltr'><strong>Spiritu</strong></span> 
     </span>
    </p>
   </div>
   <div class='ocr_carea' id='block_1_76' title="bbox 2101 2848 3647 2925">
    <p class='ocr_par' dir='ltr' id='par_1_76' title="bbox 2101 2848 3647 2925">
     <span class='ocr_line' id='line_1_76' title="bbox 2101 2848 3647 2925; baseline 0.006 -25"><span class='ocrx_word' id='word_1_596' title='bbox 2101 2849 2320 2903; x_wconf 86' lang='lat' dir='ltr'><strong>sancto?</strong></span> <span class='ocrx_word' id='word_1_597' title='bbox 2347 2848 2482 2916; x_wconf 86' lang='lat' dir='ltr'><strong>Quia</strong></span> <span class='ocrx_word' id='word_1_598' title='bbox 2513 2850 2781 2905; x_wconf 90' lang='lat' dir='ltr'><strong>indoctum</strong></span> <span class='ocrx_word' id='word_1_599' title='bbox 2802 2852 3089 2909; x_wconf 75' lang='lat' dir='ltr'><strong>excedebat</strong></span> <span class='ocrx_word' id='word_1_600' title='bbox 3122 2853 3237 2910; x_wconf 79' lang='lat' dir='ltr'><strong>hac</strong></span> <span class='ocrx_word' id='word_1_601' title='bbox 3263 2854 3513 2925; x_wconf 88' lang='lat' dir='ltr'><strong>loquendi</strong></span> <span class='ocrx_word' id='word_1_602' title='bbox 3538 2858 3647 2911; x_wconf 73' lang='lat' dir='ltr'><strong>iide-</strong></span> 
     </span>
    </p>
   </div>
   <div class='ocr_carea' id='block_1_77' title="bbox 2101 2942 3651 3015">
    <p class='ocr_par' dir='ltr' id='par_1_77' title="bbox 2101 2942 3651 3015">
     <span class='ocr_line' id='line_1_77' title="bbox 2101 2942 3651 3015; baseline 0.005 -20"><span class='ocrx_word' id='word_1_603' title='bbox 2101 2942 2181 2995; x_wconf 88' lang='lat' dir='ltr'><strong>cia</strong></span> <span class='ocrx_word' id='word_1_604' title='bbox 2206 2981 2220 3004; x_wconf 90' lang='lat'><strong>.</strong></span> <span class='ocrx_word' id='word_1_605' title='bbox 2254 2956 2322 2996; x_wconf 89' lang='lat' dir='ltr'><strong>ne</strong></span> <span class='ocrx_word' id='word_1_606' title='bbox 2349 2942 2467 3012; x_wconf 92' lang='lat' dir='ltr'><strong>quis</strong></span> <span class='ocrx_word' id='word_1_607' title='bbox 2498 2942 2817 3013; x_wconf 78' lang='lat' dir='ltr'><strong>piscatorem</strong></span> <span class='ocrx_word' id='word_1_608' title='bbox 2836 2945 3127 3015; x_wconf 76' lang='lat' dir='ltr'><strong>respiciens</strong></span> <span class='ocrx_word' id='word_1_609' title='bbox 3145 2987 3160 3012; x_wconf 94' lang='lat'><strong>,</strong></span> <span class='ocrx_word' id='word_1_610' title='bbox 3184 2947 3411 3002; x_wconf 89' lang='lat' dir='ltr'><strong>orationi</strong></span> <span class='ocrx_word' id='word_1_611' title='bbox 3457 2950 3526 3003; x_wconf 88' lang='lat' dir='ltr'><strong>illi</strong></span> <span class='ocrx_word' id='word_1_612' title='bbox 3552 2964 3651 3003; x_wconf 78' lang='lat' dir='ltr'><strong>san-</strong></span> 
     </span>
    </p>
   </div>
   <div class='ocr_carea' id='block_1_78' title="bbox 2100 3034 3649 3110">
    <p class='ocr_par' dir='ltr' id='par_1_78' title="bbox 2100 3034 3649 3110">
     <span class='ocr_line' id='line_1_78' title="bbox 2100 3034 3649 3110; baseline 0.003 -23"><span class='ocrx_word' id='word_1_613' title='bbox 2100 3041 2201 3087; x_wconf 87' lang='lat' dir='ltr'><strong>cta</strong></span> <span class='ocrx_word' id='word_1_614' title='bbox 2220 3048 2340 3088; x_wconf 90' lang='lat' dir='ltr'><strong>cum</strong></span> <span class='ocrx_word' id='word_1_615' title='bbox 2364 3034 2605 3091; x_wconf 89' lang='lat' dir='ltr'><strong>libertate</strong></span> <span class='ocrx_word' id='word_1_616' title='bbox 2626 3035 2819 3090; x_wconf 82' lang='lat' dir='ltr'><strong>habita</strong></span> <span class='ocrx_word' id='word_1_617' title='bbox 2844 3037 3003 3091; x_wconf 81' lang='lat' dir='ltr'><strong>ﬁdem</strong></span> <span class='ocrx_word' id='word_1_618' title='bbox 3034 3052 3138 3092; x_wconf 92' lang='lat' dir='ltr'><strong>non</strong></span> <span class='ocrx_word' id='word_1_619' title='bbox 3168 3037 3403 3102; x_wconf 83' lang='lat' dir='ltr'><strong>haberet,</strong></span> <span class='ocrx_word' id='word_1_620' title='bbox 3426 3040 3649 3110; x_wconf 77' lang='lat' dir='ltr'><strong>pramisit</strong></span> 
     </span>
    </p>
   </div>
   <div class='ocr_carea' id='block_1_79' title="bbox 2103 3123 3649 3197">
    <p class='ocr_par' dir='ltr' id='par_1_79' title="bbox 2103 3123 3649 3197">
     <span class='ocr_line' id='line_1_79' title="bbox 2103 3123 3649 3197; baseline 0 -17"><span class='ocrx_word' id='word_1_621' title='bbox 2103 3123 2333 3194; x_wconf 86' lang='lat' dir='ltr'><strong>Spiritus</strong></span> <span class='ocrx_word' id='word_1_622' title='bbox 2353 3126 2522 3180; x_wconf 87' lang='lat' dir='ltr'><strong>sancti</strong></span> <span class='ocrx_word' id='word_1_623' title='bbox 2553 3128 2864 3197; x_wconf 87' lang='lat' dir='ltr'><strong>sapientiam</strong></span> <span class='ocrx_word' id='word_1_624' title='bbox 2895 3171 2911 3193; x_wconf 96' lang='lat'><strong>,</strong></span> <span class='ocrx_word' id='word_1_625' title='bbox 2941 3145 3008 3184; x_wconf 89' lang='lat' dir='ltr'><strong>ne</strong></span> <span class='ocrx_word' id='word_1_626' title='bbox 3045 3130 3253 3184; x_wconf 85' lang='lat' dir='ltr'><strong>mireris</strong></span> <span class='ocrx_word' id='word_1_627' title='bbox 3276 3131 3649 3186; x_wconf 82' lang='lat' dir='ltr'><strong>abundantiam.</strong></span> 
     </span>
    </p>
   </div>
   <div class='ocr_carea' id='block_1_80' title="bbox 2101 3217 3651 3294">
    <p class='ocr_par' dir='ltr' id='par_1_80' title="bbox 2101 3217 3651 3294">
     <span class='ocr_line' id='line_1_80' title="bbox 2101 3217 3651 3294; baseline 0.003 -23"><span class='ocrx_word' id='word_1_628' title='bbox 2101 3217 2256 3285; x_wconf 88' lang='lat' dir='ltr'><strong>Quod</strong></span> <span class='ocrx_word' id='word_1_629' title='bbox 2284 3219 2329 3274; x_wconf 90' lang='lat' dir='ltr'><strong>si</strong></span> <span class='ocrx_word' id='word_1_630' title='bbox 2358 3217 2568 3275; x_wconf 89' lang='lat' dir='ltr'><strong>videtur</strong></span> <span class='ocrx_word' id='word_1_631' title='bbox 2591 3261 2606 3286; x_wconf 93' lang='lat'><strong>,</strong></span> <span class='ocrx_word' id='word_1_632' title='bbox 2647 3221 2810 3275; x_wconf 90' lang='lat' dir='ltr'><strong>alium</strong></span> <span class='ocrx_word' id='word_1_633' title='bbox 2847 3221 3247 3279; x_wconf 87' lang='lat' dir='ltr'><strong>consideremus</strong></span> <span class='ocrx_word' id='word_1_634' title='bbox 3271 3264 3286 3287; x_wconf 92' lang='lat'><strong>,</strong></span> <span class='ocrx_word' id='word_1_635' title='bbox 3320 3236 3376 3277; x_wconf 91' lang='lat' dir='ltr'><strong>ut</strong></span> <span class='ocrx_word' id='word_1_636' title='bbox 3422 3227 3583 3294; x_wconf 79' lang='lat' dir='ltr'><strong>magis</strong></span> <span class='ocrx_word' id='word_1_637' title='bbox 3608 3238 3651 3276; x_wconf 70' lang='lat' dir='ltr'><strong>ac</strong></span> 
     </span>
    </p>
   </div>
   <div class='ocr_carea' id='block_1_81' title="bbox 2101 3300 3667 3385">
    <p class='ocr_par' dir='ltr' id='par_1_81' title="bbox 2101 3300 3667 3385">
     <span class='ocr_line' id='line_1_81' title="bbox 2101 3300 3667 3385; baseline 0.003 -22"><span class='ocrx_word' id='word_1_638' title='bbox 2101 3310 2271 3380; x_wconf 83' lang='lat' dir='ltr'><strong>magis</strong></span> <span class='ocrx_word' id='word_1_639' title='bbox 2312 3309 2451 3365; x_wconf 88' lang='lat' dir='ltr'><strong>dicta</strong></span> <span class='ocrx_word' id='word_1_640' title='bbox 2495 3311 2897 3367; x_wconf 75' lang='lat' dir='ltr'><strong>confirmentur.</strong></span> <span class='ocrx_word' id='word_1_641' title='bbox 2937 3313 3145 3368; x_wconf 90' lang='lat' dir='ltr'><strong>Sanctis</strong></span> <span class='ocrx_word' id='word_1_642' title='bbox 3173 3315 3360 3369; x_wconf 53' lang='lat' dir='ltr'><strong>caelum</strong></span> <span class='ocrx_word' id='word_1_643' title='bbox 3390 3300 3667 3385; x_wconf 76' lang='lat' dir='ltr'><strong>aperitur,</strong></span> 
     </span>
    </p>
   </div>
   <div class='ocr_carea' id='block_1_82' title="bbox 2100 3404 3653 3478">
    <p class='ocr_par' dir='ltr' id='par_1_82' title="bbox 2100 3404 3653 3478">
     <span class='ocr_line' id='line_1_82' title="bbox 2100 3404 3653 3478; baseline 0.003 -20"><span class='ocrx_word' id='word_1_644' title='bbox 2100 3404 2192 3458; x_wconf 88' lang='lat' dir='ltr'><strong>sed</strong></span> <span class='ocrx_word' id='word_1_645' title='bbox 2241 3405 2356 3460; x_wconf 87' lang='lat' dir='ltr'><strong>sine</strong></span> <span class='ocrx_word' id='word_1_646' title='bbox 2399 3404 2599 3475; x_wconf 90' lang='lat' dir='ltr'><strong>Spiritu</strong></span> <span class='ocrx_word' id='word_1_647' title='bbox 2638 3416 2822 3461; x_wconf 87' lang='lat' dir='ltr'><strong>sancto</strong></span> <span class='ocrx_word' id='word_1_648' title='bbox 2866 3425 2971 3463; x_wconf 90' lang='lat' dir='ltr'><strong>non</strong></span> <span class='ocrx_word' id='word_1_649' title='bbox 3010 3409 3279 3477; x_wconf 87' lang='lat' dir='ltr'><strong>aperitur;</strong></span> <span class='ocrx_word' id='word_1_650' title='bbox 3308 3425 3481 3478; x_wconf 85' lang='lat' dir='ltr'><strong>neque</strong></span> <span class='ocrx_word' id='word_1_651' title='bbox 3534 3412 3653 3464; x_wconf 75' lang='lat' dir='ltr'><strong>enim</strong></span> 
     </span>
    </p>
   </div>
   <div class='ocr_carea' id='block_1_83' title="bbox 2099 3494 3650 3567">
    <p class='ocr_par' dir='ltr' id='par_1_83' title="bbox 2099 3494 3650 3567">
     <span class='ocr_line' id='line_1_83' title="bbox 2099 3494 3650 3567; baseline 0.003 -20"><span class='ocrx_word' id='word_1_652' title='bbox 2099 3494 2270 3549; x_wconf 88' lang='lat' dir='ltr'><strong>oculis</strong></span> <span class='ocrx_word' id='word_1_653' title='bbox 2322 3498 2564 3566; x_wconf 89' lang='lat' dir='ltr'><strong>corporis</strong></span> <span class='ocrx_word' id='word_1_654' title='bbox 2609 3498 2796 3552; x_wconf 76' lang='lat' dir='ltr'><strong>calum</strong></span> <span class='ocrx_word' id='word_1_655' title='bbox 2844 3508 3083 3567; x_wconf 85' lang='lat' dir='ltr'><strong>apertum</strong></span> <span class='ocrx_word' id='word_1_656' title='bbox 3127 3500 3372 3563; x_wconf 83' lang='lat' dir='ltr'><strong>videtur,</strong></span> <span class='ocrx_word' id='word_1_657' title='bbox 3409 3500 3503 3555; x_wconf 89' lang='lat' dir='ltr'><strong>sed</strong></span> <span class='ocrx_word' id='word_1_658' title='bbox 3546 3500 3650 3567; x_wconf 70' lang='lat' dir='ltr'><strong>Spi-</strong></span> 
     </span>
    </p>
   </div>
   <div class='ocr_carea' id='block_1_84' title="bbox 2099 3586 3649 3662">
    <p class='ocr_par' dir='ltr' id='par_1_84' title="bbox 2099 3586 3649 3662">
     <span class='ocr_line' id='line_1_84' title="bbox 2099 3586 3649 3662; baseline 0.005 -23"><span class='ocrx_word' id='word_1_659' title='bbox 2099 3586 2233 3641; x_wconf 92' lang='lat' dir='ltr'><strong>ritus</strong></span> <span class='ocrx_word' id='word_1_660' title='bbox 2268 3589 2437 3643; x_wconf 91' lang='lat' dir='ltr'><strong>sancti</strong></span> <span class='ocrx_word' id='word_1_661' title='bbox 2467 3591 2797 3658; x_wconf 88' lang='lat' dir='ltr'><strong>operatione.</strong></span> <span class='ocrx_word' id='word_1_662' title='bbox 2838 3590 2979 3645; x_wconf 86' lang='lat' dir='ltr'><strong>Vidit</strong></span> <span class='ocrx_word' id='word_1_663' title='bbox 3002 3591 3301 3661; x_wconf 85' lang='lat' dir='ltr'><strong>Stephanus</strong></span> <span class='ocrx_word' id='word_1_664' title='bbox 3342 3594 3502 3648; x_wconf 85' lang='lat' dir='ltr'><strong>calos</strong></span> <span class='ocrx_word' id='word_1_665' title='bbox 3522 3610 3649 3662; x_wconf 80' lang='lat' dir='ltr'><strong>aper-</strong></span> 
     </span>
    </p>
   </div>
   <div class='ocr_carea' id='block_1_85' title="bbox 2101 3681 3647 3753">
    <p class='ocr_par' dir='ltr' id='par_1_85' title="bbox 2101 3681 3647 3753">
     <span class='ocr_line' id='line_1_85' title="bbox 2101 3681 3647 3753; baseline 0.002 -21"><span class='ocrx_word' id='word_1_666' title='bbox 2101 3686 2215 3745; x_wconf 89' lang='lat' dir='ltr'><strong>tos;</strong></span> <span class='ocrx_word' id='word_1_667' title='bbox 2240 3695 2421 3735; x_wconf 90' lang='lat' dir='ltr'><strong>verum</strong></span> <span class='ocrx_word' id='word_1_668' title='bbox 2448 3723 2463 3746; x_wconf 92' lang='lat'><strong>,</strong></span> <span class='ocrx_word' id='word_1_669' title='bbox 2490 3692 2544 3735; x_wconf 92' lang='lat' dir='ltr'><strong>ut</strong></span> <span class='ocrx_word' id='word_1_670' title='bbox 2576 3682 2647 3735; x_wconf 89' lang='lat' dir='ltr'><strong>ait</strong></span> <span class='ocrx_word' id='word_1_671' title='bbox 2675 3681 2943 3752; x_wconf 87' lang='lat' dir='ltr'><strong>Scriptura</strong></span> <span class='ocrx_word' id='word_1_672' title='bbox 2972 3725 2987 3748; x_wconf 90' lang='lat'><strong>,</strong></span> <span class='ocrx_word' id='word_1_673' title='bbox 3016 3700 3133 3738; x_wconf 88' lang='lat' dir='ltr'><strong>cum</strong></span> <span class='ocrx_word' id='word_1_674' title='bbox 3165 3695 3305 3739; x_wconf 88' lang='lat' dir='ltr'><strong>esset</strong></span> <span class='ocrx_word' id='word_1_675' title='bbox 3335 3687 3522 3752; x_wconf 84' lang='lat' dir='ltr'><strong>plenus</strong></span> <span class='ocrx_word' id='word_1_676' title='bbox 3547 3686 3647 3753; x_wconf 77' lang='lat' dir='ltr'><strong>Spi-</strong></span> 
     </span>
    </p>
   </div>
   <div class='ocr_carea' id='block_1_86' title="bbox 2100 3772 3647 3847">
    <p class='ocr_par' dir='ltr' id='par_1_86' title="bbox 2100 3772 3647 3847">
     <span class='ocr_line' id='line_1_86' title="bbox 2100 3772 3647 3847; baseline 0.003 -21"><span class='ocrx_word' id='word_1_677' title='bbox 2100 3772 2204 3828; x_wconf 84' lang='lat' dir='ltr'><strong>ritu</strong></span> <span class='ocrx_word' id='word_1_678' title='bbox 2231 3781 2416 3828; x_wconf 84' lang='lat' dir='ltr'><strong>sancto</strong></span> <span class='ocrx_word' id='word_1_679' title='bbox 2438 3772 2572 3847; x_wconf 82' lang='lat' dir='ltr'><strong>(Act.</strong></span> <span class='ocrx_word' id='word_1_680' title='bbox 2607 3775 2659 3829; x_wconf 89' lang='lat'><strong>6.</strong></span> <span class='ocrx_word' id='word_1_681' title='bbox 2691 3773 2766 3847; x_wconf 89' lang='lat'><strong>5),</strong></span> <span class='ocrx_word' id='word_1_682' title='bbox 2800 3775 2946 3829; x_wconf 83' lang='lat' dir='ltr'><strong>vidit.</strong></span> <span class='ocrx_word' id='word_1_683' title='bbox 2971 3776 3236 3845; x_wconf 83' lang='lat' dir='ltr'><strong>Nusquam</strong></span> <span class='ocrx_word' id='word_1_684' title='bbox 3255 3778 3428 3845; x_wconf 83' lang='lat' dir='ltr'><strong>igitur,</strong></span> <span class='ocrx_word' id='word_1_685' title='bbox 3463 3776 3647 3831; x_wconf 61' lang='lat' dir='ltr'><strong>fratres.</strong></span> 
     </span>
    </p>
   </div>
   <div class='ocr_carea' id='block_1_87' title="bbox 2097 3867 3649 3939">
    <p class='ocr_par' dir='ltr' id='par_1_87' title="bbox 2097 3867 3649 3939">
     <span class='ocr_line' id='line_1_87' title="bbox 2097 3867 3649 3939; baseline 0.001 -19"><span class='ocrx_word' id='word_1_686' title='bbox 2097 3867 2285 3920; x_wconf 82' lang='lat' dir='ltr'><strong>calum</strong></span> <span class='ocrx_word' id='word_1_687' title='bbox 2316 3868 2440 3922; x_wconf 92' lang='lat' dir='ltr'><strong>licet</strong></span> <span class='ocrx_word' id='word_1_688' title='bbox 2464 3877 2701 3937; x_wconf 88' lang='lat' dir='ltr'><strong>apertum</strong></span> <span class='ocrx_word' id='word_1_689' title='bbox 2734 3868 2910 3923; x_wconf 86' lang='lat' dir='ltr'><strong>videre</strong></span> <span class='ocrx_word' id='word_1_690' title='bbox 2932 3910 2947 3935; x_wconf 88' lang='lat'><strong>,</strong></span> <span class='ocrx_word' id='word_1_691' title='bbox 2976 3868 3091 3924; x_wconf 90' lang='lat' dir='ltr'><strong>sine</strong></span> <span class='ocrx_word' id='word_1_692' title='bbox 3116 3869 3313 3939; x_wconf 86' lang='lat' dir='ltr'><strong>Spiritu</strong></span> <span class='ocrx_word' id='word_1_693' title='bbox 3336 3910 3353 3936; x_wconf 95' lang='lat'><strong>,</strong></span> <span class='ocrx_word' id='word_1_694' title='bbox 3379 3886 3546 3939; x_wconf 85' lang='lat' dir='ltr'><strong>neque</strong></span> <span class='ocrx_word' id='word_1_695' title='bbox 3569 3872 3649 3921; x_wconf 75' lang='lat' dir='ltr'><strong>de—</strong></span> 
     </span>
    </p>
   </div>
   <div class='ocr_carea' id='block_1_88' title="bbox 2097 3963 3649 4029">
    <p class='ocr_par' dir='ltr' id='par_1_88' title="bbox 2097 3963 3649 4029">
     <span class='ocr_line' id='line_1_88' title="bbox 2097 3963 3649 4029; baseline -0.003 -12"><span class='ocrx_word' id='word_1_696' title='bbox 2097 3963 2249 4017; x_wconf 75' lang='lat' dir='ltr'><strong>cendi</strong></span> <span class='ocrx_word' id='word_1_697' title='bbox 2281 3964 2615 4018; x_wconf 89' lang='lat' dir='ltr'><strong>autoritatem</strong></span> <span class='ocrx_word' id='word_1_698' title='bbox 2636 3978 2868 4029; x_wconf 89' lang='lat' dir='ltr'><strong>sumere,</strong></span> <span class='ocrx_word' id='word_1_699' title='bbox 2902 3979 3000 4018; x_wconf 88' lang='lat' dir='ltr'><strong>nec</strong></span> <span class='ocrx_word' id='word_1_700' title='bbox 3028 3964 3401 4018; x_wconf 88' lang='lat' dir='ltr'><strong>miraculorum</strong></span> <span class='ocrx_word' id='word_1_701' title='bbox 3429 3964 3649 4017; x_wconf 70' lang='lat' dir='ltr'><strong>virtutem</strong></span> 
     </span>
    </p>
   </div>
   <div class='ocr_carea' id='block_1_89' title="bbox 2098 4053 3649 4125">
    <p class='ocr_par' dir='ltr' id='par_1_89' title="bbox 2098 4053 3649 4125">
     <span class='ocr_line' id='line_1_89' title="bbox 2098 4053 3649 4125; baseline -0.003 -16"><span class='ocrx_word' id='word_1_702' title='bbox 2098 4057 2352 4111; x_wconf 81' lang='lat' dir='ltr'><strong>exhibere</strong></span> <span class='ocrx_word' id='word_1_703' title='bbox 2400 4057 2516 4111; x_wconf 85' lang='lat' dir='ltr'><strong>sine</strong></span> <span class='ocrx_word' id='word_1_704' title='bbox 2537 4065 2721 4110; x_wconf 90' lang='lat' dir='ltr'><strong>sancto</strong></span> <span class='ocrx_word' id='word_1_705' title='bbox 2737 4066 2790 4110; x_wconf 90' lang='lat' dir='ltr'><strong>et</strong></span> <span class='ocrx_word' id='word_1_706' title='bbox 2809 4055 3078 4111; x_wconf 79' lang='lat' dir='ltr'><strong>adoranda</strong></span> <span class='ocrx_word' id='word_1_707' title='bbox 3093 4056 3311 4125; x_wconf 88' lang='lat' dir='ltr'><strong>Spiritu.</strong></span> <span class='ocrx_word' id='word_1_708' title='bbox 3335 4053 3518 4109; x_wconf 84' lang='lat' dir='ltr'><strong>Omnia</strong></span> <span class='ocrx_word' id='word_1_709' title='bbox 3538 4056 3649 4105; x_wconf 75' lang='lat' dir='ltr'><strong>enim</strong></span> 
     </span>
    </p>
   </div>
   <div class='ocr_carea' id='block_1_90' title="bbox 2098 4148 3667 4219">
    <p class='ocr_par' dir='ltr' id='par_1_90' title="bbox 2098 4148 3667 4219">
     <span class='ocr_line' id='line_1_90' title="bbox 2098 4148 3667 4219; baseline -0.003 -19"><span class='ocrx_word' id='word_1_710' title='bbox 2098 4157 2335 4217; x_wconf 86' lang='lat' dir='ltr'><strong>aperatur</strong></span> <span class='ocrx_word' id='word_1_711' title='bbox 2363 4166 2493 4203; x_wconf 86' lang='lat' dir='ltr'><strong>unus</strong></span> <span class='ocrx_word' id='word_1_712' title='bbox 2521 4158 2566 4202; x_wconf 87' lang='lat' dir='ltr'><strong>et</strong></span> <span class='ocrx_word' id='word_1_713' title='bbox 2594 4149 2724 4203; x_wconf 85' lang='lat' dir='ltr'><strong>idem</strong></span> <span class='ocrx_word' id='word_1_714' title='bbox 2744 4148 2986 4219; x_wconf 84' lang='lat' dir='ltr'><strong>Spiritus,</strong></span> <span class='ocrx_word' id='word_1_715' title='bbox 3010 4149 3235 4201; x_wconf 73' lang='lat' dir='ltr'><strong>dividens</strong></span> <span class='ocrx_word' id='word_1_716' title='bbox 3260 4148 3471 4218; x_wconf 81' lang='lat' dir='ltr'><strong>singulis</strong></span> <span class='ocrx_word' id='word_1_717' title='bbox 3492 4188 3506 4210; x_wconf 91' lang='lat'><strong>,</strong></span> <span class='ocrx_word' id='word_1_718' title='bbox 3526 4154 3667 4216; x_wconf 62' lang='lat' dir='ltr'><strong>prosi</strong></span> 
     </span>
    </p>
   </div>
   <div class='ocr_carea' id='block_1_91' title="bbox 2097 4241 3667 4319">
    <p class='ocr_par' dir='ltr' id='par_1_91' title="bbox 2097 4241 3667 4319">
     <span class='ocr_line' id='line_1_91' title="bbox 2097 4241 3667 4319; baseline -0.003 -26"><span class='ocrx_word' id='word_1_719' title='bbox 2097 4241 2202 4293; x_wconf 77' lang='lat' dir='ltr'><strong>vult</strong></span> <span class='ocrx_word' id='word_1_720' title='bbox 2227 4241 2301 4312; x_wconf 93' lang='lat' dir='ltr'><strong>(l.</strong></span> <span class='ocrx_word' id='word_1_721' title='bbox 2323 4241 2438 4297; x_wconf 87' lang='lat' dir='ltr'><strong>Cor.</strong></span> <span class='ocrx_word' id='word_1_722' title='bbox 2470 4242 2559 4297; x_wconf 70' lang='grc'><strong>12.</strong></span> <span class='ocrx_word' id='word_1_723' title='bbox 2586 4241 2676 4314; x_wconf 81' lang='grc' dir='ltr'><strong>Η)</strong></span> <span class='ocrx_word' id='word_1_724' title='bbox 2702 4259 2713 4296; x_wconf 90' lang='lat'>:</span> <span class='ocrx_word' id='word_1_725' title='bbox 2738 4243 2820 4298; x_wconf 89' lang='lat' dir='ltr'><strong>cui</strong></span> <span class='ocrx_word' id='word_1_726' title='bbox 2837 4242 3006 4313; x_wconf 82' lang='lat' dir='ltr'><strong>gloria</strong></span> <span class='ocrx_word' id='word_1_727' title='bbox 3050 4242 3099 4296; x_wconf 92' lang='lat' dir='ltr'><strong>in</strong></span> <span class='ocrx_word' id='word_1_728' title='bbox 3123 4242 3315 4298; x_wconf 86' lang='lat' dir='ltr'><strong>sacula</strong></span> <span class='ocrx_word' id='word_1_729' title='bbox 3337 4242 3667 4319; x_wconf 7' lang='lat' dir='ltr'><strong>saculorum.)</strong></span> 
     </span>
    </p>
   </div>
   <div class='ocr_carea' id='block_1_92' title="bbox 2098 4331 2293 4388">
    <p class='ocr_par' dir='ltr' id='par_1_92' title="bbox 2098 4331 2293 4388">
     <span class='ocr_line' id='line_1_92' title="bbox 2098 4331 2293 4388; baseline 0 -2"><span class='ocrx_word' id='word_1_730' title='bbox 2098 4331 2293 4388; x_wconf 86' lang='lat' dir='ltr'><strong>Amen.</strong></span> 
     </span>
    </p>
   </div>
  </div>
