3672 6268
452 321 569 379 51']
1108 352 1113 357 ι
1713 328 1902 385 SPi'Rl

2182 328 2460 390 ONITUM.
3572 337 3632 392 5|8

615 756 991 817 MONITUM
1039 757 1616 857 lN'iliPlSTOLAM
1663 759 2144 832 SEQUENTEM
2193 764 2303 824 AD
2352 765 2850 827 THIEODORUM
2895 766 3541 841 MOPSUESTENUM,

1332 945 1524 1025 Cujus
1566 944 1828 1023 antiqua
1863 945 2069 1004 versio
2102 947 2333 1010 Latina
2373 948 2473 1010 hic
2506 953 2859 1030 profertur.

514 1153 673 1226 [530]
704 1150 878 1224 llujus
907 1154 1169 1223 epistola,
1202 1171 1361 1224 quam
1394 1156 1579 1213 Graece
1610 1170 1661 1213 et
1706 1161 1894 1216 Latine
1937 1160 2188 1215 dedimus
2220 1160 2392 1215 Tomo
2440 1161 2620 1227 tertio,
2656 1176 2710 1230 p.
2743 1161 2867 1225 655,
2902 1161 3280 1229 interpretatio
3325 1172 3477 1215 vetus
3524 1163 3636 1221 latim

454 1245 683 1300 habetur
712 1245 763 1297 in
799 1245 1166 1315 Manuscripto
1191 1248 1421 1315 quodam
1448 1246 1794 1305 Bibliotheca:
1829 1261 2029 1305 nostrae
2060 1249 2563 1321 Sangermanensis;
2599 1261 2653 1305 et
2681 1252 2732 1305 in
2758 1252 2999 1322 catalogo
3026 1251 3507 1321 Manuseriptorum
3534 1272 3635 1309 enus

452 1338 720 1400 tiabatur;
761 1336 853 1391 sed
870 1334 1227 1406 Manuscripti
1246 1354 1521 1393 .numerus
1554 1356 1840 1411 perperam
1877 1342 2088 1411 positus
2112 1357 2220 1398 non
2259 1357 2451 1411 parum
2480 1342 2682 1412 negotii
2718 1341 3026 1412 laborisque
3059 1345 3269 1408 attulit;
3332 1354 3538 1399 notatur
3558 1352 3638 1405 enin

452 1428 632 1482 Codex
657 1428 783 1492 727,
833 1428 888 1481 in
941 1444 1048 1497 quo
1079 1429 1513 1499 hujus-epistola:
1558 1447 1628 1485 ne
1671 1433 1962 1504 vestigium
2006 1433 2225 1503 quidem
2272 1435 2545 1499 occurrit;
2588 1435 2808 1489 demum
2845 1444 3026 1490 autem
3077 1435 3164 1489 illa
3196 1445 3321 1505 post
3348 1438 3638 1509 multamprr

450 1521 803 1590 quisitionem
838 1521 892 1574 in
924 1520 1127 1576 Codice
1156 1522 1260 1577 526
1288 1534 1500 1593 reperta
1532 1524 1653 1580 fuit.

522 1611 672 1665 lllam
703 1620 885 1666 autem
928 1612 1016 1667 hic
1046 1614 1207 1669 edere
1242 1615 1420 1668 visum
1447 1625 1554 1680 est,
1599 1618 1725 1687 quia
1776 1619 1917 1675 circa
1964 1620 2107 1674 illam
2150 1618 2435 1690 epistolam
2476 1620 2597 1674 duze
2631 1619 2978 1675 difﬁcultates
3002 1630 3205 1675 exortae
3230 1620 3470 1683 fuerant,
3512 1632 3638 1677 ulmo

451 1703 671 1757 nuimus
702 1705 754 1758 in
780 1705 926 1759 notis
955 1704 1022 1759 ad
1057 1706 1327 1771 eamdem,
1388 1707 1587 1776 quibus
1612 1710 1885 1765 solvendis
1927 1710 2338 1765 difﬁcultatibus
2366 1726 2621 1783 magnum
2650 1711 2809 1765 aﬁ‘ert
2843 1721 3177 1765 momentum
3212 1712 3329 1767 haec
3369 1723 3518 1765 vetus
3543 1714 3638 1767 inter

450 1799 687 1867 pretatio
718 1799 931 1853 Latina.
966 1798 1119 1855 Prior
1143 1808 1326 1855 amem
1358 1801 1651 1857 difﬁcultas
1681 1805 1809 1861 hinc
1843 1807 2019 1861 oritur
2047 1806 2193 1876 quod
2224 1806 2387 1876 hujus
2432 1806 2699 1875 epistolae,
2750 1821 2870 1875 qua:
2895 1805 3035 1861 CXII
3062 1816 3407 1867 numeratur,
3448 1807 3595 1859 titulus
3616 1808 3637 1858 ll

452 1891 707 1948 onmibus
737 1890 865 1945 Mss.
908 1901 1069 1962 atque
1119 1892 1291 1949 Editis
1331 1894 1411 1949 sic
1460 1896 1657 1951 habeat
1690 1916 1702 1951 :
1735 1898 1996 1971 Θεοδώρῳ
2053 1900 2358 1970 ὲπισκόπῳ,
2427 1900 2691 1953 Theodoro
2735 1899 3012 1967 episcopo;
3067 1897 3225 1967 cujus
3262 1906 3446 1950 autem
3488 1897 3640 1952 civitatis

451 1985 744 2055 episcopus
803 1996 947 2042 esset
977 2003 1087 2041 non
1146 1990 1481 2045 enuntiatur.
1517 1990 1662 2047 Pcne
1704 2003 1885 2049 tamen
1918 2011 2147 2051 concors
2175 1996 2511 2050 eruditorum
2560 1994 2747 2064 opinio
2803 2001 2940 2055 erat,
2990 1992 3135 2046 hunc
3189 1991 3530 2044 Theodorum
3578 2006 3640 2042 esst

455 2076 920 2148 Mopsuestcnum.
952 2080 1020 2135 At
1046 2080 1099 2134 in
1124 2081 1365 2139 Concilio
1391 2085 1456 2152 V,
1490 2086 1662 2142 Tomo
1688 2088 1729 2142 V
1760 2087 1996 2154 Labbaai,
2052 2105 2106 2158 p.
2139 2089 2261 2153 490,
2315 2097 2565 2159 negatur,
2588 2092 2732 2141 'eum
2766 2086 2851 2141 cui
2899 2086 3014 2140 haec
3055 2085 3289 2138 mittitur
3327 2083 3542 2152 epistola
3579 2100 3639 2135 est

454 2173 801 2230 Theodorum
852 2175 1315 2247 Mopsuestenum.
1361 2180 1419 2235 In
1476 2182 1844 2253 Manuscripto
1890 2194 2073 2239 autem
2118 2194 2307 2239 nostro
2342 2183 2531 2237 titulus
2585 2191 2668 2237 est
2719 2181 2981 2236 :Joanm's
3029 2177 3578 2244 Constantinopolitali
3612 2196 3639 2226 at

456 2266 782 2321 Theodorum
814 2268 1237 2338 Mapsuestenum
1261 2272 1577 2343 episcopum.
1606 2276 1744 2331 [line
1767 2277 1951 2332 videas
1974 2277 2087 2347 jam
2119 2276 2313 2347 priscis
2338 2276 2442 2330 illis
2475 2275 2811 2345 temporibus
2843 2271 3191 2326 Theodorum
3228 2271 3382 2325 illum
3415 2270 3639 2338 episropun

454 2376 555 2430 pro
584 2360 966 2431 Mopsuesteno
991 2364 1230 2418 habitum
1256 2365 1448 2429 fuisse,
1480 2368 1532 2422 id
1565 2371 1706 2440 quod
1735 2373 1899 2427 etiam
1929 2373 2284 2427 conlirmatur
2313 2386 2381 2425 ex
2405 2371 2759 2424 annotatione
2789 2376 3070 2437 sequente.

527 2453 776 2509 Secunda
807 2454 1094 2510 diﬁicultas
1132 2471 1195 2509 ex
1220 2457 1462 2527 epistolae
1487 2462 1594 2517 ﬁne
1616 2465 1877 2535 exsurgit,
1909 2465 2001 2519 ubi
2033 2464 2109 2519 sic
2142 2464 2339 2535 legitur
2369 2462 2424 2516 in
2450 2462 2611 2516 Edito
2649 2470 2837 2515 nostro
2876 2480 2887 2515 :
2937 2460 2997 2512 οὐ
3028 2457 3137 2528 γὰρ
3169 2458 3269 2526 τὴν
3303 2456 3572 2526 τυχοῦσαν,
3599 2473 3639 2504 z:

452 2546 512 2599 ἐν
547 2547 753 2618 ἐρημίᾳ
802 2548 1134 2619 καθήμενοι,
1174 2552 1543 2623 καρπούμεθα
1600 2555 1698 2626 τὴν
1750 2556 2122 2628 παράκλησιν,
2176 2558 2305 2610 ὅταν
2358 2553 2612 2608 τοσοῦτον
2670 2554 2729 2606 ὲν
2776 2552 2974 2623 καρδίᾳ
3022 2551 3300 2621 θησαυρὸν
3345 2550 3445 2601 καὶ
3497 2546 3641 2599 πλοίτιε

452 2644 816 2714 ἀποκείμενον
846 2644 1059 2715 ἔχωμεν
1082 2644 1181 2715 τῆς
1204 2648 1571 2720 ἐγρηγορυίας
1595 2652 1689 2705 καὶ
1717 2653 1902 2721 γενναί

2191 2652 2305 2722 »χῆς
2333 2650 2432 2721 τὴν
2462 2650 2685 2719 ἀγάπην
2720 2667 2732 2702 :
2767 2648 2806 2702 i.
2839 2664 2888 2703 c.
2919 2647 3097 2717 Neque
3138 2648 3300 2706 enim,
3354 2646 3411 2697 in
3460 2646 3547 2696 hac
3589 2646 3641 2695 [ire

455 2736 735 2795 solitudine
755 2736 933 2804 positi,
955 2736 1228 2807 vulgarem
1255 2742 1666 2796 consolationem
1689 2744 1948 2812 capimus,
1974 2759 2093 2796 cum
2129 2751 2338 2796 tantum
2374 2742 2429 2795 in
2457 2741 2609 2794 corde
2636 2740 2939 2793 thesaurum
2969 2747 3247 2805 tantasque
3278 2751 3403 2805 opes
3430 2736 3641 2786 "condit;

452 2828 723 2895 habemus,
765 2827 860 2881 hoc
895 2836 991 2891 est,
1026 2829 1299 2899 vigilantis
1332 2849 1396 2886 ac
1431 2835 1666 2903 generosi
1710 2835 1877 2888 animi
1926 2837 2003 2888 tui
2034 2835 2335 2888 caritatem.

524 2915 683 2971 Ilunc
732 2931 894 2986 porro
925 2916 1101 2971 locum
1135 2919 1203 2974 ad
1230 2916 1523 2977 Frontonis
1566 2922 1748 2977 Ducaei
1797 2933 1853 2979 et
1900 2922 2082 2978 Savilii
2117 2922 2427 2978 Editionum
2479 2921 2641 2977 ﬁdem
2689 2919 2976 2975 edidimus.
3012 2916 3089 2972 Ex
3125 2928 3363 2988 quatuor
3393 2927 3563 2971 autem
3598 2916 3641 2967 Et

455 3008 771 3079 nuscriptis,
802 3008 958 3078 queis
989 3010 1070 3064 usi
1097 3026 1308 3081 sumus,
1346 3014 1559 3070 duobus
1587 3031 1786 3086 nempe
1816 3015 2113 3080 Vaticanis,
2149 3032 2259 3071 uno
2290 3015 2457 3088 Regio
2486 3025 2543 3070 et
2573 3030 2683 3070 uno
2712 3012 3066 3077 Coisliniano,
3109 3011 3310 3082 Regius
3338 3019 3395 3065 et
3443 3010 3641 3064 νούσης

455 3123 598 3162 unus
632 3107 855 3166 habent,
886 3103 944 3156 ὲν
988 3106 1185 3177 καρδίᾳ
1233 3106 1528 3179 θησαυρόν,
1563 3117 1623 3163 ut
1650 3124 1842 3179 supra;
1877 3126 1905 3163 a

2207 3108 2335 3173 duo,
2369 3109 2427 3161 ὲν
2464 3106 2688 3177 Κιλικίᾳ
2735 3103 3028 3176 Θησαυρόν.
3065 3101 3239 3168 Quam
3268 3103 3552 3157 lectionem
3582 3120 3643 3155 ea

456 3199 636 3255 ﬁrmat
672 3198 867 3253 Codex
923 3207 1110 3252 noster
1155 3199 1638 3270 Sangermanensis
1688 3202 1746 3255 in
1778 3217 1888 3271 quo
1935 3200 2150 3272 legitur,
2202 3200 2362 3254 talem
2398 3201 2459 3253 in
2513 3197 2699 3254 Cicilia
2742 3198 3067 3250 thesaurum.
3126 3193 3265 3249 lluic
3318 3195 3539 3249 lectioni
3578 3197 3644 3248 fasc

457 3293 621 3349 etiam
654 3289 957 3343 'Facundus
994 3289 1410 3347 Hermianensis
1455 3293 1547 3349 lib.
1593 3294 1646 3358 7,
1686 3308 1806 3365 cap.
1846 3294 1899 3359 7,
1953 3309 2009 3363 p.
2061 3293 2199 3359 655,
2258 3293 2403 3348 Edit.
2455 3290 2751 3353 Sirmoudi,
2790 3289 2920 3353 fol.;
2947 3288 3039 3358 qui
3097 3286 3391 3353 Facundus
3420 3292 3643 3357 quoun

457 3382 681 3452 Κιλικίᾳ
709 3382 930 3451 legerat.
970 3380 1152 3450 Itaque
1202 3384 1343 3438 hanc
1374 3382 1663 3440 lectionem
1713 3386 1770 3439 ὲν
1824 3384 1907 3437 Κιῖ

2193 3399 2266 3437 tm
2294 3382 2500 3438 ibidem
2536 3382 2591 3435 in
2629 3391 2755 3435 nota
2791 3395 3100 3451 germanam
3139 3394 3261 3432 csse
3294 3379 3643 3449 suSpicabamu

451 3471 562 3542 jam
594 3489 778 3528 veram
806 3491 928 3531 esse
957 3476 1392 3546 pronuntiamus,
1432 3477 1619 3544 sicque
1642 3491 1866 3545 prorsus
1890 3475 2179 3547 legendum
2207 3490 2328 3529 esse
2360 3488 2667 3529 censemus.
2698 3473 2753 3526 Si
2783 3488 2945 3542 porro
2968 3471 3290 3525 Theodorus
3325 3472 3418 3524 hie
3462 3472 3513 3524 in
3540 3470 3643 3523 Citio

454 3566 746 3637 episcopus
781 3569 963 3635 fuerit,
988 3568 1151 3622 haud
1207 3568 1369 3623 dubie
1404 3566 1820 3637 MOpsuesteuus
1851 3569 1971 3633 erit,
2011 3568 2155 3638 quod
2202 3570 2367 3623 etiam
2398 3568 2457 3621 in
2490 3567 2647 3620 titulo
2679 3565 2853 3619 fertur
2901 3564 2955 3618 in
3002 3563 3374 3632 Manuscripto
3417 3563 3643 3631 Sangemn

454 3664 637 3729 nensi,
674 3664 744 3717 ad
785 3663 1104 3719 Theodorum
1144 3664 1559 3733 Mopsuesteuum
1591 3665 1911 3733 episcopum,
1962 3681 2085 3719 cum
2123 3664 2359 3733 alioquin
2391 3663 2601 3717 nullum
2623 3662 2789 3716 alium
2818 3661 2871 3715 in
2901 3658 3090 3715 Cilicia
3135 3660 3459 3728 episcopum
3499 3658 3643 3725 Chrysa

456 3760 619 3814 διοωί
667 3760 901 3815 amicum
934 3760 1099 3816 fuisse
1126 3760 1379 3825 sciamus,
1413 3768 1773 3829 prwterquam
1809 3758 2157 3813 Theodorum
2194 3759 2657 3829 Mopsuesteuum.

529 3854 659 3907 Haec
710 3853 892 3923 itaque
948 3854 1108 3909 lectio
1159 3869 1256 3923 pro
1286 3862 1493 3907 asserta
1515 3854 1627 3923 jam
1655 3862 1709 3906 et
1738 3853 2039 3907 indubitata
2071 3854 2258 3907 haberi
2288 3853 2470 3907 debet.
2514 3853 2698 3921 Neque
2734 3861 2912 3905 tamen
2959 3848 3326 3903 omittendum
3365 3856 3474 3902 est.
3504 3845 3549 3899 id
3576 3860 3643 3913 qva

456 3944 713 4001 observat
747 3942 1149 4006 Tillemontius,
1184 3941 1397 3997 etiamsi
1428 3943 1485 3995 ὲν
1520 3941 1718 4012 καρδίᾳ
1762 3942 2053 4013 legeretur,
2092 3942 2237 3996 hunc
2279 3952 2461 3997 tamen
2504 3942 2851 3996 Theodorum
2878 3955 2998 3994 esse
3029 3938 3481 4008 Mopsuestcuum
3509 3940 3643 3991 omnia

454 4048 711 4107 oportere
741 4054 754 4092 :
784 4052 909 4091 nam
964 4036 1100 4091 duos
1130 4035 1303 4089 solum
1336 4032 1653 4087 'l‘heodoros
1692 4032 1964 4097 novimus,
2009 4030 2077 4084 ad
2105 4046 2242 4099 quos
2285 4032 2401 4085 hac
2424 4030 2652 4099 epistola
2698 4030 2867 4083 missa
2902 4027 3068 4081 fuisse
3105 4027 3368 4096 potuerit,
3396 4027 3643 4096 Blopsueszc

457 4144 591 4182 num
619 4143 817 4199 nempe
847 4128 901 4181 in
930 4126 1137 4191 Cilicia,
1170 4134 1226 4179 et
1262 4124 1540 4194 Tyaneum
1571 4122 1628 4175 in
1655 4120 2016 4191 Cappadocia.
2042 4118 2260 4190 Tyaneo
2289 4130 2470 4174 autem
2501 4121 2648 4173 nulla
2684 4118 2849 4175 fuisse
2879 4118 3279 4173 consuetudine
3311 4118 3532 4186 juncms
3568 4116 3643 4167 ita

460 4228 549 4274 tur
577 4219 1028 4291 Chrysostonms;
1061 4214 1334 4271 Theodori
1364 4223 1547 4268 autem
1577 4210 1999 4283 Mopsuestenia
2020 4225 2197 4281 puero
2226 4212 2433 4267 amicus
2459 4212 2659 4266 fuerat.

487 4456 3644 4485 —w——W—ﬂ—M

705 4579 787 4635 lix
805 4579 976 4632 codice
1004 4577 1123 4633 MS.
1150 4595 1291 4631 num.
1325 4578 1430 4634 526
1456 4578 1779 4633 Bibliotheca:
1804 4582 1963 4634 sancti
1997 4580 2284 4635 Germania
2313 4580 2502 4647 Pratis,
2532 4582 2617 4649 qui
2644 4598 2776 4635 nono
2804 4582 2989 4635 sucula
3010 4582 3290 4650 descriptus
3317 4586 3435 4651 fuit.

888 4716 1073 4786 lncipit
1100 4715 1357 4772 Johannis
1381 4713 1952 4785 Constantinopolitani
1984 4716 2049 4771 ad
2074 4716 2412 4772 Theodorum
2443 4715 2869 4787 Mopsuestenum
2894 4716 3243 4789 Episcopum.

530 4852 585 4909 Si
612 4860 754 4908 esset
781 4849 991 4920 quidem
1014 4849 1195 4903 venire
1220 4848 1491 4917 possibile,
1520 4857 1766 4918 tuamque
1793 4863 2045 4903 reveren-
2149 4849 2247 4903 etsi
2273 4848 2405 4903 nihil
2429 4849 2655 4917 amplius
2681 4849 2872 4903 factum
2900 4859 3014 4914 est,
3047 4851 3213 4905 Deum
3241 4861 3419 4905 tamen
3453 4852 3643 4919 habespi

461 4948 586 5001 tiam
616 4946 993 5011 caritatemque
1022 4941 1324 5009 complecti,
1358 4940 1408 4993 iu
1438 4941 1546 5009 ipsa
1572 4938 1849 5008 jucundari
1870 4979 1886 5002 ,
1917 4953 2039 4992 cum
2150 4946 2240 4993 tuo
2265 4940 2439 4993 studio
2463 4949 2516 4994 et
2540 4941 2811 4995 alacritate
2836 4940 3129 4995 debitorem
3152 4984 3165 5007 ,
3192 4944 3550 5013 integramque
3575 4958 3643 4995 me!

462 5038 625 5092 multa
669 5037 771 5090 hoc
818 5034 1094 5087 velocitate
1130 5042 1183 5086 et
1225 5032 1399 5086 studio
1426 5033 1756 5086 faceremus:
1790 5031 2036 5100 quoniam
2148 5030 2353 5085 cedem.
2379 5030 2484 5085 Nos
2510 5040 2682 5085 autem
2710 5046 2813 5085 non
2844 5032 3183 5101 quiescimus,
3216 5022 3451 5089 scientes
3482 5044 3571 5087 tum
3594 5047 3643 5101 gn

462 5136 640 5181 autem
673 5125 773 5179 hoc
797 5124 948 5178 nobis
974 5138 1077 5175 non
1106 5122 1333 5191 adjacet,
1364 5137 1505 5176 nunc
1532 5124 1699 5177 literis
1714 5123 1822 5176 hoc
1851 5123 2041 5192 imple-
2140 5124 2275 5177 tiam
2314 5123 2641 5187 sanctitatis,
2669 5132 2723 5177 et
2750 5132 2892 5176 tuam
2934 5126 3285 5178 reverentiam
3315 5129 3555 5180 omnibus
3578 5139 3643 5192 pra

460 5233 600 5273 mus.
626 5217 680 5272 Si
724 5216 865 5270 enim
910 5213 975 5267 ad
1024 5214 1171 5283 ipsos
1217 5213 1349 5267 ﬁnes
1393 5212 1575 5267 mundi
1614 5213 1903 5275 ducamur,
1935 5226 2040 5268 tute
2146 5214 2417 5277 dicantes,
2446 5224 2603 5284 atque
2644 5224 2925 5284 poscentes
2965 5215 3206 5270 eamdem
3251 5217 3580 5273 dilectionem
3599 5217 3643 5267 ῆς

459 5308 759 5366 dileCtionis
787 5305 1139 5374 integritatem
1166 5311 1219 5357 et
1244 5303 1525 5366 fervorem,
1554 5312 1610 5359 et
1636 5306 1750 5359 sine
1777 5305 1900 5358 dolo
1929 5306 2038 5358 sin-
2146 5315 2348 5360 reutem
2381 5321 2475 5374 per
2496 5305 2673 5359 omnia
2717 5306 3045 5360 conservari.
3073 5306 3186 5360 Non
3232 5309 3375 5362 enim
3421 5309 3474 5363 in
3514 5310 3643 5361 desert

458 5402 733 5457 ceritatem
761 5396 997 5451 oblivisci
1029 5409 1133 5448 non
1164 5408 1461 5463 possumus,
1488 5409 1604 5462 qua:
1632 5402 1713 5448 est
1739 5395 1949 5463 antiqua
1981 5402 2038 5448 et
2142 5397 2392 5451 sedentes
2446 5396 2674 5450 fortuita:
2725 5398 3121 5451 intercessionis
3174 5400 3377 5453 fructus
3433 5401 3637 5453 habemus

458 5509 487 5544 a
528 5489 785 5559 principio
809 5529 823 5549 .
849 5500 1113 5556 quamque
1146 5498 1284 5538 nunc
1315 5484 1640 5537 moustrasti.
1669 5483 1851 5553 Neque
1890 5486 2032 5539 enim
2143 5487 2351 5555 quando
2370 5487 2525 5541 talem
2546 5487 2792 5542 inCilicia
2812 5488 3112 5541 thesaurum
3132 5498 3184 5543 et
3206 5491 3643 5545 rcconditasdim

458 5596 555 5635 nos
584 5579 733 5634 latuit
759 5587 955 5648 quanta
987 5591 1082 5645 pro
1110 5576 1261 5630 nobis
1286 5585 1341 5628 et
1379 5575 1554 5629 dicere
1591 5585 1643 5628 et
1683 5576 1854 5630 facere
1884 5575 2033 5628 festi-
2144 5579 2504 5646 possidemus:
2526 5579 2638 5633 hsce
2655 5588 2736 5633 est
2755 5579 2893 5635 enim
2918 5578 3069 5633 fortis
3091 5588 3144 5632 et
3165 5581 3388 5651 vigilans
3413 5583 3643 5636 animum:

459 5673 615 5735 uasti,
639 5686 789 5725 meus
813 5668 926 5739 (sic)
949 5668 1351 5723 hotwratissime
1372 5677 1529 5737 atque
1554 5670 1905 5724 sanctissime.
1929 5667 2034 5724 Sed
2140 5672 2374 5725 dilectio.
2410 5670 2659 5739 Explicit.
