3692 6274
42 361 149 420 5n
947 351 952 358 '
1295 361 1564 422 spuma.
1599 396 1666 404 -
1705 354 2043 420 MONITUM.
3203 364 3305 419 δίε

680 641 3276 672 mm

1310 1082 2024 1214 SPURIA.

1467 1713 1844 1783 MONITUM

971 1925 1054 1988 IN
1112 1926 1318 1988 DUAS
1382 1925 1776 1989 HOMILIAS
1837 1923 2318 2002 SEQUENTES.

94 2160 248 2234 [552]
276 2161 453 2217 Hasce
483 2160 733 2218 liomilias
764 2160 1007 2232 ejusdem
1044 2161 1282 2218 auctoris
1326 2175 1447 2218 esse
1474 2177 1585 2218 non
1623 2171 1710 2218 est
1741 2163 1888 2234 quod
1911 2161 2243 2229 dubitemus,
2276 2161 2348 2217 ita
2371 2161 2509 2233 stylo
2539 2170 2594 2218 et
2625 2159 2862 2217 dictione
2890 2160 3096 2218 similes
3121 2171 3250 2218 sunt
3280 2177 3297 2215 :

32 2286 82 2331 et
121 2276 451 2348 alioquinin
485 2275 723 2331 secunda
753 2286 1129 2346 argumentum
1179 2278 1368 2348 primae
1419 2277 1488 2332 ab
1535 2277 1691 2333 initio
1723 2277 2088 2348 prosequitur.
2144 2275 2262 2331 Non
2304 2291 2424 2332 esse
2459 2285 2640 2330 autem
2683 2272 3078 2346 Chrysostomi,
3123 2275 3302 2346 quivis

29 2406 298 2453 emunctae
353 2398 501 2454 naris
555 2399 736 2455 statim
787 2399 1070 2471 percipiat.
1121 2397 1228 2455 Sed
1267 2398 1526 2455 libentius
1555 2400 1770 2455 credam
1805 2413 1924 2454 esse
1971 2397 2274 2470 cujuspiam
2315 2411 2380 2452 ex
2422 2396 2754 2467 presbyteris
2782 2393 3163 2460 Antiochenis,
3205 2391 3301 2464 qui

28 2513 399 2585 Chrysostomi
433 2525 676 2588 tempore
705 2517 928 2574 alternis
954 2519 1165 2574 vicibus
1194 2534 1377 2574 coram
1408 2519 1663 2575 Flaviano
1701 2520 1956 2590 episcopo
1982 2519 2287 2575 Antiochiae
2332 2516 2815 2574 coneionabantur.
2853 2515 2991 2572 llinc
3021 2523 3106 2571 est
3154 2514 3300 2586 quod

29 2635 80 2690 in
106 2635 271 2693 ﬁnem
297 2639 488 2707 prima;
516 2640 770 2707 homiliaa,
788 2641 882 2695 τοῦ
915 2640 1096 2696 κοινοῦ
1128 2643 1355 2713 πατρός,
1387 2643 1676 2698 communis
1727 2643 1917 2713 patris,
1958 2643 2164 2698 mentio
2193 2643 2445 2710 habetur,
2485 2651 2742 2712 tanquam
2789 2639 3094 2712 prmsentis.
3145 2637 3303 2705 Quod

31 2756 168 2813 forte
190 2742 455 2829 judicium
485 2760 772 2818 ferendum
799 2771 882 2818 est
926 2761 994 2819 de
1028 2763 1150 2818 aliis
1174 2761 1424 2835 plurimis
1449 2764 1810 2828 orationibus,
1839 2764 1894 2818 in
1920 2763 2074 2833 queis
2101 2763 2190 2818 ille
2231 2761 2538 2818 communis
2573 2769 2731 2833 pater
2769 2773 3010 2831 presens
3054 2770 3300 2812 comme-

31 2877 295 2926 moratur.
340 2870 492 2927 Hanc
543 2881 748 2939 autem,
780 2881 840 2929 ut
889 2883 946 2929 et
996 2873 1312 2932 innumeras
1339 2875 1472 2932 alias
1501 2875 1890 2946 Chrysostomo
1939 2876 2242 2946 adscriptas
2269 2876 2592 2946 reperimus,
2627 2875 2743 2930 sive
2793 2872 3029 2929 librariis
3057 2881 3304 2942 quastus

31 2995 192 3037 causa
223 2983 346 3041 illas
372 2993 483 3041 tam
508 2986 706 3043 celebri
736 2989 958 3045 nomine
985 2989 1422 3062 insignientibus,
1457 2992 1511 3049 id
1563 2993 1708 3064 quod
1733 2992 2033 3065 saepissime
2076 2993 2292 3062 accidit,
2319 2992 2434 3049 sive
2474 2992 2598 3048 aliis
2627 2991 2984 3063 scriptoribus
3009 2988 3302 3046 temerario

32 3109 165 3151 ausu
187 3098 356 3155 fanus
385 3115 515 3158 suos
537 3110 688 3159 tanto
719 3102 928 3160 doctori
955 3103 1414 3174 adscribentibus,
1439 3113 1500 3163 ut
1540 3105 1859 3164 melioribus
1899 3107 2158 3180 auspiciis
2189 3107 2243 3163 in
2274 3106 2550 3180 publicum
2582 3105 2881 3178 prodirent.
2915 3105 3300 3178 lnterpretatio

33 3213 317 3289 utriusque
347 3217 618 3276 sermonis
645 3226 730 3278 est
762 3216 1053 3280 Frontonis
1079 3221 1282 3280 Ducasi.
