4156 6312
1883 394 2687 520 ELENCHUS

1201 717 1582 780 OPERUM
1617 717 1820 793 ρυλε
1856 716 1955 775 ιη
1993 714 2176 777 HOC
2215 710 2470 772 ’1⁵0Μο
2509 708 2661 771 LVI
2693 706 3352 770 CONTINENTUR.

2049 992 2526 1020 ——-—...—-—

690 1234 1118 1311 Interpretatio
1154 1232 1219 1293 in
1247 1231 1464 1293 Isaiam
1495 1229 1886 1310 prephetam,
1919 1230 2118 1307 capita
2150 1225 2302 1287 VIII.
3528 1216 3640 1278 col.
3810 1213 3873 1274 11

689 1333 971 1394 Ηοωὶιίω
1013 1334 1089 1394 VI
1123 1332 1189 1394 in
1223 1333 1425 1394 Oziam
1454 1349 1564 1393 seu
1593 1330 1670 1392 de
1701 1327 2078 1408 Seraphinis.

3811 1313 3884 1373 93

687 1433 951 1494 Homilia
986 1433 1050 1492 in
1080 1432 1286 1494 locum
1330 1431 1500 1492 illum
1539 1433 1713 1492 Isaia)
1749 1447 1763 1490 :
1800 1431 1930 1506 Ego
1959 1428 2261 1488 Dominus
2287 1427 2449 1486 Deus
2477 1426 2598 1502 feci
2625 1425 2847 1498 lumen,
2885 1431 3002 1485 etc.
3776 1413 3876 1473 141

687 1531 951 1593 Homilia
986 1531 1050 1592 in
1092 1531 1296 1594 locum
1329 1531 1500 1592 illum
1529 1531 1811 1592 Ieremia:
1843 1548 1858 1586 :
1896 1528 2176 1602 Domine,
2211 1545 2337 1588 non
2367 1534 2453 1586 est
2487 1528 2554 1587 in
2583 1524 2818 1585 homine
2863 1528 2967 1586 cia
3011 1525 3160 1604 cius,
3198 1528 3312 1587 etc.
3777 1514 3883 1575 153

686 1631 970 1692 Homiliae
1005 1633 1059 1692 II
1095 1631 1172 1692 de
1206 1629 1672 1711 prOphetiarum
1710 1629 2104 1691 obscuritate.
3775 1612 3884 1674 163

684 1730 1115 1808 Interpretatio
1157 1731 1222 1792 in
1257 1729 1595 1804 Danielem,
1634 1730 1831 1809 capita
1859 1731 2019 1790 XIII.
3579 1746 3582 1748 -
3773 1712 3882 1774 193

687 1832 955 1894 Homilia
994 1833 1060 1894 in
1096 1833 1248 1894 illud
1281 1833 1533 1894 Joannis
1573 1854 1586 1894 :
1627 1832 1677 1892 Ρ
1683 1831 1826 1893 ilius
1865 1851 1941 1892 ea:
1981 1852 2042 1893 se
2070 1831 2229 1894 nihil
2266 1833 2447 1910 facit,
2493 1835 2608 1892 etc.
3769 1813 3877 1872 ΞΠ

683 1931 949 1992 Homilia
978 1931 1054 1993 de
1088 1931 1557 1993 Melchisedeco.
2268 1909 2275 1910 ί

684 2032 949 2093 Homilia
985 2039 1197 2094 contra
1227 2030 1406 2092 ludos
1450 2037 1510 2091 et
1535 2029 1768 2090 theatra
3767 2014 3879 2072 263

685 2132 948 2193 Homilia
986 2133 1047 2193 in
1082 2132 1232 2193 illud
1265 2154 1278 2192 :
1309 2133 1440 2191 Hoc
1483 2141 1683 2191 autem
1712 2131 1945 2203 scitote,
1979 2136 2094 2191 etc.
3769 2111 3873 2171 271

685 2229 950 2290 Homilia
994 2230 1068 2292 de
1097 2229 1368 2309 perfecta
1406 2231 1676 2293 caritate.
3765 2211 3878 2272 279

685 2334 948 2394 Homilia
993 2333 1070 2394 de
1113 2334 1512 2396 continentia.
3767 2315 3870 2376 291

685 2431 1014 2494 Sermones
1045 2436 1100 2494 II
1129 2436 1204 2497 de
1237 2435 1657 2496 consolatione
1697 2432 1930 2494 mortis.
3769 2415 3879 2477 293

685 2531 985 2610 Synopsis
1027 2533 1358 2612 Scriptura;
1392 2550 1600 2594 sacrae.
3769 2517 3878 2577 313

683 2629 949 2690 Homilia
976 2629 1038 2690 in
1075 2631 1336 2691 natalem
1369 2629 1582 2690 Christi
1614 2627 1799 2688 diem.
3769 2613 3880 2673 385

683 2731 950 2792 Homilia
990 2731 1066 2792 de
1102 2731 1496 2808 Legislatore.
3771 2719 3877 2779 397

687 2828 948 2889 Homilia
980 2830 1043 2889 in
1072 2828 1222 2889 illud
1252 2826 1536 2898 Mattliazi,
1572 2828 1642 2888 In
1678 2844 1797 2904 qua
1824 2835 2127 2904 potestate
2169 2827 2289 2886 hwc
2326 2828 2502 2904 facit,
2537 2835 2650 2887 clc.
3769 2821 3872 2880 411

683 2929 968 2990 Ηοωίιὶεθ
1009 2931 1085 2990 VI
1127 2929 1192 2990 in
1229 2927 1442 2988 mundi
1476 2926 1871 2989 creationem.
3767 2919 3879 2975 429

684 3027 948 3089 Homilia
979 3028 1055 3089 de
1084 3035 1396 3108 serpente.
3770 3015 3879 3075 499

683 3123 957 3205 Epistola
999 3125 1072 3187 ad
1112 3125 1504 3188 Theodorum
1543 3127 2068 3205 Mopsuestenum.
3770 3115 3873 3176 517

687 3222 933 3302 Spuria.
3771 3214 3874 3273 517

2106 3574 2436 3630 MONITUM.

754 3727 994 3782 Forsitan
1011 3727 1304 3789 miraberis,
1333 3726 1524 3781 Lector
1553 3725 1829 3787 benevole,
1850 3728 2010 3795 quod,
2036 3728 2160 3782 dmn
2191 3728 2243 3780 in
2260 3726 2506 3780 omnibus
2534 3735 2642 3778 tum
2663 3725 3206 3795 praacedentibustum
3237 3724 3604 3781 subsecuturis
3629 3728 3683 3782 S.
3714 3729 3878 3783 Joan-

692 3813 814 3851 nem
843 3796 1276 3865 Cbrysostomum
1306 3795 1403 3849 SS.
1433 3796 1672 3849 Patribus
1701 3796 1875 3850 versio
1905 3797 2089 3850 Latina
2119 3798 2182 3850 ad
2211 3807 2418 3865 textum
2439 3796 2676 3849 Graecum
2705 3796 2948 3848 columna
2979 3795 3041 3847 ad
3067 3795 3366 3847 columnam
3391 3797 3616 3858 accedit,
3637 3800 3686 3850 in
3719 3801 3878 3852 haece

688 3876 867 3920 nostra
897 3863 1133 3932 ejusdem
1159 3866 1214 3916 S.
1249 3865 1488 3919 Doctoris
1519 3866 1769 3925 editione,
1799 3865 1983 3935 pagina
2008 3866 2192 3918 Latina
2226 3864 2373 3933 juxta
2399 3863 2631 3935 Graecam
2659 3865 3132 3935 paginani_tantum
3162 3873 3408 3935 ponatur.
3445 3866 3566 3919 Haec
3595 3883 3751 3919 causa
3779 3870 3880 3920 t'uit

687 3945 742 3990 et
768 3935 979 4002 quidem
1013 3936 1188 3997 unica,
1219 3937 1358 4002 quod
1390 3936 1694 4003 priusquam
1725 3932 1960 4004 nobisin
2004 3936 2183 3987 animo
2228 3932 2747 4004 ’fuissetiintegram'
2774 3934 2867 3986 SS.
2909 3932 3122 3985 Patrum
3146 4001 3159 4004 _
3188 3933 3434 4004 Ecclesiae
3484 3935 3680 3989 Graeca:
3721 3939 3878 3990 tradi-

687 4001 883 4058 tionem
910 4013 1210 4068 contexere,
1234 4001 1337 4072 jam
1371 4001 1668 4073 quindecim
1690 4003 1882 4056 abhinc
1914 4005 2068 4056 annis
2095 4005 2314 4058 scorsim
2336 4001 2672 4056 edideramus
2698 4003 2882 4073 Latine
2903 4011 3106 4055 tantum
3137 4001 3188 4057 S.
3218 4005 3266 4056 J.
3297 4003 3656 4072 Chrysostomi
3695 4019 3874 4071 opera,

685 4073 980 4140 litterisque
1010 4072 1450 4127 mandaveramus
1477 4073 1853 4126 immobilibus.
1885 4074 1988 4126 lies
2017 4090 2134 4127 cum
2164 4075 2233 4126 ila
2264 4087 2321 4126 sc
2352 4073 2626 4130 baberent.
2659 4082 2711 4124 et
2738 4087 2837 4124 nec
2863 4072 2912 4123 in
2949 4087 3109 4125 manu
3147 4084 3291 4126 esset
3339 4073 3541 4125 litteras
3579 4074 3878 4126 immobiles

685 4157 919 4205 movere,
966 4157 1138 4210 neque
1180 4143 1232 4195 in
1272 4145 1452 4196 animo
1495 4142 1718 4211 hujusce
1763 4142 2011 4197 editionis
2051 4157 2195 4196 mere
2226 4142 2426 4195 Latina:
2457 4157 2644 4211 novem
2675 4142 2857 4194 delere
2887 4141 3153 4211 volumina
3199 4158 3316 4210 quae
3341 4143 3447 4209 jam
3481 4142 3693 4211 integre
3743 4144 3877 4211 typis

688 4211 1045 4264 immobilibus
1093 4213 1337 4264 mandata
1365 4223 1518 4264 erant
1558 4210 1611 4266 et
1643 4212 1808 4279 pluris
1849 4228 2007 4280 quam
2042 4211 2310 4280 sexaginta
2342 4210 2573 4264 millibus
2596 4211 2956 4280 constiterant
2985 4210 3200 4273 francis,
3235 4212 3376 4264 hunc
3403 4210 3624 4264 feliciter
3665 4210 3872 4263 inveni-

686 4295 806 4335 mus
828 4280 1210 4403 ιἷηοριιιιὲιιιοη
1237 4290 1410 4404 tamden
1443 4281 1559 4335 sine
1585 4297 1744 4350 opera
1765 4291 1814 4335 et
1843 4279 2102 4352 impensa,
2133 4279 2248 4335 hinc
2273 4280 2487 4350 aptandi
2517 4279 2640 4334 huic
2664 4280 2881 4334 editioni
2909 4296 3080 4343 novae,
3103 4296 3221 4348 quae
3250 4281 3326 4335 sic
3351 4281 3523 4350 lingua
3558 4290 3665 4333 tum
3694 4282 3871 4335 Graeca

688 4356 798 4403 tum
869 4359 1009 4402 atina
1077 4358 1198 4402 Itala
1230 4364 1323 4403 eva
1365 4356 1424 4402 ιι.

688 4356 798 4403 tum
828 4349 1009 4402 Latina
1036 4349 1209 4403 ditata
1230 4350 1424 4403 evadit.

2505 5560 2926 5570 Μ

2608 5586 2678 5639 lux
2713 5591 2843 5658 typis
2887 5587 3111 5642 MIUNE.
3155 5605 3218 5639 au
3261 5590 3756 5657 l’ctzt-ltloutruuge.
