4156 6312
252 372 321 430 13
1488 356 1551 409 IN
1593 349 1834 418 ISAIAM,
1876 349 2025 409 CAP.
2070 356 2109 409 I.
3397 373 3464 426 14

242 479 361 534 dies
399 477 607 546 jejunus
656 475 864 539 mansit,
915 471 1213 539 nullamque
1255 482 1357 521 non
1398 465 1802 521 sollicitudinem

245 568 484 622 adhibuit
515 569 563 621 in
591 564 927 635 supplicando
950 563 1057 616 Deo
1080 601 1095 627 ,
1125 570 1180 614 ut
1206 561 1322 613 illos
1348 554 1415 611 ab
1437 570 1615 609 amara
1636 553 1803 608 servi-

245 667 358 713 tute
387 658 692 713 redimeret.
728 655 925 724 Singuli
956 667 1161 722 quoque
1189 650 1354 703 sancti
1386 649 1487 701 hoc
1514 643 1807 714 splendoris

244 763 439 817 genere
482 746 697 815 fulgent.
742 744 827 799 Sic
865 751 917 797 et
960 741 1119 795 David
1161 740 1446 793 immissam
1479 737 1529 788 in
1560 734 1803 803 pupulum

246 838 377 889 iram
410 837 498 889 Dei
526 851 766 897 cernens,
800 834 849 885 in
879 848 934 885 se
963 830 1243 883 vindictam
1272 826 1551 880 revocabat
1576 824 1758 877 dicens
1785 837 1798 872 :

249 927 358 995 Ego
387 939 554 993 pastor
579 925 791 993 peccavi,
825 933 867 976 et
888 939 977 992 ego
1006 930 1173 988 pastor
1198 917 1385 970 malum
1412 914 1686 985 perpelravi
1718 929 1736 966 :
1760 922 1805 965 et

244 1018 348 1082 isti,
372 1018 457 1084 qui
477 1032 595 1086 grex
616 1024 749 1076 sunt,
776 1015 893 1081 quid
919 1009 1179 1080 fecerunt?
1207 1006 1325 1058 Fiat
1349 1020 1523 1056 manus
1550 1012 1633 1055 tua
1656 1017 1806 1069 super

244 1122 356 1171 me,
381 1116 427 1159 et
453 1106 653 1158 domum
689 1102 843 1171 patris
871 1100 967 1153 mei
998 1099 1083 1168 (2.
1119 1097 1243 1167 Reg.
1268 1096 1355 1149 2L
1384 1091 1511 1162 17).
1542 1090 1804 1146 Abraham

245 1210 374 1250 tero
418 1193 731 1263 patriarcha,
758 1206 874 1244 cum
916 1188 1097 1258 procul
1136 1194 1278 1241 esset
1312 1199 1341 1237 a
1381 1184 1552 1244 malis,
1583 1191 1638 1236 et
1674 1180 1804 1234 nihil

243 1298 525 1337 commune
564 1282 779 1336 haberet
811 1294 927 1333 cum
963 1276 1191 1347 pernicie
1221 1275 1305 1328 illa
1334 1272 1633 1328 Sodomitas
1659 1271 1805 1325 inva-

244 1390 388 1436 sura,
414 1373 563 1442 quasi
600 1375 711 1442 ipse
754 1372 804 1425 in
849 1369 1034 1424 mediis
1058 1366 1442 1421 calamitatibus
1467 1366 1802 1426 consisteret,

246 1466 317 1519 ita
348 1465 507 1517 Deum
540 1462 845 1531 precabatur
864 1468 915 1513 et
934 1457 1164 1528 regabat,
1191 1470 1359 1524 neque
1388 1453 1545 1508 ﬁnem
1575 1451 1808 1506 facturus

245 1565 362 1607 erat
405 1551 726 1622 supplicandi
767 1560 821 1603 ut
862 1549 1032 1602 dirum
1062 1544 1360 1600 incendium
1391 1550 1672 1603 averteret,
1705 1538 1805 1593 nisi

249 1646 390 1699 Deus
414 1645 501 1698 illo
526 1644 739 1698 dimisso
768 1642 999 1695 abiisset.
1044 1638 1221 1693 Sancti
1266 1650 1422 1705 porro
1458 1633 1588 1687 Novi
1618 1631 1806 1686 Testa-

248 1737 413 1792 menti
460 1735 710 1803 majorem
754 1733 1037 1787 exhibuere
1074 1731 1356 1793 virtutem,
1402 1732 1583 1794 utpote
1620 1720 1807 1790 majori

248 1829 413 1897 gratia
445 1827 639 1890 donati,
663 1835 714 1880 et
734 1825 796 1879 ad
818 1823 1137 1878 diuturniora
1159 1819 1445 1875 certamina
1463 1816 1651 1871 vocati.
1685 1813 1807 1869 ldeo

250 1920 440 1975 Petrus
463 1919 726 1973 Christum
757 1915 975 1969 audiens
998 1915 1277 1977 dicentem,
1296 1908 1542 1964 divitibus
1561 1906 1808 1961 difﬁcilli-

250 2025 394 2061 mum
417 2022 532 2062 esse
554 2007 799 2060 caelorum
826 2004 1136 2072 ingressum,
1156 1998 1444 2068 angebatur
1459 2005 1511 2051 et
1526 1994 1803 2059 tremebat,

250 2108 407 2165 atque
437 2099 502 2149 ita
532 2096 821 2149 sciscitatus
841 2101 952 2146 est:
977 2091 1098 2157 Quis
1120 2106 1237 2158 ergo
1266 2096 1422 2156 potest
1446 2085 1632 2139 salvari
1653 2082 1803 2153 (Luc.

253 2190 341 2244 18.
372 2188 497 2256 26)?
527 2188 728 2242 etiamsi
755 2186 890 2238 circa
924 2198 1008 2237 res
1037 2197 1155 2236 suas
1181 2179 1486 2234 conﬁderet.
1519 2176 1633 2230 Non
1662 2174 1802 2227 enim

249 2279 320 2333 de
341 2279 494 2331 rebus
519 2275 646 2339 suis,
674 2274 765 2329 sed
790 2274 853 2327 de
878 2272 1003 2325 orbe
1026 2270 1231 2323 solliciti
1257 2274 1428 2322 erant.
1455 2265 1645 2320 Paulus
1663 2271 1807 2317 certe

252 2381 348 2435 per
365 2380 550 2418 omnes
577 2364 835 2432 Epistolas
860 2376 979 2416 suas
1018 2360 1140 2413 illud
1178 2358 1401 2412 indicat:
1431 2355 1517 2425 qui
1546 2355 1690 2422 prius
1715 2352 1807 2406 ha-

250 2456 410 2511 bebat
445 2455 711 2508 hominum
755 2453 995 2516 salutem,
1027 2465 1182 2519 quam
1214 2449 1478 2502 Christum
1501 2446 1707 2507 videre,
1737 2443 1804 2496 ita

247 2546 433 2599 dicens
457 2562 471 2598 :
496 2544 709 2607 Resolvi,
734 2552 777 2595 et
801 2558 910 2593 cum
931 2540 1125 2594 Christo
1147 2554 1267 2598 esse,
1293 2536 1466 2588 melius
1487 2543 1577 2596 est,
1607 2548 1807 2585 manere

247 2645 415 2690 autem
438 2636 489 2686 in
517 2650 664 2686 carne
684 2632 839 2701 magis
865 2630 1193 2683 necessarium
1214 2636 1415 2695 propter
1434 2641 1518 2677 vos
1548 2622 1801 2694 (Philipp.

249 2725 302 2779 1.
332 2724 423 2779 23.
451 2724 562 2792 21).
593 2723 771 2776 Talem
800 2721 947 2774 nobis
976 2728 1145 2773 servat
1173 2717 1391 2770 formant
1416 2714 1499 2767 hic
1523 2713 1802 2782 prOpheta;

248 2816 346 2870 Dei
391 2830 612 2883 namque
650 2813 931 2866 sententias
964 2826 1083 2865 cum
1128 2823 1312 2877 magna
1356 2807 1542 2859 ﬁducia
1587 2805 1802 2872 profert,

246 2915 554 2974 peccatores
585 2904 839 2969 increpat,
872 2903 1144 2969 ipsumque
1173 2907 1353 2951 contra
1380 2896 1496 2948 illos
1527 2909 1808 2963 exaspera-

246 3007 358 3047 tum
385 2996 546 3062 longis
570 2994 869 3061 frequenter
888 2990 1213 3045 sermonibus
1235 2988 1431 3056 placat:
1460 2985 1597 3055 quod
1627 2989 1676 3038 in
1705 2984 1806 3038 ﬁne

248 3084 476 3135 maxime
507 3082 795 3149 prophetia:
817 3081 991 3133 videre
1016 3087 1112 3132 est.
1145 3077 1376 3131 Tandem
1407 3077 1574 3145 ipsum
1603 3074 1804 3128 adeun-

244 3170 375 3225 dum
398 3178 477 3227 est
506 3171 791 3240 prophetia:
821 3168 1111 3222 exordium.

826 3280 1045 3335 CAPUT
1084 3280 1097 3332 I
1140 3277 1235 3346 (a).

720 3392 848 3444 Visio
873 3408 1017 3459 quam
1044 3391 1160 3443 vidit
1188 3389 1370 3441 Isaias.

324 3530 373 3579 1.
410 3524 672 3578 Visionem
709 3534 860 3577 vireat
909 3521 1230 3591 prephetiam
1255 3559 1269 3584 ,
1313 3520 1396 3573 vel
1442 3520 1518 3573 sic
1557 3518 1803 3587 loquitur,

246 3613 390 3681 quod
428 3614 587 3667 multa
622 3628 801 3667 eorum
842 3628 957 3679 quae
989 3622 1235 3665 eventura
1276 3616 1427 3663 erant
1468 3608 1565 3661 sub
1594 3615 1808 3673 aspectu

248 3700 497 3763 haberet;
527 3700 963 3769 quemadmodum
994 3699 1237 3753 Michasas
1261 3697 1390 3751 vidit
1417 3697 1665 3766 pOpulum
1696 3696 1806 3749 dis-

251 3805 464 3858 persum
493 3790 563 3861 (5.
597 3790 723 3857 Reg.
750 3790 838 3843 22.
870 3789 992 3859 l7);
1022 3798 1074 3844 et
1102 3789 1341 3843 Ezechiel
1369 3788 1721 3857 captivitatem
1747 3798 1809 3839 ae

251 3882 733 3949 prmvaricatiouem
755 3895 936 3935 eorum
961 3880 1046 3948 qui
1069 3880 1233 3934 solem
1264 3888 1318 3932 et
1340 3877 1663 3931 Thamuzem
1690 3875 1809 3929 ado-

254 3973 439 4023 rahant
479 3970 695 4041 (Ezech.
725 3971 776 4024 8.
812 3971 909 4036 14)
944 3987 955 4020 :
986 3970 1064 4023 vel
1093 3969 1214 4037 quia
1240 3969 1290 4021 id
1317 3967 1453 4036 quod
1482 3965 1750 4035 propheta:
1776 3980 1807 4019 a

251 4060 363 4113 Deo
384 4060 682 4124 audiebant,
707 4061 819 4126 ipso
845 4072 1019 4113 rerum
1049 4066 1333 4126 conspectu
1357 4056 1489 4109 nihil
1519 4055 1690 4109 minus
1716 4056 1808 4107 ha-

254 4150 421 4212 beret,
444 4149 535 4202 sed
563 4148 775 4217 perinde
797 4148 951 4201 fidem
977 4146 1190 4212 faceret,
1213 4158 1365 4200 secus
1384 4160 1539 4213 quam
1569 4145 1620 4197 in
1650 4144 1808 4198 rebus

253 4240 409 4306 hujus
448 4238 644 4291 mundi.
685 4237 831 4304 Quod
868 4236 1008 4291 enim
1035 4236 1138 4288 alio
1162 4235 1402 4289 audirent
1430 4234 1586 4288 modo
1607 4274 1620 4296 ,
1649 4249 1805 4303 quam

250 4327 438 4395 reliqui
470 4326 725 4389 homines,
752 4325 801 4378 id
832 4325 915 4378 ille
944 4326 1050 4379 ait:
1076 4324 1283 4376 Addidit
1298 4324 1421 4376 mihi
1439 4338 1609 4376 aurem
1628 4324 1695 4375 ad
1718 4339 1808 4375 au-

251 4417 490 4469 diendum
523 4415 667 4485 (lsai.
700 4416 786 4470 50.
819 4415 895 4483 ι).
927 4414 1232 4468 Sermonem
1266 4423 1439 4467 autem
1466 4412 1567 4467 ﬁde
1592 4412 1805 4482 dignum

248 4505 553 4559 redditcum
575 4506 664 4570 ait,
700 4504 851 4566 Visio,
872 4503 1266 4571 auditoremquc
1286 4502 1504 4568 excitat,
1528 4512 1580 4556 et
1601 4502 1665 4556 ad
1686 4518 1807 4557 eum

250 4597 339 4663 qui
364 4612 449 4649 res
478 4597 714 4651 exhibuit
734 4596 1055 4648 transmittit.
1088 4595 1200 4647 Mos
1227 4594 1366 4648 enim
1387 4602 1501 4648 erat
1523 4594 1803 4659 omnibus,

248 4687 335 4753 qui
379 4686 468 4737 Dei
505 4686 639 4737 dicta
678 4686 727 4737 in
768 4685 896 4737 alios
937 4684 1380 4746 transmittebant,
1407 4682 1531 4735 illud
1558 4692 1679 4735 ante
1705 4682 1805 4734 alia

250 4775 593 4837 constituere,
623 4788 679 4827 se
701 4772 828 4826 nihil
858 4789 884 4826 a
906 4772 1202 4841 semetipsis
1230 4772 1393 4841 loqui,
1422 4771 1513 4825 sed
1536 4771 1707 4825 divina
1739 4770 1805 4824 ab

249 4878 308 4916 se
337 4863 555 4930 proferri
585 4862 790 4916 oracula
817 4873 867 4916 et
894 4863 1085 4931 scripta
1109 4876 1173 4915 ex
1195 4862 1335 4916 caelis
1360 4860 1551 4915 delata.
1588 4860 1675 4914 Sic
1702 4860 1805 4913 Da—

250 4956 335 5008 vid
369 4953 577 5007 aiebat:
604 4952 799 5022 Lingua
836 4968 943 5005 mea
977 4952 1198 5005 calamus
1227 4952 1401 5005 scriba:
1425 4951 1653 5004 velociter
1686 4950 1808 5007 scri-

255 5046 408 5097 bmlis
435 5044 599 5111 (Psat.
628 5044 712 5096 Ill.
734 5042 823 5111 2).
858 5042 932 5095 Ne
959 5051 1107 5111 putes
1133 5043 1287 5111 igitur
1312 5042 1492 5095 literas
1518 5056 1582 5096 ex
1606 5042 1808 5095 calamo

255 5136 481 5202 prodire,
509 5132 597 5187 sed
626 5149 685 5186 ex
714 5132 922 5186 dextera
956 5132 1180 5186 tenentis
1207 5146 1359 5193 eum;
1391 5130 1441 5184 id
1468 5139 1545 5185 est
1565 5170 1579 5195 ,
1610 5145 1712 5184 non
1742 5144 1809 5184 ex

256 5224 428 5293 lingua
459 5222 685 5283 Davidis,
713 5219 805 5276 sed
849 5236 911 5275 ex
954 5221 1114 5289 gratia
1160 5219 1326 5288 ipsam
1366 5227 1629 5272 movente.
1660 5218 1809 5272 Alius

256 5330 383 5367 vero
428 5313 676 5381 propheta
705 5311 923 5378 idipsum
949 5310 1219 5364 declarans
1254 5310 1462 5363 dicebat
1494 5325 1507 5362 :
1536 5309 1811 5377 Caprarius

254 5423 388 5458 erum
419 5419 700 5474 sycomoros
738 5401 945 5453 evelleus
972 5400 1157 5468 (Amos
1186 5400 1238 5452 7.
1270 5399 1336 5452 16
1356 5398 1407 5468 );
1442 5413 1508 5453 ne
1533 5399 1647 5467 quis
1671 5398 1809 5451 dicta

305 5556 377 5617 (a)
410 5553 541 5603 Nulla
564 5554 769 5617 capitum
790 5550 1027 5617 distinctio
1042 5550 1245 5599 habetur
1259 5550 1308 5598 in
1330 5551 1474 5617 Hegio
1497 5548 1688 5617 Codice.
1710 5548 1813 5617 lino

247 5619 297 5666 in
317 5611 565 5665 veteribus
584 5611 689 5664 Mss.
717 5613 858 5674 longe
879 5612 1098 5674 diversus
1122 5619 1223 5659 erat
1258 5612 1463 5674 (sspitem
1493 5611 1628 5674 ordo,
1659 5618 1717 5674 ut
1742 5613 1811 5660 vi-

250 5682 369 5730 deas
391 5681 438 5729 in
457 5678 744 5729 Bibliotheca
770 5671 926 5726 nostra
948 5671 1245 5733 Coisliniaua,
1269 5671 1330 5721 de
1357 5672 1488 5722 libris
1510 5671 1711 5723 biblicis.

1912 469 2155 525 humanm
2182 471 2452 540 sapientiae
2480 468 2800 524 adscriberet
2851 467 3029 535 Neque
3061 466 3161 519 hoc
3188 464 3326 516 dicto
3350 477 3475 516 cono

1912 569 2086 616 tentus
2114 562 2231 627 fuit,
2258 561 2349 616 sed
2380 561 2517 614 aliud
2539 559 2739 615 addidit
2767 559 2849 613 his
2874 558 3043 613 verbis
3073 574 3085 609 :
3122 555 3227 610 Sed
3265 570 3355 624 ego
3391 569 3473 606 re-

1913 652 2070 719 pletus
2095 667 2204 704 sum
2240 651 2531 720 fortitudine
2555 652 2607 703 in
2634 650 2829 717 Spiritu
2862 647 3083 708 Domini,
3120 656 3163 699 et
3183 645 3400 715 judicio,
3433 650 3478 694 et

1912 743 2129 810 potentia
2168 742 2366 813 (Misit.
2394 742 2446 795 5.
2479 740 2569 811 8).
2615 741 2794 796 Gratia
2824 740 3014 809 quippe
3045 739 3160 790 illus
3187 752 3289 790 non
3320 733 3479 787 modo

1912 834 2197 900 sapientes,
2244 832 2337 887 sed
2379 830 2535 886 etiam
2582 832 2741 886 fortes
2777 831 3070 894 efﬁciebat,
3099 842 3203 882 non
3242 824 3478 893 corporis

1911 925 2304 989 constitutione,
2335 923 2427 977 sed
2454 931 2651 976 mente.
2676 923 2807 989 Quia
2835 922 2976 976 enim
3002 935 3121 974 eum
3152 917 3343 989 populo
3364 931 3478 970 rem

1915 1016 2176 1071 habebant
2199 1015 2395 1069 audace
2414 1023 2470 1069 et
2496 1013 2819 1082 impudente,
2847 1027 2908 1065 ac
2928 1011 3166 1080 sanguini
3197 1009 3479 1079 propheta.

1912 1123 2026 1161 rum
2060 1106 2291 1160 inhiante
2313 1148 2327 1171 ,
2353 1116 2761 1174 sanctorumque
2785 1103 2981 1159 ezedem
3013 1103 3286 1169 moliente,
3317 1100 3479 1155 multa

1912 1202 2055 1250 certe
2094 1197 2166 1250 illi
2210 1197 2433 1265 egebant
2474 1195 2812 1258 fortitudine,
2844 1204 2991 1249 utne
3012 1209 3196 1249 eorum
3227 1193 3480 1260 impetum

1912 1286 2276 1341 formidarent.
2304 1285 2425 1340 Ideo
2451 1286 2693 1340 Jercmiae
2717 1284 2927 1349 dicitur,
2956 1283 3114 1337 Posui
3135 1294 3177 1336 te
3206 1294 3260 1336 ut
3282 1284 3478 1337 colum-

1912 1393 2029 1429 nam
2044 1379 2256 1447 ferream
2275 1385 2321 1429 et
2340 1384 2394 1429 ut
2415 1391 2612 1427 murum
2632 1391 2813 1428 (ereum
2836 1373 2966 1444 (Jer.
2992 1374 3043 1427 1.
3068 1373 3189 1443 18);
3218 1372 3477 1427 Ezechieli

1912 1475 2105 1527 autem,
2128 1464 2194 1519 In
2216 1465 2380 1518 medio
2398 1465 2708 1533 scorpioruut
2731 1473 2783 1516 tu
2803 1462 3014 1527 habitas,
3033 1478 3095 1515 ne
3109 1462 3280 1515 timeas
3301 1478 3331 1514 a
3351 1462 3480 1531 facie

1911 1573 2102 1618 eorum,
2136 1573 2291 1625 neque
2316 1557 2554 1625 formides
2589 1554 2805 1626 (Ezeclt.
2833 1553 2887 1606 2.
2920 1553 3007 1621 6).
3049 1553 3253 1624 Moyses
3272 1567 3481 1622 quoque

1911 1662 2031 1701 cum
2054 1648 2367 1711 mitteretur,
2392 1661 2496 1700 non
2521 1646 2847 1699 Pharaonem
2873 1653 3091 1704 tantum.
3115 1642 3207 1697 sed
3232 1652 3285 1697 et
3313 1658 3479 1712 popu-

1913 1737 2020 1790 lum
2048 1736 2321 1791 Judaicum
2344 1744 2603 1797 metuens,
2622 1748 2893 1788 recusasse
2914 1733 3039 1787 mihi
3056 1733 3261 1787 videtur
3285 1731 3477 1805 (Exod.

1912 1826 1964 1879 4.
1995 1825 2105 1894 10).
2135 1824 2299 1879 Deum
2328 1825 2485 1893 igitur
2510 1824 2808 1891 alloquens,
2837 1823 3062 1877 barbaro
3090 1822 3327 1888 dimisso,
3361 1822 3478 1877 edi-

1914 1928 2063 1969 scere
2088 1914 2285 1982 ingcnti
2314 1914 2487 1967 studio
2517 1912 2828 1982 peroptabat
2848 1953 2863 1976 ,
2894 1912 3017 1982 quid
3047 1912 3324 1967 dicendum
3352 1912 3479 1980 ipsis

1910 2011 2051 2058 esset
2097 2017 2201 2055 non
2244 2001 2581 2057 credentibus
2601 2041 2614 2063 ,
2647 2016 2705 2055 se
2730 2016 2759 2054 a
2789 2002 2898 2055 Deo
2925 2002 3140 2056 missum
3182 2002 3477 2066 accedere;

1911 2094 2162 2163 signaque
2192 2093 2391 2159 accepit
2421 2092 2486 2145 ad
2518 2091 2726 2145 illorum
2756 2098 2985 2143 mentem
3015 2090 3357 2160 subigendam
3386 2107 3479 2160 0p-

1912 2192 2133 2251 portuna
2159 2200 2169 2232 :
2195 2189 2247 2235 et
2266 2182 2453 2235 merito
2470 2181 2699 2250 quidem.
2725 2180 2853 2234 Nam
2872 2181 3061 2234 siunus
3084 2181 3289 2235 illorum
3309 2184 3476 2251 ipsum

1913 2275 1979 2326 ita
2007 2273 2284 2337 exterruit,
2312 2282 2365 2325 et
2399 2272 2610 2342 quidem
2632 2271 2889 2327 beneﬁcio
2913 2272 3130 2327 allectus
3149 2314 3164 2338 ,
3194 2273 3319 2342 quid
3358 2289 3479 2343 pas-

1909 2379 2027 2417 sum
2053 2379 2171 2417 esse
2196 2363 2480 2417 verisimile
2520 2371 2602 2416 est
2646 2362 3001 2416 turbulentum
3042 2364 3185 2416 illum
3228 2366 3475 2432 pupulum

1909 2463 2087 2508 mente
2131 2454 2529 2509 revolventem?
2568 2452 2689 2507 ideo
2725 2468 2827 2507 non
2866 2454 3135 2520 sapientiae
3178 2455 3352 2520 modo,
3382 2455 3475 2509 sed

1910 2547 2067 2599 etiam
2112 2545 2433 2598 fortitudinis
2472 2544 2724 2613 Spiritum
2769 2544 2987 2612 accepit,
3019 2553 3072 2598 et
3111 2544 3228 2599 ideo
3269 2546 3479 2601 dicebat

1910 2636 1997 2690 ille
2027 2653 2038 2687 :
2072 2634 2309 2704 chletus
2350 2651 2463 2687 sum
2510 2635 2805 2705 fortitudine
2844 2636 2895 2687 in
2939 2635 3133 2704 Spiritu
3177 2635 3401 2703 Domini,
3431 2646 3479 2691 et

1900 2729 2117 2796 judicio,
2135 2738 2179 2781 et
2205 2729 2420 2796 potentia
2441 2726 2627 2797 (Hic/1.
2652 2728 2702 2781 5.
2722 2728 2795 2792 8).
2826 2728 3075 2797 Αιίυείιιιθ
3098 2729 3287 2783 iterum
3313 2747 3325 2783 :
3358 2729 3480 2783 Ver-

1911 2820 2025 2871 bum
2056 2820 2150 2873 Dei
2177 2822 2365 2888 factum
2388 2831 2457 2873 est
2483 2820 2551 2871 ad
2585 2818 2853 2873 Jercmiam
2882 2822 3040 2887 ﬁlium
3069 2821 3282 2874 C/telcia:
3325 2821 3477 2893 (Jer.

1912 2909 1962 2963 1.
1995 2911 2017 2963 1
2047 2910 2089 2980 ).
2120 2911 2185 2964 Ει
2212 2912 2348 2964 alius
2370 2926 2577 2964 rursum
2609 2929 2623 2965 :
2654 2912 2935 2980 Assumptio
2966 2911 3188 2967 Ninives.
3230 2912 3377 2967 Liber
3400 2914 3479 2967 oi-

1911 3002 2065 3056 sionis
2093 3002 2295 3055 Naltum
2320 3003 2530 3056 Elcestei
2559 3002 2809 3072 (Na/tum.
2836 3006 2883 3057 l.
2910 3005 2983 3073 1).
3014 3004 3107 3058 llic
3136 3003 3247 3073 ipse
3270 3019 3480 3075 quoque

1916 3094 2072 3147 lsaias
2097 3094 2266 3147 altero
2291 3094 2447 3148 verbo
2475 3093 2698 3161 idipsum
2726 3093 2863 3161 quod
2896 3095 3038 3161 prius
3061 3093 3330 3160 declarat,
3360 3095 3480 3162 Spi-

1912 3181 2041 3235 ritus
2063 3182 2513 3252 participationem
2536 3198 2731 3237 vocans
2754 3184 3187 3252 assumptionem.
3220 3184 3477 3250 Quoniam

1913 3271 2051 3325 enim
2073 3286 2100 3323 a
2126 3272 2320 3339 Spiritu
2345 3273 2599 3342 assumpti
2626 3273 2701 3327 sic
2723 3273 3091 3343 loquebantur,
3115 3274 3478 3343 Operationcm

1911 3364 2091 3431 gratim
2119 3363 2188 3416 ita
2212 3365 2434 3418 vocavit.

1983 3476 2248 3542 Apostolus
2276 3492 2306 3528 a
2334 3476 2438 3529 Deo
2468 3477 2665 3541 missus,
2697 3490 2747 3530 ut
2772 3493 2947 3531 nomen
2974 3480 3135 3546 ipsum
3163 3487 3322 3532 sonat.
3367 3477 3481 3533 No-

1914 3566 2079 3619 bilitas
2132 3583 2231 3619 non
2282 3583 2344 3619 ex
2389 3567 2803 3635 majoribus,sed
2832 3584 2892 3621 ea:
2939 3570 3112 3622 merito
3161 3572 3477 3639 proprio.—

1914 3658 2113 3713 ldcirco
2142 3658 2334 3712 Paulus
2374 3659 2617 3713 omnibus
2647 3660 2897 3728 Epistolis
2931 3661 3255 3728 apostolatus
3285 3676 3477 3716 nomen

1912 3752 2183 3821 prmmittit
2214 3768 2228 3797 ι
2257 3752 2397 3820 quod
2427 3753 2585 3806 etiam
2620 3753 2887 3822 prepheta:
2928 3752 3219 3818 faciebant,
3248 3768 3367 3807 cum
3397 3754 3478 3807 di-

1911 3852 2126 3907 cereut,
2160 3843 2323 3909 visio,
2354 3853 2408 3897 et
2452 3844 2701 3905 verbum,
2734 3853 2786 3897 et
2826 3845 3113 3912 :lSSlllllpliO
3136 3885 3149 3909 ,
3177 3853 3231 3898 et
3262 3859 3471 3909 sermo;

1913 3932 2140 4001 idipsum
2184 3933 2271 3985 ille
2298 3948 2393 4001 per
2429 3934 2752 4001 apostolatus
2786 3949 2976 3986 nomen
3022 3933 3301 3988 efﬁciebat.
3330 3934 3478 3989 Sient

1911 4024 2050 4076 enim
2084 4024 2146 4087 is,
2166 4022 2254 4091 qui
2274 4022 2403 4076 dicit
2423 4024 2677 4077 visionem
2706 4032 2757 4075 et
2784 4038 3080 4077 sermonem
3105 4024 3216 4085 Dei,
3234 4040 3336 4077 non
3360 4039 3476 4093 pro-

1911 4117 2021 4182 pria
2041 4114 2189 4169 effert
2208 4131 2220 4165 :
2241 4114 2318 4167 sic
2336 4122 2388 4168 et
2410 4113 2740 4183 quiseipsum
2755 4115 3048 4183 apostolum
3072 4124 3239 4179 vocat,
3262 4131 3361 4169 non
3380 4130 3471 4169 sua

1911 4205 2066 4261 docet
2090 4246 2103 4269 ,
2141 4205 2233 4259 sed
2259 4221 2319 4260 ea
2346 4220 2464 4274 quae
2487 4205 2645 4274 jussit
2670 4207 2713 4259 is
2739 4208 2825 4275 qui
2855 4207 3013 4261 misit.
3058 4208 3292 4274 Apostoli
3322 4223 3471 4259 nam-

1912 4310 2014 4362 que
2042 4295 2268 4364 dignitas
2309 4304 2391 4349 est
2418 4310 2513 4364 per
2537 4309 2597 4350 se
2635 4296 2761 4348 nihil
2794 4296 3002 4349 offerre.
3032 4296 3231 4349 Idcirco
3263 4296 3476 4351 dicebat

1911 4384 2154 4438 Christus
2191 4400 2203 4435 :
2237 4383 2318 4437 Ne
2355 4386 2533 4437 vacetis
2582 4386 2873 4454 magistrum
2917 4402 3066 4453 super
3103 4397 3284 4439 terram
3306 4403 3476 4441 :umts

1913 4476 2043 4528 enim
2071 4484 2140 4527 est
2162 4475 2396 4543 magister
2418 4483 2593 4541 vester,
2615 4477 2698 4543 qui
2725 4486 2794 4528 est
2819 4477 2871 4529 in
2886 4477 3020 4529 cwlis
3036 4476 3335 4548 (Matth.23.
3362 4479 3475 4546 10);

1911 4567 2196 4620 ostendens
2232 4580 2391 4620 omne
2437 4564 2740 4635 dogmatum
2786 4577 3081 4620 nostrorum
3138 4568 3473 4635 principium,

1912 4658 2140 4711 radicem
2189 4656 2417 4724 desuper
2469 4672 2534 4709 ex
2583 4657 2829 4710 caelorum
2896 4657 3117 4709 Domino
3171 4660 3470 4726 accepisse,

1912 4750 2118 4803 etiamsi
2151 4748 2392 4802 homines
2414 4748 2519 4801 sint
2544 4750 2630 4816 qui
2659 4747 2722 4801 ad
2753 4747 2836 4799 illa
2866 4747 3181 4800 ministrant.
3211 4747 3372 4813 Quam
3397 4751 3473 4800 vi-

1912 4843 1982 4895 dit
2003 4840 2186 4895 Isaias.
2219 4840 2494 4907 Quomodo
2523 4838 2637 4891 hmo
2659 4878 2673 4902 ,
2704 4853 2819 4906 qu:e
2859 4837 3036 4892 vident
3080 4839 3369 4907 propheta),
3398 4839 3475 4892 vi-

1912 4933 2091 4997 deant,
2108 4932 2285 4985 dicere
2303 4945 2406 4982 non
2426 4936 2662 4982 nostrum
2688 4937 2793 4991 est;
2820 4928 3035 4981 visionis
3054 4929 3246 4997 quippe
3264 4927 3475 4981 modum

1918 5040 2022 5079 non
2055 5037 2335 5093 possumus
2358 5021 2725 5089 interpretari;
2754 5020 2846 5074 sed
2876 5019 2963 5073 ille
3005 5019 3174 5073 solum
3214 5020 3353 5073 clare
3381 5035 3477 5073 no-

1916 5118 2010 5176 vit,
2038 5115 2123 5183 qui
2145 5112 2468 5181 experientia
2511 5112 2710 5165 didicit.
2759 5111 2962 5165 Etenim
3002 5109 3044 5162 si
3076 5118 3274 5163 natura:
3313 5125 3473 5177 opera

1915 5213 1969 5259 et
1996 5203 2212 5257 allectus
2239 5216 2381 5271 scopo
2411 5214 2566 5254 nemo
2591 5200 2856 5266 explicare
2889 5207 3078 5265 potest,
3109 5199 3271 5251 multo
3302 5199 3473 5251 minus

1916 5293 2127 5348 modum
2154 5290 2474 5360 operationis
2502 5290 2745 5357 Spiritus.
2791 5287 2938 5353 Quod
2965 5287 3008 5341 si
3036 5288 3271 5341 obscuris
3296 5286 3474 5353 imagi-

1917 5384 2070 5439 nibus
2112 5381 2363 5436 audacter
2402 5380 2520 5449 quis
2547 5379 2597 5432 id
2626 5378 2835 5447 aggredi
2882 5378 3076 5445 possit,
3112 5392 3211 5429 non
3238 5385 3379 5428 certe
3407 5375 3476 5428 ita

1917 5473 2112 5542 poterit
2138 5481 2192 5525 ut
2221 5470 2419 5525 clarum
2449 5469 2499 5522 id
2528 5468 2743 5535 reddat,
2774 5468 2865 5522 sed
2895 5470 2945 5521 in
2973 5468 3249 5534 mnigniate
3277 5466 3325 5517 id
3354 5466 3479 5519 clle-

1917 5576 2015 5619 ret.
2042 5564 2163 5620 Mihi
2193 5564 2405 5634 quidem
2448 5562 2654 5617 videtur
2681 5560 2732 5615 id
2770 5562 2837 5614 ita
2871 5559 3062 5612 factum
3110 5572 3229 5613 esse
3272 5558 3323 5611 in
3352 5571 3477 5625 pro-

1919 5655 2122 5729 phetis,
2152 5662 2209 5710 ut
2231 5668 2353 5710 cum
2378 5668 2525 5725 aqua:
2570 5651 2798 5725 limpida:
2832 5660 3017 5705 natura
3068 5648 3244 5704 radios
3282 5648 3479 5706 solare:
