4156 6312
658 344 720 393 ις.
1371 320 1425 374 s.
1466 318 1739 374 JOANNIS
1775 311 2240 371 cnnvsosrom
2277 309 2592 368 ARClltEP.
2621 312 3149 370 consummor.
3815 321 3883 370 ια

638 437 863 504 excepit,
896 445 1003 490 tota
1051 436 1371 500 illustratur,
1403 435 1480 488 sic
1509 445 1559 491 et
1592 436 1968 504 prophetarum
1999 432 2203 485 animas

639 525 844 592 propria
877 525 1068 578 virtute
1098 525 1242 590 prius
1271 533 1608 592 expurgatas,
1638 522 1832 576 donum
1862 522 2091 590 Spiritus
2111 533 2203 573 ac-

636 619 814 684 cipere
835 655 849 677 ,
883 624 937 667 et
962 614 1027 668 ad
1057 615 1308 682 fulgorem
1341 615 1484 668 illum
1530 615 1869 666 concinnatas
1896 615 1964 665 ita
1993 612 2208 664 futuro-

637 722 752 759 rum
801 705 1038 758 notitiam
1084 703 1382 757 admittere.
1429 702 1594 756 Filius
1641 703 1811 756 Amos.
1850 701 1958 756 Cur
2003 710 2205 770 patrem

637 795 1052 849 commemorat?
1097 798 1200 848 Aut
1226 794 1291 847 ad
1321 795 1608 849 tollendum
1638 794 1967 863 :equivoeuin
1992 832 2006 852 .
2033 801 2124 845 attt
2150 801 2209 845 ut

705 883 969 937 discamus
999 885 1161 950 patris
1189 886 1438 938 vilitatem
1468 884 1559 938 filii
1606 885 1852 937 virtutem
1880 898 1983 937 non
2006 882 2202 937 obscu-

637 989 757 1029 rare
788 991 800 1026 :
829 973 1264 1042 nobilitatemque
1292 989 1411 1028 esse
1449 988 1555 1028 non
1599 989 1666 1028 ex
1697 973 1967 1041 prasclaris
1997 970 2209 1041 majori-

638 1062 737 1117 bus
763 1063 927 1127 oriri,
957 1063 1050 1117 sed
1089 1079 1152 1118 ex
1193 1066 1397 1134 propria
1437 1064 1816 1133 magnitudine.
1859 1064 1955 1118 llic
1979 1072 2122 1118 certe
2147 1077 2208 1116 ex

637 1153 851 1222 ignobili
879 1163 1028 1224 patre
1057 1165 1212 1207 natus
1234 1196 1248 1218 ,
1276 1155 1524 1208 omnibus
1567 1155 1823 1208 illustrior
1850 1154 2052 1216 evasit,
2081 1167 2210 1222 pro-

643 1245 772 1313 pria:
821 1246 1026 1299 virtutis
1067 1246 1373 1298 excellentia
1402 1244 1627 1314 fulgens.
1677 1245 1844 1312 Quam
1889 1244 2008 1298 vidi:
2038 1255 2212 1297 contra

640 1333 879 1390 Iudaeam
902 1347 947 1390 et
977 1349 1149 1390 contra
1185 1337 1485 1390 Jerusalem.

707 1425 761 1478 2.
793 1426 899 1480 Cur
942 1426 1188 1479 distincte
1239 1437 1518 1496 utrumque
1562 1427 1734 1481 locum
1787 1425 2211 1480 commemorat?

640 1516 773 1582 Quia
805 1531 974 1584 ptena:
1011 1515 1219 1570 divisim
1271 1517 1480 1571 inﬂicta:
1505 1525 1661 1582 sunt,
1708 1517 2036 1586 diversisque
2075 1524 2213 1571 tem-

645 1607 883 1675 poribus,
915 1607 1021 1662 Deo
1049 1608 1099 1662 id
1131 1609 1397 1676 sapienter
1420 1609 1779 1677 dispensante,
1809 1624 1878 1662 ne
1903 1621 2089 1662 omnes
2109 1621 2212 1659 una

645 1696 898 1764 perirent,
920 1696 1012 1750 sed
1037 1697 1230 1750 sensim
1255 1707 1305 1750 et
1329 1698 1577 1765 paulatim
1603 1738 1616 1759 ,
1637 1706 1694 1750 ut
1717 1696 2063 1751 abductorum
2091 1710 2215 1764 sup-

650 1788 810 1856 plicio
854 1787 1034 1842 czcteri
1077 1788 1468 1856 resipiscerent.
1516 1786 1666 1854 Quod
1693 1788 1737 1842 si
1778 1786 2066 1857 pharmaco
2107 1801 2212 1839 non

643 1879 867 1943 fuerint,
897 1886 953 1931 ut
979 1894 1074 1947 par
1094 1886 1223 1941 erat,
1257 1879 1370 1942 usi;
1402 1894 1507 1930 non
1535 1877 1745 1940 medici,
1776 1877 1872 1931 sed
1895 1884 2212 1945 :egrotorum

643 1968 798 2038 culpa
824 1968 942 2022 erit.
978 1968 1031 2022 Id
1054 1979 1228 2022 autem
1257 1967 1378 2021 facit
1403 1982 1613 2035 semper
1639 1977 1693 2022 et
1721 1968 1773 2020 in
1803 1966 2021 2035 singulis
2050 1980 2213 2033 gene-

641 2060 951 2124 rationibus,
983 2077 1085 2114 non
1108 2075 1294 2115 omnes
1319 2059 1473 2113 simul
1502 2059 1554 2112 in
1583 2057 1768 2113 eadem
1797 2065 2010 2126 peccata
2040 2056 2216 2124 lapsos

647 2151 916 2219 plectens;
947 2165 1066 2202 nam
1112 2150 1243 2204 alias
1280 2157 1445 2203 totum
1473 2161 1642 2218 genus
1688 2155 1924 2201 nostrum
1949 2146 2058 2213 jam
2088 2145 2215 2198 olim

642 2242 904 2294 sublatum
931 2249 1102 2304 esset;
1136 2241 1227 2295 sed
1249 2242 1314 2294 ab
1334 2241 1452 2294 aliis
1477 2240 1562 2293 hic
1583 2253 1764 2307 pcenas
1789 2237 2014 2306 repetit,
2046 2236 2211 2289 levio-

644 2346 755 2384 rem
789 2331 910 2384 hinc
937 2331 1037 2382 illis
1068 2345 1257 2399 parans
1308 2331 1359 2383 in
1399 2330 1502 2382 alia
1549 2329 1655 2382 vita
1695 2327 2026 2381 cruciatum:
2058 2333 2216 2394 atque

644 2419 933 2488 aequalibus
962 2421 1197 2488 ipsorum
1227 2418 1536 2472 mutationis
1562 2419 1614 2471 in
1640 2416 1832 2472 melius
1852 2429 2094 2484 magnam
2125 2428 2218 2468 oc-

645 2509 914 2563 casionem
944 2508 1244 2578 suppeditat
1277 2527 1289 2562 :
1321 2509 1439 2562 illos
1468 2516 1644 2562 autem
1672 2507 1763 2576 qui
1802 2519 1973 2574 neque
1996 2519 2060 2557 ex
2091 2517 2218 2572 pro-

646 2597 762 2664 prio
797 2608 940 2650 motu
967 2639 981 2661 ,
1011 2613 1183 2666 neque
1210 2613 1273 2650 ex
1303 2597 1398 2650 tali
1423 2596 1817 2665 dispensatione
1842 2593 2112 2663 quidpiam
2137 2593 2218 2646 lu-

644 2686 782 2739 crari
809 2686 1027 2749 volunt,
1072 2686 1138 2739 ad
1183 2685 1538 2740 inevitabilem
1575 2695 1630 2738 et
1675 2681 2008 2738 tremendum
2031 2681 2217 2750 judicii

646 2773 785 2826 diem
815 2784 1062 2827 reservat.
1093 2772 1160 2826 In
1186 2789 1341 2843 regno
1372 2773 1510 2826 Ozia:
1529 2781 1575 2825 et
1600 2771 1824 2825 Joathan
1843 2812 1860 2837 ,
1895 2779 1943 2824 et
1983 2770 2154 2822 Acha:
2172 2778 2218 2824 et

650 2864 880 2917 Ezechite
899 2905 912 2927 ,
941 2865 1026 2935 qui
1046 2873 1319 2934 regnarunt
1357 2865 1410 2916 in
1432 2863 1636 2916 Juda'a.
1664 2861 1970 2932 Opportune
2012 2868 2219 2928 tempus

647 2954 860 3022 adjicit,
894 2955 1185 3008 studiosum
1215 2954 1508 3006 auditorem
1535 2953 1810 3006 remittens
1847 2952 1914 3004 ad
1945 2951 2216 3003 historiam

649 3059 826 3097 rerum
855 3053 1141 3113 gestarum.
1175 3043 1245 3096 Ita
1276 3045 1417 3098 enim
1465 3043 1739 3111 pr0phetia
1770 3042 1972 3095 facilius
2017 3040 2216 3094 intelli-

647 3143 800 3202 getur
825 3134 1120 3203 clariorque
1144 3134 1267 3196 erit,
1296 3134 1338 3186 si
1365 3132 1632 3186 discamus
1652 3173 1667 3198 ,
1695 3145 1797 3199 qua
1827 3145 2003 3184 rerum
2039 3127 2220 3182 condi-

649 3227 810 3286 tione,
841 3233 896 3277 et
924 3238 1028 3292 quo
1059 3223 1110 3276 in
1135 3231 1273 3276 statu
1299 3221 1632 3276 Judaicarum
1671 3220 1960 3289 plagarum,
1991 3216 2221 3287 prophe—

653 3325 721 3368 ta:
751 3313 1031 3383 pharmaca
1058 3313 1441 3366 concinnarint.
1465 3311 1520 3363 2.
1540 3310 1690 3374 Audi,
1727 3309 1922 3370 cwlum,
1955 3316 2000 3360 et
2019 3305 2221 3357 auribus

653 3404 882 3471 percipe,
907 3413 1037 3455 terra
1063 3443 1075 3465 ,
1099 3403 1216 3472 quia
1243 3401 1486 3454 Dominus
1517 3400 1748 3468 loquutus
1787 3407 1878 3451 est.
1925 3395 2081 3449 Multa
2110 3395 2220 3461 ple-

657 3511 782 3548 num
815 3504 896 3547 est
924 3495 999 3546 ira
1027 3493 1128 3547 hoc
1153 3491 1459 3547 exordium.
1486 3490 1595 3544 Nisi
1619 3491 1759 3544 enim
1790 3489 1974 3556 ingens
2003 3493 2146 3539 esset
2169 3494 2223 3537 et

651 3587 931 3643 lneﬂ'abilis
970 3585 1277 3654 indignatio,
1307 3598 1666 3653 nequaquam,
1695 3580 1870 3634 missis
1897 3577 2220 3642 hominibus,

656 3680 724 3731 ad
757 3679 1019 3731 elementa
1047 3691 1345 3730 sermonem
1373 3675 1641 3729 vertisset.
1663 3671 1794 3726 Illud
1819 3685 1944 3725 vero
1971 3669 2096 3725 facit
2118 3684 2219 3722 non

658 3768 818 3822 modo
842 3769 932 3820 ira:
959 3765 1293 3821 declaranda:
1337 3779 1519 3829 causa,
1550 3762 1643 3817 sed
1675 3771 1730 3815 ut
1757 3775 1850 3815 eos
1873 3761 1963 3828 qui
1992 3757 2220 3812 audituri

650 3866 824 3923 erant,
856 3857 1051 3926 ingenti
1086 3855 1284 3924 pudore
1313 3853 1657 3918 sulfunderet,
1686 3851 1974 3906 ostendens
2011 3863 2106 3904 eos
2133 3848 2223 3918 qui

653 3949 859 4003 ratione
884 3948 1117 4001 decorati
1145 3956 1323 4001 essent
1348 3987 1363 4011 ,
1391 3947 1542 4015 pejus
1579 3961 1638 4000 se
1668 3944 1863 3998 habere
1886 3981 1901 4007 ,
1929 3956 2085 4012 quam
2115 3939 2224 3995 ele-

651 4052 830 4096 menta
860 4055 1018 4094 sensu
1046 4040 1300 4093 carentia.
1330 4038 1384 4092 Id
1411 4037 1548 4105 quod
1574 4038 1730 4089 etiam
1758 4034 1966 4090 caeteris
1990 4031 2224 4103 prophe-

652 4132 721 4185 tis
745 4131 796 4184 in
821 4145 967 4183 more
992 4137 1094 4182 est.
1125 4128 1325 4182 Idcirco
1354 4129 1397 4180 is
1423 4128 1510 4195 qui
1537 4127 1600 4179 ad
1627 4125 2001 4180 Jeroboamum
2029 4123 2225 4177 missus

651 4221 845 4283 fuerat,
878 4220 1077 4273 omisso
1105 4233 1229 4287 rege
1253 4217 1318 4270 ad
1347 4231 1504 4285 quem
1536 4217 1860 4280 mittebatur,
1894 4215 2064 4268 altare
2087 4212 2227 4266 allo-

654 4311 831 4379 quitur
857 4311 874 4378 (
901 4311 953 4365 5.
987 4309 1114 4379 Ileg.
1146 4309 1231 4361 15.
1261 4308 1312 4361 1.
1338 4305 1433 4376 2).
1470 4307 1532 4358 Et
1553 4304 1811 4359 Jeremias
1841 4314 2036 4357 terram
2062 4315 2223 4356 voca-

656 4402 747 4454 hat
773 4401 956 4454 dicens
986 4419 998 4454 :
1033 4400 1189 4453 Terra
1213 4440 1229 4462 ,
1262 4408 1391 4452 terra
1409 4439 1422 4461 ,
1469 4407 1600 4450 terra
1624 4411 1642 4449 :
1662 4396 1819 4450 scribe
1861 4395 1994 4447 hunc
2022 4396 2182 4448 virum
2204 4435 2219 4460 ,

657 4495 816 4544 virum
839 4492 1168 4559 proscriptum
1198 4491 1327 4559 (Jer.
1353 4490 1441 4543 22.
1474 4489 1561 4542 29.
1595 4487 1707 4558 50).
1736 4487 1985 4555 Aliusque
2013 4501 2224 4539 rursum

657 4581 865 4634 diccbat
895 4599 906 4634 :
935 4580 1138 4643 Audite,
1161 4579 1346 4643 valles,
1377 4578 1704 4648 fundamenta
1749 4585 1914 4629 terraz.
1947 4574 2107 4628 Filios
2133 4591 2222 4643 ge-

659 4673 748 4723 nui
773 4671 960 4740 (Mich.
991 4670 1044 4724 6.
1073 4669 1167 4737 2).
1195 4668 1309 4722 Non
1339 4682 1620 4722 commune
1645 4667 1893 4721 omnibus
1924 4665 2226 4719 hominibus

667 4763 753 4816 hic
781 4762 926 4831 ponit
955 4759 1267 4815 beneficium
1293 4800 1306 4822 ,
1335 4758 1476 4828 quod
1515 4771 1708 4826 nempe
1752 4756 1873 4810 tacti
1895 4763 2075 4810 essent
2093 4796 2108 4821 ,
2131 4753 2227 4808 sed

661 4853 866 4921 insigne
908 4851 1222 4922 quodpiam,
1253 4849 1391 4919 quod
1429 4848 1521 4902 ﬁlii
1565 4845 1739 4901 ell'ecti
1763 4853 1963 4899 essent.
2005 4845 2228 4913 Semper

660 4947 800 4999 enim
825 4945 1076 5000 beneficia
1097 4943 1288 4997 inferre
1312 4940 1494 5009 incipit
1511 4939 1670 4994 Deus.
1691 4937 1767 4992 Ac
1782 4933 2225 5005 quemadmodum

659 5052 780 5089 cum
810 5035 1081 5090 hominem
1128 5042 1352 5096 crearet,
1397 5030 1486 5101 qui
1527 5045 1630 5083 non
1661 5037 1782 5082 ante
1809 5027 1996 5088 fuerat,
2026 5040 2145 5079 eum
2173 5025 2224 5096 in

663 5127 924 5196 principio
970 5125 1251 5179 honoravit
1309 5124 1532 5186 dicens,
1567 5119 1838 5174 Faciamus
1875 5117 2124 5171 hominem
2160 5114 2227 5166 ad

661 5219 930 5287 imaginem
967 5226 1014 5269 et
1058 5215 1433 5267 similitudinem
1474 5220 1696 5265 nostram
1731 5207 1894 5279 (Gen.
1931 5207 1981 5261 1.
2007 5203 2138 5276 26);
2172 5205 2224 5258 in

663 5323 799 5361 nma
837 5315 1011 5361 autem
1059 5305 1171 5373 lege
1201 5303 1386 5371 majori
1418 5315 1514 5355 nos
1557 5301 1765 5354 ornavit
1806 5296 2092 5358 beneficio;
2119 5308 2223 5346 non

667 5397 837 5449 solum
867 5394 1008 5449 enim
1040 5392 1293 5446 nihildum
1323 5400 1567 5460 operatos
1588 5429 1602 5454 ,
1627 5388 1720 5444 sed
1749 5387 1907 5441 etiam
1939 5383 2227 5438 innumeris

667 5488 821 5541 malis
845 5495 1064 5541 onustos
1087 5483 1366 5539 honoravit
1387 5497 1481 5550 per
1501 5482 1763 5534 lavacrum
1785 5475 2224 5548 regenerationis:

666 5578 735 5631 ita
766 5587 819 5632 et
840 5580 923 5632 hic
952 5578 1134 5631 videre
1158 5584 1267 5636 est;
1297 5589 1415 5626 nam
1451 5588 1543 5626 cos
1573 5573 1661 5640 qui
1691 5587 1794 5624 non
1837 5568 1992 5622 modo
2018 5569 2068 5619 in
2097 5565 2227 5618 ado-

667 5671 844 5737 ptione
865 5669 991 5723 nihil
1014 5669 1136 5723 boni
1160 5675 1394 5738 egerant,
1415 5664 1506 5719 sed
1534 5663 1690 5717 etiam
1727 5661 1857 5730 lapsi
1879 5660 2081 5714 fuerant
2105 5699 2115 5720 ,
2137 5657 2229 5730 ho-

2314 431 2542 482 noravit.
2569 428 2674 482 Nec
2718 443 2841 482 vero
2882 427 3001 496 quia
3038 436 3159 480 ante
3196 425 3402 481 labores
3425 427 3681 481 honorare
3716 428 3871 492 solet,

2315 531 2433 589 post
2462 521 2671 574 labores
2713 518 2953 572 mercede
2981 520 3178 587 privat;
3209 518 3300 571 sed
3334 527 3457 572 tunc
3503 519 3700 584 majora
3743 536 3870 574 eon-

2317 613 2413 663 fert
2432 611 2665 674 prmmia.
2698 610 2759 662 Et
2785 610 3017 661 exaltavi.
3048 609 3175 673 Qua:
3203 610 3251 661 in
3279 607 3526 677 Egypto,
3551 625 3666 676 qua:
3696 610 3745 662 in
3775 612 3866 662 de-

2314 714 2477 764 serto,
2501 719 2615 770 qua-
2639 705 2685 754 in
2713 701 2987 754 Palmstina
3016 703 3197 769 gessit,
3227 715 3331 753 uno
3358 701 3517 753 verbo
3547 703 3763 768 carptim
3794 712 3868 754 te-

2320 796 2452 863 tigit.
2482 795 2592 848 Mos
2621 796 2762 848 enim
2813 793 2922 847 Deo
2951 802 3033 846 est
3059 793 3125 845 ob
3151 792 3529 847 beneﬁciorum
3571 794 3773 860 copiam
3822 795 3875 846 in

2319 884 2622 938 narratione
2665 890 2934 950 gestorum
2976 896 3082 934 non
3127 881 3420 934 minutatim
3467 883 3730 934 insistere.
3766 881 3876 947 Ipsi

2313 986 2477 1028 autem
2507 983 2795 1042 spreverunt
2825 988 2921 1025 me.
2951 971 3287 1040 Transgressi
3316 982 3456 1035 sunt,
3486 971 3671 1039 inquit,
3706 970 3875 1038 legem

2314 1080 2508 1131 meam,
2541 1064 2785 1119 mandata
2829 1063 3245 1131 dereliquerunt.
3289 1062 3342 1116 5.
3373 1059 3610 1130 Cognovit
3649 1061 3733 1114 bos
3764 1078 3878 1128 pos-

2315 1173 2551 1212 sessorem
2575 1172 2742 1220 suum,
2769 1163 2817 1208 et
2854 1155 3024 1208 asinus
3051 1169 3271 1222 pra’sepe
3304 1153 3494 1206 domini
3521 1153 3617 1206 sui.
3647 1151 3879 1220 Compa-

2316 1247 2552 1301 rationes
2602 1245 2924 1300 accusationi
2978 1244 3332 1300 accessionem
3381 1252 3601 1312 parant,
3649 1244 3881 1296 maxime

2317 1351 2444 1391 vero
2472 1350 2589 1389 cum
2619 1351 2682 1389 ex
2713 1334 3056 1404 inaequalibus
3079 1334 3461 1387 concinnantur
3495 1349 3508 1385 :
3538 1332 3874 1401 quemadmo-

2317 1429 2442 1483 dum
2467 1437 2520 1483 et
2539 1427 2782 1481 Christus
2810 1428 2880 1480 ait
2911 1444 2923 1479 :
2966 1425 3072 1478 Viri
3098 1424 3336 1478 Ninivita:
3357 1434 3556 1493 surgent
3597 1426 3648 1476 in
3683 1423 3880 1493 judicio

2318 1536 2432 1573 cum
2454 1520 2768 1590 generatione
2794 1519 2909 1583 hac,
2938 1528 2984 1572 et
3007 1517 3403 1570 condemnabam
3444 1532 3553 1569 eam
3583 1515 3740 1585 (Luc.
3786 1515 3874 1567 Η.

2318 1611 2438 1678 52);
2470 1625 2532 1663 ac
2570 1623 2777 1663 rursum
2812 1625 2824 1660 :
2871 1608 3067 1676 Regina
3104 1608 3263 1660 austri
3294 1615 3459 1676 surget
3491 1609 3543 1658 in
3572 1606 3787 1675 judicio,
3830 1614 3882 1657 es

2317 1701 2663 1754 condemnabit
2697 1698 3062 1767 generationem
3088 1699 3237 1757 hanc,
3269 1698 3384 1764 quia
3425 1696 3553 1748 venit
3593 1711 3654 1748 ea:
3697 1695 3880 1762 ﬁnibus

2318 1799 2462 1844 terra:
2486 1792 2660 1845 audire
2686 1791 2983 1859 sapientiam
3011 1789 3296 1841 Salomonis
3322 1786 3478 1856 (Ibid.
3511 1803 3555 1839 v.
3586 1786 3696 1856 5i).
3739 1785 3877 1838 Rur-

2318 1895 2511 1947 susque
2537 1879 2794 1933 Jeremias
2823 1880 2897 1932 ait
2923 1895 2943 1931 :
2972 1877 3051 1931 Ite
3083 1879 3150 1931 ad
3193 1879 3384 1930 insulas
3413 1877 3621 1931 Chctiim
3649 1887 3694 1928 et
3722 1876 3882 1928 videte

2319 1976 2368 2022 in
2399 1971 2576 2023 Cedar.
2613 1971 2796 2023 Mittite
2825 1980 2870 2022 et
2891 1971 3190 2039 cognoscite,
3216 1970 3257 2020 si
3284 1967 3538 2020 mutabunt
3568 1976 3734 2036 gentes
3759 1967 3880 2017 deos

2321 2078 2436 2115 suos
2458 2078 2475 2114 :
2498 2061 2713 2130 populus
2739 2077 2852 2113 vero
2879 2075 3015 2112 meus
3044 2060 3248 2110 mutavit
3273 2059 3483 2127 gloriam
3503 2072 3671 2118 suam,
3697 2071 3758 2107 ex
3780 2070 3880 2122 quo

2321 2154 2447 2207 nihil
2471 2153 2692 2222 proﬁciet
2710 2150 2843 2219 (Jer.
2871 2150 2925 2203 2.
2947 2150 3031 2204 10.
3062 2150 3170 2217 il).
3194 2148 3358 2201 Docet
3389 2148 3553 2215 legem
3571 2161 3671 2198 non
3694 2145 3879 2196 durant

2320 2261 2459 2313 esse,
2475 2255 2528 2301 et
2544 2253 2798 2314 quantam
2809 2257 3103 2296 mensuram
3126 2239 3375 2308 exigatab
3390 2238 3704 2297 hominibus,
3721 2249 3880 2304 quam

2320 2341 2498 2401 bruta,
2527 2345 2582 2390 et
2624 2336 2777 2390 bruta
2815 2334 3050 2388 omnium
3091 2329 3448 2399 stupidissima
3488 2327 3705 2394 impleri.
3754 2339 3880 2394 pos-

2321 2431 2445 2483 sint.
2475 2427 2578 2482 Sed
2605 2426 2796 2480 dixerit
2815 2424 3097 2493 quispiam,
3118 2421 3208 2474 Illa
3236 2420 3286 2472 in
3315 2427 3497 2470 natura
3526 2416 3718 2468 habent
3737 2411 3881 2481 quod

2323 2526 2664 2589 cognoscant.
2695 2515 2800 2570 Sed
2843 2526 3121 2583 possumus
3163 2524 3223 2563 ea
3245 2523 3362 2576 qua:
3394 2506 3541 2559 bruta
3584 2520 3646 2557 ex
3697 2513 3881 2556 natura

2321 2626 2412 2665 sua
2441 2610 2634 2662 faciunt
2679 2623 2741 2662 ex
2793 2605 3060 2674 proposito
3090 2600 3370 2654 voluntatis
3409 2597 3646 2665 implere.
3688 2595 3885 2661 Cogno-

2321 2703 2388 2754 vit
2431 2703 2515 2754 bos
2566 2713 2917 2767 possessorem.
2955 2694 3070 2747 Non
3095 2708 3160 2744 ex
3190 2690 3312 2743 doni
3341 2686 3649 2741 excellentia
3683 2685 3733 2736 in
3765 2697 3883 2735 me-

2322 2795 2464 2848 dium
2493 2791 2738 2854 adducit,
2767 2786 2860 2841 sed
2889 2801 2951 2841 ex
2977 2783 3221 2853 nequitiae
3251 2783 3266 2812 ⁸
3295 2778 3636 2832 redundantia
3671 2775 3882 2826 illorum

2322 2895 2480 2956 anget
2507 2881 2997 2953 reprehensionem.
3028 2872 3476 2943 Quemadmodum
3507 2871 3646 2923 enim
3677 2866 3739 2919 ad
3765 2865 3884 2917 illo-

2328 2955 2441 3031 rum
2474 2977 2726 3044 pudorem
2767 2972 3031 3026 elementa
3069 2973 3294 3020 evocat:
3329 2961 3401 3014 ita
3422 2976 3530 3014 non
3553 2955 3880 3018 hominibus,

2323 3070 2415 3122 sed
2443 3067 2610 3121 brutis
2641 3066 2784 3133 ipsos
2830 3068 3121 3126 comparat,
3165 3070 3226 3108 ac
3268 3054 3537 3105 brutorum
3583 3044 3883 3114 stupidissi-

2325 3160 2446 3221 mis,
2479 3157 2681 3222 illisque
2712 3152 2918 3220 pejores
2948 3164 3068 3202 esse
3095 3143 3345 3199 ostendit.

2395 3251 2446 3303 5.
2490 3247 2630 3300 Idem
2657 3245 2778 3297 facit
2803 3250 2855 3296 et
2879 3240 3153 3302 Jeremias,
3187 3245 3437 3288 turturem
3469 3240 3523 3285 et
3547 3226 3880 3283 hirundinem

2325 3343 2376 3396 in
2405 3341 2632 3395 medium
2658 3346 2884 3389 evocans
2915 3329 3046 3398 (Jer.
3080 3330 3130 3381 8.
3160 3327 3249 3392 7);
3275 3334 3328 3378 et
3352 3323 3622 3384 Salomon,
3655 3333 3790 3371 nunc
3818 3315 3885 3368 ad

2327 3435 2618 3491 formicam,
2645 3443 2781 3481 nunc
2803 3425 2866 3477 ad
2897 3437 3048 3490 apem
3069 3420 3280 3472 mittens
3310 3429 3427 3468 eum
3455 3415 3539 3480 qui
3572 3411 3735 3462 otiose
3759 3407 3889 3459 vivit

2327 3524 2503 3594 (Prov.
2538 3521 2590 3574 6.
2619 3518 2692 3585 6).
2723 3513 2888 3567 Israel
2908 3521 3075 3564 autem
3104 3523 3181 3558 me
3209 3521 3307 3557 non
3327 3501 3550 3571 cognovit
3576 3496 3743 3565 (Eccli
3792 3496 3883 3548 il.

2327 3589 2401 3682 5).
2434 3609 2680 3665 Accessio
2712 3603 2923 3658 malitia:
2947 3611 3046 3664 e5t,
3075 3612 3192 3651 cum
3226 3595 3257 3647 ii
3287 3593 3374 3661 qui
3404 3589 3684 3644 familiares
3711 3593 3886 3639 erant.

2327 3681 2442 3775 post
2470 3712 2544 3755 tot
2569 3701 2817 3757 honores,
2842 3706 3024 3748 omnes
3053 3686 3326 3743 confertim
3344 3683 3409 3736 ad
3431 3681 3679 3734 malitiam
3700 3685 3890 3745 sponte

2327 3769 2648 3861 confugiunt.
2685 3788 2800 3841 Non
2837 3786 2995 3846 dixit,
3025 3779 3208 3842 Jacob,
3237 3775 3349 3839 sed,
3380 3771 3562 3835 Israel,
3592 3780 3646 3823 ut
3684 3785 3749 3821 ex
3777 3769 3890 3817 vir-

2328 3897 2438 3942 tute
2479 3879 2823 3953 progenitoris
2869 3877 3122 3942 ingratum
3170 3875 3414 3935 nepotum
3451 3863 3679 3915 animum
3722 3857 3892 3925 magis

2328 3946 2648 4031 ostenderet.
2673 3969 2766 4023 llle
2801 3966 2938 4020 enim
2971 3963 3130 4016 animi
3174 3960 3362 4010 virtute
3389 3950 3803 4007 benedictionem
3834 3946 3888 3997 iu

2328 4064 2544 4121 nomine
2569 4071 2872 4127 expressam
2897 4050 3185 4122 promeruit
3235 4063 3247 4098 :
3293 4044 3362 4097 illi
3393 4056 3518 4095 vero
3551 4039 3618 4092 ob
3648 4034 3892 4103 iniquita-

2330 4166 2435 4211 tem
2473 4124 2653 4222 ipsam‘
2671 4145 3028 4214 prodiderunt.
3069 4139 3130 4192 Et
3159 4133 3372 4205 populus
3409 4146 3542 4182 meus
3568 4144 3644 4179 me
3679 4141 3776 4222 non
3806 4124 3889 4174 in-

2330 4215 2516 4300 tellexit
2548 4259 2566 4296 :
2597 4239 2699 4304 Me,
2729 4236 2915 4303 inquit,
2947 4233 3059 4283 sole
3087 4227 3382 4281 clariorem.
3406 4222 3462 4273 4.
3501 4217 3586 4270 Vw
3614 4215 3745 4285 genti
3768 4228 3888 4304 pec-

2328 4335 2522 4391 catrici.
2556 4331 2667 4387 Hoc
2687 4303 2857 4383 etiam
2887 4319 3155 4392 prOphetis
3200 4318 3251 4368 in
3277 4327 3422 4366 more
3450 4309 3562 4373 fuit,
3596 4315 3650 4358 ut
3687 4316 3777 4358 eas
3805 4303 3890 4354 Iu-

2328 4437 2541 4502 gerent,
2573 4426 2661 4493 qui
2689 4415 2961 4476 incurabili
2987 4412 3170 4466 morbo
3198 4409 3513 4459 laborarent.
3547 4398 3635 4502 Sic
3658 4406 3707 4497 et
3736 4395 3887 4502 Jerc-

2331 4483 2462 4576 iitias
2494 4483 2673 4570 multis
2710 4513 2760 4564 in
2792 4507 2952 4568 locis;
2987 4503 3061 4556 sic
3100 4512 3152 4553 et
3184 4497 3422 4551 Christus
3451 4506 3568 4545 cum
3595 4488 3719 4541 dicit
3751 4503 3762 4536 :
3804 4483 3893 4537 Var

2331 4611 2416 4666 tibi
2455 4603 2696 4665 Chorazi,
2737 4613 2812 4653 υω
2845 4597 2931 4649 tibi
2961 4589 3227 4646 Bethsaida
3258 4583 3462 4653 (Matth.
3497 4581 3582 4633 ll.
3620 4577 3732 4646 21).
3759 4575 3890 4628 Nam

2333 4703 2433 4757 hoc
2479 4698 2634 4752 etiam
2674 4689 2928 4746 doctrina;
2967 4682 3171 4752 species
3196 4685 3296 4732 est.
3335 4673 3499 4738 Quem
3533 4669 3674 4724 enim
3714 4679 3894 4720 sermo

2333 4809 2437 4848 non
2491 4788 2661 4857 potuit
2705 4782 3023 4838 reformare,
3075 4774 3243 4825 luctus
3292 4778 3524 4836 persmpe
3569 4758 3886 4857 emendavit:

2333 4843 2535 4951 I’opul'o
2561 4877 2705 4945 pleno
2723 4867 2953 4941 peccatis.
2977 4864 3088 4916 Alia
3111 4854 3458 4912 accusationis
3477 4849 3729 4906 accessio.
3749 4843 3892 4914 quod

2332 4941 2534 5030 omnes,
2561 4941 2702 5035 quod
2727 4958 3007 5015 admodum
3038 4953 3369 5025 [peccatores
3393 4941 3550 5014 sint].
3581 4941 3771 4995 Semini
3801 4952 3891 4989 ne-

2332 5079 2499 5134 quam.
2525 5029 2643 5112 rNon
2681 5053 2934 5121 originem
2977 5059 3158 5100 eorum
3202 5041 3488 5107 vituperat,
3531 5034 3622 5087 sed
3663 5029 3894 5134 ostendit

2332 5122 2426 5211 eos
2453 5170 2482 5207 a
2510 5135 2675 5221 prima
2716 5152 2871 5199 aetate
2894 5138 3160 5208 improbos
3189 5134 3365 5186 fuisse.
3397 5129 3543 5184 Sicut
3571 5122 3886 5221 enim-loeti.

2333 5262 2429 5301 nes
2459 5212 2578 5297 cum
2602 5239 2746 5301 dicit,
2784 5235 3070 5300 Serpentes,
3101 5225 3351 5296 genimina
3376 5222 3653 5290 viperarum
3680 5212 3886 5278 (Matth.

2333 5339 2387 5392 5.
2421 5336 2506 5404 7),
2549 5346 2652 5385 non
2699 5335 2937 5380 naturam
2977 5319 3274 5386 vituperat:
3308 5327 3411 5365 non
3459 5308 3597 5362 enim
3647 5303 3890 5365 dixisset,

2396 5535 2412 5566 ι
2448 5539 2584 5580 Forte
2607 5527 2796 5579 melius.
2821 5530 2979 5569 Graeca
3001 5517 3208 5580 lectione
3231 5513 3518 5580 aliquantum
3553 5511 3645 5580 mut
3654 5510 3765 5580 atat

2333 5569 2808 5648 niodifi'iiiiiiiiipfsls
2830 5591 3034 5648 concess:
3051 5569 3348 5632 arcellentiu,
3361 5570 3442 5621 scd
3462 5582 3522 5619 ex
3541 5569 3778 5627 nequiuit.
3796 5569 3889 5608 etc.

2337 5667 2443 5708 ltcec
2469 5667 2529 5702 ex
2559 5646 2719 5699 Atleuo
2742 5646 3019 5694 notarium.
