4156 6312
228 317 291 370 17
1535 298 1599 353 1N
1640 288 1883 357 ISAlAM,
1923 292 2067 349 CAP.
2111 292 2150 346 l.
3373 308 3443 360 18

220 416 388 468 Facite
429 416 578 483 igitur
599 420 789 484 fructus
828 415 1002 482 dignos
1037 411 1330 482 paenitentiw
1351 408 1509 479 (Ibid.
1538 424 1583 462 υ.
1614 407 1692 478 8),
1722 405 1767 460 si

215 520 277 559 ex
309 516 493 559 natura
534 515 587 558 et
625 506 691 557 ah
718 514 835 557 ortu
883 505 1014 557 tales
1057 502 1274 555 fuissent
1307 518 1319 553 :
1348 503 1423 554 sic
1451 509 1503 554 et
1532 500 1631 553 hoc
1655 499 1774 553 loco

215 609 337 648 enm
374 594 543 646 dicit:
577 593 771 648 Semini
809 610 1041 659 nequam,
1089 608 1191 646 non
1236 600 1410 646 ortum
1453 590 1648 661 probro
1687 589 1776 643 dat

218 682 341 735 illis.
392 681 540 734 Filiis
578 682 847 752 ealegibus.
890 681 1006 735 Non
1042 680 1205 746 dixit,
1252 679 1771 744 Prmvaricatoribus,

217 774 331 836 sed,
373 773 662 843 Eslegibus,
694 774 783 844 qui
818 788 919 826 non
944 772 1147 826 meliori
1174 779 1351 825 essent
1380 770 1585 831 allecto,
1617 784 1770 839 quam

214 862 256 914 si
290 862 461 929 legem
510 876 790 932 numquam
826 861 1173 928 excepissent.
1202 859 1304 913 Sed
1348 858 1598 927 pr0positi
1629 856 1777 911 diﬁc-

218 952 441 1003 rentiam
468 950 724 1019 signiﬁcat
756 952 793 1002 ‘.
818 949 1164 1017 Dereliquistis
1188 948 1477 1009 Dominum,
1502 957 1548 1000 et
1577 946 1643 999 ad
1672 949 1777 999 ira-

216 1040 453 1091 cundiam
494 1038 810 1107 protacastis.
842 1038 941 1092 Per
981 1037 1254 1106 emphasin
1293 1036 1393 1090 hoc
1433 1036 1582 1090 dixit.
1617 1034 1776 1090 Sufﬁ-

217 1130 388 1182 ciehat
417 1130 557 1182 enim
597 1144 786 1182 nomen
826 1129 913 1181 Dei
940 1127 1005 1181 ad
1032 1128 1417 1182 accusationem
1454 1144 1466 1179 :
1497 1141 1596 1195 qua
1625 1126 1691 1180 de
1720 1140 1777 1181 re

218 1218 475 1273 leremias
512 1218 807 1285 expostulat
846 1218 1026 1271 dicens
1055 1236 1067 1270 :
1103 1218 1233 1281 Quia
1266 1217 1327 1269 ab
1363 1215 1451 1269 illo
1473 1217 1773 1285 defecerunt,

217 1318 260 1360 et
289 1308 601 1360 da'monibus
633 1307 964 1360 adlueserunt.
990 1306 1231 1359 Sanctum
1256 1304 1418 1359 Israel
1446 1304 1689 1374 (Boruclt.
1719 1306 1773 1359 4.

217 1396 268 1448 7.
301 1396 379 1465 8).
419 1395 544 1449 ﬂare
578 1411 784 1464 quoque
826 1394 1203 1449 criminationis
1248 1395 1482 1449 acceSsio
1526 1402 1625 1457 est,
1657 1393 1777 1462 quia

218 1500 336 1538 cum
367 1486 665 1538 communis
692 1486 920 1538 omnium
947 1485 1197 1538 Dominus
1222 1483 1315 1548 sit,
1348 1484 1471 1551 ipsis
1496 1493 1615 1536 tunc
1638 1482 1777 1554 (pro-

222 1573 355 1640 prie)
398 1582 553 1627 notus
582 1581 714 1627 erat.
746 1572 1023 1625 Abalienati
1062 1582 1172 1625 sunt
1215 1582 1500 1624 retrorsum.
1546 1572 1598 1625 5.
1644 1572 1777 1637 Quid

222 1664 356 1715 ultra
393 1661 733 1729 percutientini
770 1662 1004 1713 addentes
1051 1660 1516 1728 prmaricationes?
1557 1660 1776 1713 Maxima

220 1751 511 1813 damnatio,
531 1765 650 1803 cum
672 1764 737 1804 ne
763 1765 828 1803 ex
848 1749 1112 1818 suppliciis
1128 1750 1337 1818 quidem
1364 1752 1605 1803 meliores
1629 1750 1776 1803 ﬁunt.

225 1837 461 1907 Illudque
488 1838 690 1906 species
716 1837 951 1891 beneﬁcii
983 1848 1113 1901 erat,
1144 1838 1281 1906 quod
1320 1839 1642 1906 punirentur.
1675 1838 1777 1892 Ne-

223 1945 328 1997 que
346 1929 485 1982 enim
514 1928 687 1982 dicere
724 1938 937 1996 possent
978 1930 1137 1983 Deum
1180 1930 1465 1983 bonorasse
1507 1940 1702 1983 tantum
1728 1937 1780 1982 et

226 2017 498 2071 beneﬁciis
527 2018 793 2082 olfecisse,
827 2031 1103 2085 peccantes
1149 2028 1322 2072 autem
1364 2020 1655 2083 dimisisse;
1686 2019 1778 2073 sed

228 2110 318 2162 ille
346 2108 634 2162 honoribus
667 2107 990 2171 attrabebat,
1023 2116 1076 2161 et
1104 2108 1473 2177 suppliciorum
1504 2108 1688 2161 timore
1715 2107 1782 2162 ad

227 2197 502 2251 meliorem
538 2196 735 2265 frugem
765 2196 1062 2261 revocabat,
1092 2207 1143 2251 et
1181 2198 1316 2251 inter
1347 2208 1564 2266 utraque
1604 2198 1676 2252 illi
1705 2198 1781 2251 in-

225 2286 449 2340 curabili
478 2286 661 2339 morbo
690 2286 888 2340 detenti
916 2286 1213 2340 manebant.
1244 2286 1409 2341 Omne
1428 2302 1592 2357 genus
1614 2287 1780 2342 medi-

226 2374 361 2429 cina:
405 2374 668 2439 exhibuit,
702 2388 918 2437 secans,
952 2388 1110 2428 urens
1152 2392 1164 2426 :
1208 2375 1420 2428 morbus
1462 2385 1634 2428 tamen
1677 2391 1781 2428 non

227 2465 422 2528 Cessit,
454 2466 592 2531 quod
633 2466 856 2517 maxime
882 2465 1084 2532 signum
1124 2474 1199 2517 est
1243 2465 1544 2518 incurabilis
1570 2466 1782 2533 aegritu-

226 2554 387 2613 dinis,
412 2568 531 2605 eum
562 2568 662 2604 non
686 2561 854 2620 potest
880 2552 995 2620 quis
1021 2552 1307 2607 remedium
1334 2553 1594 2620 accipere.
1628 2553 1787 2607 Omne

228 2652 384 2708 caput
414 2642 479 2693 ad
509 2642 745 2705 laborem,
774 2652 817 2693 et
836 2657 978 2694 omne
998 2656 1084 2694 cor
1108 2642 1175 2693 ad
1196 2641 1462 2695 tristitiam.
1492 2642 1543 2697 6.
1572 2642 1617 2694 Α
1642 2643 1785 2711 pedi-

228 2735 321 2785 bus
345 2748 498 2799 usque
518 2733 584 2784 ad
622 2741 770 2801 caput
797 2748 893 2785 non
933 2742 1003 2785 est
1029 2732 1080 2784 in
1104 2747 1160 2785 eo
1186 2732 1466 2800 integritas,
1499 2748 1653 2800 neque
1677 2732 1786 2785 υυι-

231 2842 358 2885 nus,
389 2840 543 2891 neque
568 2824 733 2887 uibex,
770 2839 923 2892 neque
950 2824 1099 2893 plaga
1140 2832 1353 2877 tumens.
1387 2823 1583 2878 Deinde
1612 2834 1789 2878 narrat

230 2914 496 2967 cruciatus
534 2921 586 2965 et
628 2914 876 2981 supplicia
910 2931 921 2967 :
956 2928 1124 2982 neque
1161 2915 1299 2967 enim
1339 2917 1512 2969 minor
1550 2915 1661 2969 hinc
1708 2923 1791 2969 est

231 3002 442 3068 species
466 3002 702 3054 beneﬁcii
733 3013 787 3056 et
806 3004 1018 3055 honoris
1042 3003 1167 3070 ipsis
1194 3005 1385 3057 collati.
1410 3004 1602 3058 Omnes
1624 3006 1787 3069 enim,

235 3093 440 3160 inquit,
469 3092 661 3153 afﬂixi,
694 3106 887 3161 eosque
917 3094 967 3145 in
1008 3093 1241 3147 dolorem
1280 3094 1501 3161 conjeci.
1537 3095 1591 3148 Si
1634 3110 1791 3151 omne

232 3182 395 3241 caput
434 3175 482 3225 in
525 3174 754 3228 laborem
776 3216 789 3239 ,
834 3175 1097 3243 quomodo
1128 3191 1228 3229 non
1266 3185 1345 3230 est
1370 3177 1592 3243 vulnus,
1622 3194 1792 3245 neque

234 3264 431 3317 vibex?
461 3263 677 3327 Vulnus,
720 3264 921 3333 reliquo
961 3280 1182 3332 corpore
1222 3280 1383 3333 sano,
1419 3276 1541 3322 tunc
1574 3278 1792 3337 apparet

236 3354 429 3409 vulnus
456 3371 468 3405 :
497 3353 634 3422 quod
665 3356 706 3407 si
734 3362 900 3407 totum
923 3356 1277 3410 exulceratum
1314 3358 1495 3423 fuerit,
1523 3374 1628 3412 non
1660 3360 1791 3414 ultra

236 3444 430 3498 vulnus
455 3445 743 3513 apparebit.
778 3445 886 3499 [loc
914 3446 1067 3515 igitur
1093 3447 1367 3515 signiﬁcat,
1401 3457 1563 3503 totum
1602 3465 1795 3519 corpus

237 3534 403 3587 fuisse
432 3535 695 3589 ulceribus
737 3536 943 3603 plemun
979 3554 991 3588 :
1025 3552 1192 3605 neque
1231 3538 1368 3591 aliud
1413 3554 1619 3603 sanum,
1650 3540 1791 3593 aliud

237 3623 526 3674 nlceratnm
557 3622 713 3676 fuisse
736 3640 748 3680 :
774 3625 862 3677 sed
894 3633 1057 3678 totum
1085 3626 1422 3690 intnumisse,
1456 3637 1617 3681 totum
1647 3631 1796 3685 ulcus

237 3726 404 3761 unum
433 3709 609 3763 fuisse.
644 3710 761 3762 Non
802 3722 869 3764 est
911 3715 1161 3782 malagma
1198 3732 1460 3783 apponere.
1493 3718 1599 3772 Hoc
1624 3720 1797 3785 priore

234 3799 451 3867 gravius
477 3807 573 3852 est.
599 3799 779 3853 Morbo
814 3802 952 3854 enim
997 3801 1235 3856 laborare
1263 3821 1366 3857 non
1399 3806 1465 3859 ita
1498 3822 1654 3876 grave
1692 3819 1793 3875 est,

239 3898 302 3939 nt
326 3903 519 3957 regrum
546 3902 648 3941 non
673 3903 827 3956 posse
864 3891 1035 3943 sanari
1066 3908 1077 3944 :
1104 3894 1389 3958 praesertim
1428 3909 1545 3948 cum
1587 3898 1703 3951 talis
1732 3898 1799 3952 sit

240 3979 500 4032 medicus.
532 3978 705 4047 Neque
742 3980 927 4044 oleum,
958 3996 1113 4048 neque
1149 3982 1409 4050 ligamina.
1446 3984 1511 4038 Ut
1538 4000 1657 4039 eum
1689 4003 1797 4040 em—

241 4067 395 4135 phasi
425 4066 685 4135 loquatur,
724 4077 921 4136 perstat
947 4069 998 4121 in
1030 4069 1210 4123 eadem
1242 4074 1544 4139 metaphora
1577 4093 1588 4127 :
1620 4076 1669 4129 in
1700 4077 1799 4132 hoc

240 4156 384 4208 enim
410 4154 505 4207 sita
547 4163 629 4208 est
664 4154 984 4223 metaphora:
1027 4159 1340 4225 prmstantia.
1371 4161 1426 4214 7.
1455 4161 1607 4215 Terra
1642 4174 1799 4217 vestra

240 4247 458 4300 deserta.
500 4245 622 4301 Haec
643 4261 745 4299 non
767 4256 823 4300 ut
838 4246 944 4314 jam
966 4247 1097 4302 facta
1118 4250 1407 4317 annuntiat,
1431 4252 1521 4307 sed
1555 4262 1611 4307 ut
1631 4253 1797 4309 futura

244 4336 536 4402 praedicit'.
572 4335 681 4389 Hoc
706 4344 919 4389 utuntur
947 4352 1093 4392 more
1119 4340 1405 4407 prophetat,
1424 4341 1579 4395 simul
1597 4344 1801 4399 audito-

242 4440 357 4478 rem
390 4433 681 4491 terrentes,
708 4434 761 4480 et
800 4441 907 4481 suae
936 4428 1171 4482 veritatis
1208 4435 1309 4485 vim
1351 4432 1709 4489 ostendentes.
1734 4435 1803 4491 Ut

244 4514 388 4566 enim
418 4530 533 4581 quae
564 4516 957 4582 praeterierunt,
982 4533 1083 4571 non
1120 4531 1337 4586 possunt
1371 4536 1472 4575 non
1502 4521 1630 4576 facta
1662 4539 1797 4589 esse,

241 4603 322 4654 sic
360 4616 477 4668 qua:
518 4601 691 4655 futura
734 4618 764 4654 a
808 4605 1074 4670 pr0phctis
1114 4608 1456 4674 praenuntiata
1499 4619 1639 4673 sunt,
1688 4612 1800 4665 ﬁeri

243 4691 429 4757 nequit
459 4700 513 4741 ut
546 4705 648 4741 non
675 4690 994 4761 contingant,
1029 4693 1125 4747 nisi
1154 4696 1512 4761 paenitentiam
1540 4710 1695 4768 agant
1722 4701 1799 4755 illi

244 4781 333 4848 qui
360 4779 615 4848 supplicio
636 4788 757 4832 sunt
790 4780 1071 4848 plectendi.
1104 4783 1332 4839 Civitates
1358 4798 1530 4840 vestra:
1552 4805 1803 4843 succensis

247 4870 373 4938 igni.
402 4868 510 4920 Non
542 4869 680 4921 enim
706 4869 819 4923 illas
849 4872 1063 4925 omnino
1092 4872 1315 4941 delevit,
1351 4876 1445 4931 sed
1484 4880 1720 4945 permisit
1749 4889 1804 4934 ut

249 4957 476 5011 incendii
525 4956 782 5010 barbarici
826 4959 1065 5029 reliquias
1106 4973 1461 5031 superessent,
1502 4983 1617 5036 quae
1643 4972 1806 5038 magis

248 5046 312 5098 ad
346 5046 655 5099 intuentium
677 5056 942 5114 aspectum
963 5052 1255 5120 pertingere
1281 5064 1511 5122 possent.
1535 5057 1805 5125 Regionem

250 5147 462 5188 vestram
487 5154 653 5188 coram
677 5137 809 5190 vobis
832 5137 980 5190 alieni
1001 5140 1257 5208 devorant,
1284 5153 1329 5197 et
1345 5144 1569 5199 desolata
1594 5158 1665 5200 est
1689 5150 1807 5201 sub-

313 5288 419 5364 llu
441 5296 617 5364 (traice,
644 5306 870 5364 Kpoatplasu;
905 5306 969 5364 μὴν
1005 5302 1171 5357 διαφοράν
1205 5304 1317 5364 δηλοῖ.
1356 5300 1627 5364 tegendum
1652 5302 1807 5363 suspi-

249 5361 427 5424 camur.
448 5359 640 5424 δμφεορρν
662 5367 685 5420 :_
696 5361 814 5424 tunc
839 5359 964 5424 enim
984 5368 1157 5424 sensus
1175 5360 1355 5424 optime
1372 5359 1646 5421 quadraret,
1664 5359 1809 5424 siqui-

251 5409 361 5475 dum
388 5409 533 5475 essu,
558 5409 798 5472 ait/Milium
824 5413 1063 5475 iolnntnlis
1086 5409 1448 5475 corruptionem.

316 5473 342 5540 i.
367 5474 541 5541 molstus
567 5474 611 5519 in
641 5474 965 5541 notissavilii,
997 5490 1040 5533 ιι.
1071 5477 1172 5541 l3‘l,
1199 5473 1458 5539 legendum
1492 5490 1657 5541 putat:
1695 5492 1808 5532 Ilarc

259 5530 565 5601 "titmtfacta
589 5535 855 5591 mm'mliut,
879 5543 923 5581 at
942 5530 1035 5601 non
1062 5543 1107 5601 ut
1131 5530 1291 5595 futura
1312 5530 1548 5601 prwdt'c'il.
1576 5544 1665 5593 Sed
1695 5530 1808 5595 ﬁcii-

253 5597 391 5644 stimo
418 5592 592 5653 loirtuu,
635 5602 689 5641 ut
722 5604 812 5653 est,
857 5597 1032 5656 optime
1072 5592 1270 5647 habere.

1879 418 2017 457 versa
2044 422 2074 455 ss
2099 406 2298 474 populis
2332 406 2527 459 alienis.
2554 406 2877 461 Calamitatis
2907 407 3143 461 accessio
3167 415 3277 470 cst,
3314 422 3434 461 cum

1881 492 2103 560 propria:
2146 494 2371 548 miseria:
2412 504 2734 562 spectatores
2776 506 2917 561 sunt,
2964 510 3063 551 nec
3100 497 3214 550 solo
3256 496 3436 549 auditu

1878 582 2019 636 illam
2045 582 2274 637 discunt.
2312 585 2361 639 8.
2392 584 2770 653 Derelinquetur
2795 586 2903 653 ﬁlia
2929 586 3085 646 Sion.
3107 586 3251 649 quasi
3280 594 3438 637 tento-

1878 676 2007 728 rium
2028 677 2080 728 in
2106 678 2268 742 uinea,
2291 686 2336 729 et
2362 677 2486 730 sicut
2512 678 2763 747 tugurium
2789 678 2840 729 in
2860 676 3223 731 cucumerario.

1950 766 2000 817 t.
2040 764 2275 833 Magnum
2296 765 2560 833 quidpiam
2589 766 2641 818 in
2661 780 2717 819 se
2742 767 3013 820 continent
3034 766 3136 819 illm
3158 765 3433 834 imagines,

1879 856 2206 925 maximeque
2235 858 2285 909 in
2317 857 2583 928 Scriptura
2603 897 2617 922 ,
2650 857 2714 911 ad
2740 857 3199 925 ampliﬁcationem
3231 870 3437 909 sermo-

1882 946 1979 998 nis.
2006 945 2295 1000 Jerusalem
2319 956 2495 1001 autem
2515 956 2665 1001 vocat
2686 946 2841 1000 ﬁliam
2869 946 3014 1009 Sion,
3036 946 3174 1015 quod
3197 946 3246 999 ei
3270 945 3435 999 monti

1879 1036 2112 1104 subjecta
2141 1037 2228 1089 sit.
2258 1036 2403 1091 Sicut
2425 1039 2686 1091 tentorium
2709 1038 2762 1089 in
2786 1039 2944 1099 uinea,
2968 1046 3013 1090 et
3032 1038 3158 1089 sicut
3184 1037 3437 1105 tugurium

1878 1124 1930 1177 in
1955 1126 2308 1179 cucumerario.
2341 1125 2558 1180 Sublato
2586 1141 2808 1195 namque
2835 1126 3026 1190 fructu,
3054 1125 3439 1192 summotisque

1879 1215 2114 1280 colonis,
2160 1216 2422 1284 superﬁua
2469 1216 2717 1286 deinceps
2765 1216 2920 1270 fuerit
2963 1224 3223 1268 structura
3271 1213 3437 1267 orbis.

1880 1304 2025 1360 Sicut
2062 1306 2175 1359 urbs
2212 1321 2323 1372 qua:
2360 1306 2626 1360 obsidetur.
2671 1305 2779 1358 Hoc
2804 1305 3131 1373 tenigmatice
3160 1303 3349 1356 dicitur
3371 1301 3438 1356 ad

1881 1394 2236 1450 inﬁrmitatem
2258 1403 2311 1449 et
2334 1394 2729 1450 derelictionem
2754 1394 2867 1462 ejus
2892 1392 3279 1447 declarandam.
3306 1391 3437 1446 Cum

1880 1483 2018 1536 enim
2049 1483 2219 1538 nullus
2247 1493 2326 1537 est
2356 1484 2443 1552 qui
2469 1483 2770 1549 auxilietur,
2802 1492 2924 1537 tunc
2955 1496 3171 1536 necesse
3193 1490 3275 1535 cst
3298 1480 3442 1534 obsi-

1881 1573 1990 1628 deri
2020 1589 2131 1641 eos,
2158 1575 2345 1645 quibus
2379 1590 2479 1629 una
2506 1584 2747 1642 superest
2772 1590 3038 1628 murorum
3079 1573 3261 1626 tutela.
3291 1575 3346 1626 9.
3374 1571 3439 1625 Et

1882 1667 1976 1717 nisi
2006 1664 2246 1718 Dominus
2273 1665 2525 1719 Sabbaotlt
2550 1665 2883 1733 dereliquisset
2906 1664 3044 1717 nobis
3071 1677 3235 1716 semen
3255 1702 3269 1721 .
3295 1662 3440 1723 quasi

1884 1754 2104 1808 Sodoma
2131 1755 2411 1823 fuissemus,
2444 1764 2488 1807 et
2517 1754 2657 1823 quasi
2688 1752 2965 1808 Gomorrlta
2991 1752 3176 1806 similes
3204 1767 3436 1804 essemus.

1882 1843 1990 1895 Mos
2018 1852 2097 1897 est
2139 1857 2347 1911 semper
2386 1842 2653 1911 prophetis
2693 1857 2794 1895 non
2836 1842 2917 1894 illa
2958 1843 3125 1895 solum
3158 1839 3439 1907 prardieere

1884 1932 2037 1992 mala,
2068 1947 2184 1998 qua:
2212 1932 2415 2000 pznsuri
2442 1942 2559 1984 sunt
2592 1933 3037 1999 praevaricatores,
3070 1931 3161 1983 sed
3192 1930 3348 1982 etiam
3373 1944 3438 1985 ea

1882 2035 1997 2087 qum
2031 2020 2171 2089 digni
2206 2030 2327 2074 sunt
2367 2025 2599 2090 perpeti,
2634 2028 2689 2073 ut
2718 2022 2765 2072 in
2799 2022 2911 2085 ipso
2937 2020 3173 2088 supplicii
3204 2029 3440 2085 tempore

1886 2112 2073 2166 nmltas
2114 2111 2338 2165 habeant
2386 2113 2492 2166 Deo
2532 2111 2724 2179 gratias
2748 2151 2763 2175 ,
2807 2110 2944 2178 quod
2983 2126 3085 2162 non
3130 2124 3223 2177 pro
3254 2110 3440 2162 merito

1884 2201 2162 2268 scelerum,
2189 2200 2279 2255 sed
2305 2200 2466 2255 multo
2493 2201 2713 2255 leviores
2744 2202 2886 2251 luant
2913 2212 3111 2267 pt'enas.
3145 2197 3254 2252 Hoc
3279 2198 3441 2251 etiam

1885 2290 2011 2346 dicit
2049 2291 2148 2344 hoc
2184 2292 2300 2344 loco
2322 2328 2337 2352 ,
2369 2298 2579 2358 peccata
2610 2303 2795 2355 nempe
2831 2303 3011 2340 eorum
3043 2303 3145 2339 non
3177 2302 3237 2339 ea
3266 2286 3439 2339 solum

1885 2397 2000 2449 qua:
2027 2380 2163 2433 dicta
2193 2388 2313 2433 sunt
2332 2420 2347 2443 ,
2375 2379 2466 2433 sed
2492 2380 2649 2432 etiam
2680 2377 3088 2431 internecionem
3118 2375 3399 2443 expetiisse
3423 2414 3439 2438 ,

1886 2471 2244 2537 universeque
2269 2469 2437 2537 gentis
2462 2468 2676 2522 exitium
2707 2484 2719 2519 :
2744 2482 2859 2534 quin
2888 2466 3043 2518 etiam
3072 2466 3121 2517 in
3153 2463 3442 2518 Sodomitis

1886 2558 2232 2626 contigerunt.
2267 2557 2356 2610 Dei
2380 2567 2554 2610 autem
2584 2554 2871 2623 benignitas
2895 2554 3007 2607 hinc
3032 2553 3143 2607 ﬁeri
3173 2568 3275 2606 non
3297 2551 3440 2617 sivit,

1889 2646 1979 2701 sed
2005 2660 2209 2715 pmnam
2241 2652 2456 2716 peccato
2485 2645 2637 2713 longe
2668 2644 2915 2698 leviorem
2945 2644 3151 2696 inﬂixit.
3193 2642 3322 2707 Quia
3354 2655 3445 2695 ve-

1890 2751 1948 2790 ro
1970 2735 2126 2789 multa
2148 2744 2231 2790 est
2248 2734 2472 2789 afﬁnitas
2496 2735 2653 2788 Vetus
2675 2735 2809 2789 inter
2833 2744 2886 2789 et
2913 2734 3112 2788 Novum
3135 2733 3446 2787 Testamen-

1893 2832 2020 2888 tum,
2045 2825 2165 2892 jure.
2188 2824 2276 2878 illo
2300 2823 2493 2879 Paulus
2512 2834 2592 2878 est
2613 2840 2738 2877 usus
2763 2842 2776 2876 :
2798 2831 2852 2878 et
2868 2823 3265 2879 convenientius
3285 2838 3442 2891 quam

1891 2913 2141 2980 propheta
2182 2912 2329 2965 dixit.
2375 2913 2822 2979 Quemadmodum
2861 2913 3000 2966 enim
3036 2912 3127 2965 illo
3167 2921 3444 2981 tempore,

1893 3002 1991 3054 nisi
2029 3015 2213 3069 magna
2253 3001 2434 3054 fulget
2469 3002 2558 3055 Dei
2597 3002 2952 3055 misericordia
2978 3041 2993 3065 ,
3034 3015 3219 3054 omnes
3245 3002 3446 3071 abrepti

1893 3090 2111 3145 inissent
2138 3090 2307 3161 (Rom.
2340 3090 2390 3145 9.
2418 3090 2507 3159 29)
2537 3108 2550 3144 :
2579 3091 2654 3144 sic
2679 3092 2728 3144 in
2762 3099 2997 3159 tempore
3022 3090 3218 3144 Christi
3247 3091 3445 3145 adven-

1895 3192 1999 3248 tus,
2031 3182 2126 3236 nisi
2157 3182 2317 3251 gratia
2344 3183 2687 3250 apparuisset,
2718 3182 2953 3250 graviora
2982 3181 3068 3236 his
3096 3197 3282 3236 omnes
3309 3182 3449 3250 passi

1895 3281 2090 3327 essent.
2138 3272 2417 3341 Dcreliqnit
2453 3282 2623 3324 autem
2673 3270 2822 3324 nobis
2850 3286 3028 3325 semen
3061 3287 3077 3328 ξ
3116 3270 3182 3324 de
3211 3270 3273 3323 iis
3301 3272 3389 3339 qui
3420 3286 3451 3324 a

1896 3362 2193 3431 captivitate
2236 3362 2427 3416 servati
2463 3372 2586 3414 sunt
2624 3361 2868 3429 loquitur.
2914 3360 2999 3415 10.
3041 3361 3221 3414 Audite
3252 3362 3451 3413 uerbum

1896 3451 2117 3515 Domini,
2148 3451 2391 3520 principes
2420 3451 2771 3515 Sodomorum,
2799 3451 3033 3505 attendite
3055 3453 3211 3522 legem
3241 3450 3334 3504 Dei
3364 3468 3455 3505 no-

1897 3542 2007 3605 stri,
2032 3540 2244 3609 populus
2267 3539 2574 3593 Gomorrhaz.
2603 3538 2822 3605 Quando
2842 3539 2971 3593 dixit
2994 3540 3110 3593 illos
3131 3555 3249 3594 esse
3269 3541 3456 3608 dignos

1898 3630 1985 3699 qui
2016 3628 2197 3683 eadem
2238 3637 2537 3697 paterentur
2556 3668 2570 3692 ,
2602 3643 2718 3697 qua:
2749 3627 3033 3681 Sodomita:
3057 3668 3069 3691 ,
3103 3628 3334 3681 ostendit
3362 3642 3455 3681 eos

1900 3718 2080 3772 eadem
2119 3731 2276 3772 ausos
2304 3732 2419 3771 esse
2444 3733 2561 3786 quae
2587 3717 2901 3771 Sodomitas.
2952 3716 3072 3770 Ideo
3101 3718 3217 3770 illos
3246 3731 3274 3769 a
3303 3731 3451 3770 com~

1901 3807 2044 3859 muni
2075 3807 2421 3874 appellatione
2446 3807 2698 3859 nominat.
2732 3805 2838 3860 Nisi
2860 3806 2997 3859 enim
3030 3805 3129 3859 hoc
3154 3815 3312 3869 esset,
3346 3823 3451 3863 non

1900 3904 2189 3963 opportuna
2222 3893 2405 3947 fuisset
2432 3893 2695 3963 loquutus.
2737 3894 2885 3959 Quod
2921 3894 3058 3947 enim
3084 3908 3221 3948 nunc
3264 3910 3367 3948 non
3400 3895 3452 3949 in

1901 3982 2194 4036 Sodomitas
2210 3981 2505 4047 invehatur,
2525 3981 2617 4036 sed
2638 3982 2687 4035 in
2709 3982 2735 4036 J
2744 3982 2936 4047 udzeos,
2961 3982 3076 4039 illos
3091 3984 3166 4036 sic
3181 3983 3454 4052 appellans

1902 4072 1970 4125 ob
2000 4072 2224 4125 nominis
2252 4071 2667 4125 convenientiam
2692 4111 2707 4137 ,
2738 4086 2851 4140 qua:
2881 4080 3167 4141 sequuntur
3202 4072 3453 4126 indicant.

1902 4162 2031 4216 Nam
2059 4161 2311 4217 sacriﬁcia
2337 4169 2740 4227 commemorat,
2769 4162 3059 4215 oblationes
3084 4160 3350 4228 aliumque
3376 4160 3456 4213 le-

1903 4252 2069 4323 galem
2098 4253 2293 4305 cultum
2318 4292 2333 4315 ,
2363 4251 2510 4319 cujus
2540 4266 2605 4305 ne
2635 4252 2910 4317 vestigium
2938 4248 3149 4318 quidem
3179 4258 3291 4301 erat
3318 4249 3455 4316 apud

1904 4341 2218 4396 Sodomitas.
2250 4338 2429 4409 Legem
2458 4338 2553 4392 Dei
2585 4339 2738 4391 nostri
2765 4338 2815 4391 in
2842 4349 3206 4405 argumentum
3236 4338 3455 4409 profert.

1975 4431 2239 4499 Sacriﬁcia
2254 4429 2423 4482 ueteris
2442 4429 2736 4483 Testamenti
2754 4429 2859 4483 Deo
2876 4447 2963 4499 per
2981 4448 3034 4484 se
3052 4448 3150 4484 non
3168 4431 3460 4500 placebant,-

1905 4540 1991 4575 cur
2018 4522 2157 4591 [uere
2175 4521 2413 4574 instituta.
2442 4519 2725 4590 Repudium
2754 4522 2804 4573 in
2833 4522 2983 4575 veleri
3006 4523 3111 4592 lege
3135 4539 3223 4575 cur
3250 4523 3460 4591 permis-

1903 4626 2034 4664 sum.
2074 4640 2141 4649 —
2168 4610 2252 4663 H.
2286 4609 2419 4676 Quid
2446 4611 2567 4664 mihi
2596 4611 2859 4663 multitudo
2887 4611 3244 4679 sacriﬁciorum
3278 4620 3461 4663 uestro-

1906 4700 2053 4751 rum?
2080 4698 2198 4752 dicit
2217 4698 2478 4755 Dominus.
2501 4699 2689 4753 Plenus
2708 4716 2815 4753 sum
2834 4701 3133 4753 holocaustis
3156 4701 3387 4761 arietum,
3412 4710 3459 4753 et

1907 4789 2105 4857 adipem
2141 4805 2411 4859 agnorum,
2436 4790 2818 4859 sanguineusque
2852 4798 3106 4841 taurorum
3134 4798 3178 4842 et
3208 4788 3460 4842 hircorum

1910 4881 2043 4933 nolo.
2093 4880 2329 4935 Psalmus
2357 4880 2784 4950 quadragesimus
2813 4893 2983 4933 nonus
3012 4889 3154 4933 totus
3190 4880 3315 4933 huic
3350 4881 3465 4935 loco

1910 4972 2095 5026 similis
2119 4979 2219 5035 est,
2242 4971 2357 5025 aliis
2379 4971 2586 5040 quidem
2614 4970 2806 5035 verbis,
2837 4970 3019 5026 eadem
3042 4987 3169 5025 vero
3190 4983 3469 5028 contextus

1912 5060 2184 5114 sententia.
2239 5060 2343 5113 lllis
2387 5060 2525 5114 enim
2551 5098 2565 5123 ,
2604 5058 2872 5112 Advocabit
2911 5061 3088 5114 ctelum
3119 5062 3381 5116 desursum
3425 5073 3471 5115 et

1913 5160 2091 5202 terram
2116 5150 2388 5203 discernere
2413 5148 2654 5216 populum
2680 5164 2825 5201 suum
2853 5148 2873 5220 (
2896 5148 3037 5203 Psal.
3066 5151 3155 5205 49.
3179 5151 3212 5205 4
3234 5151 3271 5219 ),
3300 5151 3471 5205 simile

1913 5248 1992 5292 est
2014 5237 2113 5291 hoc
2134 5238 2325 5290 dictum
2351 5254 2361 5290 :
2384 5238 2534 5297 Audi,
2559 5238 2752 5301 ccelum,
2780 5249 2828 5290 et
2851 5240 3053 5292 auribus
3079 5241 3293 5310 percipe,
3317 5248 3467 5305 terra,

1913 5329 2029 5397 quia
2056 5327 2297 5381 Dominus
2323 5327 2551 5391 loquutus
2575 5338 2682 5392 est;
2710 5337 2761 5383 et
2787 5339 2974 5384 cmlera
3002 5346 3119 5383 cum
3146 5330 3224 5381 his
3249 5344 3473 5384 consen-

1916 5418 2067 5470 tiunt.
2102 5417 2551 5483 Quemadmodum
2584 5418 2722 5472 enim
2756 5419 2915 5473 David
2945 5419 3069 5473 dicit
3097 5435 3113 5471 :
3142 5417 3260 5470 Non
3298 5418 3348 5469 in
3389 5437 3473 5471 sa-

1914 5507 2113 5575 criﬁciis
2145 5509 2239 5560 tuis
2266 5525 2472 5576 arguam
2502 5520 2564 5571 te,
2597 5509 2881 5563 holocausta
2902 5518 3064 5561 autem
3086 5517 3171 5559 tua
3193 5509 3245 5560 in
3268 5525 3474 5577 conspe-

1918 5608 2000 5652 ctu
2030 5614 2135 5652 meo
2161 5606 2274 5652 sunt
2301 5614 2493 5669 semper
2526 5600 2544 5665 (
2568 5597 2701 5652 Ibid.
2747 5615 2795 5653 υ.
2840 5598 2911 5669 8)
2939 5614 2951 5650 :
2978 5597 3055 5652 sic
3083 5604 3137 5652 et
3169 5595 3329 5658 [saias
3351 5599 3424 5656 ait
3453 5614 3472 5654 ε
