4156 6312
722 294 794 350 19
1542 295 1596 349 s.
1628 293 1899 349 JOANNIS
1923 289 2383 346 CllltYSOSTOMI
2410 291 2722 348 ancmsp.
2762 297 3284 358 consumma
3870 314 3943 365 20

713 415 849 481 Quid
873 414 992 464 mihi
1021 409 1286 464 multitudo
1311 410 1667 475 sacriﬁciorum
1695 406 2005 459 vestrorum?
2029 406 2148 455 dicit
2177 402 2272 454 Do-

711 510 893 558 minus.
925 507 998 558 Ac
1025 517 1208 557 rursus
1240 501 1399 556 David
1428 501 1550 554 dicit
1579 518 1590 551 :
1627 497 1740 550 Non
1771 499 2012 563 accipiam
2043 497 2103 546 de
2130 495 2276 546 domo

711 607 798 648 tua
827 596 1007 646 vitulos
1029 634 1042 656 ,
1068 609 1220 659 neque
1249 593 1310 645 de
1337 595 1571 660 gregibus
1591 590 1687 640 tuis
1723 590 1886 639 hircos
1917 585 2078 650 (Ibid.
2103 600 2148 636 v.
2179 585 2234 647 9)
2259 600 2272 646 ;

709 684 869 737 Isaias
897 699 1024 736 vero
1048 698 1062 736 :
1091 681 1395 735 Holocausta
1415 679 1633 732 arietum
1660 720 1673 742 ,
1705 687 1749 729 et
1776 678 1972 742 adipem
2000 690 2272 743 agnorum,

706 784 753 827 et
794 775 1086 842 sanguinem
1127 781 1383 824 taurorum
1421 781 1466 823 et
1505 771 1756 821 hircorum
1800 768 1934 819 nolo.
1985 765 2113 817 Nam
2153 766 2272 833 quia

704 865 939 918 accusati
990 863 1321 932 frequenter,
1365 861 1505 928 quod
1549 863 1754 913 caeteris
1801 858 2079 912 virtutibus
2125 857 2272 910 vacui

701 963 907 1019 essent,
935 971 1027 1021 pro
1045 955 1270 1007 maxima
1296 953 1601 1008 defensione
1622 950 1877 1006 sacriﬁcia
1898 949 2269 1013 obtendebant,

701 1055 759 1098 ut
787 1059 904 1114 qnte
931 1045 1231 1114 frequenter
1261 1045 1651 1114 persolvebant,
1683 1044 1871 1096 merito
1901 1053 2120 1112 uterque
2145 1057 2271 1111 pro-

698 1133 861 1201 pheta
886 1175 902 1201 ,
948 1136 1054 1189 imo
1099 1137 1268 1202 potius
1309 1136 1486 1189 caeteri
1517 1149 1702 1188 omnes
1729 1133 1797 1186 ab
1827 1133 1926 1188 hac
1965 1132 2272 1188 defensione

702 1228 824 1282 illos
853 1228 1155 1283 exturbant.
1201 1228 1348 1284 Unde
1374 1229 1585 1298 planum
1616 1237 1699 1282 est
1727 1241 1787 1281 ea
1815 1241 1918 1280 non
1950 1242 2068 1281 esse
2095 1241 2187 1294 per
2214 1239 2272 1279 se

700 1319 971 1387 praecipue
995 1320 1299 1382 constituta,
1323 1319 1414 1372 sed
1446 1327 1500 1372 ut
1525 1318 1590 1372 ad
1612 1326 1812 1372 rectum
1835 1317 1955 1370 vita:
1979 1316 2269 1369 institutum

698 1419 1034 1479 caeterasth
1069 1410 1288 1464 virtutes
1315 1410 1436 1464 illos
1462 1409 1800 1464 deducerent.
1841 1408 1970 1475 Quia
2000 1423 2124 1462 vero
2153 1408 2227 1461 illi
2252 1449 2267 1474 ,

699 1502 914 1555 caneris
937 1518 1055 1570 qua:
1087 1503 1382 1555 necessaria
1411 1511 1562 1556 erant
1590 1501 1861 1569 neglectis.
1891 1501 1972 1554 bis
2000 1498 2272 1554 incumbe.

701 1588 849 1655 bant,
887 1608 947 1648 se
987 1593 1074 1646 illa
1115 1591 1327 1646 demum
1365 1608 1467 1646 non
1511 1593 1788 1645 admittere
1829 1592 1955 1646 dicit
1987 1591 2143 1646 Deus.
2181 1591 2267 1645 12.

705 1680 885 1752 Neque
905 1683 1132 1736 veneritis
1160 1692 1215 1734 ut
1240 1684 1529 1751 appareatis
1556 1683 1698 1734 mihi.
1728 1681 1781 1736 Si
1809 1682 2159 1748 accesseritis,
2190 1681 2270 1736 in-

700 1772 835 1841 quit,
868 1772 932 1825 ad
967 1773 1237 1841 templum.
1270 1772 1394 1836 Quis
1422 1774 1550 1825 enim
1578 1773 1799 1840 qua'sivit
1828 1773 1933 1824 [nec
1958 1773 2019 1824 de
2043 1772 2269 1826 manibus

703 1862 914 1915 vestris?
941 1862 1098 1916 Certe
1125 1871 1264 1915 totus
1287 1863 1375 1915 ille
1403 1863 1539 1916 liber
1563 1863 1649 1931 qui
1678 1861 1939 1915 Leviticus
1965 1863 2175 1928 dicitur,
2202 1862 2269 1916 de

701 1950 1085 2005 sacriﬁciorum
1123 1951 1455 2006 accuratione
1485 1953 1627 2021 leges
1654 1951 1884 2005 exhibet.
1913 1951 1968 2004 In
2010 1953 2267 2006 Deutero-

703 2041 881 2092 nomio
917 2055 1125 2108 quoque
1158 2051 1212 2095 et
1242 2040 1291 2093 in
1318 2041 1434 2093 aliis
1470 2041 1705 2108 plurimis
1734 2040 1859 2093 locis
1886 2041 2063 2094 multae
2091 2041 2157 2096 de
2181 2057 2269 2094 sa-

699 2127 915 2181 criﬁciis
947 2143 1143 2196 sparsa:
1171 2138 1294 2182 sunt
1333 2130 1493 2198 leges.
1542 2131 1715 2195 Quare
1744 2129 1899 2198 igitur
1922 2129 2048 2184 dicit
2088 2149 2101 2183 :
2146 2130 2270 2195 Quis

700 2216 952 2284 requisivit
981 2219 1086 2270 nazc
1109 2219 1171 2270 de
1197 2219 1420 2272 manibus
1449 2219 1658 2272 vestris?
1695 2219 1762 2273 Ut
1789 2219 1959 2272 discas
1987 2219 2128 2272 illam
2163 2234 2266 2272 non

703 2305 863 2360 fuisse
883 2308 1198 2375 pra-cipuam
1223 2308 1312 2361 Dei
1330 2309 1670 2373 voluntatem,
1693 2316 1751 2361 ut
1771 2308 1893 2360 talia
1915 2310 2262 2372 sancirentur,

701 2397 795 2452 sed
823 2397 890 2452 ab
925 2413 1107 2452 eorum
1148 2398 1449 2453 inlirmitate
1486 2399 1691 2452 initium
1720 2399 1834 2452 illas
1863 2399 2004 2469 leges
2033 2399 2264 2454 duxisse.

702 2489 1154 2554 Quemadmodum
1194 2490 1337 2544 enim
1380 2489 1592 2544 nolebat
1630 2490 1900 2544 mulierem
1948 2490 2112 2544 semel
2158 2490 2269 2544 viro

701 2578 1035 2646 canjunctam
1053 2579 1340 2646 repudiari;
1358 2581 1598 2647 graviora
1621 2588 1794 2632 tamen
1817 2579 1950 2632 mala
1969 2579 2264 2644 suecidens,

702 2673 771 2720 ne
799 2667 1075 2735 repudiare
1099 2667 1276 2729 vetiti,
1307 2668 1419 2722 illas
1445 2667 1637 2720 invisas
1669 2681 1858 2720 uxores
1887 2667 2024 2720 intus
2056 2666 2266 2736 jugula-

704 2764 858 2818 rent,
905 2756 1078 2809 minus
1116 2755 1311 2809 malum
1341 2756 1577 2826 permisit
1609 2774 1621 2808 :
1650 2756 1724 2810 sic
1748 2767 1800 2810 et
1826 2755 1963 2809 circa
1994 2771 2103 2810 rem
2133 2756 2268 2809 hanc

705 2840 864 2908 fecit,
911 2856 967 2900 ut
1001 2847 1330 2902 dannonibus
1374 2847 1648 2903 immolare
1683 2846 2002 2916 prohiberet,
2042 2846 2092 2900 id
2131 2845 2268 2916 quod

704 2937 919 2990 minime
941 2938 1146 2991 volebat
1164 2938 1393 3004 admisit,
1418 2947 1474 2992 ut
1492 2939 1631 3008 quod
1654 2939 1860 2994 volebat
1880 2949 2265 3008 assequerctur.

707 3028 818 3083 lloc
843 3029 1012 3098 ipsum
1043 3045 1222 3085 rursus
1250 3031 1410 3084 Amos
1437 3030 1691 3100 propheta
1717 3031 1990 3085 declarans
2020 3031 2225 3085 dicebat
2254 3049 2266 3086 :

706 3117 847 3171 Num
880 3120 1100 3174 victimas
1119 3130 1165 3173 et
1201 3121 1387 3174 hostias
1415 3122 1658 3174 obtulistis
1682 3121 1804 3174 mihi
1827 3121 2156 3190 quadraginta
2182 3138 2272 3174 an-

705 3209 820 3262 uis?
858 3209 978 3261 dicit
1006 3209 1250 3262 Dominus
1285 3211 1479 3277 (Amos
1513 3212 1564 3264 5.
1616 3211 1684 3264 25
1709 3211 1749 3279 ).
1783 3210 2039 3264 Jeremias
2063 3225 2270 3277 quoque

704 3297 778 3350 ait
811 3315 824 3351 :
858 3297 978 3351 Non
1003 3307 1116 3351 sunt
1145 3299 1250 3351 haec
1274 3315 1382 3365 qua:
1408 3299 1640 3352 mandavi
1667 3299 1888 3368 patribus
1925 3299 2098 3352 vestris
2124 3297 2267 3368 (Jer.

704 3386 756 3439 7.
787 3386 900 3454 εξ).

776 3476 829 3530 5.
869 3475 1123 3542 Quoniam
1163 3476 1303 3529 enim
1341 3477 1608 3530 dmmones
1649 3476 1750 3531 hoc
1785 3477 1907 3530 culti
1940 3487 2062 3530 sunt
2092 3477 2266 3539 modo,

708 3565 844 3632 ipse,
887 3580 954 3618 ne
978 3567 1238 3635 quzepiam
1272 3566 1393 3618 hinc
1433 3568 1807 3620 inﬁrmioribus
1838 3567 2085 3635 perniciei
2115 3582 2270 3620 ocea-

705 3655 786 3709 sio
810 3657 1058 3720 oriretur,
1093 3657 1203 3709 hanc
1226 3657 1524 3725 frequenter
1547 3673 1640 3726 per
1663 3656 1945 3726 prophetas
1970 3672 2154 3709 omnes
2181 3659 2274 3711 de-

707 3748 932 3799 nuntiat.
967 3746 1090 3801 Ilaec
1116 3762 1235 3800 cum
1278 3762 1379 3800 non
1407 3748 1678 3811 darentur,
1726 3748 1798 3799 illi
1847 3745 2268 3813 indignabantur,

702 3849 769 3888 ac
804 3835 1107 3904 frequenter
1145 3835 1428 3903 instabant,
1473 3835 1707 3890 nidorem
1752 3844 1804 3889 et
1828 3834 2027 3888 iunium
2055 3835 2274 3903 exigen-

707 3934 807 3990 tes,
837 3925 1176 3995 dicentesque
1201 3943 1215 3980 :

1012 4049 1061 4086 τδ
1082 4048 1148 4098 τδρ
1168 4048 1321 4099 λάχομν
1343 4051 1442 4099 τινες
1465 4050 1564 4096 ἠμῖς
1589 4036 1679 4098 (α)·

1621 4098 1854 4161 (nomen)

708 4197 827 4268 Ipse
851 4212 979 4254 vero
1009 4199 1060 4253 id
1105 4217 1274 4270 neque
1303 4201 1370 4254 ab
1409 4201 1560 4254 initio
1589 4203 1756 4270 petiit,
1789 4212 1842 4256 et
1867 4202 2076 4272 quando
2095 4202 2274 4270 jussit,

708 4289 938 4346 ostendit
959 4306 1016 4345 se
1046 4307 1148 4346 non
1181 4292 1429 4346 libentem
1453 4291 1566 4346 haec
1597 4294 1938 4361 permittere;
1976 4309 2144 4363 neque
2173 4295 2273 4349 hoc

711 4389 916 4436 tantum
942 4381 1063 4435 hinc
1084 4391 1246 4450 patet,
1277 4382 1369 4436 sed
1400 4384 1556 4436 etiam
1584 4383 1703 4452 quia
1730 4383 1835 4436 cito
1864 4385 2042 4450 solvit,
2072 4395 2126 4439 et
2154 4387 2271 4454 quia

705 4485 827 4523 cum
855 4469 941 4522 illa
971 4473 1333 4536 persolverent
1362 4488 1464 4527 non
1506 4473 1756 4528 admisit:
1785 4485 1940 4544 atque
1976 4489 2080 4528 uno
2115 4475 2276 4530 verbo

709 4575 808 4628 per
843 4559 1019 4612 omnia
1063 4559 1397 4628 signiﬁcavit,
1430 4562 1729 4630 hujusmodi
1776 4564 1975 4618 cultum
2023 4574 2078 4618 et
2116 4565 2274 4618 ritum

711 4649 988 4719 majestate
1013 4665 1106 4703 sua
1137 4651 1290 4719 longe
1329 4651 1598 4718 indignum
1629 4668 1766 4706 esse.
1809 4653 1919 4708 Hoc
1945 4655 2121 4722 itaque
2160 4655 2273 4708 ait:

711 4741 934 4811 Propter
961 4755 1056 4796 vos
1088 4741 1202 4795 htee
1223 4741 1460 4806 toleravi,
1495 4755 1667 4808 neque
1695 4742 1775 4794 his
1799 4757 1931 4809 Opus
1954 4744 2131 4797 habui.
2161 4745 2277 4798 Cal-

708 4850 826 4888 care
863 4835 1048 4887 atrium
1086 4849 1250 4886 meum
1295 4848 1394 4885 non
1450 4833 1729 4901 apponetis.
1778 4833 1878 4885 Aut
1923 4837 2276 4901 captivitatem

713 4928 968 4992 prxdicit,
1011 4937 1102 4981 aut
1137 4927 1295 4980 etiam
1327 4925 1426 4979 hoc
1466 4934 1625 4987 vetat,
1667 4925 1785 4993 quia
1827 4939 1930 4978 non
1971 4939 2088 4978 cum
2134 4936 2279 4980 recto

710 5017 892 5069 animo
931 5017 1384 5087 ingrediebantur.
1428 5017 1513 5070 15.
1548 5016 1606 5070 Si
1635 5015 1853 5080 oﬂ'eratis
1882 5016 2004 5068 milii
2040 5017 2275 5083 similam,

710 5119 914 5159 Danum.
945 5107 1308 5162 Mandatorum
1351 5107 1491 5161 enim
1536 5107 1638 5160 alia
1671 5115 1884 5176 pmpter
1922 5122 1980 5160 se
2012 5106 2144 5176 ipsa,
2175 5109 2276 5161 alia

713 5198 870 5251 aliam
913 5197 982 5250 ob
1013 5213 1224 5252 causam
1270 5199 1757 5262 constituebantur;
1804 5206 1859 5251 ut
1890 5198 2052 5251 Deum
2098 5214 2274 5264 nos~e,

717 5305 820 5344 non
865 5288 1129 5353 occidere,
1181 5304 1285 5342 non
1333 5288 1609 5355 mtechari,
1653 5297 1705 5341 et
1748 5303 2090 5357 qumcumque
2134 5288 2276 5354 talia,

773 5401 844 5461 (a)
874 5399 1152 5463 moenium
1182 5399 1402 5463 honorem
1425 5414 1507 5450 nos
1528 5400 1680 5451 sortiti
1699 5414 1875 5450 simius.
1901 5409 1994 5450 Hoc
2017 5403 2083 5450 ait
2102 5405 2282 5463 Jupiter

708 5460 1239 5524 .tunOnemdalloquens,
1267 5461 1396 5508 Iliad.
1432 5480 1470 5516 Α.
1512 5464 1588 5519 49,
1623 5466 1835 5522 itemque
1867 5466 2048 5524 Jupiter
2084 5460 2281 5511 deorum

710 5531 887 5569 emtum
911 5522 1178 5578 alloquens,
1211 5523 1341 5569 Iliad.
1369 5539 1412 5576 ο,
1445 5524 1522 5578 70,
1543 5537 1649 5571 cum
1672 5524 1733 5570 de
1755 5522 2050 5571 restituendo
2070 5527 2283 5572 ttectmis

712 5537 887 5569 unum
911 5537 972 5570 an
1041 5537 1178 5576 nens,
1211 5537 1341 5569 tnau.
1369 5539 1412 5576 ο,
1454 5537 1522 5578 tu,
1543 5537 1649 5571 cum
1672 5537 1733 5570 ue
1755 5537 2050 5571 resutuenao
2071 5537 2282 5572 lleCltJ‘tS

712 5586 948 5631 critavere
976 5537 1239 5644 0:iigeretur.
1267 5590 1362 5645 ttoc
1384 5585 1686 5645 hemistichio
1708 5588 1855 5632 utitur
1877 5586 1987 5632 alibi
2013 5583 2282 5645 ChrysOsto-

710 5655 834 5703 mus,
860 5651 915 5695 ut
932 5643 1074 5706 supra
1092 5680 1106 5706 ,
1137 5647 1184 5693 in
1209 5643 1386 5693 l‘sahuo
1411 5643 1487 5691 49.

2385 414 2600 472 propter
2627 408 2903 462 utilitatem
2951 412 3072 467 inde
3110 417 3503 482 provenicntem
3543 423 3940 489 sauciabantur;

2382 497 2683 550 sacriﬁcare
2725 510 2920 565 autem,
2955 504 3228 557 incensum
3257 507 3470 572 offerre,
3518 511 3793 564 sabbatum
3833 528 3941 567 ser-

2382 601 2525 649 vare,
2559 595 2610 640 et
2655 588 2840 643 similia
2873 607 3099 655 rursum,
3131 611 3236 648 non
3263 607 3319 649 ut
3342 597 3455 652 hinc
3484 600 3668 654 tierent
3695 604 3943 671 simplici-

2381 684 2481 740 ter,
2529 679 2619 728 sed
2660 687 2716 730 ut
2759 696 2823 732 ex
2871 697 3052 734 eorum
3099 687 3350 740 exercitio
3395 703 3424 741 a
3462 687 3759 744 daemonum
3799 693 3941 745 cultu

2379 765 2788 822 abducerentur.
2824 770 2954 834 Quia
2985 772 3140 840 igitur
3169 775 3279 827 haec
3304 777 3514 844 quidem
3546 781 3939 848 persolvebant,

2377 854 2469 908 sed
2508 857 2705 910 nullam
2746 857 2866 912 inde
2911 861 3184 916 utilitatem
3215 865 3593 932 percipiebant,
3630 869 3722 922 sed
3767 869 3944 924 adhuc

2375 945 2702 1000 dazmonibus
2740 948 2933 1004 addicti
2975 964 3144 1018 erant,
3172 954 3291 1022 jure
3327 955 3438 1010 hinc
3466 972 3676 1026 quoque
3721 958 3944 1026 ejiciun-

2377 1048 2463 1092 tur
2491 1055 2505 1092 :
2535 1041 2957 1110 quandoquidem
2981 1046 3170 1098 merito
3197 1047 3314 1115 quis
3338 1048 3580 1101 arborem
3610 1050 3836 1108 excidat.
3863 1049 3944 1102 lo-

2373 1127 2458 1181 liis
2487 1137 2540 1182 et
2575 1132 2735 1185 ramis
2763 1144 3021 1196 ornatam,
3059 1135 3150 1188 sed
3178 1134 3349 1190 fructu
3377 1152 3615 1191 vacuam.
3643 1138 3773 1192 Nam
3798 1140 3944 1193 colo-

2375 1232 2474 1271 nus
2527 1233 2739 1274 omnem
2796 1237 2974 1276 curam
3023 1225 3160 1278 circa
3223 1228 3466 1282 arborem
3514 1228 3765 1292 adhibet,
3832 1245 3940 1283 non

2373 1312 2585 1365 corticis
2619 1321 2710 1366 aut
2750 1315 2919 1368 trunci
2962 1330 3138 1378 causa,
3179 1317 3271 1370 sed
3303 1327 3358 1370 ut
3398 1316 3625 1372 fructum
3665 1319 3939 1387 decerpat.

2374 1399 2640 1454 Incensum
2665 1403 2966 1458 abominatio
2989 1407 3107 1458 mihi
3137 1417 3224 1459 est.
3262 1407 3446 1462 Yiden‘
3469 1424 3590 1462 eum
3618 1424 3721 1462 non
3749 1409 3816 1464 de
3846 1425 3942 1463 na-

2373 1499 2490 1544 tura
2528 1505 2710 1544 eorum
2737 1507 2854 1561 quas
2894 1494 2995 1548 sibi
3024 1494 3383 1550 oﬂerebantur
3407 1498 3643 1565 gavisam
3673 1513 3812 1564 esse,
3843 1499 3938 1554 sed

2371 1579 2703 1635 offerentium
2752 1585 2980 1638 medtem
3035 1585 3428 1653 exploravisse?
3474 1586 3594 1641 Ideo
3642 1587 3841 1642 fumum
3885 1599 3942 1643 et

2372 1671 2610 1726 nidorem
2637 1687 2702 1728 ex
2745 1673 3000 1728 Sacriﬁcio
3029 1674 3139 1728 Noe
3182 1686 3483 1745 surgentem
3513 1677 3727 1732 odorem
3757 1679 3938 1731 suavi-

2371 1765 2494 1819 tatis
2523 1766 2749 1831 voeavit,
2775 1766 3044 1820 incensum
3073 1781 3201 1820 vero
3238 1769 3680 1822 abominationem
3711 1767 3859 1836 (Gen.
3879 1770 3931 1824 8.

2372 1849 2486 1922 2t).
2534 1854 2687 1919 Nam,
2717 1864 2772 1908 ut
2811 1855 3072 1921 dicebam,
3106 1872 3210 1909 non
3251 1866 3488 1910 naturam
3517 1857 3798 1924 donorum,
3839 1860 3935 1913 sed

2369 1944 2613 2000 allectum
2640 1945 2968 2000 oﬁerentium
3008 1947 3246 2014 requirit.
3294 1949 3377 2001 14.
3409 1947 3711 2002 Neomenias
3749 1960 3935 2003 vestras

2377 2045 2421 2088 et
2451 2037 2676 2088 sabbata.
2723 2034 3116 2090 Observandum
3147 2047 3228 2092 est
3265 2052 3383 2093 eum
3415 2039 3546 2092 nihil
3590 2054 3772 2093 eorum
3816 2056 3934 2109 qua:

2371 2127 2666 2178 necessaria
2689 2135 2809 2178 sunt
2831 2125 3140 2192 excludere,
3169 2127 3259 2181 sed
3283 2128 3415 2190 haec,
3447 2143 3563 2196 qua:
3592 2129 3749 2182 etiam
3778 2128 3934 2182 Chri-

2368 2223 2482 2268 stus
2515 2215 2800 2269 adveniens
2842 2215 3129 2285 abrogavit.
3167 2217 3518 2284 Quamobrem
3551 2219 3739 2273 Paulus
3768 2219 3935 2272 vehe-

2369 2306 2628 2358 mentiore
2668 2320 2794 2359 usus
2821 2322 3087 2371 sermone,
3128 2324 3246 2361 cum
3287 2318 3469 2362 contra
3496 2309 3706 2363 Judzeos
3729 2324 3932 2379 pugna-

2370 2404 2473 2460 ret,
2504 2409 2608 2448 non
2640 2395 2754 2449 haec
2774 2395 2963 2460 solum,
2999 2397 3090 2450 sed
3115 2407 3167 2450 et
3193 2398 3293 2450 alia
3325 2397 3406 2451 his
3433 2399 3654 2467 plurima
3683 2397 3932 2464 atierens,

2369 2499 2481 2549 eos,
2521 2486 2609 2555 qui
2649 2485 2778 2538 nihil
2817 2502 2881 2540 ex
2914 2502 2972 2540 se
2999 2487 3250 2557 (virtutis)
3275 2488 3608 2552 exhiberent,
3643 2487 3770 2541 nihil
3800 2488 3925 2542 inde

2371 2573 2504 2628 lucri
2551 2573 2751 2629 referre
2789 2575 2942 2640 dixit,
2975 2577 3054 2630 his
3079 2575 3253 2630 verbis
3283 2595 3296 2630 :
3327 2577 3386 2630 Si
3425 2587 3590 2628 autent
3633 2587 3686 2628 tu
3721 2575 3932 2630 Judwus

2369 2663 2756 2731 cognominat-is,
2795 2673 2843 2715 et
2867 2665 3130 2732 requieseis
3157 2665 3207 2716 in
3245 2666 3373 2734 lege,
3398 2677 3445 2716 et
3473 2666 3704 2734 gloriaris
3725 2667 3775 2717 in
3803 2664 3927 2729 Deo,

2369 2763 2415 2805 et
2443 2753 2572 2805 nosti
2599 2753 2898 2805 voluntatem
2938 2756 3064 2821 ejus,
3098 2765 3143 2806 et
3174 2755 3355 2822 probas
3396 2757 3618 2820 utiliora,
3665 2757 3932 2808 instructus

2372 2860 2458 2909 per
2488 2845 2644 2912 legem
2671 2845 2843 2914 (Rom.
2887 2845 2941 2898 2.
2983 2847 3068 2899 17.
3113 2846 3220 2915 18).
3266 2847 3332 2900 Ει
3361 2862 3579 2901 rursus:
3612 2847 3931 2899 Circumcisio

2369 2934 2566 3002 quidem
2588 2933 2807 3004 prodest,
2841 2936 2884 2988 si
2913 2936 3067 3004 legem
3096 2936 3350 2998 observes;
3379 2937 3423 2989 si
3445 2947 3607 2989 autem
3639 2939 3934 3001 praevarica-

2373 3032 2450 3076 tor
2464 3025 2554 3090 sis,
2572 3025 2880 3078 circumcisio
2900 3035 2983 3077 tua
2997 3027 3294 3095 prarputium
3325 3031 3456 3095 facta
3481 3036 3551 3080 est
3575 3025 3620 3094 (l
3631 3026 3731 3078 bid.
3751 3043 3797 3080 v.
3816 3026 3929 3096 25).

2374 3111 2480 3167 Nec
2506 3114 2770 3182 quidpiam
2802 3113 3001 3168 fructus
3028 3131 3120 3169 eos
3153 3115 3274 3170 inde
3316 3117 3583 3185 percipere
3611 3117 3756 3180 dixit,
3792 3118 3933 3186 quod

2375 3202 2457 3256 lex
2487 3203 2564 3256 eis
2589 3203 2891 3258 concredita
2917 3204 3000 3266 sit,
3032 3206 3150 3273 quia
3182 3221 3286 3259 non
3321 3207 3693 3262 crediderunt:
3718 3207 3766 3260 id
3795 3208 3932 3278 quod

2373 3294 2476 3348 alio
2529 3295 2687 3348 modo
2747 3295 2906 3348 David
2962 3297 3301 3350 subindieans
3365 3297 3569 3351 dicebat
3619 3315 3630 3348 :
3679 3297 3934 3351 Peccatort

2373 3392 2537 3434 autem
2581 3384 2706 3436 dixit
2757 3384 2891 3438 Deus
2929 3401 2946 3436 :
2975 3386 3140 3450 Quare
3193 3395 3244 3438 tu
3287 3404 3490 3439 cnarras
3529 3389 3754 3456 jnstitias
3802 3405 3935 3441 meus

2373 3472 2546 3539 (Psal.
2579 3475 2667 3528 49.
2716 3474 2841 3544 16)?
2875 3477 3005 3540 Quia
3047 3477 3185 3530 enim
3222 3477 3288 3528 de
3330 3477 3504 3529 audita
3546 3478 3767 3531 lectione
3807 3478 3938 3546 legis

2373 3579 2530 3632 supra
2560 3565 2771 3618 modum
2801 3567 2906 3619 alte
2936 3566 3231 3620 sentiebant
3260 3582 3374 3619 cum
3403 3567 3648 3635 operibus
3677 3569 3821 3621 vacui
3851 3583 3909 3621 es

2376 3665 2515 3718 seat,
2546 3670 2610 3707 cx
2645 3654 2743 3707 hac
2779 3655 3029 3723 jactantia
3070 3656 3225 3708 etiam
3257 3656 3448 3709 Paulus
3490 3657 3606 3710 illos
3638 3657 3939 3712 deturbavit

2376 3742 2558 3796 dicens
2589 3761 2600 3795 :
2634 3745 2730 3808 Qui
2756 3761 2872 3814 ergo
2895 3747 3047 3798 alium
3073 3747 3241 3810 doces,
3273 3747 3484 3815 teipsum
3512 3764 3607 3799 non
3640 3749 3826 3801 doces?
3851 3752 3936 3816 qui

2379 3836 2621 3903 pradicas
2664 3852 2762 3888 non
2802 3837 3108 3904 furandum,
3151 3837 3336 3903 furoris
3383 3837 3556 3904 (Rom.
3604 3839 3657 3890 2.
3703 3838 3832 3902 21)?
3876 3840 3941 3891 Et

2379 3923 2539 3978 David
2584 3924 2825 3978 similiter
2871 3925 3092 3978 dicens:
3128 3925 3188 3979 Si
3239 3926 3435 3978 videbas
3483 3931 3664 3996 furem,
3710 3928 3942 3981 currebas

2379 4032 2491 4068 cum
2541 4031 2624 4076 eo,
2671 4026 2714 4067 et
2767 4031 2879 4067 cum
2923 4015 3162 4068 adulteris
3209 4017 3482 4083 portionem
3531 4026 3668 4068 tuam
3720 4017 3937 4084 ponebas

2379 4103 2554 4173 (Psal.
2581 4105 2666 4159 49.
2697 4103 2803 4174 18).
2843 4103 2909 4156 Et
2937 4105 3066 4157 diem
3096 4122 3330 4174 magnum
3362 4123 3459 4157 non
3487 4105 3711 4158 adnsitlo.
3747 4107 3940 4160 Pente-

2378 4203 2558 4248 costen
2591 4194 2737 4260 dicit,
2769 4195 3171 4264 Scenopegiam,
3207 4195 3425 4260 Pascha,
3458 4206 3510 4249 et
3540 4196 3767 4265 reliquas
3793 4197 3940 4250 cele-

2379 4285 2619 4339 britatcs.
2646 4284 2907 4354 Jejunium
2934 4296 2976 4338 et
3008 4287 3311 4338 vacationem
3337 4287 3397 4338 ab
3425 4303 3589 4355 opere,
3625 4297 3668 4339 et
3698 4288 3940 4354 festivita-

2381 4386 2450 4429 tes
2474 4385 2659 4429 vestras
2689 4377 2792 4428 odit
2821 4376 2989 4428 anima
3030 4393 3156 4428 mea.
3188 4377 3426 4430 Humano
3463 4393 3610 4430 tnore
3642 4378 3784 4444 ipsos
3809 4377 3940 4430 allo-

2379 4465 2578 4533 quitur.
2622 4463 2770 4516 Facti
2799 4465 2912 4517 estis
2955 4464 3077 4516 mihi
3106 4464 3172 4515 ad
3209 4466 3520 4517 satietatem:
3549 4464 3614 4518 ad
3656 4465 3940 4530 fastidiunt,

2380 4554 2446 4608 ad
2484 4553 2682 4608 odium.
2728 4552 2784 4607 ld
2825 4553 2939 4622 ejus
2981 4553 3296 4607 ineliabilem
3341 4555 3647 4622 patientiam
3689 4554 3938 4618 ostendit,

2381 4646 2521 4717 quod
2570 4661 2712 4716 smpe
2761 4656 3040 4715 peccantes
3088 4646 3288 4712 tulerit,
3331 4661 3428 4700 nec
3469 4647 3613 4716 prius
3658 4647 3942 4700 vindictam

2383 4739 2686 4807 sumpserit,
2722 4754 2877 4807 quam
2914 4739 3160 4807 nequitia:
3201 4737 3558 4806 magnitudine
3585 4740 3752 4807 ipsum
3778 4739 3945 4792 scele-

2383 4831 2449 4882 sti
2477 4830 2766 4882 evocat‘int.
2799 4828 2916 4880 Non
2946 4828 3077 4882 ultra
3113 4829 3361 4881 remittam
3387 4840 3589 4895 peccata
3618 4839 3793 4882 vestra.
3829 4829 3942 4882 Non

2385 4918 2519 4970 ultra
2548 4916 2735 4984 patiar.
2765 4916 2992 4985 ldipsum
3027 4926 3104 4970 est
3135 4921 3184 4970 id
3210 4917 3349 4986 quod
3379 4919 3454 4972 ait
3481 4918 3642 4972 David
3671 4936 3684 4972 :
3716 4917 3838 4970 Htec
3863 4921 3942 4987 [e-

2383 5006 2514 5069 cisti,
2535 5014 2579 5057 et
2608 5006 2739 5057 tacui
2763 5004 2928 5074 (Psal.
2954 5007 3041 5059 49.
3065 5005 3126 5058 ει
3145 5010 3181 5071 ).

2457 5093 2629 5147 Oratio
2651 5095 2839 5146 inutilis
2867 5104 2936 5146 est
2960 5110 3071 5145 cum
3095 5097 3204 5161 quis
3227 5107 3498 5164 perseverat
3519 5097 3570 5148 in
3597 5097 3829 5164 peccatis.
3859 5121 3929 5135 —

2385 5183 2579 5239 5.Cunt
2605 5183 2916 5238 extenderitis
2937 5201 3114 5237 manus
3131 5199 3316 5240 vestras
3333 5188 3398 5238 ad
3422 5203 3516 5249 me,
3539 5197 3755 5238 avertam
3775 5195 3949 5239 oculos

2386 5290 2519 5327 meos
2545 5292 2576 5326 α
2611 5275 2743 5327 vobis
2767 5290 2785 5327 :
2813 5283 2857 5327 et
2886 5276 2928 5327 si
2944 5277 3384 5344 multiplicaveritis
3409 5277 3823 5343 deprecationem,
3847 5291 3956 5328 non

2387 5364 2674 5416 exaudiant.
2715 5363 2839 5417 Inde
2881 5364 3043 5433 liquet
3072 5366 3267 5419 nullam
3299 5380 3414 5419 esse
3453 5365 3704 5418 orationis
3753 5365 3945 5418 utilita-

2389 5465 2493 5510 tem
2515 5496 2529 5520 ,
2579 5456 2958 5523 quantumlibet
2979 5458 3129 5527 longa
3157 5458 3225 5512 sit
3270 5457 3478 5527 quando
3504 5459 3548 5512 is
3572 5457 3660 5527 qui
3687 5467 3944 5526 precatur,

2391 5547 2442 5600 in
2487 5549 2714 5616 peccatis
2745 5561 3060 5617 perseverat.
3094 5552 3230 5604 Nihil
3277 5551 3414 5606 enim
3474 5552 3647 5604 virtuti
3688 5566 3777 5617 par
3825 5559 3943 5617 est,

2390 5652 2594 5690 necoon
2644 5637 2757 5692 voci
2807 5655 2923 5709 qua:
2974 5657 3068 5711 per
3115 5658 3272 5711 opera
3321 5643 3706 5712 comprobatur.
3750 5639 3942 5693 Manus
