4130 6312
225 442 283 496 19
1568 424 1630 477 IN
1672 423 1830 479 ISMJ

1959 426 2104 481 CAP.
2145 427 2181 480 Ι.
3491 447 3563 499 20

210 546 349 616 όλλης
370 542 555 614 ἀρετῆς
584 535 726 596 εἶναι
756 541 849 611 ἐρη
859 557 967 609 μοι,
987 538 1104 593 ἀντὶ
1133 537 1393 608 μεγίστης
1408 536 1696 605 ἀπολογίας
1721 536 1818 599 τὰς

212 631 373 691 θυσίας
410 619 812 697 προεϐάλλοντο,
858 626 931 689 ὡς
981 624 1213 692 συνεχῶς
1238 622 1403 685 αὐτὰς
1425 620 1812 683 ἐπιτελοῦντες,

209 714 398 777 είκότως
426 715 676 783 ἑκάτερος
704 714 732 764 ό
764 712 1066 781 προφήτης,
1120 710 1315 779 μᾶλλον
1356 708 1411 761 δὲ
1456 710 1549 761 καὶ
1588 709 1636 760 οί
1666 706 1813 761 ἄλλοι

210 800 397 861 πάντες,
422 797 618 866 ταύτης
642 796 988 849 ἐκϐάλλουσιν
1003 796 1195 857 αὐτοὺς
1209 795 1306 863 τῆς
1321 793 1631 860 ἀπολογίας.
1654 792 1815 845 Ὅθεν

209 883 359 953 δῆλον,
387 885 462 936 ὅτι
496 883 555 935 οὐ
577 881 1002 953 προηγουμένως
1027 880 1186 933 αὐταὶ
1222 879 1497 947 ἐδόθησαν,
1533 878 1647 929 ἀλλ’
1678 878 1815 930 ὥστε

211 967 541 1035 παιδαγωγίαν
577 966 831 1035 γενέσθαι
875 966 973 1036 τῆς
1021 965 1185 1034 ἄλλης
1216 964 1463 1017 ἐντεῦθεν
1514 964 1694 1026 αὐτοῖς
1723 980 1818 1016 πο·

208 1054 399 1115 λιτείας.
437 1052 587 1107 Ἐπεὶ
622 1051 681 1104 δέ
720 1051 827 1105 τῶν
866 1052 1175 1119 ἀναγκαίων
1221 1050 1649 1114 κατεπειγόντων
1685 1049 1820 1119 ἀμε-

208 1136 411 1199 λοῦντες,
443 1138 498 1189 ἐν
529 1136 737 1198 τούτοις
754 1135 1068 1205 ἠσχόληντο,
1094 1134 1210 1186 οὐδὲ
1238 1134 1435 1196 ταύτας
1454 1134 1634 1187 λοιπὸν
1654 1150 1821 1205 προσ-

211 1220 355 1272 ίεσθαι
377 1232 401 1259 ι
425 1236 584 1289 φησιν
616 1221 644 1272 6
667 1220 815 1282 Θεός.
846 1220 998 1271 Οὐδὲ
1036 1218 1113 1272 ἂν
1131 1219 1387 1287 ἔρχησθε
1424 1218 1681 1287 ὀφθῆναί
1696 1234 1817 1287 μοι.

216 1305 321 1357 Ἐὰν
352 1306 750 1375 παραγένησθε,
787 1306 973 1373 φησὶν,
1007 1306 1087 1367 είς
1127 1305 1219 1358 τὸν
1253 1306 1396 1359 ναόν.
1452 1307 1544 1369 Τίς
1576 1306 1685 1373 γὰρ
1721 1304 1820 1366 ἐξ·

206 1388 420 1457 εζήτησε
459 1392 648 1444 ταῦτα
675 1391 744 1443 ἐκ
776 1389 895 1442 τῶν
938 1389 1148 1457 χειρῶν
1182 1389 1379 1459 ὑμῶν;
1426 1392 1534 1443 Καὶ
1565 1391 1669 1458 μὴν
1704 1389 1821 1441 ὀλό-

205 1476 376 1545 κληρον
404 1476 682 1543 σύγκειται
735 1474 934 1544 βιϐλίον
958 1476 1019 1529 τὸ
1045 1477 1323 1529 Λευιτικὸν
1352 1476 1658 1544 λεγόμενον,
1697 1475 1822 1544 περὶ

210 1560 292 1628 τῆς
318 1560 415 1612 τῶν
446 1560 647 1613 θυσιῶν
674 1559 957 1631 ἀκριϐείας
992 1560 1330 1631 νομοθετοῦν.
1362 1562 1471 1615 Καὶ
1506 1561 1562 1611 ἐν
1586 1559 1663 1629 τῷ
1695 1561 1823 1611 Δευ-

204 1644 466 1713 τερονομίῳ
496 1644 553 1696 δὲ
583 1644 677 1697 καὶ
697 1646 755 1697 ἐν
782 1644 988 1715 ἑτέροις
1012 1645 1217 1697 πλείοσι
1244 1645 1424 1696 πολλοὶ
1464 1644 1590 1711 περὶ
1622 1643 1822 1695 τούτων

205 1730 292 1779 είσὶ
312 1729 689 1799 διεσπαρμένοι
718 1731 888 1799 νόμοι.
908 1730 1031 1792 Πῶς
1062 1726 1154 1781 οῦν
1182 1746 1335 1798 φησι,
1374 1730 1464 1793 Τίς
1505 1728 1824 1797 ἐξεζήτησε

205 1813 363 1867 ταῦτα
383 1815 446 1867 ἐκ
473 1815 593 1869 τῶν
615 1816 828 1884 χειρῶν
854 1816 1060 1885 ὑμῶν;
1091 1815 1207 1869 Ἵνα
1231 1816 1427 1887 μάθῃς,
1456 1817 1536 1869 ὅτι
1584 1819 1645 1869 οὐ
1694 1833 1823 1884 προ-

204 1898 470 1969 ηγούμενον
496 1896 564 1970 ἦν
594 1900 729 1953 Θεοῦ
754 1901 985 1970 θέλημα,
1016 1900 1077 1952 τὸ
1106 1901 1174 1954 τά
1201 1901 1421 1953 τοιαῦτα
1472 1902 1777 1971 νομοθετεῖν
1807 1943 1820 1965 ,

205 1984 297 2035 ἀλλ’
328 1986 428 2038 ἀπὸ
460 1987 557 2055 τῆς
583 1987 761 2039 αὐτῶν
784 1986 1063 2049 ἀσθενείας
1094 1984 1189 2056 τὴν
1218 1985 1389 2055 ἀρχὴν
1413 1986 1601 2040 ἐλαϐεν
1634 1990 1666 2057 ή
1699 1990 1825 2059 περὶ

202 2068 376 2121 τούτων
421 2070 733 2139 νομοθεσία.
770 2071 979 2139 Ὥσπερ
1029 2070 1134 2140 γάρ
1180 2072 1279 2123 οὐκ
1308 2070 1553 2123 ἐϐούλετο
1596 2076 1824 2138 γυναῖκα

204 2153 496 2207 ἐπιϐαλέσθαι
537 2155 638 2224 τὴν
684 2155 826 2221 ἃπαξ
860 2156 1009 2227 ἀνδρὶ
1046 2156 1433 2223 ωναφθείσαν,
1488 2157 1741 2225 μειζόνων
1772 2158 1825 2209 δὲ

203 2237 454 2291 ἐκκόπτων
507 2239 696 2291 κακῶν
734 2238 761 2275 δ
789 2277 803 2301 ,
860 2241 921 2291 τὸ
986 2239 1060 2309 μὴ
1122 2240 1491 2308 κωλυομένους
1542 2240 1785 2292 ἐκϐαλεῖν
1809 2279 1825 2302 ,

205 2323 584 2389 ἀναγκάζεσθαι
612 2324 865 2390 σφάττειν
895 2324 1043 2383 ἐνδον
1073 2323 1235 2386 οὔσας
1264 2325 1356 2376 καὶ
1392 2324 1741 2393 μισουμένας,
1770 2329 1829 2377 τὸ

204 2406 395 2459 ἔλαττον
427 2408 801 2477 συνεχώρησεν
828 2423 841 2436 ’
877 2407 1018 2461 οὕτω
1032 2408 1095 2478 δὴ
1120 2409 1210 2460 καὶ
1238 2408 1490 2470 ἐνταῦθα,
1525 2408 1746 2461 κωλύων
1770 2410 1829 2462 τὸ

203 2490 390 2559 δαίμοσι
417 2493 587 2559 θύειν,
618 2494 932 2559 κατεδέξατο
968 2495 1103 2564 ὅπερ
1141 2494 1239 2547 οὐκ
1263 2494 1529 2559 ἐϐούλετο,
1573 2496 1638 2547 ἶν’
1690 2496 1828 2566 ὅπερ

204 2576 425 2630 ἐϐούλετο
468 2578 808 2650 κατορθώσῃ.
851 2580 1022 2632 Τοῦτο
1056 2580 1185 2647 γοῦν
1216 2580 1346 2633 αὐτὸ
1380 2581 1539 2632 πάλιν
1577 2580 1756 2649 Ἀμὼς
1802 2584 1828 2633 ό

206 2664 459 2731 προφήτης
476 2665 879 2733 ἐνδεικνύμενος
897 2666 1082 2732 ἔλεγε²
1115 2664 1208 2731 Μὴ
1238 2664 1460 2732 σφάγια
1490 2665 1587 2717 καὶ
1616 2666 1829 2729 θυσίας

206 2748 633 2818 προσηνέγκατέ
652 2766 753 2817 μοι
773 2752 873 2815 ἐτη
902 2748 1378 2815 τεσσαράκοντας
1411 2749 1570 2815 λέγει
1594 2749 1827 2814 Κύριος.

206 2829 297 2882 Καὶ
318 2834 344 2884 6
388 2834 658 2902 Ἱερεμίας
700 2834 757 2885 δέ
787 2850 977 2901 φησιν·
1021 2834 1104 2884 Οὐ
1134 2830 1314 2884 ταῦτά
1339 2832 1527 2895 ἐστιν,
1557 2831 1596 2884 ἂ
1620 2832 1832 2884 ἐνετει-

204 2916 380 2983 λάμην
409 2918 536 2984 τοῖς
565 2918 860 2985 πατράσιν
887 2917 1071 2985 ὑμῶν.

261 3055 315 3100 ε’.
354 3050 574 3121 Ἐπειδὴ
614 3051 717 3121 γὰρ
756 3051 847 3103 καὶ
893 3050 1139 3119 δαίμονες
1174 3050 1358 3103 τοῦτον
1397 3050 1832 3121 ἐθεραπεύθησαν

202 3134 279 3187 τὸν
298 3135 510 3205 τρόπον,
537 3137 628 3189 καὶ
652 3137 810 3199 αὐτὸς
826 3131 994 3198 οὗτος,
1020 3136 1103 3189 ἵνα
1126 3136 1359 3206 μηδεμία
1389 3140 1498 3198 τοῖς
1522 3136 1833 3189 ἀσθενεστέ-

203 3237 301 3287 ροις
330 3223 579 3274 ἐντεῦθεν
611 3222 881 3284 ἀπωλείας
915 3224 1135 3291 γένηται
1167 3223 1448 3291 πρόφασις,
1490 3222 1721 3290 συνεχῶς
1748 3223 1832 3277 διὰ

202 3304 398 3357 πάντων
436 3305 613 3360 ταῦτᾶ
650 3324 782 3374 φησι
828 3306 935 3358 τῶν
988 3306 1299 3376 προφητῶν.
1338 3308 1561 3359 Ἐκεῖνοι
1600 3308 1694 3375 μὲν
1727 3309 1832 3378 γὰρ

198 3390 278 3442 καὶ
328 3394 398 3461 μή
435 3392 729 3461 διδομένων
763 3392 1122 3460 ἠγανάκτουν,
1166 3392 1259 3443 καὶ
1289 3392 1523 3461 συνεχῶς
1580 3391 1692 3463 [10]
1739 3396 1834 3445 ἐπ-

198 3475 506 3546 έκειντοτὴν
557 3477 780 3530 κνίσσαν
828 3477 920 3528 καὶ
962 3477 1053 3527 τὸν
1086 3477 1288 3528 καπνὸν
1335 3477 1690 3538 ἀπαιτοῦντες
1743 3479 1834 3529 καὶ

198 3555 433 3624 λέγοντες
448 3577 462 3591 ο

562 3681 632 3737 Τὸ
662 3681 767 3749 γὰρ
794 3681 1056 3749 λάχομεν
1083 3680 1254 3749 γέρας
1286 3680 1474 3748 ἡμεῖς.

253 3819 421 3881 Αὐτὸς
447 3819 509 3872 δὲ
542 3817 664 3871 οὔτε
701 3817 761 3881 ἐξ
783 3817 956 3888 ἀρχῆς
977 3817 1165 3887 ᾔτησε,
1206 3816 1299 3868 καὶ
1326 3814 1484 3884 ἡνίκα
1531 3815 1831 3881 ἐκέλευσεν,

196 3903 400 3967 ἔδειξεν,
428 3905 515 3957 ὅτι
540 3904 661 3973 οὐχὶ
689 3902 1002 3972 βουλόμενος
1037 3901 1192 3954 τοῦτο
1220 3900 1515 3971 ἐπέτρεψεν
1535 3917 1549 3933 ο
1578 3901 1638 3952 οὐ
1667 3900 1838 3974 ταύτῃ

192 3984 241 4035 δέ
276 3984 433 4052 μόνον
458 4023 475 4049 ,
524 3984 659 4037 ἀλλά
697 3984 789 4035 καὶ
827 3983 903 4051 τῷ
937 3982 1233 4035 καταλῦσαι
1278 3982 1481 4051 ταχέως
1520 3982 1707 4047 αὐτὰς,
1743 3985 1837 4035 κα)⁵

194 4071 343 4138 ἡνίκα
382 4071 770 4135 ἐπετελοῦντο,
815 4070 934 4139 μὴε
972 4068 1314 4139 προσίεσθαι·
1367 4069 1458 4121 καὶ
1494 4068 1583 4120 διά
1624 4070 1838 4122 πάντων

194 4158 524 4222 ἁπαξαπλῶς
552 4157 735 4225 ἐδήλου
750 4158 827 4209 ὅτι
851 4155 1027 4225 πολλῷ
1043 4156 1140 4223 τῆς
1160 4154 1540 4225 μεγαλωσύνης
1558 4154 1720 4208 αὐτοῦ
1738 4156 1837 4224 τῆς

193 4242 439 4313 λατρείας
469 4238 625 4305 οὗτος
656 4246 684 4296 6
714 4241 906 4313 τρόπος
947 4242 1178 4304 ἀνάξιος.
1207 4240 1374 4293 Τοῦτο
1417 4236 1507 4293 οῦν
1541 4258 1670 4309 φησι
1721 4239 1834 4306 νῦν,

195 4329 265 4379 ὅτι
283 4333 361 4385 Δι’
383 4331 533 4399 ὑμᾶς
560 4330 717 4381 τοῦτο
738 4329 1047 4398 ἠνειχόμην,
1070 4328 1169 4379 οὐκ
1189 4327 1345 4389 αὐτὸς
1367 4326 1567 4379 τούτων
1593 4328 1832 4396 ἐδεόμην.

195 4417 401 4469 Πατεῖν
426 4433 551 4484 μου
579 4414 693 4482 τὴν
710 4414 909 4481 αὐλὴν
933 4417 1003 4468 οὺ
1024 4414 1415 4482 προσθήσετε.
1465 4415 1534 4465 Ἢ
1565 4414 1661 4483 τὴν
1678 4415 1837 4483 αίχμ-

196 4502 423 4554 αλωσίαν
450 4500 730 4570 προλέγει,
747 4500 781 4571 ἢ
798 4501 1123 4569 ἀπαγορεύει
1146 4498 1300 4551 τοῦτο
1332 4500 1528 4560 αὐτοῖς,
1567 4499 1751 4568 ἐπειδὴ
1776 4498 1837 4550 οὐ

196 4589 302 4653 μετ’
341 4587 519 4658 ὀρθῆς
550 4586 801 4655 εἰσῄεσαν
827 4586 1070 4655 γνώμης.
1111 4586 1243 4639 Ἐὰν
1280 4585 1493 4653 φέρητέ
1536 4602 1635 4652 μοι
1683 4585 1842 4653 σεμί-

194 4671 362 4725 δαλιν
382 4711 399 4735 ,
446 4671 722 4739 μάταιον.
764 4670 883 4722 Τῶν
920 4670 1028 4739 γὰρ
1075 4669 1455 4738 ἐπιταγμάτων
1505 4669 1571 4721 τὰ
1628 4669 1725 4737 μὲν
1774 4668 1839 4721 δι’

191 4756 375 4820 ἐαυτά,
406 4757 478 4810 τά
504 4756 561 4807 δέ
596 4754 661 4807 δι’
690 4756 853 4823 ἔτερα
904 4753 1144 4821 γίνεσθαι
1198 4753 1505 4806 ἐκελεύετο’
1532 4748 1640 4806 οἷον
1666 4753 1724 4805 τὸ
1752 4755 1840 4806 τὸν

192 4839 316 4891 Θεδν
356 4841 586 4903 εἰδέναι,
645 4839 705 4891 τὸ
743 4837 818 4907 μὴ
851 4838 1115 4905 φονεύειν,
1166 4838 1240 4909 μὴ
1287 4838 1574 4907 μοιχεύειν,
1619 4839 1711 4889 καὶ
1741 4840 1839 4891 ὅσα

191 4926 448 4991 τοιαῦτα,
485 4927 574 4979 διὰ
609 4925 704 4995 τὴν
740 4924 797 4988 ἐξ
827 4924 995 4993 αὐτῆς
1034 4924 1296 4991 ὠφέλειαν
1336 4924 1736 4993 ἐνομοθετεῖτο·
1781 4923 1840 4975 τὸ

197 5016 373 5081 μέντοι
409 5012 592 5074 θῦσαι,
635 5012 726 5063 καὶ
762 5010 1010 5079 θυμίαμα
1038 5012 1438 5077 προσενεγκεῖν,
1482 5010 1574 5061 καὶ
1610 5010 1839 5077 τηρῆσαι

196 5098 488 5161 σάϐϐατον,
523 5097 616 5149 καὶ
647 5097 747 5148 ὅσα
785 5095 1008 5147 τοιαῦτα
1037 5095 1218 5159 πάλιν,
1259 5095 1355 5164 οὐχ
1402 5095 1485 5146 ἵνα
1515 5095 1650 5146 αὐτά
1674 5093 1843 5146 ταῦτα

193 5184 410 5252 γίνηται
442 5181 645 5242 ἁπλῶς,
664 5181 775 5233 ἀλλ’
807 5183 895 5233 ἵνα
915 5182 977 5233 ἐκ
1005 5180 1102 5249 τῆς
1129 5180 1332 5232 τούτων
1370 5179 1594 5248 μελέτης
1618 5180 1714 5249 τῆς
1736 5180 1841 5231 τῶν

198 5269 467 5337 δαιμόνων
488 5266 804 5333 ἀπάγωνται
822 5266 1132 5335 θεραπείας.
1187 5265 1339 5318 Ἐπεὶ
1364 5261 1454 5318 οὖν
1494 5262 1636 5319 οὗτοι
1665 5265 1839 5318 ταῦτα

252 5406 277 5432 ⁸
305 5404 419 5463 Reg
438 5402 697 5463 προῐέσθαι.

251 5464 283 5503 δ
310 5461 409 5511 Hié
432 5461 630 5510 omnino
660 5463 837 5521 aliquid
859 5463 1126 5511 desiderari
1154 5462 1360 5518 videtur,
1388 5464 1521 5509 verbi
1548 5466 1717 5521 grana,
1746 5477 1843 5521 μει-

200 5526 339 5577 ζόνων
377 5524 433 5569 δὲ
466 5522 708 5585 ἐκκόπτων
733 5520 891 5569 κακῶν
925 5520 1203 5585 [audeam],
1246 5528 1329 5570 aut
1358 5520 1628 5585 aliquajor
1655 5520 1840 5585 similis.

202 5586 321 5632 Infra
348 5584 494 5631 locus
515 5582 599 5639 qui
621 5585 757 5642 quasi
800 5596 860 5629 ex
895 5582 1092 5631 Michaea
1121 5582 1391 5643 asSumpLus
1428 5582 1759 5643 proferebatur
1797 5584 1842 5643 in

204 5646 376 5702 aditis,
402 5649 482 5691 est
502 5643 685 5702 Amosi,
710 5650 763 5690 et
785 5643 1038 5692 Bavaricus
1070 5643 1225 5704 Ἀμώς
1250 5642 1411 5700 habet,
1430 5642 1493 5690 ιιι
1518 5656 1603 5689 nos
1624 5642 1840 5689 restitui-

206 5717 325 5753 τους,

262 5768 284 5793 ⁸
310 5766 527 5812 Saviﬁns
544 5766 623 5811 καὶ
641 5763 781 5819 ἡνίκα
803 5764 1043 5824 ἐπετέλουν
1063 5764 1119 5824 τὸ
1153 5764 1233 5824 μή,
1264 5763 1405 5810 male.
1452 5761 1728 5824 Μοιῇεᾘτῷ,
1759 5763 1845 5808 sed

207 5835 317 5872 vera
341 5824 490 5871 lectio
510 5833 585 5872 est
612 5823 928 5882 ἐπετελοῦντο,
969 5830 1020 5871 ut
1052 5822 1195 5870 habet
1231 5825 1495 5871 Bavaricus.
1540 5822 1719 5868 Ibidem
1742 5835 1850 5881 qua:

212 5896 235 5910 -
258 5896 383 5931 voce
408 5885 602 5945 ἀνάξιος,
633 5896 785 5945 usque
808 5884 866 5931 ad
908 5885 1071 5931 πατεῖν
1097 5883 1352 5943 habemur,
1394 5895 1454 5930 cx
1499 5884 1720 5930 Davarico
1764 5884 1850 5929 de-

211 5953 401 6006 mmpla
424 5954 547 5992 sum.

1926 540 2023 608 μὲν
2046 540 2344 605 ἐπετέλουν,
2382 539 2443 592 τὸ
2468 540 2523 593 δέ
2557 540 2616 604 ἐξ
2642 538 2820 593 αὐτῶν
2856 538 2956 593 οὐκ
2984 538 3316 609 ἐκαρποῦντο
3342 540 3527 612 κέρδος
3543 578 3561 602 .

1920 625 2034 675 ἀλλ’
2060 626 2141 677 ἔτι
2172 628 2283 688 τοῖς
2312 626 2558 696 δαίμοσιν
2582 622 2722 696 ἦσαν
2744 627 3171 696 προσηλωμένοι,
3195 625 3420 689 είκότως
3467 630 3562 680 καὶ

1924 709 2097 763 ταῦτα
2137 710 2479 764 ἐκϐάλλεται·
2532 712 2651 764 ἐπεὶ
2698 713 2789 764 καὶ
2832 711 3043 781 δένδρον
3083 711 3306 774 είκότως
3339 729 3422 775 τις
3468 714 3561 766 ἐκ·-

1920 797 2123 866 τέμνοι,
2147 798 2313 864 φύλλα
2342 798 2437 867 μὲν
2463 799 2584 867 ἔχον
2614 799 2704 851 καὶ
2735 798 2980 862 κλάδους,
3014 798 3239 865 καρπῶν
3268 798 3326 851 δέ
3358 797 3562 869 ἐρημον

1921 882 1998 935 δν.
2019 884 2125 934 Καὶ
2142 883 2244 955 γὰρ
2266 883 2340 951 τῷ
2365 884 2585 952 γηπόνῳ
2616 886 2760 936 πᾶσα
2786 884 2913 953 περὶ
2939 884 3000 936 τδ
3022 884 3184 951 φυτὸν
3200 886 3233 953 ἡ
3254 884 3561 953 ἐπιμέλεια,

1922 969 1981 1021 οὐ
2014 968 2099 1020 διὰ
2136 970 2222 1021 τὸν
2250 970 2425 1037 φλοιὸν
2447 969 2540 1022 καὶ
2569 971 2629 1021 τὸ
2650 971 2915 1040 στέλεχος,
2938 968 3051 1023 ἀλλ’
3075 969 3161 1022 ἵνα
3191 970 3300 1021 τῶν
3337 969 3568 1039 καρπῶν

1922 1054 2187 1124 ἀπολαύῃ.
2218 1056 2485 1123 Θυμίαμα
2511 1054 2825 1123 βδέλυτμά
2840 1056 2944 1124 μοί
2968 1056 3155 1109 ἐστιν.
3205 1054 3373 1124 ὐρᾷς
3392 1056 3474 1107 δτι
3501 1055 3565 1107 οὐ

1923 1140 1990 1206 τῇ
2019 1137 2175 1205 φύσει
2194 1140 2299 1193 τῶν
2322 1139 2772 1209 προσφερομένων
2792 1140 3025 1210 ἔχαιρεν,
3052 1139 3186 1192 ἀλλά
3213 1139 3313 1209 τὴν
3342 1137 3568 1208 γνώμην

1923 1223 2031 1276 τῶν
2062 1228 2435 1293 προσαγόντων
2459 1226 2683 1295 ἐξήταζε
2703 1243 2717 1290 ;
2734 1226 2831 1278 Διά
2849 1226 2912 1295 δὴ
2934 1225 3090 1278 τοῦτο
3115 1226 3208 1278 τὸν
3229 1225 3328 1295 μὲν
3360 1225 3568 1278 καπνὸν

1926 1309 2019 1362 καὶ
2043 1310 2140 1379 τὴν
2164 1311 2382 1363 κνίσσαν
2418 1313 2516 1379 τὴν
2549 1314 2655 1365 ἀπὸ
2704 1313 2802 1379 τῆς
2846 1311 3034 1373 θυσίας
3084 1311 3177 1363 τοῦ
3222 1313 3345 1364 Νῶε
3392 1311 3567 1381 ὀσμὴν

1926 1396 2145 1459 εὐωδίας
2182 1397 2424 1459 ἐκάλεσε,
2468 1399 2529 1450 τὸ
2564 1398 2619 1449 δὲ
2654 1397 2899 1467 θυμίαμα
2937 1397 3226 1466 βδέλυγμα.
3258 1398 3431 1467 Ὅπερ
3457 1397 3570 1466 γὰρ

1926 1481 2080 1550 ἔφην,
2105 1482 2163 1533 οὐ
2198 1483 2294 1552 τὴν
2316 1482 2532 1535 οὐσίαν(1
2559 1483 2664 1536 τῶν
2688 1482 2889 1554 δώρων,
2915 1482 3047 1536 ἀλλά
3080 1483 3177 1553 τὴν
3210 1482 3443 1536 διάθεσιν
3458 1481 3569 1536 τῶν

1928 1568 2336 1638 προσφερόντων
2363 1568 2626 1638 ἐπιζητεῖ.
2662 1569 2775 1634 Τὰς
2796 1570 3119 1637 νεομηνίας
3156 1568 3343 1636 ὑμῶν,
3373 1567 3471 1621 καί
3494 1567 3569 1621 τὰ

1927 1652 2205 1709 σάϐϐατα.
2239 1654 2654 1723 Παρατηρητέον
2686 1654 2758 1716 ώς
2787 1656 2937 1707 οὐδὲν
2986 1654 3093 1707 τῶν
3132 1652 3447 1721 ἀναγκαίων
3472 1654 3569 1705 ἐκ-

1928 1737 2130 1798 ϐάλλει,
2179 1738 2312 1791 ἀλλὰ
2356 1739 2528 1791 ταῦτα
2561 1739 2597 1791 ἃ
2636 1740 2729 1791 καὶ
2778 1738 3217 1808 παραγενόμενος
3263 1740 3294 1791 6
3336 1738 3573 1806 Χριστὸς

1929 1823 2202 1877 κατέλυσε.
2225 1824 2312 1876 Διὸ
2337 1825 2427 1875 καὶ
2455 1824 2482 1873 6
2506 1824 2711 1885 Παῦλος
2732 1824 3081 1893 εὐτονώτερον
3100 1824 3179 1892 τῷ
3198 1823 3341 1891 λόγῳ
3367 1838 3575 1893 κεχρη-

1933 1910 2109 1978 μένος,
2152 1910 2309 1978 ἡνίκα
2340 1910 2472 1978 πρὸς
2506 1910 2783 1971 Ἰουδαίους
2820 1911 3070 1978 ἐμάχετο,
3096 1910 3156 1960 οὐ
3191 1909 3361 1961 ταῦτα
3388 1909 3570 1977 μόνον,

1929 1996 2060 2047 ἀλλά
2089 1998 2181 2047 καὶ
2214 1996 2371 2066 ἐτερα
2396 1996 2612 2048 πλείονα
2640 1996 2840 2047 τούτων
2860 1996 2992 2057 θεὶς,
3022 1996 3148 2057 τοὺς
3178 1995 3329 2047 οὐδὲν
3357 1993 3572 2047 οἴκοθεν

1930 2083 2394 2152 ἐπιδεικνυμένους
2412 2084 2561 2135 οὐδὲν
2594 2084 2795 2134 ἐκεῖθεν
2819 2083 3112 2151 κερδαίνειν
3140 2083 3337 2152 ἔφησεν
3366 2120 3384 2145 ,
3427 2082 3575 2137 οὕτω

1930 2169 2097 2236 λέγων
2112 2187 2126 2200 ο
2145 2174 2213 2223 El
2240 2170 2305 2221 δὲ
2320 2169 2399 2223 σὺ
2434 2168 2717 2233 Ἰουδαῖος
2733 2167 3078 2236 ἐπονομάζῃ,
3102 2168 3201 2220 καί
3217 2168 3574 2237 ἐπαναπαύῃ

1930 2258 2011 2321 τῷ
2046 2259 2225 2325 νόμῳ,
2261 2257 2357 2308 καὶ
2386 2256 2685 2322 καυχᾶσαι
2726 2256 2793 2306 ἐν
2831 2254 2970 2317 Θεῷ,
3014 2253 3111 2306 καί
3153 2252 3462 2321 γινώσκεις
3503 2252 3577 2305 τὸ

1878 2362 1888 2377 ι
1933 2342 2180 2409 θέλημα,
2217 2341 2312 2393 καὶ
2342 2339 2675 2407 δοκιμάζεις
2708 2338 2778 2391 τὰ
2800 2338 3176 2406 διαφέροντα,
3212 2337 3578 2405 κατηχούμε-

1932 2445 2036 2493 νος
2079 2429 2147 2480 ἐκ
2182 2428 2287 2481 τοῦ
2328 2428 2535 2494 νόμου.
2586 2426 2695 2478 Καὶ
2742 2426 2934 2477 πάλιν·
2978 2423 3264 2491 Περιτομὴ
3309 2423 3427 2490 μέν
3463 2422 3573 2489 γὰρ

1932 2517 2164 2585 ὠφελεῖ,
2195 2518 2302 2569 ἐὰν
2323 2517 2508 2583 νόμον
2540 2514 2838 2579 πράσσῃς·
2865 2513 2972 2565 ἐὰν
2991 2512 3057 2563 δέ
3084 2510 3424 2577 παραϐάτης
3474 2507 3573 2583 ᾗς,

1934 2604 1969 2668 ἡ
2011 2601 2289 2669 περιτομή
2328 2616 2444 2654 σου
2480 2598 2841 2665 ἀκροϐυστία
2884 2596 3111 2664 γέγονε.
3162 2596 3269 2648 Καὶ
3315 2594 3433 2646 οὐδὲ
3467 2595 3579 2647 ἀπὸ

1932 2690 2023 2741 τοῦ
2064 2690 2411 2757 πιστευθῆναι
2452 2689 2645 2747 αὐτοὺς
2676 2698 2696 2723 θ
2731 2687 2817 2736 τὸν
2848 2686 3009 2752 νόμον
3035 2684 3201 2750 ἔφησέ
3240 2701 3293 2736 τι
3319 2685 3445 2745 τοὺς
3482 2699 3578 2734 πι-

1937 2776 2250 2835 στευθέντας
2275 2772 2685 2843 καρπώσασθαι,
2731 2772 2919 2840 ἐπειδὴ
2945 2770 3250 2838 ἠπίστησαν
3270 2786 3284 2799 ο
3316 2769 3453 2837 ὅπερ
3483 2764 3577 2821 οὖν

1936 2861 2030 2912 καὶ
2070 2862 2097 2912 6
2142 2859 2301 2912 Δαυῖδ
2348 2859 2545 2926 ἑτέρως
2572 2857 2934 2924 αἰνιττόμενος
2958 2854 3147 2920 ἐλεγεσ
3184 2852 3270 2917 Τῷ
3303 2852 3371 2905 δέ
3394 2854 3578 2921 ἀμαρ-

1935 2944 2099 3007 τωλῷ
2118 2941 2284 2997 εἶπεν
2299 2946 2329 2997 ὁ
2351 2945 2491 3005 Θεός
2506 2959 2520 2974 ·
2546 2943 2675 2997 Ἵνα
2695 2942 2751 2993 τί
2769 2941 2849 2993 σὺ
2866 2938 3114 3009 έκδιηγῇ
3134 2939 3205 2992 τὰ
3222 2936 3578 3005 δικαιώματά

1930 3012 2083 3099 μου;
2126 3029 2335 3097 Ἐπειδὴ
2369 3028 2474 3097 γὰρ
2503 3029 2612 3080 ἄνω
2646 3026 2735 3078 καὶ
2763 3026 2910 3078 κάτω
2941 3025 2961 3064 ί
2996 3028 3061 3096 τῇ
3088 3025 3341 3095 ἀκροάσει
3371 3023 3464 3075 τοῦ
3493 3023 3582 3075 νό-

1940 3134 2039 3183 μου
2075 3116 2213 3185 μέγα
2241 3115 2511 3184 ἐφρόνουν,
2532 3114 2631 3181 τῆς
2651 3112 2895 3182 πράξεως
2926 3111 3073 3170 ὄντες
3104 3110 3318 3179 ἔρημοι,
3344 3108 3438 3161 καὶ
3461 3108 3577 3179 [Η]

1936 3205 1963 3254 6
1992 3202 2197 3264 Παῦλος
2228 3201 2417 3263 αὐτοὺς
2460 3200 2707 3265 ἐξέϐαλλε
2748 3198 2839 3250 τοῦ
2883 3197 3235 3265 καυχήματος
3282 3194 3469 3247 είπώνο
3521 3195 3579 3245 ’0

1937 3284 2049 3343 οὖν
2082 3288 2378 3340 διδάσκων
2410 3286 2632 3351 ἕτερον,
2666 3286 2923 3337 σεαυτὸν
2947 3285 3019 3336 οὐ
3044 3281 3382 3345 διδάσκεις;
3412 3280 3511 3333 καί
3543 3281 3579 3333 ὁ

1937 3376 2260 3441 κηρύσσων
2318 3372 2400 3439 μὴ
2448 3371 2745 3432 κλέπτειν,
2798 3370 3071 3432 κλέπτεις
3091 3384 3110 3431 ;
3168 3369 3277 3421 Καὶ⁵
3333 3369 3362 3419 6
3416 3367 3580 3419 Δαυῖδ

1936 3461 2132 3529 ὁμοίως
2191 3458 2377 3524 λέγων’
2439 3459 2508 3509 El
2561 3455 2823 3521 ἐθεώρεις
2883 3456 3163 3520 κλέπτην,
3222 3452 3583 3520 συνέτρεχες

1937 3540 2113 3611 αὐτῷ,
2144 3544 2239 3598 καί
2261 3544 2407 3612 μετὰ
2436 3543 2660 3612 μοιχῶν
2687 3542 2797 3607 τὴν
2815 3539 3024 3608 μερίδα
3058 3554 3174 3592 σου
3217 3538 3433 3604 ἐτίθης.
3468 3538 3579 3591 Καὶ

1938 3635 2161 3703 ἡμέραν
2202 3630 2470 3698 μεγάλην
2504 3632 2611 3681 οὐκ
2647 3624 3060 3693 ἀνέχομαι.Τὴν
3098 3622 3462 3693 πεντηκοστὴν
3493 3623 3582 3675 λέ-

1938 3737 2043 3787 γει,
2072 3718 2166 3787 τὴν
2192 3714 2574 3786 σκηνοπηγίαν,
2598 3714 2658 3764 τὸ
2685 3714 2890 3779 Πάσχα,
2916 3710 3005 3761 καὶ
3030 3708 3127 3771 τὰς
3147 3708 3337 3770 λοιπὰς
3366 3707 3578 3777 ἑορτάς.

1939 3806 2253 3873 Νηστείαν,
2279 3802 2374 3855 καὶ
2400 3801 2628 3869 ἀργίαν,
2659 3797 2755 3851 καὶ
2790 3797 2892 3860 τὰς
2910 3794 3114 3862 ἑορτὰς
3150 3792 3317 3862 ὑμῶν
3348 3794 3513 3860 μισεῖ
3538 3794 3579 3859 ἡ

1939 3892 2106 3960 ψυχή
2133 3908 2270 3958 μου.
2318 3885 2813 3957 Ἀνθρωπινώτερον
2852 3883 2985 3952 πρὸς
3023 3882 3219 3943 αὐτοὺς
3254 3881 3579 3947 διαλέγεται.

1952 3975 2295 4043 Ἐγενήθητέ
2321 3991 2421 4042 μοι
2443 3976 2529 4036 εὶς
2564 3969 2940 4038 πλησμονήν·
2974 3970 3051 4031 είς
3081 3966 3259 4037 κόρον,
3290 3967 3370 4029 είς
3405 3969 3579 4035 μῖσος.

1940 4064 2107 4116 Τοῦτο
2128 4061 2234 4130 γὰρ
2258 4058 2418 4113 αὐτοῦ
2449 4058 2680 4110 δείκνυσι
2704 4056 2799 4125 τὴν
2825 4055 3027 4123 ἄφατον
3053 4050 3451 4123 μακροθυμίαν,
3488 4051 3587 4103 καὶ

1940 4150 2000 4203 τὸ
2034 4148 2286 4209 πολλάκις
2310 4145 2648 4215 ἁμαρτόντας
2674 4143 2932 4207 ἐνεγκεῖν,
2958 4139 3053 4192 καὶ
3088 4138 3164 4207 μὴ
3190 4137 3453 4208 πρότερον
3482 4138 3583 4189 ἐπι

1941 4234 2192 4298 εξελθεῖν,
2217 4232 2320 4293 ἐως
2352 4231 2509 4284 αὐτὸν
2540 4227 2689 4281 αὐτοὶ
2721 4226 2769 4277 οἱ
2793 4223 3309 4293 πεπλημμεληκότες
3331 4223 3397 4291 τῇ
3426 4222 3588 4292 ὑπερ-

1942 4321 2068 4391 ϐολῇ
2106 4320 2203 4389 τῆς
2246 4317 2501 4385 πονηρίας
2544 4312 2943 4377 ἐξεκαλέσαντο.
2998 4308 3204 4363 οὐκέτι
3238 4306 3444 4373 ἀνήσω
3478 4304 3588 4391 τὰς

1942 4405 2224 4474 ἁμαρτίας
2246 4401 2426 4470 ὑμῶν.
2452 4400 2646 4450 Οὐκέτι
2680 4394 3098 4465 μακροθυμήσω.
3142 4392 3346 4445 Ταύτόν
3374 4392 3488 4443 ἐστι
3524 4390 3587 4442 τὸ

1944 4493 2046 4545 ὐπὸ
2103 4490 2194 4542 τοῦ
2259 4487 2415 4541 Δαυῗδ
2476 4483 2777 4554 εἰρημένον·
2857 4480 3049 4535 Ταῦτα
3110 4478 3422 4545 ἐποίησας,
3485 4476 3585 4529 καὶ

1943 4579 2217 4647 ἐσίγησα.

2014 4716 2187 4766 Ὅταν
2250 4709 2354 4775 τὰς
2424 4708 2622 4776 χεῖρας
2683 4704 2849 4772 ὑμῶν
2909 4700 3210 4768 ἐκτείνητε
3274 4700 3424 4767 πρός
3473 4714 3590 4767 με,

1942 4801 2295 4866 ἀποστρέψαι
2325 4796 2465 4859 τοὺς
2493 4791 2832 4859 ὀφθαλμούς
2854 4806 2971 4857 μου
3000 4789 3099 4855 ἀφ’
3125 4785 3310 4855 ὑμῶν’
3353 4786 3449 4839 καί
3479 4786 3596 4838 ἐὰν

1945 4888 2286 4952 πληθιίννητε
2336 4881 2448 4948 τὴν
2503 4878 2733 4944 δέησιν,
2783 4877 2892 4930 οὐκ
2932 4875 3381 4942 είσακούσομαι.
3429 4873 3595 4926 Ὅθεν

1945 4975 2116 5042 δῆλον,
2157 4974 2235 5023 ὃτι
2269 4968 2428 5036 εὐχῆς
2470 4965 2657 5033 ὄφελος
2693 4963 2863 5025 οὐδὲν,
2902 4961 2995 5014 καὶ
3029 4962 3246 5029 μακρᾶς
3276 4958 3590 5028 γινομένης,

1945 5060 2068 5110 ὅταν
2095 5056 2340 5125 ἐπιμείνῃ
2363 5054 2471 5114 τοῖς
2501 5050 2885 5119 ἁμαρτήμασιν
2914 5048 2941 5098 6
2966 5046 3267 5114 εὐχόμενος.
3292 5044 3453 5097 Οὐδὲν
3480 5044 3593 5115 γὰρ

1945 5143 2143 5211 ἀρετῆς
2187 5141 2317 5203 ἴσον,
2370 5139 2462 5189 καὶ
2504 5138 2600 5203 τῆς
2650 5134 2756 5187 ἀπὸ
2799 5132 2904 5183 τῶν
2937 5132 3110 5201 ἔργων
3143 5131 3344 5199 φωνῆς.
3384 5132 3453 5183 Αέ
3480 5129 3592 5197 τὰρ

1948 5230 2135 5298 χεῖρες
2189 5224 2350 5293 ὑμῶν
2398 5224 2639 5291 αἵματος
2690 5218 2963 5282 πλήρεις
3030 5218 3293 5280 τουτέστι,
3352 5216 3585 5283 φονικαίο

1947 5317 2057 5370 ἀλλ’
2081 5317 2178 5368 οὐκ
2198 5310 2315 5365 εἷπε
2338 5311 2568 5380 φονικαὶ,
2594 5306 2749 5367 ἀλλὰ,
2770 5304 3023 5371 Πλήρεις
3044 5304 3288 5372 αἵματος
3308 5304 3356 5367 ⁸,
3378 5302 3591 5363 δεικνὺς

2010 5459 2034 5497 d
2059 5459 2135 5505 Sic
2176 5456 2429 5504 Bavaricus
2474 5454 2623 5497 recte.
2668 5445 2797 5495 Edili
2837 5444 2995 5491 θυσίαν
3028 5450 3082 5492 el.
3118 5456 3229 5491 mox
3269 5440 3589 5504 προσφερομέ-

1947 5520 2283 5628 νωΐδὲἓίίῗῖη
2318 5576 2453 5620 textu
2482 5570 2640 5624 αὐτόν,
2665 5568 2808 5628 ῐηαῐβο
2837 5564 3084 5628 More'am
3113 5568 3249 5612 tum
3280 5567 3333 5611 ει
3358 5559 3506 5609 savn'
3536 5560 3587 5607 iu

1951 5625 2165 5697 margine
2187 5635 2355 5697 αὐτοῖς.
2385 5634 2501 5697 Reg.
2531 5625 2863 5697 eLBaypricug.
2887 5626 3067 5697 αὐτούς.
3150 5684 3167 5697 Ι
3186 5689 3195 5697 ι
3381 5681 3394 5696 ‘
3480 5678 3492 5693 '

2021 5684 2338 5757 ίῖξοψιειιιίὶτ
2360 5684 2552 5757 mod:th
2572 5688 2791 5753 Patribqs
2810 5686 3093 5757 _famili_aris.
3122 5756 3125 5757 ν
3150 5684 3277 5757 Ἀνω
3304 5684 3590 5757 ⁸ιιιιὶΔτιεὶτειι,

1953 5740 2381 5811 διινδῖίηιηᾶέὸτειιιη
2411 5752 2467 5798 ad
2508 5752 2716 5811 lilleraﬁm
2756 5745 3149 5811 interprelamur,
3170 5750 3273 5811 ,θυι
3296 5740 3591 5811 διιεμεᾳωξ

1954 5802 2184 5879 Ξξζῖέρίκ]
2200 5802 2589 5879 iihrysostornum
2612 5810 2825 5879 aliosqup
2852 5802 3039 5879 Ρειςοῖς,
3058 5810 3139 5879 Au};
3155 5802 3487 5879 frequentiam
3503 5802 3589 5847 aut

1958 5865 2310 5933 §-éi.é{nennmﬁ
2334 5871 2589 5931 exprimal,
2618 5865 3075 5933 u_surpalg1r,__u_l._lroc
3102 5865 3219 5911 loco.

2023 5924 2149 5989 έέῖέ
2178 5940 2339 5985 Bavar.
2366 5954 2376 5981 -.
2401 5924 2597 5991 him-.0;
2626 5929 2793 5975 deerat
2815 5928 2863 5972 in
2892 5924 3061 5973 lidius.
