4130 6312
518 402 583 455 21
1374 405 1430 462 S.
1471 407 1752 467 JOANNIS
1792 410 2270 468 CIIHYSOSTOMI
2305 413 2615 472 ARCUIEP.
2655 416 3187 479 CONSTANTINOP.
3366 476 3370 480 .
3854 446 3926 498 22

531 507 611 563 ὅτι
637 509 866 584 μελέτην
899 512 1176 566 ἐποιοῦντο
1205 513 1299 585 τὴν
1321 519 1607 590 ἁμαρτίαν,
1636 526 1727 577 καὶ
1755 524 2023 594 πανταχοῦ
2058 527 2175 595 μετ’

529 595 853 659 ἐπιτάσεως.

603 688 676 744 ς’.
701 684 808 735 Καὶ
833 685 985 738 τοῦτο
1009 687 1063 740 δὲ
1085 690 1182 759 τῆς
1206 693 1535 763 ἡμερότητος
1557 693 1748 758 αὐτοῦ,
1771 695 1829 748 τὸ
1849 695 2172 750 ἀπειλοῦντα

528 766 929 835 ἀπολογεῖσθαι.
969 773 1159 844 Τίθησι
1194 777 1300 847 γὰρ
1335 779 1432 835 τὰς
1476 779 1668 842 αἰτίας,
1702 780 1768 832 δι’
1797 781 1864 843 ἀς
1897 783 1958 834 οὐ
2005 798 2172 852 προσ-

535 852 664 904 ίεται
711 855 810 924 τὴν
859 856 1039 928 εὐχήν.
1088 863 1419 927 Λούσασθε,
1461 866 1987 934 καθαροὶ-γίνεσθε.
2023 868 2165 933 Πῶς,

529 937 717 1023 εἰπὼν,
767 943 972 996 οὐκέτι
1016 947 1221 1013 ἀνήσω
1258 949 1361 1013 τὰς
1404 951 1684 1018 ἁμαρτίας
1722 952 1903 1018 ὑμῶν,
1932 955 2168 1023 συμϐου·

526 1020 691 1088 λεύει,
721 1027 813 1079 καὶ
846 1029 1024 1093 δείξας
1052 1032 1242 1084 ἀνίατα
1275 1035 1575 1096 νοσοῦντας,
1603 1035 1882 1105 διόρθωσιν
1920 1020 2164 1107 είσάγει;

530 1108 690 1172 Ἔθος
718 1111 794 1178 τῷ
833 1113 968 1181 Θεῷ,
1013 1115 1105 1166 καὶ
1130 1116 1290 1184 ἡνίκα
1327 1119 1390 1170 ἂν
1419 1120 1634 1188 ἀπειλῇ,
1669 1121 2025 1191 ἀπαγορεύειν
2067 1124 2167 1193 τὴν

525 1195 814 1263 σωτηρίαν,
861 1196 999 1249 ῶστε
1053 1200 1280 1269 αὐξῆσαι
1328 1205 1419 1256 τὸν
1463 1203 1642 1270 φόϐον,
1685 1205 1776 1257 καὶ
1823 1205 1896 1276 μὴ
1938 1207 2166 1262 ἐνταῦθα

523 1277 809 1332 καταλύειν
839 1280 928 1333 τὸν
957 1282 1131 1350 λόγον,
1167 1285 1304 1338 ὥστε
1335 1286 1572 1356 χρηστὰς
1599 1288 1870 1343 ὑποτεῖναι
1898 1291 1994 1356 τὰς
2017 1295 2164 1346 ἐλπί-

521 1360 637 1426 δας,
691 1365 784 1417 καὶ
839 1367 1007 1438 ταύτῃ
1059 1370 1219 1422 πάλιν
1265 1373 1342 1433 είς
1397 1374 1680 1442 μετάνοιαν
1715 1375 2022 1444 ἐπανάγειν.
2057 1380 2164 1433 Καὶ

520 1447 675 1501 τοῦτο
707 1453 974 1522 πανταχοῦ
1004 1456 1283 1525 γινόμενον
1319 1457 1417 1510 ίδοι
1455 1474 1538 1521 τις
1579 1459 1665 1513 ἀν.
1699 1461 1817 1513 Ἐπὶ
1852 1462 2028 1530 μέντοι
2058 1463 2163 1516 τῶν

517 1532 813 1590 Νινευιτῶν
851 1539 910 1589 οὑ
945 1539 1030 1590 διὰ
1067 1541 1342 1609 ῥημάτων,
1383 1543 1516 1595 ἀλλὰ
1550 1543 1637 1596 διά
1676 1547 2008 1614 πραγμάτων
2035 1548 2163 1600 αὐτὸ

519 1622 832 1692 πεποίηκεν.
877 1628 964 1678 Ἐν
992 1626 1099 1696 γὰρ
1135 1630 1248 1690 τοῖς
1286 1629 1462 1697 λόγοις
1494 1632 1642 1683 οὐδὲν
1671 1633 1898 1701 χρηστὸν
1931 1634 2160 1704 ὑποσχό-

520 1723 699 1775 μενος,
729 1709 864 1763 ἀλλὰ
892 1713 1102 1781 γυμνὴν
1131 1713 1224 1765 ἐπὶ
1248 1714 1346 1784 τῆς
1367 1715 1592 1785 ἀπειλῆς
1621 1716 1828 1769 κεῖσθαι
1870 1719 1966 1787 τὴν
1993 1735 2162 1787 τιμω-

517 1793 640 1861 ρίαν
666 1796 843 1862 ἀφεὶς,
879 1798 1066 1868 ἐπειδὴ
1105 1799 1171 1851 τὰ
1206 1803 1333 1870 παρ’
1365 1802 1567 1855 ἑαυτῶν
1597 1803 1933 1868 ἐπεδείξαντο
1965 1805 2161 1868 πάντες

513 1879 564 1961 οἱ
598 1877 881 1950 βάρϐαροι,
916 1885 1124 1953 ταχέως
1145 1885 1298 1938 ἔλυσε
1327 1887 1426 1956 τὴν
1459 1889 1643 1960 ὀργήν.
1682 1889 1833 1942 Οὕτω
1866 1891 1958 1943 καὶ
2000 1893 2057 1944 ἐν
2085 1892 2160 1961 τῷ

513 1959 711 2030 ψαλμῷ
744 1966 903 2018 πάλιν
937 1970 965 2019 ό
995 1971 1175 2023 Δαυῖδ·
1212 1970 1380 2040 ἔφθην
1419 1959 1526 2040 γὰρ
1567 1971 1754 2035 είπὼν,
1789 1976 1867 2026 ὅτι
1909 1976 2043 2038 ὅλως
2091 1959 2158 2029 δί’

512 2044 634 2096 ὅλου
657 2048 734 2116 τῷ
757 2052 1023 2121 προοιμίῳ
1051 2054 1204 2106 τοῦτο
1224 2059 1527 2123 προσέοικε·
1558 2060 1648 2111 καὶ
1675 2059 1858 2129 ὥσπερ
1883 2056 2034 2123 οῦτός
2058 2079 2157 2131 φη-

513 2145 586 2214 σι·
622 2135 956 2199 Λονύσασθε,
1010 2140 1252 2206 καθαροί
1309 2143 1562 2210 γίνεσθε,
1600 2146 1736 2214 μετὰ
1776 2147 1875 2208 τὰς
1911 2148 2154 2210 ἀπειλάςο

510 2213 652 2268 οὕτω
707 2220 798 2271 καὶ
854 2222 1055 2286 ἐκεῖνος
1098 2226 1233 2294 μετά
1282 2228 1342 2278 τὸ
1388 2231 1575 2294 εἰπεῖν,
1629 2232 1872 2298 Ἐλέγξω
1922 2249 2014 2295 σε,
2057 2233 2156 2286 καί

510 2304 878 2370 παραστήσω
924 2309 1073 2360 κατὰ
1104 2312 1425 2376 πρόσωπόν
1459 2329 1574 2367 σου
1604 2316 1708 2381 τὰς
1741 2317 1986 2383 ἀνομίας
2016 2334 2151 2382 σου,

509 2387 777 2468 ἐπήγαγε·
810 2392 999 2444 Θυσίιι
1025 2394 1305 2461 αἰνέσεως
1332 2397 1571 2461 δοξάσει
1595 2417 1690 2467 με,
1718 2402 1813 2453 καί
1842 2402 1968 2455 ἐκεῖ
1991 2402 2150 2468 ὁδὸς,

507 2467 547 2541 ᾗ
571 2472 742 2536 δείξω
772 2476 972 2541 αὐτοῖς
1008 2481 1071 2530 τὸ
1095 2483 1389 2547 σωτήριον
1417 2486 1521 2538 τοῦ
1555 2487 1718 2540 Θεοῦ·
1754 2486 1953 2540 αἴνεσιν
1984 2467 2152 2556 λέγων

509 2557 606 2626 τὴν
643 2557 731 2612 διά
773 2561 880 2612 τῶν
927 2562 1101 2632 ἔργων
1133 2563 1454 2633 δοξολογίαν,
1490 2569 1581 2621 καὶ
1608 2568 1702 2639 τὴν
1743 2570 2029 2638 ἐπίγνωσιν
2056 2573 2151 2643 τὴν

508 2644 589 2704 είς
616 2644 796 2698 αὐτόν.

579 2746 695 2800 Ἵνα
740 2749 827 2812 δὲ,
873 2753 1218 2816 Λούσασθε,
1263 2757 1505 2824 καθαροί
1562 2758 1828 2826 γίνεσθε,
1886 2760 2149 2815 ἀκούσαν·

503 2844 616 2896 τες,
665 2833 740 2904 μὴ
776 2836 903 2899 τοὺς
946 2838 1200 2901 εἰωθότας
1237 2840 1350 2911 [12]
1393 2843 1648 2911 νομίσωσι
1688 2845 2017 2915 καθαρμοὺς,
2055 2849 2151 2900 ἐπ-

505 2918 730 2986 ήγαγενι
790 2923 1057 2989 Ἇφέλετε
1113 2926 1218 2989 τὰς
1262 2930 1545 2994 πονηρίας
1598 2930 1716 2982 ἀπὸ
1768 2931 1885 2983 τῶν
1938 2931 2150 3000 ψυχῶν

503 3001 670 3070 ὑμῶν
696 3006 980 3060 ἀπέναντι
1021 3007 1138 3062 τῶν
1177 3011 1495 3079 ὀφθαλμῶν
1517 3030 1656 3080 μου,
1691 3017 2002 3069 παύσασθε
2032 3017 2147 3069 ἀπὸ

502 3087 622 3142 τῶν
639 3092 941 3158 πονηριῶν
959 3093 1143 3161 ὑμῶν.
1174 3095 1245 3145 Τὸ
1268 3099 1363 3165 τῆς
1386 3097 1582 3166 ἀρετῆς
1608 3096 1822 3150 εὕκολον
1847 3100 2028 3162 ἔδειξε,
2059 3101 2149 3153 καὶ

501 3174 601 3242 τὴν
637 3176 737 3245 τῆς
761 3176 1002 3239 ἐξουσίας
1035 3178 1356 3248 ἐλευθερίαν,
1390 3181 1469 3232 ὃτι
1499 3181 1556 3230 ἐν
1590 3183 1769 3242 αὐτοῖς
1800 3178 1866 3251 ἦν
1896 3183 1955 3235 τὸ
1988 3200 2150 3252 μετα-

503 3259 777 3315 ϐαλέσθαι.
807 3261 1033 3317 Μὰθετε
1059 3264 1250 3317 καλὸν
1292 3267 1500 3324 ποιεῖν.
1541 3266 1722 3331 Οὕτως
1763 3269 1866 3323 ὑπὸ
1898 3271 1997 3336 τῆς
2027 3269 2152 3322 πολ-

514 3341 610 3428 λῆς
641 3344 902 3413 πονηρίας
941 3349 1034 3400 καὶ
1064 3349 1160 3419 τὴν
1201 3353 1507 3424 ἐπιστήμην
1541 3355 1638 3425 τῆς
1677 3357 1875 3426 ἀρετῆς
1908 3354 2046 3428 ἦσαν
2071 3361 2163 3412 ἐκ·

511 3427 853 3500 ϐεϐληκότες.
893 3433 1046 3487 Οὕτω
1092 3437 1184 3489 καὶ
1223 3441 1251 3490 ό
1298 3441 1575 3510 προφήτης
1601 3444 1759 3495 Δαυῖδ
1789 3427 1939 3513 φησιέ
1967 3445 2160 3514 Δεῦτε,

511 3516 708 3582 τέκνα,
758 3522 1054 3578 ἀκούσατέ
1090 3543 1228 3595 μουυ
1262 3532 1448 3596 φόϐον
1483 3533 1697 3598 Κυρίου
1735 3534 1952 3597 διδάξω
1987 3537 2160 3605 ὑμᾶς.

509 3608 706 3660 Πασῶν
732 3611 837 3681 γὰρ
875 3616 1188 3684 ἐπιστημῶν
1218 3617 1351 3688 αὕτη
1383 3621 1641 3689 ἀνωτέρα,
1670 3623 1763 3674 καὶ
1790 3623 2028 3688 πλείονος
2055 3627 2161 3679 δεο-

510 3698 644 3768 μένη
687 3703 940 3773 σπουδῆς,
972 3706 1081 3776 ὅσῳ
1123 3708 1215 3761 καὶ
1258 3709 1477 3763 πλείονα
1524 3711 1633 3781 ἔχει
1673 3712 1740 3765 τὰ
1777 3713 2155 3781 διακωλύοντα,

501 3798 712 3864 φύσεως
749 3801 1053 3871 τυραννίδα,
1095 3801 1186 3852 καὶ
1210 3801 1570 3871 προαιρέσεως
1604 3801 1887 3870 ρᾳθυμίαν,
1920 3803 2012 3854 καὶ
2033 3805 2146 3855 δαι⁶

503 3888 680 3955 μόνων
713 3888 1019 3951 ἐπιϐουλὰς,
1064 3891 1155 3942 καὶ
1198 3891 1530 3960 πραγμάτων
1579 3891 1749 3958 ὄχλον.
1783 3889 1937 3942 Οὕτω
1966 3891 2027 3960 δὴ
2055 3892 2145 3944 καὶ

501 3974 733 4045 Βαρούχ·
779 3972 964 4041 Οὗτος
999 3979 1030 4029 ό
1070 3978 1212 4040 Θεὸς
1244 3979 1427 4044 ἡμῶν*
1461 3980 1532 4030 οὐ
1573 3978 1988 4044 λογισθήσεται
2024 3979 2145 4031 ἐτε-

493 4080 600 4130 ρος
634 4065 781 4132 πρὸς
811 4067 1013 4118 αὐτόν·
1037 4065 1239 4133 ἐξεῦρε
1262 4066 1462 4122 πᾶσαν
1485 4066 1625 4120 ὀδόν
1651 4067 1995 4136 ἐπιστήμης.
2032 4070 2148 4121 Ἐκ-

499 4151 788 4219 (ητήσατε
820 4157 1037 4222 κρίσιν.
1069 4157 1340 4218 Τουτέστι,
1368 4159 1426 4208 τὸ
1454 4159 1680 4210 ἐκδικεῖν
1710 4160 1832 4221 τοὺς
1865 4160 2147 4229 ἀδικουμέ-

498 4260 640 4310 νους,
670 4246 804 4316 ὅπερ
835 4245 1026 4298 πολλοῦ
1054 4247 1212 4300 πόνου
1241 4247 1403 4300 δεῖται
1430 4248 1522 4300 καὶ
1551 4249 1818 4319 νηφούσης
1836 4249 2029 4320 ψυχῆς.
2056 4251 2146 4303 Διὸ

499 4334 593 4386 καὶ
636 4334 1002 4405 Ἐκζητήσατε
1036 4332 1177 4388 εἷπε.
1210 4336 1383 4390 Πολλά
1412 4338 1516 4407 γάρ
1551 4341 1664 4391 ἐστι
1696 4340 1763 4392 τὰ
1792 4339 2145 4402 συσκιάζοντα

498 4424 560 4476 τὸ
599 4423 825 4489 δίκαιον,
870 4425 959 4476 καὶ
1000 4425 1310 4495 δωροδοκία,
1357 4427 1448 4479 καὶ
1476 4428 1683 4494 ἄγνοια,
1725 4429 1817 4481 καὶ
1845 4429 2141 4494 δυναστεία,

500 4511 594 4562 καὶ
618 4511 798 4575 αἰδὼς,
839 4514 930 4566 καὶ
966 4513 1146 4580 φόϐος,
1180 4515 1270 4566 καὶ
1299 4515 1554 4584 θεραπεία
1595 4517 1910 4588 προσώπων·
1942 4521 2034 4572 καὶ
2066 4520 2146 4572 δεῖ

500 4603 701 4673 πολλῆς
762 4605 862 4674 τῆς
922 4606 1244 4676 ἀγρυπνίας.
1314 4607 1629 4662 Ῥύσασθαι
1672 4621 1696 4649 ι
1734 4610 2144 4678 ἀδικούμενον.

500 4692 669 4746 Τοῦτο
704 4696 861 4748 πλέον
898 4696 990 4748 τοῦ
1037 4697 1318 4766 προτέρου’
1354 4698 1413 4750 ού
1445 4698 1550 4768 γὰρ
1583 4699 1799 4752 ἀπαιτεῖ
1829 4701 1888 4753 τὸ
1919 4703 2144 4770 ψηφίζε-

500 4782 622 4834 σθαι
651 4784 720 4836 τὰ
748 4785 949 4847 δίκαια,
988 4787 1121 4840 ἀλλά
1160 4788 1251 4838 καὶ
1291 4788 1348 4839 τὸ
1380 4791 1457 4849 είς
1494 4788 1662 4858 πέρας
1695 4791 1864 4856 ἄγειν.
1901 4793 2144 4858 Κρίνατε

499 4873 783 4941 ὀρφανὸν,
816 4877 912 4929 καί
945 4877 1290 4930 δικαιώσατε
1313 4878 1521 4946 χήραν.
1555 4879 1722 4941 Πολὺς
1749 4880 1824 4950 τῷ
1850 4881 1967 4950 Θεῷ
1992 4883 2145 4949 λόγος

497 4963 591 5017 τοῦ
636 4965 838 5034 μηδένα
870 4966 1094 5035 πάσχειν
1122 4967 1321 5030 κακῶς,
1354 4969 1549 5021 πλείων
1589 4968 1664 5032 δὲ,
1711 4971 1836 5022 ὅταν
1877 4973 2012 5040 μετά
2055 4973 2144 5024 τοῦ

500 5054 728 5122 πάσχειν
752 5055 935 5118 κακῶς
963 5056 1055 5108 καὶ
1078 5056 1236 5125 ἐτέρᾳ
1263 5057 1403 5117 τινὲς
1435 5051 1564 5109 ὦσιν
1587 5059 1916 5128 ἐνδεδυμένοι
1944 5077 2146 5130 συμφο-

500 5145 588 5213 ρᾷ.
647 5145 711 5196 Ἦ
747 5142 854 5214 γάρ
897 5145 1156 5215 χηρανεία
1201 5148 1228 5186 δ
1285 5151 1376 5199 καὶ¹
1423 5145 1649 5215 ὀρφανία
1701 5149 1793 5202 καὶ
1838 5149 1958 5202 καθ’
1987 5150 2146 5204 ἐαυτὸ

498 5217 786 5303 ἀφόρητον⁹
828 5237 952 5288 ὅταν
992 5237 1047 5288 δὲ
1095 5239 1188 5291 καὶ
1221 5241 1350 5308 παρ’
1377 5240 1574 5309 ἐτέρων
1615 5242 2035 5310 ἐπηρεάζωνται,
2069 5244 2146 5295 δι-

499 5321 664 5374 πλοῦν
684 5323 746 5375 τὸ
773 5325 1042 5392 ναυάγιον.
1071 5328 1180 5380 Καὶ
1211 5327 1399 5391 δεῦτε,
1429 5330 1524 5382 καὶ
1548 5329 1957 5398 διαλεχθῶμεν,
1987 5332 2144 5401 λέγει

499 5413 730 5476 Κύριος.
781 5414 1196 5486 Παρατηρητέον
1241 5418 1320 5470 ὅτι
1363 5418 1633 5487 πανταχοῦ
1692 5419 1797 5471 τῶν
1859 5423 2144 5491 προφητῶν

498 5502 647 5555 οὐδὲν
679 5503 848 5566 οὕτως
895 5507 922 5556 ό
972 5505 1101 5569 Θεὸς
1143 5507 1403 5578 ἐπιζητεῖ,
1442 5512 1516 5572 ῶς
1551 5510 1610 5562 τὸ
1640 5513 1751 5573 τοῖς
1781 5513 2145 5583 ἀδικουμένοις

501 5588 816 5658 ἐπαμύνειν.
845 5593 996 5646 Οὕτω
1046 5595 1174 5662 γοῦν
1209 5597 1300 5648 καὶ
1334 5597 1583 5668 ἀλλαχοῦ,
1621 5598 1694 5661 ὡς
1737 5601 1793 5652 ἐν
1831 5602 1906 5673 τῷ
1939 5605 2144 5676 Μιχαίᾳ

561 5792 585 5864 ξ
609 5791 892 5864 {tegendum
917 5796 1132 5864 ῥύσασθε,
1156 5797 1363 5857 liberale,
1383 5808 1440 5864 ιιι
1463 5803 1642 5864 legitur
1661 5808 1709 5854 in
1737 5805 1914 5856 Bibliis.

560 5850 588 5932 ξ
618 5850 868 5932 Χῄῆξέινεία,
892 5850 1131 5932 viduitas,’
1158 5873 1246 5908 vox
1270 5850 1395 5921 apttd
1439 5850 1599 5911 aliﬁ’mi
1624 5850 2140 5932 nitito-mnit-‘riptorem

502 5913 617 5962 mlh:
644 5913 798 5961 adhuc
822 5913 1092 5966 observata.

2289 526 2546 594 λεγόντων
2587 530 2694 582 τῶν
2743 530 3001 584 Ἰουδαίων
3028 543 3081 570 θ’
3126 536 3194 587 El
3238 536 3404 590 δώσω
3435 543 3772 606 πρωτότοκά
3807 562 3921 613 μου

2277 613 2424 679 ὑπὲρ
2452 615 2722 680 ἀσεϐείας
2746 634 2884 683 μου,
2912 618 3140 684 καρπὸν
3162 622 3390 686 κοιλίας
3407 641 3524 690 μου
3552 627 3704 694 ὑπὲρ
3736 630 3920 697 ἁμαρ-

2273 698 2403 762 τίας
2422 699 2628 766 ψυχῆς
2641 717 2780 767 μου,
2815 701 3056 771 ἐπήγαγε
3085 704 3273 771 λέγων’
3306 707 3633 776 Ἀπαγγελῶ
3668 729 3786 773 σοι.
3825 715 3924 767 ἆν-

2271 786 2482 861 θρωπε,
2505 784 2562 836 τί
2576 786 2784 849 καλὸν,
2803 786 2897 838 καί
2915 788 2971 838 τί
2986 788 3196 855 Κύριος
3205 789 3432 857 ἐκζητεῖ
3443 797 3603 861 παρὰ
3623 799 3759 860 σοῦ,
3779 799 3922 853 ἀλλ’

2269 860 2306 927 ἢ
2323 863 2425 916 τοῦ
2442 863 2632 916 ποιεῖν
2646 866 2821 932 κρίμα
2833 866 2928 917 καί
2948 867 3185 936 ἀγαπᾷν
3199 870 3393 934 ἔλεον,
3411 875 3505 925 καί
3521 860 3756 944 ἕτοιμον
3765 875 3921 932 εἶναι

2267 946 2736 1014 τοῦ-πορεύεσθαί
2746 965 2817 1002 σε
2830 951 3020 1004 ὀπίσω
3032 954 3251 1019 Κυρίου
3267 956 3370 1008 τοῦ
3386 958 3531 1011 Θεοῦ
3544 975 3679 1016 σου.
3695 963 3800 1015 Καὶ
3813 964 3918 1016 πά-

2267 1029 2679 1103 λινόπροφήτης
2701 1027 2859 1086 Δαυῒδ
2887 1036 3087 1103 ἔλεγεν·
3114 1039 3324 1092 Ἕλεον
3349 1039 3445 1094 καὶ
3473 1045 3675 1110 κρίσιν
3695 1045 3916 1114 ᾄσομαι

2267 1127 2386 1200 σοι,
2415 1117 2607 1184 Κύριε.
2633 1115 2739 1171 Καὶ
2773 1119 2943 1173 δευτε
2967 1118 3062 1186 δή.
3104 1120 3369 1194 Πρότερον
3404 1129 3514 1191 τοῖς
3559 1128 3916 1200 δικαιώμασιν

2265 1199 2506 1263 ὁπλίσας,
2531 1203 2649 1254 τότε
2672 1204 2762 1256 ἐπὶ
2785 1205 2844 1258 τὸ
2862 1204 3202 1276 δικαστήριον
3225 1208 3390 1275 ἕλκει,
3415 1212 3508 1264 καὶ
3535 1199 3913 1280 διδάξαςίόπως

2266 1287 2332 1339 ἂν
2360 1287 2712 1342 ἀποδύσαιντο
2737 1291 2803 1344 τά
2840 1291 3175 1362 ἐγκλήματα,
3215 1294 3335 1346 τότε
3386 1296 3605 1350 ἀπαιτεῖ
3636 1301 3733 1363 τὰς
3753 1303 3913 1354 εὐθύ·

2265 1388 2380 1434 νας,
2437 1370 2523 1424 ἵνα
2577 1374 2649 1442 μὴ
2705 1375 2942 1444 γυμνοὺς
3003 1372 3194 1440 αὐτοὺς
3253 1379 3352 1448 τῆς
3398 1382 3690 1450 ἀπολογίας
3732 1386 3911 1439 λαϐὼν

2265 1457 2581 1529 κατακρίνῃ.
2609 1458 2716 1511 Καὶ
2748 1458 3194 1528 διελεγχθῶμεν.
3227 1464 3599 1534 Δικασώμεθα,
3633 1471 3812 1538 φησίν.
3852 1471 3911 1523 '0

2262 1542 2608 1611 δικαζόμενος
2639 1544 2927 1613 συνήγορος
2948 1545 3151 1612 γίνεται
3182 1549 3275 1601 καὶ
3305 1549 3505 1621 ἱατρός.
3528 1548 3658 1604 Εἶτα
3677 1555 3906 1617 δεικνὺς,

2262 1627 2341 1680 ὅτι
2383 1629 2484 1680 κᾶν
2529 1629 2735 1697 μεγάλα
2779 1623 3155 1699 ἐργασώμεθα,
3205 1633 3285 1685 ἔτι
3329 1638 3426 1705 τῆς
3475 1635 3638 1690 αὐτοῦ
3678 1637 3908 1708 δεόμεθα

2264 1714 2664 1784 φιλανθρωπίας
2713 1710 2791 1779 είς
2833 1710 2892 1768 τδ
2936 1717 3041 1770 τῶν
3075 1716 3479 1790 ἁμαρτημάτων
3510 1724 3905 1796 ἀπαλλαγῆναι,

2263 1799 2441 1868 φησίν·
2487 1800 2618 1852 Ἐὰν
2647 1798 2796 1854 ὦσιν
2821 1799 2984 1869 ὑμῶν
3003 1804 3061 1857 al
3081 1805 3353 1872 ἁμαρτίαι
3373 1807 3452 1873 ὡς
3470 1810 3800 1876 φοινικοῦν,
3826 1813 3908 1878 ὡς

2261 1887 2430 1952 χιόνα
2444 1881 2737 1938 λευκανῶ·
2754 1885 2849 1949 τὰς
2867 1889 2929 1940 ἐκ
2946 1888 3230 1960 διαμέτρου
3253 1891 3538 1960 ποιότητας
3559 1896 3803 1950 ἐναντίας
3819 1897 3908 1950 λαο

2261 1968 2403 2032 ϐὼν,
2446 1970 2537 2021 καὶ
2581 1969 2939 2039 ὑποσχόμενος
2977 1973 3110 2043 πρὸς
3159 1972 3219 2026 τὸ
3266 1975 3505 2029 ἐναντίον
3544 1982 3903 2050 μεταστήσειν

2259 2056 2385 2107 αὑτό
2402 2055 2450 2112 ἀ,
2485 2055 2617 2109 Ἐὰν
2642 2054 2708 2108 δὲ
2733 2051 2882 2109 ὦσιν
2899 2053 2978 2121 ὡς
3007 2061 3302 2126 κόκκινον,
3328 2056 3407 2126 ὡς
3426 2064 3585 2130 ἔριον
3607 2066 3898 2120 λευιιανῶ.

2259 2141 2429 2209 Πολλὴ
2458 2140 2557 2209 τῆς
2580 2142 2686 2194 τῶν
2722 2141 2904 2210 χηρῶν
2933 2145 3258 2212 προστασίας
3286 2149 3318 2216 ὴ
3349 2148 3591 2217 δύναμις,
3624 2150 3737 2220 [15]
3768 2154 3902 2218 εἴγε

2257 2226 2355 2295 τὴν
2399 2225 2541 2278 οὕτω
2569 2227 3082 2297 καταρρυπωθεῖσαν
3108 2229 3302 2299 ψυχὴν,
3331 2231 3404 2294 ὼς
3444 2234 3536 2287 καὶ
3565 2235 3695 2288 αὐτὸ
3723 2236 3900 2306 βαφὴν

2255 2312 2503 2375 δέξασθαι
2540 2315 2816 2383 πονηρίας,
2852 2316 2926 2385 μὴ
2967 2317 3125 2385 μόνον
3166 2319 3489 2375 ἀπαλλάττει
3534 2325 3633 2394 τῆς
3681 2323 3895 2391 κακίας,

2255 2397 2387 2451 ἀλλά
2432 2401 2523 2451 καὶ
2562 2399 2814 2470 λαμπρὰν
2847 2400 3018 2465 οὕτως
3067 2405 3362 2472 ἐργάζοιτο.
3398 2408 3505 2461 Καὶ
3537 2409 3644 2462 ἐὰν
3665 2409 3893 2477 θέλητε,

2256 2484 2351 2535 καί
2371 2486 2758 2552 είσακούσητέ
2771 2504 2910 2554 μου,
2930 2488 3001 2540 τὰ
3019 2489 3206 2556 ἀγαθά
3224 2490 3331 2557 τῆς
3343 2491 3454 2560 γῆς
3466 2493 3742 2563 φάγεσθε.
3763 2497 3899 2549 Ἐὰν

2253 2568 2416 2635 δὲμὴ
2437 2570 2663 2635 θέλητε,
2701 2573 2845 2637 μηδὲ
2875 2568 3268 2640 εἳσακούσητέ
3293 2594 3430 2644 μου,
3449 2579 3709 2647 μάχαιρα
3738 2581 3894 2648 ὑμᾶς

2253 2653 2568 2706 κατέδεται.
2623 2656 2690 2707 Τό
2735 2655 2842 2722 γὰρ
2877 2657 3066 2725 στόμα
3112 2661 3331 2725 Κυρίου
3380 2662 3644 2729 ἐλάλησε
3685 2665 3891 2720 ταῦτα.

2264 2737 2474 2807 Ἐπειδὴ
2512 2738 2618 2808 γὰρ
2659 2742 2768 2801 τοῖς
2802 2742 3122 2812 παχυτέροις
3152 2743 3248 2812 ούχ
3281 2743 3449 2809 οὕτως
3490 2749 3894 2820 ἁμαρτημάτων

2249 2820 2530 2892 ἀπαλλαγὴ
2593 2823 2833 2876 ποθεινὸν
2900 2826 2989 2879 καὶ
3056 2826 3409 2892 εὐσύνοπτον,
3465 2830 3539 2895 ὡς
3579 2833 3685 2885 τῶν
3722 2836 3777 2887 ἐν
3813 2826 3893 2904 τῷ

2249 2907 2470 2976 παρόντι
2505 2907 2603 2978 βίῳ
2635 2909 2927 2964 δοκούντων
2969 2908 3102 2964 εῐναι
3141 2913 3318 2966 καλῶν
3353 2917 3385 2985 ή
3431 2917 3742 2982 ἀπόλαυσις.
3774 2925 3891 2989 μετ’

2248 2992 2466 3044 ἐκείνων
2502 2994 2593 3046 καὶ
2624 2993 2793 3048 ταῦτα
2823 2995 3227 3064 ἐπαγγέλλεται·
3267 3000 3359 3052 καὶ
3385 3003 3490 3071 γάρ
3523 3001 3615 3056 καὶ
3645 3002 3797 3057 τοῦτο
3830 3005 3892 3072 ἐξ

2247 3076 2474 3126 ἐκείνου.

2315 3149 2378 3213 ζ’.
2395 3145 2524 3203 Εῐτα
2542 3151 2752 3215 δεικνὺς
2767 3153 2849 3205 ὅτι
2874 3153 3088 3208 εὕκολον
3109 3158 3140 3227 ἡ
3160 3158 3343 3230 ἀρετὴ,
3368 3161 3427 3215 ἐν
3442 3160 3519 3231 τῷ
3537 3159 3709 3213 θέλειν
3726 3163 3897 3233 αὐτὴν

2245 3234 2422 3304 τίθησι
2457 3236 2632 3303 μόνον.
2670 3238 2827 3291 Ὥστε
2859 3240 2913 3292 δέ
2944 3242 3016 3312 μὴ
3040 3246 3150 3306 τοῖς
3175 3251 3426 3314 χρηστοῖς
3458 3248 3701 3311 ἐκλῦσαι,
3735 3249 3899 3301 πάλιν

2245 3321 2323 3382 είς
2356 3320 2423 3373 τὰ
2453 3321 2655 3392 φοϐερά
2682 3326 3040 3392 κατακλείσας
3074 3329 3162 3382 τὸν
3204 3330 3379 3399 λόγον.
3412 3333 3718 3396 ἀξιόπιστον
3757 3337 3905 3386 ποιεῖ

2243 3408 2309 3475 τῇ
2329 3405 2549 3476 δυνάμει
2588 3408 2678 3460 τοῦ
2704 3410 2871 3463 ταῦτα
2899 3413 3332 3484 ἀποφηναμένου.
3357 3417 3485 3484 Πῶς
3503 3420 3734 3489 ἐγένετο
3757 3422 3903 3488 πόρ-

2245 3507 2319 3557 νη
2343 3492 2516 3556 πόλις
2537 3495 2719 3561 πιστὴ
2744 3497 2915 3562 Σιών;
2947 3501 3055 3552 Καὶ
3071 3501 3168 3570 τῆς
3185 3503 3374 3574 ὀδύνης
3398 3505 3491 3560 τοῦ
3514 3506 3779 3575 λέγοντος,
3804 3509 3902 3560 καὶ

2396 3578 2590 3648 πολλῆς
2639 3582 2743 3634 τῶν
2785 3584 3046 3639 Ἰουδαίων
3093 3587 3443 3660 ἀναισθησίας
3489 3594 3522 3662 ή
3559 3592 3899 3662 διαπόρησις,

2249 3661 2340 3713 καὶ
2367 3662 2456 3713 τοῦ
2489 3665 2616 3736 παρ’
2647 3667 2833 3721 ἐλπίδα
2861 3671 3112 3738 γενέσθαι
3153 3673 3213 3726 τὸ
3253 3661 3632 3746 γεγενημένον.
3663 3661 3906 3731 Τοιαῦτα

2247 3750 2342 3803 καὶ
2375 3753 2584 3817 Παῦλος
2612 3758 2702 3809 ἐπὶ
2731 3758 2981 3813 Γαλατῶν
3010 3760 3254 3833 διαπορεῖ
3279 3764 3470 3833 λέγων·
3500 3763 3774 3832 Θαυμάζω
3807 3763 3903 3817 ὅτι

2246 3846 2395 3897 οὕτω
2429 3845 2648 3913 ταχέως
2680 3846 3061 3910 μετατίθεσθε
3084 3862 3097 3874 ·
3129 3847 3263 3915 ὅπερ
3285 3850 3340 3898 ἐν
3365 3847 3718 3917 ἐγκλημάτων
3737 3846 3894 3909 τάξει

2247 3932 2339 3983 καὶ
2367 3932 2668 4000 προτροπῆς
2700 3926 2836 3991 εἶδός
2861 3931 2995 3993 ἐστι,
3025 3929 3158 4000 πρὸς
3193 3930 3390 4001 ἀρετὴν
3430 3930 3890 3999 ἀνακαλουμένου.

2247 4017 2310 4068 Et
2351 4016 2456 4086 γὰρ
2489 4015 2577 4069 καὶ
2626 4015 2931 4084 θαυμαστὸν
2973 4016 3031 4068 τὸ
3081 4016 3388 4086 λεγόμενον,
3430 4018 3521 4071 καὶ
3552 4016 3836 4084 ἐγκωμίων
3867 4027 3894 4055 ο

2247 4101 2628 4170 ἀναμέμικται,
2664 4103 2728 4170 τῆ
2757 4102 3056 4171 κατηγορίᾳ
3091 4102 3185 4172 τὴν
3216 4101 3541 4171 κατηγορίαν
3583 4101 3893 4171 χαλεπωτέ-

2253 4204 2348 4257 ραν
2380 4187 2580 4240 ποιοῦν.
2622 4187 2695 4238 Οὐ
2736 4187 2842 4256 γὰρ
2884 4187 3023 4238 οὕτω
3051 4188 3341 4257 κακίζομεν
3381 4189 3506 4248 τοὺς
3532 4188 3677 4239 οὐδὲν
3708 4188 3892 4253 ὄντας,

2248 4274 2340 4325 καὶ
2374 4271 2570 4340 φαῦλον
2599 4273 2876 4342 μετιόντας
2907 4273 3037 4340 βίον,
3067 4272 3139 4333 ὡς
3169 4274 3294 4333 τοὺς
3324 4271 3641 4333 σπουδαίους
3677 4272 3772 4341 μὲν
3808 4269 3894 4324 εἶ-

2247 4377 2331 4412 ναι
2378 4359 2626 4424 δόξαντας
2680 4358 3004 4428 ἔμπροσθεν,
3047 4357 3115 4410 τὰ
3153 4357 3208 4408 δέ
3245 4357 3349 4409 τῶν
3381 4356 3630 4426 πονηρῶν
3666 4357 3894 4427 ὕστερον

2247 4444 2732 4513 ἐπιδεικνυμένους.
2761 4444 2968 4514 Πόρνην
2996 4443 3050 4495 δὲ
3082 4442 3308 4495 ἐνταῦθα
3341 4441 3511 4505 καλεῖ,
3547 4443 3604 4493 ού
3651 4459 3893 4512 σωματι-

2244 4529 2345 4600 κὴν
2373 4531 2655 4597 ἀσέλγειαν
2681 4531 3055 4597 αἰνιττόμενος,
3080 4529 3211 4580 ἀλλά
3233 4528 3329 4596 τὴν
3351 4527 3475 4596 περὶ
3496 4527 3624 4580 Θεὸν
3651 4529 3896 4598 ἀγνωμο-

2248 4616 2430 4685 σύνην,
2467 4617 2493 4666 ὃ
2524 4617 2772 4685 πορνείας
2801 4614 3010 4683 ἐκείνης
3042 4616 3156 4666 ἐστὶ
3185 4614 3573 4683 χαλεπώτερον.
3619 4616 3760 4668 Ἐκεῖ
3791 4618 3893 4686 μὲν

2245 4704 2352 4772 γὰρ
2371 4703 2650 4773 ἄνθρωπος
2671 4702 3034 4772 ὑϐριζόμενος,
3064 4702 3292 4754 ἐνταῦθα
3317 4703 3371 4753 δέ
3391 4703 3520 4765 Θεὸς
3545 4707 3572 4756 ό
3600 4705 3895 4773 ἀθετούμε-

2246 4806 2352 4850 νος.
2385 4790 2532 4839 Ποιεῖ
2558 4788 2613 4839 δὲ
2641 4789 2732 4838 καὶ
2759 4787 2888 4839 αὐτὸ
2909 4781 3059 4848 οὕτος
3091 4788 3182 4838 καὶ
3208 4789 3253 4838 οί
3281 4787 3424 4838 ἄλλοι
3457 4789 3653 4850 πάντες
3677 4794 3890 4860 προφῆ-

2246 4889 2353 4926 ται·
2395 4873 2578 4943 ἐπειδὴ
2617 4873 2708 4926 καὶ
2747 4875 2774 4926 ὁ
2807 4873 2937 4936 Θεὸς
2970 4871 3298 4942 κατηξίωσεν
3334 4873 3391 4923 ἐν
3422 4872 3609 4942 ἀνδρὸς
3641 4874 3788 4940 τάξει
3821 4882 3890 4948 τῇ

2309 5092 2331 5120 ε
2361 5089 2605 5153 Εόεικιῐυι·
2627 5089 2880 5153 λέγωντῶν
2924 5088 3175 5153 Ἰουδαίωνῖ
3213 5086 3302 5153 Hic
3342 5091 3602 5153 legendum
3641 5099 3776 5153 putat
3800 5096 3895 5143 Al-

2248 5151 2389 5198 lenus
2408 5151 2554 5210 λέγων
2580 5151 2632 5196 ἐκ
2653 5147 2911 5216 προσώπου
2935 5151 3028 5216 τῶν
3064 5147 3322 5216 Ἰουδαίων,
3367 5147 3567 5216 fortasse
3588 5147 3762 5200 mélius
3780 5159 3894 5216 περὶ

2245 5213 2338 5255 τῶν
2388 5211 2642 5265 Ἰουδαίων,
2682 5209 2760 5255 νει
2804 5209 2924 5253 rat-ta:
2960 5210 3072 5262 τῶν,
3116 5221 3256 5266 quam
3301 5212 3554 5259 lectionem
3597 5220 3791 5259 secutus
3812 5209 3901 5264 εει

2246 5270 2540 5318 Tilmannus.
2588 5270 2712 5318 Puto
2774 5279 2933 5315 veram
2971 5279 3082 5315 esse
3132 5270 3390 5317 lectionem
3424 5274 3637 5321 Bavarici
3661 5273 3895 5331 λεγόντων

2245 5347 2356 5377 των.

2308 5389 2334 5427 d
2360 5387 3002 5453 Altenuglegendumpntat
3041 5387 3198 5453 αὐτας,
3237 5401 3344 5453 quae
3362 5403 3452 5438 vox
3493 5395 3668 5440 melius
3688 5394 3899 5453 quadrat.

2245 5451 2302 5498 ad
2324 5449 2518 5498 seriem.
2542 5447 2797 5497 Baviricus
2817 5447 2972 5502 αὑτός,
3010 5459 3120 5507 quae
3145 5450 3289 5495 lectio
3314 5463 3407 5497 non
3429 5454 3494 5500 ita
3525 5455 3703 5507 placet.

2311 5515 2333 5539 ⁸
2356 5509 2457 5558 Hoc
2483 5513 2586 5558 loco
2611 5513 2740 5555 notat
2767 5507 2998 5570 Savilius:
3061 5522 3077 5554 ι
3107 5509 3186 5570 καὶ
3223 5509 3482 5570 ἐγκωμίων.
3511 5507 3665 5560 Locus
3687 5513 3898 5558 mendo-

2245 5585 2346 5627 sus,
2374 5574 2455 5630 qui
2477 5584 2534 5618 ex
2560 5570 2833 5632 conjectura
2859 5569 2928 5614 sic
2953 5567 3142 5632 restitui
3183 5567 3362 5632 potest;
3389 5573 3467 5617 καὶ
3491 5573 3733 5632 ἐγκωμίων
3766 5572 3894 5632 ἀνα-

2281 5629 2399 5691 ιχθὲν
2423 5637 2476 5690 τῇ
2499 5629 2753 5690 κατηγορία
2776 5629 2859 5682 τὴν
2879 5629 3157 5691 κατηγορίαν
3176 5631 3503 5691 χαλεπωτέραν
3518 5629 3665 5691 ποιεῖ,
3701 5631 3893 5680 Saltem

2281 5649 2399 5691 ιχσεν
2423 5649 2476 5690 τῃ
2499 5649 2753 5690 κατηγοριᾳ
2776 5649 2859 5682 την
2879 5649 3157 5688 κατηγοριαν
3176 5649 3503 5699 χαλεπωτερᾳν
3518 5649 3665 5698 μιοιει.
3702 5649 3893 5699 baltea!

2244 5649 2321 5737 ﬁic
2355 5693 2605 5751 estihujus
2629 5690 2718 5736 loci
2749 5701 2937 5751 §ens_us,
2965 5689 3011 5734 in
3037 5701 3150 5751 quo,
3177 5695 3229 5751 u_t
3269 5690 3315 5735 in
3340 5692 3574 5751 pluruma,
3622 5691 3893 5738 balineum-

2248 5757 2323 5796 tus
2346 5757 2420 5797 est
2443 5747 2706 5810 Intérpres.
2748 5747 2935 5812 Boi_sius
2957 5751 3043 5812 sic,
3067 5749 3159 5812 καὶΔ
3189 5747 3431 5812 ἐγκωμίων
3478 5750 3783 5812 ἀναμέμικται
3825 5757 3888 5812 τῇ

2243 5811 2496 5871 κατηγορίᾳ
2517 5806 2598 5864 τήν
2616 5806 2897 5871 κατηγορίαν
2919 5808 3245 5871 χαλεπωτέραν
3262 5806 3440 5871 ποιοῦν.
3471 5823 3488 5854 ι
3524 5806 3617 5871 Hic
3631 5806 3766 5871 bene
3807 5806 3890 5860 esi

2244 5867 2452 5918 δικ-ιονιξ
2474 5867 2666 5921 εθιιειιε,
2691 5874 2742 5913 et
2764 5868 2885 5912 hanc
2924 5875 3210 5924 postremam
3237 5867 3495 5914 lectionem
3521 5869 3663 5917 habet
3691 5870 3882 5919 Hauri-

2246 5943 2328 5978 cus
2347 5932 2514 5990 codex,
2536 5942 2674 5990 quam
2698 5924 2960 5986 sequimur.
2988 5926 3113 5974 Edtli
3137 5927 3466 5988 ἀναμέμνηται.
