4156 6312
210 398 275 453 21
1500 388 1562 444 ΙΝ
1603 386 1773 443 ISAIA

1887 387 2035 442 car.
2078 388 2119 444 l.
3375 420 3445 473 22

219 500 345 551 enim
367 510 545 555 uestra
558 504 801 574 sanguine
823 505 984 573 plent:
1006 512 1121 558 sunt
1145 520 1162 557 :
1193 503 1291 557 hoc
1320 513 1399 558 est
1418 546 1431 569 ,
1462 501 1737 557 homicida:
1765 518 1781 556 ι

217 597 269 640 at
299 602 404 642 non
436 588 604 654 dixit,
635 591 941 657 Homicidae,
973 593 1097 655 sed,
1134 593 1305 646 Plena:
1342 593 1617 663 sanguine,
1647 589 1785 642 iudi-

217 690 343 729 cans
372 677 494 731 illos
520 679 766 734 meditate
793 683 1019 749 peccatis
1041 682 1279 736 addictos
1309 682 1488 745 fuisse,
1516 688 1570 736 et
1596 680 1786 747 ubique

216 782 335 820 cum
362 751 715 825 vehementia.

287 856 342 910 6.
371 858 569 928 Estque
592 860 718 914 illud
748 862 1161 915 mansuetudinis
1204 862 1315 930 ejus
1345 861 1613 926 indicium,
1645 862 1785 931 quod

218 960 336 999 cum
366 949 735 1013 comminatur,
765 951 1019 1003 rationein
1053 949 1256 1005 afferat.
1302 952 1499 1006 Causas
1535 951 1673 1005 enim
1694 952 1788 1005 ad-

216 1034 314 1100 dit,
346 1051 445 1090 cur
466 1052 569 1091 non
597 1039 835 1091 admittat
859 1040 1172 1093 orationem.
1195 1040 1277 1096 16.
1308 1040 1587 1107 Lavamiui,
1612 1041 1787 1094 mundi

216 1137 387 1180 estote.
420 1127 548 1191 Cur,
574 1143 693 1182 cum
714 1130 928 1194 dixerit,
964 1128 1082 1183 Non
1130 1130 1264 1183 ultra
1297 1133 1543 1184 remittam
1587 1141 1787 1200 peccata

216 1228 403 1281 vestra,
425 1218 697 1273 consilium
719 1219 827 1282 dat,
850 1228 1045 1274 etcum
1063 1220 1354 1275 ostenderit
1392 1223 1534 1289 ipsos
1575 1222 1782 1273 incura-

216 1306 307 1361 bili
340 1308 527 1362 morbo
558 1308 815 1372 laborare,
846 1310 1267 1365 emendationem
1300 1311 1541 1365 inducit?
1571 1311 1683 1363 Mos
1703 1320 1784 1364 est

216 1398 359 1464 Deo,
390 1400 549 1453 etiam
576 1414 694 1454 cum
725 1401 1079 1455 comminatur
1098 1442 1112 1463 .
1158 1401 1226 1457 de
1266 1402 1434 1455 salute
1461 1402 1786 1471 desperatio-

214 1501 337 1541 nem
363 1488 574 1554 eﬂ‘erre,
624 1498 680 1543 ut
728 1498 916 1559 augeat
967 1499 1187 1557 metum,
1226 1508 1393 1561 neque
1421 1491 1508 1545 hic
1536 1492 1782 1561 loquendi

214 1577 373 1631 linem
399 1578 595 1643 facere,
637 1590 692 1633 ut
718 1579 907 1633 bonam
935 1594 1085 1649 spem
1111 1580 1371 1648 subjiciat,
1402 1590 1455 1634 et
1474 1584 1549 1635 sic
1574 1596 1781 1634 rursum

212 1669 277 1722 ad
300 1671 665 1739 paenitentiam
683 1680 917 1725 revocet.
940 1671 1102 1740 quue
1123 1672 1315 1741 ubique
1332 1672 1442 1726 fieri
1469 1672 1647 1725 videre
1676 1682 1778 1725 est.

212 1759 351 1828 Erga
378 1759 633 1813 Ninivitas
655 1770 795 1815 certe
818 1759 870 1814 id
900 1775 1004 1814 non
1032 1762 1226 1827 verbis,
1252 1762 1342 1814 sed
1364 1761 1608 1829 cperibus
1640 1762 1779 1815 fecit.

213 1848 403 1904 Verbis
432 1850 571 1904 enim
598 1849 727 1904 nihil
755 1851 875 1905 boni
902 1852 1189 1921 pollicitus,
1223 1852 1313 1906 sed
1360 1853 1527 1906 solum
1578 1854 1779 1920 suppli-

208 1939 354 1991 cium
405 1948 526 2006 post
569 1940 1031 1995 comminationem
1078 1940 1265 1996 adesse
1310 1950 1629 2006 monstrans,
1659 1943 1777 2011 quia

208 2028 423 2083 barbari
447 2044 651 2095 omnes,
674 2045 791 2099 qua:
827 2046 1040 2085 suarum
1062 2032 1287 2100 partium
1316 2041 1485 2097 erant,
1516 2034 1778 2101 pratstite-

210 2126 359 2181 runt,
380 2119 509 2171 iram
532 2119 635 2172 cito
658 2118 876 2173 sedavit.
900 2120 988 2175 Sic
1011 2130 1066 2175 et
1082 2137 1265 2176 rursus
1292 2122 1341 2175 in
1360 2122 1568 2176 Psalmo
1585 2123 1776 2175 David:

205 2206 317 2273 jam
345 2206 485 2260 enim
516 2207 623 2261 dixi
652 2209 821 2277 ipsum
849 2210 912 2263 iis
940 2224 1154 2278 prorsus
1176 2212 1366 2265 similia
1396 2212 1559 2281 loqui,
1586 2227 1702 2281 qua:
1727 2214 1776 2265 in

209 2298 314 2347 hoc
348 2298 601 2362 prooemio
631 2296 890 2351 habentur
918 2300 933 2329 ί
964 2316 977 2351 :
1008 2313 1074 2354 ac
1096 2301 1232 2354 sicut
1262 2300 1345 2354 hic
1368 2302 1439 2354 ait
1462 2319 1475 2355 :
1495 2300 1775 2366 Lavttmini,

209 2385 393 2437 mundi
442 2394 610 2450 estote,
656 2395 772 2454 post
816 2387 1254 2443 comminationes
1286 2406 1299 2442 :
1327 2392 1403 2444 sic
1432 2398 1482 2444 et
1520 2391 1607 2443 ille
1634 2400 1778 2457 post-

206 2490 371 2543 quam
402 2474 624 2541 dixerat,
661 2478 882 2546 Arguam
924 2489 971 2531 te
1022 2488 1071 2532 et
1118 2490 1333 2533 statuam
1375 2491 1548 2534 contra
1600 2483 1779 2549 facient

208 2573 353 2615 tuam
381 2564 661 2633 iniquitates
682 2574 813 2627 tuas,
841 2565 1042 2621 addidit
1080 2585 1093 2620 :
1127 2568 1447 2636 Sacriﬁcium
1491 2571 1656 2621 laudis
1684 2572 1777 2621 lto-

207 2654 493 2719 noriﬁcabit
520 2670 615 2720 me,
662 2664 707 2708 et
731 2657 834 2708 illic
877 2658 991 2722 iter,
1036 2674 1134 2724 quo
1181 2658 1436 2711 ostendant
1458 2660 1528 2711 eis
1560 2660 1780 2713 salutare

207 2742 309 2794 Dei
354 2741 535 2815 (Psal.
589 2743 677 2798 ιθ.
727 2743 815 2799 21.
866 2744 1001 2813 25);
1034 2746 1240 2801 laudem
1276 2762 1466 2801 vocans
1499 2764 1613 2801 eam
1635 2788 1651 2814 ,
1678 2765 1778 2817 qua

207 2845 311 2898 per
334 2846 494 2899 opera
518 2832 680 2901 gloria
708 2834 815 2888 Deo
836 2834 1061 2889 refertur
1082 2874 1097 2901 ,
1143 2844 1198 2891 et
1243 2836 1591 2906 cognitionem
1642 2836 1778 2890 divi-

204 2935 423 2975 norum.

280 3010 449 3063 Liberi
476 3013 666 3066 arbitrii
702 3021 936 3080 potestas.
973 3013 1183 3068 Virtutis
1208 3016 1494 3069 exercenda:
1517 3016 1779 3085 difﬁculta-

204 3112 304 3154 tes.
328 3130 397 3140 —
417 3100 483 3156 Ut
509 3117 634 3156 vero
658 3118 775 3156 cum
804 3103 1066 3167 audirent,
1098 3104 1377 3171 Lavamini,
1402 3106 1574 3159 mundi
1602 3116 1773 3171 estote,

204 3207 322 3245 non
349 3191 527 3246 solitas
564 3193 679 3246 illas
721 3194 1113 3261 puriticationes
1138 3197 1464 3265 cogitarent,
1515 3197 1773 3264 subjecit:

201 3282 419 3348 Auferte
434 3281 645 3335 malitias
661 3282 720 3336 ab
733 3283 992 3337 animabus
1006 3285 1176 3337 vestris
1195 3301 1227 3337 a
1246 3296 1504 3354 conspectu
1522 3288 1778 3340 oculorum

199 3390 436 3427 meorum
454 3413 468 3439 ,
491 3384 676 3427 cessate
704 3391 735 3427 a
760 3376 991 3442 nequitiis
1011 3380 1203 3432 vestris.
1232 3377 1448 3431 Virtutis
1472 3379 1775 3434 facilitatem

200 3461 462 3526 ostendit,
503 3472 555 3517 et
595 3465 866 3532 potestatis
912 3466 1220 3532 arbitrium,
1266 3470 1386 3539 quia
1433 3485 1596 3540 penes
1633 3471 1776 3539 ipsos

202 3562 403 3606 eratut
428 3564 768 3608 mutarentur.
818 3556 905 3609 17.
951 3555 1139 3612 Discite
1172 3558 1352 3612 bonum
1394 3564 1575 3629 facere.
1601 3561 1777 3629 Usque

205 3643 419 3697 adcoex
438 3646 628 3715 ingenti
649 3646 840 3698 malitia
858 3647 1068 3701 virtutis
1089 3650 1770 3718 cognitionemabjeceraut.

204 3731 296 3785 Sic
318 3741 370 3785 et
405 3732 656 3801 propheta
689 3734 849 3788 David
888 3735 1016 3789 dicit
1044 3752 1058 3790 :
1100 3736 1286 3801 Venite,
1318 3739 1432 3804 ﬁlii,
1472 3740 1641 3791 audite
1662 3756 1775 3792 me:

206 3822 437 3873 timorem
489 3821 689 3875 Domini
740 3823 920 3877 docebo
961 3839 1047 3877 vos
1093 3824 1280 3895 (Psal.
1330 3828 1418 3881 55.
1469 3827 1591 3898 12).
1619 3829 1773 3881 Omni

204 3911 406 3979 quippe
434 3912 647 3966 scientia
678 3914 789 3966 haec
816 3914 1056 3982 superior
1089 3924 1189 3981 est,
1217 3931 1331 3984 qua:
1357 3931 1421 3970 eo
1449 3917 1632 3985 majori
1656 3927 1775 3987 eget

204 4001 404 4064 studio,
430 4001 566 4070 quod
592 4002 737 4071 plura
754 4002 943 4057 habeat
964 4005 1355 4073 impedimenta,
1372 4015 1569 4061 natura-
1586 4024 1775 4076 nempe

206 4092 559 4161 tyrannidem,
592 4094 739 4147 liberi
759 4094 961 4148 arbitrii
990 4094 1272 4165 ignaviam,
1318 4097 1615 4151 datmonum
1649 4098 1776 4152 iusi-

203 4180 345 4244 dias,
393 4181 711 4248 negotiorum
763 4181 987 4235 turbam.
1027 4183 1111 4236 Sic
1141 4193 1195 4237 et
1224 4184 1425 4238 Baruch
1458 4202 1471 4239 :
1504 4184 1601 4236 Hic
1637 4183 1775 4237 Deus

206 4280 409 4334 noster;
453 4288 551 4324 non
592 4272 901 4341 reputabitur
923 4273 1054 4325 alius
1091 4273 1160 4325 ad
1183 4290 1334 4327 eum:
1356 4275 1535 4327 invenit
1579 4291 1774 4327 onmem

204 4364 341 4413 viam
367 4363 600 4414 scientiaz.
627 4361 887 4429 Exquirite
909 4363 1152 4427 iudicium
1183 4363 1436 4432 (Baruclt.
1467 4364 1520 4418 5.
1539 4365 1624 4418 '56.
1651 4365 1715 4417 57
1732 4367 1770 4433 ).

208 4453 324 4506 lloc
356 4462 455 4518 est,
486 4453 688 4521 injuriis
730 4453 947 4506 allectos
975 4454 1173 4516 ulcisci,
1204 4470 1302 4523 qua
1328 4456 1379 4508 in
1411 4471 1466 4509 re
1494 4456 1657 4509 multo
1694 4460 1773 4507 Ia-

208 4546 340 4598 bore
369 4545 583 4613 etvigili
620 4544 795 4597 animo
836 4553 918 4597 est
941 4559 1091 4612 opus.
1129 4544 1247 4598 Ideo
1294 4546 1446 4609 dixit,
1492 4545 1770 4612 Exquirite.

205 4636 367 4689 Multa
416 4637 553 4689 enim
598 4644 733 4699 sunt,
786 4650 904 4704 qua:
942 4634 1195 4703 justitiam
1241 4636 1542 4700 obscurent,
1587 4651 1775 4705 nempe

205 4729 378 4791 dona,
416 4727 700 4795 ignorantia
721 4768 734 4788 ,
777 4727 1029 4793 potentia,
1061 4726 1229 4795 pudor
1251 4767 1265 4791 ,
1299 4728 1487 4792 timor,
1522 4743 1773 4796 persona-

206 4832 326 4872 rum
373 4816 573 4879 cultus;
622 4831 684 4869 ac
725 4816 888 4868 tnulta
934 4830 1070 4882 Opus
1111 4826 1192 4870 est
1235 4818 1518 4885 vigilantia.
1550 4817 1774 4871 Liberale

206 4923 323 4961 eum
349 4907 435 4975 qui
463 4906 646 4971 iniuria
696 4904 923 4972 afficitur.
956 4904 1065 4958 lioc
1090 4904 1261 4973 majus
1301 4916 1381 4959 est
1424 4907 1596 4975 priore
1630 4922 1771 4963 :non

204 4999 348 5053 enim
372 4998 530 5066 exigit
557 5006 610 5050 ut
630 4996 770 5064 juSIa
811 4996 1182 5062 deccruautur,
1229 4997 1319 5051 sed
1367 5008 1423 5051 ut
1466 4998 1533 5051 ad
1576 4999 1771 5053 exitum

204 5092 367 5144 etiam
400 5087 763 5157 perducantur.
814 5086 1047 5140 Judicate
1091 5088 1357 5156 pupillum,
1409 5098 1455 5141 et
1497 5090 1775 5158 justiﬁcate

206 5182 425 5233 viduam.
458 5177 667 5231 Multam
700 5175 859 5229 habet
881 5178 1137 5231 rationem
1187 5179 1343 5243 Deus,
1396 5194 1462 5233 ne
1512 5179 1769 5246 quispiam

206 5273 345 5326 male
370 5272 625 5341 patiatur;
650 5268 899 5337 majorem
924 5283 1067 5334 vero,
1098 5284 1213 5323 cum
1236 5269 1269 5322 ii
1294 5270 1381 5337 qui
1413 5270 1545 5323 male
1568 5270 1773 5337 patiun-

266 5430 287 5463 ί
320 5430 377 5478 In
398 5436 572 5486 meo,
610 5439 712 5488 ἱφδιιν
734 5435 799 5484 τὰρ
823 5436 955 5488 alii",
991 5434 1050 5488 ii“
1200 5430 1247 5472 δι’
1270 5433 1353 5471 ὅλου
1376 5440 1426 5482 τῷ
1460 5437 1629 5485 προοιμίῳ
1661 5438 1770 5472 τοξοτο

202 5506 400 5551 φράσαι.
424 5484 581 5547 Porro,
600 5484 735 5549 juxta
758 5484 977 5551 Boisium,
1004 5484 1265 5551 legendum
1291 5491 1381 5551 est,
1402 5495 1506 5551 βλος,
1526 5484 1627 5551 pro,
1644 5495 1770 5551 si.“

202 5544 273 5608 ά,
468 5544 577 5612 pro,
599 5544 730 5612 551°,
758 5552 807 5612 et
828 5548 896 5612 sic
916 5544 1091 5612 sensus
1127 5546 1285 5612 evadit
1304 5544 1488 5601 clarior,
1533 5545 1769 5605 siquidem

199 5602 314 5662 talis
337 5602 447 5660 esi}
471 5602 584 5659 llam
606 5602 730 5659 enini
752 5606 859 5656 dixi
880 5606 1006 5665 quod
1030 5612 1151 5655 totus
1178 5605 1407 5662 Psalmns,
1442 5602 1619 5665 nempe
1645 5612 1767 5652 XLIX

199 5674 264 5723 de
286 5684 540 5781 quosurra
567 5673 752 5720 locutus
774 5676 867 5726 est,
892 5665 1002 5717 huic
1020 5665 1247 5730 praemio
1265 5666 1432 5718 similis
1456 5666 1517 5718 sit
1546 5678 1561 5715 :
1588 5678 1765 5727 nempe

201 5746 433 5781 mmo
475 5745 606 5781 satae.

201 5734 433 5793 vrocrtnio
454 5734 606 5781 lsaiae.

1895 507 1998 565 tur,
2028 501 2127 559 alia
2156 502 2462 561 circumdati
2488 518 2608 564 sunt
2626 511 2943 569 calamitate.
2984 516 3212 573 Viduitas
3232 528 3368 576 enim
3396 536 3452 580 et

1894 593 2157 661 pupillaris
2193 604 2317 649 aetas
2344 611 2440 665 per
2466 612 2523 653 se
2550 610 2672 655 sunt
2692 602 3046 660 intolerabiles
3075 624 3088 662 :
3122 622 3239 663 cum
3269 614 3450 661 autem

1891 686 1957 735 ab
1982 685 2097 737 aliis
2124 686 2315 740 damno
2340 689 2671 755 afficiuntur,
2722 702 2843 747 tunc
2888 696 3079 764 duplex
3117 709 3199 754 est
3240 704 3451 755 naufra-

1891 774 2051 842 gium.
2088 776 2170 831 18.
2204 778 2268 829 Et
2308 782 2494 844 venite,
2545 793 2592 833 et
2630 782 2974 851 disceptemus,
3025 789 3143 840 dicit
3186 788 3444 842 Dominus.

1891 866 2282 920 Observandum
2313 880 2392 923 est
2423 870 2611 939 ubique
2636 872 2768 942 apud
2806 876 3087 942 prophetas
3117 877 3242 932 nihil
3288 880 3447 934 Deum

1893 960 1960 1012 ita
1983 962 2270 1026 requirere.
2302 977 2455 1030 quam
2481 970 2536 1015 ut
2569 963 2754 1031 injuria
2790 965 2957 1019 ασαριί
2989 968 3332 1026 vindicentur.
3364 973 3447 1026 Sic-

1891 1059 1942 1101 et
1994 1048 2149 1109 alibi,
2200 1058 2257 1103 ut
2303 1052 2437 1117 apud
2492 1050 2761 1106 Miclneam
2788 1054 3081 1110 dicentibus
3122 1058 3313 1113 Judzeis
3347 1078 3359 1112 :
3391 1063 3449 1117 Si

1891 1137 2017 1189 dabo
2043 1138 2366 1206 primogenita
2397 1156 2503 1192 mea
2530 1157 2619 1208 pro
2661 1142 2907 1209 impietate
2932 1163 3058 1211 mea,
3086 1151 3298 1217 fructum
3325 1156 3451 1204 uteri

1889 1227 1984 1280 mei
2009 1243 2100 1294 pro
2121 1236 2320 1295 peccato
2344 1230 2523 1283 animle
2550 1246 2672 1283 mete
2692 1230 2868 1300 (Mica.
2895 1233 2946 1287 6.
2969 1236 3019 1289 7.
3046 1236 3123 1307 8),
3148 1239 3409 1307 subjunxit
3432 1259 3443 1293 :

1890 1318 2205 1372 Anuuntiabo
2233 1319 2337 1384 tibi,
2366 1321 2531 1384 homo,
2557 1322 2675 1388 quid
2693 1324 2756 1375 sit
2780 1324 2977 1389 bonum,
3000 1338 3045 1380 el
3068 1330 3185 1397 quid
3210 1330 3447 1385 Dominus

1889 1411 2105 1479 requirat
2140 1428 2170 1462 a
2200 1421 2261 1472 te,
2293 1412 2388 1463 nisi
2415 1422 2467 1462 ut
2493 1414 2651 1482 facias
2665 1415 2934 1481 judicium,
2967 1427 3014 1469 et
3048 1420 3227 1489 diligas
3252 1423 3444 1475 miseri-

1888 1499 2131 1562 cordiam,
2158 1510 2204 1552 et
2230 1510 2434 1568 paratus
2460 1506 2527 1553 sis
2553 1502 2619 1553 ad
2640 1502 2996 1557 ambulandum
3026 1518 3135 1573 post
3177 1508 3445 1563 Dominum

1888 1588 2050 1642 Deum
2070 1598 2226 1642 tuum.
2256 1592 2330 1643 Ac
2358 1607 2539 1645 rursus
2589 1593 2837 1661 propheta
2872 1595 3029 1649 David
3074 1598 3277 1651 dicebat
3306 1617 3318 1651 :
3346 1600 3445 1653 Mi-

1887 1681 2206 1733 sericordiam
2240 1692 2283 1733 et
2319 1681 2566 1750 judirium
2610 1684 2815 1737 cantabo
2869 1687 2973 1749 tibi,
3030 1686 3240 1741 Domine
3266 1690 3440 1761 (Psal.

1890 1773 2009 1826 100.
2050 1773 2132 1841 ι).
2166 1772 2232 1825 Et
2263 1774 2437 1826 venite.
2470 1774 2746 1842 Postquam
2790 1775 3250 1841 justilicationibus
3302 1796 3445 1834 coru-

1888 1865 2127 1927 munivit,
2155 1873 2273 1917 tunc
2320 1863 2383 1917 ad
2414 1864 2636 1917 tribunal
2666 1865 2821 1918 trahit
2851 1883 2864 1920 :
2894 1876 2944 1919 et
2970 1877 3240 1936 postquam
3269 1871 3443 1924 docuit

1886 1956 2148 2024 quomodo
2177 1956 2392 2009 crimina
2416 1965 2629 2020 exuant,
2664 1963 2783 2009 tunc
2830 1958 3057 2011 rationes
3091 1961 3346 2025 exposuit,
3378 1978 3443 2015 ne

1889 2046 2003 2098 illos
2032 2045 2334 2098 defensione
2378 2046 2652 2099 deSIitutos
2692 2048 3080 2114 reprehendens
3108 2050 3440 2104 condemnet.

1890 2136 1951 2188 Et
1980 2136 2323 2203 disceptemus.
2362 2136 2565 2190 Judicio
2589 2138 2982 2203 cootendamus,
3022 2140 3092 2191 ait
3120 2141 3155 2191 ⁸.
3180 2140 3277 2207 Qui
3299 2142 3441 2209 judi-

1884 2227 1965 2279 cio
1986 2226 2251 2279 contendit
2292 2227 2350 2279 lit
2380 2236 2627 2293 patronus
2671 2236 2723 2280 et
2769 2228 3019 2281 medicus.
3077 2230 3272 2285 Deinde
3322 2246 3440 2285 cum

1885 2317 2207 2373 declarasset
2235 2331 2330 2369 nos
2357 2317 2560 2370 etiamsi
2603 2332 2785 2386 magna
2817 2332 2974 2384 opera
3021 2318 3316 2384 fecerimus,
3345 2324 3433 2374 atl-

1886 2408 1985 2460 huc
2012 2407 2123 2474 ejus
2152 2406 2426 2460 clementia
2453 2420 2585 2473 opus
2607 2404 2819 2471 habere,
2854 2418 2909 2460 ut
2959 2422 2987 2460 a
3037 2410 3261 2474 peccatis
3312 2410 3441 2463 libV--

1885 2511 2080 2558 remur,
2112 2496 2183 2547 ait
2215 2512 2227 2547 :
2258 2496 2317 2548 Si
2346 2496 2528 2564 fuerint
2568 2506 2767 2564 peccata
2794 2505 2950 2548 vestra
2978 2497 3101 2548 sicut
3128 2499 3437 2562 vermiculus,

1882 2586 2024 2655 quasi
2044 2586 2199 2637 nivem
2236 2584 2474 2637 dealbabo
2501 2598 2518 2636 :
2542 2599 2605 2638 ex
2636 2584 2893 2638 diametro
2920 2586 3185 2653 Oppositus
3218 2587 3438 2654 qualita-

1885 2686 1963 2730 tes
1988 2690 2278 2739 assumens,
2323 2675 2684 2744 pollicitusque
2718 2689 2776 2729 se
2803 2675 2853 2727 in
2880 2676 3203 2729 contrarium
3247 2677 3295 2728 id
3329 2694 3440 2728 lttlt-

1885 2775 2126 2820 laturum.
2159 2767 2220 2818 Si
2250 2776 2412 2818 autem
2438 2777 2487 2818 ut
2528 2765 2800 2830 coccinum,
2822 2767 2962 2835 quasi
2990 2766 3156 2818 lauant
3182 2766 3436 2819 dealbabo.

1883 2857 2064 2924 Magna
2111 2856 2187 2908 vis
2242 2855 2467 2924 praesidii
2520 2869 2642 2922 erga
2690 2854 2871 2907 viduas
2898 2853 3133 2911 exbibiti.
3184 2855 3437 2922 siquidem

1882 2948 2108 3002 animam
2136 2948 2200 2999 ita
2227 2946 2513 3004 sordidam.
2557 2954 2612 2998 ut
2650 2945 2894 3013 nequitiae
2924 2944 3198 2998 tineturam
3227 2962 3442 3015 accept--

1883 3041 1969 3105 rit,
2002 3055 2106 3093 non
2134 3040 2291 3093 modo
2323 3040 2503 3092 liberat
2533 3053 2561 3090 a
2587 3037 2800 3099 malitia,
2845 3036 2935 3091 scd
2974 3038 3128 3091 etiam
3175 3038 3238 3089 ita
3266 3039 3442 3105 splen-

1881 3132 2055 3186 didam
2093 3133 2267 3186 eflicit.
2301 3131 2382 3186 l9.
2418 3130 2480 3182 Et
2522 3131 2565 3183 si
2608 3130 2885 3191 volueritis,
2915 3139 2961 3182 et
2988 3130 3181 3182 exaudi.
3200 3130 3304 3181 ritis
3341 3147 3438 3191 me,

1882 3225 2011 3277 bona
2062 3237 2207 3277 terra:
2248 3222 2528 3275 comedetis.
2564 3220 2651 3273 ΞΟ.
2710 3218 2769 3273 Si
2815 3228 2981 3270 autem
3035 3219 3309 3282 nolueritis,
3355 3237 3441 3271 nec

1882 3315 2198 3369 exaudieritis
2219 3329 2313 3377 me,
2344 3313 2542 3382 gladius
2563 3309 2811 3363 devorabit
2840 3324 2943 3361 vos.
2978 3309 3047 3361 0s
3072 3310 3199 3361 enim
3240 3308 3442 3361 Domini

1883 3408 2142 3472 loquulum
2192 3415 2261 3457 est
2292 3406 2414 3457 haec.
2461 3403 2591 3469 Quia
2645 3403 2782 3455 enim
2832 3397 3176 3455 crassioribus
3221 3416 3319 3451 non
3373 3401 3440 3452 ita

1882 3497 2109 3565 optabile
2135 3504 2184 3549 et
2206 3494 2492 3563 jucundum
2522 3492 2724 3545 videtur
2743 3490 2951 3544 liberari
2972 3504 3001 3543 a
3031 3490 3439 3556 peccatisquam

1882 3586 1945 3639 iis
1967 3586 2063 3639 frui
2109 3586 2279 3648 bonis,
2312 3600 2427 3652 qua:
2464 3584 2514 3636 in
2559 3581 2801 3651 praesenti
2833 3580 2933 3632 vita
2963 3579 3083 3633 talia
3110 3594 3226 3631 esse
3256 3578 3440 3631 viden-

1883 3685 1997 3739 tur,
2030 3690 2147 3729 cum
2179 3674 2280 3727 illis
2311 3672 2423 3726 haec
2453 3672 2610 3725 etiam
2654 3668 2906 3739 promittit
2933 3686 2946 3722 :
2976 3682 3093 3719 nam
3124 3669 3221 3720 hoc
3262 3682 3324 3719 ex
3353 3666 3441 3718 illo

1880 3765 2091 3835 pendet.

1950 3859 1999 3910 7.
2046 3854 2239 3909 Deinde
2268 3853 2551 3909 ostendens
2577 3866 2731 3921 quam
2760 3850 2925 3903 facilis
2948 3850 3014 3903 sit
3044 3850 3204 3901 virtus
3228 3890 3244 3911 ,
3267 3848 3315 3900 in
3348 3862 3442 3898 vo-

1881 3946 2081 3999 luntate
2105 3952 2304 3997 tantum
2337 3944 2475 3995 illam
2507 3942 2672 4010 pOnit.
2707 3939 2771 3994 Ut
2798 3955 2865 3991 ne
2887 3948 3060 3990 autem
3093 3954 3153 3989 ex
3184 3939 3439 3989 honorum

1880 4034 2379 4091 commemoratione
2405 4032 2609 4085 animos
2644 4030 2895 4090 solveret,
2924 4042 3103 4081 rursus
3144 4028 3191 4079 in
3227 4026 3436 4081 terribi-

1881 4128 2015 4183 libus
2037 4138 2333 4180 sermonem
2361 4120 2683 4177 coucludeus
2702 4160 2714 4178 ,
2744 4120 2901 4171 lldem
2933 4117 3056 4171 facit
3086 4118 3195 4184 ejus
3222 4117 3394 4169 virtuti
3421 4159 3436 4181 ,

1880 4219 1965 4287 qui
2009 4216 2121 4269 lucc
2165 4211 2534 4282 pronuntiavit.
2583 4208 2672 4263 2i.
2720 4207 2979 4274 Quomodo
3017 4211 3147 4277 facta
3180 4216 3249 4259 est
3284 4222 3441 4258 ntere-

1881 4311 1980 4363 trix
2008 4308 2178 4361 civitas
2203 4305 2366 4373 fidelis
2395 4303 2561 4357 Sion?
2586 4300 2893 4369 Hujusmodi
2934 4299 3154 4366 quarstio
3181 4307 3232 4350 et
3258 4297 3438 4349 dicen-

1880 4400 1946 4453 tis
1974 4397 2235 4461 dolorem,
2259 4404 2312 4449 et
2346 4396 2611 4463 ingentem
2638 4389 2938 4444 Judmorum
2966 4387 3320 4454 stupiditatem
3343 4386 3435 4438 de-

1878 4493 2057 4551 clarat,
2078 4502 2291 4558 remque
2317 4496 2507 4555 praztcr
2529 4497 2675 4550 spem
2704 4481 2955 4534 accidisse
2985 4478 3168 4530 innuit.
3190 4478 3440 4530 Similiter

1880 4581 2071 4635 Paulus
2093 4580 2230 4632 circa
2259 4568 2472 4629 Galatas
2496 4571 2687 4625 dubius
2714 4568 2969 4637 exquirit:
3001 4567 3156 4619 Miror
3183 4568 3314 4632 quod
3339 4577 3438 4619 tant

1877 4673 1973 4723 cito
1998 4665 2350 4735 transferimini
2382 4661 2586 4734 (Galat.
2620 4660 2670 4713 l.
2700 4658 2767 4726 ϐ)
2794 4676 2807 4712 :
2841 4658 2890 4710 id
2916 4657 3052 4726 quod
3082 4656 3355 4709 accusandi
3388 4668 3439 4708 et

1880 4757 2118 4812 hortandi
2160 4754 2363 4823 species
2390 4760 2471 4806 est
2509 4759 2566 4804 ut
2590 4749 2655 4802 ad
2683 4748 2928 4801 virtutem
2958 4754 3193 4800 revocet.
3224 4745 3435 4797 Etiamsi

1878 4850 2017 4903 enim
2048 4848 2237 4900 mirum
2258 4854 2341 4900 est
2360 4844 2409 4898 id
2431 4841 2569 4912 quod
2595 4841 2806 4905 dicitur,
2835 4838 2988 4892 laude
3012 4848 3185 4890 tamen
3218 4837 3433 4889 mixtum

1878 4948 1978 5002 est,
2010 4938 2085 4991 sic
2114 4935 2501 4990 accusationem
2531 4931 2866 4985 accusatione
2901 4928 3191 4996 graviorem
3221 4928 3432 4979 faciens.

1877 5028 1989 5081 Non
2018 5028 2155 5081 enim
2186 5026 2254 5079 ita
2283 5024 2604 5093 esagitamus
2633 5034 2726 5074 eos
2753 5020 2839 5088 qui
2869 5018 3063 5071 nullius
3095 5026 3215 5069 sunt
3263 5018 3435 5085 pretii,

1878 5119 2138 5187 vitamque
2166 5118 2349 5185 ignave
2378 5122 2557 5183 agunt,
2593 5120 2650 5166 ut
2686 5125 2778 5165 eos
2801 5109 2888 5179 qui
2917 5110 3057 5178 prius
3088 5109 3291 5162 virtutis
3316 5120 3428 5161 stu-

1878 5211 2009 5263 diosi
2057 5208 2385 5269 videbantur,
2435 5214 2488 5259 et
2539 5202 2896 5273 improborum
2942 5200 3189 5268 deinec-ps
3231 5217 3429 5253 morem

1877 5301 2079 5370 sequuti
2107 5308 2246 5354 sunt.
2278 5296 2605 5353 Meretricem
2630 5304 2805 5350 autem
2828 5294 2911 5348 hic
2933 5304 3102 5358 vocat,
3127 5309 3231 5347 non
3251 5309 3437 5362 corpo-

1927 5540 1942 5569 ¹
1971 5536 2024 5583 In
2064 5535 2183 5588 Reg.
2210 5534 2319 5590 post
2350 5538 2501 5590 graeca
2520 5523 2681 5590 verba
2705 5523 3022 5590 διχᾳσώμεθα,
3047 5520 3201 5590 opoiv,
3235 5516 3367 5588 addit
3392 5532 3402 5563 :

1862 5600 1954 5646 Καὶ
1989 5598 2066 5643 ἐὰν
2109 5583 2223 5639 diem}
2260 5583 2390 5649 ὑμιῗν
2420 5589 2466 5653 oti
2509 5584 2750 5653 ᾁμαρςτίαι,
2787 5585 2849 5652 ᾡς
2884 5583 3152 5653 ἐξοινιξιθῖρνἰ
3276 5583 3408 5653 mea

1863 5640 2088 5705 iisiiss.
2121 5640 2301 5699 Verum'
2323 5660 2413 5694 nec
2440 5644 2487 5694 in
2513 5640 2662 5712 Savil:
2690 5640 3052 5712 necninlilorel.
3079 5640 3335 5699 habentur,
3358 5644 3411 5687 et

1863 5702 2219 5778 supervacanea
2246 5712 2323 5759 hic
2347 5718 2458 5758 esse
2478 5718 2538 5754 ex
2561 5703 2692 5755 serie
2717 5702 2961 5753 videntur.
