4156 6312
694 417 770 471 23
1435 399 1492 455 S.
1530 396 1806 453 JOANNIS
1842 382 2313 447 CHRYSOSTOMI
2349 383 2665 440 ARCHIEP.
2706 385 3228 442 CONSTANTINOP.
3827 401 3898 452 24

687 535 830 575 ream
853 519 1193 574 subindicans
1217 513 1615 578 lasciviam,sed
1647 512 1903 580 ingratum
1933 522 2053 575 erga
2084 507 2246 560 Deum

691 611 942 672 animum,
975 623 1093 676 qua:
1127 607 1405 660 fornicatlo
1433 606 1641 674 gravior
1678 613 1757 656 est
1801 602 1905 655 illa.
1961 601 2068 654 Illic
2109 599 2249 651 enim

692 697 850 750 homo
888 697 1204 750 contumelia
1234 695 1480 759 afficitur,
1513 694 1598 746 hic
1627 693 1766 745 Deus
1795 689 2159 744 contemnitur.
2197 686 2248 739 Id

692 798 865 839 autem
910 795 963 838 et
1010 785 1096 839 hic
1145 795 1197 843 et
1228 785 1315 837 alii
1345 797 1531 838 omnes
1570 781 1837 851 prophelzu
1876 779 2064 834 faciunt
2094 777 2248 846 :quia

700 874 836 928 Deus
866 874 1037 927 mariti
1070 874 1186 927 loco
1227 872 1347 928 huic
1391 872 1586 924 civitati
1640 870 1880 938 dignatus
1923 876 2003 920 est
2047 865 2247 927 haberi,

695 964 1010 1018 ineﬂ‘abilem
1064 978 1211 1017 suam
1263 977 1385 1031 erga
1442 963 1560 1014 illos
1605 959 1934 1013 dilectionem
1983 971 2251 1010 common-

694 1065 904 1107 strans:
937 1053 1119 1121 illlque
1145 1061 1200 1105 ut
1225 1053 1288 1105 de
1317 1053 1427 1104 viro
1455 1060 1508 1104 ct
1537 1065 1699 1103 uxore
1721 1063 1859 1116 saepe
1881 1049 2248 1114 loquebantur,

696 1159 798 1198 non
828 1151 882 1196 ut
907 1144 958 1196 in
1003 1142 1283 1195 humanam
1317 1141 1608 1194 crassitiem
1647 1152 1944 1192 sermonem
1985 1137 2250 1205 deprime—

694 1241 833 1296 rent,
864 1231 956 1286 sed
987 1239 1042 1284 ut
1077 1232 1191 1284 illos
1231 1245 1324 1298 per
1353 1244 1436 1283 res
1466 1229 1565 1282 sibi
1595 1227 1879 1282 familiares
1903 1226 1967 1278 ad
1997 1225 2254 1294 cognitio-

695 1337 814 1376 nem
842 1322 1038 1375 amoris
1082 1321 1174 1375 Dei
1203 1320 1522 1374 deducerent
1549 1334 1564 1382 ;
1593 1318 1746 1371 simul
1768 1331 1893 1372 vero
1918 1315 2251 1385 turpitudinis

687 1412 1040 1482 appellatione
1070 1411 1185 1465 illos
1208 1411 1472 1466 incessere
1493 1409 1754 1464 volebant.
1784 1407 2012 1471 Fidelis;
2045 1406 2142 1461 hoc
2170 1415 2251 1460 est

692 1503 797 1568 pia,
824 1509 876 1556 et
896 1502 1036 1555 omni
1061 1502 1251 1556 virtute
1276 1500 1452 1570 plena,
1481 1499 1620 1554 unde
1649 1499 1806 1554 etiam
1836 1499 2006 1567 palam
2029 1507 2109 1553 est
2130 1512 2250 1552 eum

693 1607 797 1645 non
838 1592 903 1647 de
933 1593 1274 1647 fornicatione
1319 1605 1571 1661 corporea
1605 1591 1789 1660 loqui;
1821 1591 1947 1644 alias
1994 1591 2132 1644 enim
2171 1590 2254 1642 di-

690 1685 876 1750 xisset,
903 1683 1098 1739 Civitas
1124 1693 1300 1748 casta;
1332 1682 1383 1737 id
1411 1683 1553 1737 enim
1582 1683 1764 1737 fuisset
1786 1683 2047 1737 meretrici
2085 1696 2251 1751 oppo-

695 1775 896 1827 situm:
926 1789 1067 1830 nunc
1109 1787 1282 1829 autem
1325 1774 1610 1829 ostendens
1649 1788 1706 1828 se
1732 1789 1825 1842 per
1854 1773 2250 1828 fornicationem

691 1864 1023 1918 subindicare
1067 1865 1408 1932 impietatem,
1443 1864 1597 1918 fidem
1635 1863 1732 1931 ipsi
1772 1862 2127 1918 adversariam
2154 1878 2250 1932 po-

692 1953 814 2006 suit.
863 1953 1026 2007 Plena
1062 1955 1282 2023 judicii;
1324 1955 1375 2008 id
1422 1965 1523 2018 est,
1576 1955 1727 2021 plena
1773 1954 2006 2021 justitiae.
2052 1955 2252 2008 Rursus

694 2041 979 2094 maximum
1005 2043 1226 2109 crimen,
1256 2059 1360 2096 non
1383 2043 1520 2112 quod
1550 2043 1614 2096 ad
1644 2044 1941 2097 universam
1969 2044 2250 2111 nequitiam

696 2128 1049 2192 defecissent,
1097 2131 1188 2184 sed
1224 2132 1362 2200 quod
1397 2133 1689 2186 universam
1717 2133 1962 2185 virtutem
1993 2134 2250 2199 prodidis-

696 2227 831 2279 sent,
855 2227 908 2273 et
931 2235 1114 2275 omnes
1140 2221 1396 2275 bonorum
1426 2221 1631 2275 divitias
1652 2220 1928 2275 confertim
1953 2237 1982 2275 e
2012 2223 2253 2275 manibus

697 2308 1029 2376 abjecissent,
1069 2311 1133 2363 ad
1173 2321 1460 2365 extremam
1489 2313 1745 2364 malorum
1776 2322 2134 2380 paupertatem
2163 2314 2254 2366 dc-

696 2398 839 2465 jecti.
867 2399 930 2452 In
964 2416 1061 2467 qua
1095 2402 1295 2470 justitia
1333 2402 1565 2469 requievit
1609 2404 1659 2454 in
1703 2419 1782 2455 ea.
1821 2403 2023 2464 Mansit,
2067 2404 2250 2469 inquit,

699 2487 968 2553 habitavit,
1009 2489 1060 2543 id
1107 2499 1208 2554 est,
1257 2491 1487 2558 plantata
1529 2499 1629 2556 est,
1669 2493 1871 2546 radices
1908 2495 2104 2562 posuit,
2135 2510 2253 2547 cum

699 2577 965 2632 alacritate
1008 2581 1074 2633 ab
1108 2579 1348 2634 omnibus
1387 2580 1588 2634 civibus
1631 2582 1990 2635 exercebatur.
2025 2583 2078 2636 In
2112 2586 2251 2651 prio-

701 2669 841 2722 ribus
863 2670 1099 2723 laudibus
1120 2671 1446 2733 immoratur,
1461 2672 1616 2724 simul
1647 2687 1842 2740 augens
1868 2676 2252 2728 accusationem

699 2759 766 2812 de
787 2760 1089 2824 mutatione,
1110 2769 1160 2814 et
1177 2760 1365 2814 bonam
1383 2775 1527 2828 spem
1549 2761 1852 2828 subjiciens,
1866 2765 2255 2833 ostendensque

701 2846 854 2901 facile
880 2848 1021 2916 ipsos
1048 2862 1200 2917 posse
1230 2850 1280 2902 in
1312 2850 1591 2918 pristinum
1623 2858 1815 2904 statum
1849 2853 2070 2906 restitui.
2106 2853 2257 2908 Nunc

700 2948 864 2990 autem
889 2940 1241 3006 interfectores.
1273 2940 1558 2994 Homicidzn
1582 2981 1596 3004 ,
1627 2940 1717 2995 ait.
1746 2941 1834 2994 22.
1869 2943 2138 3012 Argentum
2173 2961 2254 2998 ve-

701 3036 860 3080 strum
895 3028 1175 3096 reprobum.
1203 3029 1258 3082 Id
1288 3037 1387 3093 est,
1417 3029 1550 3082 male
1575 3030 1834 3098 signatum
1855 3070 1868 3092 ,
1893 3031 2216 3099 illegitimum
2236 3075 2251 3098 ,

703 3118 911 3172 falsum.
942 3119 1201 3188 Caupones
1237 3121 1305 3171 tui
1328 3121 1531 3172 miscent
1556 3120 1722 3173 vinum
1748 3136 1896 3188 aqua.
1929 3121 2059 3187 Quia
2089 3122 2140 3176 in
2165 3139 2257 3177 ex-

701 3209 852 3262 ordio
875 3224 1056 3264 eorum
1089 3209 1372 3278 nequitiam
1406 3224 1509 3263 non
1541 3209 1809 3278 speciatim
1833 3212 2130 3278 recensuit;
2162 3213 2255 3266 sed

700 3298 775 3351 ait
801 3298 916 3352 illos
942 3297 1322 3366 contempsisse
1341 3338 1356 3363 ,
1389 3314 1569 3354 semen
1609 3299 1904 3366 improbum
1930 3314 2048 3354 esse
2070 3341 2085 3364 ,
2117 3310 2170 3355 et
2197 3302 2258 3354 fi-

701 3389 800 3442 lios
837 3389 1073 3457 iniquos,
1109 3389 1244 3456 quod
1271 3390 1561 3443 convicium
1588 3389 1858 3443 videbatur
1896 3404 2014 3444 esse
2051 3393 2220 3459 potius

701 3495 856 3548 quam
896 3481 1158 3534 accusatio
1191 3497 1205 3533 :
1247 3479 1332 3534 hic
1373 3481 1735 3535 accusationes
1781 3481 2050 3549 speciatim
2094 3498 2258 3536 enun-

704 3570 824 3635 tiat,
851 3580 904 3623 et
942 3569 1110 3637 primo
1129 3610 1144 3634 ,
1177 3569 1314 3638 quod
1347 3579 1427 3624 est
1454 3579 1507 3622 ct
1535 3571 1757 3638 primum
1782 3571 2037 3624 malorum
2064 3581 2116 3625 et
2145 3587 2257 3627 mc-

703 3660 845 3714 dium
874 3669 925 3714 et
947 3670 1238 3715 extremum
1260 3701 1274 3725 ,
1306 3662 1574 3715 avaritiam
1597 3702 1610 3723 ,
1642 3670 1696 3716 et
1723 3662 1861 3715 circa
1893 3671 2040 3730 pacta
2066 3679 2259 3731 caupo-

704 3752 902 3803 nariam
929 3760 1113 3804 artem.
1143 3751 1211 3804 At
1235 3751 1442 3816 quidam
1475 3750 1788 3804 iuell'abilem
1815 3751 1906 3804 Dei
1948 3753 2255 3819 sapientiam

706 3855 807 3894 non
844 3841 1210 3906 intelligentes,
1255 3839 1353 3893 hoc
1379 3855 1471 3908 per
1500 3854 1769 3908 anagogen
1804 3839 2000 3894 dictum
2041 3856 2259 3909 accepe-

704 3941 843 3985 runt.
893 3930 1072 4001 Neque
1117 3933 1280 3990 enim,
1330 3931 1495 3994 aiunt,
1540 3946 1758 3999 magnus
1795 3932 1881 3984 ille
1929 3939 1982 3985 et
2021 3932 2258 3986 sublimis

704 4020 863 4073 Isaias
879 4021 942 4074 de
965 4020 1429 4074 nummulariorum
1446 4018 1669 4084 vafritie,
1685 4031 1734 4074 et
1751 4024 1815 4074 de
1835 4036 2126 4089 cauponum
2144 4038 2261 4076 cor-

704 4109 905 4176 ruptela
931 4109 1170 4177 loquutus
1197 4109 1380 4162 fuisset
1410 4126 1423 4161 :
1464 4107 1556 4161 sed
1583 4117 1858 4176 argentum
1893 4109 1974 4163 hic
1995 4110 2123 4164 dicit
2149 4111 2260 4164 elo-

706 4198 825 4264 quia
856 4197 946 4250 Dei
972 4237 985 4254 .
1014 4207 1065 4250 et
1094 4198 1272 4250 vinum
1300 4197 1593 4250 doctrinam
1617 4236 1633 4260 ,
1673 4212 1828 4264 quam
1875 4199 2260 4266 permiscebant

704 4301 827 4340 suas
864 4287 1116 4340 addentes
1143 4289 1462 4356 disciplinas.
1499 4287 1611 4356 Ego
1637 4304 1766 4342 vero
1793 4289 1928 4344 hanc
1948 4293 2258 4360 explicatio-

705 4391 823 4428 nem
871 4391 974 4429 non
1023 4377 1296 4444 improbo,
1328 4377 1421 4430 sed
1461 4379 1615 4430 aliam
1660 4380 1918 4432 veriorem
1961 4396 2077 4434 esse
2117 4382 2256 4436 dico.

703 4464 816 4518 Non
845 4465 1003 4518 modo
1027 4467 1166 4520 enim
1194 4480 1298 4518 non
1329 4466 1598 4535 indignum
1623 4468 1880 4535 prepheta
1902 4477 1954 4521 et
1981 4468 2046 4521 de
2073 4472 2260 4525 talibus

708 4555 870 4623 loqui,
900 4556 990 4608 sed
1019 4555 1168 4609 valde
1191 4555 1402 4623 dignum
1432 4564 1485 4609 et
1514 4557 1601 4609 illo
1629 4565 1685 4609 et
1717 4556 1810 4610 Dei
1837 4557 2176 4626 benignitate.
2197 4561 2261 4615 Et

703 4645 828 4714 quid
871 4659 1002 4712 opus
1043 4653 1127 4698 est
1169 4645 1328 4697 multa
1367 4645 1592 4698 dicere?
1621 4644 1752 4698 Cum
1796 4647 1935 4700 enim
1963 4648 2280 4716 uuigenitus-

707 4736 796 4790 Dei
821 4736 983 4788 Filius
1009 4734 1285 4789 sublimem
1306 4734 1531 4788 atterens
1551 4735 1838 4789 doctrinam
1862 4737 2091 4803 advenit,
2115 4755 2262 4793 cum-

703 4841 804 4894 que
830 4825 1120 4893 angclicnm
1145 4823 1266 4877 vita:
1305 4823 1599 4877 institutum
1639 4824 2074 4880 disseminaturus
2095 4837 2258 4892 esset,

706 4930 807 4966 non
855 4928 1015 4981 pauca
1065 4922 1114 4966 et
1144 4914 1253 4980 ipse
1296 4911 1362 4966 de
1409 4912 1672 4967 mensuris
1709 4914 1970 4976 disseruit,
2005 4917 2172 4986 deque
2200 4920 2262 4972 iis

705 5019 821 5066 quae
863 5004 1047 5055 viliora
1100 5003 1414 5057 videbantur
1448 5018 1587 5067 esse,
1635 5004 1700 5057 de
1747 5006 2166 5071 salutationibus,
2195 5011 2262 5063 de

705 5094 878 5167 medio
929 5094 1043 5147 loco
1081 5094 1175 5162 (a),
1222 5095 1288 5148 de
1337 5097 1507 5163 primo
1550 5095 1810 5150 accubitu.
1851 5097 1978 5150 Nam
2009 5099 2119 5153 haec
2147 5116 2262 5168 qua:

705 5187 888 5253 exigua
924 5185 1169 5238 videntur
1192 5202 1327 5248 esse,
1363 5189 1405 5240 si
1449 5189 1792 5256 negligantur,
1823 5192 1991 5258 magni
2025 5204 2264 5260 peccato-

707 5289 820 5326 rmn
856 5275 1060 5329 fomites
1097 5285 1234 5329 sunt.
1268 5277 1418 5342 Quod
1446 5279 1489 5329 si
1533 5279 1583 5330 in
1616 5279 1759 5331 Novo
1790 5279 2123 5333 Testamento
2151 5283 2263 5336 haec

767 5407 838 5465 (α)
874 5406 924 5453 lu
945 5414 1118 5460 Grzeco.
1143 5427 1339 5468 μισασμῦν,
1366 5416 1473 5456 11ωο
1495 5418 1628 5456 recte
1655 5417 1783 5457 notat
1807 5413 2000 5459 Favilius
2021 5413 2107 5459 hoc
2125 5413 2224 5461 loco
2249 5429 2259 5462 :

713 5483 733 5508 ι
757 5485 955 5531 τιμητιῃωπ.Δ
979 5467 1156 5531 medios
1179 5470 1384 5518 incessus
1422 5471 1655 5529 signiﬁcat
1683 5486 1694 5517 :
1724 5473 1803 5531 qui
1854 5471 1982 5519 locus
2027 5483 2098 5520 est.
2141 5477 2263 5522 inter

706 5525 1040 5591 ambulandum
1065 5528 1451 5591 honoratissimus
1467 5525 1485 5576 ξ
1513 5532 1621 5578 inde
1652 5525 1764 5577 illud
1796 5532 2095 5591 Imperatoris
2117 5536 2172 5580 ad
2209 5537 2262 5582 b-

709 5587 896 5633 ln-rtum
919 5600 1056 5633 suum
1083 5590 1208 5635 inter
1231 5590 1350 5637 duos
1372 5598 1623 5638 senatores
1663 5587 1873 5638 mediuui
1902 5594 2222 5643 ambulantem
2248 5611 2259 5642 :

713 5659 865 5694 .mnon
889 5654 932 5694 te
956 5647 1098 5715 pug/rt
1120 5647 1242 5698 inter
1264 5663 1340 5698 cos
1371 5650 1575 5698 medium
1608 5651 1845 5706 incedere,
1872 5667 2069 5715 quorum
2105 5669 2265 5705 scr-rus

710 5716 808 5754 esse
823 5717 995 5768 poteris
1016 5709 1039 5756 .9
1062 5725 1082 5750 ι

2357 496 2627 567 dirigenda
2655 509 2825 564 erant,
2856 500 3022 554 multo
3051 503 3218 569 magis
3245 502 3296 554 in
3320 501 3517 568 Veteri,
3543 503 3757 574 quando
3777 519 3931 559 cras-

2354 590 2523 643 siores
2552 591 2819 644 auditores
2849 599 3022 656 erant,
3051 601 3105 646 et
3135 601 3239 647 tota
3262 593 3470 646 illorum
3493 596 3612 648 vitae
3633 598 3769 651 ratio
3793 598 3929 654 hinc

2357 679 2652 747 regebatur,
2677 693 2794 732 cum
2819 681 3041 748 populus
3071 681 3153 735 his
3178 683 3344 750 magis
3367 682 3685 749 erudiretur,
3709 695 3766 738 ut
3795 703 3932 754 prn-

2355 771 2438 821 cul
2460 769 2604 821 omni
2636 769 2865 835 nequitia
2895 780 3057 835 esset,
3084 780 3138 825 et
3167 773 3218 826 in
3262 772 3408 827 nullo
3445 775 3740 842 proximum
3773 771 3927 825 frau-

2355 857 2525 918 daret,
2561 873 2731 926 neque
2767 874 2861 927 per
2899 861 3088 914 malam
3119 862 3259 915 illam
3305 865 3675 932 cauponariam
3717 879 3928 933 paupe-

2356 947 2524 1000 riores
2544 950 2883 1016 opprimeret.

2426 1036 2478 1090 8.
2508 1036 2599 1090 IIis
2637 1053 2862 1108 namque
2904 1040 3156 1110 neglectis
3199 1056 3340 1111 saepe
3367 1044 3602 1099 civitates
3629 1048 3927 1111 subversae,

2356 1136 2409 1179 et
2438 1127 2698 1195 principes
2726 1127 2792 1182 de
2818 1129 2952 1182 solio
2975 1131 3234 1187 deturbati
3256 1142 3396 1198 sunt,
3422 1134 3658 1202 bellaque
3689 1136 3930 1203 inexpia-

2359 1214 2481 1269 bilia
2531 1218 2778 1271 suscitata
2820 1235 2834 1271 :
2870 1220 3313 1287 quemadmodum
3355 1223 3436 1276 his
3477 1225 3767 1279 observatis
3816 1244 3921 1295 pax

2358 1307 2518 1360 multa
2546 1317 2599 1363 et
2627 1310 2974 1377 tranquillitas
3004 1310 3120 1375 fuit,
3147 1327 3350 1367 necnon
3379 1316 3634 1370 securitas
3660 1317 3726 1370 ad
3757 1319 3926 1372 virtu-

2359 1406 2463 1453 tem
2508 1399 2792 1455 deducens.
2835 1400 2924 1456 23.
2959 1401 3220 1472 Principes
3264 1406 3336 1457 tui
3376 1405 3744 1476 inobsequentes
3781 1421 3922 1465 sunt.

2356 1489 2594 1544 Maxima:
2659 1491 2981 1561 mgritudinis
3025 1501 3079 1546 et
3130 1497 3482 1563 perversitalis
3542 1499 3747 1567 signum
3798 1513 3919 1567 est,

2357 1582 2565 1651 quando
2586 1581 2774 1637 medici
2803 1586 3016 1639 morbos
3039 1584 3297 1654 adaugent
3321 1587 3418 1658 (α).
3446 1589 3745 1658 Principum
3777 1594 3921 1645 enim

2357 1683 2438 1729 est
2465 1676 2638 1743 populi
2667 1675 2950 1730 dissolutos
2988 1693 3164 1731 mores
3192 1694 3544 1748 compescere,
3591 1691 3732 1737 recte
3779 1685 3926 1738 ordi-

2357 1781 2503 1830 nare,
2529 1767 2800 1836 ipsumque
2822 1768 3022 1835 legibus
3045 1769 3488 1838 obtemperantem
3518 1774 3773 1828 reddere:
3798 1790 3920 1830 cum

2357 1864 2530 1909 autem
2561 1857 2654 1922 ipsi
2677 1858 2829 1925 primi
2859 1859 3000 1926 leges
3027 1861 3496 1928 transgrediuntur,
3517 1864 3780 1933 quomodo
3799 1867 3920 1919 aliis

2355 1943 2598 1998 doctores
2641 1946 2866 2001 fuerint?
2914 1948 3038 2000 Illud
3077 1952 3240 2016 enim,
3284 1951 3661 2021 lnobsequcntes
3699 1965 3833 2022 sunt,
3865 1957 3919 2010 id

2358 2047 2455 2100 est,
2487 2038 2598 2091 Non
2628 2040 2985 2108 obsequuntur
3014 2041 3136 2108 legi,
3170 2053 3426 2110 prmcepta
3449 2060 3553 2097 non
3582 2057 3829 2100 servant:
3865 2048 3917 2101 id

2357 2127 2495 2194 quod
2519 2128 2673 2181 etiam
2707 2129 2896 2183 Paulus
2922 2131 3048 2198 ipsis
3075 2131 3278 2184 crimini
3306 2133 3394 2185 dat
3419 2134 3596 2188 dicens
3627 2152 3639 2186 :
3676 2136 3772 2202 Qui
3798 2153 3919 2206 ergo

2356 2217 2510 2268 alium
2535 2217 2698 2278 doces,
2727 2221 2935 2282 teipsum
2969 2235 3069 2271 non
3095 2221 3238 2272 doces
3265 2220 3432 2290 (Rom.
3457 2224 3509 2274 2.
3535 2225 3669 2289 2|)?
3696 2225 3919 2291 Quando

2358 2320 2483 2373 ergo
2515 2307 2660 2359 radix
2689 2316 2933 2374 corrupta
2963 2306 3138 2370 fuerit,
3169 2309 3236 2364 de
3273 2313 3432 2366 ramis
3456 2313 3578 2380 quid
3611 2313 3730 2367 b0ui
3753 2316 3919 2382 conji-

2357 2395 2504 2446 cias?
2531 2395 2670 2448 Socii
2698 2401 2885 2462 furum.
2919 2397 3168 2451 Acasssio
3191 2399 3440 2464 criminis,
3465 2402 3602 2469 quod
3622 2418 3724 2456 non
3745 2405 3917 2459 solum

2360 2485 2494 2536 mala
2526 2499 2626 2537 non
2658 2496 2953 2548 coerceant,
2997 2487 3089 2540 sed
3128 2497 3346 2542 conatus
3373 2489 3425 2542 in
3451 2495 3766 2547 contrarium
3796 2510 3920 2549 ver-

2361 2582 2488 2638 tant,
2531 2590 2632 2627 non
2666 2577 2820 2627 modo
2859 2576 2998 2630 fures
3045 2593 3149 2632 non
3191 2590 3509 2650 Oppugnent,
3559 2585 3651 2638 sed
3697 2595 3749 2639 et
3791 2587 3919 2655 ipsis

2354 2662 2659 2731 jungantur,
2692 2680 2754 2717 ex
2783 2665 3041 2720 diametro
3080 2669 3372 2736 oppositam
3411 2672 3585 2725 virtuti
3627 2674 3918 2742 principum

2361 2754 2641 2819 nequitiam
2672 2754 2945 2808 adeuntes.
2978 2755 3249 2826 Diligentes
3277 2776 3502 2813 munera.
3541 2762 3714 2817 Altera
3745 2767 3922 2833 gravis

2360 2841 2563 2907 species
2588 2839 2737 2895 famis
2760 2843 2893 2907 auri,
2925 2858 3040 2910 quas
3070 2844 3297 2898 fumtum
3327 2850 3534 2915 quidem
3576 2852 3733 2906 habet
3765 2869 3925 2922 argu-

2361 2938 2613 2994 mentum,
2649 2931 2742 2985 sed
2789 2932 3162 2987 benevolentia:
3190 2937 3404 2990 obtentu
3432 2948 3718 2994 extremam
3750 2945 3924 2998 avari-

2361 3020 2484 3072 tiam
2532 3021 2726 3090 prodit.
2780 3021 3136 3092 Persequentes
3180 3026 3568 3083 retributionem.
3617 3031 3919 3087 Memoriam

2361 3109 2666 3178 injuriarum
2693 3127 2816 3182 erga
2865 3112 3105 3171 inimicos
3134 3127 3421 3182 servantes,
3453 3121 3587 3174 mala
3632 3123 3922 3180 retribuere

2360 3211 2614 3255 conantur
2643 3202 2706 3256 iis
2731 3204 2816 3271 qui
2844 3218 2901 3258 se
2929 3205 3114 3274 injuria
3143 3207 3444 3275 affecerunt,
3472 3226 3588 3280 quae
3634 3223 3714 3269 est
3739 3215 3923 3286 ingens

2361 3291 2570 3344 malitiae
2615 3294 2816 3359 species
2855 3311 2869 3347 :
2909 3296 3249 3362 quamobrem
3295 3314 3397 3352 non
3441 3302 3492 3354 in
3534 3301 3678 3357 Novo
3721 3314 3922 3362 tantum

2362 3381 2718 3446 Testamento,
2750 3384 2841 3438 sed
2867 3385 3020 3438 etiam
3053 3386 3103 3439 in
3134 3387 3331 3453 Veteri,
3363 3406 3549 3458 magno
3577 3395 3749 3448 studio
3771 3412 3924 3451 coer-

2361 3481 2528 3524 cetur.
2560 3471 2809 3524 Malitiam
2832 3475 2996 3538 enim,
3034 3475 3221 3543 inquit,
3267 3481 3480 3545 proximi
3512 3485 3589 3534 sui
3630 3500 3692 3536 ne
3733 3497 3926 3540 revocet

2362 3563 2567 3630 quisque
2594 3572 2804 3615 vestrum
2845 3564 2898 3616 in
2947 3565 3096 3618 corde
3129 3583 3218 3618 suo
3255 3567 3430 3635 (Zach.
3466 3571 3515 3621 7.
3551 3572 3660 3640 IO).
3704 3575 3782 3626 Ab
3823 3575 3928 3632 hoc

2363 3651 2501 3703 enim
2532 3653 2774 3720 nequitiae
2803 3667 2996 3720 genere
3029 3669 3218 3722 purum
3257 3671 3373 3712 esse
3406 3669 3614 3725 Oportet
3652 3664 3924 3733 populum,

2362 3741 2632 3810 multoque
2661 3744 2826 3810 magis
2872 3745 3182 3813 principem,
3229 3749 3315 3816 qui
3361 3751 3580 3805 subditis
3631 3755 3680 3806 in
3725 3755 3928 3823 judicio

2366 3831 2651 3898 praecipere
2678 3832 2853 3893 debet,
2882 3843 2936 3885 ut
2964 3846 3158 3901 ponant
3189 3836 3503 3904 inimicitias,
3543 3857 3609 3896 ne
3654 3853 3836 3911 portus
3871 3847 3926 3900 in

2363 3920 2637 3986 scopulum
2663 3928 2913 3973 vertatur.
2949 3921 3170 3990 Pupiltis
3197 3942 3294 3978 nun
3316 3928 3616 3990 indicantes.
3647 3932 3701 3986 ld
3731 3945 3831 3996 est,
3861 3936 3929 3990 iis

2363 4023 2468 4062 non
2495 4011 2903 4077 patrocinantes,
2934 4021 2988 4063 ut
3011 4012 3097 4079 jus
3133 4028 3283 4067 suum
3313 4017 3600 4073 obtineant.
3648 4022 3930 4093 Etjndicio

2365 4099 2624 4150 viduarum
2649 4115 2745 4151 non
2775 4101 3098 4154 attendentes.

2440 4189 2556 4242 Non
2580 4190 2727 4242 modo
2762 4192 2947 4242 malum
2975 4203 3278 4261 perpetrare,
3325 4196 3410 4247 sed
3434 4197 3580 4249 etiam
3615 4199 3797 4253 bonum
3827 4219 3930 4258 non

2365 4297 2511 4349 agere
2539 4280 2732 4332 crimini
2759 4281 2927 4333 datur.
2951 4310 3023 4320 —
3045 4282 3460 4351 Observandum,
3500 4303 3605 4342 non
3636 4293 3790 4344 modo
3818 4309 3932 4348 ma—

2367 4368 2474 4421 lum
2506 4377 2825 4436 perpetrare,
2857 4370 2947 4423 sed
2975 4371 3130 4424 etiam
3162 4373 3357 4427 bonum
3386 4392 3488 4430 non
3519 4393 3691 4448 agere,
3721 4383 3929 4439 crimini

2366 4458 2498 4520 dari,
2529 4458 2968 4525 quemadmodum
2990 4462 3146 4514 etiam
3177 4463 3224 4515 in
3257 4463 3400 4518 Novo
3422 4467 3772 4523 Testamento.
3796 4472 3930 4529 Nam

2367 4549 2455 4616 qui
2481 4549 2797 4602 esurientem
2828 4564 2932 4602 non
2955 4550 3119 4614 alunt,
3152 4567 3252 4604 non
3284 4556 3401 4621 quia
3426 4557 3593 4610 aliena
3621 4573 3923 4628 rapuerunt,

2367 4638 2458 4691 sed
2485 4640 2602 4706 quia
2634 4653 2725 4691 sua
2750 4638 2932 4707 egenis
2959 4655 3061 4693 non
3084 4653 3382 4710 erogarunt,
3407 4645 3456 4697 in
3477 4646 3729 4714 gebcuna:
3754 4651 3927 4720 ignem

2369 4729 2679 4781 mittuntur:
2717 4728 2793 4782 sic
2820 4727 2977 4796 igitur
3011 4728 3063 4782 Ιιί
3105 4745 3243 4784 nunc
3287 4732 3606 4802 incnsantur,
3651 4752 3752 4792 non
3787 4743 3928 4809 quod

2368 4819 2550 4871 alienis
2574 4819 2722 4871 bouis
2753 4819 2971 4882 inhient,
3003 4835 3108 4873 non
3138 4821 3273 4889 quod
3305 4823 3493 4890 injuste
3523 4831 3748 4894 potentia
3779 4840 3929 4883 utan-

2370 4917 2468 4970 tur,
2502 4908 2590 4960 sed
2620 4908 2758 4976 quod
2795 4909 2972 4978 egenis
2999 4909 3285 4964 officiosam
3317 4929 3525 4968 manum
3555 4932 3658 4970 non
3691 4919 3926 4974 tendant.

2368 4997 2453 5049 24.
2495 4996 2703 5064 I’rOpter
2742 4998 2833 5048 ltoc
2876 4998 2981 5049 lucc
3017 4999 3138 5051 dicit
3182 4997 3473 5054 Dominator
3503 5004 3747 5058 Dominus
3791 5005 3929 5060 Sab-

2369 5087 2534 5149 bﬂol/t,
2571 5097 2737 5152 potens
2765 5086 2928 5139 Israel
2958 5102 2976 5139 :
3007 5088 3052 5140 id
3094 5098 3192 5152 est,
3237 5093 3430 5158 populi.
3470 5093 3581 5146 Non
3621 5097 3733 5148 sine
3768 5111 3929 5153 causa

2371 5177 2515 5238 illud,
2552 5177 2756 5240 Potens,
2781 5178 2974 5245 posuit,
3006 5178 3096 5231 sed
3130 5180 3178 5232 in
3209 5183 3510 5234 memoriam
3545 5198 3794 5238 revocans
3824 5186 3934 5243 illis

2433 5357 2503 5419 ((1)
2532 5356 2582 5403 In
2600 5362 2849 5419 Crtecoga;
2874 5368 3248 5419 ttooug_tr.up=.e~ct..
3264 5357 3532 5419 'l‘i‘lmannus
3545 5361 3701 5412 vertit,
3721 5360 3932 5419 inferunt

2368 5417 2567 5482 morbos.
2588 5418 2676 5462 Sed
2702 5416 2874 5482 melius
2898 5416 3198 5482 intelligitur,
3223 5419 3267 5465 ni
3301 5417 3646 5482 fallor,_morbos
3669 5416 3928 5482 adaugent.

2370 5479 2494 5545 ut__i_n
2511 5477 2789 5545 _tliuturnius_
2815 5485 3003 5545 tempus
3028 5479 3308 5533 extrahant;
3337 5478 3410 5545 vel
3442 5479 3561 5526 forte
3587 5482 3655 5526 sic
3672 5477 3929 5545 possitiul

2370 5536 2542 5592 telligi,
2572 5537 2616 5583 in
2641 5535 2812 5599 morbis
2836 5535 2926 5599 ipsi
2945 5545 3218 5595 versantur;
3243 5553 3350 5599 (ιιιιιτ
3383 5539 3520 5595 inter.
3541 5535 3713 5588 relatio
3753 5543 3933 5593 melius

2369 5599 2603 5660 quadrare
2629 5598 2895 5660 videturad
2931 5610 2988 5660 ea
3010 5612 3118 5659 quae
3142 5598 3424 5660 sequuntur.
3450 5599 3537 5646 Sed
3571 5602 3607 5646 si
3650 5601 3717 5647 sic
3746 5603 3932 5652 inti-lli-

2372 5659 2580 5723 gendum
2607 5665 2754 5723 esset,
2781 5657 2952 5717 aliquid
2978 5657 3122 5706 serici
3163 5657 3334 5707 Griecze
3356 5659 3622 5707 addendum
3661 5661 3932 5723 videretur,

2373 5719 2505 5765 νωᾚί
2536 5720 2702 5779 gratia,
2799 5733 2860 5773 τὰς
2885 5734 3004 5776 νόσους
3027 5732 3259 5780 ἰπιτρὶεωσιν.
