4130 6312
230 283 299 337 23
386 256 389 259 ’
1604 279 1666 332 IN
1709 277 1957 344 nsum,
1991 276 2144 333 CAP.
2189 279 2230 333 l.
3551 290 3623 344 24

221 387 360 437 πόλει
393 386 668 452 γενέσθαι,
698 388 797 458 τὴν
839 389 1040 455 ἄφατον
1072 390 1290 459 ἀγάπην
1320 390 1414 458 τὴν
1452 392 1576 460 περὶ
1613 392 1805 453 αὐτοὺς
1838 404 1861 430 ι

220 471 638 541 ἐνδεικνύμενος
669 476 761 526 καὶ
798 476 872 537 ὡς
903 474 1027 545 περὶ
1059 477 1247 545 ἀνδρὸς
1274 477 1362 528 καὶ
1396 478 1648 543 γυναικὸς
1674 477 1864 527 πολλα-

219 556 306 625 χοῦ
337 558 697 626 διαλέγονται,
723 563 817 630 οὐχ
847 563 929 613 ἵνα
956 563 1035 623 είς
1061 562 1398 632 ἀνθρωπίνην
1428 563 1704 631 παχύτητα
1736 579 1860 613 κατ-

220 645 475 709 ενέγκωσι
515 647 606 698 τὸν
649 647 821 714 λόγον,
848 648 959 699 ἀλλ’
991 649 1074 701 ἵνα
1099 650 1185 702 διὰ
1212 650 1317 700 τῶν
1352 652 1657 719 συντρόφων
1686 650 1861 710 αὐτοῖς

219 732 552 799 πραγμάτων
572 734 665 784 ἐπὶ
689 735 785 803 τὴν
813 736 1009 801 γνῶσιν
1034 735 1131 804 τῆς
1162 734 1256 785 τοῦ
1281 734 1412 787 Θεοῦ
1444 737 1863 804 χειραγωγήσω‹

220 830 295 864 σιν
341 817 540 880 αὐτοὺς
584 820 975 889 φιλοστοργίαςο
1021 820 1155 890 όμοῦ
1197 820 1253 872 δὲ
1297 822 1386 873 καὶ
1426 820 1502 889 τῷ
1533 820 1739 889 αἰσχρῷ
1765 821 1861 887 τῆς

218 904 581 971 προσηγορίας
629 906 968 975 καθάψασθαι
1000 907 1291 977 βούλονται.
1330 906 1538 971 Πιστή·
1568 906 1858 970 τουτέστιν,

215 986 244 1052 ή
274 988 506 1058 εὐσεϐὴς
545 993 637 1044 καὶ
676 993 857 1063 πάσης
885 995 1083 1064 ἀρετῆς
1118 995 1376 1063 γέμουσα·
1401 994 1538 1047 ὥστε
1573 993 1860 1045 κάντεῦθεν

214 1070 386 1140 δῆλον,
431 1077 515 1128 ὅτι
562 1080 811 1148 πορνείαν
860 1082 921 1132 οὐ
963 1082 1060 1151 τὴν
1107 1081 1212 1133 τῶν
1246 1082 1507 1150 σωμάτων
1546 1080 1709 1147 λέγει’
1742 1080 1861 1132 ἐπεὶ

213 1154 360 1210 εἶπεν
390 1163 480 1225 ἂν,
516 1165 669 1229 πόλις
696 1169 729 1234 ὴ
757 1167 1002 1236 σώφρων·
1025 1167 1166 1220 οῦτω
1190 1168 1294 1236 γάρ
1323 1164 1389 1236 ἦν
1420 1166 1480 1218 τὸ
1501 1165 1857 1218 ἀντιδιαστελα

212 1242 431 1313 λόμενον
459 1252 525 1318 τῇ
562 1252 750 1321 πόρνῃ·
783 1252 875 1305 νῦν
911 1254 965 1306 δὲ
994 1253 1222 1315 δεικνὺς,
1254 1254 1334 1305 ὅτι
1362 1254 1462 1323 τὴν
1489 1252 1739 1304 ἀσέϐειαν
1769 1253 1856 1303 ai-

212 1332 442 1385 νίττεται
468 1336 555 1387 διὰ
576 1338 670 1404 τῆς
693 1340 963 1407 πορνείας,
988 1339 1047 1390 τὸ
1070 1337 1437 1407 ἀντικείμενον
1468 1338 1606 1406 αὐτῇ
1629 1337 1853 1403 τέθεικε,

210 1416 302 1485 τὴν
328 1419 513 1472 πίστιν
529 1422 575 1473 δ.
600 1422 843 1490 Πλήρης
856 1424 1102 1490 κρίσεως
1121 1441 1134 1454 ’
1153 1424 1412 1485 τουτέστι,
1438 1423 1645 1492 πλήρης
1659 1423 1857 1476 δικαιο-

214 1504 389 1573 σύνης.
427 1507 593 1560 Πάλιν
623 1510 871 1578 μέγιστον
897 1511 1160 1580 ἔγκλημα,
1183 1512 1279 1580 οὐχ
1302 1513 1381 1563 ὅτι
1409 1512 1541 1580 πρὸς
1570 1510 1854 1581 ὀλόκληρον

215 1590 304 1659 τὴν
350 1593 551 1644 κακίαν
592 1596 981 1665 ηὐτομόλησαν,
1020 1597 1130 1649 ἀλλ’
1158 1599 1240 1649 ὅτι
1279 1599 1369 1649 καὶ
1405 1597 1690 1666 ὀλόκληρον
1725 1614 1854 1669 προ-

216 1674 409 1727 έδιυκαν
434 1678 531 1746 τὴν
555 1682 769 1750 ἀρετὴν,
802 1682 894 1735 καὶ
913 1683 1000 1735 τὸν
1035 1682 1251 1738 πλοῦτον
1278 1685 1486 1737 ἅπαντα
1509 1683 1614 1735 τῶν
1638 1683 1853 1750 ἀγαθῶν

216 1761 404 1829 ἀθρὸον
438 1764 545 1816 ἀπὸ
574 1766 677 1818 τῶν
711 1769 905 1837 χειρῶν
939 1768 1052 1840 [14]
1085 1770 1354 1839 ῥίψαντες,
1390 1771 1481 1822 καὶ
1520 1771 1653 1840 πρὸς
1690 1770 1849 1838 ὲσχά·

216 1864 304 1916 την
333 1849 444 1901 τῶν
474 1852 656 1904 κακῶν
677 1856 1081 1924 κατενεχθέντες
1102 1856 1307 1909 πενίαν.
1329 1858 1381 1907 ‘E
1385 1874 1421 1907 ν
1440 1852 1479 1926 ᾗ
1504 1856 1850 1924 δικαιοσύνη

214 1934 486 2003 ἐκοιμήθη
512 1939 581 1990 ἐν
604 1940 773 2007 αὐτῇ.
814 1942 1069 2011 Ηύλίσθη,
1107 1943 1255 2013 φησὶ,
1287 1944 1678 2011 κατεσκήνωσε,
1701 1960 1852 1994 τουτ-

217 2022 337 2083 ἐστι,
372 2025 721 2091 πεφύτευται,
771 2027 1049 2096 ἐρῤίζωτο,
1094 2028 1229 2099 μετὰ
1256 2029 1556 2098 προθυμίας
1587 2030 1689 2080 ὐπὸ
1721 2030 1853 2083 πάν-

214 2126 309 2160 των
352 2110 692 2181 κατωρθοῦτο
729 2114 833 2164 τῶν
863 2114 1106 2166 πολιτῶν.
1163 2116 1506 2185 Ἐνδιατρίϐει
1538 2118 1648 2177 τοῖς
1679 2118 1845 2183 ὲγκω-

218 2194 347 2263 μίοις
395 2199 506 2258 τοῖς
551 2199 848 2269 προτέροις,
882 2201 1013 2271 ὁμοῦ
1050 2202 1143 2271 μὲν
1171 2202 1344 2267 αὐξων
1384 2202 1481 2273 τὴν
1522 2204 1850 2274 κατηγορίαν

213 2281 300 2348 τὴν
335 2282 399 2334 ἐκ
432 2284 529 2351 τῆς
567 2284 881 2352 μεταϐολῆς,
920 2287 1051 2355 ὁμοῦ
1085 2288 1140 2341 δὲ
1171 2287 1408 2359 χρηστὰς
1437 2289 1725 2340 ὑποτείνων
1755 2290 1849 2352 τὰς

215 2367 441 2431 ἐλπίδας,
485 2370 577 2421 καὶ
616 2371 846 2433 δεικνὺς,
892 2373 970 2424 ὅτι
1015 2375 1190 2443 ῥᾴδιον
1221 2375 1411 2436 αὐτοὺς
1448 2375 1848 2445 ἀνακτήσασθαι

216 2453 384 2505 πάλιν.
404 2455 532 2507 Νῦν
545 2455 611 2507 δὲ
627 2459 924 2524 φονευταί.
943 2459 1296 2528 Ἀνδροφόνοι,
1312 2460 1461 2527 φησί.
1482 2460 1555 2512 Τὸ
1571 2460 1850 2526 ἀργύριον

211 2543 362 2609 ὑμῶν
382 2544 688 2611 ἀδόκιμον.
715 2545 991 2607 Τουτέστι,
1022 2552 1367 2619 παράσημον,
1389 2551 1556 2611 νόθον,
1590 2552 1855 2623 κίϐδηλον.

207 2634 262 2682 01
279 2630 394 2682 κάπ
403 2632 538 2697 ηλοί
554 2647 668 2683 σου
680 2632 962 2699 μίσγουσι
981 2634 1084 2686 τὸν
1096 2636 1260 2687 οἶνον
1276 2636 1464 2690 ὕδατι.
1486 2639 1699 2707 Ἐπειδὴ
1731 2658 1848 2710 προο

210 2717 572 2786 οιμιαζόμενος
602 2721 659 2771 οὐ
683 2721 800 2772 κατ’
828 2715 965 2783 εἶδος
992 2716 1141 2773 εἶπεν
1172 2723 1347 2774 αὐτῶν
1374 2724 1472 2793 τὴν
1502 2724 1717 2789 κακίαν,
1745 2726 1857 2777 ἀλλ’

212 2804 284 2855 ὅτι
319 2804 603 2873 ἠθέτησαν,
642 2807 733 2859 καὶ
767 2807 846 2858 ὅτι
886 2806 1105 2876 σπέρμα
1143 2809 1375 2878 πονηρὸν
1419 2805 1577 2879 ἦσαν,
1613 2810 1706 2862 καὶ
1752 2812 1856 2864 υἱοὶ

215 2892 410 2958 ἄνομοι,
453 2892 481 2943 δ
525 2893 785 2963 λοιδορίας
816 2893 985 2946 ἐδόκει
1020 2893 1238 2963 μᾶλλον,
1269 2896 1302 2964 ἢ
1340 2894 1666 2967 κατηγορίας
1699 2891 1854 2951 εἶναι·

213 2982 432 3037 ἐνταῦθα
468 2986 563 3037 καὶ
600 2986 735 3038 αὐτὰ
761 2985 936 3057 τίθησι
977 2988 1094 3039 κατ’
1116 2984 1251 3049 εἶδος
1288 2989 1355 3040 τὰ
1387 2989 1720 3059 ἐγκλήματα,
1750 2990 1841 3043 καὶ

214 3072 434 3141 πρῶτον,
475 3072 505 3123 ὃ
543 3072 754 3141 πρῶτόν
808 3074 922 3125 ἐστι
969 3075 1060 3125 καὶ
1108 3075 1267 3143 μέσον
1296 3076 1387 3127 καὶ
1415 3076 1712 3128 τελευταῖον
1736 3076 1858 3146 τῶν,

212 3158 400 3218 κακῶν,
452 3158 549 3229 τὴν
601 3159 974 3229 φιλαργυρίαν,
1030 3161 1121 3211 καὶ
1167 3160 1263 3230 τὴν
1294 3161 1416 3231 περὶ
1448 3160 1514 3213 τά
1547 3162 1840 3230 συμϐόλαια

210 3244 516 3313 καπηλείαν.
559 3246 717 3298 Ἀλλά
752 3263 895 3308 τινες
938 3247 998 3298 οὐ
1039 3246 1302 3310 συνιέντες
1335 3259 1357 3286 ο
1399 3248 1492 3317 τὴν
1524 3248 1725 3316 ἄφατον
1749 3249 1839 3304 τοῦ

208 3329 332 3382 Θεοῦ
359 3330 566 3397 σοφίαν,
592 3332 710 3383 κατ’
742 3332 1026 3401 ἀναγωγὴν
1053 3332 1113 3384 τὸ
1140 3332 1427 3402 εἰρημένον
1468 3334 1734 3399 ἐξέλαϐον.
1766 3336 1839 3386 Οὐ

207 3417 307 3485 γὰρ
341 3416 426 3479 ἂν,
466 3417 650 3485 φησιν,
688 3418 715 3468 6
746 3418 915 3485 μέγας
945 3418 1036 3470 καὶ
1063 3418 1260 3487 ὑψηλὸς
1291 3420 1513 3482 Ἡσαΐας
1542 3419 1679 3488 ὑπὲρ
1706 3438 1840 3491 τρα-

208 3502 429 3565 πεζιτῶν
459 3505 818 3573 κακουργίας..
839 3505 929 3556 καὶ
957 3504 1214 3574 καπήλων
1241 3504 1531 3576 διαφθορᾶς
1576 3506 1836 3576 διελέχθη·

208 3588 331 3639 ἀλλὰ
353 3588 612 3657 ἀργύριον
636 3589 865 3643 ἐνταῦθα
884 3590 951 3643 τά
974 3590 1125 3657 λόγιά
1149 3608 1278 3660 φησι
1298 3591 1389 3643 τοῦ
1414 3591 1568 3654 Θεοῦ,
1593 3594 1683 3644 καὶ
1704 3589 1840 3645 οἶνον

205 3676 294 3745 τὴν
318 3676 677 3740 διδασκαλίαν,
724 3679 787 3746 ἢν
817 3679 1026 3733 ἐθόλουν
1053 3681 1428 3747 ἐπεισάγοντες
1455 3682 1631 3734 αὐτῶν
1674 3682 1740 3734 τὰ
1765 3684 1841 3735 δι·

205 3761 459 3831 δείγματα.
511 3763 649 3830 Ἐγὼ
691 3762 747 3815 δὲ
784 3764 905 3818 οὔτε
939 3764 1138 3835 ταύτην
1164 3766 1410 3834 ἀτιμάζω
1438 3766 1532 3836 τὴν
1562 3768 1836 3837 ἐξήγησιν,

207 3850 290 3901 καί
320 3852 415 3919 τὴν
445 3852 635 3919 ἑτέραν
676 3851 1038 3922 ἀληθεστέραν
1084 3848 1218 3904 εἶναί
1249 3870 1404 3923 φημι.
1440 3854 1511 3905 Οὐ
1540 3854 1644 3923 γάρ
1683 3855 1838 3923 μόνον

204 3936 292 3988 οὐκ
321 3937 535 3999 ἀνάξιον
564 3937 657 3987 τοῦ
686 3940 959 4007 προφήτου
999 3939 1058 3990 τὸ
1098 3942 1222 4009 περὶ
1258 3942 1457 3992 τούτων
1482 3941 1836 4008 διαλέγεσθαι,

204 4022 326 4075 ἀλλὰ
362 4024 453 4073 καὶ
481 4023 682 4091 σφόδρα
716 4024 861 4087 ἀξιον
898 4025 987 4076 καὶ
1016 4025 1177 4078 αὐτοῦ
1208 4027 1415 4093 καὶτῆς
1437 4026 1529 4077 τοῦ
1556 4028 1689 4079 Θεοῦ
1720 4029 1837 4095 φιλ-

205 4107 523 4176 ανθρωπίας.
563 4110 669 4161 Καὶ
695 4109 744 4161 τί
768 4109 845 4164 δεῖ
871 4109 937 4160 τὰ
971 4110 1134 4163 πολλὰ
1161 4110 1335 4176 λέγειν
1360 4127 1374 4175 ;
1404 4111 1529 4164 Ὅτε
1561 4112 1585 4151 ἀ
1623 4113 1750 4177 γοῦν
1773 4114 1838 4166 τὰ

206 4193 369 4261 ὑψηλά
406 4195 705 4263 διδάγματα
751 4196 926 4265 φέρων
969 4192 1129 4267 ἦλθεν
1178 4198 1204 4249 6
1248 4198 1535 4270 μονογενὴς
1573 4198 1664 4251 τοῦ
1706 4200 1836 4251 Θεοῦ

204 4275 348 4338 Παῖς,
374 4276 467 4327 καὶ
496 4280 591 4345 τὴν
629 4276 734 4331 τῶν
761 4277 1002 4345 ἀγγέλων
1044 4280 1432 4346 καταφυτεύειν
1468 4282 1654 4349 ἔμελλε
1692 4284 1838 4336 πολι-

202 4363 356 4424 τείαν,
383 4365 481 4416 οὐκ
512 4364 664 4431 ὀλίγα
692 4365 816 4434 περὶ
848 4365 1057 4435 μέτρων
1098 4365 1190 4417 καὶ
1216 4365 1374 4428 αὐτὸς
1400 4368 1709 4432 διείλεκται,
1748 4373 1837 4422 καὶ

202 4447 296 4499 τῶν
327 4451 528 4501 τούτων
569 4450 954 4517 εὐτελεστέρων
994 4447 1127 4504 εἶναι
1166 4451 1477 4517 δοκούντων,
1512 4455 1833 4524 ἀσπασμῶν,

202 4534 285 4583 καὶ
311 4535 626 4603 μεσασμῶν,
659 4537 750 4588 καί⁵
778 4538 1193 4605 πρωτοκλισιῶν.
1223 4541 1301 4593 Τά
1331 4539 1434 4609 γὰρ
1472 4541 1639 4610 μικρὰ
1671 4542 1837 4597 ταῦτα

203 4614 327 4670 εἶναι
382 4621 636 4674 δοκοῦντα
682 4622 1133 4691 παραμελούμενα
1180 4626 1386 4694 μεγάλα
1433 4630 1836 4696 ἁμαρτημάτων

202 4702 587 4771 ὑπεκκαύματα
633 4705 856 4770 γίνεται.
918 4707 979 4758 El
1030 4708 1085 4759 δὲ
1122 4710 1211 4760 ἐπὶ
1254 4711 1349 4778 τῆς
1404 4713 1607 4779 Καινῆς
1668 4713 1835 4767 ταῦτα

201 4789 528 4857 διορθοῦσθαι
562 4791 687 4851 ἔδει,
730 4791 907 4860 πολλῴ
957 4793 1151 4861 μᾶλλον
1194 4796 1283 4846 ἐπὶ
1322 4796 1417 4863 τῆς
1457 4798 1714 4859 Παλαιᾶς,
1747 4800 1833 4851 ὅτε

201 4878 283 4928 καὶ
309 4878 601 4947 παχύτεροι
627 4880 674 4929 οί
705 4880 982 4946 ἀκροαταὶ,
1012 4882 1102 4935 καὶ
1129 4884 1230 4944 πᾶς
1264 4884 1437 4939 αὐτῶν
1471 4887 1498 4936 ὁ
1528 4884 1636 4951 βίος
1659 4886 1837 4939 ἐντεῦ-

203 4961 280 5013 θεν
298 4963 556 5032 ὠρθοῦτο,
592 4964 682 5018 τοῦ
708 4964 875 5032 δήμου
904 4965 1043 5017 οὕτω
1077 4968 1232 5020 πλέον
1253 4970 1308 5021 έν
1334 4970 1561 5022 τουτοισὶ
1592 4974 1837 5025 παιδευοο

205 5049 374 5115 μένου,
415 5050 600 5120 πόρρω
641 5050 819 5119 πάσης
861 5052 1068 5118 ἀδικίας
1116 5054 1375 5120 γίνεσθαι,
1409 5058 1499 5110 καὶ
1539 5058 1596 5109 ἐν
1650 5059 1835 5127 μηδενὶ

258 5216 280 5239 ⁸
309 5215 423 5281 Reg.
450 5219 555 5278 περὶ
578 5218 741 5272 αὐτοῦ,
768 5218 920 5281 male:
945 5222 1046 5281 περὶ
1069 5221 1213 5277 αὐτήν
1240 5223 1415 5269 melius
1439 5229 1601 5272 esset:
1628 5236 1734 5272 nam
1756 5226 1834 5275 hic

204 5270 257 5346 βε
288 5270 479 5346 (Ἱιὶῖσιθ
506 5270 739 5346 ίοᾳυὶιιη.
761 5279 858 5346 Ξςςὶ
877 5270 1185 5346 περὶ-αὐτούς’
1212 5281 1341 5330 bene
1379 5270 1833 5346 habet,

204 5330 295 5402 lnge
312 5330 610 5402 εῳξιτυειῖο
629 5338 870 5402 exemplis
891 5330 1176 5402 go'nfirmari'.

258 5393 283 5461 ξ
310 5395 433 5461 ῌᾴἰιὶ
459 5399 584 5461 male
616 5393 868 5461 Tﬁjtioil’ct.
899 5400 1151 5449 Bavaricus
1172 5404 1354 5461 optime
1374 5405 1458 5459 τὴν
1478 5403 1651 5452 πίστιν.

257 5455 281 5485 ε
307 5457 375 5501 Οὐ
401 5455 747 5513 συνιέντεςίδίε
775 5460 1038 5507 Bavaricus.
1068 5455 1311 5510 Edebhtur
1332 5455 1510 5511 omisso
1532 5465 1603 5511 οὐ.

554 5520 623 5596 εξσ
649 5519 1072 5596 ῖρβςήρμῐρρυιαι
1096 5524 1283 5594 Βοὶεἱυσ
1299 5525 1368 5596 ,ίιι
1397 5526 1522 5570 nolis
1542 5526 1742 5596 ‘Savil'iil
1780 5540 1826 5596 ρ..

209 5573 318 5644 ἕης
346 5577 422 5644 ὅτε
445 5576 553 5644 γοῦν
573 5581 609 5644 6_
622 5580 684 5644 τα
698 5573 853 5644 ῧψηλὰ
876 5573 1083 5640 δόγματα
1104 5583 1268 5644 φέρων,
1290 5586 1315 5630 6
1340 5587 1583 5644 μονογενὴς
1601 5584 1685 5630 τοῦ
1710 5573 1829 5633 Θεόῦ

210 5634 419 5702 ΙΙαίς,καὶ
445 5634 540 5702 τὴν*
551 5640 644 5702 τῶν
664 5634 868 5702 ἀγγέλων
890 5634 1214 5696 καταφυτέύὲιν
1239 5634 1415 5702 μέλλων
1448 5634 1697 5697 πολίτείαν,
1713 5656 1829 5702 οιε..

211 5699 276 5764 {el
294 5696 499 5764 ᾗτε-γοῦν
520 5697 568 5752 ὃς
588 5700 646 5764 τὰ
668 5696 823 5764 ὐῲξηλὰ
844 5700 1101 5764 διδάγματα
1120 5696 1265 5764 φέρων
1287 5704 1419 5760 ἦλθεν
1438 5706 1462 5749 6
1487 5696 1730 5764 μονογενὴς
1746 5696 1829 5754 τοῦ

211 5754 553 5825 βαρ-Παῖς,οι
573 5757 641 5805 sic
664 5754 913 5825 d(‘iipce_ps_,
938 5754 987 5806 υἱ
1027 5763 1076 5825 in_
1101 5754 1235 5825 Ubiis
1268 5754 1463 5825 légitur.
1487 5754 1552 5814 λι
1579 5754 1730 5825 ιὸευέ,
1778 5776 1829 5816 ιιι

214 5818 257 5861 ιιι
275 5814 412 5865 Edilo
434 5823 525 5877 cst,
567 5832 658 5865 non
685 5824 807 5866 male
833 5814 1010 5867 Habere
1036 5819 1239 5868 videtur.

580 5905 845 5962 ΡΑῚῚιυι..
893 5905 1005 5963 Gn.
1056 5904 1181 5963 LVI

1968 392 2075 442 τῶν
2114 391 2336 461 πλησίον
2374 390 2728 454 πλεονεκτεῖν,
2757 390 2889 460 μηδὲ
2932 389 3029 452 τὰς
3053 388 3159 441 τῶν
3188 387 3620 457 καταδεεστέρων

1967 477 2264 545 ἐπιτρίϐειν
2288 478 2475 539 πενίας
2493 478 2558 546 τῇ
2587 477 2888 547 κακουργίᾳ
2913 478 3009 545 τῆς
3038 475 3363 545 καπηλείας.

2033 566 2103 628 η’.
2125 561 2338 614 Τούτων
2356 562 2483 630 γοῦν
2511 562 2891 631 ἀμελουμένων
2916 563 3006 614 καὶ
3026 563 3203 624 πόλεις
3230 563 3481 624 πολλάκις
3500 562 3619 615 ἀνε-

1964 645 2265 714 τράπησαν,
2292 649 2382 699 καὶ
2412 647 2519 700 ἀπὸ
2554 646 2754 717 θρόνων
2784 648 3036 716 ἄρχοντες
3067 648 3495 717 κατηνέχθησαν,
3523 646 3619 703 καὶ

1967 730 2196 798 πόλεμος
2214 731 2468 794 ἄσπονδος
2489 731 2727 797 γέγονεν⁸
2750 732 2895 784 ὥσπε
2904 750 2935 801 ρ
2957 733 3399 803 κατορθουμένων
3426 733 3614 802 εἰρήνη

1963 814 2127 883 πολλὴ
2169 832 2265 868 και
2292 816 2515 886 εὐνομία
2545 816 2638 867 καὶ
2667 816 2931 884 ἀσφάλεια
2956 818 3091 888 πρὸς
3119 818 3318 889 ἀρετὴν
3344 834 3614 888 χειραγωο

1960 899 2150 966 γοῦσα.
2183 903 2246 952 Ol
2291 901 2574 969 ἄρχοντές
2610 915 2724 954 σου
2778 901 3107 956 ἀπειθοῦσι.
3149 904 3424 972 Μεγίστης
3459 904 3612 958 νόσου

1960 988 2051 1037 καὶ
2078 986 2403 1055 διαστροφῆς
2438 988 2679 1056 σημεῖον,
2715 988 2842 1038 ὅταν
2880 989 2925 1038 οἱ
2956 989 3126 1057 ίατροὶ
3157 990 3253 1051 τὰς
3280 990 3464 1052 νόσους
3495 993 3614 1044 ὲπι-

1958 1072 2232 1141 τρίϐωσιν.
2276 1073 2571 1142 ’Δρχόντων
2605 1072 2713 1142 γὰρ
2744 1072 2833 1124 τοῦ
2861 1073 3033 1142 δήμου
3071 1076 3169 1136 τὰς
3196 1076 3419 1139 ἀταξίας
3447 1093 3613 1130 κατα-

1959 1158 2210 1222 στέλλειν,
2238 1159 2330 1210 καὶ
2366 1158 2500 1229 πρὸς
2525 1158 2585 1210 τὸ
2610 1159 2725 1210 δέον
2753 1159 3051 1227 ῥυθμίζειν,
3236 1163 3328 1215 καὶ⁵
3354 1162 3431 1229 τῷ
3462 1164 3612 1232 νόμῳ

1958 1249 2128 1297 ποιεῖν
2160 1245 2523 1308 καταπειθεῖς·
2568 1247 2693 1298 ὅταν
2725 1247 2780 1299 δὲ
2816 1247 2968 1299 αὐτοὶ
3002 1249 3204 1317 πρῶτοι
3250 1250 3372 1311 τοὺς
3414 1251 3612 1319 νόμους

1958 1329 2350 1398 παραϐαίνωσι,
2395 1330 2511 1393 πῶς
2553 1330 2618 1383 ἂν
2666 1332 2872 1400 ἑτέροις
2909 1333 3144 1399 γένοιντο
3180 1333 3512 1397 διδάσκαλοις
3536 1336 3610 1387 Τὸ

1956 1417 2083 1485 γὰρ,
2125 1417 2480 1479 Ἀπειθοῦσι,
2501 1416 2795 1481 τουτέστιν,
2826 1419 2885 1470 οὐ
2914 1418 3183 1471 πείθονται
3216 1419 3291 1488 τῷ
3325 1420 3491 1489 νόμῳ,
3510 1421 3608 1473 οὐκ

1955 1502 2233 1571 ἀνέχονται
2256 1501 2364 1555 τῶν
2392 1502 2635 1555 ἐντολῶν·
2665 1502 2692 1555 δ
2721 1504 2814 1555 καὶ
2846 1502 3050 1565 Παῦλος
3080 1504 3297 1569 ἐγκαλεῖ
3321 1504 3511 1570 λέγων’
3555 1505 3608 1557 Ὀ

1954 1583 2066 1641 οὖν
2101 1588 2403 1641 διδάσκων
2432 1589 2652 1656 ἕτερον,
2692 1590 2949 1642 σεαυτὸν
2986 1592 3055 1644 οὐ
3086 1590 3418 1657 διδάσκειςς
3443 1593 3609 1648 Ὅταν

1954 1670 2045 1725 οῦν
2092 1675 2125 1742 ή
2176 1673 2299 1744 ῥίζα
2344 1674 2706 1744 διεφθαρμένη
2751 1672 2806 1747 ᾖ,
2845 1676 2895 1728 τί
2931 1676 3161 1745 χρηστὸν
3200 1676 3313 1728 ἔστι
3347 1677 3472 1745 περὶ
3502 1677 3607 1731 τῶν

1954 1763 2159 1815 κλάδων
2214 1763 2566 1827 ὐποπτεύειν;
2617 1764 2895 1816 Κοινωνοί
2956 1762 3246 1816 κλεπτῶν.
3316 1765 3604 1838 Προσθήκη

1953 1850 2303 1918 κατηγορίας,
2336 1852 2419 1902 ὃτι
2454 1852 2512 1902 οὐ
2549 1852 2704 1919 μόνον
2739 1851 2798 1902 οὐ
2834 1851 3248 1903 καταστέλλουσι
3286 1863 3308 1889 ο
3338 1853 3401 1903 τὰ
3435 1853 3603 1914 δεινὰ,

1952 1934 2083 1987 ἀλλά
2110 1936 2201 1986 καὶ
2226 1935 2621 1988 ἀντιτείνουσιν·
2653 1938 2713 1987 οὐ
2750 1936 2905 2003 μόνον
2940 1937 2998 1986 οὐ
3032 1935 3321 2004 πολεμοῦσι
3348 1941 3454 1999 τοῖς
3484 1936 3604 1989 κλέ-

1952 2037 2130 2081 πταις,
2160 2020 2294 2072 ἀλλὰ
2318 2022 2411 2073 καί⁸
2433 2022 2888 2091 συμπράττουσιν,
2912 2022 2976 2073 ἐκ
3001 2022 3290 2092 διαμέτρου
3320 2023 3415 2091 τῆς
3440 2040 3606 2093 προσο

1951 2105 2190 2174 ηκούσης
2215 2107 2415 2176 ἀρετῆς
2438 2108 2652 2176 ἄρχοντι
2671 2107 2767 2176 τὴν
2793 2107 2989 2159 κακίαν
3013 2108 3301 2177 μετιόντες.
3319 2107 3605 2174 Ἀγαπῶν-

1949 2208 2046 2256 τες
2093 2191 2265 2259 δῶρα.
2304 2192 2522 2263 Ἕτερον
2574 2191 2973 2261 φιλοχρυσίαςτ
3016 2189 3152 2255 εἶδος
3202 2194 3456 2264 χαλεπὸν,
3513 2196 3603 2248 εὐο

1952 2274 2235 2342 πρόσωπον
2284 2273 2382 2343 μὲν
2418 2274 2668 2327 ὑπόθεσιν
2712 2274 2851 2343 ἔχον,
2885 2276 2942 2327 ἐν
2983 2276 3326 2346 προσχήματι
3365 2276 3421 2328 δὲ
3450 2276 3599 2344 φιλοο

1949 2360 2218 2429 φροσύνης
2267 2362 2364 2429 τὴν
2410 2362 2641 2430 ἐσχάτην
2677 2361 2984 2427 πλεονεξίαν
3013 2364 3468 2433 ἐπιδεικνύμενον.
3510 2367 3599 2416 Δι-

1946 2448 2199 2511 ώκογτες
2232 2445 2629 2514 ἀνταπόδομα.
2674 2447 3147 2516 Μνησικακοῦντες
3204 2452 3315 2511 τοῖς
3361 2450 3594 2520 ἐχθροῖς,

1946 2533 2331 2587 ἀνταποδοῦναι
2374 2532 2761 2616 σπουδάζοντες
2800 2539 2910 2601 τοῖς
2943 2538 3323 2611 λελυπηκόσιν,
3349 2544 3485 2616 ὅπερ
3512 2547 3609 2616 μέν

1944 2635 2126 2686 γιστον
2156 2618 2352 2681 κακίας
2387 2614 2544 2683 εῐδος.
2576 2621 2653 2672 Δι’
2678 2622 2706 2673 ὃ
2734 2622 2832 2675 οὐκ
2859 2623 2917 2677 ἐν
2956 2628 3020 2697 τῇ
3048 2627 3222 2699 Καινῇ
3262 2614 3606 2696 μόνον,γάλλά

1952 2705 2045 2758 καὶ
2084 2707 2142 2759 ἐν
2173 2710 2239 2777 τῇ
2284 2708 2490 2778 Παλαιᾷ
2522 2709 2658 2778 μετά
2704 2709 2903 2778 πολλῆς
2932 2711 3170 2779 εἴργεται
3212 2714 3310 2781 τῆς
3345 2717 3599 2784 σπουδῆς.

1951 2793 2174 2846 Κακίαν
2208 2795 2315 2863 γὰρ
2352 2794 2625 2859 ἕκαστος,
2668 2796 2820 2863 φησι,
2855 2796 2961 2850 τοῦ
2993 2798 3259 2861 πλησίον
3305 2799 3488 2851 αὑτοῦ
3513 2800 3599 2867 μὴ

1946 2880 2363 2946 ιινησικακεῖτε
2402 2881 2469 2933 ἐν
2518 2880 2645 2945 ταῖς
2684 2880 2951 2948 καρδίαις
2990 2882 3173 2949 ὑμῶν.
3214 2883 3464 2937 Μάλιστα
3503 2888 3602 2953 μὲν

1948 2964 2056 3034 γὰρ
2076 2966 2169 3017 καὶ
2198 2967 2259 3017 τὸ
2286 2966 2587 3035 δημοτικὸν,
2616 2966 2790 3035 πολλῷ
2809 2968 2866 3019 δὲ
2891 2968 3087 3036 μᾶλλον
3109 2969 3199 3020 τὸν
3222 2969 3451 3039 ἄρχοντα
3473 2969 3602 3021 ταύ-

1947 3066 2045 3119 της
2079 3051 2157 3102 δεῖ
2186 3050 2504 3119 καθαρεύειν
2536 3052 2631 3120 τῆς
2657 3052 2873 3113 κακίας,
2900 3053 2990 3104 καὶ
3018 3052 3111 3105 τοῦ
3148 3055 3280 3122 πρὸς
3307 3054 3599 3122 ἀπέχθειαν

1946 3136 2270 3203 ψηφίζεσθαι
2294 3139 2404 3197 τοῖς
2429 3137 2765 3205 κρινομένοις
2792 3136 3148 3205 ἀπηλλάχθαι,
3178 3140 3262 3191 ἵνα
3288 3140 3361 3210 μὴ
3391 3142 3418 3192 δ
3441 3140 3600 3210 λιμὴν

1949 3222 2205 3283 σκόπελος
2227 3222 2467 3292 γένηται.
2509 3221 2807 3291 Ὀρφανοῖς
2842 3225 2913 3275 οὐ
2941 3225 3262 3290 κρίνοντες.
3288 3226 3597 3288 Τουτέστιν,

1946 3308 2003 3358 οὐ
2043 3307 2445 3376 προϊστάμενοι,
2470 3307 2544 3371 ὼς
2578 3309 2671 3360 καὶ
2704 3307 2809 3360 τῶν
2836 3308 3055 3361 δικαίων
3104 3313 3304 3379 τυχεῖν.
3337 3312 3443 3365 Καὶ
3478 3315 3600 3379 κρί-

1944 3407 2039 3445 σει
2072 3392 2269 3459 χηρῶν
2297 3396 2367 3446 οὐ
2396 3394 2807 3461 προσέχοντες.

2016 3478 2428 3547 Παρατηρητέον
2467 3479 2548 3530 ὅτι
2589 3480 2647 3530 οὐ
2665 3480 3069 3541 τὸκακοποιεῖν,
3119 3482 3231 3534 ἀλλ’
3266 3484 3345 3536 ὅτι
3396 3484 3489 3536 καὶ
3538 3486 3601 3538 τὸ

1944 3566 2143 3632 ἀγαθὸν
2166 3566 2238 3635 μὴ
2258 3565 2577 3635 ἐργάζεσθαι
2598 3565 2803 3628 ένταξει
2835 3570 3007 3620 κεῖται
3034 3570 3323 3638 πονηρίας,
3351 3572 3597 3642 καθάπερ

1943 3648 2033 3705 οὖν
2075 3652 2167 3705 καὶ
2208 3654 2264 3704 ἐν
2305 3655 2372 3723 τῇ
2410 3654 2603 3722 Καινῇ.
2639 3654 2699 3704 Οί
2732 3652 2839 3723 γάρ
2874 3655 3136 3707 πεινῶντα
3173 3657 3246 3725 μὴ
3279 3657 3595 3726 θρέψαντες,

1942 3740 2037 3807 οὐχ
2068 3739 2148 3793 δτι
2169 3739 2235 3790 τὰ
2260 3738 2509 3807 ἀλλότρια
2526 3738 2796 3807 ἥρπασαν,
2820 3739 2931 3792 ἀλλ’
2954 3741 3032 3792 ὄτι
3057 3740 3124 3793 τὰ
3151 3743 3327 3794 αὐτῶν
3348 3744 3405 3794 οὐ
3430 3745 3595 3813 προή-

1943 3842 2104 3877 καντο
2124 3827 2233 3886 τοῖς
2259 3824 2548 3893 δεομένοις,
2576 3825 2655 3885 είς
2680 3823 2740 3875 τὸ
2762 3824 2856 3893 τῆς
2884 3825 3103 3894 γεέννης
3132 3828 3435 3896 πέμπονται
3462 3829 3592 3899 πῦρν

1942 3912 2127 3979 ὥσπερ
2160 3904 2250 3961 οὖν
2281 3910 2373 3961 καὶ
2401 3902 2542 3961 οὗτοι
2581 3908 2673 3960 νῦν
2720 3909 3089 3976 ἐγκαλοῦνται,
3131 3913 3229 3981 οὐχ
3262 3914 3342 3965 ὃτι
3381 3914 3597 3965 πλεονεο

1944 3995 2175 4057 κτοῦσιν,
2192 3994 2300 4045 οὐδ’
2315 3994 2395 4045 ὅτι
2418 3994 2981 4056 καταδυναστεύουσιν,
3004 3997 3115 4048 ἀλλ’
3134 3999 3214 4052 ὅτι
3241 4001 3462 4062 καὶτοῖς
3492 4000 3598 4052 δεοο

1945 4081 2121 4149 μένοις
2143 4080 2243 4148 τῆς
2270 4079 2446 4133 αὐτῶν
2472 4080 2715 4149 βοηθείας
2731 4082 2829 4134 οὐκ
2847 4082 3093 4152 ὀρέγουσι
3113 4088 3282 4154 χεῖρα.
3306 4085 3406 4137 Διὰ
3422 4086 3595 4137 τοῦτο

1939 4168 2075 4223 τάδε
2114 4165 2271 4234 λέγει
2300 4169 2332 4219 ό
2355 4167 2657 4234 Δεσπότης
2689 4169 2896 4238 Κύριος
2934 4171 3192 4232 Σαϐαὼθ,
3229 4174 3261 4223 ό
3290 4171 3593 4238 δυνάστης

1938 4255 2041 4307 τοῦ
2074 4253 2329 4321 Ἰσραήλ·
2349 4252 2609 4318 τουτέστι,
2633 4255 2725 4305 τοῦ
2749 4254 2899 4307 λαοῦ.
2919 4256 3026 4323 Οὐχ
3053 4256 3232 4317 ἁπλῶς
3250 4256 3305 4308 δὲ
3327 4256 3589 4319 τέθεικεν,

1949 4341 2001 4393 Ὀ
2021 4339 2348 4406 δυνάστης,
2377 4339 2509 4392 ἀλλά
2536 4340 2962 4408 ἀναμιμνήσκων
2986 4342 3181 4403 αὐτοὺς
3213 4343 3304 4393 καὶ
3330 4343 3435 4394 τῶν
3462 4346 3591 4412 παρ’

1938 4425 2155 4486 ἐλπίδας
2183 4422 2525 4492 εὐεργεσιῶν,
2560 4424 2652 4475 καὶ
2678 4423 2784 4477 τῶν
2816 4424 3061 4492 χαλεπῶν
3098 4425 3369 4479 κολάσεων
3403 4428 3467 4489 ἃς
3497 4428 3592 4481 ὐπ-

1938 4508 2177 4575 έμειναν.
2217 4505 2431 4574 Ἐπειδὴ
2462 4505 2568 4575 γὰρ
2599 4505 2765 4558 πολλὰ
2797 4508 2887 4558 καὶ
2918 4509 2942 4546 ε
2976 4506 3231 4570 πολλάκις
3256 4509 3591 4578 ἁμαρτάνον-

1934 4607 2044 4653 τες,
2076 4589 2169 4642 καὶ
2198 4589 2396 4656 πολλῆς
2423 4590 2778 4653 ἀπολαύοντες
2814 4591 2913 4660 τῆς
2944 4592 3339 4661 μακροθυμίας,
3375 4595 3454 4655 είς
3492 4596 3589 4664 ρᾳ-

1936 4675 2130 4744 θυμίαν
2162 4674 2401 4738 ἔπιπτον,
2430 4675 2585 4727 τοῦτο
2618 4676 2944 4738 ἐνδείξασθαι
2980 4678 3243 4745 βούλεται,
3266 4680 3345 4731 ὃτι
3367 4678 3587 4733 δυνατὸν

1934 4764 2022 4812 ὅτε
2051 4760 2291 4829 βούλεται
2318 4761 2640 4827 ἐπεξελθεῖν,
2670 4764 2759 4813 καὶ
2784 4764 2843 4814 οὐ
2870 4763 3036 4817 δεῖται
3068 4764 3287 4833 καιρῶν,
3318 4766 3436 4817 οὐδὲ
3462 4767 3586 4835 χρόο

1934 4863 2058 4906 νων,
2085 4846 2197 4898 ἀλλ’
2219 4845 2408 4913 έτοιμα
2437 4845 2581 4915 αὐτῴ
2608 4846 2782 4898 πάντα
2802 4848 2893 4900 καὶ
2914 4849 3417 4917 παρεσκευασμένα.
3439 4852 3583 4903 Οὐαὶ

1934 4930 2054 4995 τοῖς
2093 4932 2411 4998 ἰσχύουσιν
2436 4930 2504 4981 ἐν
2548 4931 2797 4995 Ἰσραήλ
2832 4933 2902 4983 οὺ
2934 4932 3221 4985 παύσεται
3255 4934 3364 5001 γάρ
3398 4952 3515 5001 μου
3550 4940 3584 4988 ό

1934 5018 2113 5084 θυμὸς
2131 5018 2200 5067 ἑν
2218 5015 2339 5079 τοῖς
2359 5017 2730 5080 ὑπεναντίοις
2750 5034 2867 5083 μου
2916 5017 2978 5068 Τί
3006 5017 3111 5087 γὰρ
3133 5018 3452 5089 ἀθλιώτερον
3475 5020 3583 5073 τῶν

1931 5104 2020 5159 τὸν
2047 5102 2177 5156 Θεὸν
2207 5101 2459 5171 πολέμιον
2480 5102 2735 5171 ἐχόντων;
2764 5105 2843 5157 Οὐ
2870 5105 3158 5159 παύσεται
3181 5105 3237 5161 δὲ
3257 5106 3457 5177 ἔλεγεν,
3485 5107 3581 5177 οὐχ

1996 5282 2017 5308 ε
2034 5278 2164 5341 Reg.
2191 5278 2277 5341 οὐκ
2294 5277 2653 5341 ἀποστέλλουσι.
2672 5289 2777 5341 Διιοιι
2804 5280 2962 5341 male.
2995 5281 3172 5329 Ibidem
3199 5281 3345 5330 Savll.
3387 5294 3474 5341 pro
3496 5282 3579 5328 άν-

1928 5339 2173 5389 τιτείνουσι
2200 5338 2459 5398 legendum
2486 5342 2624 5443 ﬂutat
2666 5338 2961 5388 ἐπιτείνουσι.
2986 5342 3135 5389 Paulo
3168 5347 3277 5402 post
3297 5338 3502 5388 Allénus
3524 5343 3575 5392 in

1929 5402 2057 5443 nolis
2081 5397 2265 5443 Savilii.
2287 5411 2333 5443 υ.
2364 5397 2468 5443 159.
2525 5409 2617 5443 unc
2643 5398 2799 5443 locum
2819 5402 2872 5443 ἐκ
2897 5402 3143 5443 διαιιέιέοου
3167 5408 3283 5443 etc“
3308 5402 3377 5443 sic
3402 5401 3575 5443 leaen-

1929 5402 2057 5463 nolis
2081 5397 2266 5463 Savilii,’
2287 5411 2333 5463 p_.
2364 5397 2468 5463 139,
2490 5397 2617 5463 hung
2643 5398 2799 5463 locum
2819 5402 2872 5448 ἐκ
2897 5402 3143 5463 διαμέτρου
3167 5397 3283 5456 εις..
3308 5402 3377 5448 sic
3401 5401 3576 5461 legen-

1927 5460 2214 5523 dglm‘pugat,
2236 5459 2288 5523 ἐκ
2306 5458 2553 5518 διαμέτρου
2595 5458 2818 5523 ἐναντίαν,
2843 5464 2917 5509 vel
2954 5458 3167 5515 ἐναντίως
3187 5467 3268 5519 τῆς
3288 5458 3475 5523 προσ(
3496 5463 3574 5513 vel

1925 5521 2009 5583 τὴν
2033 5520 2087 5566 ἐκ
2126 5520 2848 5583 διαμέτρου-γῆς’·ξῐροσῃκούσης
2888 5524 2963 5583 ἀρ.
3007 5524 3113 5583 ἇρχ.
3146 5539 3254 5568 κατι.
3444 5523 3575 5569 ἐνανο

1930 5581 2053 5641 τίαν,
2072 5576 2227 5641 ,εει-ιο
2252 5576 2329 5625 hic
2358 5576 2537 5641 aliquid
2560 5576 3159 5641 Subintelligendtlnn'ést.
3206 5584 3267 5629 Αι
3294 5576 3468 5630 inultas
3489 5585 3573 5629 ha-

1924 5639 2009 5687 bet
2033 5640 2400 5695 Chrysoslomus
2420 5639 2689 5697 hujusmodi
2714 5639 3066 5699 ἀποᾶιωπήσεις
3082 5677 3094 5700 ,
3122 5642 3342 5692 Ηοιηιίἱὶε
3362 5644 3569 5696 maxime

1926 5703 1973 5748 in
2012 5701 2259 5747 Geuesim.

1991 5758 2009 5796 ῐ
2040 5759 2290 5821 navaricus
2314 5760 2690 5821 φιλοχρημᾶτίας.

1989 5822 2015 5860 ο
2037 5820 2115 5866 Sic
2137 5819 2391 5867 Bavaricus
2434 5819 2780 5879 (Uniniuebalur
2801 5822 2886 5883 γὰρ
2908 5824 3056 5871 πολλὰ
3079 5822 3199 5883 καί)

3092 5912 3130 5971 2
