4156 6312
707 346 777 401 27
1372 339 1420 395 S.
1461 338 1735 396 JOANNIS
1776 340 2238 399 CllRYSOSTOMl
2281 340 2594 399 ARCHIEP.
2633 342 3152 400 CONSTANTINOP.

707 458 937 516 ostendit
966 473 1028 513 ex
1058 456 1245 526 scipsis
1276 457 1411 511 mala
1444 456 1702 525 prodiissc
1725 497 1741 522 ,
1789 456 2035 525 ipsosque
2061 457 2159 511 sibi
2185 471 2275 510 ca-

708 549 1006 620 ptivitatcm
1033 546 1320 617 peperisse,
1342 553 1395 601 et
1415 545 1681 601 fornacem
1709 544 2063 601 succendisse.
2086 545 2277 613 Quem-

709 638 995 695 admodum
1049 637 1191 692 enim
1248 636 1489 692 scintillae
1538 636 1739 705 illapsu:
1783 635 1957 705 ignem
2008 636 2273 700 excitant,

708 730 781 785 ita
815 737 1027 800 peccata
1067 741 1251 782 eorum
1296 734 1544 795 congesta
1585 726 1680 780 Dei
1726 724 1858 779 iram
1903 723 2272 778 accenderunt.

709 818 779 873 Et
806 820 919 890 igne
943 826 1294 873 consumentur
1318 815 1477 885 iniqui
1505 825 1550 869 et
1581 825 1861 886 peccatores
1894 814 2076 881 simul,
2107 823 2153 867 et
2178 830 2277 867 non

705 912 798 965 erit
818 911 902 981 qui
923 911 1222 981 exstinguat.
1242 910 1446 964 Rursus
1468 908 1692 978 denegat
1710 908 1930 962 salutem
1949 906 2018 961 ob
2036 906 2276 961 eamdem

707 1000 877 1070 ipsam
907 1015 1117 1057 causam
1142 1041 1158 1068 ,
1204 1015 1309 1055 non
1338 1010 1394 1055 ut
1420 998 1726 1069 desperem,
1754 997 1845 1054 sed
1872 1007 1927 1052 ut
1953 997 2076 1052 hinc
2103 996 2277 1052 valido

707 1095 899 1151 timore
928 1093 1186 1164 perculsi,
1218 1093 1483 1164 ingentem
1516 1091 1773 1162 ignaviam
1803 1089 2091 1145 excutiant.
2119 1088 2275 1142 Aliud

704 1199 915 1255 quoque
942 1185 1030 1240 hic
1054 1182 1382 1249 subindicat,
1415 1182 1579 1254 ipsius
1609 1196 1797 1252 nempe
1823 1178 2275 1250 inexpugnabilem

705 1276 996 1345 potentiam
1014 1315 1031 1343 ,
1057 1275 1308 1346 quodque
1332 1276 1448 1344 ipso
1478 1274 1728 1345 puniente
1748 1315 1763 1339 ,
1796 1281 1849 1329 et
1872 1271 2154 1327 vindictam
2182 1286 2275 1327 su-

709 1375 907 1433 mente,
939 1381 1096 1424 nemo
1125 1367 1293 1437 possit
1321 1365 1570 1422 resistere
1598 1374 1649 1420 et
1680 1363 1817 1420 mala
1845 1363 2070 1420 solvere.

1333 1496 1557 1555 CAPUT
1609 1494 1673 1550 ll.

784 1608 1018 1677 Verbum,
1041 1611 1175 1679 quod
1199 1612 1388 1679 factum
1418 1621 1485 1663 est
1513 1612 1579 1663 atl
1620 1609 1812 1663 Isaiam
1840 1610 2007 1677 ftlium
2034 1613 2200 1662 Amos.

778 1725 829 1777 1.
872 1723 1005 1779 llinc
1047 1723 1211 1794 liquet
1251 1722 1537 1792 prophetas
1574 1739 1677 1777 non
1722 1739 1827 1777 uno
1871 1732 2109 1791 tempore
2155 1736 2275 1791 pro-

707 1814 912 1881 phetias
935 1813 1153 1879 dixisse,
1177 1813 1270 1868 sed
1299 1813 1522 1868 diversis
1542 1813 1745 1869 amatos
1780 1813 2123 1882 temporibus,
2158 1828 2275 1881 par-

706 1913 785 1957 tes
813 1902 1065 1972 quasdam
1096 1904 1456 1969 annuntiasse,
1480 1920 1597 1973 qum
1615 1904 1826 1959 demum
1840 1904 1992 1959 simul
2014 1904 2273 1971 collectas,

706 2004 873 2048 totum
905 1994 1095 2049 librum
1123 1994 1427 2050 effecerunt.
1459 1995 1581 2050 Ideo
1606 1997 1682 2051 sic
1718 1995 1916 2064 incipit.
1949 1996 2128 2065 Neque
2154 1996 2276 2051 ltine

708 2095 906 2140 tantum
950 2087 999 2140 id
1030 2087 1199 2156 palam
1228 2088 1380 2141 nobis
1417 2096 1498 2142 est
1537 2096 1590 2141 et
1630 2088 1884 2157 liquidum
1907 2129 1923 2154 ,
1946 2088 2038 2142 sed
2074 2088 2195 2157 quia
2223 2088 2272 2141 in

708 2176 1051 2245 sequentibus
1078 2185 1312 2245 tempora
1344 2176 1602 2246 significat
1625 2218 1639 2241 ,
1670 2192 1809 2231 nunc
1854 2177 2037 2232 dicens
2066 2193 2079 2231 :
2104 2178 2269 2242 Anno,

706 2283 802 2334 quo
822 2266 1072 2337 iugrrssus
1098 2277 1167 2321 est
1193 2267 1398 2320 Nat/um
1422 2268 1493 2337 (ιι)
1512 2268 1882 2337 AzotumUsai.
1905 2269 2070 2337 20.1)
2098 2288 2110 2334 ;
2140 2286 2277 2324 nunc

704 2372 837 2411 vero
870 2375 882 2409 :
921 2355 986 2410 Et
1014 2361 1201 2427 factum
1232 2368 1301 2411 est
1335 2360 1385 2411 in
1431 2374 1564 2410 anno
1600 2359 1652 2411 in
1691 2374 1789 2427 quo
1830 2368 2057 2412 mortuus
2095 2369 2164 2412 est
2188 2376 2277 2413 rea:

710 2448 880 2515 Ozias,
912 2450 1012 2502 vidi
1042 2449 1313 2503 Dominum
1356 2450 1605 2503 sedentem
1631 2466 1778 2518 super
1819 2452 2001 2504 solium
2030 2451 2277 2505 excelsum

706 2551 752 2593 et
799 2540 1041 2594 eleuatum
1088 2539 1236 2608 (Isai.
1269 2539 1301 2593 6
1374 2541 1446 2609 1).
1498 2539 1610 2593 Non
1646 2542 1786 2595 enim
1836 2541 2274 2610 quemadmodum

710 2631 857 2685 Pauli
907 2631 1154 2700 Epistolas
1183 2640 1232 2685 et
1268 2631 1548 2700 Evangelia
1588 2633 1637 2686 in
1675 2648 1835 2687 unum
1864 2634 2082 2688 collecta
2130 2646 2272 2699 sunt,

708 2722 777 2776 ita
810 2732 862 2779 et
888 2723 1198 2792 prophetiae.
1222 2724 1313 2778 sed
1347 2723 1483 2793 quod
1513 2722 1643 2789 dixi,
1671 2724 1894 2779 diversis
1926 2724 2273 2793 temporibus.

708 2811 862 2867 Unde
887 2812 953 2868 ab
978 2814 1082 2868 alio
1106 2814 1326 2867 exordio
1364 2823 1676 2881 [:l'lDSClllem
1706 2814 1719 2844 ³
1754 2829 2051 2868 sermonem
2072 2814 2273 2882 incipit.

706 2903 888 2972 Neque
940 2903 1057 2957 ideo
1093 2911 1315 2967 tantum,
1348 2903 1438 2958 sed
1470 2904 1591 2971 quia
1633 2914 2021 2973 argumentum,
2058 2904 2124 2959 de
2173 2920 2277 2974 quo

710 2994 1022 3064 loquuturus
1062 3003 1163 3059 est,
1194 2994 1351 3063 longo
1378 2996 1546 3062 spatio
1575 2993 1734 3047 distat
1755 3010 1785 3047 a
1814 2994 2235 3064 praecedentibus
2258 3038 2272 3063 ,

707 3086 1086 3157 sublimiusque
1104 3096 1204 3142 est.
1236 3087 1357 3155 Agit
1378 3086 1518 3140 enim
1542 3086 1607 3140 de
1627 3086 1858 3155 gentimn
1887 3088 2182 3155 vocatione,
2210 3088 2276 3143 de

709 3177 1097 3246 prmdicationis
1118 3178 1365 3244 adventu,
1398 3178 1464 3233 de
1484 3177 1781 3247 cognitione
1805 3193 1896 3246 per
1910 3187 2072 3232 totum
2095 3179 2276 3233 orbem

708 3277 925 3321 extensa
950 3307 965 3332 ,
988 3275 1041 3322 et
1081 3267 1147 3323 de
1197 3282 1324 3337 pace
1363 3268 1543 3322 orbem
1583 3277 1916 3336 occupatura.
1963 3268 2112 3335 Quod
2139 3270 2181 3323 si
2210 3269 2277 3325 de

710 3356 903 3412 talibus
930 3367 1244 3412 tractaturus
1269 3358 1622 3427 dogmatibus,
1649 3356 1883 3412 Iudaeam
1910 3367 1962 3412 ct
1982 3358 2274 3414 Jerusalem

706 3459 987 3515 memorat,
1016 3450 1142 3505 nihil
1172 3451 1382 3503 mirum.
1407 3448 1554 3517 Quod
1586 3449 1724 3502 enim
1744 3448 2019 3503 dicebatur
2049 3448 2279 3518 propheo

712 3542 783 3595 tia
836 3542 1079 3602 erat,his
1135 3541 1407 3595 nominum
1456 3540 1900 3610 appellationibus
1946 3540 2273 3596 adumbrata.

707 3631 1144 3701 Quandoquidem
1173 3632 1334 3686 David
1382 3632 1645 3686 Psalmum
1693 3632 2136 3702 septuagesimum
2168 3634 2279 3702 pri-

709 3738 853 3781 mum
880 3722 1285 3791 compositurus,
1317 3722 1465 3776 illum
1497 3722 1764 3777 Salomoni
1784 3723 2134 3791 inscripsit,et
2159 3738 2282 3792 pro-

708 3831 925 3887 gressus
965 3816 1122 3886 longe
1151 3815 1348 3884 majora
1389 3814 1683 3869 Salomonis
1710 3814 1997 3883 dignitate,
2035 3816 2139 3869 imo
2180 3832 2283 3883 po-

712 3907 815 3961 tius
848 3914 954 3961 tota
990 3905 1259 3960 hominum
1293 3914 1475 3959 natura
1500 3904 1680 3958 vidit’.
1708 3902 1835 3958 Illud
1863 3905 2023 3970 enim,
2050 3905 2178 3957 Ante
2202 3922 2282 3958 so-

711 4000 811 4052 lem
847 4008 1099 4068 permanet
1123 4013 1302 4051 nomen
1328 3997 1435 4066 eius
1458 4039 1472 4063 ,
1492 4005 1545 4051 et
1564 4037 1578 4060 ,
1608 3996 1735 4049 Ante
1760 3996 1929 4049 lunam
1954 3996 2161 4049 thronus
2177 3999 2284 4066 ejus

712 4087 885 4159 (Psal.
910 4090 996 4142 71.
1023 4089 1105 4142 l7.
1132 4089 1237 4157 5),
1269 4088 1597 4156 similiaque,
1635 4101 1791 4141 nemo
1836 4089 1992 4141 etiam
2035 4103 2098 4141 ex
2149 4088 2281 4141 insi-

712 4180 1059 4251 pientioribus
1106 4179 1298 4234 dixerit
1336 4178 1402 4232 de
1443 4178 1666 4231 lntmana
1722 4188 1902 4231 natura
1951 4179 2284 4247 pronuntiata

713 4273 897 4326 fuisse.
951 4269 1117 4325 Jacob
1156 4284 1395 4339 quoque,
1431 4283 1548 4323 cum
1579 4268 1711 4331 hmc,
1742 4283 1858 4335 quae
1886 4284 2022 4321 nunc
2052 4269 2285 4323 dicturus

716 4372 801 4418 est
822 4362 1001 4425 Isaias,
1033 4360 1137 4414 imo
1157 4358 1239 4413 his
1267 4359 1415 4429 plura
1435 4355 1982 4428 prtenuutiabatwen.
2005 4356 2096 4425 49)
2120 4374 2135 4422 ;
2164 4373 2286 4411 nam

719 4469 841 4508 cum
871 4452 1103 4522 gentium
1129 4452 1403 4505 vocatione
1433 4457 1655 4502 mortem
1684 4447 1841 4501 etiam
1864 4457 1916 4501 et
1947 4448 2289 4502 resurrectio-

719 4559 841 4598 nem
869 4543 1023 4605 dixit,
1046 4552 1354 4609 tempusque
1373 4555 1478 4608 quo
1496 4536 1779 4610 [Christus]
1802 4537 1865 4591 ad
1875 4549 2124 4593 venturus
2138 4548 2285 4604 erat;

719 4650 825 4690 non
858 4645 1033 4688 tamen
1061 4631 1146 4686 ille
1178 4631 1291 4683 haec
1316 4630 1453 4683 nudo
1484 4628 1719 4696 protulit,
1751 4628 1841 4682 sed
1862 4643 2083 4697 persona
2111 4638 2162 4684 et
2192 4645 2293 4683 no-

723 4727 867 4780 mine
898 4723 1012 4777 Filii
1054 4722 1133 4777 sui
1172 4722 1258 4775 illa
1308 4720 1559 4789 obtegens
1598 4735 1715 4787 quae
1762 4721 1997 4775 dicturus
2049 4731 2182 4787 erat,
2214 4721 2292 4775 sic

720 4813 1114 4885 prmnuutiavit,
1142 4810 1290 4881 quasi
1318 4824 1379 4865 ea
1406 4824 1519 4878 qua:
1543 4807 1693 4863 Juda:
1717 4819 1967 4864 eventura
1994 4820 2145 4865 erant
2177 4825 2291 4865 me-

722 4920 973 4969 morans;
1008 4912 1065 4958 ut
1111 4910 1285 4956 autem
1335 4915 1511 4955 rerum
1547 4908 1767 4954 eventus
1819 4899 2148 4967 teStil‘tcatur,
2173 4916 2293 4972 qua:

720 4997 963 5056 Christus
1010 4995 1219 5065 egregie
1264 4994 1497 5047 facturus
1546 5001 1658 5046 erat
1708 4990 2043 5060 praedicebat.
2116 4990 2295 5064 Neque

725 5089 866 5143 enim
888 5086 1051 5142 Judas
1077 5084 1170 5139 fuit
1205 5083 1527 5153 exspectatio
1555 5082 1787 5151 gentium
1813 5122 1828 5145 ,
1853 5098 2022 5153 neque
2048 5092 2173 5138 tunc
2202 5086 2294 5138 tri-

726 5166 828 5234 bus
853 5176 1207 5246 resplenduit,
1236 5189 1356 5231 cum
1386 5187 1571 5229 eorum
1617 5174 1912 5242 respublica
1945 5174 2173 5240 defecit;
2205 5179 2298 5232 sed

730 5270 845 5323 haec
873 5267 1050 5321 omnia
1074 5276 1195 5320 tunc
1217 5273 1365 5333 gesta
1389 5270 1531 5326 sunt,
1561 5277 1680 5317 cum
1711 5263 1951 5319 Christus
1972 5265 2204 5320 advenit.

787 5407 803 5436 ι
828 5402 950 5462 Vox,
973 5404 1253 5462 manentem
1277 5400 1379 5459 (Gr.
1393 5397 1662 5461 παρόντος),
1676 5395 1821 5445 deest
1842 5397 1888 5444 iu
1902 5394 2025 5455 Reg.
2049 5393 2284 5452 etSavtl.,

724 5464 815 5513 sed
835 5468 912 5511 est
935 5460 986 5510 iu
1007 5460 1253 5509 Bavarleo.

790 5527 827 5585 si
844 5520 984 5585 επὶ),
1004 5523 1052 5571 in
1075 5531 1231 5585 marg.
1274 5521 1406 5585 potat
1429 5518 1551 5585 torte
1577 5517 1837 5585 legendum
1864 5528 1995 5577 esse,
2031 5518 2174 5579 dixit,
2199 5532 2304 5582 pro,

728 5582 867 5634 uidit.
894 5583 1089 5632 Alienus
1113 5577 1377 5641 legendum
1402 5582 1554 5635 putat,
1579 5577 1768 5625 cecinit.

796 5666 869 5727 (a)
902 5664 1005 5715 Vox
1045 5663 1277 5711 Hebraica
1312 5671 1406 5714 est.
1425 5661 1579 5740 ῙΠἿΠ,
1610 5660 1831 5717 Thartan,
1859 5662 1905 5709 in
1933 5661 2107 5719 Bibliis,
2132 5677 2307 5727 τανάοαν,

729 5758 861 5811 ttntle
886 5759 1036 5820 prima
1057 5757 1249 5819 dempta
1274 5756 1452 5817 syllaba
1477 5754 1669 5813 factum,
1699 5766 1830 5809 uasat,
1857 5754 2055 5803 Nat/tan.

3881 350 3961 404 28

2462 456 2639 510 Multa:
2669 455 2941 525 prophetia:
2976 458 3038 511 de
3086 455 3393 510 I’ntriarrltis
3431 458 3595 529 edita,
3624 476 3724 517 non
3758 465 3855 520 nisi
3882 467 3947 518 in

2388 561 2553 597 eorum
2581 546 2839 613 nepotibus
2863 546 3079 618 impletw
3102 556 3234 601 sunt.
3262 577 3330 587 —-
3355 547 3505 616 Quod
3535 551 3579 606 si
3614 553 3961 623 impudenter

2384 636 2733 704 agantludtei,
2752 636 2885 693 hanc
2905 639 3189 708 prophetiae
3207 640 3371 709 legem
3394 655 3667 710 perperam
3687 644 3956 713 explican-

2385 740 2483 793 tes,
2516 746 2580 785 cx
2602 730 2665 785 iis
2688 731 2914 786 maxime
2938 746 3054 801 qua:
3079 731 3217 785 dicta
3249 742 3370 785 sunt
3401 731 3549 787 facile
3577 732 3958 800 confutaverit,

2385 826 2426 878 si
2456 826 2574 896 quis
2602 836 2844 883 accurate
2870 828 3170 897 prophettas
3192 829 3482 898 explicans,
3509 838 3563 884 et
3584 829 3758 884 omnia
3785 828 3958 882 verba

2382 931 2502 970 cum
2532 917 2709 972 debita
2739 920 3027 974 attentione
3054 921 3386 983 examinans,
3408 919 3543 974 dicta
3566 919 3715 973 factis
3740 932 3933 973 accom

2382 1005 2578 1061 ntodct.
2628 1006 2707 1062 Ex
2730 1009 3015 1063 abundanti
3049 1011 3221 1079 itaque
3251 1010 3482 1079 ipsorum
3531 1024 3623 1063 ora
3663 1008 3953 1071 obturaus,

2384 1110 2487 1151 non
2514 1112 2579 1152 ex
2600 1098 2663 1152 iis
2691 1113 2809 1167 quae
2832 1099 2899 1154 de
2922 1098 3135 1154 Christo
3155 1099 3290 1155 dicta
3315 1108 3437 1153 sunt
3456 1141 3470 1163 ,
3495 1099 3587 1154 sed
3614 1113 3678 1153 ex
3718 1099 3781 1152 iis
3821 1112 3952 1167 quas

2383 1199 2506 1243 sunt
2534 1188 2599 1244 de
2625 1190 2936 1259 patriarchis
2964 1191 3199 1261 ipsorum
3237 1192 3581 1261 praenuntiata
3601 1232 3617 1257 ,
3648 1190 3749 1244 hoc
3777 1191 3958 1258 ipsum

2382 1280 2523 1335 clare
2549 1279 2915 1338 demonstrare
2941 1283 3196 1349 conabor,
3228 1284 3514 1337 ostendens
3541 1298 3606 1337 ex
3652 1282 3959 1352 prophetiis

2383 1369 2575 1423 multas
2594 1368 2762 1425 dictas
2788 1370 2946 1426 fuisse
2969 1371 3037 1427 de
3068 1372 3294 1427 tribuum
3326 1371 3765 1441 progenitoribus,
3786 1370 3835 1423 in
3853 1385 3959 1422 eo-

2382 1476 2603 1531 rumque
2631 1464 2904 1527 nepotibus
2930 1465 3170 1533 impletas
3218 1479 3355 1518 esse.
3413 1465 3477 1518 Et
3520 1463 3746 1531 exempli
3788 1476 3958 1515 causa

2382 1566 2483 1605 una
2512 1552 2742 1607 alterave
2767 1554 2921 1608 allata
2951 1554 3184 1618 historia,
3204 1570 3312 1609 rem
3338 1554 3657 1623 propositam
3672 1553 3957 1621 attingam.

2383 1641 2587 1695 Etenim
2617 1656 2736 1696 cum
2756 1640 3073 1714 Symeonem
3098 1652 3151 1698 et
3177 1644 3305 1699 Levi
3331 1653 3567 1699 vocasset
3592 1642 3774 1705 Jacob,
3809 1656 3959 1709 prae-

2382 1733 2629 1788 nuntians
2656 1748 2719 1789 ea
2745 1749 2903 1803 ,qua:
2927 1734 3054 1803 ipsis
3096 1742 3347 1789 eventura
3390 1743 3577 1787 erant.
3617 1734 3693 1789 sic
3738 1732 3961 1787 dieebat

2383 1822 2602 1892 Symeon
2621 1833 2667 1878 et
2693 1822 2809 1878 Levi
2835 1828 3015 1893 fratres
3036 1823 3281 1894 (ϐεη.49.
3302 1825 3377 1893 5),
3397 1833 3449 1877 ct
3473 1824 3703 1877 incusata
3732 1823 3952 1877 illorum

2382 1914 2673 1983 iniquitate,
2696 1916 2993 1986 iujustaque
3018 1915 3384 1971 Sicemitarum
3433 1918 3606 1978 caede,
3635 1916 3686 1969 in
3724 1929 3953 1983 sequen-

2383 2004 2520 2058 tibus
2543 2005 2616 2058 ait
2646 2022 2659 2058 :
2686 2003 2923 2060 Dividam
2946 2022 3029 2060 eos
3051 2006 3105 2060 in
3129 2006 3288 2060 Iacob
3309 2048 3323 2072 ,
3353 2015 3399 2060 et
3429 2006 3711 2076 dispergam
3739 2006 3852 2059 illos
3890 2007 3948 2059 in

2380 2095 2547 2149 Israel
2575 2094 2734 2165 (Ibid.
2754 2112 2801 2150 υ.
2829 2096 2905 2166 7).
2936 2095 3046 2152 Hoc
3087 2106 3261 2151 autem
3314 2110 3470 2150 nemo
3497 2094 3690 2149 dixerit
3734 2095 3784 2148 in
3838 2093 3946 2149 Le-

2382 2187 2430 2240 vi
2458 2196 2511 2241 ct
2536 2185 2799 2258 Symeone
2841 2186 3036 2242 factum
3064 2201 3217 2253 esse,
3252 2186 3345 2242 sed
3380 2189 3428 2240 in
3469 2185 3708 2240 tribubus
3755 2199 3822 2239 ex
3865 2186 3950 2239 eis

2384 2276 2689 2345 progenitis.
2714 2276 2847 2330 Nam
2877 2275 3043 2331 tribus
3064 2276 3192 2331 Levi
3221 2276 3457 2343 disttersa
3485 2285 3595 2339 est,
3624 2276 3692 2329 ita
3719 2283 3775 2329 ut
3797 2274 3946 2329 deci-

2383 2380 2521 2418 mam
2554 2374 2757 2433 partem
2785 2364 2899 2434 ejus
2928 2379 3254 2434 unaquaeque
3294 2365 3464 2419 tribus
3491 2364 3706 2418 haberet
3733 2381 3749 2421 :
3778 2364 3949 2417 tribus

2384 2457 2507 2510 item
2553 2455 2832 2526 Symeonis
2867 2470 2987 2527 quae
3032 2455 3261 2525 idipsum
3306 2456 3415 2510 fere
3454 2464 3669 2525 experta
3708 2465 3805 2519 est,
3853 2470 3951 2523 per

2381 2561 2565 2602 omnes
2592 2546 2709 2601 illas
2735 2554 2948 2601 extensa
2980 2560 3073 2616 per
3098 2555 3294 2601 sortem
3320 2588 3333 2607 .
3364 2560 3467 2600 non
3498 2545 3948 2616 quemadmodum

2381 2638 2518 2703 aliae,
2548 2637 2883 2706 conjunctam
2909 2646 2963 2693 et
2986 2636 3141 2692 simul
3168 2637 3533 2706 conglobatam
3576 2636 3755 2690 habuit
3785 2635 3949 2689 here-

2380 2725 2620 2781 ditatem.
2646 2725 2806 2780 Jacob
2834 2726 2992 2780 etiam
3021 2742 3082 2780 ex
3112 2727 3339 2793 acceptis
3379 2741 3408 2779 a
3445 2735 3593 2795 patre
3624 2725 3953 2780 benedictio-

2383 2815 2555 2879 nibus,
2588 2814 2784 2869 nullam
2814 2815 2926 2885 ipse
2945 2826 3300 2884 consequutus
3327 2825 3423 2867 est.
3452 2814 3605 2868 Pater
3625 2816 3762 2869 enim
3783 2815 3954 2883 ipsius

2383 2908 2595 2977 loogam
2621 2908 3020 2977 prosperitatem
3049 2908 3145 2976 ipsi
3179 2906 3511 2975 pra-dixerat,
3545 2915 3600 2961 et
3637 2915 3953 2975 perpetuum

2382 2999 2431 3054 in
2465 3000 2603 3055 Esat't
2630 2999 2973 3065 dominatum,
2998 3002 3043 3053 is
3077 3015 3203 3053 vero
3243 2998 3291 3052 itt
3319 3014 3495 3052 rerum
3535 2999 3952 3053 necessariarum

2383 3091 2601 3160 penuria
2644 3099 2793 3159 erat,
2830 3092 3289 3159 merccnariusque
3333 3090 3609 3155 alebatur,
3640 3097 3953 3158 tantumque

2381 3185 2566 3238 aberat
2604 3192 2661 3239 ut
2708 3184 2986 3255 imperium
3024 3183 3241 3238 haberet
3283 3183 3332 3236 in
3363 3182 3599 3247 fratrem,
3635 3190 3688 3235 ut
3723 3181 3790 3235 de
3840 3182 3953 3235 vita

2384 3276 2789 3345 periclitaretur,
2812 3283 2865 3330 et
2911 3274 3077 3330 semel
3108 3275 3179 3327 illi
3209 3274 3391 3329 obvius
3417 3288 3535 3326 cum
3568 3273 3734 3327 multo
3760 3272 3954 3326 timore

2384 3366 2570 3432 factus,
2595 3366 2731 3421 bene
2752 3379 2931 3421 secum
2948 3373 3121 3420 actum
3155 3367 3363 3434 putarit,
3399 3363 3536 3433 quod
3576 3363 3798 3429 potuerit
3833 3377 3951 3417 ma-

2384 3473 2483 3513 nus
2526 3458 2639 3529 ejus
2670 3456 2921 3528 ellugere.
2966 3456 3101 3525 Quid
3141 3456 3294 3527 igitur
3323 3456 3388 3509 ad
3417 3456 3530 3509 hate
3564 3455 3840 3508 dicamus?
3883 3470 3954 3507 an

2385 3551 2688 3607 mendacem
2709 3565 2826 3606 esse
2851 3548 3219 3620 pr0phetiam?
3250 3549 3395 3603 Absit
3431 3565 3441 3599 :
3469 3548 3562 3601 sed
3609 3549 3724 3615 ejus
3750 3561 3957 3600 morem

2386 3643 2526 3697 hunc
2552 3657 2692 3712 saepe
2719 3656 2857 3707 esse,
2881 3650 2938 3695 ut
2962 3656 3021 3696 ea
3050 3656 3166 3710 qua:
3202 3649 3323 3693 sunt
3364 3639 3481 3693 aliis
3525 3648 3801 3703 eventura,
3833 3638 3957 3691 aliis

2386 3735 2625 3805 personis
2653 3733 2915 3789 adscribat
2934 3774 2949 3798 ,
2983 3744 3031 3786 et
3064 3733 3163 3786 alia
3197 3748 3290 3801 pro
3316 3732 3431 3786 aliis
3460 3730 3762 3785 nominibus
3792 3744 3956 3782 usur-

2388 3836 2476 3895 pet
2507 3843 2522 3880 :
2556 3826 2606 3880 id
2635 3825 2775 3895 quod
2813 3825 2970 3879 etiam
3001 3825 3051 3878 in
3094 3822 3377 3879 Chanaano
3419 3825 3609 3877 factum
3643 3833 3742 3876 est.
3772 3820 3960 3889 Neque

2387 3918 2528 3973 enim
2559 3916 2801 3971 videmus
2828 3915 2972 3970 illum
3008 3915 3287 3970 servivisse
3321 3913 3570 3968 fratribus
3605 3913 3733 3975 suis,
3780 3926 3961 3979 neque

2387 4008 2546 4062 etiam
2573 4005 2991 4060 maledictionem
3014 4004 3305 4069 excidisse,
3337 4004 3431 4058 sed
3459 4006 3507 4057 in
3539 4002 3841 4057 Gabaonitis
3890 4016 3958 4055 ex

2387 4098 2671 4153 Chanaano
2700 4096 2831 4151 ortis
2857 4097 3010 4150 linem
3036 4096 3321 4164 accepisse.
3355 4093 3484 4148 Nam
3507 4093 3557 4147 id
3584 4094 3722 4163 quod
3744 4093 3963 4147 diceba-

2391 4199 2475 4244 tur
2502 4187 2773 4258 prophetia
2802 4195 2943 4250 erat,
2974 4185 3359 4241 maledictiOnis
3399 4184 3565 4238 forma
3593 4186 3813 4252 prolata.

2460 4281 2514 4333 2.
2556 4281 2687 4334 Cum
2714 4290 2789 4333 tot
2810 4293 2933 4347 ergo
2962 4278 3185 4346 taliaque
3218 4276 3502 4329 habeamus
3529 4275 3769 4343 exempla
3792 4315 3807 4339 ,
3835 4274 3965 4342 qui-

2393 4372 2490 4427 bus
2520 4371 2786 4439 probatur,
2820 4368 2979 4423 multa
3011 4383 3126 4437 quae
3145 4369 3391 4421 dicuntur
3417 4366 3481 4419 de
3505 4366 3620 4419 aliis
3647 4363 3970 4433 prolerri,et

2395 4465 2447 4517 in
2476 4464 2590 4516 aliis
2619 4460 2859 4515 accidere
2879 4500 2894 4525 ,
2922 4469 2974 4513 ct
3000 4458 3297 4513 nominibus
3332 4458 3408 4510 sic
3438 4470 3560 4510 usos
3585 4470 3703 4510 esse
3734 4455 3970 4523 preplte-

2396 4564 2496 4621 tas,
2527 4553 2649 4624 quid
2671 4554 2862 4607 mirum
2905 4552 2947 4607 si
2983 4564 3122 4605 nunc
3144 4565 3332 4603 nomen
3364 4549 3558 4603 Judaea:
3584 4556 3637 4601 et
3669 4546 3971 4601 Jerusalem

2398 4648 2648 4718 prepheta
2675 4658 2954 4712 usurpans,
2984 4644 3049 4697 de
3074 4643 3307 4697 Ecclesia
3325 4641 3635 4695 vaticinetur
3654 4640 3676 4693 ?
3696 4638 3824 4693 Nam
3842 4639 3970 4705 quia

2399 4738 2617 4808 ingratis
2674 4735 3009 4805 loquebatur,
3060 4734 3345 4803 pr0phetas
3384 4730 3763 4795 occidentibus,
3800 4727 3974 4782 libros

2397 4827 2844 4890 combureutibus,
2864 4840 2983 4880 aras
3002 4824 3421 4885 sullodientibus,
3438 4823 3555 4891 jure
3579 4820 3815 4875 velamen
3838 4818 3978 4887 ipsis

2400 4920 2699 4988 impositum
2730 4926 2843 4971 erat
2884 4916 2932 4969 in
2980 4914 3207 4968 lectione
3250 4912 3455 4966 Veteris
3481 4908 3837 4971 Testamenti,
3874 4922 3976 4960 se-

2400 5010 2627 5067 cundum
2669 5009 2877 5062 beatum
2923 5005 3134 5058 Paulum
3168 5003 3252 5069 (‘2.
3285 5001 3401 5057 Cor.
3444 5003 3496 5056 5.
3544 5002 3670 5069 14).
3720 4997 3980 5064 Alioquin

2402 5104 2563 5157 libros
2579 5098 2931 5159 sustulissent,
2957 5097 2999 5149 si
3022 5095 3306 5163 prophetia:
3333 5093 3399 5145 de
3410 5091 3619 5147 Christo
3636 5090 3740 5143 vim
3761 5088 3980 5141 intelle-

2405 5191 2759 5250 xissent.Cum
2772 5191 2912 5245 enim
2928 5196 3242 5258 prtesentem
3258 5187 3424 5254 ipsum
3438 5182 3689 5238 miracula
3701 5179 3983 5246 edentem,

2406 5284 2795 5354 perfectamque
2808 5278 3056 5349 potentia:
3076 5292 3185 5332 suae
3201 5286 3250 5331 et
3266 5288 3556 5331 consensus
3571 5268 3987 5339 eoneordimque

2405 5389 2523 5428 eum
2567 5373 2722 5427 Patre
2750 5367 3254 5426 demonstrationem
3284 5365 3651 5427 exhibentem,
3681 5375 3787 5415 non
3819 5374 3989 5413 reve-

2408 5465 2494 5520 riti
2528 5464 2661 5528 sint,
2693 5475 2865 5532 neque
2891 5459 3189 5529 quieverint
3226 5457 3394 5525 donec
3418 5470 3538 5511 eum
3570 5452 3988 5513 crucilixissent,

2410 5559 2493 5612 vix
2525 5555 2881 5627 pepercissent
2904 5552 2987 5618 iis,
3027 5552 3115 5620 qui
3144 5550 3209 5604 de
3240 5550 3353 5619 ipso
3382 5546 3580 5616 loquuti
3608 5551 3819 5606 essent,
3846 5556 3995 5611 quos

2414 5646 2751 5702 nihilominus
2787 5645 3085 5711 frequenter
3124 5640 3441 5709 lapidabant.
3484 5634 3607 5688 Ideo
3656 5631 3883 5702 propriis
3928 5641 3991 5687 et

2419 5740 2555 5797 uotis
2596 5738 2694 5793 sibi
2734 5734 3032 5793 nominibus
3080 5732 3303 5789 libenter
3337 5734 3566 5792 utentes,
3617 5723 3714 5777 hac
3755 5734 3993 5795 persona
