4130 6312
145 346 211 400 27
1495 343 1559 399 IN
1598 341 1855 409 ISAIAM,
1884 342 2037 397 CAP.
2078 341 2149 395 11.
3476 357 3549 412 23
3626 386 3632 393 .

142 466 401 533 ἐργασίαι
432 464 632 519 αὐτῶν
670 462 750 528 ὡς
775 459 1035 529 σπινθὴρ
1065 459 1268 527 πυρός.
1300 457 1560 512 Ἐνταῦθα
1583 457 1787 510 δείκνυ.

144 574 224 607 σιν
252 555 330 606 ὅτι
362 553 571 605 οἴκοθεν
616 551 687 604 τὰ
742 549 907 616 κακὰ,
942 550 1035 601 καὶ
1082 547 1233 601 αὐτοὶ⁵
1285 546 1382 617 τὴν
1421 544 1788 615 αἰχμαλωσίαν

142 644 337 705 ἔτεκον,
371 641 464 693 καὶ
495 639 593 709 τὴν
622 638 848 707 κάμινον
878 637 1104 707 ἀνῆψαν.
1125 635 1337 704 Ὠσπερ
1363 633 1469 703 γάρ
1496 631 1789 701 σπινθῆρες

142 725 497 794 ἐμπίπτοντες
538 723 649 793 πῦρ
695 721 1080 792 ἀνεγείρουσιν,
1124 717 1266 772 οὕτω
1315 717 1385 771 τά
1427 717 1795 789 ἁμαρτήματα

142 814 342 865 τούτων
400 812 732 879 συναχθέντα
773 808 864 862 τοῦ
912 807 1043 860 Θεοῦ
1095 806 1194 877 τὴν
1244 804 1412 876 ὀργὴν
1454 803 1645 873 ἀνῆψε.
1681 801 1792 854 Καὶ

151 897 706 961 κατακαυθήσονται
742 896 795 948 οι
849 894 1056 961 ἄνομοι
1088 892 1187 946 καί
1222 889 1627 961 οἰάμαρτωλοί
1654 889 1791 959 ἅμα,

146 985 235 1036 καὶ
253 987 367 1040 οὐκ
392 984 561 1036 ἔσται
581 985 613 1036 ὀ
636 982 887 1036 σϐἐσων.
919 980 1082 1034 Πάλιν
1124 976 1453 1049 ἀπαγορεύει
1478 976 1574 1048 τὴν
1619 991 1793 1045 σωτη-

149 1072 262 1139 ρίαν
312 1071 403 1123 διὰ
448 1070 542 1140 τὴν
574 1069 740 1140 αὐτὴν
783 1069 942 1121 πάλιν
975 1066 1182 1130 αἰτίαν,
1221 1066 1319 1136 οὐχ
1354 1065 1440 1119 ἵνα
1464 1064 1789 1132 ἀπογνῶσιν,

148 1156 375 1208 ἀλλ’ἵνα
422 1157 591 1228 ταύτῃ
632 1158 761 1225 γοῦν
807 1155 1123 1225 ἀκμάζοντα
1168 1153 1259 1206 τὸν
1292 1151 1453 1221 φόϐον
1490 1152 1789 1221 δεξάμενοι,

149 1242 236 1307 τὴν
262 1242 465 1311 πολλὴν
493 1242 916 1304 ἀποτινάξωνται
949 1238 1234 1309 ρᾳθυμίαν.
1288 1239 1397 1291 Καὶ
1439 1238 1620 1307 ἕτερον
1652 1235 1709 1287 δέ
1738 1252 1791 1286 τι

147 1328 372 1381 ἐνταῦθα
404 1329 716 1391 αἰνίττεται,
741 1326 801 1379 :6
819 1327 1026 1395 ἄμαχον
1050 1324 1212 1378 αὐτοῦ
1233 1324 1332 1392 τῆς
1367 1321 1666 1390 δυνάμεως,
1698 1319 1791 1370 καὶ

147 1415 218 1467 ὅτι
247 1415 571 1478 κολάζοντος
603 1414 787 1478 αὐτοῦ,
817 1413 912 1468 καί
964 1412 1392 1482 τιμωρουμένου,
1436 1406 1607 1469 οὐδεὶς
1642 1407 1790 1459 ἀντι-

149 1502 332 1571 στῆναι
366 1502 461 1553 καὶ
486 1499 787 1554 καταλῦσαι
812 1500 1096 1568 δυνήσεται
1127 1497 1195 1551 τά
1216 1495 1381 1549 δεινά.

785 1600 1035 1654 ΚΕΦᾹΛ.
1077 1599 1152 1651 B'.

156 1703 211 1756 '0
234 1704 419 1772 λόγος
446 1706 480 1758 ὁ
516 1704 834 1775 γενόμενος
870 1700 1017 1771 πρὸς
1053 1699 1301 1753 Ἡσαΐαν
1336 1696 1469 1751 υἰὸν
1507 1695 1720 1766 Ἀμμώς
1742 1707 1789 1750 ιι.

206 1814 275 1861 α’.
306 1806 585 1860 Ἐντεῦθεν
606 1807 761 1876 δῆλον
783 1806 857 1869 ὡς
883 1805 943 1858 ού
970 1803 1145 1867 πάσας
1162 1803 1249 1871 ὑφ’
1267 1803 1323 1856 ’ἐν
1344 1802 1441 1865 τὰς
1465 1801 1795 1873 προφητείας

148 1894 447 1961 εἰρήκασιν,
470 1894 603 1946 ἀλλὰ
636 1894 777 1945 κατά
819 1890 1103 1963 διαφόρους
1140 1891 1496 1962 ἐμπνεόμενοι
1548 1889 1791 1957 καιροὺς,

151 1980 445 2048 περικοπὰς
494 1996 644 2041 τινας
689 1978 1044 2048 ἀπήγγελλον,
1075 1978 1131 2031 αἳ
1186 1977 1516 2030 συντεθεῖσαι
1568 1976 1793 2044 ὕστερον

150 2067 228 2133 ὑφ’
273 2067 352 2129 ἐν,
406 2066 695 2136 ὀλόκληρον
750 2066 947 2135 βιϐλίον
1000 2066 1281 2136 ἐποίησαν.
1338 2064 1429 2117 Διὸ
1478 2063 1569 2117 καὶ
1622 2061 1794 2125 οὕτως

150 2152 385 2220 ἄρχεται.
421 2153 537 2204 Ούκ
571 2153 817 2205 ἐντεῦθεν
853 2154 909 2205 δὲ
950 2154 1106 2222 μόνον
1132 2149 1288 2205 τοῦτο
1329 2150 1485 2219 δῆλον
1510 2148 1657 2201 ἔσται
1702 2149 1795 2201 καὶ

152 2241 304 2306 σαφὲς
332 2242 487 2309 ἡμῖν.
524 2241 637 2293 ἀλλ’
663 2241 720 2307 ἐξ
749 2234 821 2294 ὧν
851 2242 1052 2310 προῖὼν
1076 2241 1170 2295 καὶ
1196 2241 1320 2300 τοὺς
1355 2238 1576 2312 καιροὺς
1600 2237 1794 2306 ἐπιση-

154 2324 415 2391 μαίνεται,
465 2324 559 2376 νῦν
601 2326 700 2394 μέν
736 2325 927 2393 λέγων,
975 2325 1085 2378 Τοῦ
1119 2322 1412 2387 ἐνιαυτοῦ,
1447 2317 1518 2377 οὗ
1552 2320 1795 2388 εἰσῆλθε

149 2410 343 2464 Νάθαν
372 2412 461 2476 εἰς
505 2409 785 2470 Ἀζωτον·
828 2410 921 2464 νῦν
948 2410 1006 2463 δέ
1046 2410 1250 2479 λέγων’
1281 2408 1389 2463 Καὶ
1428 2407 1659 2478 ἐγένετο
1690 2408 1796 2461 τοῦ

148 2496 439 2559 ἐνιαυτοῦ,
469 2493 542 2552 οὗ
571 2497 868 2551 ἀπέθανεν
896 2496 1076 2562 Ὸαας
1104 2498 1136 2550 ό
1161 2494 1479 2560 βασιλεὺς,
1503 2494 1663 2547 εἶδον
1688 2494 1796 2547 τὸν

152 2584 359 2649 Κύριον
392 2583 732 2652 καθήμενον
766 2582 862 2636 ἐπὶ
892 2584 1103 2650 θρόνου
1139 2582 1380 2650 ὑψηλοῦ
1413 2581 1509 2633 καί
1540 2581 1793 2648 ἐπηρμέ-

150 2686 272 2721 νου.
310 2670 384 2721 Ού
440 2670 549 2740 γὰρ
580 2670 767 2741 ὥσπερ
817 2671 872 2721 αἰ
904 2669 1211 2721 Ἐπιστολαὶ
1251 2669 1308 2720 αί
1354 2668 1565 2720 Παύλου
1600 2667 1693 2719 καὶ
1727 2666 1795 2719 τά

150 2757 449 2823 Εὑαγγέλια
480 2760 570 2825 ὑφ’
598 2758 656 2811 ἓν
689 2757 1067 2826 συνετέθησαν,
1089 2756 1229 2810 οὕτω
1251 2757 1313 2827 δὴ
1343 2758 1435 2809 καὶ
1452 2758 1794 2826 προφητεῖαι,

148 2842 255 2892 ἀλλ’
284 2843 420 2911 ὅπερ
455 2842 625 2912 ἔφθην
660 2842 848 2907 εἰπὼν,
885 2844 940 2895 ἐν
960 2842 1234 2912 διαφόροις
1260 2844 1487 2911 καιροῖς.
1518 2842 1679 2894 Ὅθεν
1703 2840 1797 2893 καὶ

147 2929 237 2978 ἀπ’
270 2930 443 2998 ἀρχῆς
482 2929 675 2999 ἐτέρας
714 2929 939 2999 ἀρχεται
970 2928 1063 2982 τοῦ
1095 2929 1359 2998 παρόντος
1381 2929 1557 2997 λόγου.
1596 2928 1705 2981 Καὶ
1734 2928 1794 2979 οὐ

146 3012 229 3066 διά
252 3014 408 3067 τοῦτο
448 3015 606 3083 μόνον
625 3056 640 3081 ,
666 3015 801 3068 ἀλλά
832 3014 926 3068 καὶ
956 3014 1044 3069 διὰ
1072 3016 1133 3069 τὸ
1159 3014 1256 3086 τὴν
1279 3014 1549 3079 ὑπόθεσιν,
1582 3013 1709 3085 περὶ
1728 3008 1796 3085 ἦς

150 3099 330 3168 μέλλει
358 3101 722 3168 διαλέγεσθαι,
764 3101 968 3173 σφόδρα
1011 3100 1354 3171 ἀπηρτῆσθαι
1402 3101 1508 3153 τῶν
1542 3117 1796 3171 προειρη-

151 3186 345 3253 μένων,
373 3190 465 3241 καὶ
498 3188 832 3258 ὑψηλοτέραν
865 3182 1025 3241 εἶναι.
1060 3187 1194 3258 Περὶ
1220 3186 1326 3257 γὰρ
1351 3187 1446 3256 τῆς
1490 3187 1595 3239 τῶν
1630 3185 1795 3239 ἐθνῶν

148 3273 404 3344 κλήσεως,
431 3278 525 3328 καὶ
548 3276 648 3344 τῆς
672 3274 762 3328 τοῦ
788 3275 1137 3344 κηρύγματος
1165 3275 1540 3345 περιφανείας,
1568 3274 1661 3327 καὶ
1696 3273 1795 3341 τῆς

142 3362 415 3429 πανταχοῦ
444 3363 545 3431 τῆς
569 3362 891 3431 οἰκουμένης
924 3361 1243 3430 ἐκταθείσης
1264 3360 1515 3428 γνώσεως
1534 3396 1549 3422 ,
1578 3359 1670 3411 καὶ
1699 3359 1793 3428 τῆς

146 3445 594 3516 καταληψομένης
624 3446 721 3517 τὴν
757 3446 860 3516 γῆν
880 3447 1097 3516 εἰρήνης
1129 3447 1257 3515 ἡμῖν
1282 3445 1603 3512 διαλέγεται.
1643 3445 1705 3496 Εἰ
1738 3444 1794 3496 δὲ

147 3532 354 3599 μέλλων
384 3532 640 3585 τοιούτων
665 3531 931 3585 ἀπτεσθαι
962 3531 1262 3601 δογμάτων,
1305 3530 1557 3592 ἰουδαίας
1587 3530 1794 3600 μέμνη-

142 3635 227 3672 ται
261 3620 359 3672 καὶ
397 3619 785 3690 Ἰερουσαλὴμ,
822 3618 968 3682 ξένον
1008 3617 1178 3671 οὐδέν.
1218 3616 1525 3689 Προφητεία
1574 3617 1679 3685 γὰρ
1728 3612 1796 3686 ῆν

145 3706 201 3758 :6
240 3708 555 3776 λεγόμενον,
595 3705 1023 3777 συνεσκιασμένη
1057 3706 1195 3767 τέως
1242 3706 1355 3765 ταῖς
1384 3705 1490 3756 τῶν
1521 3703 1796 3772 ὀνομάτων

143 3794 535 3863 προσηγορίαις
568 3794 617 3847 δ.
674 3793 827 3846 Ἐπεὶ
886 3791 981 3845 καὶ
1032 3792 1123 3845 τὸν
1175 3791 1386 3860 ψαλμὸν
1446 3790 1536 3843 τὸν
1579 3790 1797 3860 ἐϐδομη⁸

142 3879 329 3930 κοστὺν
358 3879 574 3947 πρῶτον
623 3882 652 3932 6
678 3878 838 3933 Δαυῒδ
877 3877 1176 3931 συντιθέναι
1214 3877 1438 3946 μέλλων,
1493 3876 1795 3947 ἐπέγραψεν

140 3964 297 4015 αύτὺν
360 3964 443 4033 τῷ
499 3965 822 4035 Σολομῶντι,
869 3966 963 4017 καὶ
1014 3963 1216 4032 προῖὼν
1256 3964 1431 4034 πολλῴ
1451 3963 1666 4033 μείζονα
1700 3965 1796 4032 τῆς

140 4048 483 4117 Σολομῶντος
515 4049 690 4115 ἀξίας,
727 4049 923 4119 μᾶλλον
950 4048 1005 4102 δὲ
1035 4050 1127 4103 καὶ
1166 4049 1265 4117 τῆς
1307 4050 1557 4101 ἁπάντων
1584 4048 1789 4118 ἀνθρώο

139 4135 492 4202 πωνφύσεως
534 4136 704 4190 ῐδενε.
754 4135 826 4189 T6
856 4136 983 4203 γὰρ,
1016 4135 1132 4203 Πρὸ
1176 4134 1274 4188 τοῦ
1324 4135 1501 4201 ἡλίου
1538 4134 1794 4203 διαμένει

140 4220 202 4272 τό
252 4220 447 4290 ὄνομα
487 4220 695 4285 αὐτοῦ,
753 4221 866 4285 καὶ,
919 4222 1035 4289 Πρὸ
1071 4220 1181 4288 τῆς
1224 4221 1489 4291 σελήνης
1520 4225 1552 4275 ό
1588 4224 1795 4289 θρόνος

138 4308 347 4371 αὑτοῦ,
406 4308 503 4360 καὶ
540 4308 638 4360 ὅσα
686 4307 925 4373 τοιαῦτα,
976 4307 1149 4371 οὐδεὶς
1195 4308 1259 4361 ἂν
1299 4309 1418 4361 ούδέ
1459 4309 1561 4362 τῶν
1594 4309 1795 4378 σφόδρα

138 4392 379 4463 ἀνοήτων
424 4394 552 4464 περὶ
593 4394 934 4465 ἀνθρωπίνης
964 4396 1102 4447 εἴποι
1131 4395 1378 4463 λέγεσθαι
1416 4395 1645 4464 φύσεως.
1688 4396 1795 4447 Καὶ

138 4480 164 4528 6
195 4478 395 4532 Ἰακὼϐ
428 4480 506 4542 δὲ,
545 4481 704 4550 ἡνίκα
731 4480 921 4544 ταῦτα,
955 4481 992 4534 ἀ
1032 4482 1210 4551 μέλλει
1237 4482 1332 4533 νῦν
1356 4483 1383 4534 6
1419 4480 1532 4552 [l9]
1572 4482 1795 4543 Ἡσαΐας

138 4562 316 4632 λέγειν
332 4564 387 4629 ἀ,
428 4566 521 4617 καὶ
570 4564 788 4618 πλείονα
834 4566 1034 4619 τούτων
1086 4568 1468 4636 προανεφώνει·
1513 4568 1648 4636 μετὰ
1689 4568 1796 4637 γὰρ

137 4651 230 4717 τῆς
257 4650 374 4702 τῶν
400 4650 569 4703 ἐθνῶν
595 4650 836 4720 κλήσεως
870 4653 965 4704 καὶ
992 4652 1082 4704 τδν
1131 4651 1355 4705 θάνατον
1403 4648 1521 4704 εἷπε
1561 4653 1654 4705 καὶ
1698 4653 1795 4723 τὴν

137 4736 455 4801 ἀνάστασιν,
509 4736 714 4789 καὶτὸν
746 4738 934 4809 καιρὸν
967 4738 1088 4791 καθ’
1113 4738 1172 4790 ὃν
1206 4738 1394 4808 ἔμελλε
1424 4740 1752 4807 παρέσεσθαι
1779 4755 1793 4770 ο

136 4824 248 4876 οὐδὲ
298 4826 511 4886 ἐκεῖνος
561 4824 963 4895 ἀπογυμνώσας
1014 4826 1151 4878 αύτά
1203 4825 1475 4888 τέθεικεν,
1528 4826 1663 4879 ἀλλά
1716 4828 1793 4897 τῷ

138 4910 468 4981 προσωπείῳ
503 4920 527 4949 ο
565 4911 664 4979 τῆς
716 4912 1079 4982 προσηγορίας
1144 4912 1239 4965 τοῦ
1308 4913 1434 4965 Υἰοῦ
1489 4914 1697 4983 κρύψας
1758 4915 1793 4969 ἃ

138 4996 359 5063 ἔμελλεν
386 4996 551 5063 ἐρεῖν,
582 4996 751 5059 οὕτως
784 4998 921 5051 αύτά
948 4998 1384 5070 προανεφώνησε,
1406 5002 1480 5073 τῷ
1504 5004 1601 5072 μὲν
1621 5002 1792 5055 δοκεῖν

137 5082 196 5133 τά
258 5083 654 5153 συμϐησόμενα
691 5083 771 5154 τῷ
811 5083 978 5156 Ἰούδᾳ
1017 5085 1221 5153 λέγων’
1262 5087 1441 5151 καθὼς
1485 5088 1541 5140 δέ
1579 5089 1637 5140 τό
1688 5088 1792 5142 τῶν

137 5174 483 5245 πραγμάτων
528 5176 792 5245 μαρτυρεῖ
829 5174 1002 5240 τέλος,
1039 5174 1181 5247 άπερ
1222 5176 1414 5246 ἔμελλε
1448 5178 1739 5247 κατορθοῦν
1764 5180 1793 5230 6

194 5316 217 5378 ξ
239 5314 324 5378 Sic
348 5312 404 5362 In
422 5313 650 5378 omnibu;
670 5315 1027 5378 exemplaribus
1048 5328 1138 5377 pro
1163 5315 1340 5378 νἈμώς.

192 5374 219 5449 ιζ
247 5377 379 5449 βεδε
403 5378 602 5449 τῆςτῶν
633 5373 876 5449 ὀνομέίτῶν
1283 5378 1490 5428 Alienus
1528 5378 1792 5441 legendum

138 5442 271 5494 putat
292 5436 403 5490 ταῖς
423 5436 604 5483 τούτων
619 5438 715 5483 τῶν
734 5436 975 5497 ὀνομάτων
991 5436 1338 5500 προσηγορίαις.
1582 5436 1607 5441 ⁷

138 5555 150 5568 .
194 5498 216 5525 ε
254 5496 436 5568 llprel.
460 5495 826 5568 tan'Sav..s_I_6¢
850 5517 861 5545 :
888 5498 966 5568 ως
988 5505 1152 5568 auter}:
1176 5500 1223 5547 in
1248 5501 1465 5568 margip‘e
1495 5503 1629 5568 nota}
1652 5498 1793 5568 ,ἴοι-ιβ

138 5555 407 5642 Ecgfridum
425 5569 539 5605 esse
563 5556 680 5605 εἷπε.
703 5557 909 5607 Alienus
942 5558 1205 5622 legendum
1227 5555 1377 5621 pulal'
1388 5560 1490 5621 ᾖδε,
1512 5558 1699 5621 cecinit,
1731 5561 1791 5609 ab

405 5675 782 5744 ql_Savil._qu6
809 5678 979 5729 Ἰακὼϐ
1011 5682 1081 5744 δὲ,
1100 5681 1240 5744 ἡνίκα
1260 5684 1315 5729 ἂν
1350 5684 1375 5731 6
1404 5681 1602 5737 Ἱῐσαΐας
1636 5683 1790 5742 μέλλει

139 5738 213 5784 ὀὖν
236 5738 397 5785 ταῦτα
422 5739 589 5792 λέγειν.
625 5740 808 5789 Boisius
829 5744 931 5790 vult
969 5738 1230 5791 alio'modo
1252 5746 1462 5792 restitui.
1505 5743 1603 5790 Sed
1638 5738 1791 5791 'lcctio

143 5798 448 5906 litigari-ana
472 5798 716 5848 Editiouis
753 5801 880 5851 bene
923 5802 1106 5852 habere
1134 5804 1342 5862 videtur,
1383 5812 1435 5854 οι
1476 5803 1522 5853 in
1565 5805 1790 5853 Buvurico

174 5878 179 5879 ί
288 5874 319 5906 u
356 5898 370 5905 -

174 5874 370 5906 Jliﬁlur-

195 5922 214 5941 ⁸
246 5922 377 5980 ιιι-ς.
407 5926 456 5971 cl
482 5921 590 5970 Sav.
621 5922 674 5969 τὸ
702 5924 1014 5987 προοωπεῐον,
1039 5927 1198 5975 minus
1220 5931 1371 5976 τωο.

1894 456 2127 527 Χριστὸς
2184 454 2601 525 προαναφωνῶν.
2673 456 2805 509 Οῦτε
2866 458 2971 527 γὰρ
3033 456 3322 523 προσδοκία
3382 454 3549 505 ἐθνῶν

1906 544 2101 606 Ἰούδας
2128 543 2366 611 γέγονεν,
2402 544 2524 596 οὕτε
2554 543 2671 596 τότε
2693 542 2924 613 ἔλαμψεν
2947 545 2977 613 ἡ
3014 543 3172 613 φυλὴ,
3199 543 3283 595 ὅτε
3306 542 3548 607 ἐξέλιπεν

1894 631 2126 699 αύτῶνή
2180 630 2451 683 πολιτεία·
2484 630 2616 683 ἀλλὰ
2652 630 2818 682 ταῦτα
2863 630 3065 691 πάντα,
3115 631 3201 683 ὅτε
3237 632 3265 682 6
3319 630 3549 699 Χριστὸς

1893 715 2241 785 παρεγένετο,
2269 716 2507 784 γέγονεν.

1962 802 2023 853 Εἰ
2052 801 2107 854 δὲ
2136 803 2533 871 ἀναισχυντοῖειν
2573 801 2809 854 Ἰουδαῖοι
2855 800 3041 854 τοῦτον
3086 802 3548 872 παρακρουόμενοι

1890 885 1990 953 τῆς
2030 889 2360 957 προφητείας
2409 888 2499 941 τὸν
2550 887 2731 957 νόμον,
2763 887 2992 957 μάλιστα
3046 886 3143 955 μὲν
3205 883 3295 940 οὗν
3345 886 3440 939 καί
3487 887 3546 952 ἐξ

1891 972 2068 1026 αὐτῶν
2095 972 2199 1027 τῶν
2230 973 2528 1044 εἰρημένων
2564 972 2755 1043 ῥᾳδίως
2791 972 3164 1042 διελεγχθεῖεν,
3197 974 3248 1025 εί
3284 988 3367 1035 τις
3410 972 3547 1040 μετά

1891 1058 2172 1129 ἀκριϐείας
2217 1060 2316 1125 τὰς
2363 1060 2697 1133 προφητείας
2760 1061 3073 1127 ἐξαπλώσας
3108 1059 3167 1126 τ,
3218 1061 3311 1113 καὶ
3367 1061 3546 1113 πᾶσαν

1894 1147 2050 1217 ῥῆσιν
2099 1148 2235 1217 μετὰ
2292 1150 2393 1218 τῆς
2462 1146 2842 1217 προσηκούσης
2902 1148 3166 1211 ἐξετάζων
3220 1146 3545 1215 προσοχῆς,

1892 1233 2117 1303 ἁρμόζοι
2142 1234 2207 1287 τὰ
2238 1235 2501 1306 εἰρημένα
2534 1236 2644 1297 τοῖς
2668 1234 3066 1302 γεγενημένοις.
3093 1234 3253 1285 Ὥστε
3277 1234 3331 1286 δέ
3361 1235 3453 1285 καὶ
3482 1235 3545 1285 ἐκ

1893 1322 2207 1390 περιουσίας
2233 1322 2409 1374 αὐτῶν
2447 1321 2760 1392 άπορῤἀψαι
2792 1321 2860 1372 τά
2890 1320 3147 1388 στόματα,
3184 1320 3281 1372 οὐκ
3306 1320 3411 1372 ἀπὸ
3437 1318 3545 1371 τῶν

1893 1408 1970 1467 εἰς
2008 1407 2097 1457 τὸν
2125 1408 2355 1475 Χριστὸν
2369 1409 2691 1477 εἰρημένων,
2714 1406 2827 1459 ἀλλ’
2852 1405 2961 1458 ἀπὸ
2981 1405 3084 1457 τῶν
3110 1409 3186 1468 εἰς
3214 1408 3335 1467 τοὺς
3365 1405 3543 1457 αὐτῶν

1894 1491 2231 1561 πατριάρχας
2255 1492 2752 1562 προφητευθέντων,
2777 1491 2932 1544 τοῦτο
2966 1492 3293 1560 πειράσομαι
3320 1491 3542 1560 ποιῆσαι

1893 1576 2366 1646 φανερὸν,δεικνὺς
2385 1579 2465 1631 ὅτι
2488 1581 2542 1632 αἱ
2577 1578 2766 1631 πολλαί
2795 1578 2902 1631 τῶν
2931 1576 3269 1647 προφητειῶν
3300 1576 3542 1645 εἴρηνται

1896 1664 1995 1732 μὲν
2013 1664 2090 1725 εἰς
2104 1663 2229 1725 τοὺς
2258 1663 2580 1733 φυλάρχους,
2605 1663 2935 1732 ἐξέϐησανδέ
2964 1664 3042 1724 εἰς
3060 1664 3185 1724 τοὺς
3213 1660 3271 1724 ἐξ
3299 1662 3539 1713 ἐκείνων.

1894 1750 2002 1802 Καὶ¹
2044 1750 2479 1819 παραδείγματος
2505 1750 2687 1802 ἕνεκεν
2719 1749 2844 1817 μίαν
2873 1751 2905 1816 ἢ
2946 1750 3039 1801 καὶ
3085 1748 3343 1817 δευτέραν
3376 1745 3543 1799 εἰπιέιν

1896 1835 2154 1905 ἱστορίαν,
2188 1834 2390 1903 ἅψομαι
2445 1834 2552 1887 τῶν
2600 1834 2994 1906 προκειμένων.
3028 1833 3135 1885 Καὶ
3186 1834 3293 1903 γὰρ
3332 1835 3417 1885 ὅτε
3452 1832 3542 1885 τὸν

1895 1920 2116 1990 Συμεὼν
2135 1920 2228 1974 καὶ
2254 1922 2345 1973 τὸν
2370 1922 2498 1974 Δευί
2522 1921 2750 1983 καλέσας
2773 1923 2801 1974 6
2840 1918 3049 1984 Ἰακὼϐ,
3082 1922 3456 1989 προαναφωνεῖ
3476 1919 3544 1972 τὶ

1895 2009 2279 2080 συμϐησόμενα
2308 2009 2507 2073 αὐτοῖς,
2550 2007 2720 2073 οὕτως
2762 2009 2944 2078 ἐλεγεο
2989 2008 3229 2077 Συμεὼν
3256 2008 3354 2060 καὶ
3402 2007 3544 2061 Λευὶ

1892 2097 2157 2166 ἀδελφοί,
2183 2097 2277 2151 καὶ
2306 2099 2681 2168 κατηγορήσας
2711 2097 2888 2150 αὐτῶν
2916 2098 3012 2166 τῆς
3038 2094 3406 2165 παρανομίας.
3450 2095 3544 2147 καὶ

1893 2184 1991 2252 τῆς
2015 2184 2198 2237 ἀδίκου
2230 2184 2442 2253 σφαγῆς
2466 2185 2560 2254 τῆς
2582 2185 2661 2247 εἰς
2687 2185 2812 2245 τοὺς
2834 2184 3127 2253 Σικημίτας
3156 2181 3542 2250 γεγενημένης,

1897 2271 2097 2340 προϊών
2130 2288 2295 2341 φησι·
2340 2270 2613 2341 Διαμεριῶ
2664 2270 2884 2336 αὐτοὺς
2926 2270 2994 2323 ἐν
3038 2270 3262 2333 Ἰακὼϐ,
3296 2269 3392 2322 καί
3422 2268 3545 2322 δια-

1896 2356 2093 2425 σπερῶ
2117 2357 2334 2423 αὐτοὺς
2354 2358 2422 2410 ἐν
2464 2356 2719 2426 Ἰσραήλ.
2763 2355 2931 2409 Τοῦτο
2961 2356 3015 2409 δὲ
3042 2357 3130 2409 ἐπὶ
3162 2355 3252 2407 τοῦ
3282 2353 3411 2409 Λευὶ
3452 2355 3545 2407 καὶ

1893 2441 1987 2495 τοῦ
2026 2442 2246 2512 Συμεὼν
2294 2443 2461 2505 οὐδεὶς
2497 2444 2562 2497 ἂν
2599 2442 2695 2496 ίδοι
2749 2442 3127 2513 γεγενημένον,
3153 2442 3264 2493 ἀλλ’
3304 2442 3396 2493 ἐπὶ
3432 2441 3541 2493 τῶν

1894 2527 2072 2595 φυλῶν
2091 2527 2197 2581 τῶν
2227 2528 2286 2592 ἐξ
2311 2527 2508 2583 αὐτῶν.
2547 2528 2655 2581 Καὶ
2681 2527 2787 2597 γὰρ
2815 2530 2846 2596 ἡ
2869 2527 2960 2579 τοῦ
2999 2524 3126 2581 Λευῖ
3158 2526 3293 2596 φυλὴ
3320 2526 3544 2579 διεσπά-

1898 2632 1985 2683 ρη.
2030 2614 2091 2667 :6
2118 2615 2341 2668 δέκατον
2392 2615 2552 2685 μέρος
2599 2614 2765 2683 αὐτῆς
2808 2614 3044 2682 ἐκάστης
3083 2614 3250 2682 φυλῆς
3283 2612 3541 2682 ἐχούσης·

1893 2701 1928 2766 ἥ
1959 2716 2018 2751 τε
2065 2699 2155 2751 τοῦ
2193 2698 2435 2768 Συμεὼν,
2481 2702 2600 2769 ἥτις
2647 2700 2707 2751 τὸ
2747 2699 2877 2751 αὐτὸ
2904 2698 3087 2767 σχεδὸν
3125 2699 3311 2761 ἔπαθε,
3346 2698 3548 2760 πάσαις

1894 2789 2080 2849 αὑταῖς
2126 2786 2524 2857 παρεκταθεῖσα
2581 2786 2718 2839 κατά
2770 2786 2859 2837 τὸν
2915 2785 3135 2854 κλῆρον,
3181 2785 3273 2838 καί⁵
3326 2785 3445 2854 οὐχ,
3473 2784 3549 2848 ὡς

1895 2874 2097 2943 ἑκάστη
2131 2873 2237 2926 τῶν
2284 2872 2479 2937 ἀλλων,
2511 2872 2857 2943 συνημμένην
2884 2872 3043 2924 ἔλαϐε
3081 2871 3177 2941 τὴν
3200 2870 3546 2940 κληρουχίαν.

1895 2961 1989 3014 καὶ
2016 2960 2150 3031 πρὸς
2176 2959 2370 3030 ἑαυτὴν
2405 2959 2934 3029 συγκεκροτημένην.
2961 2960 3068 3012 Καὶ
3099 2961 3127 3011 6
3167 2957 3363 3012 Ἰακὼϐ
3393 2956 3551 3022 δεξά-

1896 3064 2055 3118 μενος
2086 3046 2330 3115 εὐλογίας
2366 3045 2519 3117 παρὰ
2549 3044 2641 3099 τοῦ
2676 3047 2876 3116 πατρὸς
2909 3046 3161 3114 οὐδεμιᾶς
3206 3044 3381 3098 αὐτῶν
3441 3046 3548 3098 ἀπ-

1895 3136 2123 3205 ήλαυσεν
2147 3135 2325 3199 αὑτός.
2344 3135 2401 3188 '0
2425 3134 2524 3203 μὲν
2545 3134 2652 3201 γάρ
2678 3134 2857 3203 πατὴρ
2873 3130 3033 3185 αὐτοῦ
3050 3130 3341 3202 προύλεγεν
3366 3133 3549 3201 εὐετη-

1896 3226 2017 3295 ρίαν
2050 3225 2267 3294 πολλὴν,
2295 3224 2389 3278 καὶ
2423 3224 2639 3293 διηνεκῆ
2668 3221 2980 3275 δεσποτείαν
3015 3220 3109 3273 τοῦ
3158 3220 3329 3273 Ἡσαῦ
3351 3237 3365 3251 ο
3398 3214 3548 3283 οὗτος

1893 3311 1950 3363 δέ
1986 3312 2079 3363 καὶ
2110 3311 2216 3362 τῶν
2244 3310 2551 3375 ἀναγκαίων
2590 3309 2805 3378 ἠπόρει,
2841 3307 2934 3361 καί⁵
2990 3305 3227 3376 θητεύων
3271 3306 3547 3375 ἐτρέφετο,

1894 3395 1988 3449 καὶ
2012 3394 2261 3448 τοσοῦτον
2286 3394 2488 3462 ἀπέσχε
2524 3393 2790 3463 κρατῆσαι
2818 3392 3098 3459 τάδελφοῦ,
3116 3394 3195 3445 ὅτι
3223 3392 3287 3460 δὴ
3316 3392 3551 3463 καὶπερὶ

1894 3483 2071 3536 αὐτῶν
2098 3482 2396 3535 ἐκινδύνευε
2430 3480 2538 3533 τῶν
2578 3481 2816 3550 ἐσχάτων
2834 3519 2849 3544 ,
2878 3479 2969 3532 καὶ
2998 3479 3143 3543 ἅπαξ
3172 3480 3319 3549 αὐτῷ
3358 3497 3551 3532 συντυ-

1895 3569 2004 3639 χὼν
2060 3570 2217 3639 μόνον
2276 3568 2412 3638 μετὰ
2441 3568 2633 3621 πολλοῦ
2681 3567 2773 3621 τοῦ
2801 3567 2985 3630 δέους,
3021 3566 3271 3638 ἠγάπησε
3303 3568 3363 3619 τὸ
3394 3568 3551 3637 δυνη-

1896 3657 2053 3725 θῆναι
2072 3654 2343 3723 διαφυγὼν
2370 3656 2529 3707 αὑτὸν
2567 3655 2661 3707 καὶ
2693 3654 2946 3724 σωθῆναι.
2975 3655 3040 3706 Τὶ
3068 3650 3159 3707 οὖν
3200 3654 3265 3707 ἂν
3304 3654 3550 3722 εἴποιμεν

1895 3743 2030 3812 πρὸς
2065 3742 2267 3805 ταῦτα;
2292 3742 2371 3794 ὅτι
2394 3741 2583 3810 ψεῦδος
2612 3741 2646 3811 ἡ
2679 3740 3011 3811 προφητεία;
3046 3742 3289 3807 ”Λπαγε’
3324 3741 3435 3793 ἀλλ’
3467 3743 3549 3795 ὅτι

1894 3829 2129 3882 τοιοῦτον
2153 3828 2321 3897 αὐτῆς
2340 3825 2604 3896 πολλαχοῦ
2637 3827 2697 3879 τὸ
2733 3826 2869 3891 ἔθος,
2902 3826 2968 3878 τά
2998 3826 3082 3892 ἐφ’
3114 3825 3355 3895 ἐτέρωνϐ
3388 3825 3550 3895 ἐκϐη-

1897 3918 2096 3986 σόμενα
2147 3916 2347 3985 ἐτέρων
2407 3914 2775 3983 ὑποκειμένων
2829 3914 3137 3983 προσώπων
3188 3914 3385 3979 λέγειν,
3454 3916 3549 3967 καὶ

1895 4003 2294 4073 ἀποκεχρῆσθαι
2323 4001 2575 4071 ὀνόμασιν
2618 4001 2797 4063 ἄλλοις
2843 4000 2957 4052 ἀνθ’
2987 3999 3221 4069 ἐτέρων
3257 3998 3285 4051 ὃ
3317 4001 3411 4052 καὶ
3455 4001 3548 4052 ἐπὶ

1894 4089 1987 4141 τοῦ
2018 4089 2229 4141 Χαναὰν
2261 4088 2497 4155 γέγονεν.
2530 4086 2662 4139 Οὐδὲ
2708 4086 2816 4156 γάρ
2843 4088 3054 4156 ὁρῶμεν
3096 4089 3297 4139 ἐκεῖνον
3334 4086 3548 4140 δουλεύ-

1898 4192 2063 4229 σαντα
2089 4177 2199 4236 τοῖς
2224 4175 2486 4241 ἀδελφοῖς,
2503 4174 2564 4225 ού
2598 4172 2701 4243 μὴν
2729 4173 2846 4225 οὺδέ
2866 4173 2961 4242 τὴν
2996 4172 3132 4242 ἀράν
3164 4173 3544 4239 διαπεσοῦσαν,

1896 4262 2007 4315 ἀλλ’
2043 4262 2132 4313 ἐπὶ
2158 4260 2265 4313 τῶν
2283 4260 2643 4312 Γαϐαιονιτῶν
2666 4258 2933 4312 λαϐοῦσαν
2965 4260 3023 4312 :6
3048 4260 3195 4323 τέλος
3217 4260 3323 4313 τῶν
3344 4262 3407 4313 ἐκ
3448 4260 3544 4313 τοῦ

1897 4347 2112 4400 Χαναὰν
2164 4346 2476 4414 γεγονότων.
2511 4347 2615 4399 Καὶ
2655 4346 2761 4416 γὰρ
2790 4347 2847 4398 ἐν
2892 4346 3038 4412 τάξει
3066 4348 3203 4416 ἀρᾶς
3241 4348 3544 4418 προφητεία

1894 4434 1956 4485 :6
1978 4433 2263 4503 λεγόμενον
2286 4428 2374 4503 ἦν.

1968 4537 2081 4610 [20]
2122 4537 2186 4607 β’.
2226 4537 2501 4590 Τοσούτων
2537 4538 2709 4590 τοίνυν
2747 4538 2840 4591 καὶ
2869 4538 3119 4591 τοιούτων
3155 4539 3321 4590 ὄντων
3364 4554 3543 4609 παρα-

1894 4625 2199 4695 δειγμάτων
2241 4624 2348 4678 τῶν
2389 4624 2815 4678 ἀποδεικνύντων
2846 4626 2975 4693 ἡμῖν
3000 4664 3014 4687 ,
3072 4625 3153 4676 ὅτι
3214 4623 3383 4677 πολλά
3436 4625 3543 4679 τῶν

1894 4713 2193 4782 εἰρημένων
2244 4712 2453 4779 λέγεται
2516 4711 2612 4780 μὲν
2675 4712 2758 4779 ἐφ’
2815 4712 3033 4781 ἐτέρων,
3070 4711 3306 4763 ἐκϐαίνει
3356 4713 3411 4764 δὲ
3455 4714 3541 4765 ἐπ’

1894 4799 2084 4861 ἄλλων,
2145 4798 2235 4849 καὶ
2281 4798 2534 4866 ὀνόμασιν
2592 4796 2988 4867 ἀποκέχρηνται
3035 4798 3083 4849 οἰ
3134 4798 3438 4867 προφῆται,
3489 4799 3543 4851 τί

1894 4885 2198 4954 θαυμαστὸν
2230 4885 2277 4934 εἰ
2307 4883 2397 4934 καὶ
2449 4881 2540 4934 νῦν
2580 4882 2639 4935 τὸ
2675 4883 2770 4952 τῆς
2814 4882 3065 4945 Ἰουδαίας
3094 4884 3183 4935 καὶ
3216 4886 3311 4952 τῆς
3348 4886 3543 4953 Ἰερου-

1895 4973 2072 5039 σαλὴμ
2102 4970 2319 5038 προθεὶς
2338 4971 2505 5038 ὄνομα
2536 4971 2564 5023 6
2588 4972 2893 5040 προφήτης,
2931 4972 3057 5039 περί
3086 4973 3183 5039 τῆς
3221 4970 3544 5039 Ἑκκλησίας

1894 5059 2295 5127 προαναζωνεῖς
2331 5058 2439 5109 Καὶ
2470 5059 2577 5127 γὰρ
2610 5057 2791 5126 ἐπειδὴ
2824 5056 2957 5125 πρὸς
2992 5055 3305 5125 ἀγνώμονας
3335 5059 3362 5108 ὁ
3388 5056 3544 5124 λόγος

1889 5140 1956 5214 ἦν
1992 5143 2155 5213 αὐτῷ,
2186 5145 2461 5213 προφήτας
2494 5141 2863 5212 ἀναιροῦντας,
2886 5144 2952 5195 τὰ
2975 5141 3150 5211 βιϐλία
3180 5143 3446 5207 καίοντας,
3472 5143 3541 5194 τά

1893 5231 2247 5300 θυσιαστήρια
2300 5229 2778 5292 κατασκάπτοντας
2810 5267 2825 5293 ,
2892 5230 3112 5293 εἰκότως
3160 5230 3221 5283 τὸ
3283 5229 3540 5298 κάλυμμα

1890 5317 2066 5369 έκειτο
2103 5317 2194 5369 ἐπὶ
2235 5320 2302 5386 τῇ
2351 5315 2647 5383 ἀναγνώσει
2687 5317 2784 5385 τῆς
2815 5316 3047 5379 παλαιᾶς
3079 5316 3369 5387 Διαθήκης,
3399 5318 3539 5369 κατὰ

1890 5405 1981 5456 τὸν
2031 5404 2292 5474 μακάριον
2362 5404 2589 5457 Παῦλον.
2646 5400 2723 5456 ἿΙ
2778 5404 2883 5473 γάρ
2932 5404 2997 5457 ἂν
3039 5406 3133 5457 καὶ
3167 5405 3432 5473 ἠφάνισαν
3474 5405 3541 5455 τά

1894 5491 2093 5560 βιϐλία,
2130 5493 2178 5543 εἰ
2235 5492 2473 5559 συνῆκαν
2524 5491 2619 5561 τῆς
2670 5491 3001 5561 προφητείας
3040 5492 3136 5561 τὴν
3178 5492 3406 5559 δύναμιν
3439 5492 3539 5559 τῆς,

1895 5581 2020 5649 περί
2050 5580 2143 5631 τοῦ
2173 5579 2425 5649 Χριστοῦ.
2462 5580 2631 5633 Ὅπου
2657 5580 2764 5647 γὰρ
2795 5579 3031 5650 παρόντα
3065 5580 3243 5642 αὑτὸν,
3294 5578 3386 5630 καὶ
3411 5578 3539 5630 θαυ-

1896 5665 2317 5736 ματουργοῦντα,
2349 5668 2440 5719 καὶ
2468 5666 2652 5735 ἐντελῆ
2681 5667 2777 5731 τῆς
2802 5666 2999 5728 οἰκείας
3027 5664 3302 5735 δυνάμεως
3326 5665 3418 5717 καὶ
3441 5664 3539 5733 τῆς

1961 5808 1973 5845 ί
2010 5808 2155 5856 Szu'il.
2182 5812 2229 5854 cl
2258 5808 2375 5869 Reg.
2400 5808 2479 5859 τὰς
2503 5808 2779 5869 προφητείας
2798 5807 3153 5869 ἀναπληρώσας,
3176 5805 3317 5855 male.
3344 5804 3539 5855 navari-

1893 5872 2301 5917 1'llS\IliI|lc-xlu.

1955 5934 1979 5968 ⁸
2023 5930 2119 5987 'L‘p‘
2140 5932 2307 5991 ἑτέρων
2325 5931 2464 5978 dccsl
2483 5931 2531 5979 iu
2554 5930 2698 5978 smn:
2732 5936 2780 5977 cl
2805 5930 2927 5991 Reg.
