4130 6312
568 307 646 362 29
1330 311 1387 366 S.
1428 312 1710 368 JOANNIS
1740 310 2222 369 CIIRYSOSTOMI
2259 310 2574 375 ARCHIEP.
2614 320 3152 380 CONSTANTINOP.
3884 339 3953 395 30

561 417 700 485 πρὸς
746 415 835 468 τὸν
884 415 1095 486 Πατέρα
1135 420 1447 486 συμφωνίας
1487 439 1544 474 τε
1577 423 1670 474 καὶ
1696 421 1943 492 ὁμονοίας
1981 420 2208 490 παρεχό-

564 517 721 572 μενον
760 500 859 568 τὴν
907 499 1172 564 ἀπόδειξιν
1205 503 1301 555 οὐκ
1350 505 1682 574 ᾐδέσθησαν,
1730 506 1848 557 οὐδὲ
1902 505 2208 573 ἀπέστησαν

559 589 664 650 ἕως
693 588 1057 658 ἐσταύρωσαν.
1096 590 1253 660 σχολῇ
1284 608 1346 658 γε
1385 592 1449 643 ἂν
1479 591 1584 643 τῶν
1610 604 1637 632 ιι
1681 594 1805 663 περὶ
1835 592 1995 645 αὐτοῦ
2022 592 2203 658 λεγόν-

559 690 667 725 των
714 674 1012 741 ἐφείσαντο,
1053 673 1145 737 οῦς
1173 676 1266 729 καὶ
1297 676 1463 745 χωρὶς
1509 677 1691 730 τούτου
1741 679 2023 730 κατέλευον
2092 695 2210 730 συν-

561 760 717 829 εχῶς.
739 761 835 813 Διά
862 761 1016 813 τοῦτο
1035 765 1141 825 τοῖς
1162 762 1378 823 οἰκείοις
1407 763 1497 815 καὶ
1524 763 1814 833 γνωρίμοις
1843 763 2021 825 αὐτοῖς
2049 767 2207 831 ἐμφι-

560 843 919 914 λοχωροῦντες
963 846 1204 915 ὀνόμασι,
1252 845 1348 908 τάς
1383 848 1710 917 προφητείας
1765 846 1936 915 τούτῳ
1997 848 2210 900 συσκιά-

562 929 712 992 ζουσι
741 931 818 999 τῷ
843 929 1132 1001 προσώπῳ.
1157 931 1277 982 Ὀτι
1307 930 1412 1001 γάρ
1443 931 1500 983 ού
1531 931 1657 1003 περὶ
1695 931 1794 1000 τῆς
1829 931 2082 996 Ἰουδαίας
2115 934 2206 986 καὶ

573 1015 923 1085 Ἰερουσαλήμ
966 1017 994 1068 6
1034 1016 1219 1082 λόγος,
1263 1017 1495 1086 ἑκάστην
1546 1017 1876 1088 παράγοντες
1925 1017 2065 1082 λέξιν
2129 1021 2210 1077 εἰς

565 1101 727 1167 μέσον
759 1101 894 1170 μετά
921 1101 1200 1171 ἀκριϐείας
1231 1103 1481 1172 είσόμεθα
1514 1105 1583 1156 τά
1609 1104 1886 1173 εἰρημένα.

634 1254 761 1306 Ὀτι
811 1255 980 1310 ἔσται
1019 1256 1087 1308 ἐν
1115 1257 1241 1321 ταῖς
1267 1257 1550 1323 ἐσχάταις
1589 1257 1832 1324 ἡμέραις
1854 1258 2112 1325 ἐμφανὲς
2144 1261 2204 1311 τὸ

565 1338 700 1405 ὅρος
729 1342 963 1406 Κυρίου.
992 1341 1131 1410 Ὅρα
1150 1340 1427 1410 ἀκρίϐειαν
1454 1342 1750 1408 προφήτου,
1777 1341 1837 1393 οὗ
1854 1342 1922 1393 τά
1949 1345 2205 1412 πράγμα-

562 1440 629 1475 τα
673 1424 914 1492 λέγοντος
958 1427 1131 1495 μόνον,
1172 1427 1304 1478 ἀλλά
1342 1428 1432 1478 καὶ
1467 1426 1556 1477 τὸν
1613 1427 1799 1496 χρόνον
1854 1428 2204 1496 ἐπισημαινο-

567 1508 746 1576 μένου.
778 1510 950 1579 Ὅπερ
981 1511 1087 1579 γάρ
1127 1527 1288 1579 φησιν
1322 1513 1349 1563 6
1399 1509 1632 1575 Παῦλος,
1667 1511 1801 1564 Ὅτε
1833 1511 1900 1563 δὲ
1947 1509 2094 1580 ἦλθε
2139 1514 2207 1567 τὸ

562 1593 848 1661 πλήρωμα
894 1593 1012 1647 τῶν
1042 1595 1276 1662 καιρῶν,
1311 1596 1402 1648 καὶ
1445 1597 1667 1666 ἑτέρωθι
1711 1596 1891 1659 πάλιν,
1935 1600 2034 1662 Εἰς
2058 1599 2208 1651 01x0-

562 1679 776 1744 νομίαν
804 1677 908 1730 τοῦ
954 1679 1338 1747 πληρώματος
1395 1679 1512 1732 τῶν
1555 1680 1789 1748 καιρῶν,
1813 1681 1968 1735 τοῦτο
1995 1684 2023 1735 6
2078 1700 2207 1753 προ-

563 1764 739 1831 φήτης
779 1766 959 1833 φησιν,
1007 1766 1107 1818 Ἐν
1149 1766 1275 1830 ταῖς
1313 1766 1600 1833 ἐσχάταις
1645 1767 1906 1835 ἡμέραις.
1953 1770 2114 1838 Ὄρος
2149 1769 2205 1820 δὲ

561 1847 663 1914 τήν
708 1847 1023 1917 Ἐκκλησίαν
1073 1851 1165 1901 καὶ
1206 1850 1266 1902 16
1302 1849 1409 1901 τῶν
1447 1850 1723 1919 δογμάτων
1768 1851 2205 1920 ἀκαταγώνιστον

563 1931 733 1985 καλεῖ.
759 1933 1021 2003 Καθάπερ
1043 1934 1148 2004 γὰρ
1170 1935 1317 2001 ὄρεσι
1363 1934 1465 1988 κᾶν
1498 1937 1662 2007 μυρία
1692 1938 2000 2011 προσϐάλλῃ
2042 1956 2206 2010 στρα-

561 2017 776 2082 τόπεδα,
803 2019 928 2085 τέξα
954 2021 1211 2084 τείνοντα,
1246 2022 1337 2074 καὶ
1355 2021 1550 2090 δόρατα
1574 2024 1815 2092 ἀφιέντα,
1844 2026 2204 2096 μηχανήματα

564 2107 923 2174 προσάγοντα,
967 2109 1146 2159 ἐκεῖνα
1177 2108 1273 2175 μὲν
1315 2109 1434 2161 οὐδὲ
1487 2110 1832 2180 παραϐλάψαι
1868 2113 2202 2181 δυνήσονται,

562 2193 658 2262 τὴν
686 2195 740 2246 δὲ
768 2196 966 2248 οἰκείαν
991 2197 1406 2250 καταλύσανταδ
1435 2200 1583 2268 ἰσχὺν
1615 2199 2030 2254 ἀπελεύσονται·
2064 2199 2204 2252 οὕτω

561 2276 626 2346 δή
656 2281 746 2330 καὶ
773 2284 820 2331 οἰ
852 2283 916 2349 τῇ
959 2282 1245 2352 Ἐκκλησία
1279 2283 1673 2352 πολεμήσαντες
1706 2287 1968 2351 ἅπαντες,
2005 2286 2204 2355 ταύτην

565 2362 665 2430 μὲν
703 2366 801 2417 οὐκ
853 2365 1081 2425 ἔσεισαν,
1126 2368 1223 2435 τὴν
1254 2367 1308 2418 δὲ
1329 2369 1534 2419 οἰκείαν
1586 2369 1939 2431 ἀπολέσαντες
1982 2370 2204 2439 δύναμιν

563 2449 1026 2520 κατῃσχύνθησαν,
1067 2453 1122 2503 ἐν
1178 2452 1253 2520 τῷ
1297 2454 1474 2504 παίειν
1501 2453 1852 2522 διαλυόμενοι,
1896 2455 1988 2506 καὶ
2024 2456 2081 2507 ἐν
2128 2454 2205 2524 τῷ

565 2533 776 2602 βάλλειν
805 2536 1166 2601 ἀσθενοῦντες,
1191 2537 1283 2589 καὶ
1307 2539 1360 2590 ἐν
1389 2537 1464 2606 τῷ
1505 2541 1672 2591 ποιεῖν
1700 2539 1804 2592 ὑπὸ
1838 2540 1946 2594 τῶν
1975 2541 2205 2611 πασχόν-

560 2635 669 2671 των
696 2620 1005 2690 νικώμενοι·
1035 2623 1166 2691 ὅπερ
1205 2625 1296 2676 καὶ
1329 2624 1621 2693 παράδοξος
1647 2626 1799 2696 νίκης
1838 2629 2034 2697 τρόπος
2067 2629 2199 2693 ἐστὶ,

564 2705 656 2756 καὶ
684 2706 781 2757 ούκ
832 2707 1149 2775 ἀνθρώποις,
1183 2709 1314 2762 ἀλλά
1345 2710 1460 2779 Θεῷ
1513 2712 1666 2779 μόνον
1693 2711 1928 2774 δυνατός.
1985 2714 2056 2765 T6
2092 2713 2202 2784 γάρ

563 2785 874 2856 θαυμαστὸν
917 2792 1010 2859 τῆς
1053 2792 1397 2861 Ἐκκλησίας,
1424 2795 1519 2862 οὐχ
1551 2794 1629 2845 ὅτι
1675 2795 1938 2864 ἐνίκησεν,
1973 2795 2083 2848 ἀλλ’
2120 2799 2202 2849 ὅτι

563 2874 658 2925 καὶ
681 2875 850 2938 οὕτως
876 2877 1139 2947 ἐνίκησεν.
1185 2877 1537 2948 Ἐλαυνομένη
1565 2880 1699 2948 γάρ,
1741 2880 2072 2951 διωκομένη,
2106 2899 2204 2950 μυ-

566 2960 699 3030 ρίοις
722 2964 1161 3034 κατακοπτομένη
1187 2966 1423 3034 τρόποις,
1442 2967 1500 3017 οὐ
1528 2968 1683 3035 μόνον
1712 2967 1807 3018 οῦκ
1834 2968 2202 3035 ήλαττονοῦτο,

563 3045 696 3098 ἀλλά
739 3049 833 3098 καὶ
880 3047 1076 3117 μείζων
1127 3049 1351 3115 ἐγίνετο,
1384 3050 1473 3100 καὶ
1517 3051 1640 3110 τοὺς
1681 3051 1852 3103 ταῦτα
1889 3053 2056 3103 ποιεῖν
2089 3054 2208 3102 ἐπι-

534 3199 537 3201 _
564 3132 877 3201 χειροῦντας
940 3133 1067 3185 αὐτὸ
1121 3133 1181 3184 16
1228 3135 1453 3202 πάσχειν
1515 3135 1670 3203 μόνον
1711 3137 1996 3188 κατέλυεν·
2071 3138 2204 3205 ὅπερ

560 3218 770 3286 ἀδάμας
795 3221 939 3271 ποιεῖ
965 3221 1090 3288 περ)⁵
1119 3220 1209 3272 τὸν
1244 3221 1475 3289 σίδηρον,
1517 3221 1594 3290 τῷ
1630 3222 1882 3274 παίεσθαι
1907 3223 2063 3292 μόνον
2092 3224 2205 3275 δια-

560 3298 699 3351 λύων
749 3300 840 3352 τοῦ
897 3301 1142 3363 παίοντος
1191 3301 1286 3370 τὴν
1328 3302 1504 3370 ἰσχύνο
1549 3304 1642 3354 καὶ
1684 3303 1880 3372 κέντρα
1920 3303 2055 3373 πρὸς
2082 3304 2205 3364 τοὺς

560 3386 926 3448 λακτίζοντας,
977 3387 1115 3439 αύτά
1148 3388 1243 3456 μὲν
1273 3388 1423 3440 οὐδὲν
1452 3388 1760 3458 ἀμϐλύτεροι
1793 3389 2034 3442 ἐντεῦθεν
2056 3390 2201 3456 γινό-

562 3491 716 3539 μενα,
763 3475 885 3535 τοὺς
933 3473 989 3526 δὲ
1043 3473 1383 3536 λακτίζοντας
1437 3475 1768 3543 αἰμάσσοντα
1803 3475 1986 3533 πόδας.
2011 3475 2108 3527 Διά
2138 3476 2200 3546 δὴ

558 3562 714 3614 τοῦτο
750 3561 872 3632 ὅρος
896 3563 1166 3615 ἐκάλεσεν.
1205 3564 1264 3612 Εἰ
1285 3562 1340 3613 δὲ
1363 3562 1460 3613 οὐκ
1484 3563 1731 3630 ἀνέχεται
1779 3564 1876 3631 τῆς
1897 3565 2203 3631 μεταφορᾶς

559 3652 588 3702 6
631 3651 1122 3713 Ἰουδαῖος,οίκοθεν
1161 3651 1319 3702 πάλιν
1346 3650 1575 3719 δεχέσθω
1635 3651 1726 3701 τὸν
1765 3649 2001 3719 ἔλεγχον.
2035 3650 2203 3713 Αὐτὸς

559 3738 668 3807 γὰρ
705 3730 854 3800 οὗτος
896 3739 925 3788 6
974 3738 1250 3806 προφήτης
1309 3736 1499 3798 λύκους
1550 3736 1642 3789 καὶ
1693 3736 1859 3804 ἄρνας
1903 3736 2069 3805 ἔφησε
2105 3737 2202 3805 τῆς

557 3822 727 3890 αὐτῆς
759 3822 924 3891 νομῆς
949 3822 1313 3890 κοινωνήσειν,
1344 3822 1436 3873 καὶ
1471 3822 1653 3889 μυίαις
1706 3821 1796 3873 τὸν
1830 3820 1958 3872 Θεὸν
2002 3822 2203 3890 συριείν

559 3911 652 3962 καὶ
681 3912 798 3970 ταῖς
829 3908 1122 3978 μελίσσαις,
1161 3909 1255 3960 καὶ
1303 3908 1538 3975 ποταμὸν
1569 3907 1786 3974 ἀνάγειν
1830 3907 2078 3974 ῥαγδαῖον
2113 3907 2203 3959 ἐπὶ

557 4000 684 4061 τοὺς
735 3996 1037 4058 Ἰουδαίους,
1063 3996 1147 4047 διὰ
1185 3996 1244 4048 16
1288 3997 1359 4065 μὴ
1385 3994 1662 4063 βούλεσθαι
1688 3993 1802 4063 [21]
1836 3995 2027 4055 αὐτοὺς
2063 3994 2203 4061 ἔχειν

556 4085 618 4136 16
673 4085 814 4152 ὓδωρ
862 4084 952 4136 τοῦ
1014 4082 1247 4150 Σιλωάμ.
1292 4082 1466 4150 ’Ἀπερ
1518 4080 1572 4131 εί
1621 4097 1704 4141 τις
1737 4080 1828 4131 ἐπὶ
1871 4080 1978 4134 τῶν
2010 4080 2203 4143 λέξεων

559 4170 798 4232 ἐκλάϐοι,
828 4169 959 4222 πολὺ
992 4170 1053 4221 16
1081 4169 1426 4239 ἀπερινόητον
1449 4167 1591 4236 ἔχει·
1628 4166 1762 4219 ἀλλὰ
1783 4167 1866 4218 δεῖ
1893 4167 1960 4218 τά
1989 4169 2054 4219 ἐκ
2083 4168 2204 4219 τού-

559 4273 668 4307 των
700 4255 1069 4324 σημαινόμενα
1099 4255 1415 4323 δεχομένους
1447 4254 1585 4305 οὕτω
1627 4252 1916 4305 ποικίλλειν
1945 4253 2052 4306 τῶν
2083 4271 2204 4321 νοη-

563 4342 746 4410 μάτων
771 4342 867 4412 τὴν
896 4341 1225 4394 ἀκολουθίαν.
1263 4340 1325 4392 Τί
1348 4336 1438 4392 οὖν
1459 4340 1571 4391 ἐστι
1597 4339 1664 4392 τὰ
1684 4343 1747 4392 ἐκ
1779 4340 1977 4393 τούτων
2009 4357 2205 4409 σημαι-

561 4429 790 4499 νόμενα;
821 4427 918 4480 Διά
966 4427 1062 4496 μὲν
1115 4428 1222 4479 τῶν
1274 4426 1449 4478 λύκων
1490 4428 1580 4479 καὶ
1621 4426 1730 4478 τῶν
1775 4426 1970 4495 ἀρνῶν,
2018 4428 2066 4477 οἱ
2093 4427 2204 4479 τῶν

563 4513 862 4583 ἀνθρώπων
897 4512 1082 4582 τρόποι
1119 4513 1167 4564 οί
1194 4511 1473 4581 Θηριώδεις
1518 4512 1608 4564 καὶ
1640 4511 1833 4580 ἣμεροι
1854 4527 1866 4540 '
1897 4511 1982 4562 διὰ
2011 4512 2065 4563 δὲ
2098 4512 2205 4564 τῶν

567 4600 779 4669 μυιῶν,
820 4599 881 4650 16
925 4599 1272 4666 ἀναίσχυντον
1327 4597 1434 4649 τῶν
1483 4597 1820 4663 Αἰγυπτίων⁹
1866 4596 1952 4649 διὰ
2004 4597 2060 4648 δὲ
2113 4599 2205 4649 τοῦ

565 4685 830 4754 ποταμοῦ,
862 4685 922 4736 τὸ
949 4684 1172 4755 σφοδρὸν
1213 4684 1312 4752 τῆς
1346 4683 1626 4753 στρατείας
1653 4682 1745 4735 τοῦ
1777 4682 2048 4754 βαρϐάρου
2069 4700 2081 4712 °
2119 4683 2208 4736 διὰ

561 4773 617 4825 δὲ
646 4772 738 4824 τοῦ
769 4771 1002 4839 Σιλωὰμ,
1019 4771 1078 4822 16
1098 4773 1267 4840 πρᾶον
1291 4771 1383 4822 καὶ
1401 4771 1632 4832 ἐπιεικὲς
1661 4770 1752 4823 τοῦ
1782 4771 1902 4822 τότε
1927 4771 2204 4840 ἄρχοντος,

559 4859 654 4913 τοῦ
700 4859 808 4911 τῶν
865 4858 1125 4911 Ἰουδαίων
1152 4856 1429 4926 βασιλέως.
1465 4857 1568 4908 Καὶ
1597 4857 1766 4913 οὐδεὶς
1793 4857 1911 4908 οὐδὲ
1940 4857 2046 4908 τῶν
2083 4857 2208 4923 σφό-

560 4946 660 5015 δρα
686 4947 921 5013 ἀνοήτων
950 4943 1082 5014 πρὸς
1101 4944 1268 4996 ταῦτα
1296 4945 1425 5012 ἡμῖν
1458 4945 1685 5011 ἀντερεῖ.
1717 4944 1925 5010 Ὥσπερ
1965 4945 2070 5012 γὰρ
2117 4939 2207 4994 οὖν

561 5034 743 5084 ἐκεῖνα
791 5031 992 5101 ἑτέροις
1032 5030 1252 5099 ὀνόμασι
1306 5029 1652 5098 παρεδηλώθη
1679 5069 1692 5092 ,
1754 5027 1893 5079 οὕτω
1953 5031 2044 5080 καὶ
2109 5029 2207 5097 τῆς

573 5118 894 5186 Ἐκκλησίας
936 5118 995 5169 τὸ
1033 5118 1274 5187 στερρὸν,
1316 5115 1373 5168 τὸ
1419 5116 1670 5184 ἀκίνητον
1697 5125 1743 5178 ο,
1773 5114 1833 5165 16
1889 5114 2107 5181 ὑψηλὸν,
2148 5116 2209 5166 τὸ

560 5208 853 5277 ἀχείρωτον
875 5206 963 5260 διά
986 5206 1083 5276 τῆς
1118 5205 1208 5259 τοῦ
1241 5205 1398 5276 ὅρους
1428 5205 1641 5275 ᾐνίξατο
1674 5205 2057 5273 προσηγορίας.
2100 5204 2210 5257 Καὶ

623 5408 640 5429 ⁸
662 5409 784 5468 Reg.
811 5409 953 5468 alar
982 5407 1068 5467 γὰρ
1087 5407 1195 5453 τῶν.
1221 5406 1369 5455 Savil.
1445 5409 1546 5468 iam
1586 5424 1640 5468 γε
1659 5410 1769 5456 τῶν.
1814 5409 2018 5458 Praestat
2061 5410 2207 5458 lectio

623 5469 862 5515 stellianaa
887 5423 1142 5515 Egilionis.
1169 5474 1317 5515 etest
1339 5470 1386 5515 in
1397 5424 1659 5515 agavarico.

562 5469 862 5519 Morellianaa
887 5468 1142 5523 Editionis,
1169 5474 1317 5515 etest
1339 5470 1386 5516 in
1415 5468 1659 5518 Bavarico.

626 5530 654 5567 δ
681 5529 800 5588 Reg.
828 5535 874 5575 el
897 5528 1054 5592 Savil._
1070 5529 1343 5592 τείνοντες...
1382 5529 1640 5589 ἀφιέντες...
1676 5531 1983 5592 προσάγοντες
2008 5569 2038 5579 ..
2066 5550 2205 5580 κατα-

561 5592 802 5646 λύσαντες,
848 5602 956 5648 (ιυω
991 5590 1135 5635 etiam
1162 5591 1303 5635 Ieclio
1329 5592 1546 5648 quadrat,
1589 5599 1641 5638 et
1683 5590 1953 5641 innumeris
1994 5594 2206 5641 ﬁrmalur

563 5652 831 5709 exemplis;
855 5650 942 5696 sed
963 5662 1069 5696 cum
1097 5649 1260 5709 Morel.
1311 5649 1454 5696 etiam
1476 5651 1623 5699 lectio
1658 5651 1785 5699 bene
1807 5655 1999 5709 habeat,
2029 5655 2205 5702 τείνον-

564 5729 680 5760 τοι...
704 5708 894 5770 ἀφιέντα
918 5717 1035 5767 elc.,
1062 5716 1115 5758 ει
1151 5708 1263 5758 Cod.
1305 5711 1530 5759 Bavarico
1567 5713 1803 5772 ﬁrmetur,
1847 5727 1950 5762 eam
1987 5717 2201 5764 retinere

567 5773 720 5823 visum
745 5777 837 5817 est.

627 5838 648 5864 ε
671 5831 745 5883 lla
764 5832 883 5893 Reg.
913 5838 960 5881 ei
986 5830 1130 5881 Savil.
1159 5830 1211 5879 In
1255 5831 1423 5880 Morel.
1461 5833 1509 5879 ιὲ
1540 5833 1741 5890 ixi-ama:
1770 5835 1952 5885 docnt.

2314 426 2418 495 γάρ
2445 428 2626 497 ἕτερος
2654 433 2934 500 προφήτης
2957 434 3081 494 τοὺς
3103 431 3424 491 πεποιθότας
3457 431 3547 483 ἐπὶ
3571 433 3660 485 τὸν
3691 433 3821 487 θεὸν
3842 436 3956 505 ὂρει

2313 513 2676 580 παραϐάλλει,
2734 517 2792 568 16
2832 518 3260 584 ἀκαταγώνιστον
3313 516 3492 570 αὐτῶν
3539 519 3954 588 ἐνδεικνύμενος.

2326 597 2633 666 Ἐμφανές.
2657 600 2823 653 Τοῦτο
2849 603 2967 654 οὐδὲ
2995 604 3090 672 τῆς
3116 604 3220 658 ἀπὸ
3254 603 3346 655 τοῦ
3379 602 3536 671 λόγου
3576 601 3756 655 λοιπὸν
3790 607 3958 674 ἐρμη-

2311 685 2458 748 νείας
2485 687 2670 741 δεῖται.
2701 687 2884 750 Οὕτως
2912 688 3048 757 αὐτὴ
3081 689 3184 741 τῶν
3207 690 3545 759 πραγμάτων
3575 691 3608 759 ή
3633 689 3791 758 φύσις
3830 691 3956 742 σάλ-

2311 787 2503 838 πιγγος
2549 774 2928 845 λαμπροτέραν
2984 773 3165 843 φωνήν
3233 776 3470 844 ἀφίησι,
3544 775 3605 829 16
3666 779 3957 846 περιφανὲς

2309 855 2682 929 ἐνδεικνυμένη
2744 859 2842 929 τῆς
2889 859 3226 928 Ἐκκλησίας.
3290 861 3363 912 Ού
3418 861 3526 931 γάρ
3579 863 3754 926 οὕτως
3809 862 3958 931 ἥλιος

2311 941 2494 1007 φανὸς,
2526 943 2641 995 οὐδὲ
2676 943 2735 996 16
2763 945 2827 996 ἐκ
2881 943 3067 996 τούτου
3118 945 3252 1012 φῶς,
3295 946 3369 1006 ὡς
3403 947 3499 1016 τῆς
3536 948 3859 1019 Ἐκκλησίας
3887 947 3959 1000 τὰ

2308 1024 2622 1095 πράγματα.
2646 1029 2754 1081 Καὶ
2791 1029 2897 1098 γάρ
2923 1033 2954 1084 d
2987 1027 3149 1095 οἶκος
3180 1031 3284 1084 τοῦ
3320 1031 3465 1084 Θεοῦ
3492 1034 3582 1085 ἐπ’
3607 1034 3803 1102 ἄκρων
3833 1035 3953 1089 τῶν

2308 1109 2509 1178 ὀρέων.

2376 1256 2444 1315 γ’.
2485 1250 2606 1311 Πῶς
2633 1250 2699 1303 ἀν
2735 1251 2888 1303 τοῦτο
2916 1253 3292 1322 ἐρμηνεύσειεν
3319 1254 3348 1305 6
3392 1255 3668 1318 Ἰουδαῖοςς
3701 1256 3951 1327 Ούδαμοῢ

2307 1333 2413 1402 γὰρ
2450 1334 2534 1385 ἐπ’
2563 1335 2744 1402 ἄκρων
2771 1335 2876 1388 τῶν
2903 1337 3068 1404 ὀρέων
3104 1340 3132 1390 6
3164 1339 3288 1399 ναός
3328 1340 3504 1390 ἐστιν·
3550 1342 3582 1410 ἡ
3629 1341 3806 1408 μέντοι
3849 1343 3952 1411 τῆς

2321 1419 2638 1489 Ἐκκλησίας
2676 1421 2900 1490 δύναμις
2953 1422 3131 1474 αὐτῶν
3183 1424 3356 1492 ἥψατο
3396 1425 3501 1477 τῶν
3546 1427 3806 1496 οὐρανῶν.
3842 1429 3952 1482 Καὶ

2306 1502 2504 1556 ὡσανεῖ¹
2535 1501 2680 1568 οῐκος
2721 1506 2858 1576 ὑπὲρ
2890 1509 3132 1576 κορυφῆς
3167 1508 3309 1576 ὀρῶν
3353 1509 3598 1577 κείμενος
3640 1514 3802 1566 πᾶσίν
3833 1515 3949 1568 ἐστι

2307 1589 2618 1658 κατάδηλος,
2645 1590 2786 1643 οὕτω
2816 1592 2908 1644 καὶ
2940 1591 3118 1661 πολλῷ
3151 1592 3310 1644 πλέον
3350 1595 3484 1663 αὑτὴ
3516 1598 3813 1666 περιφανὴς
3844 1601 3953 1651 πᾶ·-

2308 1690 2391 1725 σιν
2423 1673 2722 1744 ἀνθρώποις
2750 1676 2957 1744 γέγονε.
2986 1679 3095 1730 Καὶ
3122 1677 3503 1745 ὑψωθήσεται
3533 1681 3804 1748 ὑπεράνω
3833 1682 3953 1735 τῶν·

2300 1759 2560 1822 βουνῶν.
2583 1762 2653 1814 T6
2671 1763 2800 1815 αὐτὸ
2824 1763 2976 1816 τοῦτο
2999 1764 3156 1817 πάλιν
3184 1766 3543 1835 ήρμήνευσεν,
3567 1767 3700 1837 ὅπερ
3731 1768 3821 1820 ἐπὶ
3853 1768 3950 1820 τοῦ

2305 1843 2432 1896 ναοῦ
2464 1844 2711 1897 οὐδέποτε
2743 1846 2956 1916 συνέϐη,
2986 1847 3104 1899 οὐδὲ
3128 1847 3287 1917 ἡνίκα
3312 1849 3505 1917 ἀριστα
3538 1850 3796 1920 πράττειν
3829 1852 3948 1904 ἐδό-

2307 1947 2408 1982 κει.
2457 1931 2579 1995 Πῶς
2614 1933 2741 2003 γάρ,
2774 1933 2906 1986 ὅπου
2939 1950 3002 2001 γε
3046 1934 3139 1986 καὶ
3179 1935 3268 1987 ὑπ’
3312 1936 3488 1988 αὐτῶν
3529 1938 3636 1990 τῶν
3683 1937 3951 1991 Ἰουδαίων

2305 2016 2556 2080 πολλάκις
2582 2019 2890 2088 ήτιμάζετο,
2911 2020 3004 2073 καὶ
3026 2019 3128 2073 ὑπὸ
3153 2019 3496 2091 βαρϐαρικῶν
3522 2023 3811 2091 ἠφανίζετο
3836 2041 3950 2091 χει-

2306 2103 2412 2174 ρῶν
2434 2120 2446 2167 ;
2476 2105 2538 2158 Ἦ
2558 2105 2614 2158 δὲ
2635 2106 2734 2175 τῆς
2759 2107 3078 2178 Ἐκκλησίας
3109 2107 3259 2176 ἰσχὺς
3291 2108 3596 2179 ἐπολεμήθη
3620 2109 3717 2178 μὲν
3737 2111 3948 2163 ἐκείνου

2302 2188 2672 2261 χαλεπώτερον
2705 2193 2794 2244 καὶ
2827 2192 3014 2245 πλέον·
3044 2191 3151 2256 εἶξε
3184 2193 3238 2246 δὲ
3268 2194 3519 2246 οὐδέποτε
3549 2197 3670 2256 ταῖς
3700 2195 3806 2247 τῶν
3843 2212 3952 2246 πο-

2302 2274 2605 2344 λεμούντων
2636 2279 2816 2348 χερσὶν
2839 2319 2854 2345 ,
2889 2279 3000 2332 ἀλλ’
3033 2279 3334 2350 ὑψηλοτέρα
3370 2281 3462 2332 καὶ
3514 2282 3950 2352 περιφανεστέρα

2307 2363 2536 2430 μάλιστα
2557 2365 2660 2417 ὑπὸ
2683 2365 2789 2418 τῶν
2810 2367 3077 2435 πολεμίων
3109 2369 3330 2436 ἐγίνετο.
3356 2370 3484 2422 Τότε
3508 2371 3636 2438 γοῦν
3663 2372 3771 2423 τῶν
3807 2389 3951 2441 μαρ-

2303 2447 2478 2515 τύρων
2510 2450 2559 2499 οἰ
2591 2449 2780 2518 δῆμοι,
2812 2453 2928 2503 τότε
2969 2454 3078 2504 τῶν
3104 2453 3446 2523 ὁμολογητῶν
3482 2457 3548 2506 τὰ
3593 2456 3791 2525 πλήθη,
3821 2457 3949 2508 τότε

2305 2539 2359 2588 αἱ
2401 2537 2612 2606 σιδήρου
2652 2537 2996 2608 στερρότεραι
3035 2540 3416 2592 ἀπεδείκνυντο
3460 2542 3626 2609 ψυχαὶ
3650 2580 3664 2602 ,
3709 2544 3802 2594 καὶ
3836 2543 3952 2594 τῶν

2305 2624 2545 2692 ἀστέρων
2575 2623 2750 2676 αὐτῶν
2777 2624 3159 2694 ἀκριϐέστερον
3187 2625 3446 2694 ἔλαμπον,
3479 2626 3587 2678 τῶν
3622 2627 3720 2695 μὲν
3760 2628 3950 2697 σωμά-

2304 2727 2410 2762 των
2442 2711 2617 2771 αὗτοῖς
2659 2710 3163 2779 κατακοπτομένων,
3203 2711 3300 2779 τῆς
3331 2710 3551 2781 γνώμης
3584 2713 3638 2764 δὲ
3687 2714 3746 2765 οὐ
3781 2731 3948 2766 νικω-

2307 2797 2490 2864 μένης,
2513 2795 2646 2848 ἀλλά
2673 2795 2974 2867 κρατούσης
3003 2797 3092 2849 καὶ
3125 2799 3574 2867 στεφανουμένης.
3595 2799 3685 2860 Τίς
3713 2795 3840 2860 εἶδε,
3862 2801 3953 2864 τίς

2302 2885 2499 2951 ἤκουσε
2527 2884 2682 2951 φόνον
2709 2885 2963 2952 στέφανον
2987 2884 3235 2954 φέροντα,
3257 2887 3350 2936 καὶ
3381 2886 3590 2952 σφαγὴν
3615 2886 3765 2954 νίκην
3786 2887 3951 2954 ὲργα-

2303 2968 2554 3036 ζομένην,
2578 2970 2670 3021 καὶ
2702 2970 2819 3021 τότε
2844 2971 2904 3020 16
2936 2969 3290 3038 στρατόπεδον
3322 2969 3694 3038 λαμπρότερον
3727 2971 3951 3039 γινόμε-

2303 3070 2410 3114 νον,
2455 3055 2542 3105 ὅτε
2594 3054 2806 3118 πλείους
2833 3056 2887 3106 οἱ
2931 3056 3284 3123 σφαττόμενοι
3332 3054 3483 3123 παρά
3523 3054 3628 3106 τῶν
3669 3055 3950 3124 πολεμίων

2303 3157 2576 3207 εφαινοντο
2595 3157 2610 3204 ;

2371 3277 2476 3330 Καὶ
2521 3276 2774 3343 ἥξουσιν
2814 3277 2906 3329 ἐπ’
2954 3273 3111 3340 αὐτῷ
3157 3274 3353 3328 πάντα
3391 3273 3463 3327 τὰ
3512 3275 3675 3342 ἔθνη.
3734 3274 3954 3344 Προϊὼν

2304 3362 2626 3432 σαφέστερος
2661 3363 2689 3414 6
2723 3363 3002 3432 προφήτης
3044 3362 3269 3428 γίνεται,
3307 3361 3402 3413 καὶ
3441 3360 3638 3430 μᾶλλον
3675 3361 3955 3414 ἀνακαλύ-

2302 3465 2422 3499 πτει
2469 3448 2558 3500 τὸν
2602 3447 2774 3514 λόγον,
2818 3448 2911 3500 καὶ
2958 3447 3275 3517 τρανότερον
3320 3445 3556 3499 δείκνυσι
3593 3446 3692 3515 τὴν
3737 3463 3956 3516 προφηο

2300 3533 2468 3596 τείαν,
2504 3534 2596 3585 καὶ
2627 3533 3006 3603 ἀκριϐέστερον
3043 3532 3381 3602 ἀπορράπτει
3424 3531 3532 3583 τῶν
3579 3532 3841 3583 Ἰουδαίων
3878 3533 3956 3584 τὰ

2305 3620 2561 3690 στόματα.
2593 3620 2758 3672 Τοῦτο
2789 3621 2895 3689 γὰρ
2915 3659 2929 3683 ,
2969 3621 3062 3671 καὶ
3101 3620 3151 3670 εἰ
3191 3618 3394 3687 σφόδρα
3426 3618 3850 3686 ἀναισχυντοῖεν,
3885 3618 3956 3668 οὐ

2301 3705 2612 3774 δυνήσονται
2652 3705 2728 3774 τῷ
2756 3706 2929 3757 αὐτῶν
2957 3705 3067 3774 ναῷ
3096 3705 3333 3773 ἁρμόσαι
3357 3702 3407 3755 (ι.
3442 3703 3549 3754 Καὶ
3582 3703 3688 3770 γὰρ
3719 3703 3808 3753 καὶ
3839 3704 3958 3755 άπ-

2303 3787 2580 3856 ηγόρευτο,
2626 3787 2717 3838 καὶ
2761 3785 2875 3854 μεθ’
2925 3784 3227 3854 ὑπερϐολῆς
3274 3781 3544 3835 κεκώλυτο
3581 3781 3705 3850 ἔθνη
3745 3784 3825 3843 εἰς
3859 3782 3959 3836 τὸν

2302 3872 2424 3925 ναὸν
2453 3872 2692 3925 εἰσιέναι.
2727 3871 2835 3922 Καὶ
2876 3870 2928 3920 τί
2969 3869 3110 3935 λέγω
3143 3871 3220 3930 είς
3249 3867 3338 3919 τὸν
3371 3867 3494 3920 ναὸν
3531 3868 3774 3928 εἰσιέναι,
3814 3869 3958 3920 ὅπου

2301 3972 2365 4024 γε
2408 3957 2501 4009 καὶ
2536 3957 2714 4019 αὐτοῖς
2756 3958 2890 4026 μετά
2935 3956 3128 4024 πολλῆς
3177 3956 3274 4022 τῆς
3308 3954 3532 4022 ἀπειλῆς
3577 3951 3687 4023 [‘22]
3726 3955 3753 4005 6
3787 3955 3960 4022 νόμος

2303 4043 2606 4113 ἀπηγόρευε
2640 4044 2733 4105 τάς
2759 4043 2865 4095 τῶν
2905 4042 3069 4094 ἐθνῶν
3109 4041 3385 4110 ἐπιμιξίας
3407 4082 3421 4106 ,
3454 4042 3546 4095 καὶ
3587 4041 3684 4109 τήν
3725 4040 3960 4108 ἔσχατον

2305 4129 2440 4198 ὑπὲρ
2463 4129 2663 4181 τούτων
2693 4128 2883 4197 ἀπῄτει
2911 4127 3095 4196 δίκην;
3142 4127 3197 4178 '0
3223 4126 3351 4193 γοῦν
3382 4128 3658 4194 προφήτης
3698 4124 3961 4190 Ἀγγαῖος

2303 4213 2516 4266 ἃπασαν
2537 4217 2615 4276 εἰς
2642 4214 2797 4266 τοῦτο
2824 4214 3164 4284 κατηνάλωσε
3184 4211 3280 4281 τὴν
3301 4210 3652 4280 προφητείαν,
3679 4206 3958 4274 ἐγκαλῶν,

2303 4299 2560 4365 ἀπειλῶν,
2581 4300 2804 4361 εὐθύνας
2823 4299 3062 4351 ἀπαιτῶν
3087 4299 3183 4366 τῆς
3211 4297 3271 4348 οὐ
3305 4295 3681 4364 προσηκούσης
3714 4296 3961 4360 ἐπιγαμ-

2305 4383 2481 4452 ϐρίας.
2517 4383 2651 4436 Ἀλλ’
2689 4384 2749 4436 οὺ
2786 4383 2852 4435 τά
2889 4385 3122 4452 ήμέτερα
3151 4379 3394 4440 τοιαῦτα,
3433 4379 3566 4430 ἀλλά
3604 4376 3737 4444 μετὰ
3766 4374 3958 4437 ἀδείας

2307 4469 2520 4538 ἀπάσης
2551 4471 2929 4522 ἀναπετάσασα
2950 4468 3074 4528 τοὺς
3095 4467 3320 4528 κόλπους
3354 4467 3386 4533 ή
3425 4462 3732 4530 Ἐκκλησία,
3763 4461 3958 4529 χερσὶν

2307 4555 2522 4617 ὑπτίαις
2553 4556 2764 4608 ᾶπαντα
2788 4554 2854 4606 τά
2873 4555 2968 4622 τῆς
2999 4552 3318 4620 οἰκουμένης
3336 4548 3451 4601 καθ’
3475 4549 3706 4615 ἐκάστην
3737 4547 3959 4614 ἡμέραν

2306 4643 2619 4710 ὑποδέχεται
2651 4641 2799 4709 έθνη.
2832 4640 2998 4691 Τοῦτο
3036 4640 3140 4707 γὰρ
3175 4638 3264 4688 καὶ
3299 4639 3346 4687 οἱ
3379 4634 3582 4702 πρῶτοι
3614 4633 3719 4684 τῶν
3745 4632 3960 4700 δογμά-

2307 4745 2411 4780 των
2452 4726 2753 4779 διδάσκαλοι
2804 4726 2949 4796 παρά
2995 4724 3085 4776 τοῦ
3138 4721 3466 4787 Μονογενοῦς
3519 4718 3955 4786 ἐκελεύσθησαν,

2307 4815 2502 4883 ταύτην
2527 4814 2722 4876 εὐθέως
2747 4813 3068 4872 ἀκούσαντες
3090 4810 3185 4879 τὴν
3210 4812 3408 4877 φωνήν·
3436 4805 3823 4872 Πορευθέντες
3845 4820 3960 4872 μα-

2308 4900 2629 4963 θητεύσατε
2656 4897 2848 4950 πάντα
2884 4897 2954 4948 τὰ
2979 4895 3138 4959 ἔθνη.
3178 4892 3372 4944 Σκόπει
3404 4893 3460 4943 δέ
3493 4907 3580 4959 μοι
3610 4890 3723 4950 πῶς
3752 4889 3810 4940 οῦ
3849 4889 3957 4958 τὴν

2309 4985 2496 5053 κλῆσιν
2519 4984 2627 5036 τῶν
2654 4983 2816 5035 ἐθνῶν
2845 4983 3057 5050 ᾐνίξατο
3093 4981 3248 5050 μόνον
3286 4982 3313 5030 6
3353 4979 3654 5046 προφήτης,
3692 4975 3824 5028 ἀλλά
3855 4975 3960 5028 καὶ

2308 5072 2404 5138 τὴν
2459 5071 2594 5139 μετά
2636 5069 2934 5139 προθυμίας
2973 5065 3148 5119 αὐτῶν
3197 5065 3460 5132 ὑπακοήν.
3499 5063 3570 5114 Οὐ
3617 5061 3722 5130 γάρ
3772 5056 3957 5125 εἶπεν,

2309 5156 2658 5226 ἀχθήσονται,
2705 5155 2870 5216 ἀλλὰ,
2902 5154 3216 5214 Ἤξουσινο
3255 5152 3388 5218 ὅπερ
3438 5149 3618 5217 ἕτερος
3665 5147 3959 5216 προφήτης

2310 5240 2633 5308 σαφέστερον
2662 5236 3060 5306 ἐνδεικνύμενος
3080 5235 3229 5302 ἔλεγε
3253 5250 3265 5263 ⁸
3293 5233 3395 5286 Καὶ
3419 5234 3488 5285 οὐ
3512 5231 3596 5299 μὴ
3625 5229 3965 5282 διδάξωσιν

2307 5317 2554 5388 ἕκαστος
2586 5326 2687 5376 τὸν
2711 5325 2964 5389 πολίτην
2991 5321 3193 5385 αὐτοῦ,
3231 5320 3328 5372 καί
3360 5319 3611 5382 ἕκαστος
3638 5317 3744 5369 τὸν
3769 5315 3961 5369 ἀδελ-

2305 5411 2421 5479 φύν
2461 5411 2659 5474 αὐτοῦ,
2697 5411 2907 5478 λέγων,
2952 5407 3140 5462 Γνῶθι
3189 5407 3292 5460 τὸν
3319 5406 3554 5471 Κύριον,
3601 5404 3689 5456 ὅτι
3729 5402 3964 5470 πάντες

2305 5498 2616 5561 εἱδήσουσί
2642 5514 2715 5564 με
2752 5497 2865 5548 ἀπὸ
2894 5493 3107 5562 μικροῦ
3136 5493 3243 5556 ἕως
3266 5492 3530 5559 μεγάλου
3566 5488 3779 5542 αὐτῶν.
3825 5488 3964 5542 Ἐπὶ

2310 5585 2405 5653 μὲν
2436 5585 2540 5652 γὰρ
2569 5584 2673 5635 τῶν
2707 5583 2972 5635 Ἰουδαίων
3000 5581 3087 5633 καὶ
3118 5583 3150 5650 ή
3180 5581 3348 5641 κτίσις
3380 5576 3822 5646 ἀνεστοιχειοῦτο,
3854 5578 3966 5632 καὶ

2362 5770 2384 5808 d
2411 5773 2525 5830 Heg.
2555 5770 2605 5816 ού
2629 5767 2899 5824 δυνήσονται
2920 5769 3012 5831 τῶν
3037 5765 3187 5831 αὐτῶν
3223 5764 3470 5831 *Ἰουδαίωκ
3503 5768 3728 5831 ἁρμόσαι,
3766 5779 3957 5829 pupa:

2305 5847 2417 5881 Μαι.
2450 5827 2593 5881 ΞΕΜΙ.
2624 5834 2686 5893 τῷ
2712 5832 2806 5892 ut”?
2832 5831 2920 5875 τῶν
2955 5827 3191 5876 Ἰουδαίων
3215 5828 3434 5887 ἁρμόσαι.
