4156 6312
254 387 337 443 29
1545 365 1608 420 IN
1640 361 1886 426 lSAlAM,
1926 361 2079 416 CAP.
2123 363 2186 416 ll.
3434 396 3506 451 30

245 493 552 560 prophetias
603 489 1000 545 admubrabant.
1048 485 1196 553 Quod
1227 499 1366 539 enim
1404 496 1506 536 non
1534 481 1602 535 de
1630 477 1808 533 Judzea

245 592 301 635 et
321 583 391 637 de
413 579 698 636 Jerusalem
724 595 898 634 sermo
923 587 1079 640 esset,
1115 576 1314 645 singula
1344 575 1478 627 dicta
1506 571 1557 624 in
1585 567 1817 624 medium

246 673 594 736 adducentes,
627 681 866 725 accurate
890 668 1391 723 demonstrabimus.

323 762 460 828 Quid
484 762 757 831 signiﬁcent
789 761 949 821 verba,
983 776 1001 809 ι
1030 760 1080 810 in
1103 756 1380 810 novissimis
1400 753 1571 806 diebus
1593 771 1637 804 ι.
1669 750 1817 804 Mons

259 850 465 904 Domini
506 851 735 904 Ecclesia
778 863 881 913 est;
927 848 1156 902 Ecclesia
1197 856 1371 900 vexata
1421 844 1535 896 vicit
1579 853 1625 896 et
1669 852 1817 895 aucta

248 953 344 992 est.
377 968 447 979 —
486 939 537 992 2.
588 939 696 991 Erit
738 941 787 991 in
833 939 1109 991 novissimis
1145 937 1315 989 diebus
1344 935 1633 1004 manifestus
1676 949 1817 985 mons

253 1029 478 1083 Domini.
504 1030 632 1084 Vide
658 1030 923 1098 prophetae
951 1028 1364 1089 accuratiouem,
1394 1026 1483 1094 qui
1515 1040 1620 1078 non
1646 1024 1817 1078 soluat

251 1139 367 1176 rem
395 1122 554 1186 dicit,
603 1122 694 1176 sed
738 1132 940 1190 tempus
977 1121 1135 1174 etiam
1177 1119 1451 1188 significat.
1499 1117 1647 1184 Quod
1679 1117 1816 1170 enim

248 1215 382 1268 dicit
425 1213 646 1271 Paulus.
693 1213 818 1266 Cum
860 1221 1022 1264 autent
1067 1210 1194 1264 venit
1241 1207 1494 1277 plenitudo
1539 1217 1819 1275 temporum

251 1304 396 1372 (Gal.
435 1305 488 1357 4.
532 1305 613 1370 4),
640 1313 691 1356 et
717 1303 836 1356 alibi
883 1317 1111 1364 rursum,
1144 1298 1210 1352 In
1257 1297 1678 1367 dispensationem
1705 1297 1816 1364 ple-

249 1395 490 1447 nitudinis
519 1403 792 1461 temporum
835 1392 1047 1460 (Ep/tes.
1078 1393 1128 1445 1.
1160 1389 1247 1458 10)
1271 1428 1286 1454 ,
1339 1389 1438 1443 hoc
1466 1389 1542 1443 sic
1567 1388 1816 1456 exprimit

249 1483 537 1550 propheta,
583 1481 648 1534 In
673 1483 948 1535 novissimis
976 1480 1166 1533 diebus.
1199 1479 1427 1532 Montem
1466 1487 1640 1531 autem
1669 1486 1820 1531 vocat

253 1572 543 1626 Eeclesiam
570 1614 584 1637 ,
628 1583 678 1626 et
707 1569 1127 1638 inexpugnabilia
1153 1568 1416 1638 dogmata.
1467 1567 1820 1634 Quemadmo-

247 1661 378 1714 dum
404 1661 543 1716 enim
567 1662 608 1713 si
637 1661 750 1729 quis
765 1660 1014 1713 adversus
1036 1666 1242 1713 montes
1273 1659 1576 1712 innmneros
1606 1657 1820 1725 objiciat

247 1752 510 1804 exercitus
534 1790 549 1814 ,
578 1766 729 1804 arcus
761 1751 1053 1814 tendentes,
1087 1752 1261 1803 hastas
1290 1749 1556 1803 vibrantes
1575 1788 1590 1814 ,
1624 1750 1820 1801 machi-

250 1857 349 1894 nas
377 1841 718 1895 admoventes
741 1881 756 1905 ,
803 1841 917 1894 illos
961 1841 1172 1908 quidem
1211 1839 1356 1893 nullo
1385 1839 1576 1893 damno
1606 1837 1820 1893 afﬁcere

249 1942 514 2000 poterunt,
547 1933 638 1986 sed
661 1943 966 2000 consumpta
995 1933 1204 2001 propria
1223 1930 1523 1984 fortitudine
1541 1931 1814 1985 recedent:

249 2026 329 2075 sic
376 2033 430 2077 et
475 2023 790 2091 quicumque
838 2024 1120 2076 Ecclesiam
1168 2024 1634 2091 impugnaverunt,
1685 2023 1820 2076 hanc

247 2113 461 2176 quidem
510 2127 612 2165 non
659 2113 944 2176 laeserunt,
987 2110 1081 2164 sed
1126 2126 1218 2163 sua
1244 2111 1435 2164 amissa
1465 2113 1694 2179 potentia
1725 2128 1819 2180 pu-

246 2203 379 2254 dore
403 2210 526 2254 sunt
551 2201 740 2264 affecti,
772 2200 894 2253 dum
926 2201 1143 2255 ferirent
1170 2200 1326 2253 soluti
1347 2240 1362 2264 ,
1413 2200 1538 2254 dum
1581 2201 1694 2255 telis
1719 2201 1818 2254 im-

248 2301 489 2358 jmterent
519 2291 787 2356 inﬁrmati,
810 2290 931 2344 dum
957 2305 1172 2361 agerent
1196 2306 1223 2344 a
1255 2291 1571 2361 patientibus
1591 2292 1780 2346 devicti
1802 2312 1815 2348 :

246 2382 338 2450 qui
373 2389 456 2434 est
497 2396 626 2435 sane
672 2381 967 2449 inepiuatus
1012 2382 1242 2435 victoriae
1273 2382 1494 2447 modus,
1525 2399 1681 2452 quem
1711 2398 1816 2438 non

249 2473 492 2528 homines
518 2475 745 2542 assequi,
768 2475 858 2528 sed
893 2474 1028 2527 Deus
1058 2474 1198 2526 solus
1220 2483 1410 2542 potest.
1437 2475 1567 2528 Nam
1592 2485 1735 2529 certe
1765 2477 1815 2529 in

250 2565 488 2619 licdesia
516 2566 752 2619 mirabile
779 2576 892 2630 est,
928 2582 1029 2617 non
1058 2565 1194 2633 quod
1229 2566 1428 2628 vicerit,
1462 2566 1554 2618 scd
1579 2565 1717 2633 quod
1746 2565 1815 2618 ita

249 2655 454 2708 ticerit.
501 2655 725 2725 impulsa
764 2655 936 2717 enim,
985 2664 1192 2720 vexata,
1248 2656 1533 2708 innumeris
1561 2669 1816 2709 concussa

248 2743 444 2808 modis,
475 2757 578 2795 non
608 2743 762 2796 modo
790 2758 890 2795 non
923 2744 1276 2808 minuebatur,
1301 2745 1390 2797 sed
1427 2744 1596 2812 major
1620 2743 1815 2798 evade-

248 2836 361 2899 bat,
406 2842 460 2888 et
501 2849 592 2888 eos
621 2834 710 2902 qui
743 2834 791 2886 id
823 2833 992 2888 facere
1021 2835 1289 2888 tentabant
1332 2834 1575 2904 patiendo
1615 2843 1816 2888 tantum

248 2923 595 2990 pt-ofligabat;
629 2922 681 2977 id
705 2923 840 2991 quod
859 2924 1070 2976 adamas
1099 2924 1236 2976 ferro
1263 2923 1524 2991 impetitus
1539 2923 1814 2984 facit,dum

248 3027 534 3079 percussus
563 3021 762 3064 tantum
791 3013 946 3064 solvit
989 3013 1326 3078 percutientis
1353 3012 1543 3076 robur;
1587 3012 1815 3066 stimuli.

244 3118 354 3166 qne
385 3102 774 3154 calcitrantibus
815 3102 1038 3168 objecti,
1085 3117 1187 3153 non
1219 3102 1515 3155 obtusiores
1546 3102 1666 3157 inde
1691 3102 1814 3156 red-

241 3193 464 3254 duntur,
494 3191 583 3244 sed
614 3191 995 3244 calcitrantiuin
1029 3193 1187 3259 pedes
1213 3203 1508 3248 cruentaut.
1538 3194 1660 3248 ldeo
1687 3210 1815 3249 sane

244 3292 489 3333 montem
515 3280 733 3333 vocavit.
780 3280 931 3346 Quod
971 3282 1012 3334 si
1053 3283 1414 3350 metaphoram
1446 3299 1548 3337 non
1575 3285 1816 3339 admittat

241 3371 495 3432 .lndzeus,
545 3370 883 3424 domesticam
933 3371 1152 3439 accipiat
1209 3375 1641 3428 coafutatiouem.
1701 3375 1816 3442 ipse

245 3462 504 3529 propheta
531 3461 653 3514 dicit
679 3462 827 3530 lupos
859 3471 910 3514 et
934 3478 1097 3532 agnos
1123 3465 1422 3518 communia
1455 3480 1644 3533 pascua
1668 3466 1816 3521 habi-

245 3565 397 3605 turos
421 3594 436 3617 ,
479 3563 532 3606 et
576 3553 767 3606 muscis
807 3553 1099 3622 apibusque
1123 3555 1287 3608 Deum
1317 3556 1648 3611 sibilalurum
1670 3600 1684 3624 ,
1713 3558 1814 3612 flu-

242 3646 495 3712 viumque
515 3646 877 3698 vehementem
893 3645 1238 3699 adducturum
1270 3648 1318 3700 in
1339 3646 1568 3713 Judaaos,
1595 3665 1660 3704 eo
1676 3651 1816 3718 quod

243 3733 349 3799 ipsi
399 3733 592 3786 habere
634 3733 895 3786 noluerint
934 3749 1125 3802 aquam
1152 3735 1348 3789 Siloam
1395 3735 1544 3807 (Isai.
1573 3740 1660 3793 H.
1689 3739 1743 3794 6.
1768 3750 1814 3795 et

242 3823 338 3877 05.
370 3823 476 3886 25;
507 3823 556 3876 7.
593 3823 691 3878 i8:
723 3824 773 3877 8.
805 3824 855 3878 6.
887 3825 959 3892 7).
1011 3824 1140 3891 Qua:
1169 3827 1213 3878 si
1241 3827 1356 3894 quis
1393 3827 1458 3880 ad
1486 3829 1702 3882 verbum
1729 3845 1826 3885 ach

239 3916 481 3982 ceperit,
509 3929 635 3968 sane
665 3917 1005 3985 intelligibilia
1037 3934 1140 3970 non
1184 3929 1309 3973 sunt
1339 3938 1352 3973 :
1386 3937 1568 3975 verum
1610 3933 1818 3992 oportet

241 4021 307 4057 ca
331 4019 449 4071 qua:
470 4005 550 4058 his
570 4006 927 4075 signiﬁcantur
943 4009 1203 4077 accipere,
1234 4011 1411 4079 sicque
1435 4015 1812 4068 sententiarum

239 4099 440 4152 seriem
474 4099 615 4151 varie
658 4098 968 4167 intelligere.
1014 4100 1265 4165 Quaanam
1311 4103 1469 4170 igitur
1508 4104 1589 4157 his
1615 4106 1816 4174 signiti-

240 4187 483 4239 cantur?
529 4186 629 4241 Per
671 4187 821 4256 lupos
848 4199 900 4242 et
935 4204 1131 4258 agnos,
1179 4190 1450 4246 hominum
1486 4209 1664 4248 mores
1693 4211 1812 4250 cum

242 4276 444 4329 ferinos
486 4285 595 4328 tum
629 4286 928 4332 mansuetos
957 4279 1188 4344 indicat;
1240 4296 1334 4349 per
1371 4298 1578 4337 muscas
1599 4325 1613 4348 ,
1644 4286 1814 4354 impu-

240 4364 478 4417 dentiam
498 4364 902 4436 Egyptiorum;
934 4383 1026 4437 per
1051 4369 1286 4436 fluvium,
1318 4373 1617 4428 violentiam
1650 4392 1814 4430 exer-

237 4459 382 4512 citus
412 4459 651 4523 barbari;
697 4477 790 4529 per
816 4461 1011 4516 Siloam
1031 4505 1044 4527 ,
1079 4465 1530 4519 mansuetudinem
1565 4469 1812 4522 modera-

241 4550 550 4612 tionemque
575 4549 709 4618 ejus,
735 4551 824 4618 qui
847 4560 968 4606 tunc
993 4553 1303 4622 imperabat,
1334 4557 1469 4625 regis
1489 4557 1812 4614 Judmorum.

235 4637 515 4708 Nemoque
538 4642 617 4694 vel
638 4657 700 4694 ex
731 4641 1172 4711 insipientioribus
1193 4648 1328 4700 circa
1363 4651 1474 4702 haec
1504 4651 1656 4704 nobis
1681 4667 1810 4706 con-

238 4726 485 4779 tradicet.
514 4729 960 4793 Quemadmodum
993 4735 1147 4801 igitur
1177 4737 1260 4788 illa
1279 4737 1394 4790 aliis
1416 4750 1534 4791 sunt
1566 4757 1812 4808 expressa

237 4815 567 4880 nominibus,
599 4819 676 4870 sic
704 4819 792 4872 ille
822 4821 1072 4874 Ecclesia:
1105 4825 1402 4878 ﬁrmitatem
1425 4867 1438 4889 ,
1472 4829 1811 4883 immobilita~

236 4915 391 4967 tem,
440 4906 850 4975 sublimitatem,
908 4912 1308 4981 inexpugnabile
1364 4918 1562 4982 robur,
1619 4923 1812 4976 montis

236 4994 458 5047 nomine
486 4995 850 5052 subindicavit.
881 5000 946 5053 Et
970 5002 1101 5054 alius
1133 5004 1391 5072 propheta
1423 5007 1540 5061 illos
1569 5010 1655 5077 qui
1679 5027 1808 5066 con-

238 5084 416 5139 fidunt
457 5086 508 5139 in
550 5087 772 5143 Domino
814 5093 976 5146 monti
1006 5106 1307 5165 comparat,
1353 5099 1596 5153 invictam
1627 5117 1810 5158 eorum

237 5175 604 5232 fortitudinem
626 5182 908 5236 ostendens
939 5184 1104 5254 (Psal.
1143 5187 1257 5240 lii.
1294 5190 1366 5258 1).
1404 5190 1721 5262 Manifestus.
1760 5194 1813 5249 ld

233 5268 385 5318 nulla
415 5266 661 5336 deinceps
689 5269 1116 5338 interpretatione
1138 5277 1349 5347 indiget.
1384 5279 1469 5333 Sic
1495 5281 1604 5348 ipsa
1636 5299 1810 5338 rerum

233 5368 430 5409 natura
478 5359 598 5412 tuba
642 5359 915 5415 clariorem
964 5366 1155 5419 emittit
1205 5383 1419 5434 vocem,
1474 5371 1808 5438 splendorem

230 5451 527 5504 ostendens
569 5451 836 5508 Ecclesiae.
891 5456 1096 5510 Etenim
1128 5474 1298 5528 neque
1340 5463 1417 5515 sol
1461 5462 1528 5516 ita
1574 5464 1810 5530 splendi-

219 5536 336 5605 dus
363 5579 378 5600 ,
409 5553 581 5608 neque
609 5542 721 5611 ejus
747 5544 831 5597 lux
875 5545 942 5598 ita
969 5549 1112 5600 clara
1132 5535 1327 5611 estiut
1354 5561 1476 5605 sunt
1506 5568 1590 5607 res
1616 5555 1680 5607 ad
1713 5558 1812 5609 Ec-

224 5622 816 5708 clesiam‘spcctautCS.
865 5635 998 5690 Nam
1027 5638 1218 5693 Domus
1250 5639 1343 5694 Dei
1390 5659 1542 5713 supra
1585 5647 1810 5701 verticem

231 5721 504 5775 marinum.
529 5727 535 5732 ’

1993 475 2042 529 3.
2066 476 2342 544 Quomodo
2361 475 2476 533 hac
2495 476 2870 550 interpretatus
2893 482 3048 538 fuerit
3071 487 3319 543 Judtcus?
3343 492 3505 547 'l‘em-

1922 569 2064 636 plum
2107 569 2250 622 enim
2291 585 2395 623 non
2436 580 2518 626 est
2563 585 2720 642 supra
2769 578 3018 630 verticem
3059 581 3316 635 montium
3350 602 3364 637 :
3399 583 3503 639 Ec-

1922 661 2095 714 clesize
2124 671 2299 715 autem
2333 671 2564 731 potestas
2605 667 2746 734 ipsos
2781 669 2988 737 attingit
3024 672 3204 727 eachis.
3249 675 3311 728 Et
3354 681 3502 745 quasi

1921 749 2111 804 domus
2148 766 2305 820 supra
2348 754 2598 808 verticem
2647 757 2902 811 montium
2945 761 3112 826 posita
3153 764 3399 819 omnibus
3425 776 3507 820 est

1924 839 2220 906 manifesta,
2252 843 2330 897 sic
2357 852 2411 897 et
2438 846 2605 899 multo
2633 847 2798 916 magis
2827 851 3074 904 omnibus
3101 856 3380 922 constiicua
3411 856 3506 909 ho-

1923 932 2152 986 minibus
2191 933 2278 986 illa
2318 936 2504 990 evasit.
2549 935 2616 989 Et
2653 939 2956 1014 exaltabitur
2993 959 3143 1010 super
3177 946 3350 1001 colles.
3397 949 3507 1004 Hoc

1924 1023 2092 1092 ipsum
2121 1038 2304 1078 rursus
2334 1025 2706 1096 interpretatus
2726 1039 2826 1096 est,
2857 1033 2994 1100 quod
3021 1036 3215 1106 templo
3238 1038 3325 1092 illo
3351 1055 3506 1095 num-

1922 1126 2079 1180 quam
2109 1113 2364 1183 contigit,
2393 1131 2566 1186 neque
2592 1133 2712 1173 cum
2741 1121 2967 1176 maxime
3000 1122 3188 1181 ﬂorere
3213 1129 3497 1186 videretur.

1923 1201 2199 1266 Quomodo
2221 1204 2362 1258 enim
2389 1205 2456 1260 de
2480 1209 2676 1278 templo
2702 1210 3100 1281 intelligeretur,
3121 1217 3262 1285 quod
3283 1219 3351 1275 ab
3376 1221 3502 1290 ipsis

1923 1291 2120 1346 Judaeis
2149 1307 2291 1361 smpe
2318 1293 2757 1366 inhonorabatur,
2786 1300 3234 1376 barbarorumque
3261 1311 3503 1368 manibus

1923 1383 2269 1440 diruebatur?
2316 1387 2568 1444 Ecclesiae
2617 1400 2791 1446 autem
2842 1394 3094 1451 fortitudo
3140 1399 3504 1460 vehementius

1923 1477 2220 1547 saepiusque
2248 1494 2404 1548 quam
2436 1484 2687 1550 templum
2719 1485 3017 1555 impugnata
3047 1489 3144 1544 fuit
3174 1508 3186 1543 :
3217 1507 3500 1563 numquam

1925 1582 2050 1622 vero
2083 1570 2243 1623 cessit
2280 1585 2340 1625 se
2379 1573 2792 1642 Oppugnautium
2822 1578 3093 1646 manibus,
3124 1582 3216 1636 sed
3244 1583 3505 1642 excelsior

1925 1660 2282 1730 iliustriorque
2309 1664 2543 1718 maxime
2563 1663 2630 1718 ab
2653 1664 2888 1722 hostibus
2913 1667 3047 1724 facta
3069 1679 3170 1727 est.
3195 1673 3344 1730 Tunc
3365 1691 3504 1731 mar-

1927 1758 2098 1819 tyrum
2129 1761 2321 1817 coetus,
2349 1761 2471 1807 tunc
2494 1756 2854 1811 confessorem
2883 1761 3185 1831 multitudo,
3214 1773 3336 1821 tunc
3361 1765 3502 1825 ferro

1925 1841 2184 1897 ﬁrmiores
2204 1843 2395 1898 anima:
2417 1846 2853 1915 ostendebantur,
2883 1850 3112 1922 ipsisque
3134 1855 3299 1912 stellis
3323 1859 3500 1927 splen-

1923 1932 2155 1988 didiores
2196 1945 2379 2000 erant,
2415 1937 2644 1991 concisis
2680 1940 3020 2009 corporibus,
3054 1944 3244 2000 animis
3283 1948 3500 2005 minime

1924 2023 2105 2088 victis,
2136 2025 2230 2078 sed
2267 2024 2598 2081 vincentibus
2637 2037 2691 2082 et
2725 2032 3009 2087 coronatis.
3037 2033 3166 2099 Quis
3193 2035 3350 2104 vidit,
3380 2040 3501 2109 quis

1922 2113 2122 2166 audit-it
2148 2114 2346 2169 caulem
2376 2124 2586 2184 gestare
2619 2133 2891 2187 coronam,
2918 2121 3299 2192 jugulatiouem
3329 2129 3497 2184 victo-

1923 2204 2054 2258 riam
2087 2215 2474 2275 reportautem,
2508 2220 2736 2282 tuncque
2762 2216 3048 2270 exercitum
3086 2220 3496 2288 splendidiorem

1922 2295 2188 2362 effectum,
2220 2313 2340 2352 cum
2371 2300 2551 2368 plures
2580 2301 2674 2356 visi
2701 2312 2825 2357 sunt
2846 2305 2914 2359 ab
2939 2305 3176 2364 hostibus
3200 2311 3464 2382 jugulari?

2003 2385 2240 2441 Validam
2264 2400 2439 2443 contra
2466 2390 2674 2447 Judwos
2705 2395 2876 2448 telum.
2900 2426 2969 2436 —
2991 2397 3055 2450 Et
3079 2402 3272 2455 venient
3295 2404 3363 2456 ad
3387 2422 3497 2458 eam

1922 2494 2091 2531 omnes
2135 2490 2324 2548 gentes.
2367 2480 2655 2551 Progressu
2699 2485 2894 2539 clarior
2937 2487 3161 2543 efﬁcitur
3199 2493 3451 2561 propheta
3478 2536 3492 2560 ,

1922 2584 2221 2623 sermonem
2273 2572 2440 2640 magis
2489 2573 2715 2644 retegit,
2765 2576 3237 2649 dilucidioremque
3283 2583 3498 2641 exhibet

1924 2659 2288 2727 prephetiam,
2329 2665 2732 2732 accuratiusque
2778 2665 3080 2723 Judacorum
3124 2673 3331 2726 consuit
3378 2689 3492 2730 ora.

1921 2749 2032 2804 lloc
2061 2752 2231 2816 enim,
2274 2753 2480 2807 etiamsi
2518 2754 2803 2810 admodum
2848 2760 3176 2828 impudentes
3210 2765 3348 2833 sint,
3390 2783 3493 2822 nou

1924 2849 2168 2906 poterunt
2193 2841 2258 2895 ad
2289 2841 2540 2912 templum
2567 2861 2716 2900 suum
2746 2849 2964 2905 referre.
2999 2855 3065 2906 At
3092 2855 3232 2910 enim
3263 2857 3496 2926 prohibi-

1924 2941 2031 2983 tum
2054 2942 2186 2997 erat,
2213 2932 2370 3002 idque
2389 2936 2784 2992 accuratissime
2804 2939 3198 3009 observabatur,
3223 2961 3289 3000 ne
3312 2958 3496 3016 gentes

1922 3021 1974 3074 in
2013 3023 2264 3091 templum
2299 3024 2596 3080 introirent.
2641 3027 2840 3098 Ecquid
2881 3031 3000 3087 dico
3035 3034 3087 3088 in
3126 3038 3374 3106 templum
3410 3039 3496 3095 iu-

1922 3113 2083 3166 troire
2108 3153 2122 3178 ,
2167 3117 2378 3182 quando
2420 3118 2548 3186 ipsis
2594 3119 2677 3173 lex
2720 3135 2839 3174 cum
2888 3126 3030 3192 gravi
3072 3125 3497 3188 iuterminatione

1921 3203 2233 3269 prohibebat
2269 3221 2336 3259 ne
2365 3221 2485 3259 cum
2515 3209 2760 3276 gentibus
2797 3215 3297 3285 commiscerentur,
3326 3231 3376 3275 et
3402 3238 3497 3277 cx-

1922 3301 2117 3346 trcmas
2145 3293 2210 3347 de
2241 3293 2323 3348 his
2361 3296 2605 3366 exigebat
2643 3301 2858 3367 poenas?
2893 3300 3049 3358 Certe
3090 3307 3343 3376 propheta
3389 3313 3498 3381 Ag-

1919 3401 2063 3454 gmus
2091 3395 2254 3440 totam
2291 3387 2390 3441 hac
2424 3389 2476 3441 in
2509 3405 2568 3443 re
2601 3406 2750 3444 suam
2782 3398 3105 3465 consumpsit
3137 3401 3498 3470 prophetiam,

1922 3476 2189 3543 incusans,
2218 3478 2569 3543 comminans,
2603 3494 2786 3548 ptenas
2816 3494 3058 3552 repetens
3083 3486 3149 3541 de
3179 3489 3355 3543 illicita
3385 3491 3498 3546 afﬁ-

1921 3568 2104 3622 nitate.
2151 3571 2219 3622 At
2265 3579 2442 3624 nostra
2489 3570 2611 3624 talia
2657 3587 2762 3626 non
2801 3584 2954 3639 sunt,
2983 3577 3077 3631 sed
3115 3579 3348 3637 Ecclesia
3379 3598 3497 3640 cum

1921 3664 2063 3715 omni
2093 3663 2340 3718 facilitate
2369 3665 2542 3718 sinum
2583 3681 2737 3720 suum
2777 3670 3111 3738 expandens,
3142 3673 3344 3741 supinis
3382 3691 3497 3729 ma;

1923 3753 2074 3806 uibus
2097 3768 2284 3808 onmes
2305 3754 2448 3808 orbis
2477 3757 2633 3811 totius
2657 3767 2840 3827 gentes
2867 3761 3100 3828 quotidie
3125 3765 3360 3833 suscipit.
3386 3766 3498 3822 Hoc

1921 3847 2059 3899 enim
2087 3848 2237 3915 primi
2265 3848 2338 3903 illi
2365 3848 2670 3919 dogmatum
2692 3851 2933 3907 doctores
2959 3855 3024 3907 ab
3047 3853 3324 3923 Unigeuito
3349 3874 3497 3910 nian-

1921 3938 2100 3993 datum
2138 3950 2492 4009 acceperunt,
2530 3941 2626 3995 hac
2668 3942 2845 3996 statim
2887 3944 3059 3997 audita
3103 3960 3228 4000 voce
3264 3964 3274 3997 :
3310 3947 3496 4001 Euntes

1921 4032 2088 4081 docete
2118 4046 2285 4083 omnes
2321 4041 2488 4100 gentes
2519 4032 2536 4098 (
2563 4031 2748 4084 Matth.
2787 4031 2878 4087 28.
2909 4033 3031 4104 l9).
3067 4035 3297 4090 Advorte
3323 4047 3497 4092 autem

1920 4121 2186 4189 quomodo
2217 4135 2318 4175 non
2351 4131 2548 4175 tantum
2579 4123 2907 4176 vocationem
2938 4125 3170 4193 gentimn
3204 4127 3499 4182 subindica-

1920 4215 1994 4265 vit
2032 4215 2284 4284 propheta
2304 4257 2317 4278 ,
2348 4215 2441 4269 sed
2469 4216 2625 4268 etiam
2654 4230 2834 4269 earum
2868 4227 3162 4286 promptam
3191 4227 3243 4272 et
3269 4219 3497 4273 alacrem

1921 4304 2342 4374 obsequentiam.
2370 4305 2482 4360 Non
2511 4307 2652 4360 enim
2681 4306 2830 4372 dixit,
2863 4307 3220 4371 Adducentur,
3250 4309 3364 4372 sed,
3404 4308 3499 4362 Ve-

1921 4396 2054 4448 nient
2083 4411 2100 4447 :
2129 4396 2177 4448 id
2217 4395 2357 4464 quod
2396 4397 2531 4450 alius
2570 4395 2823 4463 propheta
2862 4395 3054 4448 clarius
3091 4396 3377 4450 ostendens
3415 4397 3499 4451 di-

1920 4489 2073 4542 cebat
2097 4507 2107 4540 :
2135 4487 2202 4540 Et
2232 4504 2329 4540 non
2357 4486 2599 4540 docebunt
2625 4487 2959 4554 unusquisque
2984 4487 3233 4539 concivem
3263 4505 3428 4549 suum,
3454 4499 3502 4542 et

1921 4581 2252 4648 unusquisque
2280 4579 2488 4645 fratrem
2515 4593 2658 4630 suum
2687 4577 2885 4643 dicens,
2914 4577 3167 4647 Cognosce
3192 4578 3497 4645 Dominum,

1919 4675 2036 4740 quia
2064 4687 2232 4724 omnes
2266 4671 2420 4723 scient
2453 4686 2531 4722 me
2564 4686 2594 4722 a
2629 4687 2780 4738 paruo
2810 4686 2964 4740 usque
2989 4673 3057 4725 ad
3085 4690 3319 4742 maguum
3347 4673 3493 4740 (Jer.

1920 4764 2004 4816 51.
2047 4761 2174 4830 54).
2208 4761 2357 4827 Quod
2395 4760 2460 4814 ad
2499 4761 2712 4815 Judaeos
2753 4763 2893 4816 enim
2934 4764 3204 4831 spectabat
3239 4775 3497 4818 creatura:

1918 4851 2156 4906 ordinem
2196 4865 2346 4905 suum
2386 4852 2659 4906 mutabant
2689 4853 2785 4924 (τι),
2814 4852 3034 4906 aderant
3062 4851 3366 4922 frequentes
3396 4855 3495 4906 mi-

1920 4960 2022 5007 ηαξ,
2055 4944 2311 5014 supplicia
2335 4943 2571 5009 assidua,
2600 4943 2786 4997 crebra
2816 4943 3084 5006 miracula,
3119 4943 3493 5012 prophetarum

1919 5037 2220 5099 discursus,
2254 5035 2571 5105 legislatoris
2610 5035 2800 5099 timor,
2834 5033 3287 5090 interminationes
3324 5035 3495 5091 bello-

1983 5196 2054 5256 (a)
2091 5195 2146 5243 In
2168 5200 2346 5256 Crteco,
2367 5202 2666 5256 umquam.
2695 5191 2901 5256 Obscura
2928 5191 3054 5256 cocis
3077 5192 3379 5256 srguiﬁcatio.
3401 5194 3496 5242 'I‘il-

1919 5250 2119 5305 manuus
2143 5250 2339 5324 vertit;
2354 5250 2577 5324 creatura
2601 5250 2745 5300 etiam
2784 5253 2888 5324 ipsa
2925 5250 2974 5323 in
3007 5250 3242 5324 primaria
3267 5253 3496 5324 elementa

1918 5319 2122 5367 resoluta
2147 5322 2231 5364 est.
2258 5315 2338 5361 Hic
2360 5320 2522 5361 autem
2538 5325 2698 5361 sermo
2724 5322 2799 5361 cst
2816 5312 2878 5361 de
2897 5312 3064 5374 signis,
3087 5316 3495 5375 castigationibus,

1919 5380 2122 5440 aliisque
2145 5377 2201 5424 ad
2221 5375 2409 5422 Judaeos
2427 5375 2816 5435 praevaricatores
2833 5375 3302 5482 perterrefaciendos
3324 5377 3496 5422 immis-

1919 5444 2014 5482 sis:
2042 5448 2110 5482 ut.
2126 5436 2337 5482 exeinnli
2355 5447 2514 5482 causa.
2534 5447 2641 5482 cum
2663 5443 2811 5482 terra;
2849 5443 2964 5482 nam
2989 5436 3109 5482 Core
3135 5443 3185 5482 et
3201 5435 3398 5482 asseclte
3417 5437 3496 5482 ab.

1918 5444 2014 5499 sis;
2042 5435 2110 5497 in,
2126 5436 2337 5505 exempli
2355 5447 2514 5505 causa,
2534 5447 2641 5505 cum
2663 5443 2821 5505 terr-te
2833 5435 2964 5483 hiatu
2989 5436 3109 5486 Core
3135 5443 3185 5505 et
3201 5435 3401 5505 asseclte
3417 5437 3496 5505 ab.

1919 5455 2014 5499 sus;
2042 5450 2110 5497 ut,
2126 5450 2337 5544 exempti
2355 5450 2514 5492 causa,
2534 5450 2641 5482 cum
2663 5450 2811 5484 terra:
2833 5450 2964 5483 mam
2989 5450 3109 5486 core
3135 5450 3185 5483 et
3201 5450 3401 5505 assecuta
3417 5450 3493 5508 an.

1919 5503 2066 5561 sorpti
2092 5506 2270 5561 sunt,_a
2293 5498 2422 5561 iique
2447 5497 2562 5557 igne
2586 5498 2842 5558 absumpti,
2867 5510 2972 5561 cum
2990 5501 3248 5561 serpentes
3279 5508 3493 5553 immisSt,

1918 5556 2026 5612 cum
2050 5559 2267 5610 Samuele
2292 5556 2605 5607 co’ncionante
2629 5556 2776 5607 voces
2801 5567 2850 5606 ct
2891 5557 3062 5618 pluviae
3085 5556 3207 5604 data:
3231 5564 3360 5618 sunt,
3385 5570 3494 5618 quae

1921 5623 2144 5686 pepultun
2176 5625 2552 5686 exterrueruut;
2593 5633 2688 5668 uno
2705 5620 2860 5686 _verbo
2895 5617 3000 5686 cum
3036 5625 3215 5665 naturae
3252 5617 3493 5667 elementa

1921 5681 2136 5733 ordinem
2159 5694 2298 5729 suum
2323 5681 2592 5738 mutabant;
2621 5689 2671 5729 et
2703 5682 2792 5728 hoc
2824 5683 2961 5728 titulo
2985 5693 3166 5739 vocem,
3192 5690 3490 5742 ἀνιστοιιυοῡιυ.

1927 5746 2216 5798 reddendam
2240 5754 2352 5791 esse
2379 5743 2532 5791 visum
2556 5743 2694 5794 nobis
2717 5749 2807 5793 est.
