4156 6312
641 343 702 396 31
1372 342 1423 397 S.
1460 342 1733 399 JOANNlS
1769 342 2237 400 CIIRYSOSTOMI
2276 344 2587 403 ARCIIIEP.
2628 348 3149 408 CONSTANTINOP.

641 469 754 508 ium
775 494 790 520 ,
820 454 1160 509 barbarorum
1189 456 1546 523 incursiones,
1575 473 1603 511 a
1633 459 1739 513 Deo
1766 459 2013 512 immissa:
2039 458 2206 511 vindi-

638 555 756 611 ctae,
786 547 1156 616 castigationes
1182 564 1244 601 ex
1272 548 1413 601 carlis
1444 550 1664 603 invectae
1688 566 1700 601 ε
1727 548 2112 618 manebantque
2133 549 2204 602 illi

636 637 766 690 dura
794 639 1000 691 cervice
1028 648 1081 691 et
1123 638 1493 705 ineircumcisi,
1522 647 1577 693 ut
1611 639 1684 692 ait
1720 637 2040 707 Stephanus,
2071 652 2206 706 pra:-

636 732 785 785 fracti
808 774 821 794 .
849 740 901 785 et
926 732 1140 787 difficile
1178 732 1593 801 cedentes(Act.
1617 731 1670 786 7.
1696 733 1787 799 51)
1813 748 1827 795 ;
1864 731 1931 783 ad
1971 731 2203 800 gentium

638 838 767 878 vero
792 820 1167 894 [vocationem]
1196 824 1325 877 satis
1349 822 1445 877 fuit
1469 824 1676 878 unicum
1703 831 1963 891 tenueque
1984 820 2203 876 verbum

631 915 914 980 audivisse,
942 925 997 969 et
1024 930 1209 970 omnes
1233 914 1509 970 confestim
1530 923 1889 971 accurrerunt.
1910 914 2060 983 Quod
2080 914 2203 969 sub-

592 1026 595 1033 '
632 1008 867 1063 indicans
900 1008 1059 1062 David
1088 1007 1296 1063 dicebat
1329 1026 1343 1061 :
1375 1007 1633 1077 Populus,
1660 1024 1806 1077 quem
1833 1023 1935 1061 non
1963 1007 2200 1077 cognovi,

628 1098 824 1151 servivit
864 1098 987 1151 mihi
1014 1098 1033 1168 (
1056 1096 1201 1152 Psal.
1238 1100 1325 1153 i7.
1366 1098 1501 1169 45);
1540 1107 1594 1153 et
1636 1099 1850 1152 modum
1888 1098 2201 1153 obedientite

627 1190 893 1243 admirans
935 1190 1244 1258 subjiciebat
1273 1208 1286 1243 :
1318 1190 1385 1243 In
1422 1192 1597 1243 auditu
1636 1191 1774 1244 auris
1808 1191 2021 1245 abedivit
2055 1190 2196 1242 mihi.

628 1279 739 1334 lloc
770 1282 937 1349 ipsum
969 1293 1022 1336 et
1048 1281 1211 1336 Jacob
1246 1282 1578 1352 aenigmatico
1605 1298 1752 1338 more
1785 1284 2060 1339 declarans
2088 1285 2198 1337 aie-

627 1370 715 1424 bat
742 1388 757 1424 :
785 1368 972 1441 Ligans
1000 1371 1067 1424 ad
1104 1372 1295 1425 vineam
1338 1372 1534 1442 pullum
1564 1390 1744 1439 suum,
1778 1383 1825 1427 et
1849 1374 1918 1427 ad
1940 1375 2198 1427 surculum

627 1460 823 1530 pullum
852 1464 1009 1517 asina:
1036 1478 1141 1517 sua:
1169 1462 1319 1535 (Gen.
1348 1464 1439 1519 b9.
1472 1466 1583 1535 ll).
1612 1467 1680 1520 At
1702 1466 1820 1535 quis
1846 1466 1971 1520 vidit
1997 1467 2196 1535 pullum

626 1552 788 1607 asinae
832 1553 1045 1608 surculo
1081 1554 1352 1624 alligatum
1382 1565 1435 1610 et
1462 1555 1630 1611 vinem
1655 1557 1947 1611 adstantem
1968 1598 1983 1623 ,
2010 1566 2063 1611 et
2092 1557 2198 1611 fru-

626 1652 766 1695 ctum
799 1657 901 1697 non
942 1645 1369 1711 pessumdantcm
1392 1646 1415 1699 ?
1442 1646 1495 1700 lu
1528 1646 1692 1700 brutis
1718 1647 1929 1716 quidem
1960 1648 2192 1714 minime,

625 1732 676 1784 in
704 1731 1005 1788 hominibus
1028 1742 1205 1790 autem
1229 1736 1279 1790 id
1305 1752 1427 1791 vere
1451 1746 1504 1792 et
1528 1739 1699 1806 reipsa
1728 1739 2002 1807 contingit.
2032 1739 2195 1795 Judzni

626 1836 853 1893 namque
883 1824 1178 1882 innumeris
1214 1828 1445 1899 colligati
1484 1830 1701 1885 vinculis
1722 1871 1737 1896 ,
1773 1830 1955 1901 jugum
1980 1831 2191 1887 confre-

621 1926 845 1982 gcrunt,
874 1918 1140 1973 vinculum
1169 1918 1507 1988 disruperunt
1528 1961 1544 1987 ,
1576 1930 1633 1975 ut
1663 1922 1737 1976 ait
1769 1922 2023 1992 propheta
2051 1922 2192 1994 (Jer.

622 2004 674 2059 5.
698 2006 786 2075 5);
814 2018 996 2077 gentes
1024 2018 1197 2064 autem
1225 2011 1368 2066 nulla
1394 2012 1553 2067 simili
1573 2014 1830 2083 colligata:
1855 2016 2190 2082 necessitate,

622 2106 864 2165 prompte
901 2098 1242 2164 obedierunt,
1274 2102 1423 2171 quasi
1459 2103 1633 2173 pullus
1668 2106 1881 2159 surculo
1908 2106 2150 2175 alligatus
2172 2148 2188 2173 ,

620 2197 671 2239 et
697 2202 761 2240 ex
788 2190 1062 2257 pncceptis
1089 2191 1214 2244 nihil
1245 2192 1735 2260 pessumdederunt,
1760 2195 1851 2249 sed
1877 2195 2191 2251 adstiterunt

620 2279 837 2332 multam
877 2278 1188 2335 exhibentes
1224 2282 1641 2351 obsequentiam.
1675 2286 1726 2339 ὅ.
1758 2284 1821 2336 Et
1849 2285 1988 2338 ibunt
2015 2286 2190 2355 populi

619 2370 783 2435 multi,
811 2380 856 2424 et
885 2371 1047 2425 dicent
1073 2387 1091 2425 :
1121 2369 1310 2437 Venite,
1334 2384 1379 2426 et
1404 2374 1730 2429 ascendamus
1751 2376 1819 2428 ad
1844 2386 2057 2430 montem
2081 2377 2187 2430 Do-

619 2462 772 2528 mini,
802 2472 847 2516 et
873 2463 940 2515 ad
967 2463 1170 2517 domum
1195 2464 1289 2518 Dei
1323 2464 1501 2519 Jacob.
1531 2466 1664 2522 Vide
1692 2467 1914 2524 choreas
1936 2478 2184 2540 agentes,

618 2562 670 2605 et
695 2551 827 2607 festa
857 2552 1188 2609 celebrantes
1205 2594 1219 2618 ,
1246 2564 1299 2609 et
1327 2556 1459 2610 alter
1481 2556 1703 2611 alterum
1736 2557 2006 2613 hortantes
2027 2600 2043 2625 ,
2071 2575 2183 2614 om-

618 2654 815 2712 nosque
840 2643 890 2697 in
918 2644 1163 2699 doctores
1185 2660 1470 2700 conversos
1496 2663 1510 2700 :
1536 2662 1706 2717 neque
1728 2663 1905 2714 unam,
1929 2649 2012 2704 vel
2033 2650 2183 2715 duas,

620 2733 697 2787 vel
746 2743 851 2787 tres
875 2774 891 2800 ,
930 2733 1023 2788 sed
1063 2735 1254 2788 multas
1292 2746 1478 2804 gentes
1514 2746 1912 2793 concurrentes.
1962 2739 2187 2793 Venient

615 2825 785 2889 enim,
819 2825 1017 2893 inquit,
1050 2826 1227 2895 populi
1254 2827 1403 2880 multi
1429 2836 1481 2880 et
1508 2841 1574 2880 ex
1602 2827 1823 2882 diversis
1852 2828 2014 2894 locis,
2044 2830 2184 2898 quod

615 2914 750 2985 apud
776 2914 986 2970 .Iudzeos
1012 2932 1296 2985 numquam
1324 2919 1543 2986 contigit
1571 2935 1585 2971 :
1612 2918 1705 2973 sed
1743 2918 1788 2973 si
1825 2919 1913 2988 qui
1947 2934 2185 2975 accesse-

614 3015 767 3072 runt,
793 3005 847 3061 hi
891 3008 1039 3075 pauci
1075 3018 1229 3062 erant
1271 3009 1520 3080 prosclyti
1540 3050 1557 3075 ,
1584 3018 1637 3064 et
1664 3010 1715 3063 hi
1743 3024 1862 3065 cum
1893 3012 2061 3065 multo
2089 3025 2181 3066 nco

611 3096 775 3165 gotio,
807 3106 861 3151 et
897 3114 1181 3167 numquam.
1207 3108 1391 3168 gentes
1419 3101 1587 3154 vocati
1618 3110 1761 3166 sunt,
1790 3101 1883 3156 sed
1911 3103 2180 3173 proselyti.

613 3186 867 3258 Proselyti
891 3190 1029 3243 enim
1057 3191 1125 3243 ad
1150 3200 1195 3244 te
1219 3192 1514 3258 transibunt,
1537 3203 1583 3246 et
1607 3202 1750 3247 erunt
1771 3194 1858 3247 tibi
1879 3196 2009 3249 servi
2032 3194 2180 3265 (lsai.

610 3279 699 3333 bl.
731 3280 851 3347 l5),
880 3279 1067 3347 inquit.
1096 3281 1245 3347 Quod
1272 3283 1315 3336 si
1348 3283 1397 3335 in
1430 3283 1736 3352 metaphora
1774 3286 2021 3352 persistat
2060 3302 2183 3354 pro-

612 3367 767 3436 pheta
788 3408 803 3431 ,
835 3377 1066 3423 montem
1098 3371 1366 3439 appellans
1406 3363 1712 3426 et’domum
1753 3373 1844 3428 Dei
1886 3374 2084 3439 Jacob,
2117 3391 2184 3430 ne

611 3458 838 3513 mireris.
865 3458 1014 3524 Quod
1041 3460 1179 3513 enim
1201 3460 1307 3528 jam
1336 3460 1463 3527 dixi,
1494 3462 1649 3516 modo
1676 3463 1785 3518 fere
1808 3465 1996 3533 aperit,
2026 3466 2183 3521 modo

611 3548 888 3604 adumbrat
929 3550 1254 3619 prophetiam
1282 3569 1297 3616 ;
1325 3552 1452 3607 illud
1477 3553 1688 3622 quidem
1708 3593 1723 3617 ,
1750 3569 1855 3624 quo
1881 3555 2184 3623 prudentio-

610 3639 757 3697 ribus
785 3642 1114 3695 occasionem
1160 3643 1426 3711 prsebeat,
1464 3654 1523 3698 ut
1557 3660 1675 3715 qua:
1712 3644 1960 3701 dicuntur
1986 3648 2183 3703 intelli-

612 3738 769 3795 gant;
801 3728 901 3783 hoc
925 3739 1132 3799 autem,
1161 3742 1219 3786 ut
1252 3734 1577 3801 ingratorum
1605 3736 1983 3792 tumultuosum
2013 3738 2184 3807 impe-

616 3827 725 3872 tum
753 3828 996 3875 coerceat
1022 3837 1036 3874 :
1065 3831 1118 3876 et
1145 3822 1337 3893 ubique
1370 3839 1671 3881 sermonem
1700 3828 1888 3881 variat.

684 3912 737 3963 4.
769 3910 823 3965 Si
853 3920 1028 3966 autem
1068 3913 1217 3980 dixit,
1248 3916 1468 3971 Domum
1504 3917 1606 3972 Dei
1632 3917 1811 3987 Jacob,
1840 3936 1907 3977 ne
1935 3922 2181 3988 turberis,

614 3998 806 4055 dilecte
830 4019 843 4054 :
874 4004 1068 4059 etenim
1090 4008 1389 4076 unigenitus
1419 4010 1511 4064 Dei
1540 4010 1676 4066 ﬁlius
1697 4012 1835 4067 Deus
1861 4012 2025 4070 Jacob
2049 4026 2181 4070 erat.

615 4092 732 4160 lpse
756 4093 899 4147 enim
920 4105 974 4149 et
1002 4096 1170 4167 legem
1193 4098 1358 4164 dedit,
1380 4110 1434 4155 et
1459 4104 1633 4157 omnia
1654 4106 1793 4173 apud
1815 4121 1907 4161 eos
1933 4109 2185 4163 miracula

617 4182 806 4237 edidit:
832 4184 881 4238 id
904 4188 1044 4254 quod
1073 4189 1266 4257 exipso
1293 4192 1520 4247 maxime
1544 4193 1720 4249 Veteri
1743 4197 2080 4253 Testamento
2108 4199 2186 4253 vi-

616 4278 741 4331 dere
764 4287 844 4332 est
870 4297 882 4332 :
906 4278 1033 4333 Novi
1060 4282 1252 4351 quippe
1278 4283 1597 4339 Testamenti
1623 4288 1763 4340 nulla
1786 4290 1921 4342 ratio
1942 4300 2021 4344 est
2048 4292 2186 4359 apud

616 4367 846 4421 Judmos.
879 4369 1134 4425 Jeremias
1180 4373 1339 4444 igitur
1381 4374 1499 4427 ait:
1533 4374 1811 4444 Disponam
1858 4378 1992 4435 vobis
2039 4390 2188 4433 testa-

614 4468 833 4510 mentum
852 4477 1063 4525 rnovum,
1090 4480 1187 4515 non
1227 4466 1500 4517 secundum
1525 4474 1891 4534 testamentum,
1917 4471 2049 4537 quod
2079 4471 2185 4524 dis-

615 4547 761 4612 posui
787 4550 1006 4613 patribus
1054 4555 1223 4607 vestris
1265 4554 1416 4622 (Jer.
1446 4557 1535 4611 3i.
1582 4558 1668 4612 3i.
1718 4558 1853 4628 32);
1899 4559 2188 4616 ostendens

617 4636 789 4695 ipsum
812 4652 929 4691 esse
969 4642 1241 4709 utriusque
1266 4645 1639 4713 legislatorem.
1670 4647 1801 4713 Quia
1830 4664 1956 4704 vero
1985 4652 2097 4719 ipse
2123 4667 2189 4706 ex

616 4724 846 4795 Aﬂgypto
873 4727 991 4782 illos
1018 4731 1229 4798 eripuit,
1256 4732 1457 4785 addidit
1484 4752 1499 4786 :
1527 4734 1595 4787 In
1634 4737 1716 4789 die
1748 4755 1849 4803 qua
1880 4742 2189 4807 apprehendi

616 4832 820 4869 manuni
860 4834 1047 4883 eorum,
1081 4830 1133 4872 ut
1160 4822 1414 4874 educerem
1448 4838 1531 4877 eos
1563 4824 1627 4875 de
1651 4835 1782 4876 terra
1812 4827 2030 4896 Αζρῃριὶ
2059 4829 2188 4895 (lbi-

618 4907 782 4978 tlem).
836 4909 984 4975 Quod
1012 4912 1056 4964 si
1090 4912 1200 4979 ipse
1226 4911 1427 4977 eduxit,
1477 4913 1634 4968 etiam
1667 4915 1778 4978 ipse
1810 4916 1897 4966 illa
1930 4920 2105 4970 omnia
2136 4921 2188 4973 in

619 5000 853 5071 Egypto
872 5014 924 5057 et
950 5005 1001 5057 in
1027 5004 1242 5060 deserto
1263 5005 1517 5060 miracula
1548 5007 1792 5076 patravit.
1823 5004 1891 5060 Et
1919 5010 2191 5062 annuntia-

620 5092 685 5143 tit
724 5094 863 5147 nobis
883 5095 1014 5147 viam
1048 5114 1221 5163 suam,
1248 5108 1295 5152 et
1313 5097 1683 5152 anthulabimus
1709 5099 1761 5151 in
1790 5116 1866 5151 ea.
1898 5098 2097 5154 Viden’
2135 5110 2193 5153 ut

618 5183 775 5235 aliam
817 5184 1092 5251 requirunt
1136 5188 1344 5256 legem?
1372 5189 1521 5243 Viam
1565 5192 1704 5243 enim
1734 5190 2002 5259 Scriptura
2052 5206 2190 5260 pra:-

620 5282 769 5339 eepta
801 5272 893 5326 Dei
922 5274 1055 5327 solet
1093 5278 1390 5344 appellare;
1442 5280 1487 5332 si
1518 5279 1583 5333 de
1628 5281 1806 5348 priore
1850 5280 2193 5335 Testamento

620 5362 944 5429 loqueretur,
966 5379 1070 5418 non
1096 5365 1333 5433 dixisset,
1354 5369 1680 5423 Annuntiabit
1704 5370 1845 5423 nobis
1863 5386 1880 5422 :
1904 5370 2031 5424 illud
2052 5371 2194 5425 enim

622 5461 736 5505 erat
769 5454 1012 5508 omnibus
1040 5456 1617 5525 manifestum,planum
1646 5470 1700 5515 et
1727 5471 1932 5515 notum.

691 5541 846 5594 Aliud
875 5545 1069 5615 insigne
1107 5556 1280 5599 contra
1318 5545 1526 5600 Jndtcos
1554 5561 1922 5619 argumentum.
1952 5581 2022 5590 ——
2047 5552 2195 5617 Quod

626 5642 802 5687 autem
830 5635 943 5690 hare
972 5654 1072 5693 non
1104 5641 1337 5707 captiose
1364 5640 1621 5705 dicamus,
1652 5658 1769 5710 qua:
1798 5642 1936 5697 dicta
1968 5655 2088 5696 sunt
2118 5645 2197 5697 vel

626 5719 1101 5798 imptzdeatioribus
1123 5733 1279 5789 ﬁdem
1299 5732 1471 5790 facere
1493 5742 1732 5803 possunt.
1747 5734 1879 5800 Quia
1898 5736 2039 5791 enim
2063 5736 2198 5789 viam

3798 351 3878 404 32

2314 474 2512 518 tantum
2542 469 2871 530 memoravit,
2897 470 3022 524 dicit
3047 486 3287 538 quamam
3319 469 3401 523 illa
3427 469 3493 522 sit
3523 467 3623 527 via,
3653 467 3884 535 ejusque

2313 556 2471 608 multa
2514 559 2661 625 ponit
2692 561 2933 627 insignia.
2966 560 3241 631 Suhjungit
3269 575 3394 629 ergo
3426 578 3437 613 :
3475 557 3606 610 Nam
3644 559 3705 609 de
3747 558 3883 611 Sion

2310 646 2459 697 exibit
2486 648 2585 713 lex,
2618 658 2663 699 et
2708 650 2907 701 verbum
2948 649 3152 703 Domini
3196 650 3257 703 de
3284 649 3583 703 Jerusalem.
3634 647 3711 700 Ad
3760 646 3881 699 haec

2308 735 2473 790 Judaai
2502 752 2659 806 supra
2706 741 2917 793 modum
2967 742 3295 811 impudentes
3324 756 3390 795 ne
3433 742 3636 793 hiscere
3660 737 3878 808 quidem

2309 837 2573 896 poterunt.
2601 830 2752 897 Quod
2783 833 2925 886 enim
2957 833 3071 887 luce
3095 834 3160 888 de
3185 832 3329 887 Novo
3359 832 3697 886 Testamento
3731 830 3879 883 dicta

2306 919 2432 983 sint,
2458 928 2511 974 et
2544 936 2607 975 ex
2636 922 2772 988 loco,
2806 932 2859 976 et
2884 937 2946 976 ex
2984 932 3243 993 tempore,
3288 932 3338 978 ct
3381 938 3443 978 ex
3477 924 3541 977 iis
3568 922 3656 990 qui
3698 921 3875 989 legem

2306 1020 2643 1080 receperunt,
2674 1022 2729 1067 et
2754 1028 2817 1067 ex
2841 1014 3003 1082 gestis
3026 1026 3143 1083 post
3167 1014 3359 1084 legem,
3385 1022 3440 1068 et
3460 1029 3524 1068 cx
3552 1011 3693 1066 omni
3720 1019 3875 1079 parte

2305 1101 2515 1156 demum
2563 1103 2747 1157 videre
2789 1114 2886 1158 est.
2926 1104 3103 1159 Primo
3132 1120 3195 1158 ex
3234 1104 3371 1170 loco,
3416 1120 3477 1158 ex
3522 1110 3695 1157 monte
3737 1101 3872 1154 Sion

2304 1208 2514 1262 nempe.
2548 1195 2653 1249 Lex
2682 1196 2823 1251 enim
2871 1212 2962 1265 per
3002 1196 3231 1265 llloysem
3270 1196 3373 1249 lata
3421 1196 3471 1249 in
3518 1205 3694 1248 monte
3721 1190 3874 1245 Siuai

2304 1285 2594 1353 majoribus
2623 1287 2856 1355 ipsorum
2885 1286 3006 1341 data
3049 1286 3166 1340 fuit.
3194 1287 3298 1340 Cur
3326 1300 3450 1355 ergo
3480 1284 3565 1337 hic
3602 1280 3747 1345 dicit,
3787 1278 3875 1331 De

2304 1373 2430 1427 Sion
2448 1376 2473 1427 ?
2500 1375 2681 1445 Neque
2707 1377 2808 1431 hoc
2838 1379 2965 1432 satis
2995 1377 3196 1441 habuit,
3227 1375 3320 1430 sed
3347 1375 3503 1429 etiam
3534 1382 3739 1439 tempus
3766 1369 3871 1422 ad-

2297 1466 2444 1535 jecit.
2472 1467 2584 1521 Non
2616 1469 2757 1521 enim
2784 1469 2934 1531 dixit,
2959 1468 3126 1521 Exivit
3153 1468 3256 1529 lex,
3284 1465 3396 1527 sed,
3417 1464 3583 1517 Exibit
3605 1463 3704 1524 lex,
3723 1460 3870 1528 quod

2300 1566 2381 1611 est
2433 1556 2589 1610 futuri
2640 1558 2917 1626 temporis,
2943 1561 3017 1613 rei
3042 1558 3272 1611 nondum
3319 1564 3494 1625 gestas.
3527 1553 3658 1606 Cum
3689 1560 3869 1604 autem

2302 1646 2416 1701 lucc
2442 1649 2695 1716 propheta
2726 1648 2947 1711 diceret,
2976 1662 3003 1699 a
3046 1648 3223 1701 multis
3259 1647 3366 1715 jam
3414 1645 3566 1699 annis
3610 1643 3695 1696 lex
3740 1642 3866 1695 data

2300 1737 2504 1792 fuerat:
2533 1738 2661 1792 Novi
2684 1754 2810 1793 vero
2828 1739 3147 1793 Testamenti
3178 1740 3257 1792 lex
3284 1748 3398 1806 post
3427 1735 3675 1806 plurimos
3696 1746 3867 1785 annos

2298 1828 2470 1884 danda
2502 1839 2634 1884 erat.
2664 1830 2787 1884 ldeo
2817 1847 2918 1883 non
2946 1830 3097 1893 dixit,
3129 1830 3323 1892 Exivit,
3351 1828 3465 1892 sed,
3495 1824 3681 1888 Exibit,
3707 1822 3757 1877 id
3780 1832 3870 1877 est

2298 1928 2500 1988 postea.
2527 1922 2604 1975 Ac
2629 1936 2835 1975 rursum
2864 1921 2929 1975 ad
2959 1922 3127 1975 locum
3168 1921 3339 1987 ipsum
3382 1915 3616 1984 confugit
3643 1913 3821 1967 dicens
3845 1928 3864 1966 :

2296 2011 2365 2064 Et
2408 2013 2607 2065 verbum
2648 2011 2851 2066 Domini
2879 2013 2941 2066 de
2963 2011 3264 2065 Jerusalem.
3310 2014 3568 2063 Accurate
3598 2003 3747 2058 nobis
3775 2001 3867 2055 hic

2294 2102 2426 2156 Novi
2460 2102 2784 2158 Testamenti
2810 2103 3015 2172 insigne
3040 2102 3208 2171 ponit.
3237 2100 3364 2155 Nam
3393 2098 3549 2152 modo
3588 2096 3640 2149 in
3684 2101 3866 2147 monte

2294 2194 2506 2261 sedens,
2533 2194 2775 2248 sublimia
2813 2202 2867 2248 et
2910 2194 3055 2248 caelis
3087 2192 3243 2261 digna
3276 2197 3535 2259 praecepta
3580 2187 3694 2252 lege
3730 2199 3865 2237 sau-

2292 2286 2483 2351 ciebat,
2512 2285 2670 2340 modo
2701 2285 2751 2338 in
2793 2285 3088 2339 Jerusalem
3133 2297 3353 2337 versans
3383 2282 3605 2350 idipsum
3648 2276 3861 2345 agebat.

2289 2376 2422 2431 Cum
2462 2376 2684 2432 dixisset
2710 2392 2836 2447 ergo
2862 2387 2916 2431 et
2938 2377 3110 2430 locum
3150 2386 3203 2429 et
3226 2384 3452 2443 tempus,
3485 2371 3662 2439 adjicit
3691 2379 3741 2422 et
3763 2382 3864 2422 eos

2291 2468 2382 2537 qui
2428 2467 2571 2520 illam
2602 2467 2868 2535 accepturi
2899 2474 3051 2520 erant
3082 2465 3247 2533 legem
3268 2504 3282 2528 ,
3317 2462 3545 2529 undique
3590 2455 3862 2512 contradi-

2290 2561 2522 2613 centium
2551 2575 2641 2612 ora
2667 2573 2947 2612 consuens.
2973 2556 3196 2622 Quinam
3228 2569 3354 2623 ergo
3391 2554 3531 2605 illum
3562 2548 3862 2616 suscepturi

2290 2649 2478 2702 erant?
2508 2664 2631 2702 num
2676 2648 3017 2702 llebrmorum
3066 2645 3239 2714 potius
3289 2642 3510 2713 populus
3552 2648 3607 2693 et
3646 2636 3863 2692 Judmi?

2289 2738 2632 2807 Nequaquam
2654 2779 2668 2803 ,
2700 2737 2791 2791 sed
2814 2738 2901 2806 qui
2933 2752 3000 2791 ex
3032 2735 3296 2804 gentibus.
3327 2733 3449 2786 Ideo
3474 2729 3677 2784 intulit:
3705 2730 3756 2781 4.
3783 2723 3860 2780 Et

2280 2828 2530 2898 judicabit
2579 2829 2707 2881 inter
2753 2837 2939 2897 gentes.
2993 2825 3122 2879 lllud
3154 2824 3294 2879 enim
3327 2822 3555 2874 maxime
3592 2820 3657 2873 ad
3688 2819 3857 2887 legem

2287 2921 2569 2990 pertinet‘,
2587 2920 2825 2989 judicare
2841 2918 2906 2972 de
2929 2918 3031 2970 illis
3050 2917 3137 2986 qui
3168 2916 3331 2983 ipsam
3355 2913 3680 2980 iinpugnant.
3702 2909 3858 2974 Quod

2286 3024 2461 3067 autem
2494 3012 2578 3066 hic
2619 3028 2723 3065 non
2754 3025 2932 3065 sermo
2976 3010 3046 3063 sit
3090 3007 3156 3061 de
3182 3005 3354 3059 Veteri
3384 3003 3740 3065 Testamento,
3786 3014 3858 3053 ex

2287 3104 2415 3175 ipsis
2444 3105 2600 3159 rebus
2630 3104 2800 3173 palam
2828 3111 2927 3157 est.
2972 3100 3086 3153 Non
3113 3099 3252 3153 enim
3283 3096 3553 3150 sabbatum
3593 3093 3855 3147 observa-

2288 3214 2427 3264 mus,
2458 3196 2916 3251 eircumcisionem
2949 3207 3051 3246 non
3082 3190 3411 3252 admisimus,
3442 3204 3545 3241 nou
3577 3186 3707 3239 festa
3740 3184 3859 3236 illo-

2287 3305 2427 3354 rum,
2461 3304 2564 3342 uon
2594 3286 2738 3341 aliud
2782 3285 3047 3355 quidpiam
3097 3298 3163 3337 ex
3210 3281 3493 3334 veterihus.
3546 3276 3860 3330 Audivimus

2287 3384 2427 3437 enim
2457 3381 2676 3435 Paulum
2706 3380 2968 3433 dicentem
3004 3394 3017 3428 :
3063 3375 3122 3429 Si
3150 3370 3596 3435 circumcidamini,
3629 3368 3860 3422 Christus

2285 3474 2422 3527 vobis
2451 3472 2580 3524 nihil
2611 3471 2830 3540 proderit
2861 3467 2999 3539 (Gal.
3029 3468 3081 3521 5.
3107 3466 3163 3536 2)
3187 3483 3200 3517 :
3233 3475 3305 3529 et,
3350 3464 3469 3515 Dies
3496 3460 3779 3522 observatis,
3806 3470 3862 3511 et

2286 3581 2497 3629 menses,
2528 3574 2575 3617 et
2601 3572 2844 3631 tempora,
2873 3568 2919 3613 et
2948 3560 3145 3612 annos?
3192 3557 3361 3609 Timeo
3398 3572 3460 3607 ne
3498 3558 3627 3623 forte
3666 3555 3859 3621 frustra

2288 3655 2618 3711 laboraverint
2666 3654 2719 3706 in
2756 3652 2893 3706 vobis
2920 3650 3059 3721 (Gal.
3088 3651 3139 3703 4.
3172 3648 3279 3715 10).
3331 3646 3475 3700 Unde
3527 3646 3687 3713 liquet
3717 3644 3860 3696 hunc

2287 3759 2588 3800 sermonem
2630 3744 2696 3798 dc
2724 3742 2870 3797 Novo
2917 3756 3056 3804 esse,
3098 3740 3218 3807 quia
3260 3742 3395 3791 inter
3435 3745 3615 3805 gentes
3654 3734 3866 3803 judica-

2287 3837 2363 3891 vit
2384 3836 2479 3906 (a),
2510 3832 2956 3904 quemadmodum
2988 3841 3041 3885 et
3070 3831 3263 3884 Paulus
3288 3829 3355 3880 ait
3385 3845 3398 3879 :
3431 3828 3493 3878 In
3534 3827 3612 3877 die
3656 3824 3865 3896 quando

2280 3926 2527 3997 judicabil
2546 3923 2678 3977 Deus
2699 3921 2889 3975 occulta
2912 3920 3165 3973 hominum
3190 3919 3359 3985 (Rom.
3380 3916 3433 3969 2.
3461 3914 3562 3985 16).
3582 3915 3866 3979 Quomodo

2286 4016 2580 4088 judicabit?
2610 4015 2696 4069 dic
2738 4014 2890 4079 mihi,
2914 4028 2980 4064 an
3025 4011 3312 4065 secundum
3339 4009 3501 4062 Vetus
3545 4007 3863 4059 Testamen-

2293 4114 2440 4165 tum?
2484 4110 2638 4164 Nullo
2669 4108 2845 4173 modo,
2878 4105 2969 4161 sed
2998 4104 3285 4159 Secundam
3322 4100 3647 4171 Evangelium
3673 4113 3860 4150 meum.

2290 4203 2484 4257 Viden‘
2514 4201 2674 4255 verba
2706 4200 2933 4263 diversa,
2967 4196 3253 4250 sententias
3281 4202 3454 4246 autem
3487 4192 3620 4243 inter
3645 4204 3702 4241 se
3726 4202 3865 4241 con-

2291 4294 2617 4347 sentientes?
2655 4290 2811 4343 lsaias
2840 4289 2967 4341 dicit
2995 4304 3007 4337 :
3037 4285 3292 4337 Judicabit
3325 4284 3452 4335 inter
3476 4290 3678 4350 gentes;
3723 4278 3867 4330 Pau-

2295 4384 2378 4437 lus
2426 4384 2521 4446 ait,
2568 4379 2829 4433 Judicabil
2878 4378 3149 4429 secundum
3200 4372 3525 4440 Evangelium
3574 4384 3753 4419 meum.
3794 4366 3866 4419 Et

2290 4482 2466 4541 arguet
2498 4472 2740 4539 populant
2770 4468 3017 4528 multum;
3045 4466 3177 4519 bella
3206 4472 3447 4533 gerentes
3472 4469 3524 4513 et
3562 4468 3863 4526 transgres-

2292 4576 2462 4616 sores.
2512 4560 2577 4613 Et
2616 4558 2717 4613 hoc
2742 4557 3017 4610 declarans
3041 4555 3282 4607 Christus
3329 4550 3536 4604 dicebat
3568 4567 3580 4601 :
3614 4546 3730 4599 Non
3770 4563 3867 4614 ego

2289 4654 2526 4723 iudicabo
2553 4667 2658 4712 vos,
2687 4651 2771 4703 sed
2801 4666 2980 4713 sermo,
3022 4663 3166 4719 quem
3209 4646 3437 4711 loquutus
3476 4658 3606 4705 sunt,
3642 4641 3747 4707 ipse
3776 4655 3869 4696 nos

2286 4744 2556 4815 judicabit.
2587 4742 2647 4794 Et
2669 4742 2928 4794 concident
2958 4739 3154 4809 gladios
3173 4753 3287 4789 suos
3310 4736 3359 4786 in
3382 4747 3572 4795 aratra,
3593 4740 3638 4783 et
3664 4730 3872 4782 lanceas

2294 4854 2412 4890 suas
2456 4837 2507 4887 in
2553 4836 2725 4903 falces.
2781 4832 2846 4884 Et
2895 4848 2991 4883 non
3039 4830 3245 4896 accipiet
3291 4843 3407 4895 gens
3452 4835 3625 4876 contra
3673 4830 3874 4891 gentem

2296 4930 2542 4997 gladium,
2577 4938 2621 4979 et
2650 4944 2749 4979 non
2780 4927 2913 4977 ultra
2955 4925 3143 4975 discent
3170 4921 3392 4989 pra'liari
3425 4918 3598 4987 (Joan.
3629 4916 3716 4969 12.
3750 4914 3869 4980 68).

2297 5018 2412 5071 Non
2442 5018 2569 5069 satis
2595 5015 2740 5067 fuere
2769 5015 3037 5083 propheta:
3070 5011 3241 5079 priora
3288 5009 3457 5077 signa.
3487 5008 3643 5059 Multa
3675 5004 3876 5073 quippe

2296 5108 2643 5163 est-veritatis
2691 5104 2930 5157 facultas.
2959 5103 3079 5155 Ideo
3108 5101 3245 5153 aliud
3294 5099 3466 5166 p0suit
3507 5096 3634 5150 Novi
3680 5094 3872 5145 Testa-

2298 5199 2461 5253 menti
2492 5197 2740 5251 indicium
2770 5211 2863 5264 per
2890 5204 3054 5247 totum
3083 5192 3264 5245 orbem
3294 5190 3573 5258 refulgens.
3595 5183 3873 5252 Quodnam

2365 5378 2379 5403 ι
2416 5379 2557 5419 Juxta
2578 5369 2815 5425 Savilium,
2840 5368 3013 5415 melius
3052 5365 3263 5421 legetur.
3311 5365 3373 5411 ad
3406 5361 3621 5422 judicem
3651 5358 3875 5425 pertinet,

2300 5415 2557 5495 quam,"an
2580 5415 2729 5495 legent
2753 5415 2971 5495 pertinet,
2996 5428 3083 5475 sed
3104 5415 3156 5475 in
3183 5415 3325 5474 nullis
3347 5415 3452 5473 sive
3483 5430 3586 5469 Mss.
3624 5415 3729 5465 sive
3752 5415 3877 5466 ﬁdit.

2302 5494 2431 5557 prior
2455 5494 2653 5557 affertur
2678 5494 2837 5557 lectio.
2970 5550 2982 5557 _
3137 5549 3149 5557 _
3351 5547 3359 5555 _
3420 5546 3430 5555 ,
3470 5551 3477 5557 _
3514 5556 3531 5557 νγ
3566 5545 3711 5557 Amm
3749 5536 3858 5557 ἔψη

2365 5537 2437 5617 iii)
2456 5537 2563 5603 ﬁlii—ic-
2581 5537 2711 5601 l‘o‘rt—e‘
2730 5537 2946 5599 videatur
2970 5549 3251 5617 legendum,
3280 5547 3389 5609 quia
3414 5546 3539 5617 inter.
3555 5537 3880 5617 gentes

2305 5599 2724 5676 miit’;'{{:{niquiu
2750 5599 3098 5675 sequunturhad
3125 5599 3302 5676 horum.
3322 5599 3689 5676 explicationem
3713 5599 3880 5676 allata,

2305 5664 2517 5727 laturum
2560 5664 2749 5737 tempus
2788 5664 3023 5737 indicant;
3051 5674 3135 5721 sed
3180 5676 3286 5721 sine
3319 5664 3597 5720 auctoritate
3620 5664 3878 5724 exempla-

2311 5751 2434 5786 rium
2457 5739 2573 5787 nihil
2593 5748 2775 5789 mutare
2798 5736 3047 5785 audemus.
