  <div class='ocr_page' id='page_1' title='image "/cluster/home/n/w/nwhite01/storage/ocr_20150623/56/pst.000005712557/036.png"; bbox 0 0 4130 6312; ppageno 0'>
   <div class='ocr_carea' id='block_1_1' title="bbox 151 353 3465 437">
    <p class='ocr_par' dir='ltr' id='par_1_1' title="bbox 151 353 3465 437">
     <span class='ocr_line' id='line_1_1' title="bbox 151 353 3465 437; baseline 0.006 -36"><span class='ocrx_word' id='word_1_1' title='bbox 151 376 197 431; x_wconf 68' lang='lat'><em>31</em></span> <span class='ocrx_word' id='word_1_2' title='bbox 1453 353 1518 409; x_wconf 86' lang='lat' dir='ltr'><strong>IN</strong></span> <span class='ocrx_word' id='word_1_3' title='bbox 1554 354 1805 424; x_wconf 71' lang='lat' dir='ltr'><em>15mm,</em></span> <span class='ocrx_word' id='word_1_4' title='bbox 1842 358 1991 413; x_wconf 79' lang='lat' dir='ltr'><strong>CAP.</strong></span> <span class='ocrx_word' id='word_1_5' title='bbox 2025 360 2087 416; x_wconf 86' lang='grc' dir='ltr'><strong>ιι.</strong></span> <span class='ocrx_word' id='word_1_6' title='bbox 3392 382 3465 437; x_wconf 72' lang='lat'><strong>32</strong></span> 
     </span>
    </p>
   </div>
   <div class='ocr_carea' id='block_1_2' title="bbox 154 465 1716 538">
    <p class='ocr_par' dir='ltr' id='par_1_2' title="bbox 154 465 1716 538">
     <span class='ocr_line' id='line_1_2' title="bbox 154 465 1716 538; baseline -0.001 -15"><span class='ocrx_word' id='word_1_7' title='bbox 154 466 312 523; x_wconf 75' lang='grc' dir='ltr'><strong>ἀπειλαὶ</strong></span> <span class='ocrx_word' id='word_1_8' title='bbox 338 465 584 533; x_wconf 73' lang='grc' dir='ltr'><strong>συνεχεῖς,</strong></span> <span class='ocrx_word' id='word_1_9' title='bbox 611 467 706 519; x_wconf 76' lang='grc' dir='ltr'><strong>καὶ</strong></span> <span class='ocrx_word' id='word_1_10' title='bbox 739 467 984 531; x_wconf 79' lang='grc' dir='ltr'><strong>κολάσεις</strong></span> <span class='ocrx_word' id='word_1_11' title='bbox 1015 468 1307 537; x_wconf 77' lang='grc' dir='ltr'><strong>διηνεκεῖς,</strong></span> <span class='ocrx_word' id='word_1_12' title='bbox 1339 468 1433 519; x_wconf 74' lang='grc' dir='ltr'><strong>καὶ</strong></span> <span class='ocrx_word' id='word_1_13' title='bbox 1467 468 1716 538; x_wconf 89' lang='grc' dir='ltr'><strong>θαύματα</strong></span> 
     </span>
    </p>
   </div>
   <div class='ocr_carea' id='block_1_3' title="bbox 150 552 1715 625">
    <p class='ocr_par' dir='ltr' id='par_1_3' title="bbox 150 552 1715 625">
     <span class='ocr_line' id='line_1_3' title="bbox 150 552 1715 625; baseline 0.001 -18"><span class='ocrx_word' id='word_1_14' title='bbox 150 552 376 621; x_wconf 72' lang='grc' dir='ltr'><strong>ἐπάλληλα,</strong></span> <span class='ocrx_word' id='word_1_15' title='bbox 403 553 490 603; x_wconf 77' lang='grc' dir='ltr'><strong>καὶ</strong></span> <span class='ocrx_word' id='word_1_16' title='bbox 520 554 809 621; x_wconf 80' lang='grc' dir='ltr'>προφητῶν</span> <span class='ocrx_word' id='word_1_17' title='bbox 840 556 1048 624; x_wconf 80' lang='grc' dir='ltr'><strong>δρόμοι,</strong></span> <span class='ocrx_word' id='word_1_18' title='bbox 1090 558 1182 608; x_wconf 75' lang='grc' dir='ltr'><strong>καὶ</strong></span> <span class='ocrx_word' id='word_1_19' title='bbox 1216 556 1501 625; x_wconf 75' lang='grc' dir='ltr'><strong>νομοθέτου</strong></span> <span class='ocrx_word' id='word_1_20' title='bbox 1532 558 1715 624; x_wconf 86' lang='grc' dir='ltr'><strong>φόϐο·,</strong></span> 
     </span>
    </p>
   </div>
   <div class='ocr_carea' id='block_1_4' title="bbox 152 638 1716 711">
    <p class='ocr_par' dir='ltr' id='par_1_4' title="bbox 152 638 1716 711">
     <span class='ocr_line' id='line_1_4' title="bbox 152 638 1716 711; baseline 0.001 -19"><span class='ocrx_word' id='word_1_21' title='bbox 152 641 216 693; x_wconf 67' lang='grc' dir='ltr'><strong>καὶ</strong></span> <span class='ocrx_word' id='word_1_22' title='bbox 236 638 443 707; x_wconf 72' lang='grc' dir='ltr'><strong>πολέμων</strong></span> <span class='ocrx_word' id='word_1_23' title='bbox 468 638 713 700; x_wconf 81' lang='grc' dir='ltr'><strong>ἀπειλαὶ,</strong></span> <span class='ocrx_word' id='word_1_24' title='bbox 740 641 831 691; x_wconf 80' lang='grc' dir='ltr'><strong>καὶ</strong></span> <span class='ocrx_word' id='word_1_25' title='bbox 862 640 1148 708; x_wconf 82' lang='grc' dir='ltr'><strong>βαρϐάρων</strong></span> <span class='ocrx_word' id='word_1_26' title='bbox 1188 641 1361 707; x_wconf 79' lang='grc' dir='ltr'><strong>ἔφοδοι</strong></span> <span class='ocrx_word' id='word_1_27' title='bbox 1382 678 1396 701; x_wconf 91' lang='grc'><strong>,</strong></span> <span class='ocrx_word' id='word_1_28' title='bbox 1439 642 1529 693; x_wconf 74' lang='grc' dir='ltr'><strong>καὶ</strong></span> <span class='ocrx_word' id='word_1_29' title='bbox 1557 643 1716 711; x_wconf 80' lang='grc' dir='ltr'><strong>όργαὶ</strong></span> 
     </span>
    </p>
   </div>
   <div class='ocr_carea' id='block_1_5' title="bbox 147 723 1721 796">
    <p class='ocr_par' dir='ltr' id='par_1_5' title="bbox 147 723 1721 796">
     <span class='ocr_line' id='line_1_5' title="bbox 147 723 1721 796; baseline -0.001 -19"><span class='ocrx_word' id='word_1_30' title='bbox 147 725 350 794; x_wconf 86' lang='grc' dir='ltr'><strong>θεήλατοι,</strong></span> <span class='ocrx_word' id='word_1_31' title='bbox 374 723 459 774; x_wconf 79' lang='grc' dir='ltr'><strong>καὶ</strong></span> <span class='ocrx_word' id='word_1_32' title='bbox 480 724 724 786; x_wconf 78' lang='grc' dir='ltr'><strong>κολάσεις</strong></span> <span class='ocrx_word' id='word_1_33' title='bbox 744 725 808 776; x_wconf 83' lang='grc' dir='ltr'><strong>ἐκ</strong></span> <span class='ocrx_word' id='word_1_34' title='bbox 833 726 940 777; x_wconf 90' lang='grc' dir='ltr'><strong>τῶν</strong></span> <span class='ocrx_word' id='word_1_35' title='bbox 961 726 1200 794; x_wconf 81' lang='grc' dir='ltr'><strong>οὐρανῶν</strong></span> <span class='ocrx_word' id='word_1_36' title='bbox 1226 727 1569 796; x_wconf 81' lang='grc' dir='ltr'><strong>πεμπόμεναι</strong></span> <span class='ocrx_word' id='word_1_37' title='bbox 1588 742 1600 756; x_wconf 83' lang='lat'><strong><em>°</em></strong></span> <span class='ocrx_word' id='word_1_38' title='bbox 1627 727 1721 777; x_wconf 79' lang='grc' dir='ltr'><strong>καὶ</strong></span> 
     </span>
    </p>
   </div>
   <div class='ocr_carea' id='block_1_6' title="bbox 148 806 1721 880">
    <p class='ocr_par' dir='ltr' id='par_1_6' title="bbox 148 806 1721 880">
     <span class='ocr_line' id='line_1_6' title="bbox 148 806 1721 880; baseline 0.001 -21"><span class='ocrx_word' id='word_1_39' title='bbox 148 810 288 877; x_wconf 68' lang='grc' dir='ltr'><strong>ἔμενον</strong></span> <span class='ocrx_word' id='word_1_40' title='bbox 311 806 745 877; x_wconf 84' lang='grc' dir='ltr'><strong>σκληροτράχηλοι</strong></span> <span class='ocrx_word' id='word_1_41' title='bbox 785 811 876 861; x_wconf 75' lang='grc' dir='ltr'><strong>καὶ</strong></span> <span class='ocrx_word' id='word_1_42' title='bbox 903 811 1265 880; x_wconf 79' lang='grc' dir='ltr'><strong>ἀπερίτμητοι</strong></span> <span class='ocrx_word' id='word_1_43' title='bbox 1290 811 1459 873; x_wconf 79' lang='grc' dir='ltr'><strong>ὄντες,</strong></span> <span class='ocrx_word' id='word_1_44' title='bbox 1490 810 1665 871; x_wconf 87' lang='grc' dir='ltr'><strong>καθὼς</strong></span> <span class='ocrx_word' id='word_1_45' title='bbox 1692 812 1721 860; x_wconf 99' lang='lat'><strong>6</strong></span> 
     </span>
    </p>
   </div>
   <div class='ocr_carea' id='block_1_7' title="bbox 148 891 1721 959">
    <p class='ocr_par' dir='ltr' id='par_1_7' title="bbox 148 891 1721 959">
     <span class='ocr_line' id='line_1_7' title="bbox 148 891 1721 959; baseline 0.001 -16"><span class='ocrx_word' id='word_1_46' title='bbox 148 894 353 959; x_wconf 76' lang='grc' dir='ltr'><strong>Στέφανος</strong></span> <span class='ocrx_word' id='word_1_47' title='bbox 386 891 599 958; x_wconf 78' lang='grc' dir='ltr'><strong>ἐλεγεν,</strong></span> <span class='ocrx_word' id='word_1_48' title='bbox 639 893 844 954; x_wconf 81' lang='grc' dir='ltr'><strong>ἀτενεῖς</strong></span> <span class='ocrx_word' id='word_1_49' title='bbox 881 894 976 946; x_wconf 76' lang='grc' dir='ltr'><strong>καὶ</strong></span> <span class='ocrx_word' id='word_1_50' title='bbox 1025 895 1338 949; x_wconf 86' lang='grc' dir='ltr'><strong>δυσένδοτοι·</strong></span> <span class='ocrx_word' id='word_1_51' title='bbox 1390 894 1483 947; x_wconf 67' lang='grc' dir='ltr'><strong>ἐπὶ</strong></span> <span class='ocrx_word' id='word_1_52' title='bbox 1526 895 1581 946; x_wconf 87' lang='grc' dir='ltr'><strong>δέ</strong></span> <span class='ocrx_word' id='word_1_53' title='bbox 1614 892 1721 946; x_wconf 91' lang='grc' dir='ltr'><strong>τῶν</strong></span> 
     </span>
    </p>
   </div>
   <div class='ocr_carea' id='block_1_8' title="bbox 148 977 1721 1051">
    <p class='ocr_par' dir='ltr' id='par_1_8' title="bbox 148 977 1721 1051">
     <span class='ocr_line' id='line_1_8' title="bbox 148 977 1721 1051; baseline 0.002 -23"><span class='ocrx_word' id='word_1_54' title='bbox 148 977 271 1029; x_wconf 82' lang='grc' dir='ltr'><strong>ίθνῶν</strong></span> <span class='ocrx_word' id='word_1_55' title='bbox 304 978 483 1046; x_wconf 75' lang='grc' dir='ltr'><strong>ἢρκεσε</strong></span> <span class='ocrx_word' id='word_1_56' title='bbox 514 977 664 1048; x_wconf 78' lang='grc' dir='ltr'><strong>ῥῆμα</strong></span> <span class='ocrx_word' id='word_1_57' title='bbox 702 978 853 1047; x_wconf 81' lang='grc' dir='ltr'><strong>ψιλὸν</strong></span> <span class='ocrx_word' id='word_1_58' title='bbox 890 982 986 1033; x_wconf 80' lang='grc' dir='ltr'><strong>καὶ</strong></span> <span class='ocrx_word' id='word_1_59' title='bbox 1023 981 1160 1051; x_wconf 82' lang='grc' dir='ltr'><strong>ἀκοὴ</strong></span> <span class='ocrx_word' id='word_1_60' title='bbox 1196 981 1350 1050; x_wconf 86' lang='grc' dir='ltr'><strong>μόνη,</strong></span> <span class='ocrx_word' id='word_1_61' title='bbox 1388 982 1482 1034; x_wconf 76' lang='grc' dir='ltr'><strong>καὶ</strong></span> <span class='ocrx_word' id='word_1_62' title='bbox 1524 980 1721 1043; x_wconf 89' lang='grc' dir='ltr'><strong>πάντες</strong></span> 
     </span>
    </p>
   </div>
   <div class='ocr_carea' id='block_1_9' title="bbox 147 1062 1722 1137">
    <p class='ocr_par' dir='ltr' id='par_1_9' title="bbox 147 1062 1722 1137">
     <span class='ocr_line' id='line_1_9' title="bbox 147 1062 1722 1137; baseline 0.002 -23"><span class='ocrx_word' id='word_1_63' title='bbox 147 1063 296 1126; x_wconf 74' lang='grc' dir='ltr'><strong>εὐθέως</strong></span> <span class='ocrx_word' id='word_1_64' title='bbox 315 1064 687 1134; x_wconf 73' lang='grc' dir='ltr'><strong>προσέδραμον.</strong></span> <span class='ocrx_word' id='word_1_65' title='bbox 706 1066 883 1137; x_wconf 82' lang='grc' dir='ltr'><strong>Ὅπερ</strong></span> <span class='ocrx_word' id='word_1_66' title='bbox 898 1062 992 1119; x_wconf 85' lang='grc' dir='ltr'><strong>οὖν</strong></span> <span class='ocrx_word' id='word_1_67' title='bbox 1012 1068 1104 1120; x_wconf 72' lang='grc' dir='ltr'><strong>καὶ</strong></span> <span class='ocrx_word' id='word_1_68' title='bbox 1126 1069 1155 1120; x_wconf 92' lang='lat'><strong>6</strong></span> <span class='ocrx_word' id='word_1_69' title='bbox 1175 1066 1337 1120; x_wconf 80' lang='grc' dir='ltr'><strong>Δαυῒδ</strong></span> <span class='ocrx_word' id='word_1_70' title='bbox 1362 1068 1722 1136; x_wconf 75' lang='grc' dir='ltr'><strong>αἰνιττόμενος</strong></span> 
     </span>
    </p>
   </div>
   <div class='ocr_carea' id='block_1_10' title="bbox 146 1149 1722 1220">
    <p class='ocr_par' dir='ltr' id='par_1_10' title="bbox 146 1149 1722 1220">
     <span class='ocr_line' id='line_1_10' title="bbox 146 1149 1722 1220; baseline 0.001 -19"><span class='ocrx_word' id='word_1_71' title='bbox 146 1150 255 1215; x_wconf 78' lang='grc' dir='ltr'><strong>ίλιγι</strong></span> <span class='ocrx_word' id='word_1_72' title='bbox 274 1168 286 1179; x_wconf 88' lang='grc'><strong>·</strong></span> <span class='ocrx_word' id='word_1_73' title='bbox 310 1150 471 1214; x_wconf 83' lang='grc' dir='ltr'><strong>Λαὸς,</strong></span> <span class='ocrx_word' id='word_1_74' title='bbox 512 1149 585 1202; x_wconf 80' lang='grc' dir='ltr'><strong>ὃν</strong></span> <span class='ocrx_word' id='word_1_75' title='bbox 610 1152 719 1203; x_wconf 83' lang='grc' dir='ltr'><strong>οὐκ</strong></span> <span class='ocrx_word' id='word_1_76' title='bbox 754 1150 962 1220; x_wconf 71' lang='grc' dir='ltr'><strong>ἔγνων,</strong></span> <span class='ocrx_word' id='word_1_77' title='bbox 990 1151 1316 1205; x_wconf 82' lang='grc' dir='ltr'><strong>ἑδούλευσέ</strong></span> <span class='ocrx_word' id='word_1_78' title='bbox 1346 1168 1478 1220; x_wconf 83' lang='grc' dir='ltr'><strong>μοι·</strong></span> <span class='ocrx_word' id='word_1_79' title='bbox 1512 1152 1606 1204; x_wconf 72' lang='grc' dir='ltr'><strong>καὶ</strong></span> <span class='ocrx_word' id='word_1_80' title='bbox 1632 1150 1722 1202; x_wconf 76' lang='grc' dir='ltr'><strong>τὸν</strong></span> 
     </span>
    </p>
   </div>
   <div class='ocr_carea' id='block_1_11' title="bbox 146 1235 1723 1307">
    <p class='ocr_par' dir='ltr' id='par_1_11' title="bbox 146 1235 1723 1307">
     <span class='ocr_line' id='line_1_11' title="bbox 146 1235 1723 1307; baseline 0.002 -22"><span class='ocrx_word' id='word_1_81' title='bbox 146 1235 295 1303; x_wconf 77' lang='grc' dir='ltr'><strong>τρόπον</strong></span> <span class='ocrx_word' id='word_1_82' title='bbox 324 1235 411 1303; x_wconf 88' lang='grc' dir='ltr'><strong>τῆς</strong></span> <span class='ocrx_word' id='word_1_83' title='bbox 437 1236 678 1304; x_wconf 75' lang='grc' dir='ltr'><strong>ὑπακοῆς</strong></span> <span class='ocrx_word' id='word_1_84' title='bbox 706 1235 998 1305; x_wconf 80' lang='grc' dir='ltr'><strong>θαυμάζων</strong></span> <span class='ocrx_word' id='word_1_85' title='bbox 1026 1237 1329 1307; x_wconf 78' lang='grc' dir='ltr'><strong>προσετίθει</strong></span> <span class='ocrx_word' id='word_1_86' title='bbox 1350 1254 1364 1267; x_wconf 80' lang='grc'><em>’</em></span> <span class='ocrx_word' id='word_1_87' title='bbox 1405 1239 1507 1301; x_wconf 82' lang='grc' dir='ltr'><strong>Είς</strong></span> <span class='ocrx_word' id='word_1_88' title='bbox 1533 1236 1723 1303; x_wconf 81' lang='grc' dir='ltr'><strong>ἀκοὴν</strong></span> 
     </span>
    </p>
   </div>
   <div class='ocr_carea' id='block_1_12' title="bbox 143 1320 1723 1389">
    <p class='ocr_par' dir='ltr' id='par_1_12' title="bbox 143 1320 1723 1389">
     <span class='ocr_line' id='line_1_12' title="bbox 143 1320 1723 1389; baseline 0.001 -17"><span class='ocrx_word' id='word_1_89' title='bbox 143 1321 273 1373; x_wconf 82' lang='grc' dir='ltr'><strong>ὠτίου</strong></span> <span class='ocrx_word' id='word_1_90' title='bbox 296 1320 585 1384; x_wconf 76' lang='grc' dir='ltr'><strong>ἐπήκουσέ</strong></span> <span class='ocrx_word' id='word_1_91' title='bbox 616 1339 754 1389; x_wconf 82' lang='grc' dir='ltr'><strong>μου.</strong></span> <span class='ocrx_word' id='word_1_92' title='bbox 796 1322 966 1374; x_wconf 91' lang='grc' dir='ltr'><strong>Τοῦτο</strong></span> <span class='ocrx_word' id='word_1_93' title='bbox 1001 1323 1132 1375; x_wconf 81' lang='grc' dir='ltr'><strong>αὐτὸ</strong></span> <span class='ocrx_word' id='word_1_94' title='bbox 1174 1324 1267 1374; x_wconf 72' lang='grc' dir='ltr'><strong>καὶ</strong></span> <span class='ocrx_word' id='word_1_95' title='bbox 1292 1325 1320 1374; x_wconf 93' lang='lat'><strong>6</strong></span> <span class='ocrx_word' id='word_1_96' title='bbox 1352 1322 1542 1375; x_wconf 85' lang='grc' dir='ltr'><strong>Ἰακὼϐ</strong></span> <span class='ocrx_word' id='word_1_97' title='bbox 1583 1324 1723 1374; x_wconf 86' lang='grc' dir='ltr'><strong>αίνι-</strong></span> 
     </span>
    </p>
   </div>
   <div class='ocr_carea' id='block_1_13' title="bbox 146 1407 1725 1477">
    <p class='ocr_par' dir='ltr' id='par_1_13' title="bbox 146 1407 1725 1477">
     <span class='ocr_line' id='line_1_13' title="bbox 146 1407 1725 1477; baseline 0.002 -20"><span class='ocrx_word' id='word_1_98' title='bbox 146 1407 519 1476; x_wconf 82' lang='grc' dir='ltr'><strong>γματωδέστερον</strong></span> <span class='ocrx_word' id='word_1_99' title='bbox 556 1407 832 1476; x_wconf 85' lang='grc' dir='ltr'><strong>ἐμφαίνων</strong></span> <span class='ocrx_word' id='word_1_100' title='bbox 868 1407 1057 1475; x_wconf 74' lang='grc' dir='ltr'><strong>ἕλε-γε’</strong></span> <span class='ocrx_word' id='word_1_101' title='bbox 1098 1409 1407 1475; x_wconf 84' lang='grc' dir='ltr'><strong>Δεσμεύων</strong></span> <span class='ocrx_word' id='word_1_102' title='bbox 1434 1407 1582 1474; x_wconf 79' lang='grc' dir='ltr'><strong>πρὸς</strong></span> <span class='ocrx_word' id='word_1_103' title='bbox 1617 1408 1725 1477; x_wconf 77' lang='grc' dir='ltr'><strong>ἆμ-</strong></span> 
     </span>
    </p>
   </div>
   <div class='ocr_carea' id='block_1_14' title="bbox 143 1490 1725 1561">
    <p class='ocr_par' dir='ltr' id='par_1_14' title="bbox 143 1490 1725 1561">
     <span class='ocr_line' id='line_1_14' title="bbox 143 1490 1725 1561; baseline 0.003 -19"><span class='ocrx_word' id='word_1_104' title='bbox 143 1494 282 1544; x_wconf 71' lang='grc' dir='ltr'><strong>τελον</strong></span> <span class='ocrx_word' id='word_1_105' title='bbox 305 1491 400 1543; x_wconf 87' lang='grc' dir='ltr'><strong>τὸν</strong></span> <span class='ocrx_word' id='word_1_106' title='bbox 423 1490 627 1545; x_wconf 75' lang='grc' dir='ltr'><strong>πῶλον</strong></span> <span class='ocrx_word' id='word_1_107' title='bbox 644 1494 848 1554; x_wconf 79' lang='grc' dir='ltr'><strong>αὐτοῦ,</strong></span> <span class='ocrx_word' id='word_1_108' title='bbox 875 1494 972 1547; x_wconf 81' lang='grc' dir='ltr'><strong>καί</strong></span> <span class='ocrx_word' id='word_1_109' title='bbox 994 1492 1068 1561; x_wconf 79' lang='grc' dir='ltr'><strong>τῇ</strong></span> <span class='ocrx_word' id='word_1_110' title='bbox 1085 1493 1236 1547; x_wconf 78' lang='grc' dir='ltr'><strong>ἕλικι</strong></span> <span class='ocrx_word' id='word_1_111' title='bbox 1259 1493 1365 1546; x_wconf 82' lang='grc' dir='ltr'><strong>τὸν</strong></span> <span class='ocrx_word' id='word_1_112' title='bbox 1388 1493 1591 1546; x_wconf 83' lang='grc' dir='ltr'><strong>πῶλον</strong></span> <span class='ocrx_word' id='word_1_113' title='bbox 1615 1491 1725 1559; x_wconf 86' lang='grc' dir='ltr'><strong>τῆς</strong></span> 
     </span>
    </p>
   </div>
   <div class='ocr_carea' id='block_1_15' title="bbox 144 1575 1721 1649">
    <p class='ocr_par' dir='ltr' id='par_1_15' title="bbox 144 1575 1721 1649">
     <span class='ocr_line' id='line_1_15' title="bbox 144 1575 1721 1649; baseline 0.001 -21"><span class='ocrx_word' id='word_1_114' title='bbox 144 1577 249 1629; x_wconf 72' lang='grc' dir='ltr'><strong>ίτου</strong></span> <span class='ocrx_word' id='word_1_115' title='bbox 266 1577 444 1631; x_wconf 84' lang='grc' dir='ltr'><strong>αὐτοῦ.</strong></span> <span class='ocrx_word' id='word_1_116' title='bbox 475 1579 663 1631; x_wconf 80' lang='grc' dir='ltr'><strong>Καίτοι</strong></span> <span class='ocrx_word' id='word_1_117' title='bbox 694 1580 778 1641; x_wconf 92' lang='grc' dir='ltr'><strong>τίς</strong></span> <span class='ocrx_word' id='word_1_118' title='bbox 803 1575 941 1632; x_wconf 77' lang='grc' dir='ltr'><strong>εἶδεν</strong></span> <span class='ocrx_word' id='word_1_119' title='bbox 964 1578 1104 1632; x_wconf 86' lang='grc' dir='ltr'><strong>ἐλικι</strong></span> <span class='ocrx_word' id='word_1_120' title='bbox 1134 1579 1312 1631; x_wconf 84' lang='grc' dir='ltr'><strong>πῶλον</strong></span> <span class='ocrx_word' id='word_1_121' title='bbox 1340 1576 1721 1649; x_wconf 85' lang='grc' dir='ltr'><strong>δεσμούμενον,</strong></span> 
     </span>
    </p>
   </div>
   <div class='ocr_carea' id='block_1_16' title="bbox 144 1662 1725 1734">
    <p class='ocr_par' dir='ltr' id='par_1_16' title="bbox 144 1662 1725 1734">
     <span class='ocr_line' id='line_1_16' title="bbox 144 1662 1725 1734; baseline 0.001 -22"><span class='ocrx_word' id='word_1_122' title='bbox 144 1662 209 1713; x_wconf 77' lang='grc' dir='ltr'><strong>καὶ</strong></span> <span class='ocrx_word' id='word_1_123' title='bbox 248 1663 540 1731; x_wconf 85' lang='grc' dir='ltr'><strong>παρεστῶτα</strong></span> <span class='ocrx_word' id='word_1_124' title='bbox 582 1663 808 1733; x_wconf 78' lang='grc' dir='ltr'><strong>ἀμπέλῳ</strong></span> <span class='ocrx_word' id='word_1_125' title='bbox 831 1676 858 1705; x_wconf 76' lang='grc' dir='ltr'>ι</span> <span class='ocrx_word' id='word_1_126' title='bbox 879 1706 895 1729; x_wconf 91' lang='grc'><strong>,</strong></span> <span class='ocrx_word' id='word_1_127' title='bbox 947 1666 1043 1718; x_wconf 82' lang='grc' dir='ltr'><strong>καὶ</strong></span> <span class='ocrx_word' id='word_1_128' title='bbox 1078 1664 1153 1734; x_wconf 78' lang='grc' dir='ltr'><strong>μὴ</strong></span> <span class='ocrx_word' id='word_1_129' title='bbox 1204 1664 1590 1733; x_wconf 81' lang='grc' dir='ltr'><strong>λυμαινόμενον</strong></span> <span class='ocrx_word' id='word_1_130' title='bbox 1631 1662 1725 1714; x_wconf 82' lang='grc' dir='ltr'><strong>τὸν</strong></span> 
     </span>
    </p>
   </div>
   <div class='ocr_carea' id='block_1_17' title="bbox 142 1747 1725 1820">
    <p class='ocr_par' dir='ltr' id='par_1_17' title="bbox 142 1747 1725 1820">
     <span class='ocr_line' id='line_1_17' title="bbox 142 1747 1725 1820; baseline 0.001 -22"><span class='ocrx_word' id='word_1_131' title='bbox 142 1747 328 1815; x_wconf 59' lang='lat' dir='ltr'><em>lup-1:611;</em></span> <span class='ocrx_word' id='word_1_132' title='bbox 363 1749 480 1801; x_wconf 79' lang='grc' dir='ltr'><strong>Ἐπὶ</strong></span> <span class='ocrx_word' id='word_1_133' title='bbox 520 1750 618 1819; x_wconf 67' lang='grc' dir='ltr'><strong>μὲν</strong></span> <span class='ocrx_word' id='word_1_134' title='bbox 642 1749 750 1820; x_wconf 84' lang='grc' dir='ltr'><strong>γὰρ</strong></span> <span class='ocrx_word' id='word_1_135' title='bbox 787 1748 894 1802; x_wconf 90' lang='grc' dir='ltr'><strong>τῶν</strong></span> <span class='ocrx_word' id='word_1_136' title='bbox 930 1749 1138 1818; x_wconf 82' lang='grc' dir='ltr'><strong>ἀλόγων</strong></span> <span class='ocrx_word' id='word_1_137' title='bbox 1170 1750 1361 1812; x_wconf 79' lang='grc' dir='ltr'><strong>οὐδεὶς,</strong></span> <span class='ocrx_word' id='word_1_138' title='bbox 1402 1750 1495 1802; x_wconf 75' lang='grc' dir='ltr'><strong>ἐπὶ</strong></span> <span class='ocrx_word' id='word_1_139' title='bbox 1522 1749 1579 1800; x_wconf 87' lang='grc' dir='ltr'><strong>δέ</strong></span> <span class='ocrx_word' id='word_1_140' title='bbox 1616 1748 1725 1801; x_wconf 90' lang='grc' dir='ltr'><strong>τῶν</strong></span> 
     </span>
    </p>
   </div>
   <div class='ocr_carea' id='block_1_18' title="bbox 142 1831 1722 1904">
    <p class='ocr_par' dir='ltr' id='par_1_18' title="bbox 142 1831 1722 1904">
     <span class='ocr_line' id='line_1_18' title="bbox 142 1831 1722 1904; baseline 0.002 -22"><span class='ocrx_word' id='word_1_141' title='bbox 142 1831 382 1901; x_wconf 80' lang='grc' dir='ltr'><strong>ἀνθρώπων</strong></span> <span class='ocrx_word' id='word_1_142' title='bbox 425 1834 563 1902; x_wconf 85' lang='grc' dir='ltr'><strong>μετά</strong></span> <span class='ocrx_word' id='word_1_143' title='bbox 608 1834 809 1903; x_wconf 89' lang='grc' dir='ltr'><strong>πολλῆς</strong></span> <span class='ocrx_word' id='word_1_144' title='bbox 851 1832 1011 1887; x_wconf 88' lang='grc' dir='ltr'><strong>τοῦτο</strong></span> <span class='ocrx_word' id='word_1_145' title='bbox 1054 1834 1245 1903; x_wconf 89' lang='grc' dir='ltr'><strong>γέγονε</strong></span> <span class='ocrx_word' id='word_1_146' title='bbox 1280 1835 1378 1904; x_wconf 90' lang='grc' dir='ltr'><strong>τῆς</strong></span> <span class='ocrx_word' id='word_1_147' title='bbox 1422 1834 1722 1904; x_wconf 81' lang='grc' dir='ltr'><strong>ἀκριϐείας.</strong></span> 
     </span>
    </p>
   </div>
   <div class='ocr_carea' id='block_1_19' title="bbox 140 1917 1726 1990">
    <p class='ocr_par' dir='ltr' id='par_1_19' title="bbox 140 1917 1726 1990">
     <span class='ocr_line' id='line_1_19' title="bbox 140 1917 1726 1990; baseline 0.004 -23"><span class='ocrx_word' id='word_1_148' title='bbox 140 1917 184 1967; x_wconf 79' lang='lat' dir='ltr'><strong><em>Ol</em></strong></span> <span class='ocrx_word' id='word_1_149' title='bbox 204 1917 281 1985; x_wconf 81' lang='grc' dir='ltr'><strong>μὲν</strong></span> <span class='ocrx_word' id='word_1_150' title='bbox 292 1918 388 1987; x_wconf 87' lang='grc' dir='ltr'><strong>γὰρ</strong></span> <span class='ocrx_word' id='word_1_151' title='bbox 412 1917 646 1972; x_wconf 78' lang='grc' dir='ltr'><strong>Ἰουδαῖοι</strong></span> <span class='ocrx_word' id='word_1_152' title='bbox 669 1920 879 1990; x_wconf 89' lang='grc' dir='ltr'><strong>μυρίοις</strong></span> <span class='ocrx_word' id='word_1_153' title='bbox 895 1920 1135 1983; x_wconf 81' lang='grc' dir='ltr'><strong>δεθέντες</strong></span> <span class='ocrx_word' id='word_1_154' title='bbox 1155 1921 1387 1990; x_wconf 89' lang='grc' dir='ltr'><strong>δεσμοῖς,</strong></span> <span class='ocrx_word' id='word_1_155' title='bbox 1407 1920 1726 1989; x_wconf 78' lang='grc' dir='ltr'><strong>συνέτριψαν</strong></span> 
     </span>
    </p>
   </div>
   <div class='ocr_carea' id='block_1_20' title="bbox 140 2001 1729 2075">
    <p class='ocr_par' dir='ltr' id='par_1_20' title="bbox 140 2001 1729 2075">
     <span class='ocr_line' id='line_1_20' title="bbox 140 2001 1729 2075; baseline 0.011 -24"><span class='ocrx_word' id='word_1_156' title='bbox 140 2001 205 2053; x_wconf 70' lang='grc' dir='ltr'><strong>τὸν</strong></span> <span class='ocrx_word' id='word_1_157' title='bbox 226 2001 378 2070; x_wconf 76' lang='grc' dir='ltr'><strong>ζυγὸν,</strong></span> <span class='ocrx_word' id='word_1_158' title='bbox 405 2004 691 2075; x_wconf 75' lang='grc' dir='ltr'><strong>διέρρηξαν</strong></span> <span class='ocrx_word' id='word_1_159' title='bbox 714 2005 805 2058; x_wconf 74' lang='grc' dir='ltr'><strong>τὸν</strong></span> <span class='ocrx_word' id='word_1_160' title='bbox 827 2006 1043 2075; x_wconf 73' lang='grc' dir='ltr'><strong>δεσμὸν,</strong></span> <span class='ocrx_word' id='word_1_161' title='bbox 1068 2005 1247 2068; x_wconf 90' lang='grc' dir='ltr'><strong>καθὼς</strong></span> <span class='ocrx_word' id='word_1_162' title='bbox 1269 2008 1297 2057; x_wconf 91' lang='lat'><strong>6</strong></span> <span class='ocrx_word' id='word_1_163' title='bbox 1322 2006 1603 2075; x_wconf 82' lang='grc' dir='ltr'><strong>προφήτης</strong></span> <span class='ocrx_word' id='word_1_164' title='bbox 1626 2022 1729 2075; x_wconf 83' lang='grc' dir='ltr'><strong>φη·</strong></span> 
     </span>
    </p>
   </div>
   <div class='ocr_carea' id='block_1_21' title="bbox 140 2086 1728 2161">
    <p class='ocr_par' dir='ltr' id='par_1_21' title="bbox 140 2086 1728 2161">
     <span class='ocr_line' id='line_1_21' title="bbox 140 2086 1728 2161; baseline 0.003 -24"><span class='ocrx_word' id='word_1_165' title='bbox 140 2086 198 2137; x_wconf 81' lang='grc' dir='ltr'><strong>σί’</strong></span> <span class='ocrx_word' id='word_1_166' title='bbox 212 2089 265 2140; x_wconf 76' lang='grc' dir='ltr'><strong>τὰ</strong></span> <span class='ocrx_word' id='word_1_167' title='bbox 280 2088 328 2139; x_wconf 83' lang='grc' dir='ltr'><strong>δὲ</strong></span> <span class='ocrx_word' id='word_1_168' title='bbox 346 2088 462 2159; x_wconf 84' lang='grc' dir='ltr'><strong>ἐθνη</strong></span> <span class='ocrx_word' id='word_1_169' title='bbox 487 2090 707 2159; x_wconf 80' lang='grc' dir='ltr'><strong>οὐδεμιᾷ</strong></span> <span class='ocrx_word' id='word_1_170' title='bbox 728 2090 946 2160; x_wconf 77' lang='grc' dir='ltr'><strong>τοιαύτῃ</strong></span> <span class='ocrx_word' id='word_1_171' title='bbox 966 2090 1184 2144; x_wconf 76' lang='grc' dir='ltr'><strong>δεθέντα</strong></span> <span class='ocrx_word' id='word_1_172' title='bbox 1206 2091 1417 2161; x_wconf 81' lang='grc' dir='ltr'><strong>ἀνάγκῃ</strong></span> <span class='ocrx_word' id='word_1_173' title='bbox 1432 2092 1481 2157; x_wconf 74' lang='grc'><strong>1³,</strong></span> <span class='ocrx_word' id='word_1_174' title='bbox 1500 2091 1728 2160; x_wconf 79' lang='grc' dir='ltr'><strong>ἑτοίμως</strong></span> 
     </span>
    </p>
   </div>
   <div class='ocr_carea' id='block_1_22' title="bbox 140 2171 1728 2247">
    <p class='ocr_par' dir='ltr' id='par_1_22' title="bbox 140 2171 1728 2247">
     <span class='ocr_line' id='line_1_22' title="bbox 140 2171 1728 2247; baseline 0.006 -27"><span class='ocrx_word' id='word_1_175' title='bbox 140 2171 409 2239; x_wconf 78' lang='grc' dir='ltr'><strong>ὑπήκουσαν,</strong></span> <span class='ocrx_word' id='word_1_176' title='bbox 438 2173 518 2236; x_wconf 81' lang='grc' dir='ltr'><strong>ὡς</strong></span> <span class='ocrx_word' id='word_1_177' title='bbox 558 2175 623 2227; x_wconf 81' lang='grc' dir='ltr'><strong>ἀν</strong></span> <span class='ocrx_word' id='word_1_178' title='bbox 654 2174 794 2227; x_wconf 85' lang='grc' dir='ltr'><strong>ἐλικι</strong></span> <span class='ocrx_word' id='word_1_179' title='bbox 823 2175 1001 2239; x_wconf 85' lang='grc' dir='ltr'><strong>πῶλος</strong></span> <span class='ocrx_word' id='word_1_180' title='bbox 1041 2176 1421 2247; x_wconf 86' lang='grc' dir='ltr'><strong>δεσμούμενος,</strong></span> <span class='ocrx_word' id='word_1_181' title='bbox 1452 2178 1545 2229; x_wconf 69' lang='grc' dir='ltr'><strong>καὶ</strong></span> <span class='ocrx_word' id='word_1_182' title='bbox 1577 2177 1728 2230; x_wconf 85' lang='grc' dir='ltr'><strong>οὐδὲν</strong></span> 
     </span>
    </p>
   </div>
   <div class='ocr_carea' id='block_1_23' title="bbox 138 2256 1730 2331">
    <p class='ocr_par' dir='ltr' id='par_1_23' title="bbox 138 2256 1730 2331">
     <span class='ocr_line' id='line_1_23' title="bbox 138 2256 1730 2331; baseline 0.006 -26"><span class='ocrx_word' id='word_1_183' title='bbox 138 2256 409 2324; x_wconf 76' lang='grc' dir='ltr'><strong>ἐλυμήναντο</strong></span> <span class='ocrx_word' id='word_1_184' title='bbox 455 2259 568 2311; x_wconf 88' lang='grc' dir='ltr'><strong>τῶν</strong></span> <span class='ocrx_word' id='word_1_185' title='bbox 609 2260 1033 2329; x_wconf 71' lang='grc' dir='ltr'><strong>ἐπιταγμάτων,</strong></span> <span class='ocrx_word' id='word_1_186' title='bbox 1082 2262 1218 2315; x_wconf 88' lang='grc' dir='ltr'><strong>ἀλλά</strong></span> <span class='ocrx_word' id='word_1_187' title='bbox 1277 2264 1730 2331; x_wconf 83' lang='grc' dir='ltr'><strong>παρειστήκεισαν</strong></span> 
     </span>
    </p>
   </div>
   <div class='ocr_carea' id='block_1_24' title="bbox 139 2341 1731 2418">
    <p class='ocr_par' dir='ltr' id='par_1_24' title="bbox 139 2341 1731 2418">
     <span class='ocr_line' id='line_1_24' title="bbox 139 2341 1731 2418; baseline 0.007 -28"><span class='ocrx_word' id='word_1_188' title='bbox 139 2341 291 2409; x_wconf 71' lang='grc' dir='ltr'><strong>πολλὴν</strong></span> <span class='ocrx_word' id='word_1_189' title='bbox 328 2344 708 2414; x_wconf 74' lang='grc' dir='ltr'><strong>ἐνδεικνύμενοι</strong></span> <span class='ocrx_word' id='word_1_190' title='bbox 749 2347 847 2415; x_wconf 81' lang='grc' dir='ltr'><strong>τὴν</strong></span> <span class='ocrx_word' id='word_1_191' title='bbox 890 2347 1153 2418; x_wconf 82' lang='grc' dir='ltr'><strong>ὑπακοήν.</strong></span> <span class='ocrx_word' id='word_1_192' title='bbox 1189 2348 1294 2402; x_wconf 86' lang='lat' dir='ltr'><strong><em>Kal</em></strong></span> <span class='ocrx_word' id='word_1_193' title='bbox 1338 2349 1731 2415; x_wconf 80' lang='grc' dir='ltr'><strong>πορεύσονται</strong></span> 
     </span>
    </p>
   </div>
   <div class='ocr_carea' id='block_1_25' title="bbox 136 2428 1729 2501">
    <p class='ocr_par' dir='ltr' id='par_1_25' title="bbox 136 2428 1729 2501">
     <span class='ocr_line' id='line_1_25' title="bbox 136 2428 1729 2501; baseline 0.005 -24"><span class='ocrx_word' id='word_1_194' title='bbox 136 2428 236 2479; x_wconf 81' lang='lat' dir='ltr'><strong><em>.laol</em></strong></span> <span class='ocrx_word' id='word_1_195' title='bbox 258 2429 472 2495; x_wconf 74' lang='grc' dir='ltr'><strong>πολλοὶ,</strong></span> <span class='ocrx_word' id='word_1_196' title='bbox 504 2430 601 2483; x_wconf 81' lang='grc' dir='ltr'><strong>καί</strong></span> <span class='ocrx_word' id='word_1_197' title='bbox 626 2431 829 2500; x_wconf 79' lang='grc' dir='ltr'><strong>ἐροῦσι</strong></span> <span class='ocrx_word' id='word_1_198' title='bbox 849 2448 863 2461; x_wconf 94' lang='grc'><strong>·</strong></span> <span class='ocrx_word' id='word_1_199' title='bbox 884 2432 1077 2496; x_wconf 84' lang='grc' dir='ltr'><strong>Δεῦτε,</strong></span> <span class='ocrx_word' id='word_1_200' title='bbox 1105 2432 1205 2486; x_wconf 82' lang='grc' dir='ltr'><strong>καί</strong></span> <span class='ocrx_word' id='word_1_201' title='bbox 1228 2432 1534 2501; x_wconf 75' lang='grc' dir='ltr'><strong>ἀναδῶμεν</strong></span> <span class='ocrx_word' id='word_1_202' title='bbox 1556 2436 1642 2497; x_wconf 83' lang='grc' dir='ltr'><strong>είς</strong></span> <span class='ocrx_word' id='word_1_203' title='bbox 1663 2433 1729 2485; x_wconf 81' lang='grc' dir='ltr'><strong>τὸ</strong></span> 
     </span>
    </p>
   </div>
   <div class='ocr_carea' id='block_1_26' title="bbox 137 2510 1727 2589">
    <p class='ocr_par' dir='ltr' id='par_1_26' title="bbox 137 2510 1727 2589">
     <span class='ocr_line' id='line_1_26' title="bbox 137 2510 1727 2589; baseline 0.001 -21"><span class='ocrx_word' id='word_1_204' title='bbox 137 2510 234 2576; x_wconf 73' lang='grc' dir='ltr'><strong>ὅρος</strong></span> <span class='ocrx_word' id='word_1_205' title='bbox 256 2514 348 2567; x_wconf 85' lang='grc' dir='ltr'><strong>τοῦ</strong></span> <span class='ocrx_word' id='word_1_206' title='bbox 374 2516 610 2582; x_wconf 76' lang='grc' dir='ltr'><strong>Κυρίου,</strong></span> <span class='ocrx_word' id='word_1_207' title='bbox 645 2517 742 2569; x_wconf 79' lang='grc' dir='ltr'><strong>καὶ</strong></span> <span class='ocrx_word' id='word_1_208' title='bbox 767 2520 854 2582; x_wconf 87' lang='grc' dir='ltr'><strong>είς</strong></span> <span class='ocrx_word' id='word_1_209' title='bbox 880 2518 991 2571; x_wconf 85' lang='grc' dir='ltr'><strong>τὸν</strong></span> <span class='ocrx_word' id='word_1_210' title='bbox 1016 2514 1184 2572; x_wconf 79' lang='grc' dir='ltr'><strong>οἷκον</strong></span> <span class='ocrx_word' id='word_1_211' title='bbox 1208 2519 1313 2571; x_wconf 77' lang='grc' dir='ltr'><strong>τοῦ</strong></span> <span class='ocrx_word' id='word_1_212' title='bbox 1341 2519 1484 2572; x_wconf 84' lang='grc' dir='ltr'><strong>Θεοῦ</strong></span> <span class='ocrx_word' id='word_1_213' title='bbox 1511 2518 1727 2589; x_wconf 77' lang='grc' dir='ltr'><strong>Ἰακώϐ.</strong></span> 
     </span>
    </p>
   </div>
   <div class='ocr_carea' id='block_1_27' title="bbox 138 2596 1730 2673">
    <p class='ocr_par' dir='ltr' id='par_1_27' title="bbox 138 2596 1730 2673">
     <span class='ocr_line' id='line_1_27' title="bbox 138 2596 1730 2673; baseline 0.004 -26"><span class='ocrx_word' id='word_1_214' title='bbox 138 2596 247 2664; x_wconf 87' lang='grc' dir='ltr'><strong>Ὀρα</strong></span> <span class='ocrx_word' id='word_1_215' title='bbox 287 2600 592 2670; x_wconf 78' lang='grc' dir='ltr'><strong>χορεύοντας</strong></span> <span class='ocrx_word' id='word_1_216' title='bbox 641 2603 734 2654; x_wconf 80' lang='grc' dir='ltr'><strong>καὶ</strong></span> <span class='ocrx_word' id='word_1_217' title='bbox 796 2603 1255 2673; x_wconf 73' lang='grc' dir='ltr'><strong>πανηγυρίζοντας</strong></span> <span class='ocrx_word' id='word_1_218' title='bbox 1279 2641 1294 2665; x_wconf 88' lang='grc'><strong>,</strong></span> <span class='ocrx_word' id='word_1_219' title='bbox 1352 2603 1443 2654; x_wconf 76' lang='grc' dir='ltr'><strong>καὶ</strong></span> <span class='ocrx_word' id='word_1_220' title='bbox 1486 2602 1730 2672; x_wconf 88' lang='grc' dir='ltr'><strong>ἀλλήλοις</strong></span> 
     </span>
    </p>
   </div>
   <div class='ocr_carea' id='block_1_28' title="bbox 136 2682 1733 2758">
    <p class='ocr_par' dir='ltr' id='par_1_28' title="bbox 136 2682 1733 2758">
     <span class='ocr_line' id='line_1_28' title="bbox 136 2682 1733 2758; baseline 0.004 -24"><span class='ocrx_word' id='word_1_221' title='bbox 136 2682 544 2753; x_wconf 77' lang='grc' dir='ltr'><strong>ίγκιλευομένους,</strong></span> <span class='ocrx_word' id='word_1_222' title='bbox 560 2686 656 2739; x_wconf 77' lang='grc' dir='ltr'><strong>καὶ</strong></span> <span class='ocrx_word' id='word_1_223' title='bbox 676 2686 881 2750; x_wconf 81' lang='grc' dir='ltr'><strong>πάντας</strong></span> <span class='ocrx_word' id='word_1_224' title='bbox 904 2688 1252 2751; x_wconf 86' lang='grc' dir='ltr'><strong>διδασκάλους</strong></span> <span class='ocrx_word' id='word_1_225' title='bbox 1274 2689 1581 2758; x_wconf 80' lang='grc' dir='ltr'><strong>γινομένους</strong></span> <span class='ocrx_word' id='word_1_226' title='bbox 1599 2706 1612 2718; x_wconf 91' lang='grc'><strong>·</strong></span> <span class='ocrx_word' id='word_1_227' title='bbox 1639 2690 1733 2741; x_wconf 78' lang='grc' dir='ltr'><strong>καὶ</strong></span> 
     </span>
    </p>
   </div>
   <div class='ocr_carea' id='block_1_29' title="bbox 137 2768 1731 2844">
    <p class='ocr_par' dir='ltr' id='par_1_29' title="bbox 137 2768 1731 2844">
     <span class='ocr_line' id='line_1_29' title="bbox 137 2768 1731 2844; baseline 0.006 -26"><span class='ocrx_word' id='word_1_228' title='bbox 137 2768 206 2836; x_wconf 68' lang='grc' dir='ltr'><strong>οὐχ</strong></span> <span class='ocrx_word' id='word_1_229' title='bbox 230 2769 295 2830; x_wconf 83' lang='grc' dir='ltr'><strong>ἐν,</strong></span> <span class='ocrx_word' id='word_1_230' title='bbox 323 2772 408 2823; x_wconf 85' lang='grc' dir='ltr'><strong>καὶ</strong></span> <span class='ocrx_word' id='word_1_231' title='bbox 443 2771 709 2843; x_wconf 86' lang='grc' dir='ltr'><strong>δεύτερον,</strong></span> <span class='ocrx_word' id='word_1_232' title='bbox 753 2774 846 2826; x_wconf 76' lang='grc' dir='ltr'><strong>καὶ</strong></span> <span class='ocrx_word' id='word_1_233' title='bbox 877 2774 1077 2844; x_wconf 89' lang='grc' dir='ltr'><strong>τρίτον,</strong></span> <span class='ocrx_word' id='word_1_234' title='bbox 1110 2775 1244 2827; x_wconf 88' lang='grc' dir='ltr'><strong>ἀλλά</strong></span> <span class='ocrx_word' id='word_1_235' title='bbox 1282 2774 1376 2827; x_wconf 69' lang='grc' dir='ltr'><strong>καὶ</strong></span> <span class='ocrx_word' id='word_1_236' title='bbox 1413 2774 1575 2827; x_wconf 84' lang='grc' dir='ltr'><strong>πολλὰ</strong></span> <span class='ocrx_word' id='word_1_237' title='bbox 1607 2774 1731 2843; x_wconf 76' lang='grc' dir='ltr'><strong>ἔθνη</strong></span> 
     </span>
    </p>
   </div>
   <div class='ocr_carea' id='block_1_30' title="bbox 135 2854 1735 2928">
    <p class='ocr_par' dir='ltr' id='par_1_30' title="bbox 135 2854 1735 2928">
     <span class='ocr_line' id='line_1_30' title="bbox 135 2854 1735 2928; baseline 0.005 -25"><span class='ocrx_word' id='word_1_238' title='bbox 135 2854 456 2924; x_wconf 60' lang='grc' dir='ltr'><strong>σιντρέχοντα.</strong></span> <span class='ocrx_word' id='word_1_239' title='bbox 490 2857 715 2921; x_wconf 78' lang='grc' dir='ltr'><strong>Ἥξουσι</strong></span> <span class='ocrx_word' id='word_1_240' title='bbox 761 2858 900 2928; x_wconf 83' lang='grc' dir='ltr'><strong>γὰρ,</strong></span> <span class='ocrx_word' id='word_1_241' title='bbox 929 2860 1092 2928; x_wconf 76' lang='grc' dir='ltr'><strong>φησὶ,</strong></span> <span class='ocrx_word' id='word_1_242' title='bbox 1135 2860 1254 2913; x_wconf 72' lang='grc' dir='ltr'><strong>λαοὶ</strong></span> <span class='ocrx_word' id='word_1_243' title='bbox 1295 2860 1502 2921; x_wconf 79' lang='grc' dir='ltr'><strong>πολλοὶ,</strong></span> <span class='ocrx_word' id='word_1_244' title='bbox 1537 2861 1630 2912; x_wconf 75' lang='grc' dir='ltr'><strong>καὶ</strong></span> <span class='ocrx_word' id='word_1_245' title='bbox 1671 2862 1735 2911; x_wconf 89' lang='grc' dir='ltr'><strong>ἐκ</strong></span> 
     </span>
    </p>
   </div>
   <div class='ocr_carea' id='block_1_31' title="bbox 134 2935 1733 3015">
    <p class='ocr_par' dir='ltr' id='par_1_31' title="bbox 134 2935 1733 3015">
     <span class='ocr_line' id='line_1_31' title="bbox 134 2935 1733 3015; baseline 0.003 -23"><span class='ocrx_word' id='word_1_246' title='bbox 134 2935 355 3009; x_wconf 63' lang='grc' dir='ltr'><strong>διαφόρων</strong></span> <span class='ocrx_word' id='word_1_247' title='bbox 381 2944 593 3014; x_wconf 87' lang='grc' dir='ltr'><strong>χωρῶν,</strong></span> <span class='ocrx_word' id='word_1_248' title='bbox 619 2945 751 3015; x_wconf 84' lang='grc' dir='ltr'><strong>ὅπερ</strong></span> <span class='ocrx_word' id='word_1_249' title='bbox 781 2947 873 2998; x_wconf 72' lang='grc' dir='ltr'><strong>ἐπὶ</strong></span> <span class='ocrx_word' id='word_1_250' title='bbox 908 2946 1016 2999; x_wconf 85' lang='grc' dir='ltr'><strong>τῶν</strong></span> <span class='ocrx_word' id='word_1_251' title='bbox 1063 2946 1329 2998; x_wconf 85' lang='grc' dir='ltr'><strong>Ἰουδαίων</strong></span> <span class='ocrx_word' id='word_1_252' title='bbox 1366 2946 1613 2997; x_wconf 87' lang='grc' dir='ltr'><strong>οὐδέποτε</strong></span> <span class='ocrx_word' id='word_1_253' title='bbox 1639 2945 1733 3012; x_wconf 77' lang='grc' dir='ltr'><strong>γέο</strong></span> 
     </span>
    </p>
   </div>
   <div class='ocr_carea' id='block_1_32' title="bbox 134 3028 1734 3101">
    <p class='ocr_par' dir='ltr' id='par_1_32' title="bbox 134 3028 1734 3101">
     <span class='ocr_line' id='line_1_32' title="bbox 134 3028 1734 3101; baseline 0.006 -28"><span class='ocrx_word' id='word_1_254' title='bbox 134 3037 284 3087; x_wconf 72' lang='grc' dir='ltr'><strong>γονενυ</strong></span> <span class='ocrx_word' id='word_1_255' title='bbox 316 3028 422 3080; x_wconf 78' lang='grc' dir='ltr'><strong>ἀλλ’</strong></span> <span class='ocrx_word' id='word_1_256' title='bbox 458 3031 508 3081; x_wconf 90' lang='grc' dir='ltr'><strong>εί</strong></span> <span class='ocrx_word' id='word_1_257' title='bbox 540 3031 633 3082; x_wconf 91' lang='grc' dir='ltr'><strong>καί</strong></span> <span class='ocrx_word' id='word_1_258' title='bbox 672 3046 815 3092; x_wconf 91' lang='grc' dir='ltr'><strong>τινες</strong></span> <span class='ocrx_word' id='word_1_259' title='bbox 848 3032 1169 3100; x_wconf 84' lang='grc' dir='ltr'><strong>προσῆλθον,</strong></span> <span class='ocrx_word' id='word_1_260' title='bbox 1200 3031 1366 3097; x_wconf 83' lang='grc' dir='ltr'><strong>ὀλίγοι</strong></span> <span class='ocrx_word' id='word_1_261' title='bbox 1398 3032 1526 3083; x_wconf 84' lang='grc' dir='ltr'><strong>ποτὲ</strong></span> <span class='ocrx_word' id='word_1_262' title='bbox 1566 3048 1734 3101; x_wconf 87' lang='grc' dir='ltr'><strong>προσ-</strong></span> 
     </span>
    </p>
   </div>
   <div class='ocr_carea' id='block_1_33' title="bbox 136 3109 1734 3187">
    <p class='ocr_par' dir='ltr' id='par_1_33' title="bbox 136 3109 1734 3187">
     <span class='ocr_line' id='line_1_33' title="bbox 136 3109 1734 3187; baseline 0.009 -26"><span class='ocrx_word' id='word_1_263' title='bbox 136 3109 299 3173; x_wconf 75' lang='grc' dir='ltr'><strong>ήλυτοι,</strong></span> <span class='ocrx_word' id='word_1_264' title='bbox 324 3113 458 3180; x_wconf 71' lang='grc' dir='ltr'><strong>μετά</strong></span> <span class='ocrx_word' id='word_1_265' title='bbox 502 3114 701 3183; x_wconf 89' lang='grc' dir='ltr'><strong>πολλῆς</strong></span> <span class='ocrx_word' id='word_1_266' title='bbox 735 3116 827 3166; x_wconf 78' lang='grc' dir='ltr'><strong>καὶ</strong></span> <span class='ocrx_word' id='word_1_267' title='bbox 873 3116 1024 3167; x_wconf 77' lang='grc' dir='ltr'><strong>αὐτοὶ</strong></span> <span class='ocrx_word' id='word_1_268' title='bbox 1057 3116 1154 3184; x_wconf 87' lang='grc' dir='ltr'><strong>τῆς</strong></span> <span class='ocrx_word' id='word_1_269' title='bbox 1192 3116 1304 3187; x_wconf 74' lang='grc'>[25]</span> <span class='ocrx_word' id='word_1_270' title='bbox 1337 3116 1734 3186; x_wconf 80' lang='grc' dir='ltr'><strong>πραγματείας,</strong></span> 
     </span>
    </p>
   </div>
   <div class='ocr_carea' id='block_1_34' title="bbox 134 3194 1737 3271">
    <p class='ocr_par' dir='ltr' id='par_1_34' title="bbox 134 3194 1737 3271">
     <span class='ocr_line' id='line_1_34' title="bbox 134 3194 1737 3271; baseline 0.004 -27"><span class='ocrx_word' id='word_1_271' title='bbox 134 3194 203 3245; x_wconf 77' lang='grc' dir='ltr'><strong>καὶ</strong></span> <span class='ocrx_word' id='word_1_272' title='bbox 228 3195 455 3249; x_wconf 81' lang='grc' dir='ltr'><strong>οὐδέποτε</strong></span> <span class='ocrx_word' id='word_1_273' title='bbox 482 3198 610 3268; x_wconf 84' lang='grc' dir='ltr'><strong>ἐθνη</strong></span> <span class='ocrx_word' id='word_1_274' title='bbox 643 3199 968 3269; x_wconf 81' lang='grc' dir='ltr'><strong>ἐκλήθησαν,</strong></span> <span class='ocrx_word' id='word_1_275' title='bbox 1006 3199 1141 3253; x_wconf 83' lang='grc' dir='ltr'><strong>ἀλλὰ</strong></span> <span class='ocrx_word' id='word_1_276' title='bbox 1172 3201 1515 3271; x_wconf 83' lang='grc' dir='ltr'><strong>προσήλυτοι.</strong></span> <span class='ocrx_word' id='word_1_277' title='bbox 1545 3205 1737 3266; x_wconf 85' lang='grc' dir='ltr'><strong>Προσ-</strong></span> 
     </span>
    </p>
   </div>
   <div class='ocr_carea' id='block_1_35' title="bbox 131 3279 1738 3352">
    <p class='ocr_par' dir='ltr' id='par_1_35' title="bbox 131 3279 1738 3352">
     <span class='ocr_line' id='line_1_35' title="bbox 131 3279 1738 3352; baseline 0.004 -20"><span class='ocrx_word' id='word_1_278' title='bbox 131 3279 300 3343; x_wconf 75' lang='grc' dir='ltr'><strong>ήλυτοι</strong></span> <span class='ocrx_word' id='word_1_279' title='bbox 333 3283 436 3352; x_wconf 82' lang='grc' dir='ltr'><strong>γάρ</strong></span> <span class='ocrx_word' id='word_1_280' title='bbox 478 3284 581 3336; x_wconf 73' lang='grc' dir='ltr'><strong>ἐπὶ</strong></span> <span class='ocrx_word' id='word_1_281' title='bbox 619 3284 693 3337; x_wconf 84' lang='grc' dir='ltr'><strong>σὲ</strong></span> <span class='ocrx_word' id='word_1_282' title='bbox 740 3284 1181 3350; x_wconf 79' lang='grc' dir='ltr'><strong>διελεύσονται,</strong></span> <span class='ocrx_word' id='word_1_283' title='bbox 1226 3287 1324 3340; x_wconf 87' lang='grc' dir='ltr'><strong>καί</strong></span> <span class='ocrx_word' id='word_1_284' title='bbox 1349 3303 1446 3339; x_wconf 87' lang='grc' dir='ltr'><strong>σοι</strong></span> <span class='ocrx_word' id='word_1_285' title='bbox 1498 3286 1738 3338; x_wconf 74' lang='grc' dir='ltr'><strong>ἔσονται</strong></span> 
     </span>
    </p>
   </div>
   <div class='ocr_carea' id='block_1_36' title="bbox 132 3362 1735 3442">
    <p class='ocr_par' dir='ltr' id='par_1_36' title="bbox 132 3362 1735 3442">
     <span class='ocr_line' id='line_1_36' title="bbox 132 3362 1735 3442; baseline 0.007 -27"><span class='ocrx_word' id='word_1_286' title='bbox 132 3362 315 3430; x_wconf 71' lang='grc' dir='ltr'><strong>δοῦλοι,</strong></span> <span class='ocrx_word' id='word_1_287' title='bbox 344 3370 522 3437; x_wconf 89' lang='grc' dir='ltr'><strong>φησίν.</strong></span> <span class='ocrx_word' id='word_1_288' title='bbox 549 3369 612 3423; x_wconf 83' lang='lat' dir='ltr'><strong><em>El</em></strong></span> <span class='ocrx_word' id='word_1_289' title='bbox 632 3371 687 3423; x_wconf 84' lang='grc' dir='ltr'><strong>δέ</strong></span> <span class='ocrx_word' id='word_1_290' title='bbox 714 3372 961 3441; x_wconf 77' lang='grc' dir='ltr'><strong>ἐπιμένει</strong></span> <span class='ocrx_word' id='word_1_291' title='bbox 986 3374 1052 3442; x_wconf 77' lang='grc' dir='ltr'><strong>τῇ</strong></span> <span class='ocrx_word' id='word_1_292' title='bbox 1088 3374 1366 3442; x_wconf 84' lang='grc' dir='ltr'><strong>μεταφορᾷ</strong></span> <span class='ocrx_word' id='word_1_293' title='bbox 1386 3374 1413 3423; x_wconf 93' lang='lat'><strong>6</strong></span> <span class='ocrx_word' id='word_1_294' title='bbox 1436 3373 1735 3442; x_wconf 80' lang='grc' dir='ltr'><strong>προφήτης,</strong></span> 
     </span>
    </p>
   </div>
   <div class='ocr_carea' id='block_1_37' title="bbox 128 3448 1734 3545">
    <p class='ocr_par' dir='ltr' id='par_1_37' title="bbox 128 3448 1734 3545">
     <span class='ocr_line' id='line_1_37' title="bbox 128 3448 1734 3545; baseline 0.002 -38"><span class='ocrx_word' id='word_1_295' title='bbox 251 3454 418 3545; x_wconf 79' lang='grc' dir='ltr'><strong>καλῶν</strong></span> <span class='ocrx_word' id='word_1_296' title='bbox 446 3456 555 3545; x_wconf 63' lang='grc' dir='ltr'><strong>καὶ⁸</strong></span> <span class='ocrx_word' id='word_1_297' title='bbox 588 3453 731 3510; x_wconf 83' lang='grc' dir='ltr'><strong>οἷκον</strong></span> <span class='ocrx_word' id='word_1_298' title='bbox 771 3458 868 3545; x_wconf 69' lang='grc' dir='ltr'><strong>τοῦ</strong></span> <span class='ocrx_word' id='word_1_299' title='bbox 898 3459 1033 3545; x_wconf 41' lang='lat'><strong>8.505</strong></span> <span class='ocrx_word' id='word_1_300' title='bbox 1079 3457 1290 3519; x_wconf 85' lang='grc' dir='ltr'><strong>Ἰακὼϐ,</strong></span> <span class='ocrx_word' id='word_1_301' title='bbox 1324 3460 1399 3529; x_wconf 83' lang='grc' dir='ltr'><strong>μὴ</strong></span> <span class='ocrx_word' id='word_1_302' title='bbox 1434 3457 1734 3528; x_wconf 80' lang='grc' dir='ltr'><strong>θαυμάσῃς.</strong></span> 
     </span>
    </p>
   </div>
   <div class='ocr_carea' id='block_1_38' title="bbox 153 3534 1742 3615">
    <p class='ocr_par' dir='ltr' id='par_1_38' title="bbox 153 3534 1742 3615">
     <span class='ocr_line' id='line_1_38' title="bbox 153 3534 1742 3615; baseline 0.005 -34"><span class='ocrx_word' id='word_1_303' title='bbox 153 3534 273 3602; x_wconf 82' lang='grc' dir='ltr'><strong>υπερ</strong></span> <span class='ocrx_word' id='word_1_304' title='bbox 313 3536 418 3605; x_wconf 86' lang='grc' dir='ltr'><strong>γὰρ</strong></span> <span class='ocrx_word' id='word_1_305' title='bbox 460 3538 631 3609; x_wconf 76' lang='grc' dir='ltr'><strong>ἔφθην</strong></span> <span class='ocrx_word' id='word_1_306' title='bbox 667 3539 855 3605; x_wconf 89' lang='grc' dir='ltr'><strong>είπὼν,</strong></span> <span class='ocrx_word' id='word_1_307' title='bbox 890 3539 987 3593; x_wconf 90' lang='grc' dir='ltr'><strong>νῦν</strong></span> <span class='ocrx_word' id='word_1_308' title='bbox 1037 3540 1135 3615; x_wconf 81' lang='grc' dir='ltr'><strong>μὲν</strong></span> <span class='ocrx_word' id='word_1_309' title='bbox 1174 3540 1509 3610; x_wconf 86' lang='grc' dir='ltr'><strong>παρανοίγει,</strong></span> <span class='ocrx_word' id='word_1_310' title='bbox 1552 3538 1645 3591; x_wconf 89' lang='grc' dir='ltr'><strong>νῦν</strong></span> <span class='ocrx_word' id='word_1_311' title='bbox 1684 3538 1742 3590; x_wconf 80' lang='grc' dir='ltr'><strong>δὲ</strong></span> 
     </span>
    </p>
   </div>
   <div class='ocr_carea' id='block_1_39' title="bbox 130 3619 1742 3712">
    <p class='ocr_par' dir='ltr' id='par_1_39' title="bbox 130 3619 1742 3712">
     <span class='ocr_line' id='line_1_39' title="bbox 130 3619 1742 3712; baseline -0.003 -32"><span class='ocrx_word' id='word_1_312' title='bbox 130 3619 365 3712; x_wconf 48' lang='grc' dir='ltr'><strong>ςυσκιάζει</strong></span> <span class='ocrx_word' id='word_1_313' title='bbox 386 3623 485 3694; x_wconf 77' lang='grc' dir='ltr'><strong>τὴν</strong></span> <span class='ocrx_word' id='word_1_314' title='bbox 504 3625 845 3712; x_wconf 8' lang='grc' dir='ltr'><strong>,προφητείαν</strong></span> <span class='ocrx_word' id='word_1_315' title='bbox 863 3644 876 3656; x_wconf 87' lang='grc'><strong>·</strong></span> <span class='ocrx_word' id='word_1_316' title='bbox 901 3625 963 3678; x_wconf 83' lang='grc' dir='ltr'><strong>τὸ</strong></span> <span class='ocrx_word' id='word_1_317' title='bbox 986 3626 1105 3697; x_wconf 81' lang='grc' dir='ltr'><strong>μὲν,</strong></span> <span class='ocrx_word' id='word_1_318' title='bbox 1125 3627 1210 3680; x_wconf 82' lang='grc' dir='ltr'><strong>ἵνα</strong></span> <span class='ocrx_word' id='word_1_319' title='bbox 1230 3630 1340 3689; x_wconf 91' lang='grc' dir='ltr'><strong>τοῖς</strong></span> <span class='ocrx_word' id='word_1_320' title='bbox 1363 3625 1742 3694; x_wconf 86' lang='grc' dir='ltr'><strong>συνετωτέροις</strong></span> 
     </span>
    </p>
   </div>
   <div class='ocr_carea' id='block_1_40' title="bbox 129 3707 1744 3780">
    <p class='ocr_par' dir='ltr' id='par_1_40' title="bbox 129 3707 1744 3780">
     <span class='ocr_line' id='line_1_40' title="bbox 129 3707 1744 3780; baseline 0.004 -21"><span class='ocrx_word' id='word_1_321' title='bbox 129 3707 340 3774; x_wconf 68' lang='grc' dir='ltr'><strong>ἀφορμὰς</strong></span> <span class='ocrx_word' id='word_1_322' title='bbox 372 3710 642 3780; x_wconf 77' lang='grc' dir='ltr'><strong>παράσχοι</strong></span> <span class='ocrx_word' id='word_1_323' title='bbox 671 3710 764 3762; x_wconf 87' lang='grc' dir='ltr'><strong>τοῦ</strong></span> <span class='ocrx_word' id='word_1_324' title='bbox 795 3712 1020 3764; x_wconf 82' lang='grc' dir='ltr'><strong>συνιδεῖν</strong></span> <span class='ocrx_word' id='word_1_325' title='bbox 1052 3713 1121 3765; x_wconf 83' lang='grc' dir='ltr'><strong>τὰ</strong></span> <span class='ocrx_word' id='word_1_326' title='bbox 1142 3713 1405 3780; x_wconf 89' lang='grc' dir='ltr'><strong>λεγόμενα</strong></span> <span class='ocrx_word' id='word_1_327' title='bbox 1424 3728 1437 3741; x_wconf 93' lang='grc'><strong>·</strong></span> <span class='ocrx_word' id='word_1_328' title='bbox 1466 3712 1524 3763; x_wconf 89' lang='grc' dir='ltr'><strong>τὸ</strong></span> <span class='ocrx_word' id='word_1_329' title='bbox 1548 3712 1622 3776; x_wconf 85' lang='grc' dir='ltr'><strong>δὲ,</strong></span> <span class='ocrx_word' id='word_1_330' title='bbox 1656 3713 1744 3765; x_wconf 76' lang='lat' dir='ltr'><strong>Eva</strong></span> 
     </span>
    </p>
   </div>
   <div class='ocr_carea' id='block_1_41' title="bbox 129 3787 1745 3868">
    <p class='ocr_par' dir='ltr' id='par_1_41' title="bbox 129 3787 1745 3868">
     <span class='ocr_line' id='line_1_41' title="bbox 129 3787 1745 3868; baseline 0.009 -31"><span class='ocrx_word' id='word_1_331' title='bbox 129 3787 212 3840; x_wconf 83' lang='grc' dir='ltr'><strong>τῶν</strong></span> <span class='ocrx_word' id='word_1_332' title='bbox 232 3792 551 3863; x_wconf 87' lang='grc' dir='ltr'><strong>ἀγνωμόνων</strong></span> <span class='ocrx_word' id='word_1_333' title='bbox 580 3798 839 3866; x_wconf 85' lang='grc' dir='ltr'><strong>κατάσχοι</strong></span> <span class='ocrx_word' id='word_1_334' title='bbox 867 3798 962 3867; x_wconf 79' lang='grc' dir='ltr'><strong>τὴν</strong></span> <span class='ocrx_word' id='word_1_335' title='bbox 994 3799 1225 3852; x_wconf 80' lang='grc' dir='ltr'><strong>ἄτακτον</strong></span> <span class='ocrx_word' id='word_1_336' title='bbox 1249 3800 1424 3868; x_wconf 78' lang='grc' dir='ltr'><strong>ῥύμην</strong></span> <span class='ocrx_word' id='word_1_337' title='bbox 1443 3814 1456 3826; x_wconf 89' lang='grc'><strong>·</strong></span> <span class='ocrx_word' id='word_1_338' title='bbox 1490 3799 1584 3851; x_wconf 78' lang='grc' dir='ltr'><strong>καὶ</strong></span> <span class='ocrx_word' id='word_1_339' title='bbox 1611 3815 1745 3852; x_wconf 81' lang='grc' dir='ltr'><strong>παν-</strong></span> 
     </span>
    </p>
   </div>
   <div class='ocr_carea' id='block_1_42' title="bbox 128 3876 925 3951">
    <p class='ocr_par' dir='ltr' id='par_1_42' title="bbox 128 3876 925 3951">
     <span class='ocr_line' id='line_1_42' title="bbox 128 3876 925 3951; baseline 0.013 -25"><span class='ocrx_word' id='word_1_340' title='bbox 128 3876 315 3943; x_wconf 72' lang='grc' dir='ltr'><strong>ταχόθεν</strong></span> <span class='ocrx_word' id='word_1_341' title='bbox 338 3880 604 3933; x_wconf 73' lang='grc' dir='ltr'><strong>ποικίλλει</strong></span> <span class='ocrx_word' id='word_1_342' title='bbox 631 3883 721 3934; x_wconf 82' lang='grc' dir='ltr'><strong>τὸν</strong></span> <span class='ocrx_word' id='word_1_343' title='bbox 750 3883 925 3951; x_wconf 88' lang='grc' dir='ltr'><strong>λόγον.</strong></span> 
     </span>
    </p>
   </div>
   <div class='ocr_carea' id='block_1_43' title="bbox 178 4011 1743 4091">
    <p class='ocr_par' dir='ltr' id='par_1_43' title="bbox 178 4011 1743 4091">
     <span class='ocr_line' id='line_1_43' title="bbox 178 4011 1743 4091; baseline 0.003 -26"><span class='ocrx_word' id='word_1_344' title='bbox 178 4011 228 4067; x_wconf 85' lang='grc' dir='ltr'><strong>δ’.</strong></span> <span class='ocrx_word' id='word_1_345' title='bbox 256 4016 312 4068; x_wconf 83' lang='grc' dir='ltr'><strong>Εί</strong></span> <span class='ocrx_word' id='word_1_346' title='bbox 340 4017 395 4070; x_wconf 79' lang='grc' dir='ltr'><strong>δὲ</strong></span> <span class='ocrx_word' id='word_1_347' title='bbox 429 4019 582 4073; x_wconf 82' lang='grc' dir='ltr'><strong>Θεοῦ</strong></span> <span class='ocrx_word' id='word_1_348' title='bbox 609 4020 810 4074; x_wconf 78' lang='grc' dir='ltr'><strong>Ἰακὼϐ</strong></span> <span class='ocrx_word' id='word_1_349' title='bbox 839 4018 978 4086; x_wconf 81' lang='grc' dir='ltr'><strong>εἷπε,</strong></span> <span class='ocrx_word' id='word_1_350' title='bbox 1016 4020 1090 4091; x_wconf 80' lang='grc' dir='ltr'><strong>μὴ</strong></span> <span class='ocrx_word' id='word_1_351' title='bbox 1116 4020 1435 4090; x_wconf 78' lang='grc' dir='ltr'><strong>θορυϐηθῇς,</strong></span> <span class='ocrx_word' id='word_1_352' title='bbox 1464 4018 1743 4088; x_wconf 85' lang='grc' dir='ltr'><strong>ἀγαπητέ·</strong></span> 
     </span>
    </p>
   </div>
   <div class='ocr_carea' id='block_1_44' title="bbox 130 4098 1745 4177">
    <p class='ocr_par' dir='ltr' id='par_1_44' title="bbox 130 4098 1745 4177">
     <span class='ocr_line' id='line_1_44' title="bbox 130 4098 1745 4177; baseline 0.007 -34"><span class='ocrx_word' id='word_1_353' title='bbox 130 4099 200 4148; x_wconf 67' lang='grc' dir='ltr'><strong>ναὶ</strong></span> <span class='ocrx_word' id='word_1_354' title='bbox 235 4102 335 4171; x_wconf 78' lang='grc' dir='ltr'><strong>γὰρ</strong></span> <span class='ocrx_word' id='word_1_355' title='bbox 373 4106 402 4156; x_wconf 73' lang='grc' dir='ltr'><strong>ό</strong></span> <span class='ocrx_word' id='word_1_356' title='bbox 458 4105 751 4177; x_wconf 80' lang='grc' dir='ltr'><strong>μονογενὴς</strong></span> <span class='ocrx_word' id='word_1_357' title='bbox 783 4106 911 4167; x_wconf 77' lang='grc' dir='ltr'><strong>Υἱὸς</strong></span> <span class='ocrx_word' id='word_1_358' title='bbox 954 4105 1047 4158; x_wconf 82' lang='grc' dir='ltr'><strong>τοῦ</strong></span> <span class='ocrx_word' id='word_1_359' title='bbox 1081 4105 1212 4157; x_wconf 84' lang='grc' dir='ltr'><strong>Θεοῦ</strong></span> <span class='ocrx_word' id='word_1_360' title='bbox 1256 4106 1385 4166; x_wconf 82' lang='grc' dir='ltr'><strong>Θεὸς</strong></span> <span class='ocrx_word' id='word_1_361' title='bbox 1430 4103 1619 4155; x_wconf 83' lang='grc' dir='ltr'><strong>Ἰακὼϐ</strong></span> <span class='ocrx_word' id='word_1_362' title='bbox 1657 4098 1745 4171; x_wconf 78' lang='grc' dir='ltr'><strong>ἦν.</strong></span> 
     </span>
    </p>
   </div>
   <div class='ocr_carea' id='block_1_45' title="bbox 127 4182 1748 4260">
    <p class='ocr_par' dir='ltr' id='par_1_45' title="bbox 127 4182 1748 4260">
     <span class='ocr_line' id='line_1_45' title="bbox 127 4182 1748 4260; baseline 0.006 -29"><span class='ocrx_word' id='word_1_363' title='bbox 127 4182 263 4247; x_wconf 71' lang='grc' dir='ltr'><strong>Αὐτὸς</strong></span> <span class='ocrx_word' id='word_1_364' title='bbox 303 4188 407 4258; x_wconf 82' lang='grc' dir='ltr'><strong>γὰρ</strong></span> <span class='ocrx_word' id='word_1_365' title='bbox 442 4191 541 4242; x_wconf 81' lang='grc' dir='ltr'><strong>καὶ</strong></span> <span class='ocrx_word' id='word_1_366' title='bbox 574 4190 664 4243; x_wconf 78' lang='grc' dir='ltr'><strong>τὸν</strong></span> <span class='ocrx_word' id='word_1_367' title='bbox 708 4190 872 4260; x_wconf 83' lang='grc' dir='ltr'><strong>νόμον</strong></span> <span class='ocrx_word' id='word_1_368' title='bbox 905 4190 1070 4244; x_wconf 72' lang='grc' dir='ltr'><strong>ἔδωκε</strong></span> <span class='ocrx_word' id='word_1_369' title='bbox 1092 4232 1105 4255; x_wconf 91' lang='grc'><strong>,</strong></span> <span class='ocrx_word' id='word_1_370' title='bbox 1136 4192 1232 4243; x_wconf 78' lang='lat' dir='ltr'><strong>xa1</strong></span> <span class='ocrx_word' id='word_1_371' title='bbox 1276 4191 1344 4241; x_wconf 88' lang='grc' dir='ltr'><strong>τά</strong></span> <span class='ocrx_word' id='word_1_372' title='bbox 1396 4190 1513 4241; x_wconf 83' lang='grc' dir='ltr'><strong>κατ’</strong></span> <span class='ocrx_word' id='word_1_373' title='bbox 1554 4189 1748 4248; x_wconf 85' lang='grc' dir='ltr'><strong>αὐτοὺς</strong></span> 
     </span>
    </p>
   </div>
   <div class='ocr_carea' id='block_1_46' title="bbox 128 4266 1748 4345">
    <p class='ocr_par' dir='ltr' id='par_1_46' title="bbox 128 4266 1748 4345">
     <span class='ocr_line' id='line_1_46' title="bbox 128 4266 1748 4345; baseline 0.012 -30"><span class='ocrx_word' id='word_1_374' title='bbox 128 4266 606 4345; x_wconf 79' lang='grc' dir='ltr'><strong>ὲθαυματούργησεν</strong></span> <span class='ocrx_word' id='word_1_375' title='bbox 649 4275 900 4329; x_wconf 74' lang='grc' dir='ltr'><strong>ἅπαντα·</strong></span> <span class='ocrx_word' id='word_1_376' title='bbox 941 4277 1034 4329; x_wconf 81' lang='grc' dir='ltr'><strong>καὶ</strong></span> <span class='ocrx_word' id='word_1_377' title='bbox 1076 4277 1234 4328; x_wconf 86' lang='grc' dir='ltr'><strong>τοῦτο</strong></span> <span class='ocrx_word' id='word_1_378' title='bbox 1264 4277 1327 4328; x_wconf 88' lang='grc' dir='ltr'><strong>ἐκ</strong></span> <span class='ocrx_word' id='word_1_379' title='bbox 1363 4278 1461 4345; x_wconf 88' lang='grc' dir='ltr'><strong>τῆς</strong></span> <span class='ocrx_word' id='word_1_380' title='bbox 1506 4275 1748 4336; x_wconf 73' lang='grc' dir='ltr'><strong>Παλαιᾶς</strong></span> 
     </span>
    </p>
   </div>
   <div class='ocr_carea' id='block_1_47' title="bbox 127 4353 1750 4432">
    <p class='ocr_par' dir='ltr' id='par_1_47' title="bbox 127 4353 1750 4432">
     <span class='ocr_line' id='line_1_47' title="bbox 127 4353 1750 4432; baseline 0.002 -23"><span class='ocrx_word' id='word_1_381' title='bbox 127 4353 263 4425; x_wconf 78' lang='grc' dir='ltr'><strong>αὐτῆς</strong></span> <span class='ocrx_word' id='word_1_382' title='bbox 293 4360 529 4428; x_wconf 64' lang='grc' dir='ltr'><strong>μάλιστα</strong></span> <span class='ocrx_word' id='word_1_383' title='bbox 566 4357 710 4413; x_wconf 80' lang='grc' dir='ltr'><strong>ἐστιν</strong></span> <span class='ocrx_word' id='word_1_384' title='bbox 736 4362 882 4428; x_wconf 85' lang='grc' dir='ltr'><strong>ίδεῖν,</strong></span> <span class='ocrx_word' id='word_1_385' title='bbox 922 4363 1109 4432; x_wconf 84' lang='grc' dir='ltr'><strong>ἐπειδὴ</strong></span> <span class='ocrx_word' id='word_1_386' title='bbox 1147 4362 1245 4431; x_wconf 92' lang='grc' dir='ltr'><strong>τῆς</strong></span> <span class='ocrx_word' id='word_1_387' title='bbox 1279 4364 1483 4431; x_wconf 82' lang='grc' dir='ltr'><strong>Καινῆς</strong></span> <span class='ocrx_word' id='word_1_388' title='bbox 1512 4361 1630 4413; x_wconf 86' lang='grc' dir='ltr'><strong>οὐδέ</strong></span> <span class='ocrx_word' id='word_1_389' title='bbox 1670 4357 1750 4422; x_wconf 81' lang='grc' dir='ltr'><strong>εἷς</strong></span> 
     </span>
    </p>
   </div>
   <div class='ocr_carea' id='block_1_48' title="bbox 136 4439 1752 4519">
    <p class='ocr_par' dir='ltr' id='par_1_48' title="bbox 136 4439 1752 4519">
     <span class='ocr_line' id='line_1_48' title="bbox 136 4439 1752 4519; baseline 0.004 -28"><span class='ocrx_word' id='word_1_390' title='bbox 136 4439 367 4508; x_wconf 68' lang='grc' dir='ltr'><strong>Ἰουδαίοις</strong></span> <span class='ocrx_word' id='word_1_391' title='bbox 415 4448 599 4515; x_wconf 81' lang='grc' dir='ltr'><strong>λόγος.</strong></span> <span class='ocrx_word' id='word_1_392' title='bbox 641 4450 700 4500; x_wconf 84' lang='grc' dir='ltr'>ὐ</span> <span class='ocrx_word' id='word_1_393' title='bbox 737 4445 825 4501; x_wconf 81' lang='grc' dir='ltr'><strong>οὖν</strong></span> <span class='ocrx_word' id='word_1_394' title='bbox 873 4450 1139 4519; x_wconf 83' lang='grc' dir='ltr'><strong>Ἱερεμίας</strong></span> <span class='ocrx_word' id='word_1_395' title='bbox 1182 4449 1343 4519; x_wconf 86' lang='grc' dir='ltr'><strong>φησί·</strong></span> <span class='ocrx_word' id='word_1_396' title='bbox 1393 4447 1752 4514; x_wconf 77' lang='grc' dir='ltr'><strong>Διαθήσομαι</strong></span> 
     </span>
    </p>
   </div>
   <div class='ocr_carea' id='block_1_49' title="bbox 129 4526 1753 4601">
    <p class='ocr_par' dir='ltr' id='par_1_49' title="bbox 129 4526 1753 4601">
     <span class='ocr_line' id='line_1_49' title="bbox 129 4526 1753 4601; baseline 0.017 -26"><span class='ocrx_word' id='word_1_397' title='bbox 129 4526 238 4590; x_wconf 78' lang='grc' dir='ltr'><strong>ὑμῖν</strong></span> <span class='ocrx_word' id='word_1_398' title='bbox 270 4532 568 4601; x_wconf 77' lang='grc' dir='ltr'><strong>διαθήκην</strong></span> <span class='ocrx_word' id='word_1_399' title='bbox 602 4534 836 4601; x_wconf 79' lang='grc' dir='ltr'><strong>καινὴν,</strong></span> <span class='ocrx_word' id='word_1_400' title='bbox 881 4538 951 4590; x_wconf 85' lang='grc' dir='ltr'><strong>οὺ</strong></span> <span class='ocrx_word' id='word_1_401' title='bbox 981 4535 1129 4589; x_wconf 83' lang='grc' dir='ltr'><strong>κατὰ</strong></span> <span class='ocrx_word' id='word_1_402' title='bbox 1172 4536 1284 4601; x_wconf 83' lang='grc' dir='ltr'><strong>τὴν</strong></span> <span class='ocrx_word' id='word_1_403' title='bbox 1323 4535 1641 4601; x_wconf 73' lang='grc' dir='ltr'><strong>διαθήκην,</strong></span> <span class='ocrx_word' id='word_1_404' title='bbox 1674 4534 1753 4600; x_wconf 73' lang='grc' dir='ltr'><strong>’ἦν</strong></span> 
     </span>
    </p>
   </div>
   <div class='ocr_carea' id='block_1_50' title="bbox 127 4611 1753 4691">
    <p class='ocr_par' dir='ltr' id='par_1_50' title="bbox 127 4611 1753 4691">
     <span class='ocr_line' id='line_1_50' title="bbox 127 4611 1753 4691; baseline 0.005 -25"><span class='ocrx_word' id='word_1_405' title='bbox 127 4611 361 4683; x_wconf 72' lang='grc' dir='ltr'><strong>διεθέμην</strong></span> <span class='ocrx_word' id='word_1_406' title='bbox 392 4623 527 4687; x_wconf 82' lang='grc' dir='ltr'><strong>τοῖς</strong></span> <span class='ocrx_word' id='word_1_407' title='bbox 574 4622 868 4689; x_wconf 71' lang='grc' dir='ltr'><strong>πατράσιν</strong></span> <span class='ocrx_word' id='word_1_408' title='bbox 897 4623 1097 4691; x_wconf 83' lang='grc' dir='ltr'><strong>ὑμῶν·</strong></span> <span class='ocrx_word' id='word_1_409' title='bbox 1127 4623 1340 4684; x_wconf 83' lang='grc' dir='ltr'><strong>δεικνὺς</strong></span> <span class='ocrx_word' id='word_1_410' title='bbox 1368 4625 1447 4675; x_wconf 87' lang='grc' dir='ltr'><strong>ὃτι</strong></span> <span class='ocrx_word' id='word_1_411' title='bbox 1481 4623 1753 4691; x_wconf 81' lang='grc' dir='ltr'><strong>ἑκατέρων</strong></span> 
     </span>
    </p>
   </div>
   <div class='ocr_carea' id='block_1_51' title="bbox 127 4701 1753 4779">
    <p class='ocr_par' dir='ltr' id='par_1_51' title="bbox 127 4701 1753 4779">
     <span class='ocr_line' id='line_1_51' title="bbox 127 4701 1753 4779; baseline 0.007 -29"><span class='ocrx_word' id='word_1_412' title='bbox 127 4701 206 4751; x_wconf 72' lang='grc' dir='ltr'><strong>τῶν</strong></span> <span class='ocrx_word' id='word_1_413' title='bbox 234 4705 400 4772; x_wconf 82' lang='grc' dir='ltr'><strong>νόμων</strong></span> <span class='ocrx_word' id='word_1_414' title='bbox 423 4709 592 4769; x_wconf 77' lang='grc' dir='ltr'><strong>αὐτὸς</strong></span> <span class='ocrx_word' id='word_1_415' title='bbox 620 4710 648 4759; x_wconf 88' lang='lat'><strong>6</strong></span> <span class='ocrx_word' id='word_1_416' title='bbox 675 4709 965 4777; x_wconf 84' lang='grc' dir='ltr'><strong>νομοθέτης</strong></span> <span class='ocrx_word' id='word_1_417' title='bbox 991 4706 1082 4779; x_wconf 84' lang='grc' dir='ltr'><strong>ἦν.</strong></span> <span class='ocrx_word' id='word_1_418' title='bbox 1107 4711 1231 4761; x_wconf 86' lang='grc' dir='ltr'><strong>’Ότι</strong></span> <span class='ocrx_word' id='word_1_419' title='bbox 1259 4711 1315 4760; x_wconf 87' lang='grc' dir='ltr'><strong>δὲ</strong></span> <span class='ocrx_word' id='word_1_420' title='bbox 1341 4710 1432 4760; x_wconf 78' lang='grc' dir='ltr'><strong>καὶ</strong></span> <span class='ocrx_word' id='word_1_421' title='bbox 1463 4710 1557 4776; x_wconf 87' lang='grc' dir='ltr'><strong>τῆς</strong></span> <span class='ocrx_word' id='word_1_422' title='bbox 1587 4708 1753 4774; x_wconf 82' lang='grc' dir='ltr'><strong>Αἰγύ-</strong></span> 
     </span>
    </p>
   </div>
   <div class='ocr_carea' id='block_1_52' title="bbox 127 4792 1756 4863">
    <p class='ocr_par' dir='ltr' id='par_1_52' title="bbox 127 4792 1756 4863">
     <span class='ocr_line' id='line_1_52' title="bbox 127 4792 1756 4863; baseline 0.003 -24"><span class='ocrx_word' id='word_1_423' title='bbox 127 4802 230 4839; x_wconf 81' lang='grc' dir='ltr'><strong>πτου</strong></span> <span class='ocrx_word' id='word_1_424' title='bbox 254 4792 409 4855; x_wconf 81' lang='grc' dir='ltr'><strong>αὐτὸς</strong></span> <span class='ocrx_word' id='word_1_425' title='bbox 447 4794 780 4863; x_wconf 83' lang='grc' dir='ltr'><strong>ἀπήλλαξεν,</strong></span> <span class='ocrx_word' id='word_1_426' title='bbox 812 4797 1116 4862; x_wconf 81' lang='grc' dir='ltr'><strong>ἐπήγαγεν·</strong></span> <span class='ocrx_word' id='word_1_427' title='bbox 1152 4796 1247 4845; x_wconf 78' lang='grc' dir='ltr'><strong>Ἐν</strong></span> <span class='ocrx_word' id='word_1_428' title='bbox 1269 4794 1455 4861; x_wconf 69' lang='grc' dir='ltr'><strong>ἡμέρᾳ</strong></span> <span class='ocrx_word' id='word_1_429' title='bbox 1484 4794 1756 4844; x_wconf 77' lang='grc' dir='ltr'><strong>ἐπιλαϐο-</strong></span> 
     </span>
    </p>
   </div>
   <div class='ocr_carea' id='block_1_53' title="bbox 122 4872 1755 4948">
    <p class='ocr_par' dir='ltr' id='par_1_53' title="bbox 122 4872 1755 4948">
     <span class='ocr_line' id='line_1_53' title="bbox 122 4872 1755 4948; baseline -0.002 -13"><span class='ocrx_word' id='word_1_430' title='bbox 122 4872 272 4935; x_wconf 73' lang='grc' dir='ltr'><strong>μένου</strong></span> <span class='ocrx_word' id='word_1_431' title='bbox 284 4895 400 4945; x_wconf 77' lang='grc' dir='ltr'><strong>μου</strong></span> <span class='ocrx_word' id='word_1_432' title='bbox 422 4878 539 4945; x_wconf 84' lang='grc' dir='ltr'><strong>τῆς</strong></span> <span class='ocrx_word' id='word_1_433' title='bbox 556 4880 752 4946; x_wconf 79' lang='grc' dir='ltr'><strong>χειρὸς</strong></span> <span class='ocrx_word' id='word_1_434' title='bbox 769 4880 981 4945; x_wconf 85' lang='grc' dir='ltr'><strong>αὐτῶν,</strong></span> <span class='ocrx_word' id='word_1_435' title='bbox 1001 4880 1310 4948; x_wconf 73' lang='grc' dir='ltr'><strong>ἐξαγαγεῖν</strong></span> <span class='ocrx_word' id='word_1_436' title='bbox 1325 4879 1542 4943; x_wconf 87' lang='grc' dir='ltr'><strong>αὐτοὺς</strong></span> <span class='ocrx_word' id='word_1_437' title='bbox 1558 4879 1624 4931; x_wconf 73' lang='grc' dir='ltr'><strong>ἐκ</strong></span> <span class='ocrx_word' id='word_1_438' title='bbox 1648 4877 1755 4946; x_wconf 70' lang='grc' dir='ltr'><strong>τῆς</strong></span> 
     </span>
    </p>
   </div>
   <div class='ocr_carea' id='block_1_54' title="bbox 127 4962 1756 5035">
    <p class='ocr_par' dir='ltr' id='par_1_54' title="bbox 127 4962 1756 5035">
     <span class='ocr_line' id='line_1_54' title="bbox 127 4962 1756 5035; baseline 0.004 -25"><span class='ocrx_word' id='word_1_439' title='bbox 127 4962 408 5027; x_wconf 74' lang='grc' dir='ltr'><strong>Αἰγύπτου.</strong></span> <span class='ocrx_word' id='word_1_440' title='bbox 436 4966 503 5018; x_wconf 83' lang='lat' dir='ltr'><strong><em>El</em></strong></span> <span class='ocrx_word' id='word_1_441' title='bbox 536 4965 595 5015; x_wconf 87' lang='grc' dir='ltr'><strong>δὲ</strong></span> <span class='ocrx_word' id='word_1_442' title='bbox 632 4965 789 5027; x_wconf 86' lang='grc' dir='ltr'><strong>αὐτὸς</strong></span> <span class='ocrx_word' id='word_1_443' title='bbox 830 4966 1063 5035; x_wconf 81' lang='grc' dir='ltr'><strong>ἐξήγαγε</strong></span> <span class='ocrx_word' id='word_1_444' title='bbox 1084 5009 1100 5031; x_wconf 88' lang='grc'><strong>,</strong></span> <span class='ocrx_word' id='word_1_445' title='bbox 1128 4968 1221 5018; x_wconf 77' lang='grc' dir='ltr'><strong>καὶ</strong></span> <span class='ocrx_word' id='word_1_446' title='bbox 1254 4966 1427 5018; x_wconf 91' lang='grc' dir='ltr'><strong>πάντα</strong></span> <span class='ocrx_word' id='word_1_447' title='bbox 1470 4967 1649 5017; x_wconf 79' lang='grc' dir='ltr'><strong>ἐκεῖνα</strong></span> <span class='ocrx_word' id='word_1_448' title='bbox 1688 4963 1756 5016; x_wconf 77' lang='grc' dir='ltr'><strong>τὰ</strong></span> 
     </span>
    </p>
   </div>
   <div class='ocr_carea' id='block_1_55' title="bbox 126 5044 1754 5123">
    <p class='ocr_par' dir='ltr' id='par_1_55' title="bbox 126 5044 1754 5123">
     <span class='ocr_line' id='line_1_55' title="bbox 126 5044 1754 5123; baseline 0.001 -23"><span class='ocrx_word' id='word_1_449' title='bbox 126 5044 166 5092; x_wconf 69' lang='grc' dir='ltr'><strong>ἒν</strong></span> <span class='ocrx_word' id='word_1_450' title='bbox 192 5050 248 5115; x_wconf 75' lang='grc' dir='ltr'><strong>τῇ</strong></span> <span class='ocrx_word' id='word_1_451' title='bbox 277 5052 541 5120; x_wconf 79' lang='grc' dir='ltr'><strong>Αἰγύπτῳ</strong></span> <span class='ocrx_word' id='word_1_452' title='bbox 574 5052 665 5103; x_wconf 74' lang='grc' dir='ltr'><strong>καὶ</strong></span> <span class='ocrx_word' id='word_1_453' title='bbox 691 5050 758 5103; x_wconf 85' lang='grc' dir='ltr'><strong>τά</strong></span> <span class='ocrx_word' id='word_1_454' title='bbox 790 5054 846 5103; x_wconf 86' lang='grc' dir='ltr'><strong>ἐν</strong></span> <span class='ocrx_word' id='word_1_455' title='bbox 872 5055 937 5121; x_wconf 80' lang='grc' dir='ltr'><strong>τῇ</strong></span> <span class='ocrx_word' id='word_1_456' title='bbox 969 5054 1157 5123; x_wconf 86' lang='grc' dir='ltr'><strong>ἐρήμῳ</strong></span> <span class='ocrx_word' id='word_1_457' title='bbox 1183 5053 1341 5114; x_wconf 80' lang='grc' dir='ltr'><strong>αὐτὸς</strong></span> <span class='ocrx_word' id='word_1_458' title='bbox 1376 5052 1595 5118; x_wconf 85' lang='grc' dir='ltr'><strong>ἐποίησε</strong></span> <span class='ocrx_word' id='word_1_459' title='bbox 1626 5049 1754 5103; x_wconf 84' lang='grc' dir='ltr'><strong>θαύ-</strong></span> 
     </span>
    </p>
   </div>
   <div class='ocr_carea' id='block_1_56' title="bbox 126 5136 1759 5205">
    <p class='ocr_par' dir='ltr' id='par_1_56' title="bbox 126 5136 1759 5205">
     <span class='ocr_line' id='line_1_56' title="bbox 126 5136 1759 5205; baseline 0.001 -20"><span class='ocrx_word' id='word_1_460' title='bbox 126 5145 257 5195; x_wconf 83' lang='grc' dir='ltr'><strong>ματα.</strong></span> <span class='ocrx_word' id='word_1_461' title='bbox 290 5137 394 5189; x_wconf 72' lang='lat' dir='ltr'><strong><em>Kal</em></strong></span> <span class='ocrx_word' id='word_1_462' title='bbox 426 5136 755 5205; x_wconf 71' lang='grc' dir='ltr'><strong>ἀναγγελεῖ</strong></span> <span class='ocrx_word' id='word_1_463' title='bbox 790 5138 933 5205; x_wconf 73' lang='grc' dir='ltr'><strong>ἡμῖν</strong></span> <span class='ocrx_word' id='word_1_464' title='bbox 972 5138 1086 5203; x_wconf 83' lang='grc' dir='ltr'><strong>τὴν</strong></span> <span class='ocrx_word' id='word_1_465' title='bbox 1114 5137 1257 5191; x_wconf 78' lang='grc' dir='ltr'><strong>ὁδὸν</strong></span> <span class='ocrx_word' id='word_1_466' title='bbox 1289 5137 1494 5198; x_wconf 86' lang='grc' dir='ltr'><strong>αὑτοῦ,</strong></span> <span class='ocrx_word' id='word_1_467' title='bbox 1531 5136 1625 5188; x_wconf 80' lang='grc' dir='ltr'><strong>καί</strong></span> <span class='ocrx_word' id='word_1_468' title='bbox 1656 5152 1759 5187; x_wconf 79' lang='grc' dir='ltr'><strong>πο-</strong></span> 
     </span>
    </p>
   </div>
   <div class='ocr_carea' id='block_1_57' title="bbox 116 5222 1759 5293">
    <p class='ocr_par' dir='ltr' id='par_1_57' title="bbox 116 5222 1759 5293">
     <span class='ocr_line' id='line_1_57' title="bbox 116 5222 1759 5293; baseline 0.003 -26"><span class='ocrx_word' id='word_1_469' title='bbox 116 5223 419 5287; x_wconf 70' lang='grc' dir='ltr'><strong>ρευσόμεθα</strong></span> <span class='ocrx_word' id='word_1_470' title='bbox 456 5224 533 5274; x_wconf 83' lang='grc' dir='ltr'><strong>ἐν</strong></span> <span class='ocrx_word' id='word_1_471' title='bbox 573 5222 743 5290; x_wconf 80' lang='grc' dir='ltr'><strong>αὐτῇ.</strong></span> <span class='ocrx_word' id='word_1_472' title='bbox 779 5223 939 5292; x_wconf 80' lang='grc' dir='ltr'><strong>Ὁρᾷς</strong></span> <span class='ocrx_word' id='word_1_473' title='bbox 984 5224 1167 5293; x_wconf 76' lang='grc' dir='ltr'><strong>ἔτερόν</strong></span> <span class='ocrx_word' id='word_1_474' title='bbox 1216 5242 1335 5276; x_wconf 88' lang='grc' dir='ltr'><strong>τινα</strong></span> <span class='ocrx_word' id='word_1_475' title='bbox 1375 5222 1759 5291; x_wconf 77' lang='grc' dir='ltr'><strong>ἐπιζητοῦντας</strong></span> 
     </span>
    </p>
   </div>
   <div class='ocr_carea' id='block_1_58' title="bbox 121 5300 1758 5393">
    <p class='ocr_par' dir='ltr' id='par_1_58' title="bbox 121 5300 1758 5393">
     <span class='ocr_line' id='line_1_58' title="bbox 121 5300 1758 5393; baseline -0.007 -25"><span class='ocrx_word' id='word_1_476' title='bbox 121 5300 288 5393; x_wconf 48' lang='grc' dir='ltr'><strong>γέμωὶ</strong></span> <span class='ocrx_word' id='word_1_477' title='bbox 322 5308 472 5360; x_wconf 77' lang='grc' dir='ltr'><strong>ὀδὺν</strong></span> <span class='ocrx_word' id='word_1_478' title='bbox 501 5308 615 5377; x_wconf 80' lang='grc' dir='ltr'><strong>γὰρ</strong></span> <span class='ocrx_word' id='word_1_479' title='bbox 664 5310 697 5377; x_wconf 82' lang='grc' dir='ltr'><strong>ή</strong></span> <span class='ocrx_word' id='word_1_480' title='bbox 730 5309 914 5379; x_wconf 76' lang='grc' dir='ltr'><strong>Γραφὴ</strong></span> <span class='ocrx_word' id='word_1_481' title='bbox 945 5310 1043 5370; x_wconf 79' lang='grc' dir='ltr'><strong>τὰς</strong></span> <span class='ocrx_word' id='word_1_482' title='bbox 1072 5310 1286 5371; x_wconf 80' lang='grc' dir='ltr'><strong>ἐντολάς</strong></span> <span class='ocrx_word' id='word_1_483' title='bbox 1316 5309 1408 5361; x_wconf 88' lang='grc' dir='ltr'><strong>τοῦ</strong></span> <span class='ocrx_word' id='word_1_484' title='bbox 1442 5307 1574 5359; x_wconf 83' lang='grc' dir='ltr'><strong>Θεοῦ</strong></span> <span class='ocrx_word' id='word_1_485' title='bbox 1605 5306 1758 5358; x_wconf 77' lang='grc' dir='ltr'><strong>εἴωθε</strong></span> 
     </span>
    </p>
   </div>
   <div class='ocr_carea' id='block_1_59' title="bbox 122 5388 1759 5485">
    <p class='ocr_par' dir='ltr' id='par_1_59' title="bbox 122 5388 1759 5485">
     <span class='ocr_line' id='line_1_59' title="bbox 122 5388 1759 5485; baseline -0.005 -34"><span class='ocrx_word' id='word_1_486' title='bbox 122 5388 373 5485; x_wconf 39' lang='grc' dir='ltr'><strong>λέγειν’-εί</strong></span> <span class='ocrx_word' id='word_1_487' title='bbox 406 5394 468 5446; x_wconf 88' lang='grc' dir='ltr'><strong>δέ</strong></span> <span class='ocrx_word' id='word_1_488' title='bbox 496 5394 595 5444; x_wconf 81' lang='grc' dir='ltr'><strong>ἐπὶ</strong></span> <span class='ocrx_word' id='word_1_489' title='bbox 620 5393 719 5463; x_wconf 90' lang='grc' dir='ltr'><strong>τῆς</strong></span> <span class='ocrx_word' id='word_1_490' title='bbox 758 5395 1026 5465; x_wconf 84' lang='grc' dir='ltr'><strong>προτέρας</strong></span> <span class='ocrx_word' id='word_1_491' title='bbox 1062 5394 1212 5463; x_wconf 70' lang='grc' dir='ltr'><strong>ἔλεγε</strong></span> <span class='ocrx_word' id='word_1_492' title='bbox 1250 5396 1540 5463; x_wconf 86' lang='grc' dir='ltr'><strong>Διαθήκης,</strong></span> <span class='ocrx_word' id='word_1_493' title='bbox 1567 5395 1663 5444; x_wconf 91' lang='grc' dir='ltr'><strong>οὐκ</strong></span> <span class='ocrx_word' id='word_1_494' title='bbox 1696 5393 1759 5443; x_wconf 83' lang='grc' dir='ltr'><strong>ἂν</strong></span> 
     </span>
    </p>
   </div>
   <div class='ocr_carea' id='block_1_60' title="bbox 122 5478 1762 5552">
    <p class='ocr_par' dir='ltr' id='par_1_60' title="bbox 122 5478 1762 5552">
     <span class='ocr_line' id='line_1_60' title="bbox 122 5478 1762 5552; baseline 0.012 -29"><span class='ocrx_word' id='word_1_495' title='bbox 122 5478 267 5540; x_wconf 82' lang='grc' dir='ltr'><strong>εἱπεν,</strong></span> <span class='ocrx_word' id='word_1_496' title='bbox 300 5479 645 5548; x_wconf 80' lang='grc' dir='ltr'><strong>Ἀναγτελεῖ</strong></span> <span class='ocrx_word' id='word_1_497' title='bbox 678 5481 853 5550; x_wconf 77' lang='grc' dir='ltr'><strong>ἡμῖν·</strong></span> <span class='ocrx_word' id='word_1_498' title='bbox 886 5482 1018 5552; x_wconf 84' lang='grc' dir='ltr'><strong>δήλη</strong></span> <span class='ocrx_word' id='word_1_499' title='bbox 1059 5482 1168 5552; x_wconf 82' lang='grc' dir='ltr'><strong>γάρ</strong></span> <span class='ocrx_word' id='word_1_500' title='bbox 1215 5478 1282 5552; x_wconf 77' lang='grc' dir='ltr'><strong>ἦν</strong></span> <span class='ocrx_word' id='word_1_501' title='bbox 1324 5482 1416 5535; x_wconf 77' lang='grc' dir='ltr'><strong>καὶ</strong></span> <span class='ocrx_word' id='word_1_502' title='bbox 1449 5481 1622 5549; x_wconf 73' lang='grc' dir='ltr'><strong>σαφὴς</strong></span> <span class='ocrx_word' id='word_1_503' title='bbox 1671 5480 1762 5531; x_wconf 80' lang='grc' dir='ltr'><strong>καί</strong></span> 
     </span>
    </p>
   </div>
   <div class='ocr_carea' id='block_1_61' title="bbox 123 5564 601 5637">
    <p class='ocr_par' dir='ltr' id='par_1_61' title="bbox 123 5564 601 5637">
     <span class='ocr_line' id='line_1_61' title="bbox 123 5564 601 5637; baseline -0.008 -12"><span class='ocrx_word' id='word_1_504' title='bbox 123 5564 363 5637; x_wconf 65' lang='grc' dir='ltr'><strong>γνώριμος</strong></span> <span class='ocrx_word' id='word_1_505' title='bbox 396 5569 601 5622; x_wconf 80' lang='grc' dir='ltr'><strong>ἆπασι.</strong></span> 
     </span>
    </p>
   </div>
   <div class='ocr_carea' id='block_1_62' title="bbox 170 5766 1305 5833">
    <p class='ocr_par' dir='ltr' id='par_1_62' title="bbox 170 5766 1305 5833">
     <span class='ocr_line' id='line_1_62' title="bbox 170 5766 1305 5833; baseline 0.007 -22"><span class='ocrx_word' id='word_1_506' title='bbox 170 5766 190 5833; x_wconf 60' lang='grc' dir='ltr'><strong><em>ξ</em></strong></span> <span class='ocrx_word' id='word_1_507' title='bbox 344 5776 397 5815; x_wconf 72' lang='lat' dir='ltr'><strong>cl</strong></span> <span class='ocrx_word' id='word_1_508' title='bbox 422 5771 583 5833; x_wconf 12' lang='lat' dir='ltr'><strong>Simili.</strong></span> <span class='ocrx_word' id='word_1_509' title='bbox 609 5774 888 5833; x_wconf 70' lang='grc' dir='ltr'><strong>παρεστῶτα</strong></span> <span class='ocrx_word' id='word_1_510' title='bbox 908 5773 1133 5833; x_wconf 79' lang='grc' dir='ltr'><strong>ἄμπελον,</strong></span> <span class='ocrx_word' id='word_1_511' title='bbox 1160 5775 1305 5822; x_wconf 82' lang='lat' dir='ltr'><strong>male.</strong></span> 
     </span>
    </p>
   </div>
   <div class='ocr_carea' id='block_1_63' title="bbox 126 5822 1760 5927">
    <p class='ocr_par' dir='ltr' id='par_1_63' title="bbox 126 5822 1760 5927">
     <span class='ocr_line' id='line_1_63' title="bbox 126 5822 1760 5927; baseline 0.012 -59"><span class='ocrx_word' id='word_1_512' title='bbox 126 5822 194 5927; x_wconf 64' lang='grc' dir='ltr'><strong>ωὶξ</strong></span> <span class='ocrx_word' id='word_1_513' title='bbox 217 5822 326 5903; x_wconf 44' lang='lat' dir='ltr'><strong>R93;</strong></span> <span class='ocrx_word' id='word_1_514' title='bbox 359 5837 410 5876; x_wconf 75' lang='grc' dir='ltr'><strong>(δι</strong></span> <span class='ocrx_word' id='word_1_515' title='bbox 434 5832 594 5879; x_wconf 73' lang='lat' dir='ltr'><strong>Savil.</strong></span> <span class='ocrx_word' id='word_1_516' title='bbox 612 5822 848 5899; x_wconf 62' lang='lat'><em>915659.16;</em></span> <span class='ocrx_word' id='word_1_517' title='bbox 878 5822 1097 5891; x_wconf 73' lang='grc' dir='ltr'><strong>τοίαύτης</strong></span> <span class='ocrx_word' id='word_1_518' title='bbox 1120 5822 1323 5884; x_wconf 72' lang='grc' dir='ltr'><strong>’δεθέντα</strong></span> <span class='ocrx_word' id='word_1_519' title='bbox 1348 5835 1568 5896; x_wconf 77' lang='grc' dir='ltr'><strong>ἀνάγκης,</strong></span> <span class='ocrx_word' id='word_1_520' title='bbox 1616 5838 1760 5898; x_wconf 66' lang='lat' dir='ltr'><strong>male,</strong></span> 
     </span>
     <span class='ocr_line' id='line_1_64' title="bbox 186 5891 851 5927; baseline 0 0"><span class='ocrx_word' id='word_1_521' title='bbox 186 5896 275 5927; x_wconf 63' lang='lat' dir='ltr'><strong>llic</strong></span> <span class='ocrx_word' id='word_1_522' title='bbox 294 5898 373 5927; x_wconf 57' lang='lat'><strong>§2\</strong></span> <span class='ocrx_word' id='word_1_523' title='bbox 388 5891 421 5927; x_wconf 75' lang='grc' dir='ltr'><strong>ιι</strong></span> <span class='ocrx_word' id='word_1_524' title='bbox 481 5898 760 5927; x_wconf 62' lang='grc' dir='ltr'><strong>ςιιςηΙΡἏΙιικ</strong></span> <span class='ocrx_word' id='word_1_525' title='bbox 779 5901 851 5927; x_wconf 65' lang='grc' dir='ltr'><strong>ρει</strong></span> 
     </span>
    </p>
   </div>
   <div class='ocr_carea' id='block_1_64' title="bbox 186 5891 873 5951">
    <p class='ocr_par' dir='ltr' id='par_1_64' title="bbox 186 5891 873 5951">
     <span class='ocr_line' id='line_1_65' title="bbox 186 5891 873 5951; baseline 0.01 -17"><span class='ocrx_word' id='word_1_526' title='bbox 186 5896 275 5945; x_wconf 64' lang='grc' dir='ltr'><strong>’με</strong></span> <span class='ocrx_word' id='word_1_527' title='bbox 293 5891 373 5939; x_wconf 64' lang='lat' dir='ltr'><strong>Sm</strong></span> <span class='ocrx_word' id='word_1_528' title='bbox 386 5891 442 5941; x_wconf 75' lang='grc' dir='ltr'><strong>ιι.</strong></span> <span class='ocrx_word' id='word_1_529' title='bbox 480 5893 760 5951; x_wconf 73' lang='lat' dir='ltr'><strong>suspicatus</strong></span> <span class='ocrx_word' id='word_1_530' title='bbox 779 5901 873 5943; x_wconf 71' lang='lat' dir='ltr'><strong>est.</strong></span> 
     </span>
    </p>
   </div>
   <div class='ocr_carea' id='block_1_65' title="bbox 1891 466 3461 541">
    <p class='ocr_par' dir='ltr' id='par_1_65' title="bbox 1891 466 3461 541">
     <span class='ocr_line' id='line_1_66' title="bbox 1891 466 3461 541; baseline -0.006 -15"><span class='ocrx_word' id='word_1_531' title='bbox 1891 475 1997 527; x_wconf 80' lang='grc' dir='ltr'><strong>Καὶ</strong></span> <span class='ocrx_word' id='word_1_532' title='bbox 2044 475 2123 525; x_wconf 83' lang='grc' dir='ltr'><strong>ὅτι</strong></span> <span class='ocrx_word' id='word_1_533' title='bbox 2158 473 2217 525; x_wconf 85' lang='grc' dir='ltr'><strong>οὐ</strong></span> <span class='ocrx_word' id='word_1_534' title='bbox 2259 472 2597 541; x_wconf 80' lang='grc' dir='ltr'><strong>σοφιζόμενοι</strong></span> <span class='ocrx_word' id='word_1_535' title='bbox 2630 468 2801 521; x_wconf 83' lang='grc' dir='ltr'><strong>ταῦτά</strong></span> <span class='ocrx_word' id='word_1_536' title='bbox 2830 482 3033 536; x_wconf 87' lang='grc' dir='ltr'><strong>φαμεν,</strong></span> <span class='ocrx_word' id='word_1_537' title='bbox 3069 466 3134 519; x_wconf 85' lang='grc' dir='ltr'><strong>τά</strong></span> <span class='ocrx_word' id='word_1_538' title='bbox 3174 466 3271 535; x_wconf 83' lang='grc' dir='ltr'><strong>μὲν</strong></span> <span class='ocrx_word' id='word_1_539' title='bbox 3310 467 3461 536; x_wconf 65' lang='lat'><em>5191;-</em></span> 
     </span>
    </p>
   </div>
   <div class='ocr_carea' id='block_1_66' title="bbox 1822 556 3456 632">
    <p class='ocr_par' dir='ltr' id='par_1_66' title="bbox 1822 556 3456 632">
     <span class='ocr_line' id='line_1_67' title="bbox 1822 556 3456 632; baseline -0.004 -16"><span class='ocrx_word' id='word_1_540' title='bbox 1822 565 1956 632; x_wconf 85' lang='grc' dir='ltr'><strong>μένα</strong></span> <span class='ocrx_word' id='word_1_541' title='bbox 1992 564 2085 616; x_wconf 77' lang='grc' dir='ltr'><strong>καὶ</strong></span> <span class='ocrx_word' id='word_1_542' title='bbox 2129 564 2253 624; x_wconf 77' lang='grc' dir='ltr'><strong>τοὺς</strong></span> <span class='ocrx_word' id='word_1_543' title='bbox 2294 563 2494 631; x_wconf 76' lang='grc' dir='ltr'><strong>σφόδρα</strong></span> <span class='ocrx_word' id='word_1_544' title='bbox 2530 556 3006 627; x_wconf 84' lang='grc' dir='ltr'><strong>ἀναισχυντοῦντας</strong></span> <span class='ocrx_word' id='word_1_545' title='bbox 3055 556 3211 608; x_wconf 81' lang='grc' dir='ltr'><strong>ίκανά</strong></span> <span class='ocrx_word' id='word_1_546' title='bbox 3257 557 3456 609; x_wconf 81' lang='grc' dir='ltr'><strong>πεῖσαι.</strong></span> 
     </span>
    </p>
   </div>
   <div class='ocr_carea' id='block_1_67' title="bbox 1836 646 3462 724">
    <p class='ocr_par' dir='ltr' id='par_1_67' title="bbox 1836 646 3462 724">
     <span class='ocr_line' id='line_1_68' title="bbox 1836 646 3462 724; baseline -0.006 -17"><span class='ocrx_word' id='word_1_547' title='bbox 1836 653 2050 724; x_wconf 82' lang='grc' dir='ltr'><strong>Ἐπειδὴ</strong></span> <span class='ocrx_word' id='word_1_548' title='bbox 2099 652 2209 722; x_wconf 78' lang='grc' dir='ltr'><strong>γάρ</strong></span> <span class='ocrx_word' id='word_1_549' title='bbox 2258 651 2376 703; x_wconf 77' lang='grc' dir='ltr'><strong>ὁδοῦ</strong></span> <span class='ocrx_word' id='word_1_550' title='bbox 2432 651 2587 720; x_wconf 84' lang='grc' dir='ltr'><strong>μόνον</strong></span> <span class='ocrx_word' id='word_1_551' title='bbox 2641 648 2911 719; x_wconf 80' lang='grc' dir='ltr'><strong>ἐμνήσθη,</strong></span> <span class='ocrx_word' id='word_1_552' title='bbox 2960 646 3106 713; x_wconf 86' lang='grc' dir='ltr'><strong>λέγει</strong></span> <span class='ocrx_word' id='word_1_553' title='bbox 3164 647 3255 697; x_wconf 78' lang='grc' dir='ltr'><strong>καὶ</strong></span> <span class='ocrx_word' id='word_1_554' title='bbox 3305 646 3462 709; x_wconf 87' lang='grc' dir='ltr'><strong>ποίας</strong></span> 
     </span>
    </p>
   </div>
   <div class='ocr_carea' id='block_1_68' title="bbox 1823 735 3463 811">
    <p class='ocr_par' dir='ltr' id='par_1_68' title="bbox 1823 735 3463 811">
     <span class='ocr_line' id='line_1_69' title="bbox 1823 735 3463 811; baseline -0.007 -15"><span class='ocrx_word' id='word_1_555' title='bbox 1823 743 1961 803; x_wconf 82' lang='grc' dir='ltr'><strong>ὀδοῦ,</strong></span> <span class='ocrx_word' id='word_1_556' title='bbox 1991 744 2085 796; x_wconf 72' lang='grc' dir='ltr'><strong>καὶ</strong></span> <span class='ocrx_word' id='word_1_557' title='bbox 2114 742 2279 795; x_wconf 85' lang='grc' dir='ltr'><strong>πολλὰ</strong></span> <span class='ocrx_word' id='word_1_558' title='bbox 2300 741 2509 811; x_wconf 84' lang='grc' dir='ltr'><strong>τίθησιν</strong></span> <span class='ocrx_word' id='word_1_559' title='bbox 2538 739 2704 808; x_wconf 90' lang='grc' dir='ltr'><strong>αὐτῆς</strong></span> <span class='ocrx_word' id='word_1_560' title='bbox 2730 736 2798 789; x_wconf 78' lang='grc' dir='ltr'><strong>τὰ</strong></span> <span class='ocrx_word' id='word_1_561' title='bbox 2830 736 3151 806; x_wconf 83' lang='grc' dir='ltr'><strong>παράσημα.</strong></span> <span class='ocrx_word' id='word_1_562' title='bbox 3189 735 3463 803; x_wconf 83' lang='grc' dir='ltr'><strong>Ἑπήγαγε</strong></span> 
     </span>
    </p>
   </div>
   <div class='ocr_carea' id='block_1_69' title="bbox 1824 820 3464 897">
    <p class='ocr_par' dir='ltr' id='par_1_69' title="bbox 1824 820 3464 897">
     <span class='ocr_line' id='line_1_70' title="bbox 1824 820 3464 897; baseline -0.006 -15"><span class='ocrx_word' id='word_1_563' title='bbox 1824 829 1953 897; x_wconf 92' lang='grc' dir='ltr'><strong>γοῦν</strong></span> <span class='ocrx_word' id='word_1_564' title='bbox 1999 830 2201 897; x_wconf 67' lang='grc' dir='ltr'><strong>λέγωνο</strong></span> <span class='ocrx_word' id='word_1_565' title='bbox 2245 830 2344 881; x_wconf 79' lang='grc' dir='ltr'><strong>Ἐκ</strong></span> <span class='ocrx_word' id='word_1_566' title='bbox 2378 829 2486 895; x_wconf 76' lang='grc' dir='ltr'><strong>γὰρ</strong></span> <span class='ocrx_word' id='word_1_567' title='bbox 2526 824 2676 878; x_wconf 88' lang='grc' dir='ltr'><strong>Σιὼν</strong></span> <span class='ocrx_word' id='word_1_568' title='bbox 2702 823 3079 887; x_wconf 76' lang='grc' dir='ltr'><strong>ἐξελεύσεται</strong></span> <span class='ocrx_word' id='word_1_569' title='bbox 3121 822 3323 889; x_wconf 84' lang='grc' dir='ltr'><strong>νόμος.</strong></span> <span class='ocrx_word' id='word_1_570' title='bbox 3361 820 3464 873; x_wconf 79' lang='grc' dir='ltr'><strong>καί</strong></span> 
     </span>
    </p>
   </div>
   <div class='ocr_carea' id='block_1_70' title="bbox 1823 910 3468 987">
    <p class='ocr_par' dir='ltr' id='par_1_70' title="bbox 1823 910 3468 987">
     <span class='ocr_line' id='line_1_71' title="bbox 1823 910 3468 987; baseline -0.007 -16"><span class='ocrx_word' id='word_1_571' title='bbox 1823 922 2003 987; x_wconf 73' lang='grc' dir='ltr'><strong>λόγος</strong></span> <span class='ocrx_word' id='word_1_572' title='bbox 2024 919 2239 986; x_wconf 85' lang='grc' dir='ltr'><strong>Κυρίου</strong></span> <span class='ocrx_word' id='word_1_573' title='bbox 2258 917 2323 980; x_wconf 77' lang='grc' dir='ltr'><strong>ἐξ</strong></span> <span class='ocrx_word' id='word_1_574' title='bbox 2352 914 2759 984; x_wconf 76' lang='grc' dir='ltr'><strong>Ἰερουσαλήμ.</strong></span> <span class='ocrx_word' id='word_1_575' title='bbox 2783 913 2924 983; x_wconf 81' lang='grc' dir='ltr'><strong>Πρὸς</strong></span> <span class='ocrx_word' id='word_1_576' title='bbox 2947 911 3119 964; x_wconf 82' lang='grc' dir='ltr'><strong>ταῦτα</strong></span> <span class='ocrx_word' id='word_1_577' title='bbox 3150 911 3240 963; x_wconf 76' lang='grc' dir='ltr'><strong>καὶ</strong></span> <span class='ocrx_word' id='word_1_578' title='bbox 3267 910 3468 980; x_wconf 85' lang='grc' dir='ltr'><strong>σφόδρα</strong></span> 
     </span>
    </p>
   </div>
   <div class='ocr_carea' id='block_1_71' title="bbox 1825 998 3471 1077">
    <p class='ocr_par' dir='ltr' id='par_1_71' title="bbox 1825 998 3471 1077">
     <span class='ocr_line' id='line_1_72' title="bbox 1825 998 3471 1077; baseline -0.007 -15"><span class='ocrx_word' id='word_1_579' title='bbox 1825 1008 2298 1077; x_wconf 78' lang='grc' dir='ltr'><strong>ἀναισχυντοῦντες</strong></span> <span class='ocrx_word' id='word_1_580' title='bbox 2335 1005 2600 1059; x_wconf 86' lang='grc' dir='ltr'><strong>Ἰουδαίων</strong></span> <span class='ocrx_word' id='word_1_581' title='bbox 2628 1004 2809 1065; x_wconf 82' lang='grc' dir='ltr'><strong>παῖδες</strong></span> <span class='ocrx_word' id='word_1_582' title='bbox 2850 1002 2967 1054; x_wconf 86' lang='grc' dir='ltr'><strong>οὐδέ</strong></span> <span class='ocrx_word' id='word_1_583' title='bbox 2994 1000 3173 1070; x_wconf 79' lang='grc' dir='ltr'><strong>διᾶραι</strong></span> <span class='ocrx_word' id='word_1_584' title='bbox 3200 1000 3262 1052; x_wconf 81' lang='grc' dir='ltr'><strong>τὺ</strong></span> <span class='ocrx_word' id='word_1_585' title='bbox 3298 998 3471 1067; x_wconf 86' lang='grc' dir='ltr'><strong>στόμα</strong></span> 
     </span>
    </p>
   </div>
   <div class='ocr_carea' id='block_1_72' title="bbox 1825 1089 3470 1169">
    <p class='ocr_par' dir='ltr' id='par_1_72' title="bbox 1825 1089 3470 1169">
     <span class='ocr_line' id='line_1_73' title="bbox 1825 1089 3470 1169; baseline -0.005 -18"><span class='ocrx_word' id='word_1_586' title='bbox 1825 1098 2155 1169; x_wconf 85' lang='grc' dir='ltr'><strong>δυνήσονται.</strong></span> <span class='ocrx_word' id='word_1_587' title='bbox 2188 1098 2305 1150; x_wconf 84' lang='grc' dir='ltr'><strong>Ὅτι</strong></span> <span class='ocrx_word' id='word_1_588' title='bbox 2349 1095 2454 1167; x_wconf 84' lang='grc' dir='ltr'><strong>γὰρ</strong></span> <span class='ocrx_word' id='word_1_589' title='bbox 2502 1096 2626 1167; x_wconf 75' lang='grc' dir='ltr'><strong>περὶ</strong></span> <span class='ocrx_word' id='word_1_590' title='bbox 2669 1094 2767 1163; x_wconf 89' lang='grc' dir='ltr'><strong>τῆς</strong></span> <span class='ocrx_word' id='word_1_591' title='bbox 2807 1093 3006 1161; x_wconf 82' lang='grc' dir='ltr'><strong>Καινῆς</strong></span> <span class='ocrx_word' id='word_1_592' title='bbox 3045 1090 3215 1142; x_wconf 85' lang='grc' dir='ltr'><strong>ταῦτα</strong></span> <span class='ocrx_word' id='word_1_593' title='bbox 3259 1089 3470 1160; x_wconf 88' lang='grc' dir='ltr'><strong>είρηται</strong></span> 
     </span>
    </p>
   </div>
   <div class='ocr_carea' id='block_1_73' title="bbox 1826 1178 3471 1256">
    <p class='ocr_par' dir='ltr' id='par_1_73' title="bbox 1826 1178 3471 1256">
     <span class='ocr_line' id='line_1_74' title="bbox 1826 1178 3471 1256; baseline -0.007 -16"><span class='ocrx_word' id='word_1_594' title='bbox 1826 1189 2117 1256; x_wconf 87' lang='grc' dir='ltr'><strong>Διαθήκης,</strong></span> <span class='ocrx_word' id='word_1_595' title='bbox 2148 1187 2243 1238; x_wconf 66' lang='grc' dir='ltr'><strong>καὶ</strong></span> <span class='ocrx_word' id='word_1_596' title='bbox 2272 1185 2378 1237; x_wconf 86' lang='lat'><em>61:6</em></span> <span class='ocrx_word' id='word_1_597' title='bbox 2413 1185 2505 1237; x_wconf 90' lang='grc' dir='ltr'><strong>τοῦ</strong></span> <span class='ocrx_word' id='word_1_598' title='bbox 2539 1185 2725 1253; x_wconf 86' lang='grc' dir='ltr'><strong>τόπου,</strong></span> <span class='ocrx_word' id='word_1_599' title='bbox 2754 1183 2847 1236; x_wconf 79' lang='grc' dir='ltr'><strong>καὶ</strong></span> <span class='ocrx_word' id='word_1_600' title='bbox 2873 1181 2978 1234; x_wconf 89' lang='lat'><em>61:6</em></span> <span class='ocrx_word' id='word_1_601' title='bbox 3005 1179 3095 1232; x_wconf 89' lang='grc' dir='ltr'><strong>τοῦ</strong></span> <span class='ocrx_word' id='word_1_602' title='bbox 3136 1178 3343 1249; x_wconf 85' lang='grc' dir='ltr'><strong>χρόνου,</strong></span> <span class='ocrx_word' id='word_1_603' title='bbox 3376 1180 3471 1231; x_wconf 81' lang='grc' dir='ltr'><strong>καὶ</strong></span> 
     </span>
    </p>
   </div>
   <div class='ocr_carea' id='block_1_74' title="bbox 1826 1268 3469 1345">
    <p class='ocr_par' dir='ltr' id='par_1_74' title="bbox 1826 1268 3469 1345">
     <span class='ocr_line' id='line_1_75' title="bbox 1826 1268 3469 1345; baseline -0.01 -12"><span class='ocrx_word' id='word_1_604' title='bbox 1826 1282 1930 1334; x_wconf 81' lang='grc' dir='ltr'><strong>ἀπὸ</strong></span> <span class='ocrx_word' id='word_1_605' title='bbox 1958 1280 2066 1331; x_wconf 89' lang='grc' dir='ltr'><strong>τῶν</strong></span> <span class='ocrx_word' id='word_1_606' title='bbox 2093 1276 2393 1345; x_wconf 79' lang='grc' dir='ltr'><strong>δεξαμένων</strong></span> <span class='ocrx_word' id='word_1_607' title='bbox 2428 1275 2519 1326; x_wconf 74' lang='grc' dir='ltr'><strong>τον</strong></span> <span class='ocrx_word' id='word_1_608' title='bbox 2546 1274 2727 1340; x_wconf 86' lang='grc' dir='ltr'><strong>νόμον,</strong></span> <span class='ocrx_word' id='word_1_609' title='bbox 2760 1272 2850 1323; x_wconf 73' lang='grc' dir='ltr'><strong>καὶ</strong></span> <span class='ocrx_word' id='word_1_610' title='bbox 2881 1270 2987 1321; x_wconf 85' lang='lat'><em>61:6</em></span> <span class='ocrx_word' id='word_1_611' title='bbox 3019 1269 3110 1321; x_wconf 83' lang='grc' dir='ltr'><strong>τοῦ</strong></span> <span class='ocrx_word' id='word_1_612' title='bbox 3150 1268 3469 1337; x_wconf 89' lang='grc' dir='ltr'><strong>πράγματος</strong></span> 
     </span>
    </p>
   </div>
   <div class='ocr_carea' id='block_1_75' title="bbox 1825 1353 3472 1439">
    <p class='ocr_par' dir='ltr' id='par_1_75' title="bbox 1825 1353 3472 1439">
     <span class='ocr_line' id='line_1_76' title="bbox 1825 1353 3472 1439; baseline -0.009 -18"><span class='ocrx_word' id='word_1_613' title='bbox 1825 1369 1921 1422; x_wconf 85' lang='grc' dir='ltr'><strong>τοῦ</strong></span> <span class='ocrx_word' id='word_1_614' title='bbox 1950 1368 2086 1439; x_wconf 88' lang='grc' dir='ltr'><strong>μετά</strong></span> <span class='ocrx_word' id='word_1_615' title='bbox 2113 1366 2293 1435; x_wconf 87' lang='grc' dir='ltr'><strong>νόμον,</strong></span> <span class='ocrx_word' id='word_1_616' title='bbox 2331 1364 2424 1417; x_wconf 82' lang='grc' dir='ltr'><strong>καὶ</strong></span> <span class='ocrx_word' id='word_1_617' title='bbox 2452 1362 2711 1415; x_wconf 87' lang='grc' dir='ltr'><strong>πάντοθεν</strong></span> <span class='ocrx_word' id='word_1_618' title='bbox 2734 1360 2916 1423; x_wconf 85' lang='grc' dir='ltr'><strong>ἁπλῶς</strong></span> <span class='ocrx_word' id='word_1_619' title='bbox 2945 1359 3057 1411; x_wconf 78' lang='grc' dir='ltr'><strong>ἐστι</strong></span> <span class='ocrx_word' id='word_1_620' title='bbox 3095 1357 3343 1409; x_wconf 88' lang='grc' dir='ltr'><strong>συνιδεῖν.</strong></span> <span class='ocrx_word' id='word_1_621' title='bbox 3363 1353 3472 1407; x_wconf 82' lang='grc' dir='ltr'><strong>Καὶ</strong></span> 
     </span>
    </p>
   </div>
   <div class='ocr_carea' id='block_1_76' title="bbox 1829 1442 3473 1528">
    <p class='ocr_par' dir='ltr' id='par_1_76' title="bbox 1829 1442 3473 1528">
     <span class='ocr_line' id='line_1_77' title="bbox 1829 1442 3473 1528; baseline -0.01 -17"><span class='ocrx_word' id='word_1_622' title='bbox 1829 1458 2044 1528; x_wconf 90' lang='grc' dir='ltr'><strong>πρῶτον</strong></span> <span class='ocrx_word' id='word_1_623' title='bbox 2064 1456 2171 1509; x_wconf 88' lang='lat'><em>61:6</em></span> <span class='ocrx_word' id='word_1_624' title='bbox 2197 1454 2289 1509; x_wconf 89' lang='grc' dir='ltr'><strong>τοῦ</strong></span> <span class='ocrx_word' id='word_1_625' title='bbox 2320 1454 2504 1514; x_wconf 88' lang='grc' dir='ltr'><strong>τόπου,</strong></span> <span class='ocrx_word' id='word_1_626' title='bbox 2529 1450 2620 1503; x_wconf 79' lang='grc' dir='ltr'><strong>τοῦ</strong></span> <span class='ocrx_word' id='word_1_627' title='bbox 2642 1450 2777 1501; x_wconf 86' lang='grc' dir='ltr'><strong>Σιὼν</strong></span> <span class='ocrx_word' id='word_1_628' title='bbox 2805 1448 2983 1517; x_wconf 79' lang='grc' dir='ltr'><strong>ὅρους.</strong></span> <span class='ocrx_word' id='word_1_629' title='bbox 3006 1445 3064 1499; x_wconf 86' lang='lat'><strong>&#39;0</strong></span> <span class='ocrx_word' id='word_1_630' title='bbox 3092 1443 3200 1512; x_wconf 80' lang='grc' dir='ltr'><strong>γὰρ</strong></span> <span class='ocrx_word' id='word_1_631' title='bbox 3230 1442 3318 1496; x_wconf 86' lang='grc' dir='ltr'><strong>διὰ</strong></span> <span class='ocrx_word' id='word_1_632' title='bbox 3345 1443 3473 1496; x_wconf 81' lang='grc' dir='ltr'><strong>Μω-</strong></span> 
     </span>
    </p>
   </div>
   <div class='ocr_carea' id='block_1_77' title="bbox 1831 1531 3477 1617">
    <p class='ocr_par' dir='ltr' id='par_1_77' title="bbox 1831 1531 3477 1617">
     <span class='ocr_line' id='line_1_78' title="bbox 1831 1531 3477 1617; baseline -0.009 -16"><span class='ocrx_word' id='word_1_633' title='bbox 1831 1549 1965 1610; x_wconf 90' lang='grc' dir='ltr'><strong>σέως</strong></span> <span class='ocrx_word' id='word_1_634' title='bbox 2005 1547 2165 1617; x_wconf 88' lang='grc' dir='ltr'><strong>νόμος</strong></span> <span class='ocrx_word' id='word_1_635' title='bbox 2214 1549 2270 1598; x_wconf 85' lang='grc' dir='ltr'><strong>ἐν</strong></span> <span class='ocrx_word' id='word_1_636' title='bbox 2299 1545 2376 1615; x_wconf 87' lang='grc' dir='ltr'>τῷ</span> <span class='ocrx_word' id='word_1_637' title='bbox 2420 1542 2613 1611; x_wconf 85' lang='grc' dir='ltr'><strong>Σιναίῳ</strong></span> <span class='ocrx_word' id='word_1_638' title='bbox 2658 1541 2772 1611; x_wconf 81' lang='grc' dir='ltr'><strong>δρει</strong></span> <span class='ocrx_word' id='word_1_639' title='bbox 2819 1541 2933 1600; x_wconf 91' lang='grc' dir='ltr'><strong>τοῖς</strong></span> <span class='ocrx_word' id='word_1_640' title='bbox 2974 1537 3255 1608; x_wconf 88' lang='grc' dir='ltr'><strong>προγόνοις</strong></span> <span class='ocrx_word' id='word_1_641' title='bbox 3300 1531 3477 1588; x_wconf 89' lang='grc' dir='ltr'><strong>αὐτῶν</strong></span> 
     </span>
    </p>
   </div>
   <div class='ocr_carea' id='block_1_78' title="bbox 1829 1622 3479 1706">
    <p class='ocr_par' dir='ltr' id='par_1_78' title="bbox 1829 1622 3479 1706">
     <span class='ocr_line' id='line_1_79' title="bbox 1829 1622 3479 1706; baseline -0.009 -16"><span class='ocrx_word' id='word_1_642' title='bbox 1829 1638 2003 1706; x_wconf 90' lang='grc' dir='ltr'><strong>ἐδόθη.</strong></span> <span class='ocrx_word' id='word_1_643' title='bbox 2024 1637 2146 1699; x_wconf 87' lang='grc' dir='ltr'><strong>Πῶς</strong></span> <span class='ocrx_word' id='word_1_644' title='bbox 2172 1630 2261 1688; x_wconf 83' lang='grc' dir='ltr'><strong>οὖν</strong></span> <span class='ocrx_word' id='word_1_645' title='bbox 2291 1632 2518 1687; x_wconf 84' lang='grc' dir='ltr'><strong>ἐνταῦθα</strong></span> <span class='ocrx_word' id='word_1_646' title='bbox 2553 1632 2645 1682; x_wconf 75' lang='grc' dir='ltr'><strong>Ἐκ</strong></span> <span class='ocrx_word' id='word_1_647' title='bbox 2680 1628 2829 1681; x_wconf 82' lang='grc' dir='ltr'><strong>Σιών</strong></span> <span class='ocrx_word' id='word_1_648' title='bbox 2854 1644 2984 1697; x_wconf 91' lang='grc' dir='ltr'><strong>φησι</strong></span> <span class='ocrx_word' id='word_1_649' title='bbox 3006 1643 3021 1691; x_wconf 88' lang='grc'>;</span> <span class='ocrx_word' id='word_1_650' title='bbox 3054 1628 3161 1680; x_wconf 71' lang='grc' dir='ltr'><strong>Καὶ</strong></span> <span class='ocrx_word' id='word_1_651' title='bbox 3187 1626 3286 1678; x_wconf 90' lang='grc' dir='ltr'><strong>οὐκ</strong></span> <span class='ocrx_word' id='word_1_652' title='bbox 3313 1622 3479 1693; x_wconf 72' lang='grc' dir='ltr'><strong>ἠρκέ-</strong></span> 
     </span>
    </p>
   </div>
   <div class='ocr_carea' id='block_1_79' title="bbox 1833 1714 3478 1797">
    <p class='ocr_par' dir='ltr' id='par_1_79' title="bbox 1833 1714 3478 1797">
     <span class='ocr_line' id='line_1_80' title="bbox 1833 1714 3478 1797; baseline -0.009 -17"><span class='ocrx_word' id='word_1_653' title='bbox 1833 1727 1932 1797; x_wconf 90' lang='grc' dir='ltr'><strong>σθη</strong></span> <span class='ocrx_word' id='word_1_654' title='bbox 1962 1728 2134 1795; x_wconf 84' lang='grc' dir='ltr'><strong>τούτῳ</strong></span> <span class='ocrx_word' id='word_1_655' title='bbox 2163 1724 2342 1794; x_wconf 84' lang='grc' dir='ltr'><strong>μόνον,</strong></span> <span class='ocrx_word' id='word_1_656' title='bbox 2370 1722 2504 1776; x_wconf 87' lang='grc' dir='ltr'><strong>ἀλλά</strong></span> <span class='ocrx_word' id='word_1_657' title='bbox 2535 1721 2628 1774; x_wconf 71' lang='grc' dir='ltr'><strong>καὶ</strong></span> <span class='ocrx_word' id='word_1_658' title='bbox 2656 1719 2746 1772; x_wconf 83' lang='grc' dir='ltr'><strong>τὸν</strong></span> <span class='ocrx_word' id='word_1_659' title='bbox 2773 1719 2959 1788; x_wconf 90' lang='grc' dir='ltr'><strong>χρόνον</strong></span> <span class='ocrx_word' id='word_1_660' title='bbox 2984 1715 3381 1787; x_wconf 85' lang='grc' dir='ltr'><strong>προστέθεικεν.</strong></span> <span class='ocrx_word' id='word_1_661' title='bbox 3400 1714 3478 1766; x_wconf 85' lang='grc' dir='ltr'><strong>Οὐ</strong></span> 
     </span>
    </p>
   </div>
   <div class='ocr_carea' id='block_1_80' title="bbox 1831 1807 3478 1889">
    <p class='ocr_par' dir='ltr' id='par_1_80' title="bbox 1831 1807 3478 1889">
     <span class='ocr_line' id='line_1_81' title="bbox 1831 1807 3478 1889; baseline -0.009 -16"><span class='ocrx_word' id='word_1_662' title='bbox 1831 1821 1939 1889; x_wconf 82' lang='grc' dir='ltr'><strong>γὰρ</strong></span> <span class='ocrx_word' id='word_1_663' title='bbox 1971 1814 2152 1883; x_wconf 78' lang='grc' dir='ltr'><strong>εἶπεν,</strong></span> <span class='ocrx_word' id='word_1_664' title='bbox 2188 1816 2406 1885; x_wconf 80' lang='grc' dir='ltr'><strong>Ἐξῆλθε</strong></span> <span class='ocrx_word' id='word_1_665' title='bbox 2438 1814 2621 1884; x_wconf 92' lang='grc' dir='ltr'><strong>νόμος,</strong></span> <span class='ocrx_word' id='word_1_666' title='bbox 2655 1812 2791 1875; x_wconf 82' lang='grc' dir='ltr'><strong>ἀλλ’,</strong></span> <span class='ocrx_word' id='word_1_667' title='bbox 2839 1810 3239 1875; x_wconf 78' lang='grc' dir='ltr'><strong>Ἐξελεύσεται</strong></span> <span class='ocrx_word' id='word_1_668' title='bbox 3275 1807 3478 1875; x_wconf 78' lang='grc' dir='ltr'><strong>νόμος,</strong></span> 
     </span>
    </p>
   </div>
   <div class='ocr_carea' id='block_1_81' title="bbox 1832 1898 3482 1983">
    <p class='ocr_par' dir='ltr' id='par_1_81' title="bbox 1832 1898 3482 1983">
     <span class='ocr_line' id='line_1_82' title="bbox 1832 1898 3482 1983; baseline -0.01 -19"><span class='ocrx_word' id='word_1_669' title='bbox 1832 1913 1967 1983; x_wconf 83' lang='grc' dir='ltr'><strong>ὅπερ</strong></span> <span class='ocrx_word' id='word_1_670' title='bbox 2002 1911 2092 1963; x_wconf 74' lang='grc' dir='ltr'><strong>ἐπὶ</strong></span> <span class='ocrx_word' id='word_1_671' title='bbox 2120 1909 2397 1979; x_wconf 83' lang='grc' dir='ltr'><strong>μέλλοντος</strong></span> <span class='ocrx_word' id='word_1_672' title='bbox 2418 1905 2627 1975; x_wconf 86' lang='grc' dir='ltr'><strong>χρόνου,</strong></span> <span class='ocrx_word' id='word_1_673' title='bbox 2650 1904 2743 1955; x_wconf 78' lang='grc' dir='ltr'><strong>καὶ</strong></span> <span class='ocrx_word' id='word_1_674' title='bbox 2768 1901 3086 1972; x_wconf 85' lang='grc' dir='ltr'><strong>πράγματος</strong></span> <span class='ocrx_word' id='word_1_675' title='bbox 3104 1898 3311 1951; x_wconf 81' lang='grc' dir='ltr'><strong>οὐδέπω</strong></span> <span class='ocrx_word' id='word_1_676' title='bbox 3332 1912 3482 1964; x_wconf 84' lang='grc' dir='ltr'><strong>γεγε-</strong></span> 
     </span>
    </p>
   </div>
   <div class='ocr_carea' id='block_1_82' title="bbox 1831 1987 3481 2069">
    <p class='ocr_par' dir='ltr' id='par_1_82' title="bbox 1831 1987 3481 2069">
     <span class='ocr_line' id='line_1_83' title="bbox 1831 1987 3481 2069; baseline -0.006 -18"><span class='ocrx_word' id='word_1_677' title='bbox 1831 2000 2083 2069; x_wconf 85' lang='grc' dir='ltr'><strong>νημένου.</strong></span> <span class='ocrx_word' id='word_1_678' title='bbox 2124 1999 2252 2050; x_wconf 85' lang='grc' dir='ltr'><strong>Ὅτε</strong></span> <span class='ocrx_word' id='word_1_679' title='bbox 2287 1997 2342 2049; x_wconf 79' lang='grc' dir='ltr'><strong>δὲ</strong></span> <span class='ocrx_word' id='word_1_680' title='bbox 2369 1998 2398 2048; x_wconf 97' lang='lat'><strong>6</strong></span> <span class='ocrx_word' id='word_1_681' title='bbox 2425 1996 2704 2063; x_wconf 79' lang='grc' dir='ltr'><strong>προφήτης</strong></span> <span class='ocrx_word' id='word_1_682' title='bbox 2729 1989 2897 2043; x_wconf 87' lang='grc' dir='ltr'><strong>ταῦτα</strong></span> <span class='ocrx_word' id='word_1_683' title='bbox 2924 1990 3096 2058; x_wconf 80' lang='grc' dir='ltr'><strong>ἐλεγε,</strong></span> <span class='ocrx_word' id='word_1_684' title='bbox 3130 1989 3236 2058; x_wconf 81' lang='grc' dir='ltr'><strong>πρὸ</strong></span> <span class='ocrx_word' id='word_1_685' title='bbox 3270 1987 3481 2041; x_wconf 83' lang='grc' dir='ltr'><strong>πολλῶν</strong></span> 
     </span>
    </p>
   </div>
   <div class='ocr_carea' id='block_1_83' title="bbox 1832 2074 3482 2158">
    <p class='ocr_par' dir='ltr' id='par_1_83' title="bbox 1832 2074 3482 2158">
     <span class='ocr_line' id='line_1_84' title="bbox 1832 2074 3482 2158; baseline -0.009 -16"><span class='ocrx_word' id='word_1_686' title='bbox 1832 2090 1967 2143; x_wconf 86' lang='grc' dir='ltr'><strong>ἐτῶν</strong></span> <span class='ocrx_word' id='word_1_687' title='bbox 1999 2084 2066 2158; x_wconf 82' lang='grc' dir='ltr'><strong>ἦν</strong></span> <span class='ocrx_word' id='word_1_688' title='bbox 2111 2087 2386 2156; x_wconf 86' lang='grc' dir='ltr'><strong>δεδομένος</strong></span> <span class='ocrx_word' id='word_1_689' title='bbox 2427 2087 2456 2137; x_wconf 88' lang='lat'><strong>6</strong></span> <span class='ocrx_word' id='word_1_690' title='bbox 2498 2084 2691 2153; x_wconf 83' lang='grc' dir='ltr'><strong>νόμος·</strong></span> <span class='ocrx_word' id='word_1_691' title='bbox 2737 2082 2767 2134; x_wconf 88' lang='lat'><strong>6</strong></span> <span class='ocrx_word' id='word_1_692' title='bbox 2808 2081 2865 2134; x_wconf 84' lang='grc' dir='ltr'><strong>δέ</strong></span> <span class='ocrx_word' id='word_1_693' title='bbox 2892 2079 2992 2149; x_wconf 87' lang='grc' dir='ltr'><strong>τῆς</strong></span> <span class='ocrx_word' id='word_1_694' title='bbox 3036 2077 3244 2147; x_wconf 81' lang='grc' dir='ltr'><strong>Καινῆς</strong></span> <span class='ocrx_word' id='word_1_695' title='bbox 3290 2074 3482 2147; x_wconf 72' lang='grc' dir='ltr'><strong>ἔμελλε</strong></span> 
     </span>
    </p>
   </div>
   <div class='ocr_carea' id='block_1_84' title="bbox 1838 2169 3484 2256">
    <p class='ocr_par' dir='ltr' id='par_1_84' title="bbox 1838 2169 3484 2256">
     <span class='ocr_line' id='line_1_85' title="bbox 1838 2169 3484 2256; baseline -0.01 -18"><span class='ocrx_word' id='word_1_696' title='bbox 1838 2185 1972 2256; x_wconf 86' lang='grc' dir='ltr'><strong>μετά</strong></span> <span class='ocrx_word' id='word_1_697' title='bbox 2000 2186 2093 2253; x_wconf 79' lang='grc' dir='ltr'><strong>ἐτη</strong></span> <span class='ocrx_word' id='word_1_698' title='bbox 2128 2182 2342 2235; x_wconf 89' lang='grc' dir='ltr'><strong>πλείονα</strong></span> <span class='ocrx_word' id='word_1_699' title='bbox 2382 2179 2634 2232; x_wconf 89' lang='grc' dir='ltr'><strong>δίδοσθαι.</strong></span> <span class='ocrx_word' id='word_1_700' title='bbox 2669 2176 2766 2229; x_wconf 87' lang='grc' dir='ltr'><strong>Διά</strong></span> <span class='ocrx_word' id='word_1_701' title='bbox 2807 2174 2965 2228; x_wconf 89' lang='grc' dir='ltr'><strong>τοῦτο</strong></span> <span class='ocrx_word' id='word_1_702' title='bbox 2995 2174 3093 2225; x_wconf 91' lang='grc' dir='ltr'><strong>οὐκ</strong></span> <span class='ocrx_word' id='word_1_703' title='bbox 3118 2169 3286 2233; x_wconf 73' lang='grc' dir='ltr'><strong>εἶπεν,</strong></span> <span class='ocrx_word' id='word_1_704' title='bbox 3327 2170 3484 2238; x_wconf 77' lang='grc' dir='ltr'><strong>ἐξῆλ-</strong></span> 
     </span>
    </p>
   </div>
   <div class='ocr_carea' id='block_1_85' title="bbox 1836 2256 3485 2337">
    <p class='ocr_par' dir='ltr' id='par_1_85' title="bbox 1836 2256 3485 2337">
     <span class='ocr_line' id='line_1_86' title="bbox 1836 2256 3485 2337; baseline -0.01 -13"><span class='ocrx_word' id='word_1_705' title='bbox 1836 2273 1944 2337; x_wconf 92' lang='grc' dir='ltr'><strong>θεν,</strong></span> <span class='ocrx_word' id='word_1_706' title='bbox 1967 2271 2100 2333; x_wconf 84' lang='grc' dir='ltr'><strong>ἀλλ’,</strong></span> <span class='ocrx_word' id='word_1_707' title='bbox 2138 2268 2566 2332; x_wconf 80' lang='grc' dir='ltr'><strong>Ἐξελεύσεται.</strong></span> <span class='ocrx_word' id='word_1_708' title='bbox 2593 2262 2855 2324; x_wconf 85' lang='grc' dir='ltr'><strong>τουτέστι,</strong></span> <span class='ocrx_word' id='word_1_709' title='bbox 2881 2261 3015 2330; x_wconf 85' lang='grc' dir='ltr'><strong>μετὰ</strong></span> <span class='ocrx_word' id='word_1_710' title='bbox 3040 2259 3230 2312; x_wconf 89' lang='grc' dir='ltr'><strong>ταῦτα.</strong></span> <span class='ocrx_word' id='word_1_711' title='bbox 3255 2258 3362 2309; x_wconf 74' lang='grc' dir='ltr'><strong>Καὶ</strong></span> <span class='ocrx_word' id='word_1_712' title='bbox 3377 2256 3485 2309; x_wconf 81' lang='grc' dir='ltr'><strong>πά-</strong></span> 
     </span>
    </p>
   </div>
   <div class='ocr_carea' id='block_1_86' title="bbox 1834 2343 3484 2417">
    <p class='ocr_par' dir='ltr' id='par_1_86' title="bbox 1834 2343 3484 2417">
     <span class='ocr_line' id='line_1_87' title="bbox 1834 2343 3484 2417; baseline -0.012 -5"><span class='ocrx_word' id='word_1_713' title='bbox 1834 2360 1914 2411; x_wconf 91' lang='grc' dir='ltr'><strong>λιν</strong></span> <span class='ocrx_word' id='word_1_714' title='bbox 1943 2360 2034 2411; x_wconf 78' lang='grc' dir='ltr'><strong>ἐπὶ</strong></span> <span class='ocrx_word' id='word_1_715' title='bbox 2059 2357 2148 2409; x_wconf 81' lang='grc' dir='ltr'><strong>τὸν</strong></span> <span class='ocrx_word' id='word_1_716' title='bbox 2174 2356 2337 2409; x_wconf 89' lang='grc' dir='ltr'><strong>τόπον</strong></span> <span class='ocrx_word' id='word_1_717' title='bbox 2362 2353 2522 2406; x_wconf 82' lang='grc' dir='ltr'><strong>αὐτὸν</strong></span> <span class='ocrx_word' id='word_1_718' title='bbox 2556 2349 2884 2417; x_wconf 82' lang='grc' dir='ltr'><strong>καταφεύγει</strong></span> <span class='ocrx_word' id='word_1_719' title='bbox 2924 2347 3094 2412; x_wconf 88' lang='grc' dir='ltr'><strong>λέγων</strong></span> <span class='ocrx_word' id='word_1_720' title='bbox 3115 2361 3126 2373; x_wconf 89' lang='grc'><strong>·</strong></span> <span class='ocrx_word' id='word_1_721' title='bbox 3162 2343 3272 2398; x_wconf 80' lang='grc' dir='ltr'><strong>Καί</strong></span> <span class='ocrx_word' id='word_1_722' title='bbox 3303 2344 3484 2409; x_wconf 77' lang='grc' dir='ltr'><strong>λόγος</strong></span> 
     </span>
    </p>
   </div>
   <div class='ocr_carea' id='block_1_87' title="bbox 1835 2427 3484 2509">
    <p class='ocr_par' dir='ltr' id='par_1_87' title="bbox 1835 2427 3484 2509">
     <span class='ocr_line' id='line_1_88' title="bbox 1835 2427 3484 2509; baseline -0.013 -12"><span class='ocrx_word' id='word_1_723' title='bbox 1835 2444 2052 2509; x_wconf 83' lang='grc' dir='ltr'><strong>Κυρίου</strong></span> <span class='ocrx_word' id='word_1_724' title='bbox 2077 2441 2145 2503; x_wconf 76' lang='grc' dir='ltr'><strong>ἐξ</strong></span> <span class='ocrx_word' id='word_1_725' title='bbox 2168 2436 2566 2505; x_wconf 80' lang='grc' dir='ltr'><strong>Ἰερουσαλήμ.</strong></span> <span class='ocrx_word' id='word_1_726' title='bbox 2590 2434 2736 2487; x_wconf 80' lang='grc' dir='ltr'><strong>Μετὰ</strong></span> <span class='ocrx_word' id='word_1_727' title='bbox 2764 2431 3044 2503; x_wconf 87' lang='grc' dir='ltr'><strong>ἀκριϐείας</strong></span> <span class='ocrx_word' id='word_1_728' title='bbox 3073 2432 3202 2498; x_wconf 86' lang='grc' dir='ltr'><strong>ήμῖν</strong></span> <span class='ocrx_word' id='word_1_729' title='bbox 3229 2428 3288 2479; x_wconf 83' lang='grc' dir='ltr'><strong>τὸ</strong></span> <span class='ocrx_word' id='word_1_730' title='bbox 3310 2427 3484 2495; x_wconf 82' lang='grc' dir='ltr'><strong>παρά-</strong></span> 
     </span>
    </p>
   </div>
   <div class='ocr_carea' id='block_1_88' title="bbox 1836 2511 3483 2597">
    <p class='ocr_par' dir='ltr' id='par_1_88' title="bbox 1836 2511 3483 2597">
     <span class='ocr_line' id='line_1_89' title="bbox 1836 2511 3483 2597; baseline -0.009 -18"><span class='ocrx_word' id='word_1_731' title='bbox 1836 2545 1901 2597; x_wconf 83' lang='grc' dir='ltr'><strong>ση</strong></span> <span class='ocrx_word' id='word_1_732' title='bbox 1910 2544 2006 2595; x_wconf 86' lang='grc' dir='ltr'><strong>μον</strong></span> <span class='ocrx_word' id='word_1_733' title='bbox 2033 2526 2128 2591; x_wconf 88' lang='grc' dir='ltr'><strong>τῆς</strong></span> <span class='ocrx_word' id='word_1_734' title='bbox 2155 2523 2340 2591; x_wconf 87' lang='grc' dir='ltr'><strong>καινῆς</strong></span> <span class='ocrx_word' id='word_1_735' title='bbox 2365 2521 2633 2589; x_wconf 86' lang='grc' dir='ltr'><strong>Διαθήκης</strong></span> <span class='ocrx_word' id='word_1_736' title='bbox 2658 2517 2887 2570; x_wconf 86' lang='grc' dir='ltr'><strong>ἐνταῦθα</strong></span> <span class='ocrx_word' id='word_1_737' title='bbox 2914 2516 3110 2584; x_wconf 86' lang='grc' dir='ltr'><strong>τίθησι.</strong></span> <span class='ocrx_word' id='word_1_738' title='bbox 3129 2513 3236 2565; x_wconf 85' lang='grc' dir='ltr'><strong>Καὶ</strong></span> <span class='ocrx_word' id='word_1_739' title='bbox 3261 2513 3369 2582; x_wconf 81' lang='grc' dir='ltr'><strong>γάρ</strong></span> <span class='ocrx_word' id='word_1_740' title='bbox 3388 2511 3483 2564; x_wconf 88' lang='grc' dir='ltr'><strong>νῦν</strong></span> 
     </span>
    </p>
   </div>
   <div class='ocr_carea' id='block_1_89' title="bbox 1840 2595 3485 2683">
    <p class='ocr_par' dir='ltr' id='par_1_89' title="bbox 1840 2595 3485 2683">
     <span class='ocr_line' id='line_1_90' title="bbox 1840 2595 3485 2683; baseline -0.01 -18"><span class='ocrx_word' id='word_1_741' title='bbox 1840 2595 1935 2683; x_wconf 85' lang='grc' dir='ltr'><strong>μέν</strong></span> <span class='ocrx_word' id='word_1_742' title='bbox 1960 2612 2017 2663; x_wconf 90' lang='grc' dir='ltr'><strong>ἐν</strong></span> <span class='ocrx_word' id='word_1_743' title='bbox 2048 2610 2123 2680; x_wconf 84' lang='grc' dir='ltr'><strong>τῷ</strong></span> <span class='ocrx_word' id='word_1_744' title='bbox 2159 2608 2273 2678; x_wconf 68' lang='grc' dir='ltr'><strong>ὄρει</strong></span> <span class='ocrx_word' id='word_1_745' title='bbox 2316 2607 2642 2675; x_wconf 87' lang='grc' dir='ltr'><strong>καθήμενος,</strong></span> <span class='ocrx_word' id='word_1_746' title='bbox 2669 2602 2737 2656; x_wconf 86' lang='grc' dir='ltr'><strong>τά</strong></span> <span class='ocrx_word' id='word_1_747' title='bbox 2761 2600 2938 2672; x_wconf 80' lang='grc' dir='ltr'><strong>ὑψηλά</strong></span> <span class='ocrx_word' id='word_1_748' title='bbox 2972 2599 3063 2653; x_wconf 82' lang='grc' dir='ltr'><strong>καὶ</strong></span> <span class='ocrx_word' id='word_1_749' title='bbox 3097 2599 3205 2651; x_wconf 91' lang='grc' dir='ltr'><strong>τῶν</strong></span> <span class='ocrx_word' id='word_1_750' title='bbox 3241 2595 3485 2667; x_wconf 89' lang='grc' dir='ltr'><strong>οὐρανῶν</strong></span> 
     </span>
    </p>
   </div>
   <div class='ocr_carea' id='block_1_90' title="bbox 1836 2683 3487 2768">
    <p class='ocr_par' dir='ltr' id='par_1_90' title="bbox 1836 2683 3487 2768">
     <span class='ocr_line' id='line_1_91' title="bbox 1836 2683 3487 2768; baseline -0.011 -15"><span class='ocrx_word' id='word_1_751' title='bbox 1836 2701 1960 2765; x_wconf 79' lang='grc' dir='ltr'><strong>ἀξια</strong></span> <span class='ocrx_word' id='word_1_752' title='bbox 2008 2697 2400 2768; x_wconf 86' lang='grc' dir='ltr'><strong>προστάγματα</strong></span> <span class='ocrx_word' id='word_1_753' title='bbox 2439 2692 2771 2763; x_wconf 85' lang='grc' dir='ltr'><strong>ἐνομοθέτει,</strong></span> <span class='ocrx_word' id='word_1_754' title='bbox 2816 2689 2909 2744; x_wconf 88' lang='grc' dir='ltr'><strong>νῦν</strong></span> <span class='ocrx_word' id='word_1_755' title='bbox 2955 2688 3012 2741; x_wconf 83' lang='grc' dir='ltr'><strong>δὲ</strong></span> <span class='ocrx_word' id='word_1_756' title='bbox 3043 2688 3101 2740; x_wconf 90' lang='grc' dir='ltr'><strong>ἐν</strong></span> <span class='ocrx_word' id='word_1_757' title='bbox 3140 2683 3487 2756; x_wconf 80' lang='grc' dir='ltr'><strong>Ἰερουσαλὴμ</strong></span> 
     </span>
    </p>
   </div>
   <div class='ocr_carea' id='block_1_91' title="bbox 1836 2770 3485 2854">
    <p class='ocr_par' dir='ltr' id='par_1_91' title="bbox 1836 2770 3485 2854">
     <span class='ocr_line' id='line_1_92' title="bbox 1836 2770 3485 2854; baseline -0.01 -15"><span class='ocrx_word' id='word_1_758' title='bbox 1836 2784 2139 2854; x_wconf 82' lang='grc' dir='ltr'><strong>διατρίϐων.</strong></span> <span class='ocrx_word' id='word_1_759' title='bbox 2168 2779 2353 2834; x_wconf 75' lang='grc' dir='ltr'><strong>Εἰπὼν</strong></span> <span class='ocrx_word' id='word_1_760' title='bbox 2390 2779 2570 2832; x_wconf 86' lang='grc' dir='ltr'><strong>τοίνυν</strong></span> <span class='ocrx_word' id='word_1_761' title='bbox 2600 2778 2692 2831; x_wconf 74' lang='grc' dir='ltr'><strong>καὶ</strong></span> <span class='ocrx_word' id='word_1_762' title='bbox 2722 2776 2812 2829; x_wconf 79' lang='grc' dir='ltr'><strong>τὸν</strong></span> <span class='ocrx_word' id='word_1_763' title='bbox 2844 2774 3006 2828; x_wconf 88' lang='grc' dir='ltr'><strong>τόπον</strong></span> <span class='ocrx_word' id='word_1_764' title='bbox 3037 2772 3130 2825; x_wconf 72' lang='grc' dir='ltr'><strong>καὶ</strong></span> <span class='ocrx_word' id='word_1_765' title='bbox 3156 2771 3246 2824; x_wconf 81' lang='grc' dir='ltr'><strong>τὸν</strong></span> <span class='ocrx_word' id='word_1_766' title='bbox 3276 2770 3485 2841; x_wconf 87' lang='grc' dir='ltr'><strong>χρόνον,</strong></span> 
     </span>
    </p>
   </div>
   <div class='ocr_carea' id='block_1_92' title="bbox 1839 2856 3485 2942">
    <p class='ocr_par' dir='ltr' id='par_1_92' title="bbox 1839 2856 3485 2942">
     <span class='ocr_line' id='line_1_93' title="bbox 1839 2856 3485 2942; baseline -0.011 -18"><span class='ocrx_word' id='word_1_767' title='bbox 1839 2871 2155 2942; x_wconf 89' lang='grc' dir='ltr'><strong>προστίθησι</strong></span> <span class='ocrx_word' id='word_1_768' title='bbox 2182 2867 2298 2939; x_wconf 75' lang='lat'><strong>[24]</strong></span> <span class='ocrx_word' id='word_1_769' title='bbox 2330 2868 2423 2920; x_wconf 76' lang='grc' dir='ltr'><strong>καὶ</strong></span> <span class='ocrx_word' id='word_1_770' title='bbox 2454 2867 2578 2928; x_wconf 86' lang='grc' dir='ltr'><strong>τοὺς</strong></span> <span class='ocrx_word' id='word_1_771' title='bbox 2611 2861 2964 2932; x_wconf 81' lang='grc' dir='ltr'><strong>ὑποδέχεσθαι</strong></span> <span class='ocrx_word' id='word_1_772' title='bbox 2988 2858 3148 2913; x_wconf 82' lang='grc' dir='ltr'><strong>αὐτὸν</strong></span> <span class='ocrx_word' id='word_1_773' title='bbox 3178 2856 3485 2928; x_wconf 83' lang='grc' dir='ltr'><strong>μέλλοντας,</strong></span> 
     </span>
    </p>
   </div>
   <div class='ocr_carea' id='block_1_93' title="bbox 1837 2942 3484 3025">
    <p class='ocr_par' dir='ltr' id='par_1_93' title="bbox 1837 2942 3484 3025">
     <span class='ocr_line' id='line_1_94' title="bbox 1837 2942 3484 3025; baseline -0.009 -16"><span class='ocrx_word' id='word_1_774' title='bbox 1837 2956 2167 3025; x_wconf 82' lang='grc' dir='ltr'><strong>πανταχόθεν</strong></span> <span class='ocrx_word' id='word_1_775' title='bbox 2190 2953 2559 3024; x_wconf 75' lang='grc' dir='ltr'><strong>ἀπορράπτων</strong></span> <span class='ocrx_word' id='word_1_776' title='bbox 2586 2950 2696 3003; x_wconf 90' lang='grc' dir='ltr'><strong>τῶν</strong></span> <span class='ocrx_word' id='word_1_777' title='bbox 2727 2946 3105 3013; x_wconf 87' lang='grc' dir='ltr'><strong>ἀντιλεγόντων</strong></span> <span class='ocrx_word' id='word_1_778' title='bbox 3128 2944 3197 2997; x_wconf 82' lang='grc' dir='ltr'><strong>τά</strong></span> <span class='ocrx_word' id='word_1_779' title='bbox 3226 2942 3484 3011; x_wconf 89' lang='grc' dir='ltr'><strong>στόματα.</strong></span> 
     </span>
    </p>
   </div>
   <div class='ocr_carea' id='block_1_94' title="bbox 1839 3025 3490 3105">
    <p class='ocr_par' dir='ltr' id='par_1_94' title="bbox 1839 3025 3490 3105">
     <span class='ocr_line' id='line_1_95' title="bbox 1839 3025 3490 3105; baseline -0.007 -11"><span class='ocrx_word' id='word_1_780' title='bbox 1839 3043 1993 3103; x_wconf 88' lang='grc' dir='ltr'><strong>Τίνες</strong></span> <span class='ocrx_word' id='word_1_781' title='bbox 2035 3037 2127 3093; x_wconf 81' lang='grc' dir='ltr'><strong>οὖν</strong></span> <span class='ocrx_word' id='word_1_782' title='bbox 2179 3040 2229 3091; x_wconf 93' lang='grc' dir='ltr'><strong>οί</strong></span> <span class='ocrx_word' id='word_1_783' title='bbox 2275 3037 2557 3105; x_wconf 82' lang='grc' dir='ltr'><strong>μέλλοντες</strong></span> <span class='ocrx_word' id='word_1_784' title='bbox 2607 3035 2768 3089; x_wconf 80' lang='grc' dir='ltr'><strong>αὐτὸν</strong></span> <span class='ocrx_word' id='word_1_785' title='bbox 2802 3030 3187 3101; x_wconf 77' lang='grc' dir='ltr'><strong>ὑποδέχεσθαις</strong></span> <span class='ocrx_word' id='word_1_786' title='bbox 3231 3025 3339 3098; x_wconf 80' lang='grc' dir='ltr'><strong>ἄρα</strong></span> <span class='ocrx_word' id='word_1_787' title='bbox 3379 3027 3490 3082; x_wconf 82' lang='grc' dir='ltr'><strong>τῶν</strong></span> 
     </span>
    </p>
   </div>
   <div class='ocr_carea' id='block_1_95' title="bbox 1851 3117 3490 3197">
    <p class='ocr_par' dir='ltr' id='par_1_95' title="bbox 1851 3117 3490 3197">
     <span class='ocr_line' id='line_1_96' title="bbox 1851 3117 3490 3197; baseline -0.008 -16"><span class='ocrx_word' id='word_1_788' title='bbox 1851 3128 2112 3197; x_wconf 83' lang='grc' dir='ltr'><strong>Ἐϐραίων</strong></span> <span class='ocrx_word' id='word_1_789' title='bbox 2139 3130 2165 3179; x_wconf 92' lang='lat'><strong>6</strong></span> <span class='ocrx_word' id='word_1_790' title='bbox 2197 3126 2362 3195; x_wconf 82' lang='grc' dir='ltr'><strong>δῆμος</strong></span> <span class='ocrx_word' id='word_1_791' title='bbox 2396 3126 2487 3177; x_wconf 76' lang='grc' dir='ltr'><strong>καὶ</strong></span> <span class='ocrx_word' id='word_1_792' title='bbox 2524 3123 2791 3176; x_wconf 87' lang='grc' dir='ltr'><strong>Ἰουδαίων</strong></span> <span class='ocrx_word' id='word_1_793' title='bbox 2823 3122 3037 3184; x_wconf 84' lang='grc' dir='ltr'><strong>παῖδες;</strong></span> <span class='ocrx_word' id='word_1_794' title='bbox 3066 3118 3348 3186; x_wconf 90' lang='grc' dir='ltr'><strong>Οὐδαμῶς,</strong></span> <span class='ocrx_word' id='word_1_795' title='bbox 3374 3117 3490 3170; x_wconf 78' lang='grc' dir='ltr'>ἀλλ’</span> 
     </span>
    </p>
   </div>
   <div class='ocr_carea' id='block_1_96' title="bbox 1840 3203 3495 3281">
    <p class='ocr_par' dir='ltr' id='par_1_96' title="bbox 1840 3203 3495 3281">
     <span class='ocr_line' id='line_1_97' title="bbox 1840 3203 3495 3281; baseline -0.008 -13"><span class='ocrx_word' id='word_1_796' title='bbox 1840 3218 1889 3269; x_wconf 88' lang='grc' dir='ltr'><strong>οί</strong></span> <span class='ocrx_word' id='word_1_797' title='bbox 1917 3217 1974 3281; x_wconf 80' lang='grc' dir='ltr'><strong>ἐξ</strong></span> <span class='ocrx_word' id='word_1_798' title='bbox 2007 3213 2195 3266; x_wconf 86' lang='grc' dir='ltr'><strong>ἐθνῶν.</strong></span> <span class='ocrx_word' id='word_1_799' title='bbox 2236 3212 2327 3265; x_wconf 82' lang='grc' dir='ltr'><strong>Διὸ</strong></span> <span class='ocrx_word' id='word_1_800' title='bbox 2362 3213 2454 3263; x_wconf 82' lang='grc' dir='ltr'><strong>καὶ</strong></span> <span class='ocrx_word' id='word_1_801' title='bbox 2493 3211 2737 3279; x_wconf 85' lang='grc' dir='ltr'><strong>ἐπήγαγε</strong></span> <span class='ocrx_word' id='word_1_802' title='bbox 2756 3225 2770 3239; x_wconf 88' lang='grc'><strong>·</strong></span> <span class='ocrx_word' id='word_1_803' title='bbox 2800 3207 2909 3262; x_wconf 85' lang='lat' dir='ltr'><strong><em>Kal</em></strong></span> <span class='ocrx_word' id='word_1_804' title='bbox 2942 3205 3130 3274; x_wconf 86' lang='grc' dir='ltr'><strong>κρινεῖ</strong></span> <span class='ocrx_word' id='word_1_805' title='bbox 3160 3203 3275 3258; x_wconf 81' lang='grc' dir='ltr'><strong>ἀνὰ</strong></span> <span class='ocrx_word' id='word_1_806' title='bbox 3300 3205 3495 3272; x_wconf 81' lang='grc' dir='ltr'><strong>μέσον</strong></span> 
     </span>
    </p>
   </div>
   <div class='ocr_carea' id='block_1_97' title="bbox 1841 3294 3491 3371">
    <p class='ocr_par' dir='ltr' id='par_1_97' title="bbox 1841 3294 3491 3371">
     <span class='ocr_line' id='line_1_98' title="bbox 1841 3294 3491 3371; baseline -0.012 -10"><span class='ocrx_word' id='word_1_807' title='bbox 1841 3304 2048 3361; x_wconf 83' lang='grc' dir='ltr'><strong>ἐθνῶν.</strong></span> <span class='ocrx_word' id='word_1_808' title='bbox 2077 3302 2246 3355; x_wconf 88' lang='grc' dir='ltr'><strong>Τοῦτο</strong></span> <span class='ocrx_word' id='word_1_809' title='bbox 2279 3301 2385 3371; x_wconf 86' lang='grc' dir='ltr'><strong>γὰρ</strong></span> <span class='ocrx_word' id='word_1_810' title='bbox 2425 3299 2654 3368; x_wconf 88' lang='grc' dir='ltr'><strong>μάλιστα</strong></span> <span class='ocrx_word' id='word_1_811' title='bbox 2681 3297 2865 3366; x_wconf 89' lang='grc' dir='ltr'><strong>νόμου,</strong></span> <span class='ocrx_word' id='word_1_812' title='bbox 2893 3295 2953 3347; x_wconf 83' lang='grc' dir='ltr'><strong>τὸ</strong></span> <span class='ocrx_word' id='word_1_813' title='bbox 2980 3294 3217 3356; x_wconf 80' lang='grc' dir='ltr'><strong>δικάζειν</strong></span> <span class='ocrx_word' id='word_1_814' title='bbox 3238 3294 3347 3354; x_wconf 91' lang='grc' dir='ltr'><strong>τοῖς</strong></span> <span class='ocrx_word' id='word_1_815' title='bbox 3383 3308 3491 3359; x_wconf 81' lang='grc' dir='ltr'><strong>μα-</strong></span> 
     </span>
    </p>
   </div>
   <div class='ocr_carea' id='block_1_98' title="bbox 1842 3376 3492 3462">
    <p class='ocr_par' dir='ltr' id='par_1_98' title="bbox 1842 3376 3492 3462">
     <span class='ocr_line' id='line_1_99' title="bbox 1842 3376 3492 3462; baseline -0.009 -19"><span class='ocrx_word' id='word_1_816' title='bbox 1842 3391 2087 3462; x_wconf 84' lang='grc' dir='ltr'><strong>χομένοις</strong></span> <span class='ocrx_word' id='word_1_817' title='bbox 2109 3387 2267 3442; x_wconf 90' lang='grc' dir='ltr'><strong>αὐτόν</strong></span> <span class='ocrx_word' id='word_1_818' title='bbox 2290 3397 2337 3438; x_wconf 67' lang='grc' dir='ltr'><strong>θ.</strong></span> <span class='ocrx_word' id='word_1_819' title='bbox 2360 3386 2477 3437; x_wconf 77' lang='grc' dir='ltr'><strong>Ὀτι</strong></span> <span class='ocrx_word' id='word_1_820' title='bbox 2506 3384 2562 3435; x_wconf 86' lang='grc' dir='ltr'><strong>δέ</strong></span> <span class='ocrx_word' id='word_1_821' title='bbox 2598 3383 2658 3435; x_wconf 92' lang='grc' dir='ltr'><strong>οὐ</strong></span> <span class='ocrx_word' id='word_1_822' title='bbox 2694 3380 2821 3452; x_wconf 80' lang='grc' dir='ltr'><strong>περὶ</strong></span> <span class='ocrx_word' id='word_1_823' title='bbox 2859 3380 2958 3449; x_wconf 88' lang='grc' dir='ltr'><strong>τῆς</strong></span> <span class='ocrx_word' id='word_1_824' title='bbox 2993 3380 3231 3440; x_wconf 82' lang='grc' dir='ltr'><strong>Παλαιᾶς</strong></span> <span class='ocrx_word' id='word_1_825' title='bbox 3253 3380 3281 3430; x_wconf 91' lang='lat'><strong>6</strong></span> <span class='ocrx_word' id='word_1_826' title='bbox 3318 3376 3492 3443; x_wconf 82' lang='grc' dir='ltr'><strong>λόγος,</strong></span> 
     </span>
    </p>
   </div>
   <div class='ocr_carea' id='block_1_99' title="bbox 1844 3462 3496 3547">
    <p class='ocr_par' dir='ltr' id='par_1_99' title="bbox 1844 3462 3496 3547">
     <span class='ocr_line' id='line_1_100' title="bbox 1844 3462 3496 3547; baseline -0.012 -16"><span class='ocrx_word' id='word_1_827' title='bbox 1844 3477 1999 3547; x_wconf 89' lang='grc' dir='ltr'><strong>δῆλον</strong></span> <span class='ocrx_word' id='word_1_828' title='bbox 2037 3475 2141 3541; x_wconf 86' lang='lat'><em>61:6</em></span> <span class='ocrx_word' id='word_1_829' title='bbox 2168 3474 2274 3526; x_wconf 91' lang='grc' dir='ltr'><strong>τῶν</strong></span> <span class='ocrx_word' id='word_1_830' title='bbox 2313 3471 2647 3543; x_wconf 86' lang='grc' dir='ltr'><strong>πραγμάτων</strong></span> <span class='ocrx_word' id='word_1_831' title='bbox 2666 3468 2862 3521; x_wconf 87' lang='grc' dir='ltr'><strong>αὐτῶν.</strong></span> <span class='ocrx_word' id='word_1_832' title='bbox 2885 3465 3023 3520; x_wconf 77' lang='grc' dir='ltr'><strong>Οὔτε</strong></span> <span class='ocrx_word' id='word_1_833' title='bbox 3048 3464 3154 3534; x_wconf 84' lang='grc' dir='ltr'><strong>γὰρ</strong></span> <span class='ocrx_word' id='word_1_834' title='bbox 3180 3462 3496 3525; x_wconf 82' lang='grc' dir='ltr'><strong>σαϐϐατίζο-</strong></span> 
     </span>
    </p>
   </div>
   <div class='ocr_carea' id='block_1_100' title="bbox 1849 3550 3499 3634">
    <p class='ocr_par' dir='ltr' id='par_1_100' title="bbox 1849 3550 3499 3634">
     <span class='ocr_line' id='line_1_101' title="bbox 1849 3550 3499 3634; baseline -0.008 -17"><span class='ocrx_word' id='word_1_835' title='bbox 1849 3581 1965 3634; x_wconf 89' lang='grc' dir='ltr'><strong>μεν,</strong></span> <span class='ocrx_word' id='word_1_836' title='bbox 1982 3564 2041 3615; x_wconf 90' lang='grc' dir='ltr'><strong>οὐ</strong></span> <span class='ocrx_word' id='word_1_837' title='bbox 2066 3560 2365 3630; x_wconf 78' lang='grc' dir='ltr'><strong>περιτομὴν</strong></span> <span class='ocrx_word' id='word_1_838' title='bbox 2390 3556 2705 3626; x_wconf 77' lang='grc' dir='ltr'><strong>ἐδεξάμεθα,</strong></span> <span class='ocrx_word' id='word_1_839' title='bbox 2725 3555 2783 3607; x_wconf 91' lang='grc' dir='ltr'><strong>οὐ</strong></span> <span class='ocrx_word' id='word_1_840' title='bbox 2804 3553 2902 3617; x_wconf 78' lang='grc' dir='ltr'><strong>τὰς</strong></span> <span class='ocrx_word' id='word_1_841' title='bbox 2924 3552 3115 3622; x_wconf 82' lang='grc' dir='ltr'><strong>ἑορτὰς</strong></span> <span class='ocrx_word' id='word_1_842' title='bbox 3133 3551 3374 3612; x_wconf 79' lang='grc' dir='ltr'><strong>ἐκείνων,</strong></span> <span class='ocrx_word' id='word_1_843' title='bbox 3397 3550 3499 3604; x_wconf 76' lang='grc' dir='ltr'><strong>οὐκ</strong></span> 
     </span>
    </p>
   </div>
   <div class='ocr_carea' id='block_1_101' title="bbox 1846 3635 3500 3709">
    <p class='ocr_par' dir='ltr' id='par_1_101' title="bbox 1846 3635 3500 3709">
     <span class='ocr_line' id='line_1_102' title="bbox 1846 3635 3500 3709; baseline -0.009 -6"><span class='ocrx_word' id='word_1_844' title='bbox 1846 3650 1971 3703; x_wconf 82' lang='grc' dir='ltr'><strong>ἄλλο</strong></span> <span class='ocrx_word' id='word_1_845' title='bbox 1991 3647 2095 3700; x_wconf 89' lang='grc' dir='ltr'><strong>τῶν</strong></span> <span class='ocrx_word' id='word_1_846' title='bbox 2118 3645 2365 3698; x_wconf 86' lang='grc' dir='ltr'><strong>παλαιῶν</strong></span> <span class='ocrx_word' id='word_1_847' title='bbox 2379 3642 2549 3698; x_wconf 87' lang='grc' dir='ltr'><strong>οὐδέν.</strong></span> <span class='ocrx_word' id='word_1_848' title='bbox 2588 3640 2922 3709; x_wconf 84' lang='grc' dir='ltr'><strong>Ἦκούσαμεν</strong></span> <span class='ocrx_word' id='word_1_849' title='bbox 2941 3638 3047 3707; x_wconf 83' lang='grc' dir='ltr'><strong>γὰρ</strong></span> <span class='ocrx_word' id='word_1_850' title='bbox 3075 3636 3283 3689; x_wconf 85' lang='grc' dir='ltr'><strong>Παύλου</strong></span> <span class='ocrx_word' id='word_1_851' title='bbox 3318 3635 3500 3703; x_wconf 83' lang='grc' dir='ltr'><strong>λέγον-</strong></span> 
     </span>
    </p>
   </div>
   <div class='ocr_carea' id='block_1_102' title="bbox 1847 3722 3501 3797">
    <p class='ocr_par' dir='ltr' id='par_1_102' title="bbox 1847 3722 3501 3797">
     <span class='ocr_line' id='line_1_103' title="bbox 1847 3722 3501 3797; baseline -0.008 -9"><span class='ocrx_word' id='word_1_852' title='bbox 1847 3752 1957 3797; x_wconf 90' lang='grc' dir='ltr'><strong>τος,</strong></span> <span class='ocrx_word' id='word_1_853' title='bbox 1980 3736 2061 3787; x_wconf 87' lang='grc' dir='ltr'><strong>ὃτι</strong></span> <span class='ocrx_word' id='word_1_854' title='bbox 2083 3734 2217 3785; x_wconf 82' lang='grc' dir='ltr'><strong>Ἐὰν</strong></span> <span class='ocrx_word' id='word_1_855' title='bbox 2241 3731 2685 3797; x_wconf 78' lang='grc' dir='ltr'><strong>περιτέμνησθε,</strong></span> <span class='ocrx_word' id='word_1_856' title='bbox 2701 3724 2948 3793; x_wconf 82' lang='grc' dir='ltr'><strong>Χριστὸς</strong></span> <span class='ocrx_word' id='word_1_857' title='bbox 2972 3723 3128 3791; x_wconf 80' lang='grc' dir='ltr'><strong>ὑμᾶς’</strong></span> <span class='ocrx_word' id='word_1_858' title='bbox 3150 3722 3331 3776; x_wconf 83' lang='grc' dir='ltr'><strong>οὐδὲν</strong></span> <span class='ocrx_word' id='word_1_859' title='bbox 3350 3723 3501 3789; x_wconf 75' lang='grc' dir='ltr'><strong>ὼςρε-</strong></span> 
     </span>
    </p>
   </div>
   <div class='ocr_carea' id='block_1_103' title="bbox 1847 3807 3502 3888">
    <p class='ocr_par' dir='ltr' id='par_1_103' title="bbox 1847 3807 3502 3888">
     <span class='ocr_line' id='line_1_104' title="bbox 1847 3807 3502 3888; baseline -0.01 -13"><span class='ocrx_word' id='word_1_860' title='bbox 1847 3822 2025 3888; x_wconf 79' lang='grc' dir='ltr'><strong>λήσει</strong></span> <span class='ocrx_word' id='word_1_861' title='bbox 2041 3837 2054 3849; x_wconf 83' lang='lat'>&#39;</span> <span class='ocrx_word' id='word_1_862' title='bbox 2075 3820 2185 3882; x_wconf 70' lang='grc' dir='ltr'><strong>καὶ,</strong></span> <span class='ocrx_word' id='word_1_863' title='bbox 2203 3816 2441 3882; x_wconf 75' lang='grc' dir='ltr'><strong>Ἡμέρας</strong></span> <span class='ocrx_word' id='word_1_864' title='bbox 2461 3812 2909 3880; x_wconf 81' lang='grc' dir='ltr'><strong>παρατηρεῖσθε,</strong></span> <span class='ocrx_word' id='word_1_865' title='bbox 2932 3810 3028 3861; x_wconf 79' lang='grc' dir='ltr'><strong>καί</strong></span> <span class='ocrx_word' id='word_1_866' title='bbox 3041 3807 3254 3877; x_wconf 83' lang='grc' dir='ltr'><strong>μῆνας,</strong></span> <span class='ocrx_word' id='word_1_867' title='bbox 3271 3807 3363 3859; x_wconf 80' lang='grc' dir='ltr'><strong>καί</strong></span> <span class='ocrx_word' id='word_1_868' title='bbox 3382 3822 3502 3860; x_wconf 82' lang='grc' dir='ltr'><strong>και-</strong></span> 
     </span>
    </p>
   </div>
   <div class='ocr_carea' id='block_1_104' title="bbox 1842 3892 3503 3975">
    <p class='ocr_par' dir='ltr' id='par_1_104' title="bbox 1842 3892 3503 3975">
     <span class='ocr_line' id='line_1_105' title="bbox 1842 3892 3503 3975; baseline -0.01 -15"><span class='ocrx_word' id='word_1_869' title='bbox 1842 3908 2008 3975; x_wconf 86' lang='grc' dir='ltr'><strong>ροὺς,</strong></span> <span class='ocrx_word' id='word_1_870' title='bbox 2031 3906 2124 3957; x_wconf 79' lang='grc' dir='ltr'><strong>καὶ</strong></span> <span class='ocrx_word' id='word_1_871' title='bbox 2147 3902 2455 3964; x_wconf 79' lang='grc' dir='ltr'><strong>ἐνιαυτούς</strong></span> <span class='ocrx_word' id='word_1_872' title='bbox 2470 3916 2489 3963; x_wconf 85' lang='grc'><strong><em>;</em></strong></span> <span class='ocrx_word' id='word_1_873' title='bbox 2510 3898 2800 3965; x_wconf 77' lang='grc' dir='ltr'><strong>Φοϐοῦμαι</strong></span> <span class='ocrx_word' id='word_1_874' title='bbox 2819 3894 3043 3964; x_wconf 78' lang='grc' dir='ltr'><strong>μήπως</strong></span> <span class='ocrx_word' id='word_1_875' title='bbox 3073 3892 3200 3959; x_wconf 81' lang='grc' dir='ltr'><strong>είκῆ</strong></span> <span class='ocrx_word' id='word_1_876' title='bbox 3229 3894 3503 3945; x_wconf 73' lang='grc' dir='ltr'><strong>κεκοπία-</strong></span> 
     </span>
    </p>
   </div>
   <div class='ocr_carea' id='block_1_105' title="bbox 1850 3980 3504 4057">
    <p class='ocr_par' dir='ltr' id='par_1_105' title="bbox 1850 3980 3504 4057">
     <span class='ocr_line' id='line_1_106' title="bbox 1850 3980 3504 4057; baseline -0.007 -12"><span class='ocrx_word' id='word_1_877' title='bbox 1850 4009 1929 4045; x_wconf 77' lang='grc' dir='ltr'><strong>κα</strong></span> <span class='ocrx_word' id='word_1_878' title='bbox 1948 3993 2035 4055; x_wconf 81' lang='grc' dir='ltr'><strong>είς</strong></span> <span class='ocrx_word' id='word_1_879' title='bbox 2053 3988 2392 4057; x_wconf 81' lang='grc' dir='ltr'><strong>ὑμᾶς.Ὄθεν</strong></span> <span class='ocrx_word' id='word_1_880' title='bbox 2414 3986 2570 4054; x_wconf 86' lang='grc' dir='ltr'><strong>δῆλον</strong></span> <span class='ocrx_word' id='word_1_881' title='bbox 2590 3985 2670 4037; x_wconf 85' lang='grc' dir='ltr'><strong>ὅτι</strong></span> <span class='ocrx_word' id='word_1_882' title='bbox 2696 3984 2821 4051; x_wconf 80' lang='grc' dir='ltr'><strong>περὶ</strong></span> <span class='ocrx_word' id='word_1_883' title='bbox 2845 3984 2942 4051; x_wconf 87' lang='grc' dir='ltr'><strong>τῆς</strong></span> <span class='ocrx_word' id='word_1_884' title='bbox 2964 3980 3169 4047; x_wconf 88' lang='grc' dir='ltr'><strong>Καινῆς</strong></span> <span class='ocrx_word' id='word_1_885' title='bbox 3186 3984 3213 4032; x_wconf 87' lang='lat'><strong>6</strong></span> <span class='ocrx_word' id='word_1_886' title='bbox 3231 3980 3504 4046; x_wconf 82' lang='grc' dir='ltr'><strong>λόγος,ὂτι</strong></span> 
     </span>
    </p>
   </div>
   <div class='ocr_carea' id='block_1_106' title="bbox 1851 4068 3507 4146">
    <p class='ocr_par' dir='ltr' id='par_1_106' title="bbox 1851 4068 3507 4146">
     <span class='ocr_line' id='line_1_107' title="bbox 1851 4068 3507 4146; baseline -0.006 -15"><span class='ocrx_word' id='word_1_887' title='bbox 1851 4079 1953 4131; x_wconf 73' lang='grc' dir='ltr'><strong>ἀνὰ</strong></span> <span class='ocrx_word' id='word_1_888' title='bbox 1977 4078 2138 4146; x_wconf 82' lang='grc' dir='ltr'><strong>μέσον</strong></span> <span class='ocrx_word' id='word_1_889' title='bbox 2167 4074 2334 4128; x_wconf 83' lang='grc' dir='ltr'><strong>ἐθνῶν</strong></span> <span class='ocrx_word' id='word_1_890' title='bbox 2354 4074 2532 4141; x_wconf 76' lang='grc' dir='ltr'><strong>ἔκρινε</strong></span> <span class='ocrx_word' id='word_1_891' title='bbox 2545 4072 2595 4131; x_wconf 75' lang='grc' dir='ltr'><strong>(ι,</strong></span> <span class='ocrx_word' id='word_1_892' title='bbox 2627 4069 2807 4132; x_wconf 84' lang='grc' dir='ltr'><strong>καθὼς</strong></span> <span class='ocrx_word' id='word_1_893' title='bbox 2826 4071 2917 4122; x_wconf 71' lang='grc' dir='ltr'><strong>καὶ</strong></span> <span class='ocrx_word' id='word_1_894' title='bbox 2937 4071 2965 4121; x_wconf 91' lang='lat'><strong>6</strong></span> <span class='ocrx_word' id='word_1_895' title='bbox 2979 4068 3184 4130; x_wconf 84' lang='grc' dir='ltr'><strong>Παῦλός</strong></span> <span class='ocrx_word' id='word_1_896' title='bbox 3201 4085 3362 4137; x_wconf 82' lang='grc' dir='ltr'><strong>φησιν</strong></span> <span class='ocrx_word' id='word_1_897' title='bbox 3381 4088 3390 4095; x_wconf 94' lang='grc'><strong>·</strong></span> <span class='ocrx_word' id='word_1_898' title='bbox 3409 4069 3465 4119; x_wconf 77' lang='grc' dir='ltr'><em>Ἐ</em></span> <span class='ocrx_word' id='word_1_899' title='bbox 3468 4086 3507 4121; x_wconf 89' lang='grc' dir='ltr'><strong>ν</strong></span> 
     </span>
    </p>
   </div>
   <div class='ocr_carea' id='block_1_107' title="bbox 1850 4150 3502 4229">
    <p class='ocr_par' dir='ltr' id='par_1_107' title="bbox 1850 4150 3502 4229">
     <span class='ocr_line' id='line_1_108' title="bbox 1850 4150 3502 4229; baseline -0.007 -15"><span class='ocrx_word' id='word_1_900' title='bbox 1850 4160 2060 4229; x_wconf 75' lang='grc' dir='ltr'><strong>ἡμέρᾳ,</strong></span> <span class='ocrx_word' id='word_1_901' title='bbox 2082 4160 2177 4211; x_wconf 88' lang='grc' dir='ltr'><strong>ὅτε</strong></span> <span class='ocrx_word' id='word_1_902' title='bbox 2203 4157 2386 4225; x_wconf 79' lang='grc' dir='ltr'><strong>κρινεῖ</strong></span> <span class='ocrx_word' id='word_1_903' title='bbox 2417 4159 2449 4208; x_wconf 84' lang='grc' dir='ltr'><strong>ό</strong></span> <span class='ocrx_word' id='word_1_904' title='bbox 2484 4155 2628 4219; x_wconf 76' lang='grc' dir='ltr'><strong>Θεὸς</strong></span> <span class='ocrx_word' id='word_1_905' title='bbox 2664 4154 2736 4205; x_wconf 86' lang='grc' dir='ltr'><strong>τὰ</strong></span> <span class='ocrx_word' id='word_1_906' title='bbox 2766 4152 2994 4219; x_wconf 77' lang='grc' dir='ltr'><strong>κρυπτά</strong></span> <span class='ocrx_word' id='word_1_907' title='bbox 3019 4150 3136 4203; x_wconf 83' lang='grc' dir='ltr'><strong>τῶν</strong></span> <span class='ocrx_word' id='word_1_908' title='bbox 3162 4150 3502 4217; x_wconf 78' lang='grc' dir='ltr'><strong>ἀνθρώπων.</strong></span> 
     </span>
    </p>
   </div>
   <div class='ocr_carea' id='block_1_108' title="bbox 1854 4234 3510 4312">
    <p class='ocr_par' dir='ltr' id='par_1_108' title="bbox 1854 4234 3510 4312">
     <span class='ocr_line' id='line_1_109' title="bbox 1854 4234 3510 4312; baseline -0.005 -15"><span class='ocrx_word' id='word_1_909' title='bbox 1854 4246 1975 4306; x_wconf 87' lang='grc' dir='ltr'><strong>Πῶς</strong></span> <span class='ocrx_word' id='word_1_910' title='bbox 2000 4246 2204 4312; x_wconf 87' lang='grc' dir='ltr'><strong>κρινεῖ;</strong></span> <span class='ocrx_word' id='word_1_911' title='bbox 2230 4240 2351 4293; x_wconf 90' lang='grc' dir='ltr'><strong>είπέ</strong></span> <span class='ocrx_word' id='word_1_912' title='bbox 2381 4258 2470 4308; x_wconf 90' lang='grc' dir='ltr'><strong>μοι</strong></span> <span class='ocrx_word' id='word_1_913' title='bbox 2490 4255 2503 4268; x_wconf 92' lang='grc'>·</span> <span class='ocrx_word' id='word_1_914' title='bbox 2538 4238 2679 4291; x_wconf 85' lang='grc' dir='ltr'><strong>κατὰ</strong></span> <span class='ocrx_word' id='word_1_915' title='bbox 2698 4238 2795 4305; x_wconf 84' lang='grc' dir='ltr'><strong>τὴν</strong></span> <span class='ocrx_word' id='word_1_916' title='bbox 2824 4234 3057 4289; x_wconf 84' lang='grc' dir='ltr'><strong>παλαιὰν</strong></span> <span class='ocrx_word' id='word_1_917' title='bbox 3075 4234 3372 4302; x_wconf 83' lang='grc' dir='ltr'><strong>Διαθήκην;</strong></span> <span class='ocrx_word' id='word_1_918' title='bbox 3404 4234 3510 4288; x_wconf 83' lang='grc' dir='ltr'><strong>Οὐ·</strong></span> 
     </span>
    </p>
   </div>
   <div class='ocr_carea' id='block_1_109' title="bbox 1854 4315 3507 4399">
    <p class='ocr_par' dir='ltr' id='par_1_109' title="bbox 1854 4315 3507 4399">
     <span class='ocr_line' id='line_1_110' title="bbox 1854 4315 3507 4399; baseline -0.008 -16"><span class='ocrx_word' id='word_1_919' title='bbox 1854 4330 2058 4399; x_wconf 88' lang='grc' dir='ltr'><strong>δαμῶς,</strong></span> <span class='ocrx_word' id='word_1_920' title='bbox 2082 4328 2217 4381; x_wconf 86' lang='grc' dir='ltr'><strong>ἀλλά</strong></span> <span class='ocrx_word' id='word_1_921' title='bbox 2254 4327 2410 4380; x_wconf 82' lang='grc' dir='ltr'><strong>Κατὰ</strong></span> <span class='ocrx_word' id='word_1_922' title='bbox 2440 4324 2507 4377; x_wconf 86' lang='grc' dir='ltr'><strong>τὸ</strong></span> <span class='ocrx_word' id='word_1_923' title='bbox 2534 4322 2899 4391; x_wconf 72' lang='grc' dir='ltr'><strong>Εὐαγγέλιόν</strong></span> <span class='ocrx_word' id='word_1_924' title='bbox 2927 4338 3063 4387; x_wconf 79' lang='grc' dir='ltr'><strong>μου.</strong></span> <span class='ocrx_word' id='word_1_925' title='bbox 3096 4315 3246 4380; x_wconf 82' lang='grc' dir='ltr'><strong>Εἶδες</strong></span> <span class='ocrx_word' id='word_1_926' title='bbox 3278 4319 3507 4387; x_wconf 87' lang='grc' dir='ltr'><strong>διάφορα</strong></span> 
     </span>
    </p>
   </div>
   <div class='ocr_carea' id='block_1_110' title="bbox 1860 4404 3508 4485">
    <p class='ocr_par' dir='ltr' id='par_1_110' title="bbox 1860 4404 3508 4485">
     <span class='ocr_line' id='line_1_111' title="bbox 1860 4404 3508 4485; baseline -0.006 -18"><span class='ocrx_word' id='word_1_927' title='bbox 1860 4417 1956 4485; x_wconf 85' lang='grc' dir='ltr'><strong>μὲν</strong></span> <span class='ocrx_word' id='word_1_928' title='bbox 1986 4416 2054 4466; x_wconf 91' lang='grc' dir='ltr'><strong>τά</strong></span> <span class='ocrx_word' id='word_1_929' title='bbox 2088 4416 2325 4484; x_wconf 77' lang='grc' dir='ltr'><strong>ῥήματα,</strong></span> <span class='ocrx_word' id='word_1_930' title='bbox 2369 4407 2756 4477; x_wconf 83' lang='grc' dir='ltr'><strong>συμφωνοῦντα</strong></span> <span class='ocrx_word' id='word_1_931' title='bbox 2779 4406 2834 4457; x_wconf 82' lang='grc' dir='ltr'><strong>δὲ</strong></span> <span class='ocrx_word' id='word_1_932' title='bbox 2863 4405 2932 4457; x_wconf 75' lang='grc' dir='ltr'><strong>τά</strong></span> <span class='ocrx_word' id='word_1_933' title='bbox 2961 4406 3239 4474; x_wconf 88' lang='grc' dir='ltr'><strong>νοήματα;</strong></span> <span class='ocrx_word' id='word_1_934' title='bbox 3282 4404 3508 4468; x_wconf 80' lang='grc' dir='ltr'><strong>Ἡσαΐας</strong></span> 
     </span>
    </p>
   </div>
   <div class='ocr_carea' id='block_1_111' title="bbox 1859 4490 3506 4571">
    <p class='ocr_par' dir='ltr' id='par_1_111' title="bbox 1859 4490 3506 4571">
     <span class='ocr_line' id='line_1_112' title="bbox 1859 4490 3506 4571; baseline -0.021 -16"><span class='ocrx_word' id='word_1_935' title='bbox 1859 4501 2024 4571; x_wconf 86' lang='grc' dir='ltr'><strong>φησί·</strong></span> <span class='ocrx_word' id='word_1_936' title='bbox 2075 4497 2278 4565; x_wconf 86' lang='grc' dir='ltr'><strong>Κρινεῖ</strong></span> <span class='ocrx_word' id='word_1_937' title='bbox 2313 4494 2428 4548; x_wconf 79' lang='grc' dir='ltr'><strong>ἀνὰ</strong></span> <span class='ocrx_word' id='word_1_938' title='bbox 2451 4492 2643 4561; x_wconf 81' lang='grc' dir='ltr'><strong>μέσον</strong></span> <span class='ocrx_word' id='word_1_939' title='bbox 2680 4490 2797 4542; x_wconf 84' lang='grc' dir='ltr'><strong>τῶν</strong></span> <span class='ocrx_word' id='word_1_940' title='bbox 2835 4490 3055 4544; x_wconf 86' lang='grc' dir='ltr'><strong>ἐθνῶν·</strong></span> <span class='ocrx_word' id='word_1_941' title='bbox 3102 4490 3308 4552; x_wconf 83' lang='grc' dir='ltr'><strong>Παῦλός</strong></span> <span class='ocrx_word' id='word_1_942' title='bbox 3339 4508 3469 4559; x_wconf 71' lang='grc' dir='ltr'><strong>φησι</strong></span> <span class='ocrx_word' id='word_1_943' title='bbox 3490 4506 3506 4521; x_wconf 97' lang='grc'><strong>.</strong></span> 
     </span>
    </p>
   </div>
   <div class='ocr_carea' id='block_1_112' title="bbox 1858 4575 3513 4653">
    <p class='ocr_par' dir='ltr' id='par_1_112' title="bbox 1858 4575 3513 4653">
     <span class='ocr_line' id='line_1_113' title="bbox 1858 4575 3513 4653; baseline -0.005 -15"><span class='ocrx_word' id='word_1_944' title='bbox 1858 4587 2053 4653; x_wconf 70' lang='grc' dir='ltr'><strong>ιιζρινεῖ</strong></span> <span class='ocrx_word' id='word_1_945' title='bbox 2088 4582 2233 4635; x_wconf 84' lang='grc' dir='ltr'><strong>κατὰ</strong></span> <span class='ocrx_word' id='word_1_946' title='bbox 2265 4580 2331 4632; x_wconf 88' lang='grc' dir='ltr'><strong>τὸ</strong></span> <span class='ocrx_word' id='word_1_947' title='bbox 2373 4577 2738 4644; x_wconf 72' lang='grc' dir='ltr'><strong>Εὐαγγέλιόν</strong></span> <span class='ocrx_word' id='word_1_948' title='bbox 2763 4593 2902 4643; x_wconf 77' lang='grc' dir='ltr'><strong>μου.</strong></span> <span class='ocrx_word' id='word_1_949' title='bbox 2949 4575 3057 4627; x_wconf 81' lang='lat' dir='ltr'><strong>Kal</strong></span> <span class='ocrx_word' id='word_1_950' title='bbox 3086 4575 3315 4646; x_wconf 75' lang='grc' dir='ltr'><strong>ἐλέγξει</strong></span> <span class='ocrx_word' id='word_1_951' title='bbox 3357 4576 3513 4629; x_wconf 84' lang='grc' dir='ltr'><strong>λαόν</strong></span> 
     </span>
    </p>
   </div>
   <div class='ocr_carea' id='block_1_113' title="bbox 1858 4662 3514 4733">
    <p class='ocr_par' dir='ltr' id='par_1_113' title="bbox 1858 4662 3514 4733">
     <span class='ocr_line' id='line_1_114' title="bbox 1858 4662 3514 4733; baseline -0.007 -8"><span class='ocrx_word' id='word_1_952' title='bbox 1858 4672 2053 4725; x_wconf 79' lang='grc' dir='ltr'><strong>πολύν</strong></span> <span class='ocrx_word' id='word_1_953' title='bbox 2071 4685 2084 4699; x_wconf 77' lang='grc' dir='ltr'><strong>ο</strong></span> <span class='ocrx_word' id='word_1_954' title='bbox 2116 4668 2239 4728; x_wconf 78' lang='grc' dir='ltr'><strong>τοὺς</strong></span> <span class='ocrx_word' id='word_1_955' title='bbox 2276 4664 2611 4733; x_wconf 80' lang='grc' dir='ltr'><strong>μαχομένους</strong></span> <span class='ocrx_word' id='word_1_956' title='bbox 2640 4663 2732 4714; x_wconf 74' lang='grc' dir='ltr'><strong>καὶ</strong></span> <span class='ocrx_word' id='word_1_957' title='bbox 2755 4662 3201 4733; x_wconf 87' lang='grc' dir='ltr'><strong>παραϐαίνοντας.</strong></span> <span class='ocrx_word' id='word_1_958' title='bbox 3224 4663 3329 4714; x_wconf 81' lang='grc' dir='ltr'><strong>Καὶ</strong></span> <span class='ocrx_word' id='word_1_959' title='bbox 3355 4662 3514 4714; x_wconf 88' lang='grc' dir='ltr'><strong>τοῦτο</strong></span> 
     </span>
    </p>
   </div>
   <div class='ocr_carea' id='block_1_114' title="bbox 1857 4747 3511 4825">
    <p class='ocr_par' dir='ltr' id='par_1_114' title="bbox 1857 4747 3511 4825">
     <span class='ocr_line' id='line_1_115' title="bbox 1857 4747 3511 4825; baseline -0.005 -17"><span class='ocrx_word' id='word_1_960' title='bbox 1857 4756 2027 4825; x_wconf 89' lang='grc' dir='ltr'><strong>δηλῶν</strong></span> <span class='ocrx_word' id='word_1_961' title='bbox 2056 4756 2083 4807; x_wconf 91' lang='lat'><strong>6</strong></span> <span class='ocrx_word' id='word_1_962' title='bbox 2103 4752 2330 4822; x_wconf 85' lang='grc' dir='ltr'><strong>Χριστὸς</strong></span> <span class='ocrx_word' id='word_1_963' title='bbox 2359 4752 2569 4818; x_wconf 57' lang='grc' dir='ltr'><strong>ἔλεγεν</strong></span> <span class='ocrx_word' id='word_1_964' title='bbox 2606 4752 2728 4803; x_wconf 80' lang='grc' dir='ltr'><strong>οὐκ</strong></span> <span class='ocrx_word' id='word_1_965' title='bbox 2751 4750 2864 4819; x_wconf 79' lang='grc' dir='ltr'><strong>ἐγὼ</strong></span> <span class='ocrx_word' id='word_1_966' title='bbox 2902 4749 3081 4817; x_wconf 81' lang='grc' dir='ltr'><strong>κρινῶ</strong></span> <span class='ocrx_word' id='word_1_967' title='bbox 3106 4747 3281 4817; x_wconf 81' lang='grc' dir='ltr'><strong>ὑμᾶς,</strong></span> <span class='ocrx_word' id='word_1_968' title='bbox 3304 4748 3442 4801; x_wconf 82' lang='grc' dir='ltr'><strong>ἀλλ’</strong></span> <span class='ocrx_word' id='word_1_969' title='bbox 3478 4751 3511 4801; x_wconf 89' lang='grc' dir='ltr'><strong>ό</strong></span> 
     </span>
    </p>
   </div>
   <div class='ocr_carea' id='block_1_115' title="bbox 1860 4834 3516 4909">
    <p class='ocr_par' dir='ltr' id='par_1_115' title="bbox 1860 4834 3516 4909">
     <span class='ocr_line' id='line_1_116' title="bbox 1860 4834 3516 4909; baseline -0.005 -14"><span class='ocrx_word' id='word_1_970' title='bbox 1860 4845 2059 4909; x_wconf 82' lang='grc' dir='ltr'><strong>λόγος,</strong></span> <span class='ocrx_word' id='word_1_971' title='bbox 2086 4842 2157 4893; x_wconf 82' lang='grc' dir='ltr'><strong>ὃν</strong></span> <span class='ocrx_word' id='word_1_972' title='bbox 2176 4840 2470 4905; x_wconf 80' lang='grc' dir='ltr'><strong>ἐλάλησα,</strong></span> <span class='ocrx_word' id='word_1_973' title='bbox 2506 4838 2735 4902; x_wconf 79' lang='grc' dir='ltr'><strong>ἐκεῖνος</strong></span> <span class='ocrx_word' id='word_1_974' title='bbox 2764 4836 2952 4905; x_wconf 79' lang='grc' dir='ltr'><strong>κρινεῖ</strong></span> <span class='ocrx_word' id='word_1_975' title='bbox 2973 4834 3143 4904; x_wconf 82' lang='grc' dir='ltr'><strong>ὑμᾶς.</strong></span> <span class='ocrx_word' id='word_1_976' title='bbox 3168 4835 3275 4888; x_wconf 78' lang='grc' dir='ltr'><strong>Καὶ</strong></span> <span class='ocrx_word' id='word_1_977' title='bbox 3299 4835 3516 4903; x_wconf 71' lang='grc' dir='ltr'><strong>συγ)κὸ⁴</strong></span> 
     </span>
    </p>
   </div>
   <div class='ocr_carea' id='block_1_116' title="bbox 1858 4921 3516 4998">
    <p class='ocr_par' dir='ltr' id='par_1_116' title="bbox 1858 4921 3516 4998">
     <span class='ocr_line' id='line_1_117' title="bbox 1858 4921 3516 4998; baseline -0.007 -14"><span class='ocrx_word' id='word_1_978' title='bbox 1858 4933 2047 4998; x_wconf 71' lang='grc' dir='ltr'><strong>ψουσι</strong></span> <span class='ocrx_word' id='word_1_979' title='bbox 2080 4927 2186 4993; x_wconf 82' lang='grc' dir='ltr'><strong>τὰς</strong></span> <span class='ocrx_word' id='word_1_980' title='bbox 2224 4929 2522 4996; x_wconf 58' lang='grc' dir='ltr'><strong>μαχαίρας</strong></span> <span class='ocrx_word' id='word_1_981' title='bbox 2553 4924 2747 4979; x_wconf 85' lang='grc' dir='ltr'><strong>αὐτῶν</strong></span> <span class='ocrx_word' id='word_1_982' title='bbox 2782 4926 2868 4988; x_wconf 84' lang='grc' dir='ltr'><strong>είς</strong></span> <span class='ocrx_word' id='word_1_983' title='bbox 2896 4923 3131 4989; x_wconf 79' lang='grc' dir='ltr'><strong>ἄροτρα,</strong></span> <span class='ocrx_word' id='word_1_984' title='bbox 3168 4921 3264 4974; x_wconf 83' lang='grc' dir='ltr'><strong>καί</strong></span> <span class='ocrx_word' id='word_1_985' title='bbox 3305 4921 3408 4985; x_wconf 86' lang='grc' dir='ltr'><strong>τὰς</strong></span> <span class='ocrx_word' id='word_1_986' title='bbox 3438 4921 3516 4980; x_wconf 70' lang='lat'><strong>(1-</strong></span> 
     </span>
    </p>
   </div>
   <div class='ocr_carea' id='block_1_117' title="bbox 1862 5007 3516 5080">
    <p class='ocr_par' dir='ltr' id='par_1_117' title="bbox 1862 5007 3516 5080">
     <span class='ocr_line' id='line_1_118' title="bbox 1862 5007 3516 5080; baseline -0.007 -10"><span class='ocrx_word' id='word_1_987' title='bbox 1862 5018 2043 5080; x_wconf 70' lang='grc' dir='ltr'><strong>δὺνας</strong></span> <span class='ocrx_word' id='word_1_988' title='bbox 2069 5014 2264 5067; x_wconf 81' lang='grc' dir='ltr'><strong>αὐτῶν</strong></span> <span class='ocrx_word' id='word_1_989' title='bbox 2292 5016 2376 5078; x_wconf 81' lang='grc' dir='ltr'><strong>είς</strong></span> <span class='ocrx_word' id='word_1_990' title='bbox 2408 5012 2687 5080; x_wconf 82' lang='grc' dir='ltr'><strong>δρέπανα.</strong></span> <span class='ocrx_word' id='word_1_991' title='bbox 2731 5010 2838 5061; x_wconf 73' lang='grc' dir='ltr'><strong>Καὶ</strong></span> <span class='ocrx_word' id='word_1_992' title='bbox 2884 5010 2945 5060; x_wconf 90' lang='grc' dir='ltr'><strong>οὐ</strong></span> <span class='ocrx_word' id='word_1_993' title='bbox 2987 5007 3213 5077; x_wconf 79' lang='grc' dir='ltr'><strong>λήψεται</strong></span> <span class='ocrx_word' id='word_1_994' title='bbox 3246 5007 3394 5068; x_wconf 77' lang='grc' dir='ltr'><strong>ἔθνος</strong></span> <span class='ocrx_word' id='word_1_995' title='bbox 3429 5009 3516 5059; x_wconf 82' lang='grc' dir='ltr'><strong>ἐπ’</strong></span> 
     </span>
    </p>
   </div>
   <div class='ocr_carea' id='block_1_118' title="bbox 1862 5095 3518 5171">
    <p class='ocr_par' dir='ltr' id='par_1_118' title="bbox 1862 5095 3518 5171">
     <span class='ocr_line' id='line_1_119' title="bbox 1862 5095 3518 5171; baseline -0.005 -16"><span class='ocrx_word' id='word_1_996' title='bbox 1862 5105 2007 5164; x_wconf 76' lang='grc' dir='ltr'><strong>ἔθνος</strong></span> <span class='ocrx_word' id='word_1_997' title='bbox 2025 5103 2309 5171; x_wconf 86' lang='grc' dir='ltr'><strong>μάχαιραν,</strong></span> <span class='ocrx_word' id='word_1_998' title='bbox 2325 5101 2413 5152; x_wconf 81' lang='grc' dir='ltr'><strong>καί</strong></span> <span class='ocrx_word' id='word_1_999' title='bbox 2428 5101 2488 5150; x_wconf 80' lang='grc' dir='ltr'><strong>οὐ</strong></span> <span class='ocrx_word' id='word_1_1000' title='bbox 2512 5099 2585 5167; x_wconf 79' lang='grc' dir='ltr'><strong>μὴ</strong></span> <span class='ocrx_word' id='word_1_1001' title='bbox 2607 5097 2844 5166; x_wconf 85' lang='grc' dir='ltr'><strong>μάθωσιν</strong></span> <span class='ocrx_word' id='word_1_1002' title='bbox 2854 5095 2932 5147; x_wconf 79' lang='grc' dir='ltr'><strong>ἔτι</strong></span> <span class='ocrx_word' id='word_1_1003' title='bbox 2948 5095 3217 5163; x_wconf 81' lang='grc' dir='ltr'><strong>πολεμεῖν.</strong></span> <span class='ocrx_word' id='word_1_1004' title='bbox 3234 5096 3346 5147; x_wconf 84' lang='grc' dir='ltr'><strong>Οὐκ</strong></span> <span class='ocrx_word' id='word_1_1005' title='bbox 3361 5095 3518 5163; x_wconf 76' lang='grc' dir='ltr'><strong>ἠρκέ-</strong></span> 
     </span>
    </p>
   </div>
   <div class='ocr_carea' id='block_1_119' title="bbox 1867 5180 3518 5258">
    <p class='ocr_par' dir='ltr' id='par_1_119' title="bbox 1867 5180 3518 5258">
     <span class='ocr_line' id='line_1_120' title="bbox 1867 5180 3518 5258; baseline -0.007 -17"><span class='ocrx_word' id='word_1_1006' title='bbox 1867 5190 1964 5258; x_wconf 90' lang='grc' dir='ltr'><strong>σθη</strong></span> <span class='ocrx_word' id='word_1_1007' title='bbox 2001 5188 2241 5256; x_wconf 80' lang='grc' dir='ltr'><strong>σημείοις</strong></span> <span class='ocrx_word' id='word_1_1008' title='bbox 2267 5187 2378 5247; x_wconf 84' lang='grc' dir='ltr'><strong>τοῖς</strong></span> <span class='ocrx_word' id='word_1_1009' title='bbox 2402 5183 2680 5253; x_wconf 80' lang='grc' dir='ltr'><strong>προτέροις</strong></span> <span class='ocrx_word' id='word_1_1010' title='bbox 2708 5184 2735 5233; x_wconf 90' lang='lat'><strong>6</strong></span> <span class='ocrx_word' id='word_1_1011' title='bbox 2762 5182 3064 5250; x_wconf 83' lang='grc' dir='ltr'><strong>προφήτης.</strong></span> <span class='ocrx_word' id='word_1_1012' title='bbox 3088 5180 3259 5250; x_wconf 83' lang='grc' dir='ltr'><strong>Πολλὴ</strong></span> <span class='ocrx_word' id='word_1_1013' title='bbox 3290 5180 3397 5249; x_wconf 76' lang='grc' dir='ltr'><strong>γάρ</strong></span> <span class='ocrx_word' id='word_1_1014' title='bbox 3420 5182 3518 5249; x_wconf 91' lang='grc' dir='ltr'><strong>τῆς</strong></span> 
     </span>
    </p>
   </div>
   <div class='ocr_carea' id='block_1_120' title="bbox 1865 5265 3519 5343">
    <p class='ocr_par' dir='ltr' id='par_1_120' title="bbox 1865 5265 3519 5343">
     <span class='ocr_line' id='line_1_121' title="bbox 1865 5265 3519 5343; baseline -0.007 -16"><span class='ocrx_word' id='word_1_1015' title='bbox 1865 5274 2113 5343; x_wconf 86' lang='grc' dir='ltr'><strong>ἀληθείας</strong></span> <span class='ocrx_word' id='word_1_1016' title='bbox 2136 5276 2167 5343; x_wconf 82' lang='grc' dir='ltr'>ἡ</span> <span class='ocrx_word' id='word_1_1017' title='bbox 2197 5271 2498 5341; x_wconf 84' lang='grc' dir='ltr'><strong>περιουσία.</strong></span> <span class='ocrx_word' id='word_1_1018' title='bbox 2528 5270 2625 5321; x_wconf 85' lang='grc' dir='ltr'><strong>Διά</strong></span> <span class='ocrx_word' id='word_1_1019' title='bbox 2652 5268 2808 5320; x_wconf 84' lang='grc' dir='ltr'><strong>τοῦτο</strong></span> <span class='ocrx_word' id='word_1_1020' title='bbox 2846 5268 2938 5321; x_wconf 76' lang='grc' dir='ltr'><strong>καὶ</strong></span> <span class='ocrx_word' id='word_1_1021' title='bbox 2966 5268 3146 5337; x_wconf 76' lang='grc' dir='ltr'><strong>ἕτερον</strong></span> <span class='ocrx_word' id='word_1_1022' title='bbox 3178 5267 3357 5335; x_wconf 91' lang='grc' dir='ltr'><strong>τίθησι</strong></span> <span class='ocrx_word' id='word_1_1023' title='bbox 3379 5265 3519 5333; x_wconf 69' lang='grc' dir='ltr'><strong>γνὼ-</strong></span> 
     </span>
    </p>
   </div>
   <div class='ocr_carea' id='block_1_121' title="bbox 1871 5351 3520 5431">
    <p class='ocr_par' dir='ltr' id='par_1_121' title="bbox 1871 5351 3520 5431">
     <span class='ocr_line' id='line_1_122' title="bbox 1871 5351 3520 5431; baseline -0.006 -18"><span class='ocrx_word' id='word_1_1024' title='bbox 1871 5378 2036 5431; x_wconf 86' lang='grc' dir='ltr'><strong>ρισμα</strong></span> <span class='ocrx_word' id='word_1_1025' title='bbox 2058 5360 2155 5427; x_wconf 85' lang='grc' dir='ltr'><strong>τῆς</strong></span> <span class='ocrx_word' id='word_1_1026' title='bbox 2178 5357 2367 5425; x_wconf 89' lang='grc' dir='ltr'><strong>καινῆς</strong></span> <span class='ocrx_word' id='word_1_1027' title='bbox 2387 5355 2657 5425; x_wconf 88' lang='grc' dir='ltr'><strong>Διαθήκης</strong></span> <span class='ocrx_word' id='word_1_1028' title='bbox 2681 5354 2821 5407; x_wconf 85' lang='grc' dir='ltr'><strong>κατά</strong></span> <span class='ocrx_word' id='word_1_1029' title='bbox 2847 5356 2945 5425; x_wconf 76' lang='grc' dir='ltr'><strong>τὴν</strong></span> <span class='ocrx_word' id='word_1_1030' title='bbox 2964 5354 3283 5423; x_wconf 76' lang='grc' dir='ltr'><strong>οἰκουμένην</strong></span> <span class='ocrx_word' id='word_1_1031' title='bbox 3306 5351 3520 5418; x_wconf 82' lang='grc' dir='ltr'><strong>λάμπον</strong></span> 
     </span>
    </p>
   </div>
   <div class='ocr_carea' id='block_1_122' title="bbox 1869 5433 3519 5512">
    <p class='ocr_par' dir='ltr' id='par_1_122' title="bbox 1869 5433 3519 5512">
     <span class='ocr_line' id='line_1_123' title="bbox 1869 5433 3519 5512; baseline -0.008 -12"><span class='ocrx_word' id='word_1_1032' title='bbox 1869 5448 2099 5501; x_wconf 74' lang='grc' dir='ltr'><strong>ἃπασαν.</strong></span> <span class='ocrx_word' id='word_1_1033' title='bbox 2129 5443 2192 5496; x_wconf 89' lang='grc' dir='ltr'><strong>Τί</strong></span> <span class='ocrx_word' id='word_1_1034' title='bbox 2219 5442 2275 5494; x_wconf 85' lang='grc' dir='ltr'><strong>δέ</strong></span> <span class='ocrx_word' id='word_1_1035' title='bbox 2305 5440 2463 5493; x_wconf 84' lang='grc' dir='ltr'><strong>τοῦτό</strong></span> <span class='ocrx_word' id='word_1_1036' title='bbox 2496 5441 2676 5506; x_wconf 83' lang='grc' dir='ltr'><strong>ἐστιν;</strong></span> <span class='ocrx_word' id='word_1_1037' title='bbox 2710 5441 2914 5512; x_wconf 83' lang='grc' dir='ltr'><strong>Είρήνη</strong></span> <span class='ocrx_word' id='word_1_1038' title='bbox 2956 5441 3050 5494; x_wconf 78' lang='grc' dir='ltr'><strong>καὶ</strong></span> <span class='ocrx_word' id='word_1_1039' title='bbox 3083 5439 3329 5507; x_wconf 87' lang='grc' dir='ltr'><strong>πολέμων</strong></span> <span class='ocrx_word' id='word_1_1040' title='bbox 3363 5433 3519 5489; x_wconf 79' lang='grc' dir='ltr'><strong>ἀναί-</strong></span> 
     </span>
    </p>
   </div>
   <div class='ocr_carea' id='block_1_123' title="bbox 1904 5639 3518 5752">
    <p class='ocr_par' dir='ltr' id='par_1_123' title="bbox 1904 5639 3518 5752">
     <span class='ocr_line' id='line_1_124' title="bbox 1929 5639 3518 5713; baseline -0.013 -7"><span class='ocrx_word' id='word_1_1041' title='bbox 1929 5660 1951 5686; x_wconf 70' lang='grc' dir='ltr'>ε</span> <span class='ocrx_word' id='word_1_1042' title='bbox 1979 5655 2127 5705; x_wconf 75' lang='lat' dir='ltr'><strong>Fnrle</strong></span> <span class='ocrx_word' id='word_1_1043' title='bbox 2153 5654 2330 5702; x_wconf 81' lang='lat' dir='ltr'><strong>melius</strong></span> <span class='ocrx_word' id='word_1_1044' title='bbox 2351 5652 2448 5707; x_wconf 82' lang='grc' dir='ltr'><strong>τοῖς</strong></span> <span class='ocrx_word' id='word_1_1045' title='bbox 2467 5652 2747 5713; x_wconf 76' lang='grc' dir='ltr'><strong>μαχομένοις</strong></span> <span class='ocrx_word' id='word_1_1046' title='bbox 2785 5649 2898 5711; x_wconf 80' lang='grc' dir='ltr'><strong>πρὸς</strong></span> <span class='ocrx_word' id='word_1_1047' title='bbox 2919 5647 3070 5695; x_wconf 75' lang='grc' dir='ltr'><strong>αὐτόν.</strong></span> <span class='ocrx_word' id='word_1_1048' title='bbox 3114 5644 3324 5691; x_wconf 77' lang='lat' dir='ltr'><strong>Allcnus</strong></span> <span class='ocrx_word' id='word_1_1049' title='bbox 3342 5639 3518 5702; x_wconf 83' lang='lat' dir='ltr'><strong>proba-</strong></span> 
     </span>
     <span class='ocr_line' id='line_1_125' title="bbox 1904 5704 3518 5752; baseline -0.001 0"><span class='ocrx_word' id='word_1_1050' title='bbox 1904 5720 1967 5752; x_wconf 78' lang='lat' dir='ltr'><strong>ilo</strong></span> <span class='ocrx_word' id='word_1_1051' title='bbox 1993 5722 2125 5752; x_wconf 72' lang='lat' dir='ltr'><strong>num!</strong></span> <span class='ocrx_word' id='word_1_1052' title='bbox 2152 5715 2412 5752; x_wconf 63' lang='lat' dir='ltr'><strong>locandum</strong></span> <span class='ocrx_word' id='word_1_1053' title='bbox 2438 5725 2547 5752; x_wconf 59' lang='grc' dir='ltr'><strong>ρςςρ</strong></span> <span class='ocrx_word' id='word_1_1054' title='bbox 2569 5712 2833 5752; x_wconf 54' lang='lat' dir='ltr'><strong>amomo“</strong></span> <span class='ocrx_word' id='word_1_1055' title='bbox 2854 5723 2940 5752; x_wconf 88' lang='lat' dir='ltr'><strong>nm</strong></span> <span class='ocrx_word' id='word_1_1056' title='bbox 2983 5708 3281 5752; x_wconf 67' lang='grc' dir='ltr'><strong>ιιαγοιιένοιςι</strong></span> <span class='ocrx_word' id='word_1_1057' title='bbox 3302 5704 3391 5752; x_wconf 81' lang='lat' dir='ltr'><strong>sed</strong></span> <span class='ocrx_word' id='word_1_1058' title='bbox 3424 5715 3518 5750; x_wconf 78' lang='lat' dir='ltr'><strong>ma-</strong></span> 
     </span>
    </p>
   </div>
   <div class='ocr_carea' id='block_1_124' title="bbox 1867 5712 3501 5837">
    <p class='ocr_par' dir='ltr' id='par_1_124' title="bbox 1867 5712 3501 5837">
     <span class='ocr_line' id='line_1_126' title="bbox 1867 5712 3501 5777; baseline -0.011 -10"><span class='ocrx_word' id='word_1_1059' title='bbox 1867 5718 1968 5767; x_wconf 77' lang='lat' dir='ltr'><strong>bile</strong></span> <span class='ocrx_word' id='word_1_1060' title='bbox 1993 5722 2126 5777; x_wconf 70' lang='lat' dir='ltr'><strong>putat</strong></span> <span class='ocrx_word' id='word_1_1061' title='bbox 2152 5715 2412 5775; x_wconf 62' lang='lat' dir='ltr'><strong>lvgendum</strong></span> <span class='ocrx_word' id='word_1_1062' title='bbox 2438 5725 2547 5760; x_wconf 86' lang='lat' dir='ltr'><strong>esse</strong></span> <span class='ocrx_word' id='word_1_1063' title='bbox 2569 5712 2834 5775; x_wconf 81' lang='grc' dir='ltr'><strong>δεχομένοις</strong></span> <span class='ocrx_word' id='word_1_1064' title='bbox 2854 5723 2940 5771; x_wconf 87' lang='lat' dir='ltr'><strong>pro</strong></span> <span class='ocrx_word' id='word_1_1065' title='bbox 2983 5712 3281 5769; x_wconf 75' lang='grc' dir='ltr'><strong>μαχομένοις,</strong></span> <span class='ocrx_word' id='word_1_1066' title='bbox 3302 5712 3391 5753; x_wconf 82' lang='lat' dir='ltr'><strong>sed</strong></span> <span class='ocrx_word' id='word_1_1067' title='bbox 3424 5715 3501 5750; x_wconf 78' lang='lat' dir='ltr'><strong><em>ma</em></strong></span> 
     </span>
     <span class='ocr_line' id='line_1_127' title="bbox 1871 5774 3501 5837; baseline -0.009 -11"><span class='ocrx_word' id='word_1_1068' title='bbox 1871 5782 1950 5826; x_wconf 86' lang='lat' dir='ltr'><strong>lim</strong></span> <span class='ocrx_word' id='word_1_1069' title='bbox 1977 5780 2253 5837; x_wconf 78' lang='grc' dir='ltr'><strong>μαχομένοις</strong></span> <span class='ocrx_word' id='word_1_1070' title='bbox 2278 5776 2391 5837; x_wconf 84' lang='grc' dir='ltr'><strong>πρὸς</strong></span> <span class='ocrx_word' id='word_1_1071' title='bbox 2410 5774 2565 5821; x_wconf 80' lang='grc' dir='ltr'><strong>αὐτόν.</strong></span> <span class='ocrx_word' id='word_1_1072' title='bbox 2657 5835 2663 5837; x_wconf 22' lang='grc' dir='ltr'><em>Α</em></span> <span class='ocrx_word' id='word_1_1073' title='bbox 2928 5835 2935 5837; x_wconf 80' lang='lat'>_</span> <span class='ocrx_word' id='word_1_1074' title='bbox 3029 5828 3088 5837; x_wconf 81' lang='lat'><strong>___</strong></span> <span class='ocrx_word' id='word_1_1075' title='bbox 3148 5828 3168 5837; x_wconf 43' lang='grc'><strong>-</strong></span> <span class='ocrx_word' id='word_1_1076' title='bbox 3224 5835 3231 5837; x_wconf 12' lang='grc' dir='ltr'>ᾇ</span> <span class='ocrx_word' id='word_1_1077' title='bbox 3328 5826 3339 5837; x_wconf 34' lang='grc' dir='ltr'><strong>ο</strong></span> <span class='ocrx_word' id='word_1_1078' title='bbox 3360 5825 3372 5837; x_wconf 78' lang='lat'><em>_</em></span> <span class='ocrx_word' id='word_1_1079' title='bbox 3439 5828 3449 5837; x_wconf 70' lang='lat'>_</span> <span class='ocrx_word' id='word_1_1080' title='bbox 3499 5834 3501 5837; x_wconf 18' lang='grc' dir='ltr'><strong><em>ι</em></strong></span> 
     </span>
    </p>
   </div>
   <div class='ocr_carea' id='block_1_125' title="bbox 1930 5825 3519 5913">
    <p class='ocr_par' dir='ltr' id='par_1_125' title="bbox 1930 5825 3519 5913">
     <span class='ocr_line' id='line_1_128' title="bbox 1930 5825 3519 5913; baseline -0.008 -30"><span class='ocrx_word' id='word_1_1081' title='bbox 1930 5840 1955 5878; x_wconf 87' lang='lat' dir='ltr'><strong>d</strong></span> <span class='ocrx_word' id='word_1_1082' title='bbox 2140 5840 2210 5909; x_wconf 30' lang='grc' dir='ltr'><strong>ὄντι</strong></span> <span class='ocrx_word' id='word_1_1083' title='bbox 2243 5825 2335 5913; x_wconf 15' lang='grc' dir='ltr'><strong>»γὰρ</strong></span> <span class='ocrx_word' id='word_1_1084' title='bbox 2366 5825 2455 5911; x_wconf 71' lang='grc' dir='ltr'><strong>ἀνὰ</strong></span> <span class='ocrx_word' id='word_1_1085' title='bbox 2478 5836 2625 5913; x_wconf 55' lang='grc' dir='ltr'><strong>μέσον</strong></span> <span class='ocrx_word' id='word_1_1086' title='bbox 2644 5835 2827 5903; x_wconf 39' lang='grc' dir='ltr'><strong>ἔκρινεκ</strong></span> <span class='ocrx_word' id='word_1_1087' title='bbox 2845 5835 2989 5879; x_wconf 67' lang='lat' dir='ltr'><strong>nuto.</strong></span> <span class='ocrx_word' id='word_1_1088' title='bbox 3029 5828 3120 5879; x_wconf 73' lang='lat' dir='ltr'><strong>llic</strong></span> <span class='ocrx_word' id='word_1_1089' title='bbox 3146 5828 3271 5877; x_wconf 71' lang='lat' dir='ltr'><strong>forte</strong></span> <span class='ocrx_word' id='word_1_1090' title='bbox 3298 5825 3519 5875; x_wconf 66' lang='lat' dir='ltr'><strong>videam!</strong></span> 
     </span>
    </p>
   </div>
   <div class='ocr_carea' id='block_1_126' title="bbox 1872 5901 2845 5963">
    <p class='ocr_par' dir='ltr' id='par_1_126' title="bbox 1872 5901 2845 5963">
     <span class='ocr_line' id='line_1_129' title="bbox 1872 5901 2845 5963; baseline -0.009 -12"><span class='ocrx_word' id='word_1_1091' title='bbox 1872 5902 2133 5963; x_wconf 63' lang='grc' dir='ltr'><strong>ιοδειιαυω</strong></span> <span class='ocrx_word' id='word_1_1092' title='bbox 2159 5901 2228 5947; x_wconf 81' lang='grc' dir='ltr'><strong>ὅτι</strong></span> <span class='ocrx_word' id='word_1_1093' title='bbox 2252 5901 2339 5946; x_wconf 81' lang='grc' dir='ltr'><strong>ἀνά</strong></span> <span class='ocrx_word' id='word_1_1094' title='bbox 2360 5902 2502 5960; x_wconf 82' lang='grc' dir='ltr'><strong>μέσον</strong></span> <span class='ocrx_word' id='word_1_1095' title='bbox 2522 5901 2661 5948; x_wconf 76' lang='grc' dir='ltr'><strong>ἐθνῶν</strong></span> <span class='ocrx_word' id='word_1_1096' title='bbox 2689 5901 2845 5957; x_wconf 68' lang='grc' dir='ltr'><strong>κρινεῖ.</strong></span> 
     </span>
    </p>
   </div>
  </div>
