4130 6312
662 349 733 404 33
1403 351 1459 407 S.
1496 350 1771 407 JOANNIS
1799 347 2278 405 CIIRYSOSTOMI
2313 349 2623 405 ARCIIIEP.
2671 346 3201 405 CONSTAN'I'INUP.
3925 365 3985 418 34

644 476 811 530 ρισις.
832 460 996 514 Ὅταν
1021 456 1126 532 γάρ
1150 461 1314 517 ταῦτα
1341 463 1577 533 γένηται,
1604 463 1755 533 φησὶ,
1783 462 2010 528 τοσαύτη
2045 461 2264 529 λήψεται

642 545 863 613 εὐνομία
893 547 988 616 τὴν
1006 547 1338 616 οἰκουμένην,
1365 548 1437 609 ὡς
1471 549 1560 599 καὶ
1595 548 1731 600 αὑτά
1756 547 1821 598 τὰ
1852 546 1987 597 ὅπλα
2021 546 2086 597 τά
2115 547 2265 596 πολε-

643 629 776 698 μικὰ
821 630 898 692 είς
928 631 1199 700 γεωργικά
1233 632 1580 700 χαλκεύεσθαι
1608 632 1836 700 ὄργανα·
1877 631 2008 698 ὅπερ
2038 630 2127 681 ἐπὶ
2154 629 2260 682 τῶν

642 713 844 782 καιρῶν
872 715 977 767 τῶν
1005 716 1266 768 Ἰουδαίων
1297 716 1393 767 οὐκ
1411 716 1474 768 ἄν
1499 731 1579 776 τις
1606 715 1700 766 ίὸοι
1729 713 2103 783 γεγενημένον,
2131 713 2261 764 ἀλλά

639 799 938 852 τούναντίον
959 800 1119 854 ἀπαν.
1140 801 1212 854 Οὐ
1233 800 1338 872 γάρ
1357 801 1613 854 διέλειπον
1634 800 1843 853 ἅπαντα
1871 798 1969 866 τῆς
1997 797 2262 859 πολιτείας

640 883 813 935 αὐτῶν
846 883 935 936 τὸν
971 885 1157 954 καιρὸν
1199 885 1550 955 πολεμοῦντες
1594 885 1685 936 καὶ
1716 883 2126 952 πολεμούμενοι,
2167 883 2259 934 καὶ

636 965 721 1018 διά
754 968 961 1038 μακροῦ
993 969 1084 1022 καὶ
1121 969 1186 1024 δι’
1225 969 1397 1037 ὀλίγου
1430 971 1535 1022 τῶν
1567 968 1832 1037 πολεμίων
1867 968 2042 1028 αὐτοῖς
2079 966 2257 1018 ἐπιόν-

637 1067 763 1105 των.
799 1053 906 1104 Kal
941 1053 1046 1124 γάρ
1083 1055 1131 1108 οί
1161 1056 1217 1108 ἐν
1246 1056 1381 1124 αὐτῇ
1415 1057 1478 1124 τῇ
1521 1053 1846 1124 Παλαιστίνῃ
1872 1050 2077 1120 χαλεπά
2116 1051 2256 1122 πρά-

636 1152 818 1204 γματα
839 1138 1103 1208 παρέσχον
1124 1141 1299 1202 αὐτοῖς
1323 1139 1595 1202 πολλάκις,
1625 1139 1715 1192 καὶ
1736 1138 1862 1207 περὶ
1887 1136 1992 1189 τῶν
2022 1136 2257 1204 ἐσχάτων

644 1221 1022 1292 ἐπεκρέμασαν
1049 1223 1283 1276 κίνδυνον
1305 1235 1353 1276 ι.

703 1381 763 1427 ε’.
797 1375 905 1426 Καὶ
930 1374 1096 1426 ταῦτα
1127 1375 1272 1444 δηλοῖ
1306 1375 1401 1443 μὲν
1433 1375 1468 1445 ἡ
1487 1374 1592 1426 τῶν
1621 1373 1900 1442 βασιλειῶν
1927 1372 2126 1440 ἱστορία
2159 1387 2251 1423 σσ-

633 1457 768 1526 φῶς,
795 1459 886 1528 ὅλη
918 1460 985 1511 δι’
1023 1459 1149 1528 ὅλης
1182 1462 1244 1512 ἐκ
1285 1460 1531 1528 πολέμων
1565 1459 1888 1527 ὑφαινομένη
1913 1475 1926 1489 ·
1956 1457 2167 1524 δηλοῦσι
2199 1456 2254 1508 δέ

630 1542 680 1594 οι
709 1543 977 1611 προφῆται
1006 1544 1220 1606 πάντες,
1244 1544 1312 1595 τά
1333 1544 1591 1612 γενόμενα
1616 1541 2034 1608 ἀπαγγέλλοντες
2061 1539 2251 1600 ταῦτα,

631 1628 720 1681 καὶ
755 1629 881 1696 πρὶν
908 1628 940 1697 ἢ
964 1627 1205 1695 γενέσθαι
1229 1627 1726 1697 προαναφωνοῦντες
1743 1641 1758 1658 ο
1784 1626 1875 1679 καὶ
1899 1625 1956 1688 ἐξ
1980 1625 2164 1692 αὐτῆς,
2181 1625 2252 1686 ὡς

630 1714 820 1775 είπεῖν,
848 1713 944 1782 τῆς
970 1714 1192 1783 ἡμέρας,
1215 1709 1281 1784 ἦς
1311 1712 1693 1780 ἀπηλλάγησαν
1717 1711 1815 1779 τῆς
1836 1710 2139 1776 Αἰγυπτίων
2165 1726 2251 1761 τυο

631 1798 892 1866 ραννίδος,
919 1798 976 1850 έν
1015 1797 1261 1867 πολέμοις
1291 1797 1377 1850 τὸν
1405 1797 1617 1850 ἅπαντα
1643 1794 1829 1864 χρόνον
1861 1794 2112 1848 ἐϐίωσαν.

711 1949 846 2000 Ἀλλ’
883 1948 1000 2018 οὐχὶ
1027 1948 1118 2000 νῦν
1155 1948 1338 2012 οὕτως,
1369 1947 1501 2001 ἀλλά
1529 1946 1688 2016 πολλὴ
1713 1944 1849 1997 κατὰ
1879 1943 1974 2013 τὴν
1999 1944 2251 2012 οἰκουμέ-

628 2051 725 2103 νην
750 2035 956 2103 είρήνη.
974 2035 1034 2086 El
1052 2034 1105 2086 δέ
1124 2050 1264 2095 τινες
1290 2033 1524 2101 γίνονται
1545 2031 1783 2098 πόλεμοι,
1801 2029 1911 2081 ἀλλ’
1935 2030 2030 2097 οὐχ
2059 2029 2253 2096 ὁμοίως

628 2117 703 2179 ὡς
727 2119 1006 2188 πρότερον.
1023 2119 1151 2170 Τότε
1181 2119 1273 2188 μὲν
1295 2118 1402 2186 γάρ
1428 2117 1519 2169 καὶ
1539 2116 1718 2176 πόλεις
1741 2115 1941 2177 πόλεσι,
1966 2116 2056 2165 καὶ
2083 2113 2250 2182 χῶραι

628 2203 849 2272 χώραις,
881 2205 972 2255 καὶ
1005 2204 1162 2271 δῆμοι
1205 2204 1626 2272 συνερρήγνυντο
1656 2201 1863 2269 δήμοις,
1895 2200 1984 2249 καὶ
2017 2199 2162 2258 ἔθνος
2194 2198 2251 2249 ἐν

627 2289 705 2351 είς
736 2287 903 2339 πολλά
932 2287 1229 2355 διετέμνετο
1259 2287 1410 2354 μέρη.
1452 2283 1565 2354 [25]
1609 2284 1716 2335 Καὶ
1753 2282 1843 2334 τοῦ
1879 2282 2046 2349 Ἰησοῦ
2082 2281 2141 2333 τὸ
2173 2281 2250 2349 βι-

628 2372 768 2424 ϐλίον
792 2389 875 2434 τις
910 2371 1168 2438 ἀναγνοὺς
1205 2373 1298 2423 καὶ
1336 2371 1441 2422 τῶν
1487 2368 1717 2437 Κριτῶν,
1751 2367 1948 2419 εἵσεται
1985 2367 2177 2427 πόσους
2213 2367 2245 2433 ή

628 2457 947 2525 Παλαιστίνη
973 2458 1029 2508 ἐν
1062 2456 1247 2525 βραχεῖ
1267 2456 1528 2522 πολέμους
1554 2453 1672 2504 τότε
1702 2451 1910 2516 ἐδέξατο
1932 2450 2120 2519 καιρῷ.
2143 2452 2250 2502 Καὶ

626 2544 687 2596 οὐ
716 2543 869 2593 τοῦτο
896 2543 1050 2610 μόνον
1069 2537 1135 2610 ἦν
1162 2540 1220 2592 τὺ
1252 2540 1500 2610 χαλεπὸν,
1525 2538 1634 2590 ἀλλ’
1660 2538 1741 2588 ότι
1778 2537 1980 2597 πάντας
2010 2535 2143 2587 ὅπλα
2172 2536 2250 2586 τί-

626 2626 808 2678 θεσθαι
825 2627 850 2664 δ
870 2628 898 2677 6
925 2625 1081 2693 νόμος
1111 2623 1374 2684 ἐκέλευσε,
1405 2624 1497 2674 καὶ
1525 2621 1694 2681 οὐδεὶς
1719 2620 1910 2688 ἀτελὴς
1928 2619 2125 2687 ταύτης
2151 2621 2248 2687 τῆς

623 2710 955 2781 λειτουργίας
988 2705 1074 2781 ἦν.
1113 2710 1219 2762 Καὶ
1246 2710 1304 2762 οὐ
1333 2709 1481 2777 παρά
1525 2705 1788 2767 Ἰουδαίοις
1837 2703 1991 2773 μόνον
2033 2700 2183 2767 οὗτος
2219 2707 2247 2758 ό

623 2796 782 2864 νόμος
813 2798 1045 2866 ἐκράτει,
1066 2795 1197 2848 ἀλλά
1216 2796 1307 2847 καὶ
1329 2793 1595 2860 πανταχοῦ
1618 2794 1713 2860 τῆς
1740 2790 2055 2858 οἰκουμένης
2076 2806 2089 2820 ·
2115 2792 2244 2842 ὅπου

622 2898 684 2949 γε
708 2883 798 2934 καὶ
828 2883 1050 2950 ῥήτορες
1074 2881 1163 2932 καὶ
1187 2879 1452 2946 φιλόσοφοι
1475 2877 1727 2944 ἐξωμίδος
1749 2874 1906 2926 πλέον
1933 2875 2078 2925 οὐδὲν
2105 2873 2247 2942 ἔχον-

621 2984 730 3029 τες,
760 2967 990 3035 πολέμου
1019 2964 1317 3027 καλοῦντος,
1347 2964 1438 3016 καὶ
1465 2961 1659 3014 ἀσπίδα
1687 2960 2128 3030 μετεχειρίζοντο,
2153 2960 2244 3011 xm

620 3053 710 3104 ἐπὶ
738 3049 1084 3121 παρατάξεως
1116 3051 1344 3102 ἵσταντο.
1381 3049 1438 3100 '0
1483 3047 1609 3114 γοῦν
1647 3046 1773 3116 παρ’
1813 3046 2105 3115 Ἀθηναίοις
2140 3045 2242 3114 μά-

620 3136 775 3190 λιστα
797 3137 1012 3204 λάμψας
1037 3132 1454 3205 ἀπραγμοσύνης
1474 3133 1653 3184 ἐνεκεν
1677 3133 1770 3184 καὶ
1804 3129 2107 3198 φιλοσοφίας
2137 3131 2245 3182 Σω-

621 3221 824 3289 κράτης
844 3223 871 3272 6
887 3220 1252 3288 Σωφρονίσκου
1285 3218 1374 3270 καὶ
1400 3217 1539 3280 ἅπαξ
1571 3216 1663 3268 καὶ
1688 3216 1766 3277 δὶς
1783 3215 1873 3267 ἐπὶ
1895 3215 2245 3284 παρατάξεως

617 3305 765 3375 εστη.
798 3305 906 3356 Καὶ
935 3303 1042 3355 τῶν
1089 3303 1324 3371 ρητόρων
1355 3302 1461 3352 τῶν
1507 3301 1630 3368 παρ’
1660 3301 1838 3360 αὐτοῖς
1865 3299 1925 3350 τὸ
1961 3299 2245 3366 κεφάλαιον

618 3389 964 3460 Δημοσθένης
1011 3387 1115 3440 ἀπὸ
1155 3387 1247 3438 τοῦ
1301 3386 1537 3455 βήματος
1567 3385 1656 3435 ἐπὶ
1696 3385 1785 3436 τὸν
1827 3384 2054 3453 πόλεμον
2101 3383 2243 3454 ἐξῄει

618 3475 892 3537 πολλάκις.
925 3476 984 3526 El
1009 3472 1065 3525 δέ
1099 3473 1327 3543 ῥήτορας
1356 3473 1449 3524 καὶ
1483 3470 1794 3538 φιλοσόφους
1820 3469 1990 3531 οὐδεὶς
2018 3469 2243 3539 ἐξῄρητο

617 3563 778 3629 νόμος
801 3560 892 3612 τοῦ
925 3559 1192 3627 πολεμεῖν,
1220 3556 1377 3626 σχολῇ
1407 3573 1467 3622 γε
1494 3555 1674 3623 ἓτερός
1699 3571 1782 3616 τις
1805 3553 1897 3606 τοῦ
1920 3554 1980 3624 δή
1991 3571 2087 3623 μου
2113 3554 2242 3607 ταύ-

616 3663 716 3716 της
745 3645 1022 3716 ἀπήλαυσε
1050 3645 1147 3713 τῆς
1172 3643 1431 3704 ἀτελείας.
1461 3641 1593 3693 Ἀλλ’
1614 3641 1729 3710 οὐχὶ
1754 3640 1955 3693 τούτων
1977 3641 2123 3693 οὐδὲν
2151 3641 2242 3693 νῦν

617 3733 893 3802 γινόμενον
947 3731 1044 3783 ίδοι
1081 3746 1163 3791 τις
1189 3730 1273 3782 ἀν.
1313 3728 1527 3796 Ἐπειδὴ
1566 3728 1669 3793 γάρ
1705 3729 1733 3779 6
1773 3729 1870 3795 τῆς
1908 3727 2242 3794 δικαιοσύνης

617 3817 850 3886 ἔλαμψεν
889 3816 1055 3884 ἥλιος,
1098 3815 1189 3867 καὶ
1223 3814 1401 3876 πόλεις
1445 3814 1537 3866 καὶ
1581 3814 1737 3881 δῆμοι
1780 3811 1870 3864 καὶ
1904 3811 2027 3880 ἔθνη
2071 3813 2243 3865 πάντα

617 3901 864 3953 τοσοῦτον
905 3899 1161 3967 ἀπέχουσι
1198 3897 1290 3949 τοῦ
1325 3899 1421 3966 ζῇν
1465 3901 1520 3949 ἐν
1563 3895 1818 3956 κινδύνοις
1857 3895 2133 3958 τοιούτοις,
2163 3898 2241 3948 ὅτι

616 3986 735 4038 οὐδὲ
759 3982 1219 4051 μεταχειρίζεσθαί
1244 4000 1293 4033 τι
1317 3983 1421 4034 τῶν
1447 3982 1748 4050 πολεμικῶν
1772 3981 1964 4043 ίσασιν,
1986 3980 2096 4032 ἀλλ’
2116 3981 2243 4032 εἵσω

618 4071 823 4122 πόλεων
851 4069 941 4120 καὶ
968 4068 1157 4136 τειχῶν
1183 4067 1472 4134 καθήμενοι
1490 4105 1504 4128 ,
1536 4067 1720 4135 πόρρω
1746 4065 1814 4118 τὰ
1850 4065 1956 4116 τῶν
1995 4064 2243 4132 πολέμων

621 4155 941 4225 μανθάνουσι
971 4152 1280 4222 πράγματα,
1301 4151 1393 4202 καὶ
1418 4153 1582 4218 δῆμος
1611 4151 1752 4212 ἀπας
1775 4153 1828 4201 ἐν
1855 4149 2127 4219 ἐλευθερίᾳ
2154 4150 2239 4218 ζῇ,

617 4245 709 4297 καὶ
748 4243 958 4312 ἀτελείᾳ
999 4243 1092 4307 τῆς
1131 4241 1452 4309 πικροτάτης
1487 4239 1686 4306 ταύτης
1713 4240 2064 4307 λειτουργίας.
2097 4242 2156 4291 El
2187 4239 2242 4290 δέ

619 4346 719 4381 που
750 4328 840 4380 καὶ
866 4326 957 4378 νῦν
990 4327 1257 4393 γίγνονται
1286 4325 1525 4392 πόλεμοι,
1555 4324 1738 4391 πόρρω
1769 4340 1865 4374 που
1904 4326 1995 4375 καὶ
2026 4325 2154 4392 πρὸς
2177 4325 2241 4375 τά

619 4413 814 4482 ἔσχατα
838 4417 935 4483 τῆς
963 4411 1239 4482 Ῥωμαίων
1268 4412 1455 4480 ἀρχῆς,
1483 4409 1542 4460 οὑ
1576 4408 1711 4460 κατά
1745 4408 1893 4461 πόλιν
1920 4409 2009 4459 καὶ
2042 4409 2238 4477 χώραν,

616 4499 691 4560 ὡς
724 4499 1040 4566 ἔμπροσθεν.
1077 4497 1205 4548 Τότε
1238 4497 1330 4565 μὲν
1363 4495 1489 4565 γάρ,
1530 4495 1601 4554 ὡς
1629 4493 1792 4562 ἔφθην
1838 4492 2023 4556 είπὼν,
2067 4497 2158 4545 καὶ
2186 4497 2241 4545 ἐν

617 4583 696 4635 ἐνὶ
732 4581 868 4632 ἔθνει
906 4581 1087 4649 μυρίαι
1126 4580 1356 4647 συνεχῶς
1391 4579 1776 4639 ἐπαναστάσεις
1814 4579 2109 4644 ἐγίγνοντο,
2150 4581 2240 4632 καὶ⁵

618 4666 1023 4736 πολυπρόσωποι
1056 4665 1301 4732 πόλεμοι·
1337 4665 1452 4715 νυνὶ
1488 4664 1544 4715 δὲ
1571 4665 1698 4732 ὅσην
1747 4663 1893 4731 ἥλιος
1944 4667 2110 4734 ἐφορᾷ
2143 4667 2240 4734 γῆν

616 4752 722 4806 ἀπὸ
757 4752 848 4804 τοῦ
885 4750 1143 4821 Τίγρητος
1175 4749 1265 4800 ἐπὶ
1307 4748 1404 4809 τὰς
1454 4748 1808 4816 Βρεττανικὰς
1851 4751 2060 4817 νήσους,
2108 4751 2242 4820 αὑτὴ

618 4837 782 4897 πᾶσα,
803 4833 893 4886 καὶ
921 4832 1052 4901 μετά
1071 4830 1265 4897 ταύτης
1289 4829 1479 4895 Λιϐύη,
1503 4830 1592 4878 καὶ
1620 4829 1906 4894 Αἴγυπτος,
1936 4831 2025 4882 καὶ
2052 4831 2243 4882 Παλαι-

617 4921 810 4974 στινῶν
855 4919 1028 4983 ἔθνος,
1069 4915 1260 4986 μᾶλλον
1307 4916 1360 4966 δὲ
1407 4915 1547 4965 ἅπαν
1589 4913 1649 4963 τὸ
1687 4913 1788 4963 ὑπὸ
1831 4915 1925 4982 τὴν
1968 4915 2242 4982 Ῥωμαίων

617 5005 786 5075 ἀρχὴν
829 5005 1113 5073 κείμενονο
1138 5018 1152 5032 ·
1194 5001 1302 5052 ἴστε
1333 5001 1389 5052 δὲ
1423 4999 1496 5060 ὡς
1543 4991 1696 5050 αὗται
1743 4999 1797 5050 αἱ
1842 4999 2019 5060 πόλεις
2065 5001 2241 5061 ἁδείας

619 5091 942 5146 ἀπολαύουσι
981 5092 1192 5154 πάσης,
1236 5092 1367 5161 ἀκοῇ
1418 5089 1539 5151 τοὺς
1586 5087 1846 5156 πολέμους
1890 5089 2241 5157 μανθάνουσαι

679 5328 706 5357 ο
733 5323 859 5395 ΗΘΒ..
884 5322 986 5395 περὶ
1014 5323 1112 5395 τὸν.
1134 5323 1349 5395 ἔσχατον.
1369 5325 1683 5394 ἐπεκρέμασαν
1708 5322 1941 5395 λιίνδυνον.
1967 5322 2240 5395 Leﬁcliq'no‘n

616 5382 906 5447 aperneﬂda.
938 5382 1033 5447 Sgd
1072 5382 1221 5447 aljefzi
1252 5385 1461 5447 muneri
1483 5382 1681 5443 'polesl.
1707 5383 1855 5447 Paulo
1894 5393 1997 5440 post
2024 5382 2244 5447 _Savii.é1:

617 5444 868 5554 πῗλεμίων,
911 5444 997 5491 sed
1034 5444 1208 5491 melius
1246 5444 1298 5490 ἐκ
1341 5445 1573 5503 πολέμων,
1647 5449 1698 5491 ut
1743 5445 1848 5502 ipse
1875 5448 2005 5488 notat
2030 5444 2077 5488 in
2122 5457 2245 5490 mar-

617 5520 650 5554 Ω
672 5519 751 5553 ne.

672 5519 751 5553 ne.

616 5520 887 5614 8128501110:
909 5563 1106 5610 τίθεσθαι
1130 5562 1316 5610 videtur
1357 5561 1646 5623 signiﬁcare,
1688 5575 1825 5610 arma
1846 5575 2016 5623 ponere
2040 5573 2057 5620 ;
2081 5567 2128 5608 al
2168 5563 2245 5609 hic

615 5630 712 5690 εει,
737 5638 872 5690 ατιηιο
892 5636 1094 5690 ειιηιενε,
1122 5634 1230 5690 ¹ιιιεῆε
1250 5621 1690 5690 ανηιίδῖῃτςινιιενρ,
1725 5631 1775 5669 ιιι
1802 5621 1863 5690 ει
1905 5625 2033 5670 serie
2075 5624 2241 5682 liquet.

632 5680 825 5742 Ἐεωμίς
848 5685 966 5731 infra
989 5691 1065 5730 est
1085 5680 1237 5730 abolla
1260 5695 1346 5742 seru
1376 5681 1572 5741 pallium
1595 5680 1993 5742 philosophorum.

685 5745 706 5774 ε
736 5741 848 5790 Post
869 5745 1076 5802 κείμενον
1097 5743 1234 5789 deest
1257 5741 1452 5800 aliquid.
1482 5748 1529 5787 ul
1554 5741 1600 5787 ἐν
1632 5743 1784 5801 εἷρὴνῃ
1825 5743 1986 5802 διάγει,
2020 5742 2093 5790 γει
2131 5743 2242 5802 quia

621 5804 797 5864 male,
821 5807 946 5864 qund
971 5818 1055 5852 uos
1079 5815 1396 5856 ελριοοδιιιιυε
1423 5802 1806 5861 ιυῐίὶϊιεῖυιιιιιιίο.

2367 461 2543 528 μόνον,
2580 464 2833 514 Ἦδύνατο
2885 463 2978 530 μὲν
3011 462 3118 530 γὰρ
3165 461 3258 513 καὶ
3290 462 3355 513 τά
3402 463 3629 530 λείψανα
3677 467 3913 520 καθελεῖν
3947 473 3973 524 ό

2362 547 2608 614 Χριστὸς,
2653 548 2762 598 ἀλλ’
2792 547 2966 613 ἀφῆκε
3015 548 3382 616 σωφρονισμοῦ
3416 565 3553 610 τινος
3584 549 3830 602 ὑπόθεσιν
3871 558 3974 615 τοῖς

2362 633 2673 700 ῥᾳθυμοῦσι,
2697 633 2787 685 καὶ
2817 633 2916 683 ὑπὸ
2939 633 3034 699 τῆς
3056 633 3272 702 είρήνης
3305 636 3634 701 χαυνοτὲροις
3661 637 3970 703 γινομένοις.

2357 718 2463 766 τῶν
2490 717 2770 786 βαρϐάρων
2800 713 2934 768 εἶναι
2964 717 3058 777 τὰς
3093 717 3402 785 ἐπιδρομάς.
3433 719 3536 768 Καὶ
3565 719 3592 768 6
3621 723 3891 788 προφήτης
3920 724 3972 774 δέ

2357 802 2466 861 τοῖς
2508 802 2814 870 δυναμένοις
2855 800 3088 870 ἀκριϐῶς
3142 801 3364 851 συνιδεῖν
3397 803 3524 852 αὐτὸ
3555 803 3705 855 τοῦτο
3744 807 3968 873 ᾐνίξατο,

2361 885 2494 953 ὅπερ
2515 886 2680 953 ἔφθην
2725 886 2906 948 εἰπὼν,
2939 885 2995 935 τὸ
3052 885 3241 952 μηκέτι
3271 885 3366 945 τὰς
3404 885 3466 935 δι’
3496 887 3669 951 όλίγου
3703 891 3970 954 γίγνεσθαι

2359 969 2760 1031 ἐπαναστάσεις.
2791 970 2864 1020 Οὐ
2893 968 2997 1038 γὰρ
3033 963 3200 1027 εἷπεν.
3222 970 3334 1022 Οὐκ
3357 969 3502 1019 ἔσται
3529 971 3754 1038 πόλεμος
3778 991 3970 1026 παντε.

2357 1053 2483 1116 λῶς,
2516 1055 2645 1106 ἀλλὰ
2662 1055 2712 1105 τί
2732 1071 2745 1118 ;
2777 1057 2857 1107 Οὐ
2876 1053 2958 1121 μὴ
2980 1054 3090 1119 ἄρῃ
3111 1054 3281 1116 ἔθνος
3304 1053 3392 1104 ἐπ’
3423 1054 3592 1119 ἔθνος
3614 1057 3967 1123 μάχαιρανά·

2355 1141 2448 1192 καὶ
2478 1139 2572 1208 τὴν
2604 1140 2707 1191 τῶν
2733 1140 2912 1208 δήμων
2946 1138 3245 1208 ἐλευθερίαν
3277 1140 3643 1206 προστέθεικεν
3674 1145 3854 1204 είπὼν,
3891 1149 3970 1198 Οὐ

2351 1224 2433 1291 μὴ
2457 1225 2723 1290 μάθωσιν
2749 1224 2830 1274 ἑτι
2861 1223 3137 1289 πολεμεῖν
3155 1263 3168 1284 ,
3205 1224 3337 1290 πλὴν
3366 1224 3554 1289 ὀλίγων
3589 1225 3692 1276 τῶν
3719 1229 3794 1288 είς
3821 1229 3970 1280 τοῦτο

2352 1310 2688 1376 τεταγμένων
2734 1311 3089 1377 στρατιωτῶν.
3128 1309 3236 1360 Καὶ
3286 1311 3399 1361 νῦν
3447 1310 3563 1371 σὺ,
3599 1313 3632 1362 d
3663 1308 3820 1375 οἶκος
3869 1314 3970 1367 τοῦ

2364 1392 2596 1455 Ἰακὼϐ,
2636 1394 2832 1458 δεῦτε,
2881 1394 2973 1445 καί
3023 1394 3472 1460 πορευθῶμενὲν
3489 1392 3967 1470 τῷφωτὶΚυριόυ.

2364 1477 2574 1541 Ἀνῆκε
2605 1477 2710 1544 γὰρ
2738 1479 2842 1530 τὸν
2866 1478 3015 1530 λαὸν
3050 1480 3229 1530 αὑτοῦ
3251 1517 3266 1540 ,
3296 1480 3399 1532 τὸν
3429 1477 3591 1532 οἶκον
3621 1482 3722 1534 τοῦ
3751 1485 3968 1539 Ἰακώϐ.

2364 1561 2686 1628 ’Λπαρτίσας
2709 1562 2804 1630 τὴν
2835 1564 2958 1630 περὶ
2979 1564 3073 1631 τῆς
3103 1564 3420 1632 Ἐκκλησίας
3446 1567 3790 1634 προφητείαν,
3813 1568 3972 1620 πάλιν

2351 1648 2439 1698 ἐπὶ
2476 1648 2571 1714 τὴν
2601 1648 2834 1714 ἱστορίαν
2861 1648 3186 1714 μεταϐαίνει,
3218 1649 3290 1710 ὡς
3308 1651 3370 1718 δὴ
3399 1651 3502 1701 τῶν
3530 1651 3639 1720 [26]
3673 1652 3970 1703 άκολούὸιιιν

2351 1732 2602 1799 ἐχόμενος
2643 1733 2914 1800 ῥημάτων.
2961 1733 3210 1786 Τοιοῦτον
3242 1737 3348 1805 γάρ
3384 1736 3499 1797 ἔθος
3539 1737 3746 1798 αὐτοῖς,
3801 1737 3872 1804 μὴ
3905 1740 3967 1805 τῇ

2351 1816 2454 1868 τῶν
2474 1817 2767 1885 εἰρημένων
2798 1818 3057 1888 ἀσφαλείᾳ
3081 1831 3104 1857 ο
3129 1821 3304 1887 μόνον,
3337 1821 3468 1872 ἀλλά
3503 1823 3593 1872 καὶ
3623 1821 3699 1890 τῷ
3736 1825 3970 1890 σχήματι

2349 1901 2446 1968 τῆς
2476 1900 2785 1961 ἀκολουθίας
2810 1903 3113 1964 συσκιάζειν
3145 1902 3239 1971 τὴν
3263 1905 3610 1972 προφητείαν.
3641 1905 3832 1972 Διόπερ
3855 1907 3974 1958 οὐδὲ

2352 1985 2745 2052 ἁπηρτισμένον
2776 1988 2916 2036 ποιεῖ
2939 1986 3024 2036 τὸν
3052 1986 3223 2052 λόγον,
3263 1987 3392 2039 ἀλλά
3421 1988 3494 2049 ὼς
3520 1989 3644 2055 μίαν
3661 1991 3778 2041 τινὰ
3801 1990 3973 2041 ἕλκων

2351 2067 2553 2137 σειρὰν,
2595 2067 2736 2119 οὕτω
2766 2069 2892 2138 πρὸς
2938 2071 3033 2139 τὴν
3069 2070 3175 2122 τῶν
3215 2072 3472 2122 Ἰουδαίων
3508 2072 3776 2123 νουθεσίαν
3809 2089 3973 2140 μετα⁴

2350 2152 2516 2203 ϐαίνει
2534 2152 2814 2214 πάλιν,καί
2835 2170 2989 2221 φησι·
3011 2153 3115 2209 Καί
3139 2154 3252 2206 νῦν
3275 2155 3374 2214 σὺ,
3394 2158 3424 2207 ό
3444 2156 3604 2219 οἶκος
3617 2157 3719 2208 τοῦ
3750 2158 3971 2219 Ἰακὼϐ,

2346 2235 2535 2295 δεῦτε,
2564 2237 2660 2288 καί
2692 2238 3059 2305 πορευθῶμεν
3082 2241 3148 2292 ἐν
3175 2238 3253 2302 τῷ
3284 2241 3424 2306 φωτὶ
3449 2241 3688 2307 Kvplov'
3713 2242 3972 2302 τουτέστι,

2346 2323 2462 2381 ταῖς
2503 2321 2737 2382 ἐντολαῖς
2775 2322 2956 2384 αὑτοῦ,
2992 2323 3066 2390 τῷ
3098 2325 3241 2392 νόμῳ
3269 2325 3459 2375 αὑτοῦ·
3486 2327 3715 2391 Λύχνος
3745 2327 3847 2394 γάρ
3875 2327 3975 2377 ἐν·

2346 2404 2491 2471 τολὴ
2522 2407 2725 2471 νόμου,
2752 2406 2846 2457 καὶ
2873 2405 2994 2472 φῶς
3030 2406 3126 2459 καὶ
3148 2406 3276 2473 ζωὴ,
3309 2408 3404 2459 καί
3428 2409 3669 2475 ἐλεγχος
3713 2411 3805 2460 καὶ
3839 2427 3975 2463 παι-

2347 2491 2499 2542 δείαο
2536 2492 2667 2542 καὶὸ
2700 2491 2859 2542 Δαυῖδ
2895 2491 3050 2542 πάλιν
3083 2492 3269 2558 φησίνσ
3307 2493 3367 2545 Ἡ
3393 2493 3605 2559 ἐντολὴ
3633 2495 3844 2558 Κυρίου
3875 2511 3976 2559 τη-

2349 2574 2594 2642 λαυγὴς,
2635 2574 2960 2642 φωτίζουσα
3004 2577 3372 2642 ὀφθαλμούςσ
3413 2579 3522 2639 καὶ,
3570 2580 3800 2644 Λύχνος
3850 2579 3976 2642 τοῖς

2345 2661 2491 2712 ποσί
2523 2677 2639 2727 μου
2682 2661 2715 2715 ό
2761 2661 2940 2727 νόμος
2973 2674 3109 2723 σου,
3148 2659 3244 2713 καὶ
3279 2660 3400 2728 φῶς
3431 2661 3556 2724 ταῖς
3583 2663 3796 2727 τρέϐυις
3829 2680 3971 2729 μου.

2344 2746 2450 2796 Καὶ
2472 2744 2740 2810 πανταχοῦ
2766 2745 2903 2795 οὕτω
2925 2745 3012 2795 τὸν
3040 2745 3196 2812 νόμον
3221 2745 3542 2813 καλούμενον
3563 2746 3759 2798 κατίδοι
3782 2764 3860 2805 τις
3882 2748 3971 2799 ἀν.

2344 2828 2496 2881 Οὕτω
2523 2829 2614 2879 καὶ
2641 2828 2845 2889 Παῦλός
2872 2845 3001 2895 φησι
3023 2846 3035 2858 ·
3069 2828 3357 2891 Πέποιθάς
3378 2845 3439 2880 τε
3473 2831 3727 2882 σεαυτὸν
3754 2829 3976 2896 ὁδηγὸν

2343 2909 2490 2965 εἶναι
2522 2911 2780 2978 τυφλῶν,
2821 2912 2941 2978 φῶς
2965 2912 3080 2964 τῶν
3105 2913 3174 2964 ὲν
3197 2915 3413 2973 σκότει,
3447 2913 3767 2979 παιδευτὴν
3799 2915 3978 2980 ἀφρό-

2342 3016 2478 3051 νων.
2505 3002 2576 3050 Οὺ
2609 2998 2712 3066 γάρ
2744 2997 2913 3060 οὕτως
2947 3001 2999 3049 αί
3029 2997 3120 3050 τοῦ
3145 2998 3290 3066 ήλίου
3320 2999 3529 3059 ἀκτῖνες
3554 2998 3977 3067 χειραγωγοῦσιν

2343 3085 2495 3154 ἡμῶν
2525 3083 2616 3136 τοῦ
2650 3083 2895 3152 σώματος
2937 3084 3059 3144 τοὺς
3090 3081 3422 3150 ὀφθαλμοὺς,
3470 3083 3541 3143 ὡς
3573 3084 3627 3134 αί
3673 3083 3764 3134 τοῦ
3804 3085 3977 3152 νόμου

2341 3173 2547 3226 ἐντολαὶ
2575 3171 2968 3239 καταυγάζουσι
3002 3171 3062 3222 τὰ
3095 3171 3189 3238 τῆς
3220 3169 3392 3238 ψυχῆς
3421 3170 3655 3238 ὄμματα.

2412 3324 2485 3390 ς’.
2521 3326 2740 3388 Δεικνὺς
2766 3325 2939 3377 τοίνυν
2964 3326 2990 3376 6
3026 3325 3319 3394 προφήτης,
3360 3325 3438 3374 ὅτι
3471 3323 3561 3374 καὶ
3588 3321 3688 3392 πρὸ
3717 3323 3813 3388 τῆς
3834 3323 3980 3374 ἀντι-

2339 3410 2550 3473 δόσεως,
2590 3409 2680 3460 καὶ
2712 3409 2816 3478 1:96
2845 3410 2942 3477 τῆς
2974 3407 3219 3477 ἀμοιϐῆς,
3258 3409 3314 3458 ἐν
3343 3406 3485 3472 αὑτῷ
3517 3405 3592 3473 τῷ
3636 3405 3979 3472 πληροῦσθαι

2339 3497 2435 3564 τὴν
2483 3494 2713 3563 ἀμοιϐὴν
2758 3493 3080 3561 παρέχουσιν
3111 3493 3242 3559 ἡμῖν
3283 3491 3337 3542 αί
3382 3489 3606 3550 ἐντολαὶ,
3647 3489 3760 3555 φῶς
3803 3489 3982 3553 αὑτάς

2339 3578 2608 3632 ἐκάλεσεν.
2635 3578 2842 3646 Ὥσπερ
2876 3578 2978 3644 γὰρ
2999 3574 3267 3642 ὀφθαλμὸς
3290 3576 3344 3624 ἐν
3373 3573 3516 3640 αὐτῷ
3545 3571 3618 3640 τῷ
3647 3572 3979 3638 φωτίζεσθαι

2341 3664 2622 3733 κερδαίνει,
2653 3662 2792 3715 οὕτω
2831 3663 2922 3715 καὶ
2956 3660 3097 3729 ψυχὴ
3149 3663 3206 3711 ἐν
3248 3659 3395 3727 αὐτῷ
3445 3658 3517 3728 τῷ
3566 3657 3840 3709 πείθεσθαι
3891 3657 3978 3726 τῷ

2340 3751 2484 3818 νόμῳ
2516 3748 2581 3800 τά
2617 3747 2841 3815 μέγιστα
2893 3745 3213 3816 καρποῦται,
3245 3743 3688 3812 ἐκκαθαιρομένη,
3731 3743 3823 3794 καὶ
3867 3761 3979 3796 κα-

2341 3836 2462 3896 κίας
2510 3833 2967 3902 ἀπαλλαττομένη,
3016 3831 3109 3884 καὶ
3157 3831 3289 3900 πρὸς
3340 3831 3505 3899 αὐτὴν
3568 3829 3808 3880 ἀναϐᾶσα
3872 3830 3984 3897 τὴν

2342 3921 2536 3989 ἀρετήν
2561 3935 2573 3947 ·
2625 3919 2807 3986 ὥσπερ
2842 3914 2931 3968 οὖν
2984 3917 3287 3969 τούναντίον
3321 3917 3370 3967 οί
3420 3915 3834 3982 παραϐαίνοντες
3874 3915 3982 3966 καὶ

2341 4007 2444 4074 πρὸ
2492 4005 2584 4072 τῆς
2614 4004 2878 4063 κολάσεως
2911 4004 2965 4053 ἐν
3002 4000 3148 4070 αὺτῷ
3177 3999 3254 4069 τῷ
3287 3999 3637 4068 παραϐαίνειν
3687 3999 3840 4066 δίκην
3889 3999 3981 4050 δι-

2340 4090 2506 4152 δόασι,
2536 4089 2641 4140 τῶν
2684 4090 2739 4139 ἐν
2780 4087 2954 4138 σκότει
2985 4085 3300 4154 καθημένων
3340 4082 3654 4150 ἀθλιώτερον
3689 4084 3983 4149 διακείμεο

2341 4193 2439 4236 νοι,
2463 4176 2622 4242 φόϐου
2653 4175 2742 4226 καὶ
2764 4174 2959 4242 τρόμου
2992 4173 3083 4224 καὶ
3111 4171 3345 4238 πονηροῦ
3369 4169 3622 4237 γέμοντες
3650 4168 3980 4229 συνειδότος.

2341 4263 2434 4314 καὶ
2468 4263 2523 4311 ἐν
2547 4259 2854 4328 μεσημϐρίᾳ
2884 4258 3020 4328 μέσῃ
3051 4257 3344 4316 δεδοικότες
3377 4255 3466 4306 καὶ
3489 4255 3770 4322 τρέμοντες
3799 4254 3986 4304 ᾶπαν-

2340 4362 2454 4406 τας,
2478 4347 2598 4404 τοὺς
2632 4341 3086 4402 συνειδότας,τοὺς
3106 4340 3255 4391 οὐδὲν
3277 4339 3594 4399 συνειδότας.
3628 4337 3831 4403 Ἀνῆκε
3863 4340 3985 4405 γὰρ

2340 4429 2445 4480 τὸν
2493 4428 2643 4480 λαὸν
2691 4427 2894 4486 αὑτοῦ,
2935 4425 3038 4476 τὸν
3073 4421 3237 4476 οἷκον
3264 4422 3369 4474 τοῦ
3421 4421 3610 4475 Ἰακώϐ
3630 4437 3641 4450 ·
3674 4423 3984 4486 τουτέστιν,

2341 4512 2535 4573 εἴασεν,
2572 4511 2764 4578 ἀφῆκε,
2797 4509 3035 4578 παρεῖδε,
3067 4509 3163 4575 τῆς
3184 4507 3346 4558 αὑτοῦ
3370 4507 3613 4575 προνοίας
3636 4505 3983 4572 ἐγύμνωσεν.

2341 4594 2468 4648 Εἶτα
2495 4597 2748 4663 φοϐήσας,
2781 4594 2934 4663 λέγει,
2975 4591 3200 4663 καὶώτὴν
3233 4591 3428 4663 αἰτίαν.
3457 4590 3588 4663 ῶστε
3619 4591 3805 4663 αῦτοίις
3835 4592 3988 4663 61.09-

2343 4655 2516 4715 θῶσαι
2558 4655 2627 4714 τὲί
2673 4655 3025 4729 γεγενημένα.
3066 4655 3170 4720 τιξ
3206 4655 3296 4711 οὖν
3346 4663 3489 4709 ἐστιν
3531 4661 3562 4726 ἡ
3617 4659 3788 4723 αἰτία;
3840 4655 3989 4711 Ὀτι

2339 4748 2676 4813 ἐνεπλήσθη
2702 4750 2736 4815 ἡ
2773 4747 2924 4814 χώρα
2964 4744 3156 4798 αὐτῶν
3188 4742 3621 4810 κλῃδοενισμῶν,
3666 4745 3743 4807 ὠς
3777 4744 3815 4808 ἠ
3857 4746 3992 4795 τᾶν

2341 4835 2717 4902 ἀλλοφύλων.
2746 4831 3083 4900 Ἐμπροσθεν
3107 4831 3201 4898 μὲν
3234 4831 3339 4898 γὰρ
3364 4829 3657 4896 καπηλείαν
3678 4829 3856 4889 αὐτοῖς
3883 4835 3994 4880 καὶ

2343 4920 2697 4988 φιλαργυρίαν
2726 4920 2817 4969 καὶ
2850 4918 2952 4967 τῶν
2995 4917 3174 4985 χηρῶν
3224 4916 3518 4982 ὑπεροψίαν
3555 4915 3829 4965 ἐνεκάλει·
3887 4918 3988 4967 ὲν‹

2344 5004 2510 5055 ταῦθα
2533 5004 2585 5053 δὲ
2614 5003 2704 5053 καὶ
2749 5002 2987 5068 δόγματα
3026 4999 3253 5068 πονηρὰ,
3305 5001 3392 5050 καὶ.
3433 4999 3675 5059 ἀσεϐείας
3727 4998 3990 5064 λείψανα,

2342 5088 2478 5140 κατὰ
2526 5087 2712 5156 μικρὸν
2751 5087 2939 5145 αὐτοὺς
2974 5085 3306 5151 ύποσύροντα
3340 5084 3470 5152 πρὸς
3510 5083 3602 5148 τήν
3645 5082 3747 5132 τῶν
3780 5082 3994 5152 δαιμό-

2341 5190 2443 5223 νων
2489 5173 2708 5238 πλάνην.
2736 5165 2864 5221 Εἶτα
2894 5169 3309 5238 καθικνούμενος
3337 5167 3531 5228 αὐτῶν,
3577 5167 3670 5216 οὐκ
3710 5162 3858 5217 εἶπεν
3898 5171 3995 5222 ὅτι

2344 5256 2730 5328 κλῃδονίζονται
2781 5255 2977 5317 ἁπλῶς,
3035 5254 3144 5305 ἀλλ’
3193 5256 3271 5306 ὅτι
3333 5250 3697 5314 Ἐνεπλιξσθη
3739 5252 3775 5316 ἡ
3813 5255 3997 5319 χώρα,

2342 5344 2553 5396 αὐτῶν.
2602 5342 2752 5394 Μετά
2781 5341 2974 5409 πολλῆς
3000 5340 3299 5411 ὑπερϐολῆς
3331 5339 3362 5404 ἡ
3404 5336 3561 5386 κακία
3591 5335 3765 5385 αὐτῶν
3812 5339 3996 5390 πάλιν

2344 5431 2551 5501 ηῦξετο,
2585 5427 2763 5496 φησίν.
2790 5427 2996 5495 Ὥσπερ
3022 5426 3272 5494 ἀνωτέρω
3297 5423 3466 5487 ἔλεγε,
3487 5420 3642 5483 Λαὸς,
3667 5421 3761 5488 οὐχ
3788 5423 3997 5489 ἁπλῶς

2405 5682 2431 5719 ἃ
2463 5682 2581 5787 “cui.
2618 5686 2667 5728 et
2707 5681 2850 5727 Savil.
2893 5679 2980 5739 ἄρῃ
3022 5679 3143 5730 ἔθνος
3181 5677 3249 5724 ἐπ’
3276 5677 3395 5730 ἔθιος
3433 5674 3678 5736 μάχαιραν,
3721 5680 3869 5721 recte.
3943 5675 4000 5722 In

2405 5747 2512 5787 πρε.
2558 5740 2760 5787 {dilinnn
2785 5740 2852 5784 ἐπ’
2876 5741 2994 5787 ἔθνος
3017 5740 3199 5784 dcorat.

2348 5745 2512 5790 Ματρί.
2543 5740 2760 5787 lidilinm‘.
2785 5740 2852 5784 ἐπ’
2876 5741 2994 5792 ἔθνος
3017 5740 3199 5784 deerat.

2408 5810 2422 5824 ‘
2447 5801 2649 5850 Aulenus
2674 5802 2927 5858 legendum
2953 5807 3087 5859 putat
3110 5796 3326 5856 ἁσαφεῖφ,
