4156 6312
249 366 323 421 33
1514 352 1577 411 IN
1602 349 1846 419 lSAlAM,
1884 352 2034 414 car.
2072 357 2135 416 ιι.
3387 387 3456 441 34

237 467 370 525 illud
398 472 519 525 est?
571 471 678 526 Pax
724 480 778 527 et
820 470 1075 527 bellorum
1104 471 1393 544 abrogatio.
1421 472 1642 540 Quando
1686 470 1799 524 hare

237 562 582 629 contingent,
617 562 816 630 inquit,
859 571 999 615 tanta
1046 562 1230 617 orbem
1277 562 1502 630 excipiet
1544 562 1799 631 tranquil-

240 650 383 714 litas,
433 661 489 704 ut
531 654 691 705 etiam
726 652 912 705 bellica
953 666 1097 706 arma
1143 653 1195 705 in
1236 651 1565 721 agriculturae
1609 651 1802 704 instru-

240 749 419 793 menta
446 740 703 794 cuduntur
726 758 739 792 :
766 741 903 809 quod
935 741 985 794 in
1024 740 1325 797 Judaeorum
1368 739 1688 809 temporibus
1710 753 1800 793 ac-

238 831 434 883 cidisse
462 844 567 883 non
595 831 887 899 comperies
916 850 929 884 :
963 830 1070 884 imo
1093 845 1178 885 res
1204 831 1255 883 in
1294 831 1613 883 contrarium
1651 827 1797 882 abiit.

240 917 356 972 Non
383 926 655 972 cessarunt
675 919 814 973 enim
844 934 932 988 per
955 928 1118 973 totum
1142 918 1438 987 reipublicae
1458 933 1566 973 suae
1595 926 1801 985 tempus

240 1009 378 1062 bella
429 1010 620 1063 inferre
670 1018 723 1063 et
768 1011 919 1065 bellis
968 1008 1171 1078 impoti,
1203 1008 1441 1063 hostibus
1488 1009 1603 1063 illos
1642 1008 1799 1062 modo

238 1099 459 1161 diutius,
487 1100 641 1154 modo
679 1101 949 1154 remissius
994 1098 1377 1154 invadentibus.
1421 1098 1629 1153 Etenim
1657 1098 1743 1166 qui
1768 1111 1800 1151 θ

238 1190 417 1244 vicino
449 1190 769 1255 habitabant,
791 1192 893 1244 imo
921 1191 1077 1243 etiam
1103 1190 1188 1259 qui
1215 1190 1268 1243 in
1298 1190 1595 1255 Palaestina,
1621 1188 1798 1260 gravia

236 1279 371 1345 ipsis
419 1295 559 1348 serpe
602 1281 808 1351 negotia
854 1278 1201 1347 lacessebant,
1240 1281 1310 1336 ita
1358 1290 1416 1335 ut
1458 1280 1523 1335 de
1551 1279 1799 1335 extremis

236 1370 680 1438 periclitarenlur.

307 1459 364 1512 5.
406 1459 471 1511 Et
498 1458 611 1512 huic
641 1458 912 1527 perspicue
938 1457 1172 1513 declarat
1204 1458 1502 1527 Regnorum
1530 1456 1745 1511 historia
1774 1495 1792 1523 ,

236 1556 349 1600 tota
376 1548 529 1601 bellis
554 1556 835 1601 contexta:
859 1547 1141 1602 ostendunt
1159 1548 1283 1601 item
1305 1546 1571 1615 prephetaa
1591 1561 1793 1612 omnes,

235 1637 331 1703 qui
360 1637 469 1689 haec
489 1647 633 1706 gesta
667 1638 977 1703 narrabant,
1024 1646 1080 1693 et
1123 1644 1401 1706 antequam
1446 1635 1631 1690 ﬂerent
1659 1650 1796 1704 pra:-

235 1729 550 1782 nuntiabant
581 1747 593 1780 :
625 1739 679 1784 et
703 1744 769 1783 ex
798 1730 913 1794 illa,
964 1738 1017 1783 ut
1051 1729 1121 1783 ita
1146 1727 1314 1783 dicam
1338 1770 1353 1793 ,
1396 1729 1481 1784 die
1505 1744 1603 1798 qua
1629 1730 1795 1798 erepti

234 1828 362 1871 sunt
382 1833 448 1872 ex
473 1819 685 1889 Egypti
715 1818 1009 1887 tyrannide,
1026 1828 1188 1874 totam
1205 1819 1365 1873 vitam
1386 1819 1436 1874 in
1457 1819 1607 1875 bellis
1626 1828 1797 1875 trans-

232 1916 478 1975 egerunt.

310 1998 520 2067 Imperii
535 2009 693 2053 status
712 2017 824 2053 cum
851 2000 1226 2071 Chrysostomus
1246 2002 1541 2072 loqueretur.
1567 2002 1645 2057 De
1668 2002 1793 2057 bello

233 2091 377 2159 apud
414 2090 627 2159 populos
671 2092 995 2161 antiquiores.
1023 2123 1094 2133 —
1116 2093 1305 2147 Verum
1343 2109 1479 2148 nunc
1508 2108 1611 2149 non
1638 2095 1709 2148 ita
1735 2109 1794 2149 se

235 2196 328 2234 res
373 2180 573 2234 habet:
607 2181 698 2235 sed
743 2197 929 2251 magna
970 2198 1067 2251 pax
1108 2199 1199 2251 per
1242 2185 1442 2238 orbem.
1472 2184 1537 2238 Et
1577 2184 1619 2237 si
1658 2183 1793 2238 bella

234 2270 478 2337 quaedam
507 2272 748 2324 oriuntur
770 2312 785 2337 ,
816 2288 921 2325 non
946 2273 1163 2341 perinde
1193 2282 1247 2326 ut
1280 2275 1443 2341 prius.
1485 2273 1629 2327 Tunc
1652 2275 1793 2328 enim

232 2361 477 2414 civitates
508 2370 690 2413 contra
716 2362 953 2416 civitates
977 2402 992 2427 ,
1036 2362 1276 2431 regiones
1299 2374 1479 2417 contra
1518 2365 1788 2433 regiones,

234 2452 413 2519 populi
441 2461 624 2504 contra
647 2452 868 2519 populos
887 2452 1235 2521 confligebant
1264 2470 1277 2506 :
1305 2468 1431 2522 gens
1458 2470 1560 2508 una
1580 2456 1630 2509 in
1656 2455 1792 2509 mul-

234 2551 317 2594 tas
344 2549 523 2608 partes
544 2541 900 2594 scindebatur.
924 2544 999 2595 Ac
1020 2544 1063 2596 si
1086 2543 1204 2611 quis
1234 2544 1421 2597 librum
1442 2545 1599 2601 .losue
1623 2556 1674 2601 et
1697 2547 1790 2601 Ju-

230 2630 408 2683 dicum
436 2630 637 2697 legerit,
671 2631 801 2683 sciet
826 2641 952 2697 quot
980 2631 1112 2685 bella
1151 2633 1425 2687 Paltestina
1470 2634 1612 2689 brevi
1656 2645 1792 2690 tem-

232 2732 364 2785 pore
390 2720 702 2786 susceperit.
728 2718 907 2787 Neque
930 2720 979 2773 id
1006 2721 1173 2773 solum
1202 2722 1515 2777 incommodi
1538 2734 1671 2788 erat,
1700 2726 1792 2779 sed

230 2807 373 2875 quod
400 2807 481 2859 lex
512 2821 693 2859 omnes
720 2820 863 2858 arma
890 2822 1097 2860 sumere
1120 2807 1329 2875 juberet
1350 2848 1364 2872 ,
1406 2826 1664 2880 nemoque
1694 2813 1794 2866 im-

232 2895 412 2947 munis
438 2904 578 2947 esset
606 2909 633 2945 a
663 2893 751 2946 tali
773 2893 963 2947 ofﬁcio.
992 2894 1171 2965 Neque
1199 2906 1395 2950 tantum
1422 2900 1559 2967 apud
1585 2900 1793 2955 Judmos

233 2985 350 3038 hac
378 2984 461 3039 lex
489 2985 800 3046 invaluerat,
830 2985 921 3038 sed
948 2997 1000 3039 et
1023 2987 1212 3055 ubique
1245 2998 1497 3044 terrarum
1523 3007 1534 3042 :
1560 2993 1795 3060 quando-

230 3074 447 3141 quidem
483 3084 536 3128 et
579 3075 816 3128 rhetores
859 3083 912 3127 et
950 3075 1280 3144 philosophi,
1325 3080 1410 3147 qui
1451 3081 1577 3134 nihil
1604 3092 1794 3149 praeter

230 3164 462 3216 abollam
492 3165 779 3229 habebant,
818 3166 882 3219 ad
911 3166 1099 3220 bellum
1130 3170 1390 3233 accersiti,
1418 3172 1656 3239 clvpeum
1685 3183 1793 3227 tra-

231 3255 479 3317 ctabant,
506 3265 559 3308 et
585 3255 635 3307 in
666 3257 776 3309 acie
802 3256 1028 3310 stabant.
1059 3257 1189 3311 Nam
1230 3258 1479 3315 Socrates
1504 3262 1794 3330 Sophroni-

230 3344 311 3396 sci
342 3344 499 3406 ﬁlius,
531 3343 618 3411 qui
645 3344 713 3397 ob
728 3345 848 3397 vitae
877 3346 1304 3413 tranquillitatem
1329 3356 1383 3401 et
1411 3350 1792 3419 philosOphiam

231 3434 375 3502 apud
420 3435 769 3487 Athenienses
806 3436 1031 3490 maxime
1075 3436 1331 3500 ﬂorebat,
1361 3440 1524 3493 semel
1554 3452 1605 3495 et
1636 3442 1714 3495 bis
1741 3443 1793 3497 in

232 3525 350 3579 acie
384 3526 527 3578 stetit
555 3526 674 3593 (α).
724 3524 791 3577 Et
820 3526 1087 3579 rhetorum
1116 3526 1252 3596 apud
1279 3527 1395 3581 illos
1423 3528 1663 3599 princeps
1694 3533 1794 3585 De-

233 3615 542 3668 mosthenes
564 3632 628 3669 ex
656 3624 902 3684 suggestu
931 3616 995 3669 ad
1026 3617 1219 3671 bellum
1244 3632 1384 3686 saepe
1408 3620 1615 3687 prodiit.
1645 3622 1794 3689 Quod

231 3705 279 3757 si
316 3704 554 3758 rhetores
574 3715 625 3757 et
652 3704 992 3774 philosophos
1019 3707 1159 3759 nulla
1185 3707 1267 3761 lex
1294 3707 1554 3765 eximebat
1578 3726 1607 3764 a
1632 3713 1793 3780 bello,

232 3795 319 3848 vix
349 3796 465 3863 quis
496 3796 627 3848 alius
656 3810 685 3849 e
715 3796 905 3864 populo
931 3796 1018 3849 tali
1046 3796 1369 3852 immunitate
1410 3800 1685 3868 gaudebat.
1728 3806 1797 3856 At

235 3885 369 3939 nihil
421 3885 604 3937 horum
630 3885 737 3952 jam
765 3886 1073 3953 conspicere
1110 3894 1209 3941 est.
1250 3887 1507 3954 Quoniam
1546 3891 1686 3945 enim
1714 3892 1792 3945 sol

229 3976 447 4043 justitiai
473 3975 694 4039 refulsit,
725 3990 787 4029 ac
813 3976 1069 4041 civitates,
1106 3978 1278 4045 p0puli
1307 3988 1358 4033 et
1382 3990 1565 4049 gentes
1590 3997 1793 4048 omnes,

235 4076 439 4119 tantum
481 4065 629 4118 abest
671 4074 725 4118 ut
752 4066 802 4118 in
832 4065 1021 4118 talibus
1047 4067 1289 4134 periculis
1317 4069 1512 4132 vivant,
1542 4080 1597 4123 ut
1626 4087 1796 4140 neque

238 4158 424 4210 bellica
446 4170 590 4207 arma
623 4164 845 4209 tractare
867 4156 1053 4218 sciant,
1078 4156 1169 4209 sed
1188 4157 1320 4210 intra
1352 4159 1508 4213 urbes
1534 4168 1586 4214 et
1615 4176 1795 4216 muros

236 4248 505 4310 sedentes,
537 4246 671 4299 bella
694 4246 876 4314 procul
903 4257 1050 4315 gesta
1075 4247 1288 4300 audiant
1314 4252 1513 4303 narrari
1544 4251 1792 4318 (Malach.

236 4340 290 4391 ὁ.
319 4338 377 4404 2)
404 4353 415 4399 ;
446 4345 686 4403 totusque
707 4336 932 4403 pepulus
957 4336 1010 4389 in
1042 4338 1282 4391 libertate
1308 4339 1462 4404 vivat,
1495 4350 1547 4395 et
1573 4341 1623 4394 in
1650 4358 1797 4396 acer-

237 4428 291 4481 bi
325 4427 479 4495 hnjus
508 4426 781 4479 ministerii
812 4426 1155 4480 immunitate.
1190 4427 1341 4493 Quod
1366 4429 1408 4481 si
1438 4430 1629 4483 alicubi
1660 4447 1796 4486 nunc

238 4517 375 4570 bella
403 4524 681 4583 gerantur,
710 4528 771 4567 ea
800 4513 980 4582 procul
1004 4524 1125 4567 sunt
1151 4524 1205 4568 et
1234 4516 1282 4568 in
1305 4520 1558 4571 extremis
1592 4520 1796 4588 imperii

236 4607 461 4660 Ruinani
490 4604 760 4668 limitibus,
786 4619 889 4657 non
911 4620 1003 4672 per
1028 4605 1259 4675 singulas
1280 4608 1434 4662 urbes
1455 4616 1508 4663 et
1534 4612 1793 4679 regiones,

235 4710 293 4752 ut
318 4699 465 4751 olim.
519 4698 666 4750 Tunc
693 4696 831 4749 enim
856 4737 870 4761 ,
923 4705 977 4749 ut
1000 4697 1108 4765 jatn
1154 4697 1266 4750 dixi
1288 4736 1302 4761 ,
1334 4700 1413 4753 vel
1442 4701 1492 4754 in
1522 4716 1619 4754 una
1640 4714 1796 4771 gente

235 4792 529 4843 innumera:
552 4801 693 4853 saepe
723 4785 1007 4839 seditiones
1031 4786 1353 4852 oriebantur,
1373 4798 1426 4842 et
1454 4790 1658 4843 diversa
1688 4793 1797 4845 hel-

236 4884 283 4933 la
312 4897 324 4931 :
356 4893 496 4931 nunc
519 4886 693 4929 autem
720 4885 968 4942 quantum
1001 4886 1152 4929 terra:
1176 4878 1397 4944 spatium
1425 4879 1503 4931 sol
1533 4882 1743 4948 respicit
1766 4897 1799 4937 a

235 4970 449 5038 Tigride
480 4981 645 5034 usque
670 4966 734 5018 ad
768 4965 1091 5019 Britannicas
1126 4966 1356 5033 insulas,
1401 4970 1510 5037 ipsa
1560 4982 1666 5026 tota
1688 5012 1703 5036 ,
1745 4982 1799 5027 et

236 5078 356 5117 eum
392 5061 480 5113 illa
509 5059 702 5121 Africa,
733 5057 992 5127 [Egyptus
1019 5066 1070 5111 et
1098 5071 1226 5126 gens
1249 5058 1663 5125 Palu-simorum,
1692 5063 1799 5117 imo

234 5152 611 5225 quodcumque
632 5148 868 5202 Romano
893 5149 1116 5217 imperio
1137 5148 1391 5218 subjacet,
1419 5152 1468 5204 in
1488 5167 1613 5220 pace
1633 5153 1796 5223 degit.

299 5325 373 5382 (α)
391 5319 523 5378 Quod
549 5317 629 5382 hic
650 5316 819 5382 dicitur
836 5316 901 5382 de
922 5324 1111 5382 sacrate
1128 5320 1185 5367 ad
1210 5319 1390 5369 bellum
1413 5327 1626 5369 exeunte
1650 5320 1802 5370 habes

234 5377 365 5445 apud
399 5377 702 5431 Plutarchum
746 5380 793 5426 ln
831 5377 1111 5439 Alcibiade;
1154 5382 1385 5445 uhi___ille
1416 5382 1799 5445 philosophorum

237 5442 472 5506 princeps
483 5449 689 5506 strenue
708 5451 950 5506 pugnasse
973 5448 1207 5506 narratam.
1233 5442 1354 5506 Vide
1380 5444 1492 5490 item
1521 5444 1566 5491 in
1592 5442 1801 5506 Diogene

237 5499 436 5560 inertia,
461 5501 545 5549 lib.
566 5501 614 5553 2,
638 5501 718 5568 ubi
744 5508 795 5547 et
818 5499 1084 5568 Amphipoli
1107 5511 1157 5549 et
1182 5504 1395 5568 Potidmae
1420 5517 1655 5565 pugnasse
1676 5499 1801 5568 ilici-

236 5576 330 5615 lur.
360 5573 424 5611 De
450 5560 776 5625 Demosthene
816 5560 975 5625 etiam,
1013 5569 1063 5625 ut
1089 5575 1186 5625 non
1218 5560 1511 5625 adapugnan'i
1551 5565 1801 5612 admodum

236 5636 459 5677 strenuo.
481 5622 807 5689 testimonium
830 5621 1061 5671 Plutarchi
1086 5624 1133 5671 in
1152 5626 1256 5686 ejus
1271 5621 1561 5687 Vita'huhes,
1583 5628 1628 5674 in
1648 5639 1804 5689 pugna

232 5689 431 5740 scilicet
448 5684 510 5733 ad
525 5683 864 5734 Chaeroneam].

1903 468 2060 525 Scitis
2095 481 2269 527 autem
2301 491 2484 531 omnes
2523 478 2682 535 urbes
2725 480 2876 549 plena
2912 480 3012 538 frui
3046 482 3454 555 tranquillitate,

1902 562 2015 615 solo
2039 562 2217 617 auditu
2244 566 2378 618 bella
2403 568 2648 622 scientes.
2673 568 2885 623 Poterat
2907 580 3051 627 certe
3076 571 3313 628 Christus
3340 574 3452 629 belo

1904 649 2070 704 lorum
2096 652 2340 722 reliquias
2370 657 2572 728 tollere,
2595 658 2686 713 sed
2715 660 2951 727 permisit
2973 662 3039 715 ad
3060 664 3455 733 castigationem

1904 739 2211 807 ignavorum
2234 783 2248 806 ,
2283 744 2369 812 qui
2400 747 2541 811 pacis
2564 748 2839 803 occasione
2865 750 3133 818 segniores
3161 753 3443 819 evaserint,

1904 840 1959 883 ut
1975 828 2311 886 barbarorum
2328 833 2497 889 adhuc
2515 836 2836 893 incursiones
2855 846 3048 894 essent.
3071 840 3331 908 Propheta
3347 856 3461 897 cer-

1902 928 1955 972 te
1979 920 2042 973 ils
2070 922 2157 989 qui
2178 923 2340 991 probe
2366 924 2658 994 intelligere
2688 937 2901 994 possent
2924 927 2974 983 id
2998 929 3369 994 subindieavit,
3399 940 3452 984 ut

1902 1008 2027 1074 dixi,
2062 1025 2163 1063 non
2196 1011 2329 1065 ultra
2360 1012 2471 1067 fore
2496 1013 2611 1066 illas
2650 1014 2947 1083 frequentes
2972 1017 3071 1085 (a)
3112 1017 3451 1087 irruptiones.

1900 1097 2011 1152 Non
2039 1100 2175 1153 enim
2203 1101 2370 1168 dixit,
2404 1103 2518 1157 Non
2547 1105 2649 1158 erit
2672 1105 2886 1159 omnino
2911 1107 3137 1171 bellum;
3172 1108 3263 1161 sed
3291 1108 3454 1177 quid?

1901 1185 2020 1240 Non
2048 1191 2253 1259 accipiet
2275 1209 2393 1260 gens
2420 1202 2593 1246 contra
2615 1203 2807 1262 gentem
2835 1195 3091 1262 gladium;
3135 1206 3186 1251 et
3231 1199 3454 1266 populo-

1899 1292 2013 1330 rum
2036 1278 2329 1333 libertatem
2355 1282 2547 1348 adjecit
2583 1282 2795 1348 dicens,
2842 1282 2962 1336 Non
3005 1285 3190 1337 discent
3236 1288 3453 1355 amplius

1898 1370 2117 1438 prazliari
2141 1410 2158 1434 ,
2194 1371 2502 1439 quibusdam
2532 1373 2765 1442 exceptis
2790 1374 3041 1427 militibus
3066 1374 3133 1429 ad
3157 1375 3257 1429 hoc
3284 1377 3451 1431 desti-

1898 1459 2055 1511 natis.
2084 1459 2138 1513 5.
2163 1458 2227 1511 Et
2252 1476 2383 1512 nunc
2403 1471 2477 1526 tu,
2516 1463 2691 1516 domus
2713 1462 2870 1517 Jacob
2889 1502 2904 1527 ,
2934 1465 3122 1527 venite,
3154 1474 3201 1518 et
3228 1466 3453 1521 ambule-

1896 1560 2006 1598 mus
2024 1547 2076 1598 in
2104 1547 2290 1600 Iuntina
2306 1546 2526 1603 Domini.
2552 1550 2606 1604 6.
2632 1550 2833 1604 Dimisit
2850 1551 2979 1605 enim
3008 1554 3251 1622 populum
3276 1571 3443 1621 suum,

1897 1634 2097 1688 domum
2134 1635 2313 1690 Iacob.
2363 1639 2642 1709 Prophetia
2678 1641 2745 1695 de
2776 1641 3011 1697 Ecclesia
3032 1644 3141 1711 jam
3170 1643 3408 1699 absoluta
3433 1687 3450 1711 ,

1895 1738 2075 1779 rursus
2098 1725 2164 1779 ad
2192 1725 2462 1782 historiam
2488 1731 2710 1795 transit,
2764 1732 2911 1799 quasi
2947 1731 3225 1787 verborum
3261 1734 3450 1788 seriem

1895 1828 2187 1869 resumens.
2235 1816 2381 1872 Talis
2400 1818 2539 1872 enim
2570 1818 2671 1874 illis
2698 1833 2813 1873 mos
2849 1828 2999 1887 erat,
3046 1836 3152 1874 non
3190 1822 3451 1877 dictorum

1895 1907 2141 1965 firmitate
2167 1909 2245 1979 (b)
2271 1920 2489 1976 tantum,
2518 1911 2610 1966 sed
2631 1913 2789 1965 etiam
2820 1912 2972 1967 seriei
2995 1912 3199 1967 ratione
3225 1913 3453 1982 pr0phe-

1892 2000 2018 2052 tiam
2054 1999 2388 2056 adumbrare.
2429 2002 2757 2070 Quapropter
2796 2016 2899 2056 non
2939 2002 3235 2057 asbolutum
3267 2005 3446 2071 explet

1892 2101 2209 2154 sermonem,
2237 2089 2329 2143 sed
2358 2090 2504 2158 quasi
2524 2090 2750 2159 aliquam
2778 2092 2949 2144 trahat
2977 2100 3249 2157 catenam,
3280 2093 3357 2145 sic
3380 2092 3445 2145 ad

1895 2176 2194 2231 Judaeorum
2223 2179 2628 2233 admonitionem
2668 2196 2874 2234 rursum
2914 2183 3133 2248 transit,
3162 2192 3216 2236 et
3244 2184 3317 2236 ait
3343 2202 3355 2236 :
3383 2183 3452 2236 Et

1893 2281 2024 2317 nunc
2049 2275 2122 2331 tu,
2150 2271 2325 2319 domus
2344 2265 2502 2321 Iacob
2521 2310 2536 2331 ,
2563 2268 2751 2335 venite,
2776 2278 2822 2321 et
2850 2270 3151 2322 ambulemus
3177 2270 3227 2321 in
3267 2271 3453 2323 lumine

1894 2353 2138 2418 Domini;
2166 2355 2215 2408 id
2245 2366 2345 2423 est,
2378 2357 2427 2409 in
2454 2358 2728 2425 praeceptis
2756 2350 2891 2426 ejus,
2920 2359 2973 2412 in
3005 2358 3117 2427 lege
3138 2360 3250 2425 ejus
3283 2378 3295 2413 :
3326 2376 3444 2414 nam

1893 2442 2206 2511 Praeceptum
2236 2443 2357 2514 legis
2383 2458 2454 2499 est
2483 2446 2702 2511 lucerna,
2727 2459 2772 2499 et
2799 2448 2886 2500 tua:
2912 2457 2957 2501 et
2985 2449 3105 2513 vita,
3131 2451 3449 2517 reprehensio

1891 2544 1937 2585 et
1963 2534 2228 2603 disciplina
2272 2534 2460 2604 (Prov.
2505 2537 2558 2589 6.
2600 2536 2737 2606 25);
2786 2536 3051 2605 Davidque
3095 2553 3301 2592 rursum
3330 2541 3446 2593 ait:

1896 2622 2207 2692 Prweeptum
2233 2623 2437 2677 Domini
2474 2626 2692 2678 lucidum
2715 2666 2731 2691 ,
2762 2626 3051 2681 illuminans
3078 2630 3248 2692 oculos
3267 2630 3284 2697 (
3306 2628 3448 2684 Psal.

1896 2712 1980 2765 18.
2003 2709 2071 2779 9)
2097 2727 2111 2776 ;
2143 2720 2198 2766 et
2216 2752 2229 2779 ,
2259 2712 2483 2765 Lucerna
2504 2713 2707 2781 pedibus
2733 2716 2851 2767 meis
2874 2715 2954 2767 lea:
2981 2724 3092 2781 tua,
3115 2725 3159 2767 et
3185 2716 3350 2769 lumen
3370 2732 3449 2769 se-

1894 2802 2024 2854 mitis
2052 2803 2170 2854 meis
2209 2800 2386 2871 (Psal.
2419 2803 2537 2856 118.
2572 2802 2723 2872 105).
2758 2803 2822 2856 Et
2851 2804 3038 2872 ubique
3066 2804 3230 2873 legem
3261 2805 3328 2858 ita
3354 2821 3448 2858 vo-

1893 2891 1999 2943 cari
2044 2891 2345 2959 perspicias.
2388 2892 2474 2946 Sic
2507 2903 2560 2945 et
2601 2892 2790 2944 Paulus
2827 2894 2901 2944 ait
2936 2890 3200 2958 :Con/idis
3238 2893 3451 2959 teipsum

1892 2996 1997 3033 esse
2020 2981 2190 3033 ducent
2217 2997 2478 3046 cwcorum,
2508 2981 2673 3033 lumen
2697 2996 2865 3033 eorum
2894 2980 2978 3048 qui
3004 2981 3055 3032 in
3081 2980 3288 3032 tenebris
3312 2991 3447 3043 sunt,

1893 3070 2187 3122 eruditorem
2223 3070 2555 3138 insipientium
2583 3071 2601 3139 (
2627 3067 2774 3121 Rom.
2807 3068 2861 3120 2.
2892 3068 2974 3122 19.
2999 3067 3126 3137 20).
3164 3067 3278 3120 NOII
3308 3069 3447 3121 enim

1892 3162 1961 3214 ita
1993 3161 2191 3215 solares
2219 3162 2350 3214 radii
2380 3173 2661 3228 corporeus
2691 3168 2898 3213 nostros
2920 3160 3102 3213 oculos
3127 3170 3314 3228 regunt
3332 3199 3347 3226 ,
3393 3171 3445 3215 ut

1894 3260 2151 3320 pra-cepta
2179 3251 2309 3319 legis
2331 3251 2517 3304 animae
2543 3249 2721 3303 oculos
2752 3249 3030 3302 illustrant.

1962 3342 2013 3396 6.
2030 3339 2289 3408 Propheta
2316 3340 2469 3407 igitur
2486 3347 2541 3391 ut
2554 3338 2798 3392 ostendat
2816 3338 2971 3391 etiam
2996 3346 3117 3391 ante
3140 3338 3439 3406 praemium,

1894 3442 1948 3486 et
1985 3439 2110 3485 ante
2139 3430 2457 3494 mercedem,
2486 3436 2767 3497 praecepta,
2797 3426 2922 3481 dum
2960 3427 3262 3495 implentur,
3292 3441 3445 3480 suam

1894 3521 2083 3575 alierre
2111 3521 2429 3585 mercedem,
2461 3520 2637 3572 lumen
2669 3518 2780 3585 ipsa
2820 3517 3048 3570 vocavit.
3098 3516 3449 3583 Quemadmo-

1894 3613 2018 3667 dum
2035 3612 2175 3666 enim
2190 3612 2390 3676 oculus,
2414 3610 2536 3663 dum
2562 3609 2905 3672 illuminatur,
2928 3608 3131 3660 lucrum
3158 3606 3351 3659 refert:
3371 3606 3449 3660 sic

1895 3713 1949 3758 et
1976 3702 2172 3767 anima,
2200 3717 2318 3755 cum
2364 3700 2463 3768 legi
2510 3699 2872 3766 obtemperat,
2900 3695 3183 3749 maximum
3224 3695 3447 3747 fructum

1896 3795 2104 3863 accipit,
2138 3800 2422 3861 expurgatu
2444 3799 2497 3844 et
2518 3805 2547 3842 a
2574 3787 2804 3857 nequitia
2827 3788 3066 3851 liberata,
3098 3793 3152 3838 et
3180 3784 3244 3837 ad
3281 3784 3448 3851 ipsam

1896 3886 2188 3941 ascendens
2250 3885 2492 3937 virtutem
2542 3899 2557 3935 :
2608 3877 3049 3948 quemadmodum
3106 3890 3136 3929 e
3182 3874 3448 3928 contrario

1897 3976 2324 4046 praevaricatores
2344 3982 2465 4025 ante
2482 3970 2792 4038 supplicium
2825 3969 2874 4019 in
2903 3968 3011 4034 ipsa
3034 3962 3449 4032 transgressione

1898 4082 2080 4137 poenas
2108 4065 2234 4119 dant
2256 4105 2271 4128 ,
2301 4061 2683 4128 miserioreque
2711 4055 3015 4110 conditione
3046 4064 3199 4115 sunt,
3226 4068 3381 4120 quain
3414 4050 3448 4102 ii

1896 4161 1982 4230 qui
2006 4158 2192 4212 sedent
2214 4157 2263 4209 in
2296 4154 2549 4217 tenebris,
2579 4154 2788 4211 timore,
2816 4156 3045 4200 tremore
3065 4152 3118 4198 et
3145 4143 3279 4195 mala
3322 4157 3451 4194 one-

1896 4250 1994 4302 rati
2023 4247 2375 4309 conscientia,
2408 4244 2460 4297 in
2508 4240 2729 4296 meridie
2755 4239 2911 4293 etiam
2961 4235 3029 4288 ab
3063 4231 3307 4287 omnibus
3337 4247 3448 4284 me-

1900 4350 2105 4394 tuentes
2149 4348 2203 4393 et
2248 4345 2556 4400 trementes,
2598 4334 2708 4385 sive
2750 4329 2977 4384 consciis
3020 4326 3149 4388 sibi,
3187 4325 3299 4378 sive
3343 4339 3448 4376 non

1896 4431 2142 4485 consciis.
2174 4427 2374 4481 Dimisit
2403 4429 2532 4480 cnim
2571 4423 2809 4492 populum
2838 4436 3000 4483 suum,
3030 4417 3232 4470 domum
3268 4414 3449 4479 Jacob,

1899 4524 1949 4577 id
1972 4531 2069 4584 est,
2103 4522 2256 4586 sivit,
2288 4518 2506 4582 dimisit,
2536 4513 2870 4580 contempsit,
2899 4524 3096 4579 suaque
3124 4506 3450 4576 providentia

1898 4614 2167 4681 Spoliavit.
2197 4610 2392 4665 Deinde
2423 4610 2485 4661 iis
2515 4602 2920 4675 perterrefaclis,
2953 4613 3166 4653 causam
3198 4596 3369 4658 affert,
3397 4606 3451 4648 ut

1899 4703 1973 4756 illi
2001 4714 2147 4772 gesta
2177 4716 2270 4755 sua
2310 4697 2612 4753 emendent.
2644 4692 2771 4759 Qua:
2807 4690 2965 4759 igitur
2990 4702 3146 4742 causa
3173 4686 3291 4739 est?
3322 4685 3453 4750 Quia

1898 4796 2098 4863 impleta
2126 4800 2197 4845 est
2235 4800 2361 4843 terra
2390 4802 2560 4839 eorum
2587 4782 2840 4850 auguriis,
2876 4788 2928 4831 ut
2980 4788 3111 4831 terra
3150 4774 3453 4843 alienigena-

1898 4862 2029 4939 rum.
2064 4883 2213 4937 Prius
2265 4880 2385 4932 illos
2433 4876 2500 4930 de
2542 4871 2883 4941 cauponaria,
2915 4868 2980 4921 de
3023 4865 3243 4920 avaritia
3288 4872 3342 4917 et
3386 4862 3453 4916 de

1899 4976 2171 5029 viduarum
2217 4974 2523 5036 contemptu
2564 4961 2845 5017 accusabat
2875 4978 2887 5012 :
2918 4956 3004 5011 hic
3030 4971 3157 5010 vero
3204 4953 3332 5022 ipsis
3362 4968 3454 5006 ex-

1961 5131 2031 5192 (a)
2052 5128 2106 5192 in
2123 5132 2297 5192 Graeco,
2315 5128 2363 5169 ac
2385 5123 2674 5192 aquiliforro
2698 5111 2829 5192 illud,
2844 5119 2892 5160 sc
2903 5101 3455 5192 fatlﬂﬂindet'u;

1900 5169 2039 5241 modo
2058 5169 2467 5244 'i-nt'elligi'posse',
2510 5185 2713 5244 sessim
2744 5187 2881 5241 novata,
2900 5169 3171 5244 per-breuia
3188 5172 3455 5244 temporum

1899 5230 2488 5312 ῖῶεῖιὶέέιῖβὲηάεηισίς
2509 5237 2607 5312 μιν
2625 5230 3455 5312 si:essescissumque?

1901 5287 2428 5363 amentiis,”
2452 5287 2717 5363 u'rbes,_per
2741 5287 2927 5363 urbium
2960 5287 3186 5363 factiones
3199 5287 3453 5363 "ditftijf.

1904 5354 2273 5436 iit-supradixit.
2298 5354 2542 5410 ualuimus
2563 5354 2768 5436 priorem
2786 5354 2925 5436 sequi
2952 5354 3454 5436 εξῃιξέξιίξειέᾄιριέδξζ

1902 5408 2364 5498 iiiéiii'iaﬁe
2387 5432 2533 5468 sensu
2564 5408 2670 5465 htec
2693 5408 2875 5477 possini
2898 5410 3144 5473 explicari.
3172 5408 3350 5457 Verum
3373 5418 3457 5454 res

1906 5487 1981 5548 ὁδί
2003 5487 2393 5557 P3",".i-m0mc.mi'
2450 5541 2551 5557 λαμ
2586 5544 2715 5557 ---μη
2766 5533 3040 5557 μεμυωὶιηο.
3086 5543 3169 5557 πει-η
3223 5527 3278 5557 ἦν

1972 5527 2555 5618 ἱιῖ)““ιλίίιὲἐὶἧέἔῖἒὲέιιε¹ιιιξι
2574 5527 3455 5618 ,υιέιθξιρέξὶἕνὲιξεξλ.Βεθείἱξζπέἔῆίέέ

1908 5620 1957 5669 Id
1972 5592 2307 5666 ‘Jérigissiias
2327 5592 2435 5655 esse
2460 5592 2667 5653 videtur.
2691 5592 2781 5648 sed
2795 5598 2901 5647 sine
2925 5592 3144 5643 Codicum
3171 5592 3459 5640 auctoritate

1908 5680 2021 5731 nihil
2045 5683 2295 5726 mutamus.
