4156 6312
718 363 789 417 35
1465 348 1521 406 8.
1554 347 1822 404 JOANNIS
1858 345 2325 403 CIIRYSOSTOMI
2365 347 2676 404 ARCIIIEP.
2716 350 3240 414 CONSTAN'UNOP.
3867 379 3935 434 36

709 462 921 526 probrat
946 475 1106 532 prava
1137 461 1403 531 dogmata,
1431 471 1486 515 et
1512 461 1796 530 impietatis
1833 461 2111 528 reliquias,
2144 474 2261 528 qua:

709 550 958 617 paulatim
990 551 1136 618 ipsos
1162 552 1227 604 ad
1254 552 1557 606 daemonum
1583 565 1866 606 erroneum
1905 551 2105 605 cultum
2145 566 2264 619 per-

709 639 1007 692 trahcbant.
1040 639 1155 694 Mox
1203 641 1323 694 illos
1351 641 1644 703 incessens,
1675 654 1780 693 non
1817 639 1974 694 modo
2001 639 2132 692 dicit
2171 653 2263 692 eos

708 730 938 798 auguriis
960 746 1178 800 operam
1209 731 1369 795 dare,
1400 729 1493 784 sed
1525 731 1779 798 repletam
1805 729 1870 783 iis
1908 743 2026 783 esse
2069 737 2260 782 terram

706 833 888 872 eorum
916 819 1068 889 (Isui.
1104 822 1151 874 l.
1181 822 1254 889 ι).
1289 820 1458 887 Supra
1515 820 1727 874 modum
1750 860 1765 885 ,
1809 819 2005 888 inquit,
2036 820 2264 873 accrevit

707 910 936 978 nequitia
974 925 1180 965 eorum.
1212 909 1666 974 Quemadmodum
1693 923 1852 977 supra
1897 907 2106 962 dicebat
2127 949 2142 974 ,
2171 925 2264 978 po-

708 999 926 1068 pulum,
980 1014 1085 1054 non
1137 1008 1424 1069 utcumque
1473 1008 1839 1070 peccatorem,
1886 998 1976 1052 sed
2051 999 2261 1068 plenum

708 1091 968 1156 peccatis;
990 1090 1067 1143 sic
1097 1099 1150 1143 et
1176 1089 1276 1144 hoc
1306 1090 1424 1145 loco
1449 1131 1464 1155 ,
1498 1089 1709 1159 Repleta
1737 1097 1826 1142 est.
1855 1088 2056 1144 Exinde
2080 1103 2263 1144 rursus

705 1179 954 1246 probrum
1008 1179 1335 1247 amplificans
1389 1179 1627 1244 addidit,
1661 1178 1804 1232 Sicut
1847 1195 1880 1232 a
1924 1180 2188 1248 principio.
2219 1181 2262 1233 Α

706 1272 952 1340 principio
972 1312 986 1335 ,
1016 1272 1390 1341 quandonam'l
1415 1270 1634 1336 Quando
1656 1271 1820 1324 Deum
1847 1270 2079 1324 nondum
2105 1285 2264 1327 nove-

708 1371 856 1424 rant,
889 1364 1100 1432 quando
1144 1363 1312 1431 legem
1364 1361 1597 1416 nondum
1651 1371 2008 1428 acceperant,
2052 1361 2264 1428 quando

707 1454 1082 1508 beneﬁciorum
1109 1455 1223 1522 ejus
1253 1452 1631 1522 experientiam
1684 1451 1910 1512 nondum
1960 1451 2261 1518 habebant,

703 1548 912 1614 quando
926 1562 1046 1600 cum
1071 1547 1318 1616 gentibus
1335 1547 1598 1612 vivebant,
1616 1545 1754 1614 quod
1777 1555 2026 1599 extrema:
2046 1545 2265 1598 damna-

704 1637 865 1691 tionis
899 1646 1036 1701 erat,
1062 1637 1202 1705 quod
1233 1651 1337 1690 non
1368 1637 1554 1690 melius
1581 1645 1708 1690 tunc
1733 1650 1792 1690 se
1825 1634 2114 1701 haberent,
2147 1641 2266 1702 post

704 1737 900 1782 tantam
923 1728 1304 1797 providentiam
1333 1739 1386 1782 et
1415 1738 1610 1782 tantam
1638 1728 2073 1792 sollicitudinem,
2105 1741 2262 1796 quam

704 1820 738 1872 ii
785 1819 873 1887 qui
917 1820 1047 1874 nihil
1073 1835 1258 1874 eorum
1296 1821 1607 1890 consequuti
1651 1830 1822 1874 erant.
1875 1820 1980 1875 Sed
2022 1834 2127 1874 non
2181 1820 2267 1873 hic

701 1910 1058 1972 stetit,verum
1084 1910 1258 1963 denuo
1280 1910 1716 1979 perterrefaciens
1739 1925 1833 1964 eos
1857 1910 2086 1980 adjecit:
2109 1910 2266 1975 Quasi

703 2009 837 2051 terra
879 1999 1271 2068 alienigenarum
1298 2015 1318 2053 :
1363 1999 1462 2054 hac
1504 2001 1901 2069 comparatione
1969 2001 2265 2069 graviorem

703 2088 1094 2143 accusationem
1148 2103 1360 2157 parans.
1412 2089 1560 2157 Quod
1613 2099 1667 2144 et
1722 2090 1912 2144 Paulus
1966 2091 2267 2160 frequenter

703 2179 879 2233 facere
927 2180 1097 2243 solet;
1129 2191 1185 2234 ut
1229 2189 1283 2234 et
1330 2181 1542 2250 quando
1589 2182 1752 2236 dicit:
1789 2181 1866 2234 De
1915 2180 2267 2236 dormientibus

698 2283 864 2325 autem
890 2272 1006 2326 nolo
1033 2289 1116 2326 vos
1139 2275 1371 2343 ignorare
1391 2313 1406 2339 ,
1435 2274 1639 2340 fratres,
1669 2283 1724 2326 ut
1753 2290 1851 2327 non
1884 2272 2261 2340 contrislemini,

699 2363 828 2414 sicut
852 2372 897 2415 et
922 2364 1088 2416 caueri
1113 2365 1197 2431 qui
1234 2379 1374 2431 spem
1419 2380 1518 2416 non
1553 2363 1730 2417 habent
1750 2363 1825 2433 (l.
1857 2363 2030 2418 Thess.
2057 2365 2110 2419 4.
2137 2363 2260 2434 12);

701 2468 764 2504 ac
795 2467 1005 2504 rursum
1038 2471 1050 2504 :
1088 2452 1155 2506 Ut
1198 2455 1321 2504 sciat
1369 2454 1704 2521 unusquisque
1745 2463 1958 2505 vestrum
2007 2469 2092 2505 vas
2120 2469 2266 2505 suum

701 2544 954 2613 possidere
977 2548 1027 2595 in
1057 2545 1450 2612 sanctiﬁcatione
1475 2555 1521 2598 et
1559 2545 1776 2609 honore,
1806 2560 1905 2597 non
1943 2546 1996 2597 in
2036 2545 2267 2612 passione

702 2636 937 2687 desiden'i
965 2634 1124 2696 (Ibid.
1153 2649 1198 2686 υ.
1224 2636 1296 2702 4).
1331 2634 1510 2704 Neque
1553 2633 1653 2688 hoc
1703 2642 1980 2688 contentus
2009 2634 2136 2698 init,
2171 2633 2265 2688 sed

699 2724 896 2792 adjecit
916 2741 926 2773 :
950 2724 1384 2784 Quemadmodum
1411 2734 1456 2777 et
1485 2724 1691 2794 reliqua:
1711 2734 1877 2793 gentes
1899 2740 2009 2792 qua:
2031 2726 2264 2793 ignorant

705 2813 867 2866 Deum
889 2813 1048 2882 (Ibid.
1078 2831 1124 2865 υ.
1154 2813 1232 2882 5).
1264 2813 1359 2867 llic
1385 2813 1580 2882 quippe
1612 2814 1800 2868 modus
1828 2816 2090 2868 sermonis
2118 2829 2262 2867 mor-

701 2905 830 2958 dere
856 2906 992 2958 solet
1019 2905 1184 2957 etiam
1213 2919 1307 2958 eos
1333 2905 1420 2973 qui
1457 2904 1742 2958 admodum
1771 2904 1902 2974 lapsi
1935 2914 2077 2958 sunt.
2111 2905 2261 2969 Quod

699 2994 744 3048 si
790 2993 956 3047 Juda-i
995 2995 1062 3049 de
1114 2995 1304 3047 talibus
1346 3003 1681 3056 accusantur,
1714 3009 1867 3061 quam
1920 3008 2015 3048 nos
2051 2995 2262 3048 veniam

699 3101 1109 3154 consequemur,
1132 3101 1288 3154 quam
1333 3084 1718 3149 defensionem,
1751 3083 1838 3152 qui
1891 3093 2009 3152 post
2062 3093 2262 3138 tantam

699 3176 921 3245 gratiam
952 3183 1008 3227 ct
1037 3173 1356 3228 ineffabilem
1390 3173 1668 3236 honorem,
1698 3187 1952 3241 spemque
1985 3175 2261 3228 immorta-

700 3268 802 3319 lem
829 3306 844 3329 ,
894 3267 944 3319 in
999 3280 1208 3334 parem,
1263 3280 1420 3332 quam
1471 3265 1565 3326 illi,
1607 3263 1900 3318 decidimus
1942 3264 2174 3334 inopiam
2201 3266 2262 3319 ιτ

698 3357 840 3410 Multi
866 3371 1091 3426 namque
1112 3355 1219 3423 jam
1248 3364 1403 3420 sunt,
1433 3356 1519 3424 qui
1553 3354 1652 3408 hoc
1677 3355 1860 3408 morbo
1890 3354 2149 3421 laborant,
2173 3357 2262 3426 qui

702 3448 865 3500 vitam
914 3461 1065 3499 suam
1117 3445 1462 3509 labefactant,
1496 3445 1580 3513 qui
1631 3459 1885 3513 augurum
1937 3443 2156 3498 insania:
2203 3460 2262 3499 se

697 3538 918 3601 dedunt,
943 3537 1213 3603 Deumque
1234 3534 1525 3597 oll'endunt,
1543 3544 1596 3586 et
1622 3534 1916 3603 superfluos
1937 3534 2147 3587 dolores
2163 3535 2260 3587 sibi

699 3627 1167 3694 lucrantur,atque
1194 3628 1244 3678 in
1273 3625 1542 3678 laboribus
1572 3640 1666 3692 pro
1693 3629 1886 3678 virtute
1909 3626 2260 3693 suscipiendis

695 3717 1079 3772 disSolvunlttt‘.
1110 3715 1221 3768 Hoc
1261 3715 1404 3768 enim
1449 3717 1665 3768 omnino
1705 3724 1855 3767 curat
1910 3714 2173 3779 diabolus,
2205 3724 2262 3767 ut

699 3808 1151 3879 insipientioribus
1179 3806 1433 3868 suadeat,
1463 3822 1567 3860 non
1601 3821 1762 3874 penes
1794 3820 1852 3860 se
1883 3821 2001 3860 esse
2038 3815 2127 3860 aut
2159 3806 2260 3859 vir-

698 3909 865 3955 tutcm
914 3909 1005 3952 aut
1051 3896 1444 3965 improbitatem
1494 3897 1679 3961 adire,
1708 3911 1878 3965 neque
1918 3911 1978 3950 se
2021 3895 2260 3950 libertate

699 3989 927 4059 quadam
955 3987 1160 4042 arbitrii
1193 3987 1483 4041 honoratos
1511 4001 1650 4050 esse,
1679 3985 1790 4039 lucc
1818 3985 1923 4038 duo
1957 3986 2260 4054 turpissima

699 4082 956 4150 perlicere
986 4080 1200 4144 volens,
1224 4088 1283 4132 ut
1312 4080 1523 4132 labores
1553 4091 1648 4146 pro
1677 4077 1870 4131 virtute
1896 4077 2260 4145 suscipiendos

701 4173 903 4238 solvat,
935 4181 989 4225 et
1014 4172 1300 4225 maximum
1344 4170 1469 4224 illud
1509 4169 1766 4224 libertatis
1790 4168 1987 4222 donum
2032 4168 2256 4223 auferat.

701 4264 810 4316 lloc
839 4277 934 4330 per
963 4263 1205 4331 auguria,
1237 4262 1336 4316 hoc
1365 4276 1456 4330 per
1477 4261 1656 4313 omina
1685 4258 1760 4330 (a)
1781 4299 1796 4322 ,
1829 4259 1928 4313 hoc
1954 4275 2047 4329 per
2073 4260 2259 4312 obscr~

699 4354 964 4405 vationem
991 4353 1218 4416 dierum,
1251 4352 1350 4405 hoc
1380 4368 1473 4419 per
1505 4368 1720 4420 pravum
1752 4352 1838 4404 fati
1867 4352 2055 4421 dogma
2076 4392 2092 4416 ,
2119 4352 2258 4406 hunc

699 4460 916 4513 gravem
955 4444 1196 4497 morbum
1248 4459 1342 4511 per
1378 4445 1480 4497 alia
1528 4445 1690 4496 multa
1723 4446 1774 4496 in
1819 4445 1979 4498 vitam
2023 4445 2254 4509 invexit,

763 4625 778 4652 ⁸
807 4621 1054 4686 ln_t‘.rteco,
1074 4632 1158 4681 πρὸς
1182 4634 1245 4678 τήν
1267 4632 1376 4678 εἴη-ἧν
1407 4632 1546 4674 ιιιὶνροις
1580 4632 1724 4686 tuturis
1741 4644 1855 4674 σοντις
1877 4631 2008 4667 πινὶαν.
2033 4625 2166 4686 f‘ulat
2181 4618 2259 4665 ΛΙ-

699 4683 840 4731 leuus
863 4682 1124 4743 legendum
1148 4695 1263 4748 esse
1283 4681 1754 4748 «manucquitiattt,
1772 4693 1864 4748 non
1881 4692 2012 4748 sigla»,
2033 4681 2257 4748 iuppimn.

697 4749 750 4791 Et
793 4739 1109 4801 vere'xmptu
1139 4743 1332 4790 omnino
1373 4739 1638 4801 desiderari
1665 4740 1890 4801 videtur.
1932 4747 2041 4787 Nam
2079 4739 2156 4786 hic
2195 4743 2260 4790 ait

698 4798 1058 4870 Chrysostomus
1082 4817 1092 4850 :
1128 4803 1258 4861 Quod
1283 4801 1325 4850 si
1346 4800 1507 4849 Judaai
1529 4803 1588 4870 de
1611 4798 1778 4870 talibus
1800 4807 2096 4870 accusatum,
2114 4812 2261 4870 quam

696 4878 780 4913 nos
797 4862 985 4929 ueniam
1008 4875 1359 4929 consequemur,
1385 4875 1528 4929 quam
1551 4862 1881 4922 defensionem,
1905 4862 1987 4929 qui
2022 4867 2122 4923 post
2153 4865 2261 4929 Itan-

695 4934 794 4989 tam
815 4925 1020 4986 gratiam
1043 4930 1086 4971 ct
1109 4921 1405 4989 inemtbilem.’
1420 4921 1660 4989 hmtorem,
1683 4933 1903 4989 spemque
1926 4921 2256 4989 immortalem,

695 4986 745 5047 in
788 4981 953 5047 p'arem
987 4997 1126 5045 quam
1169 4981 1244 5047 illi
1288 4981 1552 5031 decidimus
1587 4981 1715 5047 ξυνίετ’
1740 4981 1834 5030 sive
1865 4983 2070 5047 εονηρίανζ)
2102 4983 2160 5047 Id_
2187 4991 2261 5047 est

695 5043 921 5104 inopiam,
935 5043 1016 5092 aut
1038 5044 1310 5103 nequitiam.
1325 5051 1430 5091 Utra
1456 5057 1572 5090 vero
1595 5043 1737 5091 lectio
1758 5043 2131 5104 magisquadret
2152 5045 2260 5093 hinc

699 5102 1035 5166 pempicietur,
1059 5102 1116 5153 si
1141 5106 1444 5166 advertamus
1485 5105 1560 5151 hic
1602 5104 1693 5166 sibi
1718 5102 1856 5166 velle
1877 5102 2260 5166 Chrysostomnm

697 5163 784 5214 nos
807 5163 1038 5225 inparem
1063 5175 1208 5227 atque
1250 5164 1398 5212 Jndzri
1429 5172 1601 5212 statum
1623 5163 2136 5227 decidere.AQuis_vero
2176 5165 2260 5213 ille

697 5235 849 5274 status
869 5223 977 5274 est?
1004 5227 1093 5275 Ille
1117 5223 1240 5274 haud
1272 5227 1418 5273 dubie
1442 5227 1486 5272 in
1511 5239 1656 5286 quem
1678 5237 1820 5287 supra
1840 5224 1960 5272 dixit
1989 5223 2260 5287 Chrysosto-

697 5300 804 5334 mus
839 5287 1062 5348 delapsos
1092 5287 1279 5335 Judaeos
1303 5299 1430 5342 esse,
1465 5289 1511 5334 in
1528 5285 1872 5348 ’cauponariam
1896 5285 2236 5348 nempe,avari
2247 5312 2261 5322 -

701 5348 830 5404 tiam,
853 5346 1127 5408 doginatum
1167 5349 1551 5407 perversitatem,
1596 5347 1896 5409 praestigias:
1934 5346 2108 5406 quibus
2141 5361 2260 5409 pne-

700 5409 860 5454 missis
881 5407 1000 5456 sane
1026 5409 1212 5456 videtur
1237 5422 1384 5468 πονηρία
1407 5410 1558 5468 magis
1588 5407 1840 5467 quadrare,
1864 5417 2004 5468 quam
2027 5407 2153 5456 τινῑαξ
2177 5409 2261 5456 Λι-

699 5475 857 5530 tamen
882 5468 1226 5529 exemplarium
1250 5465 1460 5515 omnium
1483 5465 1764 5516 auctet-hate
1787 5465 1914 5525 moti,
1937 5465 2060 5516 hanc
2082 5477 2262 5530 postre-

698 5541 822 5573 mam
845 5527 1100 5577 lectionem
1123 5530 1314 5589 sequuti
1335 5541 1513 5576 sumus.

763 5589 836 5646 (η)
867 5592 982 5645 Quid
1007 5592 1104 5638 sint
1144 5586 1222 5637 illa
1244 5591 1418 5645 omina,
1457 5589 1670 5648 pluribus
1707 5587 1789 5635 ille
1817 5586 2025 5648 explicat
2049 5590 2093 5637 in
2126 5590 2258 5640 Cate-

698 5647 840 5710 cln‘si
872 5651 1083 5698 secunda
1125 5651 1183 5698 ad
1209 5647 1552 5710 illuminandos,
1583 5657 1715 5699 'I‘om.
1742 5649 1803 5698 ll.
1847 5647 1926 5697 Ubi
1965 5657 2093 5700 totus
2131 5652 2261 5701 locns

698 5719 805 5756 etuti
831 5709 918 5758 hoc.
939 5711 1258 5760 confercndus
1278 5719 1369 5758 est.

2370 459 2570 514 nullam
2602 461 2666 514 ad
2699 461 2797 517 hoc
2822 477 2928 516 non
2969 464 3264 522 machinant
3307 483 3542 525 movens.
3572 472 3928 540 Quamobrem

2369 549 2621 616 pmpheta
2675 551 3014 607 vehementer
3058 554 3218 610 instat
3265 559 3548 627 incusans,
3577 572 3634 617 ut
3684 569 3927 622 morbum

2367 639 2616 694 radicitus
2636 640 2844 695 evellat.
2876 641 2937 694 Et
2963 644 3060 710 ﬁlii
3084 647 3228 699 multi
3253 649 3544 719 alienigeth
3565 654 3669 705 nati
3693 666 3810 709 sunt
3837 659 3926 711 eis.

2437 729 2488 781 7.
2530 728 2664 793 Quid
2701 739 2800 794 est,
2829 729 2951 784 Filii
2974 734 3311 805 alienigena?
3340 738 3443 793 Lex
3490 740 3592 795 illis
3637 753 3752 797 erat
3797 746 3927 802 olim

2368 819 2468 872 lata
2520 831 2738 888 propter
2779 823 2942 876 animi
2986 823 3352 894 fragilitatem,
3383 840 3437 886 et
3477 843 3705 888 mentem
3754 836 3928 893 fraudi

2367 919 2749 977 opportunam,
2805 921 2862 965 ut
2907 928 3027 967 cum
3081 918 3227 970 nullo
3277 921 3596 990 reliquorum
3651 924 3929 982 hominum

2366 996 2674 1051 affinitatem
2721 1002 3133 1069 contraherent,
3175 1022 3241 1060 ne
3296 1009 3595 1078 huiusmodi
3639 1015 3930 1070 afﬁnitates

2368 1081 2652 1153 impietatis
2683 1087 2811 1156 ipsis
2835 1093 3045 1147 occasio
3071 1105 3269 1150 essent.
3299 1097 3428 1165 Quia
3457 1101 3597 1156 enim
3628 1119 3732 1158 non
3763 1105 3930 1161 modo

2367 1175 2499 1226 alios
2523 1177 2790 1245 corrigere
2813 1195 2914 1235 non
2946 1191 3212 1252 poterant,
3237 1187 3327 1241 sed
3352 1204 3522 1258 neque
3538 1192 3925 1249 detrimentum

2366 1266 2434 1319 ab
2473 1267 2624 1333 aliis,
2653 1270 2968 1341 quicumque
3009 1286 3226 1341 essent,
3272 1279 3371 1332 sibi
3433 1281 3773 1349 importatum
3831 1287 3930 1341 de-

2368 1357 2596 1424 pellere,
2623 1358 2734 1428 lege
2763 1359 2904 1429 ipsos
2941 1364 3160 1430 vallans,
3190 1375 3245 1421 et
3281 1368 3348 1422 ab
3376 1370 3632 1426 affinitate
3657 1388 3779 1429 cum
3806 1377 3931 1433 aliis

2367 1447 2666 1514 abducens,
2700 1452 2923 1505 seorsim
2964 1453 3083 1508 illos
3128 1457 3438 1514 clformabat
3468 1473 3520 1516 et
3569 1466 3926 1521 instituebat:

2367 1539 2596 1606 optabile
2625 1541 2768 1595 enim
2795 1542 3116 1614 difficileque
3143 1558 3260 1602 erat
3287 1560 3344 1604 ut
3370 1553 3451 1606 vel
3477 1553 3554 1608 sic
3578 1555 3720 1610 ducti
3744 1597 3761 1622 ,
3797 1574 3930 1627 pos-

2367 1639 2484 1682 sent
2529 1645 2744 1688 servare
2783 1634 3112 1705 disciplinam
3147 1652 3174 1692 a
3208 1640 3316 1695 Deo
3362 1643 3460 1696 sibi
3506 1647 3773 1702 traditam.
3819 1651 3927 1706 Sed

2367 1721 2808 1787 quemadmodum
2834 1727 2935 1780 alia
2967 1740 3229 1798 praecepta
3256 1737 3572 1803 transgressi
3598 1749 3741 1804 sunt,
3769 1741 3850 1795 sic
3875 1752 3933 1796 et

2368 1807 2470 1862 hoc
2493 1821 2816 1881 contempto,
2843 1819 3167 1874 transierunt
3195 1821 3262 1874 ad
3293 1822 3605 1879 afliuitatcm
3643 1842 3764 1882 cum
3793 1830 3930 1883 vici-

2368 1900 2451 1954 nis
2478 1903 2892 1959 contrahendam
2914 1948 2930 1973 ,
2959 1917 3012 1962 et
3037 1911 3288 1966 uxoribus
3317 1914 3441 1968 inde
3466 1915 3638 1970 ductis
3662 1959 3678 1981 ,
3710 1934 3740 1972 a
3783 1919 3933 1974 Moa-

2368 1988 2494 2044 bitis
2523 1992 2786 2060 videlicet,
2814 1995 2881 2050 ab
2908 1999 3244 2066 Atnmonitis,
3272 2012 3326 2056 et
3357 2003 3423 2056 ab
3449 2005 3565 2059 aliis
3592 2007 3770 2076 impiis
3799 2026 3933 2079 gen-

2370 2080 2507 2136 tibus
2523 2123 2536 2146 ,
2561 2084 2795 2153 aliasque
2823 2089 3166 2158 cognationes
3186 2091 3443 2160 amplexi,
3467 2095 3714 2150 doctores
3741 2103 3934 2166 nequiv

2371 2175 2455 2228 tia:
2483 2177 2830 2242 admiserunt,
2853 2189 2906 2233 ct
2928 2180 3218 2236 nobilitatis
3243 2184 3488 2238 decorem
3520 2185 3930 2244 labefactarunt.

2370 2266 2479 2319 lloc
2509 2267 2682 2336 ilnqlte
2725 2283 2844 2324 cum
2887 2271 3008 2324 aliis
3058 2273 3314 2341 propheta
3354 2275 3554 2330 crimen
3597 2277 3843 2331 intentat.
3876 2279 3928 2331 7.

2367 2353 2584 2422 lmplela
2609 2369 2681 2409 est
2719 2361 2849 2412 enim
2873 2361 3010 2429 regio
3035 2377 3226 2428 eorum,
3256 2364 3453 2433 inquit,
3477 2377 3681 2435 argento
3707 2378 3753 2418 et
3777 2385 3931 2430 auro,

2365 2454 2414 2497 et
2443 2461 2542 2497 non
2569 2456 2673 2498 erat
2698 2464 2929 2502 numerus
2959 2450 3301 2506 thesaurorum
3329 2471 3518 2507 eorum.
3550 2455 3603 2509 8.
3634 2455 3700 2508 Et
3725 2458 3936 2525 impleta

2366 2540 2437 2586 est
2474 2543 2607 2586 terra
2636 2551 2805 2587 eorum
2834 2539 3002 2605 equis,
3039 2550 3085 2592 et
3126 2557 3226 2593 non
3266 2553 3371 2595 erat
3411 2561 3642 2598 numerus
3689 2561 3936 2598 curruum

2367 2638 2558 2677 eorum.
2589 2624 2803 2694 Ecquod
2841 2627 3042 2681 crimen
3078 2628 3212 2696 hoc,
3239 2631 3433 2686 dixerit
3463 2634 3596 2688 forte
3625 2637 3888 2704 quispiam
3913 2676 3932 2702 ,

2365 2713 2576 2768 divitias
2621 2714 2835 2783 habere,
2862 2727 2915 2772 et
2952 2734 3118 2789 equos
3157 2723 3458 2790 pos~iderc,
3484 2742 3545 2781 ea
3595 2728 3934 2795 potissimum

2365 2813 2542 2871 a-tate,
2566 2807 2774 2876 quando
2796 2823 2899 2861 non
2925 2819 3124 2864 tantum
3147 2823 3260 2866 erat
3289 2813 3635 2884 philosophia;
3657 2819 3932 2874 studium?

2364 2896 2500 2961 Quid
2519 2913 2646 2965 ergo
2667 2898 2994 2955 dixerimus?
3019 2901 3233 2957 Scilicet
3258 2919 3362 2958 non
3395 2921 3544 2960 usmn
3572 2909 3931 2976 improbabat,

2365 2986 2458 3041 sed
2482 2988 2713 3042 animum
2742 3005 2846 3043 non
2880 2991 2940 3044 iis
2981 2999 3038 3044 nt
3063 2995 3346 3060 oportebat
3377 3007 3634 3051 utentem.
3663 3001 3935 3066 Quemad~

2370 3077 2582 3130 modum
2617 3078 2759 3131 enim
2790 3095 2913 3133 cum
2952 3080 3113 3147 dicit,
3161 3082 3245 3135 γω
3271 3086 3351 3152 qui
3383 3096 3602 3153 potentes
3627 3090 3742 3142 estis
3771 3089 3930 3157 (lsai.

2366 3167 2419 3220 1.
2447 3166 2560 3234 ει),
2586 3182 2691 3220 non
2735 3170 2916 3238 utique
2964 3172 3254 3238 potentiam
3284 3174 3374 3226 dat
3415 3176 3622 3229 crimini
3646 3218 3660 3241 ,
3695 3179 3789 3232 sed
3838 3196 3935 3234 eos

2365 3256 2452 3323 qui
2511 3257 2744 3324 potentia
2796 3261 2932 3314 male
2965 3269 3186 3315 utuntur
3219 3285 3233 3317 :
3267 3264 3345 3318 sic
3375 3274 3428 3319 ct
3474 3265 3574 3320 hoc
3618 3268 3735 3321 loco
3762 3310 3777 3334 ,
3823 3287 3933 3324 non

2363 3347 2503 3414 quod
2547 3349 2796 3414 pecunias
2847 3351 3214 3418 possiderent,
3245 3355 3337 3408 sed
3377 3357 3516 3423 quod
3564 3371 3683 3410 cum
3732 3360 3934 3428 ingenti

2364 3439 2512 3506 copia
2534 3479 2548 3503 ,
2580 3450 2633 3492 et
2662 3440 2793 3492 ultra
2841 3444 3208 3498 necessitatem
3240 3445 3357 3500 illas
3395 3459 3762 3515 congererent.
3810 3449 3936 3504 Non

2363 3541 2496 3592 erat,
2534 3532 2718 3599 inquit,
2749 3550 2980 3585 numerus
3007 3535 3352 3589 thesaurorum
3381 3555 3571 3591 eorum.
3604 3535 3790 3609 Neque
3830 3542 3936 3597 hoc

2363 3621 2531 3673 solum
2556 3664 2568 3685 ,
2601 3622 2693 3676 sed
2722 3625 2860 3692 quod
2891 3623 2956 3678 dc
2985 3624 3180 3680 divitiis
3207 3637 3259 3681 et
3287 3627 3355 3682 de
3380 3645 3634 3696 equorum
3660 3633 3809 3698 copia
3846 3633 3932 3690 in-

2365 3711 2473 3765 ﬂati
2495 3754 2509 3777 ,
2541 3715 2786 3780 paulatim
2814 3733 2842 3768 a
2871 3731 2965 3784 spe
3007 3717 3058 3770 in
3102 3719 3266 3772 Deum
3307 3721 3758 3786 abstrahcrcntur,
3788 3725 3935 3790 quod

2366 3801 2490 3868 ipsis
2515 3803 2672 3856 etiam
2703 3805 2823 3857 alibi
2855 3807 3104 3874 prepheta
3144 3807 3353 3862 dicebat
3381 3826 3394 3862 :
3433 3809 3520 3863 Va:
3546 3811 3628 3878 qui
3668 3813 3936 3880 conﬁdunt

2363 3891 2415 3943 in
2463 3893 2641 3946 virtute
2675 3911 2764 3947 sua
2793 3935 2805 3957 ,
2850 3906 2896 3949 et
2936 3898 2986 3949 in
3041 3899 3354 3954 multiludine
3405 3901 3691 3955 divitiarum
3725 3921 3935 3957 suarum

2363 3984 2640 4052 gloriantur
2668 3985 2834 4054 (Psal.
2869 3989 2956 4040 48.
2989 3989 3065 4054 7).
3094 3991 3170 4043 Ac
3197 4006 3402 4044 rursum
3433 3992 3554 4045 alibi
3582 3993 3734 4046 :Non
3756 3997 3932 4047 salva-

2365 4083 2447 4125 tur
2470 4090 2558 4126 rea:
2587 4091 2673 4141 per
2702 4076 2906 4128 multant
2933 4079 3180 4142 virtutem,
3204 4091 3248 4132 et
3275 4083 3414 4148 gigas
3449 4097 3546 4133 non
3576 4084 3848 4134 salvabitur
3879 4086 3935 4138 in

2363 4165 2680 4218 multitudine
2722 4168 2914 4220 virtutis
2952 4169 3241 4237 sute(Psal.
3268 4173 3353 4225 52.
3386 4171 3498 4241 16).
3535 4174 3830 4242 ltertnnqnc
3877 4178 3931 4230 in

2363 4256 2466 4308 alio
2494 4257 2700 4311 Psalmo
2731 4274 2744 4310 :
2781 4257 2897 4311 Non
2925 4260 2974 4311 in
3001 4261 3290 4330 fortitudine
3311 4264 3421 4331 equi
3452 4264 3751 4316 voluntatem
3779 4266 3934 4319 habe-

2362 4343 2430 4397 bit
2449 4385 2464 4410 ,
2498 4362 2584 4398 nec
2613 4347 2661 4398 in
2689 4349 2817 4400 tibiis
2845 4349 2936 4400 viri
2959 4349 3316 4417 beneplacitum
3343 4353 3432 4403 erit
3457 4354 3518 4404 ei.
3549 4353 3932 4421 Beneplaritunt

2362 4446 2432 4487 est
2474 4434 2686 4488 Domino
2729 4455 2877 4505 super
2910 4439 3132 4491 timentes
3174 4457 3304 4492 eum.
3347 4441 3410 4494 Et
3447 4443 3651 4511 impleta
3683 4455 3753 4495 est
3795 4453 3933 4500 terra

2362 4527 2804 4581 abominationibus
2835 4546 3036 4594 onerum
3068 4548 3306 4584 manuum
3330 4550 3568 4596 suarum,
3597 4545 3641 4586 et
3676 4536 3930 4589 adoravi:-

2362 4628 2474 4668 runt
2500 4635 2610 4686 qua:
2630 4623 2848 4687 fecerunt
2877 4622 3020 4689 digiti
3051 4638 3220 4673 eorum
3247 4621 3414 4691 (Psal.
3444 4624 3560 4677 140.
3591 4625 3697 4691 10).
3728 4626 3795 4679 Ut
3839 4642 3930 4678 sa-

2365 4709 2511 4774 piens
2537 4710 2790 4770 medicus,
2822 4711 3071 4777 propheta
3101 4712 3266 4764 morbi
3294 4727 3504 4765 causam
3534 4715 3677 4774 dicit,
3708 4727 3763 4769 et
3808 4717 3931 4768 fon-

2366 4805 2467 4848 tem
2495 4796 2683 4848 morbi.
2702 4798 2830 4850 Cum
2863 4801 2999 4850 enim
3028 4816 3210 4852 eorum
3241 4801 3558 4868 impietatem
3587 4813 3932 4860 accus:ttnrns

2364 4896 2526 4952 esset,
2556 4889 2858 4943 occasiones
2883 4890 3047 4943 morbi
3079 4893 3220 4958 prius
3248 4891 3398 4957 dixit,
3430 4893 3738 4958 avaritiam,
3771 4911 3931 4949 arro~

2363 4979 2591 5045 gantiam
2616 5018 2630 5043 ,
2659 4980 3035 5032 connubiornm
3065 4980 3347 5035 affinitates
3374 4997 3476 5035 non
3517 4983 3711 5041 licitas.
3744 4984 3928 5038 decla-

2365 5083 2485 5121 rans
2507 5083 2599 5122 eos
2621 5069 2741 5122 hinc
2767 5071 3010 5138 paulatim
3037 5073 3400 5140 supplantatos
3428 5074 3476 5126 in
3495 5073 3756 5139 perniciei
3776 5076 3932 5130 bara-

2367 5157 2539 5211 thrum
2582 5161 2875 5224 corruisse,
2908 5170 2961 5213 et
3002 5160 3138 5213 idola
3178 5162 3444 5216 adorasse.
3481 5163 3676 5216 Deinde
3718 5165 3929 5219 illorum

2365 5251 2558 5303 cultum
2587 5251 2883 5317 traducens,
2903 5253 3170 5320 subjungit
3193 5294 3207 5315 ,
3239 5253 3455 5322 Operam
3477 5271 3710 5304 manuum
3734 5271 3927 5307 eorum.

2365 5339 2496 5406 Quid
2526 5342 2664 5393 enim
2711 5342 2814 5394 risu
2854 5341 3061 5411 dignius
3111 5342 3267 5396 fuerit
3311 5359 3463 5411 quam
3503 5358 3620 5396 cum
3647 5343 3807 5396 homo
3836 5344 3924 5398 dei

2363 5439 2570 5483 creator
2597 5431 2821 5484 efficitur
2839 5433 2861 5482 ‘l
2890 5434 3344 5486 Abominationem
3371 5448 3494 5486 vero
3523 5433 3789 5499 Scriptura
3827 5449 3928 5484 vo-

2365 5535 2486 5574 carc
2540 5521 2674 5575 solet
2722 5521 2902 5575 idola:
2949 5523 3172 5591 indeque
3223 5524 3538 5576 abominatio
3588 5522 3932 5577 dcsolationis

2368 5622 2581 5665 vocatur
2609 5623 2779 5667 statua
2819 5615 2869 5666 in
2899 5616 3092 5682 templo
3117 5625 3309 5667 erecta.
3346 5614 3468 5665 Cum
3509 5615 3636 5665 enim
3667 5613 3888 5663 videritis
3909 5649 3927 5676 ,

2375 5703 2571 5772 inquit,
2625 5704 3038 5758 abominationent
3083 5705 3396 5758 desolationis
3447 5711 3665 5756 stantem
3706 5702 3758 5752 in
3804 5701 3915 5756 loco
