4130 6312
211 369 279 423 35
1567 348 1632 403 IN
1672 345 1921 411 ISAIAM,
1960 345 2110 403 CAP.
2150 346 2214 401 ll.
3544 371 3617 427 36

202 475 545 548 ἁμαρτωλὸς,
577 474 735 538 ἀλλά,
757 471 974 545 Πλήρῆς
993 467 1297 542 ἀμαρτιῶν,
1327 467 1466 520 οὕτω
1490 466 1583 519 καὶ
1610 460 1862 525 ἐνταῦθα,

217 573 619 640 Ἐνεπλήσθη.
652 567 783 625 Εἶτα
808 571 969 626 πάλιν
989 568 1269 623 ἐπιτείνων
1285 566 1343 620 τὸ
1370 565 1567 627 ϐνειδος
1591 561 1859 633 προσέθη-

203 691 319 736 κεν,
362 674 455 738 Ὠς
484 673 551 725 τὸ
585 672 687 725 ἀπ’
710 668 922 739 ἀρχῆς.
967 669 1082 723 Ἀπ’
1101 666 1309 737 ἀρχῆς,
1351 664 1508 729 πότε;
1555 661 1683 713 Ὅτε
1723 657 1854 711 Θεὸν

199 775 302 827 οὐκ
330 771 681 841 ἐγνώκεισαν,
710 770 797 822 ὅτε
816 769 975 838 νόμον
1001 767 1100 820 ούκ
1125 766 1455 836 εἰλήφεισαν,
1479 761 1568 814 ὅτε
1590 758 1687 829 τῆς
1712 756 1860 827 εὐερ-

201 872 392 940 γεσίας
416 868 577 923 αὑτοῦ
614 871 807 938 πεῖραν
837 867 1116 937 εἰληφότες
1148 865 1245 919 οὐκ
1272 860 1429 934 ἦσαν,
1456 862 1544 914 ὅτε
1589 856 1726 929 μετά
1750 855 1858 909 τῶν

200 971 370 1024 ἐθνῶν
418 969 576 1033 ἔζων,
630 970 767 1035 ὅπερ
821 966 1054 1036 ἐσχάτης
1099 963 1489 1033 καταγνώσεως
1544 956 1632 1031 ἦν,
1693 956 1857 1028 μηδὲν

200 1069 424 1139 ἄμεινον
446 1069 747 1121 διακεῖσθαι
775 1067 887 1133 νῦν,
924 1065 1061 1136 μετά
1086 1063 1184 1134 τὴν
1206 1064 1472 1135 τοσαύτην
1511 1064 1763 1135 πρόνοιάν
1798 1080 1858 1117 τε

201 1169 294 1220 καὶ
336 1169 674 1239 ἐπιμέλειαν,
716 1168 822 1221 τῶν
876 1166 1100 1238 μηδενὸς
1142 1165 1346 1219 τούτων
1391 1163 1857 1218 ἀπολελαυκότων.

200 1268 313 1321 Καὶ
332 1269 453 1321 οὐδὲ
483 1268 714 1323 ἐνταῦθα
742 1268 893 1335 ἔστη,
936 1265 1070 1321 ἀλλά
1111 1264 1502 1335 καταπλήττων
1536 1264 1729 1327 αὐτοὺς
1756 1264 1860 1317 πά⁹

201 1367 287 1420 λιν
342 1366 767 1435 προστέθεικεν·
818 1363 935 1437 [27]
990 1365 1088 1430 Ὠς
1128 1364 1166 1431 ἠ
1211 1362 1331 1416 τῶν
1365 1362 1760 1430 ἀλλοφύλωνο
1790 1364 1856 1432 τῇ

201 1468 490 1537 συγκρίσει
519 1467 613 1520 τοῦ
643 1467 932 1538 προσώπου
965 1464 1065 1534 τὴν
1102 1462 1434 1533 κατηγορίαν
1478 1461 1859 1531 χαλεπωτέραν

199 1566 392 1620 ποιῶν.
429 1568 494 1619 ⁸0
529 1567 621 1619 καί
647 1564 857 1627 Παῦλος
891 1561 1078 1616 εἴωθεν
1110 1560 1440 1631 ἐργάζεσθαι
1482 1560 1719 1629 συνεχῶς
1741 1575 1753 1589 ο
1784 1559 1859 1624 ώς

200 1667 329 1719 ὅταν
362 1666 530 1737 λέγῃ·
562 1665 700 1731 Περί
732 1664 800 1716 δὲ
824 1662 942 1716 τῶν
969 1662 1411 1730 κεκοιμημένων
1439 1663 1508 1714 οὐ
1535 1660 1684 1713 θέλω
1710 1659 1860 1728 ὑμᾶς

199 1766 461 1837 ἀγνοεῖν,
492 1765 759 1833 ἀδελφοὶ,
782 1766 883 1818 ἵνα
898 1764 982 1832 μὴ
1015 1762 1312 1829 λυπῆσθε,
1338 1763 1415 1826 ὡς
1438 1762 1533 1815 καὶ
1577 1765 1630 1815 οί
1661 1762 1859 1815 λοιποὶ

200 1867 254 1919 oi
272 1864 360 1933 μὴ
391 1865 639 1930 ἔχοντες
665 1862 901 1915 ἐλπίδα*
926 1860 1020 1914 καὶ⁵
1043 1860 1204 1913 πάλιν
1222 1875 1237 1891 ⁸
1262 1858 1494 1914 Είδέναι
1518 1858 1776 1912 ἕκαστον
1794 1861 1857 1915 τὸ

202 1964 419 2019 ἑαυτοῦ
449 1961 675 2027 σκεῦος
699 1959 949 2015 κτᾶσθαι
977 1959 1048 2012 ἐν
1076 1957 1344 2027 ἁγιασμῷ
1367 1960 1465 2011 καὶ
1492 1958 1650 2028 τιμῇ.
1667 1959 1752 2027 μὴ
1784 1960 1857 2014 ἐν

202 2065 366 2119 πάθει
385 2061 721 2128 ἐπιθυμίας.
755 2060 862 2111 Καὶ
884 2059 984 2111 οὑκ
1000 2056 1242 2128 ὴρκέσθη
1270 2058 1458 2127 τούτῳ,
1475 2058 1609 2111 ἀλλὰ
1633 2059 1859 2129 προστέ-

201 2169 342 2221 θεικε
374 2167 573 2234 λέγων,
599 2162 803 2227 Καθὼς
833 2163 932 2216 καὶ
971 2166 1042 2215 τὰ
1070 2162 1250 2216 λοιπὰ
1274 2164 1416 2230 ἔθνη
1458 2164 1527 2217 τὰ
1550 2164 1633 2232 μὴ
1663 2164 1859 2217 εἰδότα

198 2269 301 2321 τόν
327 2270 501 2320 Θεόν.
535 2265 782 2318 Μάλιστα
805 2263 912 2331 γάρ
932 2256 1084 2323 οὗτος
1113 2263 1139 2313 ὁ
1159 2261 1314 2328 λόγος
1341 2262 1555 2314 δάκνειν
1582 2263 1736 2315 εἴωθε
1767 2264 1859 2316 καὶ

199 2369 321 2431 τοὺς
356 2367 565 2437 σφόδρα
596 2363 1070 2425 ἁναπεπτωκότας.
1114 2364 1173 2416 Εἰ
1199 2363 1255 2416 δὲ
1297 2363 1534 2417 Ἰουδαῖοι
1574 2364 1744 2417 ταῦτα
1769 2366 1860 2433 ἐγ-

201 2468 510 2534 καλοῦνται,
558 2465 704 2527 τίνος
736 2463 800 2518 ἂν
834 2463 1089 2534 τύχοιμεν
1132 2462 1459 2535 συγγνώμης
1485 2466 1667 2534 ἡμεῖς,
1702 2465 1860 2526 ποίας

202 2565 517 2634 ἀπολογίας,
552 2565 599 2617 οἰ
627 2562 763 2633 μετά
794 2562 956 2631 χάριν
982 2561 1271 2630 τοσαύτην,
1315 2563 1409 2614 καὶ
1433 2562 1599 2632 τιμὴν
1629 2561 1854 2629 ἄφατον,

202 2664 423 2726 καὶτὰς
474 2662 774 2722 ἀθανάτους
808 2659 1045 2723 ἐλπίδας,
1099 2659 1234 2728 πρὸς
1277 2658 1374 2730 τὴν
1412 2659 1579 2731 αὐτὴν
1633 2660 1859 2725 ἐκείνοις

201 2763 636 2823 καταπίπτοντες
672 2759 892 2826 πενίαν;
932 2760 1042 2813 Καὶ
1089 2760 1196 2831 γάρ
1246 2759 1427 2813 πολλοὶ
1457 2759 1553 2814 καὶ
1598 2760 1693 2817 νῦν
1752 2764 1858 2816 εἰσι

201 2861 274 2931 τῷ
300 2860 572 2928 νοσήματι
604 2856 928 2927 κεχρημένοι
951 2854 1142 2926 τούτῳ,
1166 2856 1370 2910 καὶτὸν
1399 2857 1605 2911 ἐαυτῶν
1626 2858 1862 2927 διαφθεί-

207 2975 387 3027 ροντες
426 2957 563 3025 βίον,
588 2956 638 3009 οἳ
662 2957 729 3025 τῇ
751 2954 856 3008 τῶν
888 2955 1157 3025 κλῃδόνων
1186 2955 1377 3026 ἀλογίᾳ
1408 2957 1704 3021 ἐκδιδόντες
1734 2960 1860 3013 ἐαυ-

199 3061 340 3123 τοὺς,
368 3058 509 3128 μετά
536 3054 631 3108 τοῦ
650 3054 727 3124 τῷ
743 3053 862 3124 Θεῷ
893 3053 1273 3124 προσκρούειν,
1303 3056 1558 3125 περιττὰς
1586 3058 1859 3128 καρποῦν-

199 3174 288 3211 ται
320 3158 522 3219 λύπας,
568 3155 664 3208 καὶ
696 3153 832 3224 πρὸς
861 3153 988 3215 τοὺς
1026 3153 1166 3222 ὑπὲρ
1198 3153 1299 3222 τῆς
1334 3154 1533 3225 ἀρετῆς
1579 3156 1859 3211 ἐκλύονται

202 3258 416 3319 πόνους.
468 3256 581 3308 Καὶ
641 3254 748 3325 γάρ
786 3253 1115 3306 ἐσπούδακεν
1157 3253 1185 3306 ὁ
1229 3252 1473 3316 διάϐολος
1510 3254 1600 3309 διὰ
1645 3257 1860 3311 πάντων

201 3360 359 3413 τοῦτο
392 3361 578 3410 πεῖσαι
602 3368 628 3396 α
656 3354 782 3416 τοὺς
814 3354 1217 3424 ἀνοητοτέρους,
1243 3355 1323 3407 ὅτι
1348 3354 1447 3407 οὐκ
1472 3355 1557 3408 ἐπ’
1588 3356 1769 3422 αὐτοῖς
1793 3359 1862 3411 τὰ

202 3464 298 3532 τῆς
330 3459 535 3531 ἀρετῆς
590 3456 684 3510 καὶ
722 3454 792 3509 τά
831 3455 930 3525 τῆς
981 3454 1196 3520 κακίας,
1247 3455 1364 3509 οὐδὲ
1417 3455 1697 3528 ἐλευθερίᾳ
1754 3460 1862 3512 τινὶ

201 3557 580 3630 προαιρέσεώς
599 3557 705 3609 εἰσι
732 3555 1103 3626 τετιμημένοι,
1133 3552 1296 3608 δύοδέ
1321 3552 1493 3608 ταῦτα
1517 3554 1583 3608 τὰ
1610 3555 1861 3625 αἴσχιστα

202 3657 549 3728 κατορθῶσαι
610 3654 952 3725 βουλόμενος,
992 3654 1087 3707 καὶ
1142 3653 1268 3717 τοὺς
1326 3654 1463 3722 ὑπὲρ
1513 3654 1613 3724 τῆς
1662 3655 1861 3726 ἀρετῆς

203 3758 428 3811 ἐκλῦσαι
468 3756 686 3817 πόνους,
735 3754 831 3807 καὶ
870 3753 931 3805 τὸ
978 3752 1229 3823 μέγιστον
1265 3754 1364 3823 τῆς
1406 3752 1717 3825 ἐλευθερίας
1759 3755 1863 3824 ἀφ-

201 3857 420 3910 ελέσθαι
441 3854 636 3925 δῶρον.
658 3851 829 3905 Τοῦτο
851 3850 939 3904 διά
965 3850 1254 3922 κλῃδόνων,
1276 3849 1431 3903 τοῦτο
1445 3850 1533 3905 διά
1557 3851 1860 3923 συμϐόλων,

199 3956 361 4009 τοῦτο
406 3953 496 4007 διὰ
531 3950 961 4023 παρατηρήσεως
994 3948 1235 4020 ήμερῶν,
1262 3947 1420 4001 τοῦτο
1454 3948 1542 4003 διά
1574 3949 1667 4003 τοῦ
1699 3967 1863 4022 πονηο

205 4057 301 4128 ροῦ
329 4056 424 4125 τῆς
456 4052 797 4123 εἱμαρμένης
824 4050 1111 4121 δόγματος,
1138 4048 1295 4103 τοῦτο
1322 4049 1391 4103 δι’
1417 4049 1616 4119 ἐτέρων
1652 4050 1861 4104 πολλῶν

202 4160 286 4221 εἰς
323 4157 416 4209 τὸν
448 4154 559 4223 βίον
591 4153 855 4221 εἰσήγαγε
890 4150 951 4203 τὸ
992 4149 1225 4220 χαλεπὸν
1271 4149 1503 4220 νόσημα,
1550 4150 1726 4203 πάντα
1752 4151 1863 4205 ἀνω

201 4258 301 4308 καὶ
328 4254 478 4308 κάτω
504 4251 692 4303 ποιῶν.
724 4250 802 4301 Δι’
832 4248 860 4301 ὃ
885 4247 949 4318 δὴ
980 4248 1075 4301 καὶ
1106 4248 1134 4301 ὁ
1167 4249 1451 4319 προφήτης
1473 4248 1718 4320 σφοδρῶς
1734 4248 1863 4321 ἐστη

203 4352 552 4421 κατηγορῶν,
600 4348 741 4400 ὥστε
772 4347 1067 4418 πρόρριζον
1092 4347 1401 4401 ἀνασπάσαι
1430 4347 1489 4400 τὺ
1518 4347 1707 4411 πάθος.
1755 4350 1863 4404 Kal

199 4449 388 4501 τέκνα
416 4444 617 4497 πολλὰ
637 4444 957 4511 ἀλλόφυλα
983 4441 1270 4511 ἐγεννήθη
1293 4442 1511 4510 αὐτοῖς.

273 4544 342 4611 ζ’.
366 4545 432 4597 Τί
462 4546 602 4607 ἐστι,
631 4541 816 4595 Τέκνα
844 4541 1161 4609 ἀλλόφυλα
1186 4557 1206 4605 ;
1237 4542 1417 4613 Νόμος
1443 4538 1509 4614 ἦν
1531 4543 1709 4607 αὐτοῖς
1732 4543 1867 4598 ἀνω-

201 4646 297 4698 θεν
326 4645 577 4713 κείμενος
600 4642 687 4695 διά
714 4640 775 4695 τὸ
803 4641 901 4710 τῆς
926 4641 1149 4711 γνώμης
1182 4642 1207 4682 b
1240 4642 1529 4706 εύόλισθον,
1554 4643 1649 4696 καὶ
1678 4643 1738 4696 τὸ
1766 4642 1865 4712 τῆς

198 4743 444 4804 διανοίας
479 4740 903 4808 εύεξαπάτητον,
950 4741 1136 4810 μηδενὶ
1177 4740 1287 4793 τῶν
1323 4739 1523 4794 λοιπῶν
1569 4739 1866 4811 ἀνθρώπων

200 4838 620 4910 ἐπιμίγνυσθαι,
655 4836 795 4889 ὥστε
845 4835 919 4907 μὴ
960 4836 1215 4901 τοιαύτας
1257 4837 1573 4907 συγγενείας
1612 4838 1866 4901 ἀσεϐείας

201 4936 465 4990 ὑπόθεσιν
492 4935 763 5003 γενέσθαι.
804 4934 1022 5006 Ἐπειδὴ
1042 4935 1148 5007 γάρ
1179 4937 1239 4990 οὺ
1270 4937 1426 5006 μόνον
1464 4936 1682 5007 ἐτέρους
1726 4937 1865 5008 διορ-

202 5037 383 5090 θῶσαι
413 5036 513 5089 οὐκ
566 5037 768 5105 ἴσχυον,
814 5034 926 5088 ἀλλ’
960 5035 1078 5088 ούδέ
1119 5035 1217 5107 τὴν
1257 5037 1386 5107 παρ’
1427 5036 1625 5106 ἐτέρων
1665 5032 1766 5089 οἷοί
1808 5053 1865 5090 τε

200 5132 351 5207 ἦσαν
404 5133 789 5205 διακρούεσθαι
817 5132 1041 5204 βλάϐην,
1070 5133 1146 5204 τῷ
1189 5134 1338 5205 νόμῳ
1366 5135 1609 5204 τειχίσας
1648 5134 1863 5198 αὐτοὺς,

202 5238 304 5288 καὶ
325 5236 426 5305 τῆς
453 5234 589 5305 πρὸς
622 5234 747 5297 τοὺς
772 5232 991 5295 λοιποὺς
1017 5233 1295 5304 ἐπιμιξίας
1322 5234 1516 5296 αὐτοὺς
1533 5234 1863 5304 ἀποστήσας,

202 5337 331 5390 κατ’
380 5334 516 5386 ἰδίαν
562 5333 754 5396 αὐτοὺς
788 5331 1016 5385 ἐπλαττε
1049 5331 1144 5385 καί⁵
1195 5332 1519 5403 ἐρρύθμιζεν
1540 5351 1554 5365 ο
1587 5333 1866 5404 ἀγαπητὸν

205 5422 319 5491 γὰρ
356 5415 424 5491 ἦν
459 5422 552 5473 καὶ
574 5418 747 5483 οὓτως
774 5418 1072 5489 ἀγομένους
1097 5418 1385 5489 δυνηθῆναι
1410 5421 1730 5490 διατηρῆσαι
1773 5419 1868 5490 τὴν

204 5520 368 5589 παρά
398 5518 493 5571 τοῦ
523 5518 656 5572 Θεοῦ
673 5518 960 5591 δεδομένην
988 5517 1261 5572 πολιτείαν
1276 5519 1477 5582 αὐτοῖς.
1514 5519 1652 5572 Ἀλλ’
1680 5517 1867 5589 ὥσπερ

268 5692 296 5717 ⁸
323 5689 475 5737 Savﬂ.
513 5696 564 5739 et
592 5691 715 5752 Reg.
754 5691 831 5739 διὰ
849 5689 1051 5752 πάντων
1095 5687 1237 5752 τοῦτο
1274 5689 1457 5752 πεῖσαι,
1507 5689 1684 5752 melius

205 5750 391 5799 Morel.
415 5758 466 5799 et
488 5749 764 5813 Bavarfqui
787 5750 929 5799 habet
952 5750 1342 5813 τούτιιινν-ιιιιεῖσριιἶ
1382 5749 1502 5799 Infra
1531 5750 1612 5797 δύο
1628 5751 1684 5813 ,δὲ
1704 5749 1865 5813 ταῦτα.

206 5814 423 5859 Mlenus
442 5810 864 5881 leggndum'pulal
889 5812 972 5861 δύο
994 5813 1051 5869 δὴ
1074 5810 1237 5861 ταῦτα.
1268 5810 1390 5861 Infra
1421 5813 1496 5859 διὰ
1516 5812 1780 5873 συμϐόλων,
1822 5812 1869 5862 Id

210 5881 283 5917 ι’ςί
298 5910 308 5925 ,
333 5884 421 5980 rer
444 5884 620 5921 annua.

218 6003 223 6008 '
272 5936 298 5971 ιο
353 5934 451 5989 ιοιζ.
484 5942 534 5983 el
573 5935 719 5983 Savil.
752 5939 832 5991 τῆς
849 5935 1082 5995 γνώσεως.

1726 5702 1868 5749 quam

1970 461 2070 523 τὰς
2122 460 2286 523 ἀλλοις
2334 461 2660 531 παρέϐαινον
2706 462 2944 531 ἐντολὰς,
2974 464 3115 517 ο⁹ύτω
3156 464 3222 535 δή
3271 465 3364 518 καὶ
3411 465 3615 535 ταύτης

1973 547 2333 617 ὑπεριδόντες,
2392 549 2694 619 μετέϐησαν
2717 551 2851 620 πρὸς
2895 552 2994 615 τὰς
3038 553 3146 605 τῶν
3196 552 3423 622 πλησίον
3466 554 3617 623 ἀγχι-

1969 646 2170 709 στείας,
2206 646 2297 698 καλ⁵
2318 646 2531 717 νύμφας
2553 650 2757 703 ἐκεῖθεν
2781 651 3034 721 ἀγόμενοι
3060 662 3082 688 ε
3118 650 3269 721 παρά
3290 651 3615 714 Μωαϐιτῶν,

1950 754 2082 828 ’[28]
2112 758 2264 829 παρά
2305 760 2687 830 Ἀμμανητῶν,
2735 761 2865 833 παρ’
2922 762 3122 832 ἐτέρων
3163 762 3373 816 ἀσεϐῶν
3423 761 3616 826 ἐθνῶν,

1968 856 2192 921 καὶτὰς
2242 858 2404 923 ἀλλας
2457 860 2821 930 ἀσπαζόμενοι
2875 862 3210 931 συγγενείας,
3268 861 3618 925 διδασκάλους

1967 957 2227 1028 πονηρίας
2248 957 2506 1029 ἐδέχοντο,
2524 959 2615 1012 καὶ
2633 960 2692 1012 τὸ
2712 961 2809 1030 τῆς
2829 962 3103 1029 εὐγενείας
3119 962 3375 1031 ἀκέραιον
3391 959 3622 1029 διέφθει-

1968 1073 2077 1126 ρον.
2112 1056 2280 1110 Τοῦτο
2315 1059 2490 1111 τοίνυν
2518 1059 2654 1129 μετά
2677 1059 2783 1111 τῶν
2809 1060 2982 1113 ἄλλων
3011 1060 3039 1111 ὁ
3070 1062 3355 1131 προφήτης
3375 1059 3612 1128 ἐγκαλεῖ.

1979 1158 2350 1227 Ἐνεπλήσθη
2369 1161 2478 1229 γὰρ
2509 1162 2547 1229 ἡ
2571 1161 2727 1229 χώρα
2747 1161 2963 1224 αὐτῶν,
3006 1166 3186 1232 φησιν,
3221 1161 3616 1232 ιὶργυρίουκαι

1966 1257 2241 1323 χρυσίου,
2270 1258 2368 1312 καὶ
2394 1262 2503 1313 οὐκ
2533 1260 2612 1328 ἧν
2640 1261 2883 1329 ἀριθμὸς
2910 1260 3029 1314 τῶν
3049 1248 3364 1328 θησαυρῶν
3398 1259 3614 1314 αὐτῶν.

1965 1353 2068 1406 Καὶ
2084 1354 2427 1423 ἐνεπλήσθη
2444 1358 2481 1424 ἠ
2498 1356 2573 1427 γῆ
2589 1358 2785 1412 αὐτῶν
2805 1360 3021 1422 ἵππων,
3034 1359 3131 1412 καί
3148 1361 3257 1412 οὐκ
3278 1354 3356 1427 ἦν
3375 1356 3618 1426 ἀριθμὸς

1966 1449 2085 1505 τῶν
2117 1454 2389 1523 ἁρμάτων
2430 1455 2643 1509 αὐτῶν.
2677 1457 2787 1511 Καὶ
2814 1460 2963 1510 ποῖον
3000 1457 3249 1528 ἔγκλημα
3274 1455 3450 1517 τοῦτο,
3489 1456 3619 1517 ἴσως

1967 1548 2107 1601 εἴποι
2129 1568 2209 1614 τις
2232 1552 2317 1618 ἂν,
2342 1554 2401 1605 τὸ
2426 1555 2682 1624 χρήματα
2721 1554 2884 1624 ἐχειν,
2922 1555 3015 1607 καὶ
3055 1554 3251 1617 ἵππους
3295 1552 3616 1621 κεκτῆσθαι,

1968 1654 2061 1707 καὶ
2092 1656 2323 1724 μάλιστα
2354 1657 2444 1709 ἐπὶ
2468 1659 2567 1728 τῆς
2599 1660 2791 1726 γενεᾶς
2812 1658 3046 1729 ἐκείνης,
3094 1659 3181 1711 ὅτε
3213 1658 3273 1711 οὐ
3320 1656 3489 1728 πολλὴ
3526 1674 3620 1726 φι-

1967 1755 2215 1825 λοσοφίας
2254 1754 2320 1829 ἦν
2357 1760 2643 1830 ἁκρίϐεια;
2674 1760 2739 1813 Τί
2765 1756 2856 1813 οὖν
2885 1760 2949 1814 ἂν
2975 1761 3219 1829 εἴποιμεν
3241 1777 3255 1824 ;
3280 1760 3400 1811 Ὀτι
3432 1759 3493 1810 ού
3519 1758 3621 1829 τήν

1967 1858 2158 1927 χρῆσιν
2211 1859 2503 1923 διέϐαλλεν,
2553 1860 2685 1913 ἀλλά
2727 1860 2823 1932 τὴν
2867 1859 3089 1930 γνώμην
3126 1860 3223 1928 τὴν
3256 1859 3354 1910 οὐκ
3394 1859 3471 1920 εἰς
3503 1857 3622 1910 δέον

1966 1961 2146 2025 αὐτοῖς
2177 1963 2535 2034 κεχρημένην.
2578 1965 2786 2035 Ὠσπερ
2836 1964 2944 2033 γὰρ
3001 1964 3125 2016 ὅταν
3172 1962 3325 2031 λέγῃ,
3373 1960 3512 2015 0ὑαί
3564 1963 3620 2013 οι

1967 2061 2298 2129 ἰσχύοντες,
2332 2062 2390 2114 ού
2424 2063 2519 2132 τὴν
2561 2063 2876 2116 δυναστείαν
2910 2063 3167 2122 αἰτιᾶται,
3197 2060 3331 2113 ἀλλὰ
3364 2062 3490 2121 τοὺς
3522 2075 3621 2112 κα-

1966 2159 2075 2221 κῶς
2107 2163 2171 2230 τῇ
2201 2160 2481 2230 δυναστείᾳ
2513 2161 2913 2231 κεχρημένους·
2961 2160 3101 2213 οὕτω
3140 2159 3203 2230 δὴ
3240 2160 3332 2212 καὶ
3366 2158 3620 2222 ἐνταῦθα,

1965 2257 2061 2326 οὐχ
2097 2260 2176 2311 ὅτι
2210 2261 2464 2329 χρήματα
2496 2260 2806 2329 ἐκέκτηντο,
2851 2260 2967 2313 ἀλλ’
3005 2260 3085 2312 ὃτι
3129 2258 3265 2329 μετά
3300 2259 3497 2329 πολλῆς
3525 2260 3621 2329 τῆς

1966 2358 2299 2428 περιουσίας,
2351 2358 2443 2411 καὶ
2493 2357 2632 2426 ὑπὲρ
2675 2358 2778 2428 τὴν
2834 2360 3020 2428 χρείαν
3072 2359 3321 2428 συνῆγον.
3362 2360 3483 2409 Οὐκ
3519 2353 3619 2425 ἦν,

1965 2455 2148 2526 φησὶν,
2182 2457 2426 2525 ἀριθμὸς
2452 2456 2571 2509 τῶν
2617 2456 2935 2524 θησαυρῶν
2966 2457 3181 2510 αὐτῶν.
3230 2459 3339 2509 Καὶ
3366 2458 3425 2509 ού
3462 2456 3621 2509 τοῦτο

1968 2556 2147 2626 μόνον,
2191 2556 2307 2610 ἀλλ’
2357 2557 2438 2611 ὅτι
2475 2556 2846 2627 πεφυσημένοι
2893 2555 2971 2628 τῷ
3016 2556 3229 2627 πλούτῳ
3265 2558 3356 2609 καὶ
3393 2559 3458 2628 τῇ
3510 2557 3621 2609 τῶν

1966 2654 2148 2709 ἴππων
2190 2656 2475 2727 δυναστείᾳ
2519 2655 2661 2709 κατὰ
2710 2656 2901 2726 μικρὸν
2963 2656 3071 2709 ἀπὸ
3110 2656 3209 2727 τῆς
3251 2657 3329 2720 εἰς
3370 2656 3460 2709 τὸν
3487 2656 3621 2709 Θεὸν

1965 2754 2178 2820 ἐλπίδος
2217 2756 2605 2829 παρεσύρυντο,
2630 2756 2659 2810 ὃ
2688 2758 2779 2811 καὶ
2815 2757 3046 2828 ἀλλαχοῦ
3077 2758 3257 2821 αὐτοῖς
3284 2759 3313 2810 ὁ
3338 2760 3621 2829 προφήτης

1966 2856 2174 2927 ἐλεγενο
2215 2858 2357 2914 Οὐαὶ
2390 2862 2443 2914 οι
2470 2859 2818 2925 πεποιθότες
2849 2859 2945 2912 ἐπὶ
2992 2858 3067 2927 τῇ
3103 2859 3350 2929 δυνάμει
3400 2860 3619 2926 αὐτῶν,

1964 2958 2064 3011 καί
2094 2958 2192 3013 ἐπὶ
2224 2957 2305 3024 τῷ
2337 2958 2550 3025 πλήθει
2583 2959 2689 3014 τοῦ
2714 2960 2979 3013 πλούτου
3009 2960 3210 3013 αὐτῶν
3245 2960 3619 3029 ἐγκαυχὼμε-

1964 3069 2077 3107 νοι.
2112 3054 2219 3106 Καὶ
2249 3053 2408 3107 πάλιν
2450 3054 2706 3126 ἑτέρωθι·
2765 3057 2848 3109 Οὐ
2899 3053 3139 3115 σώζεται
3177 3055 3476 3121 ,βασιλεὺς
3524 3056 3621 3109 διὰ

1963 3154 2205 3224 πολλὴν
2232 3156 2503 3227 δύναμιν,
2529 3156 2626 3209 καί
2654 3155 2825 3224 γίγας
2849 3156 2921 3209 οὐ
2948 3154 3281 3221 σωθήσεται
3309 3155 3380 3207 ἐν
3406 3155 3619 3221 πλήθει

1968 3259 2179 3327 ἰσχύος
2212 3257 2417 3312 αὐτοῦ.
2459 3256 2569 3310 Καὶ
2589 3258 2645 3310 ἐν
2676 3256 2844 3326 ἐτέρῳ
2890 3255 2946 3307 δὲ
2980 3254 3140 3309 πάλιν
3185 3254 3383 3325 ψαλμῷ
3426 3272 3618 3326 φησιν’

1962 3361 2081 3412 Οὺκ
2117 3358 2185 3411 ἐν
2220 3355 2294 3425 τῇ
2320 3356 2640 3423 δυναστείᾳ
2681 3356 2786 3409 τοῦ
2832 3356 3021 3408 ἵππου
3071 3354 3335 3419 θελήσει,
3383 3356 3520 3409 οὐτε
3554 3356 3624 3410 έν·

1968 3461 2095 3526 ταῖς
2131 3460 2383 3530 κνήμαις
2417 3460 2523 3514 τοῦ
2552 3458 2767 3526 ἀνδρὸς
2796 3456 3048 3513 εὐδοκεῖ.
3095 3456 3381 3510 Εὺδοκεῖἀ
3412 3459 3625 3528 ΚτίῬιος

1967 3558 2064 3611 ἐπὶ
2096 3538 2237 3624 τοὺς
2279 3558 2684 3627 φοϐουμένους
2723 3557 2928 3609 αὐτόν.
2968 3554 3076 3609 Καὶ
3101 3554 3449 3624 ἐνεπλήσθη
3482 3558 3519 3625 η
3546 3559 3625 3628 γῆ

1963 3656 2396 3727 βδελυγμάτων
2443 3654 2562 3709 τῶν
2611 3656 2800 3723 ἔργων
2844 3653 2963 3707 τῶν
3008 3652 3219 3722 χειρῶν
3271 3654 3487 3719 αὐτῶν,
3524 3658 3623 3711 καί
3724 3664 3729 3667 “

1969 3757 2436 3826 προσεκύνησαν
2485 3749 2576 3819 οἷς
2621 3754 2915 3823 ἐποίησαν
2959 3756 3014 3808 οἱ
3059 3752 3343 3808 δάκτυλοι
3406 3753 3624 3809 αὐτῶν.

1971 3857 2179 3928 Ὥσπερ
2219 3856 2379 3926 σοφὸς
2410 3855 2609 3927 ἰατρὸς,
2649 3856 2678 3909 ό
2724 3854 3007 3925 προφήτης
3048 3853 3140 3906 τοῦ
3178 3853 3484 3924 νοσήματος
3528 3855 3630 3924 τὴν

1970 3955 2145 4009 αἰτίαν
2177 3954 2344 4023 λέγει,
2368 3954 2461 4008 καί
2486 3954 2585 4025 τὴν
2610 3951 2789 4023 πηγὴν
2816 3951 2909 4005 τοῦ
2923 3952 3245 4023 νοσήματος.
3275 3952 3497 4005 Μέλλων
3518 3953 3629 4023 γὰρ

1971 4054 2289 4124 κατηγορεῖν
2333 4052 2509 4106 αὐτῶν
2554 4050 2652 4121 τὴν
2696 4050 2970 4114 ἀσέϐειαν,
3028 4049 3315 4124 προλαϐὼν
3361 4044 3481 4103 εἷπε
3527 4053 3628 4114 τὰς

1970 4150 2223 4222 ἀφορμὰς
2259 4150 2359 4221 τῆς
2407 4150 2736 4221 ἀρρωστίας,
2786 4148 3170 4222 φιλαργυρίαν,
3211 4149 3487 4214 ἀπόνοιαν,
3527 4150 3627 4212 τὰς

1970 4250 2031 4302 οὐ
2071 4248 2447 4321 προσηκούσας
2494 4248 2794 4320 ἐπιμιξίας,
2847 4248 3022 4318 δηλῶν
3074 4248 3155 4301 ὅτι
3203 4246 3449 4300 ἐντεῦθεν
3484 4249 3630 4306 κατὰ

1974 4348 2165 4420 μικρὸν
2193 4348 2654 4418 ύπεσκελίσθησαν
2686 4349 2767 4410 εἰς
2804 4347 2864 4401 τὸ
2896 4347 2996 4414 τῆς
3030 4346 3300 4407 ἀπωλείας
3331 4344 3625 4415 βάραθρον,

1972 4449 2067 4501 καλ⁸
2111 4446 2302 4502 εἴδωλα
2351 4447 2779 4518 προσεκύνησαν.
2815 4439 2945 4499 Εἶτα
2991 4443 3267 4513 κωμῳδῶν
3310 4443 3488 4496 αὐτῶν
3529 4444 3628 4514 τὴν

1971 4547 2282 4620 θρησκείαν,
2312 4548 2577 4615 ἐπήγαγε,
2620 4545 2739 4597 Τῶν
2778 4545 2965 4613 ἔργων
2998 4542 3116 4597 τῶν
3147 4542 3360 4611 χειρῶν
3406 4541 3622 4597 αὐτῶν.

1972 4649 2037 4701 Τί
2078 4648 2185 4719 γὰρ
2219 4649 2284 4700 ἂν
2321 4647 2528 4715 γένοιτο
2568 4643 3096 4713 καταγελαστότερον
3141 4641 3287 4705 ἄλλο,
3324 4641 3359 4713 ἢ
3382 4641 3507 4693 ὅταν
3535 4642 3628 4694 ἄν·

1973 4750 2186 4821 θρωπος
2206 4747 2528 4819 δημιουργὸς
2553 4743 2586 4818 ᾖ
2612 4746 2767 4812 θεούς
2788 4745 3067 4815 Βδέλυγμα
3096 4742 3151 4794 δέ
3174 4741 3361 4794 εἴωθεν
3386 4742 3419 4810 ή
3437 4741 3629 4814 Γραφῇ

1973 4850 2155 4903 καλεῖν
2198 4848 2265 4901 τὰ
2293 4850 2517 4902 εἰδωλα’
2551 4845 2799 4899 ἐντεῦθεν
2842 4846 2935 4899 καὶ
2976 4844 3249 4913 βδέλυγμα
3297 4839 3629 4911 ἐρημώσεως

1972 4951 2184 5019 λέγεται
2208 4952 2236 5003 ό
2254 4950 2469 5021 ἀνδριὰς
2488 4951 2517 5003 ὁ
2538 4950 2629 5001 ἐπὶ
2646 4947 2739 5000 τοῦ
2754 4946 2879 5000 ναοῦ
2902 4944 3091 5007 ἐστώς.
3119 4940 3423 5011 Ὄτανγὰρ
3445 4941 3630 5007 ἴδητε,

1973 5049 2122 5119 φησὶ,
2151 5049 2217 5102 τὸ
2239 5049 2549 5116 βδέλυγμα
2588 5046 2697 5113 τῆς
2729 5043 3076 5112 ἐρημώσεως
3130 5038 3319 5104 ἑστὼς
3360 5038 3429 5091 ὲν
3471 5039 3634 5102 τόπῳ

1972 5149 2115 5217 ἁγίῳ
2146 5166 2159 5179 ·
2196 5151 2228 5203 ό
2262 5146 2688 5217 ἀναγινώσκων
2732 5144 2960 5198 νοείτω.
3027 5139 3241 5208 Ἐπειδὴ
3283 5136 3393 5208 γὰρ
3436 5137 3630 5201 αὐτοὺς

1973 5248 2223 5317 ἀπήγαγε
2255 5246 2346 5299 τοῦ
2375 5246 2507 5315 πρὸς
2538 5244 2608 5297 τά
2631 5242 2863 5313 αἰσθητά
2894 5242 3211 5309 ἐπτοῆσθαι,
3259 5239 3633 5309 ἀπηγόρευσεν

1973 5348 2151 5410 αὐτοῖς
2200 5347 2304 5400 πᾶν
2337 5345 2680 5413 ἐξεικόνισμα
2714 5343 2970 5413 ποιῆσαι*
3028 5343 3121 5393 καὶ
3170 5340 3443 5410 βδέλυγμα
3475 5334 3633 5390 τοῦτο

1975 5446 2216 5509 ἐκάλεσε,
2247 5444 2527 5517 πόρρωθεν
2548 5442 2742 5505 αὐτοὺς
2769 5440 3105 5495 ἀναστέλλων
3135 5439 3234 5509 τῆς
3257 5435 3508 5496 ἀσεϐείας
3530 5449 3544 5464 ε
3572 5434 3632 5485 τὸ

1973 5545 2080 5616 γάρ
2120 5544 2491 5614 βδελύττεσθαι
2539 5544 2599 5597 τὸ
2642 5543 2758 5613 μεθ’
2788 5540 3091 5613 ὑπερϐολῆς
3125 5540 3239 5591 ἐστι
3304 5537 3502 5607 μισεῖν,
3550 5532 3626 5596 ὡς

1974 5644 2301 5715 ἀκάθαρτον,
2324 5643 2397 5706 ώς
2428 5643 2635 5710 ἐναγές.
2685 5642 2760 5695 Τὸ
2792 5642 2969 5695 τοίνυν
3010 5639 3281 5710 βδέλυγμα
3316 5634 3375 5688 τὸ
3408 5631 3633 5704 μισητὸν

2040 5876 2059 5901 ⁸⁵
2092 5872 2208 5931 Reg.
2237 5874 2288 5918 cl
2306 5865 2776 5931 8ω·ἱί.γάνοιγόμενοι.

2040 5932 2063 5970 d
2089 5920 2207 5994 negl
2234 5930 2429 5980 eoeo-m2
2464 5930 2510 5977 in
2537 5920 2711 5986 ru'zu‘ro,
2737 5924 2872 5985 quasi
2895 5921 2953 5971 ab
2982 5920 3225 5975 εύὸοκίζω.
