4156 6312
178 351 247 406 37
1484 349 1549 404 IN
1608 346 1850 413 ISAIAM,
1878 347 2028 403 CAP.
2072 349 2134 404 ll.
3351 359 3423 416 38

169 470 344 512 uincto
367 477 386 523 ;
415 461 504 530 qui
534 462 647 531 legit
668 504 683 526 ,
713 461 959 533 intelligat
988 461 1199 534 (Matth.
1231 462 1318 515 24.
1353 463 1460 529 15).
1485 462 1745 530 Quoniam

172 548 311 601 enim
333 549 484 616 ipsos
504 552 793 606 abduxerat
809 567 874 606 ne
894 552 1105 605 sensilia
1135 550 1541 616 admirarentur,
1571 550 1749 618 prohi—

169 638 280 692 buit
298 640 435 708 ipsis
452 657 519 695 ne
538 644 777 711 quamvis
796 644 1076 712 imaginem
1102 643 1360 705 facerent;
1379 643 1606 711 illudque
1628 642 1750 695 abo-

169 727 527 785 minutionem
553 734 779 795 vocavit,
808 735 988 802 procul
1019 734 1136 787 illos
1161 748 1384 788 avocans
1411 735 1476 785 ab
1506 744 1747 800 impieta-

167 827 216 870 te
241 818 487 890 (Dau.9.
509 821 623 892 27).
653 822 783 875 Nam
815 823 1109 876 abominari
1137 837 1294 890 supra
1328 822 1541 876 modum
1570 822 1745 874 odisse

164 920 279 975 est,
339 914 493 981 quasi
540 915 834 982 impurum.
878 915 1027 983 quasi
1078 913 1479 967 exsecrandum.
1526 911 1745 965 Abomi-

166 999 353 1055 nabile
382 1002 558 1069 igitur,
603 1018 844 1069 perosum
873 1014 927 1055 et
954 1006 1227 1056 aversione
1261 1003 1475 1070 dignum
1513 1002 1563 1053 in
1606 1000 1745 1053 Scri-

171 1098 328 1155 ptura
360 1090 570 1145 dicitur.
607 1094 805 1145 Idolum
836 1103 1011 1147 autem
1038 1093 1259 1161 quodvis
1301 1090 1597 1159 bujusmodi
1640 1099 1738 1143 est.

168 1176 230 1229 Et
260 1179 604 1235 adorauerunt
627 1199 738 1250 qua’
763 1187 982 1249 fecerunt
1008 1184 1150 1252 digiti
1171 1199 1360 1236 eorum.
1390 1182 1443 1235 9.
1468 1180 1533 1233 Et
1570 1181 1744 1233 incur-

162 1271 299 1321 vari:
349 1287 406 1323 se
444 1271 588 1324 homo
608 1314 622 1334 ,
651 1283 696 1324 et
737 1274 1028 1327 humiliatus
1056 1282 1128 1327 est
1167 1277 1260 1327 vir.
1291 1272 1740 1340 Quemadmodum

163 1361 311 1412 enim
344 1362 585 1415 adomtio
612 1363 699 1416 Dei
728 1364 993 1417 hominem
1021 1365 1071 1417 in
1099 1365 1259 1417 altum
1288 1363 1485 1428 evehit,
1529 1363 1603 1414 sic
1647 1361 1742 1416 ad-

164 1450 341 1501 oratio
373 1466 556 1503 eorum
582 1452 830 1522 deprimit
859 1454 1155 1522 dcjieitque.
1176 1453 1308 1519 Quid
1332 1454 1467 1506 enim
1490 1452 1743 1519 abjectius

165 1536 392 1593 homine
412 1582 427 1601 ,
458 1542 544 1608 qui
586 1557 614 1595 a
639 1545 805 1596 salute
832 1543 1046 1605 decidit,
1080 1544 1547 1610 universorumque
1580 1543 1740 1595 Deum

167 1628 445 1682 inimicum
475 1631 572 1682 sibi
607 1632 872 1696 reddidit,
905 1631 993 1700 qui
1025 1632 1322 1684 inanimatis
1357 1645 1415 1683 se
1454 1630 1731 1692 submittit,

165 1727 215 1769 et
246 1719 457 1784 lapides
482 1721 641 1772 colit?
664 1722 802 1774 Deus
819 1722 1013 1790 quippe
1045 1724 1094 1774 in
1126 1730 1322 1774 tantum
1356 1738 1451 1774 nos
1485 1721 1737 1775 honorem

166 1806 384 1871 evexit,
412 1817 467 1861 ut
491 1810 634 1863 cadis
659 1812 814 1863 etiam
845 1825 941 1865 nos
966 1811 1300 1865 sublitniores
1324 1811 1600 1874 redderet;
1623 1811 1727 1863 dia-

162 1895 323 1950 holus
346 1912 441 1951 eos
470 1900 557 1967 qui
588 1900 685 1953 sibi
716 1901 1142 1969 obsequebantur
1171 1901 1222 1953 in
1256 1910 1451 1953 tantam
1484 1900 1736 1953 vilitatem

163 1988 409 2055 deduxit,
439 1999 497 2044 ut
525 1991 860 2045 insensilibus
884 1992 1242 2046 insensiliores
1273 1991 1490 2045 faceret.
1519 1991 1641 2045 Ideo
1666 1992 1737 2043 ait

165 2078 426 2145 pmpbeta
457 2096 471 2131 :
506 2078 808 2133 Humiliatus
845 2090 916 2134 est
954 2081 1046 2133 vir.
1092 2078 1402 2134 Sufficiebat
1437 2089 1580 2134 certe
1623 2080 1735 2133 bzec

164 2171 437 2223 accusatio
465 2180 522 2225 ut
558 2182 731 2226 mente
762 2172 1038 2240 prmditum
1068 2173 1134 2226 ab
1164 2172 1263 2226 hoc
1292 2171 1477 2225 morbo
1502 2172 1733 2226 abduce-

164 2270 263 2312 ret.
296 2260 495 2314 Verum
541 2262 659 2330 quia
700 2262 937 2331 plerique
966 2261 1206 2316 homines
1233 2276 1337 2315 non
1367 2270 1471 2315 tam
1521 2274 1731 2330 peccata

163 2365 322 2417 quam
354 2352 609 2418 supplicia
660 2350 963 2416 formidant,
993 2351 1081 2405 ille
1115 2351 1426 2420 supplicium
1472 2351 1729 2419 adjunxit,

162 2439 349 2493 dicens
383 2456 398 2491 :
448 2439 566 2493 Non
610 2441 856 2493 dimittam
884 2457 986 2494 eos.
1019 2440 1131 2496 Non
1173 2441 1505 2506 condonabo,
1538 2441 1727 2509 inquit.

163 2543 268 2581 non
297 2529 585 2593 dimittam,
610 2545 712 2583 non
752 2530 1033 2598 negligam,
1058 2529 1151 2584 sed
1177 2530 1411 2584 rationes
1445 2544 1732 2599 poenasque

164 2629 404 2686 repetant
451 2621 733 2674 scelerum.
764 2622 848 2675 10.
883 2620 949 2674 Et
975 2636 1107 2673 nunc
1132 2620 1332 2674 introite
1378 2621 1431 2674 in
1463 2630 1653 2690 petras,
1686 2630 1731 2673 et

162 2712 529 2763 abscondimini
549 2713 601 2764 in
627 2721 756 2765 terra
778 2729 809 2764 a
837 2714 966 2783 facie
983 2714 1174 2766 timoris
1190 2711 1416 2767 Domini.
1446 2713 1729 2782 Postquam

163 2803 374 2855 illorum
395 2802 872 2873 insipientiam,qui
900 2804 1036 2859 idola
1062 2804 1304 2868 adorant,
1331 2807 1459 2860 satis
1478 2805 1726 2869 traduxit,

161 2898 207 2943 et
237 2905 268 2943 a
296 2891 459 2944 modo
484 2891 772 2947 fabricandi
797 2909 980 2948 eorum
1014 2896 1295 2949 amentiam
1326 2895 1578 2951 ostendit.
1604 2911 1726 2949 nec-

160 2994 267 3033 non
294 2981 552 3035 idolorum
577 2983 1022 3049 imbecillitatem;
1043 2999 1224 3037 rursus
1247 2986 1419 3039 verbis
1435 2996 1725 3053 eoncertat,

157 3080 211 3126 et
232 3072 496 3127 dictorum
532 3074 922 3141 inquisitionem
943 3091 1119 3129 rerum
1148 3077 1484 3143 experientiae
1508 3078 1726 3146 permit-

160 3166 241 3227 tit,
274 3165 452 3233 aitque
484 3182 497 3217 :
524 3164 829 3219 Sufficiebat
852 3164 976 3219 mihi
1008 3180 1100 3235 per
1120 3165 1219 3219 hoc
1248 3166 1415 3233 ipsum
1446 3166 1580 3235 quod
1615 3165 1727 3220 hmc

156 3252 298 3307 facta
329 3262 454 3307 sunt
481 3254 545 3307 ab
572 3255 888 3320 hominibus,
922 3270 1106 3309 eorum
1134 3256 1220 3324 qui
1254 3255 1458 3325 decepti
1490 3265 1611 3309 sunt
1643 3257 1725 3309 in-

158 3344 460 3410 sipientiam
485 3346 777 3400 ostendisse
801 3363 813 3397 :
839 3346 957 3415 quia
987 3361 1112 3399 vero
1133 3345 1398 3415 impietate
1424 3363 1520 3401 ceu
1553 3349 1727 3402 ebrie-

160 3442 269 3488 tate
296 3434 523 3503 quadam
546 3438 833 3504 aggravati,
864 3437 1003 3490 circa
1034 3450 1118 3490 res
1146 3439 1314 3490 claras
1338 3447 1390 3490 et
1420 3438 1726 3491 manifestas

146 3526 480 3588 mutiuut,
511 3526 640 3579 tales
669 3528 850 3579 urbem
880 3527 1142 3595 excipient
1170 3528 1514 3590 calamitates,
1550 3539 1603 3581 ut
1643 3531 1722 3581 vel

143 3629 253 3667 eos
295 3615 385 3683 qui
429 3615 709 3668 admodmn
757 3618 950 3685 stupidi
995 3628 1116 3670 sunt
1162 3617 1407 3683 doceant,
1434 3628 1626 3688 quanta
1660 3620 1727 3673 sit

158 3702 373 3756 illorum
404 3703 751 3766 imbecillitas,
779 3713 832 3758 et
866 3712 1061 3773 quanta
1089 3704 1179 3758 Dei
1208 3706 1460 3774 potentia.

229 3792 284 3846 8.
328 3792 526 3845 Idcirco
553 3804 829 3862 antequam
854 3794 922 3847 de
946 3794 1085 3848 bello
1112 3794 1373 3863 loquatur,
1402 3811 1519 3865 quae
1543 3811 1607 3851 ex
1634 3797 1726 3851 illo

157 3891 546 3950 consequutura
574 3884 680 3936 sint
702 3884 891 3952 aperit,
923 3885 1232 3954 prmcipiens
1255 3895 1310 3939 ut
1339 3886 1388 3939 in
1431 3898 1606 3956 petras
1641 3888 1691 3941 in
1710 3916 1724 3929 ο

159 3973 484 4040 gradiantur,
530 3981 585 4026 et
618 3974 716 4026 sub
752 3974 863 4041 ipsa
905 3981 1043 4027 terra
1084 3974 1415 4039 delitescant,
1454 3991 1557 4029 non
1590 3984 1645 4029 ut
1675 3976 1723 4029 id

158 4072 337 4131 agant,
363 4062 457 4115 sed
482 4072 538 4116 ut
563 4063 683 4117 hinc
702 4064 956 4129 ediscant,
994 4080 1147 4133 quam
1179 4066 1500 4119 intoleranda
1542 4068 1611 4121 sit
1649 4068 1724 4120 ira

162 4152 256 4204 Dei
289 4163 411 4205 tunc
439 4152 559 4205 illos
601 4154 866 4208 invasura.
950 4153 1081 4206 Nam
1108 4155 1181 4206 ait
1213 4171 1225 4207 :
1267 4154 1639 4207 Abscondimini
1674 4158 1726 4207 in

159 4253 296 4293 terra
330 4257 362 4292 a
396 4241 524 4310 facie
559 4242 749 4294 timoris
792 4240 1017 4308 Domini,
1049 4252 1094 4295 et
1138 4260 1169 4295 α
1212 4242 1373 4313 gloria
1418 4245 1726 4313 fortitudinis

159 4336 293 4402 ejus,
325 4349 437 4385 cum
463 4334 731 4386 surrexerit
750 4344 1005 4402 percutere
1032 4343 1233 4387 terram.
1264 4334 1378 4388 Non
1404 4336 1475 4389 ait
1498 4344 1723 4399 tantum,

161 4427 202 4475 Α
237 4423 542 4477 fortitudine
577 4426 721 4490 ejus,
760 4424 875 4488 sed,
916 4424 961 4477 Α
1004 4425 1164 4495 gloria
1207 4427 1532 4495 fortitudinis.
1580 4426 1725 4481 Talia

162 4529 392 4582 namque
419 4524 544 4567 sunt
568 4516 680 4581 ejus
710 4515 959 4583 praeclara
989 4525 1155 4583 gesta,
1188 4518 1306 4569 talia
1335 4527 1553 4587 tropaea,
1591 4518 1724 4572 mul-

164 4611 278 4654 tum
308 4604 663 4671 Splendorem,
689 4608 907 4658 multam
934 4606 1239 4673 dignitatem
1268 4622 1375 4675 pra:
1404 4623 1461 4661 se
1488 4609 1723 4662 ferentia.

166 4695 265 4749 Hic
294 4696 417 4749 mihi
444 4697 648 4766 videtur
676 4699 943 4750 victoriam
975 4699 1112 4750 illam
1155 4700 1448 4766 signiﬁcare
1488 4716 1604 4768 qua:
1631 4701 1727 4753 sub

164 4784 388 4839 Ezecbia
418 4786 654 4853 contigit,
680 4794 870 4839 terram
903 4801 1098 4839 vocans
1138 4789 1521 4841 multitudinem
1554 4789 1725 4842 homi-

164 4894 315 4943 num,
342 4888 395 4932 et
435 4878 824 4947 percussionem
856 4878 1063 4931 illorum
1107 4880 1330 4944 ruinam,
1377 4881 1723 4933 resurrectio-

165 4985 291 5024 nem
316 4986 439 5023 vero
464 4969 579 5037 ejus
603 4984 870 5037 egressum
898 4968 961 5021 ad
988 4969 1359 5022 auxnliandnm.
1390 4970 1728 5035 Quandoqui-

162 5059 291 5112 dem
314 5069 365 5113 et
395 5059 554 5111 David
580 5058 704 5112 dicit
732 5074 744 5109 :
781 5058 1030 5126 Exsurgat
1057 5058 1210 5122 Deus,
1235 5069 1279 5111 et
1307 5062 1609 5128 dissipentur
1634 5061 1731 5111 ini-

166 5149 291 5199 mici
316 5150 418 5216 ejus
445 5148 614 5218 (Psal.
648 5148 733 5199 67.
761 5146 856 5215 2;;
885 5162 947 5199 ac
978 5162 1157 5200 rursus
1190 5166 1201 5201 :
1236 5149 1415 5217 Surge.
1459 5150 1611 5208 Deus.
1639 5151 1730 5215 ju-

166 5236 288 5286 ὤεα
312 5245 488 5287 terram
516 5235 687 5307 (Psal.
727 5236 814 5289 8|.
846 5236 935 5302 8);
966 5236 1032 5288 ab
1064 5236 1304 5289 lnnntanis
1331 5239 1494 5306 gestis
1531 5248 1584 5291 et
1615 5256 1728 5289 mo-

164 5324 252 5375 dis
282 5324 362 5376 Dei
389 5324 719 5391 Operationes
740 5325 1063 5393 exprimens.
1093 5325 1177 5379 ll.
1206 5327 1354 5378 Oculi
1375 5329 1503 5379 enim
1527 5327 1729 5380 Domini

169 5414 421 5475 sublimes,
456 5416 603 5468 homo
643 5425 809 5467 autem
853 5416 1075 5468 humilis.
1126 5417 1321 5472 Deinde
1364 5435 1428 5473 ne
1471 5420 1726 5487 quispiam

169 5504 665 5559 audientiumdietis
693 5516 908 5576 negaret
931 5507 1083 5560 tidem
1128 5506 1326 5577 (multis
1366 5511 1503 5563 enim
1544 5521 1728 5565 contra

168 5611 321 5662 spem
349 5609 397 5651 et
422 5602 868 5665 expectationem
897 5612 1010 5652 erat
1040 5599 1089 5652 id
1130 5602 1264 5667 quod
1297 5614 1604 5656 eventurum
1646 5603 1726 5655 di-

172 5685 708 5760 cebat),confugiebat
727 5689 791 5742 ad
821 5689 1352 5758 potentiamOpiticis,
1382 5703 1431 5746 et
1459 5694 1521 5746 ad
1546 5710 1722 5749 eorum

1856 477 1943 529 qm
1968 462 2298 529 patiebantur
2327 463 2754 519 imbecillitatem.
2787 464 2963 536 Neque
2989 466 3148 533 enim,
3178 470 3269 531 ait,
3304 469 3414 523 Deo

1854 561 1933 606 est
1953 552 2218 621 quidpiam
2246 553 2541 615 sublimius,
2574 570 2742 623 neque
2788 558 3082 612 hominibus
3123 558 3295 613 vilius.
3331 559 3409 613 Ne

1854 654 1981 708 ergo
2006 640 2232 704 dubites,
2265 656 2388 692 num
2416 642 2577 708 possit
2608 643 2693 695 ille
2722 659 2937 711 magnus
2963 654 3014 698 et
3040 644 3191 700 fortis
3243 648 3410 701 imbe-

1852 733 2001 786 cillos
2018 734 2092 785 sic
2113 734 2385 787 confestim
2405 735 2717 801 deprimere.
2746 738 2807 790 Et
2831 741 3065 806 apposite
3084 742 3232 802 dixit.
3261 743 3419 795 Oculi

1852 819 2055 872 Domini
2081 821 2330 874 sublimes.
2360 822 2470 874 Non
2501 823 2647 888 dixit,
2679 826 2935 892 Potentia,
2962 829 3075 893 sed,
3121 830 3270 884 Oculi
3297 831 3407 884 Do-

1850 910 1991 971 mini,
2021 912 2165 978 quasi
2195 911 2337 963 solus
2362 924 2604 979 aspectus
2627 916 2789 979 possit
2814 917 2985 969 omnia
3016 919 3115 971 sibi
3144 922 3406 975 reluctan-

1852 1001 1917 1051 tia
1952 1009 2323 1067 prosternere:
2356 1001 2403 1052 id
2429 1002 2565 1069 quod
2595 1005 2751 1054 etiam
2793 1005 2948 1059 David
2990 1007 3110 1059 alibi
3153 1010 3353 1063 dicebat
3392 1030 3404 1063 :

1852 1088 1951 1152 Qui
1974 1092 2172 1158 respicit
2203 1102 2402 1153 terram,
2446 1103 2489 1143 et
2533 1096 2652 1162 facit
2693 1110 2800 1144 eam
2838 1104 3039 1149 tremere
3079 1096 3245 1169 (Psal.
3285 1101 3403 1156 105.

1846 1176 1969 1244 52);
2002 1187 2050 1230 et
2079 1178 2211 1231 alius
2240 1179 2428 1232 iterum
2459 1183 2706 1247 propheta
2743 1199 2755 1235 :
2788 1183 3065 1251 Despiciam
3108 1188 3172 1238 ad
3201 1204 3331 1255 eum,
3360 1200 3406 1242 et

1848 1268 2122 1335 prwvalebo
2172 1270 2235 1321 ei.
2289 1268 2353 1321 Et
2400 1270 2744 1322 humiliabitur
2792 1272 3001 1326 altitudo
3044 1276 3315 1344 hominum,
3362 1291 3407 1333 et

1846 1359 2144 1411 exaltabitur
2188 1359 2430 1412 Dominus
2472 1362 2608 1415 solus
2643 1364 2695 1414 in
2749 1364 2828 1415 die
2869 1366 2957 1417 illa
3006 1367 3156 1437 (Osee
3198 1372 3280 1423 Η.
3325 1374 3402 1441 4).

1844 1448 2131 1516 Conspecta
2163 1452 2301 1503 enim
2346 1451 2426 1503 illa
2461 1453 2722 1521 inopinata
2756 1456 2993 1521 victoria,
3039 1459 3244 1529 illisque
3277 1478 3403 1517 eon-

1845 1537 2038 1604 spieuis
2059 1538 2485 1607 admirandisque
2510 1542 2737 1609 tropmis,
2763 1543 3027 1599 darmones
3048 1548 3235 1604 devicti
3258 1564 3401 1622 sunt,

1846 1626 1980 1679 idola
2006 1626 2268 1682 dedecore
2294 1629 2498 1694 affecta,
2533 1632 3101 1701 pseudoprophetarum
3126 1656 3214 1692 ora
3245 1643 3401 1696 obtu-

1844 1727 1975 1780 rata,
2010 1715 2346 1771 barbarorum
2378 1721 2612 1788 tyrannis
2641 1723 2827 1785 soluta,
2879 1735 2927 1777 et
2964 1739 3022 1778 os
3053 1742 3228 1794 omne,
3259 1734 3398 1800 quod

1846 1806 1950 1858 Deo
1978 1809 2336 1873 aversabatur,
2369 1812 2697 1866 obstructum
2726 1822 2824 1867 est.
2869 1815 2989 1870 Ideo
3014 1821 3103 1884 ait,
3140 1820 3401 1878 Exultubi-

1842 1904 1922 1947 tur
1946 1895 2192 1951 Dominus
2216 1902 2372 1952 solus.
2405 1900 2588 1954 Nullus
2615 1904 2717 1955 erit
2739 1903 2987 1973 deinceps
3021 1909 3106 1976 qui
3133 1913 3396 1967 contradio

1840 1996 1942 2048 cat,
1967 2002 2063 2040 nec
2086 1990 2170 2057 qui
2194 1990 2261 2043 de
2286 1991 2374 2043 Dei
2405 1992 2632 2057 potentia
2652 1993 2871 2053 dubitet,
2893 2010 3010 2048 eum
3035 2013 3209 2054 rerum
3226 2013 3400 2070 gesta-

1842 2092 1953 2131 rum
1970 2078 2348 2133 demonstratio
2368 2083 2757 2136 evidentiSsima
2781 2083 2952 2139 fuerit.
2971 2087 3178 2142 Natura:
3204 2093 3396 2161 quippe

1837 2166 2027 2221 divina:
2053 2169 2305 2223 celsilmlo
2338 2180 2583 2239 perpetua
2610 2182 2709 2232 est.
2755 2189 2818 2227 ac
2848 2191 3127 2244 numquam
3158 2180 3392 2250 inempit,

1837 2257 1929 2311 sed
1954 2272 2163 2327 semper
2188 2270 2296 2324 est;
2329 2262 2549 2315 exaltari
2575 2273 2750 2316 autem
2786 2263 2975 2319 dicitur
3004 2267 3053 2319 in
3099 2280 3271 2323 mente
3300 2272 3393 2323 ho-

1837 2352 2055 2415 minmn,
2088 2354 2296 2422 quando
2325 2355 2356 2407 ii
2388 2355 2474 2423 qui
2502 2355 2929 2409 contmdieebant
2970 2368 3024 2410 et
3066 2360 3392 2416 reluctaban-

1839 2451 1941 2503 tur,
1970 2441 2080 2509 ipsa
2113 2458 2289 2496 rerum
2314 2443 2761 2497 demonstratione
2784 2447 3055 2509 suadente,
3088 2449 3299 2517 cedunt,
3330 2467 3390 2506 ac

1832 2538 2213 2597 competentem
2255 2531 2666 2586 benedictionem
2698 2532 2947 2587 referunt.
2980 2535 3061 2588 12.
3106 2536 3223 2591 Dies
3259 2541 3389 2592 enim

1834 2617 2034 2672 Domini
2064 2619 2287 2673 Sabaoth
2314 2622 2508 2675 aduenit
2531 2639 2678 2691 super
2698 2640 2889 2675 omnem
2913 2628 3318 2681 contumeliosum
3339 2640 3387 2681 et

1832 2712 2117 2777 superbum,
2139 2721 2184 2763 et
2211 2728 2357 2781 super
2380 2728 2571 2765 omnem
2591 2714 2835 2766 excelsum
2859 2724 2902 2766 et
2926 2714 3202 2785 sublimem,
3223 2726 3269 2771 et
3296 2720 3393 2771 hu-

1834 2799 2172 2855 miliubuntur.
2200 2803 2285 2855 15.
2316 2801 2382 2855 Et
2411 2819 2563 2871 super
2582 2820 2775 2856 onmem
2799 2804 3002 2858 cedrum
3030 2806 3208 2861 Libani
3234 2815 3389 2863 carel-

1831 2905 1938 2941 sam
1966 2900 2010 2941 et
2036 2890 2315 2955 sublimem,
2348 2901 2391 2945 et
2414 2908 2562 2961 super
2584 2909 2774 2945 omnem
2806 2894 3030 2947 arborem
3057 2897 3256 2965 glandis
3280 2898 3386 2951 Bu-

1830 2995 1920 3031 san
1948 2979 2044 3047 (a).
2073 2981 2157 3034 14.
2187 2980 2252 3033 Et
2277 2998 2425 3050 super
2450 2999 2645 3036 onmem
2673 2994 2885 3036 montem
2928 2986 3194 3053 excelsum,
3223 2999 3269 3041 et
3305 3006 3387 3041 su-

1829 3086 1918 3137 per
1939 3087 2131 3125 onmem
2158 3088 2354 3124 murum
2380 3073 2656 3125 sublimem.
2690 3075 2777 3127 15.
2801 3074 2866 3127 Et
2894 3092 3043 3144 super
3066 3092 3259 3130 omnem
3282 3090 3388 3131 tur-

1830 3162 1924 3214 rim
1952 3162 2225 3215 sublimem.
2261 3164 2346 3217 l6.
2389 3162 2455 3214 Et
2480 3179 2628 3231 super
2653 3180 2796 3217 omne
2832 3165 3080 3234 navigium
3124 3168 3295 3230 maris,
3338 3179 3387 3222 et

1828 3269 1975 3321 super
2000 3269 2192 3306 onmem
2220 3264 2471 3320 aspectum
2514 3252 2896 3322 pulchritudinis
2928 3256 3144 3309 navium.
3187 3258 3273 3311 17.
3324 3259 3387 3311 Et

1830 3343 2176 3395 ltumiliubitur
2213 3343 2424 3395 altitudo
2469 3344 2747 3407 hominum,
2790 3353 2834 3396 et
2876 3345 3174 3398 exaltabitur
3215 3345 3386 3400 Domi-

1829 3447 1921 3483 nus
1958 3433 2094 3485 solus
2135 3433 2187 3484 in
2227 3433 2306 3484 die
2343 3433 2453 3484 illa.
2500 3433 2701 3485 Murum
2746 3432 2849 3496 hic,
2892 3434 3129 3499 eedrum,
3173 3436 3382 3504 collem,

1827 3537 2077 3590 quercum
2122 3532 2359 3590 potentes
2402 3523 2642 3575 homines
2688 3531 2857 3587 vocat,
2910 3523 3178 3578 altitudine
3209 3525 3387 3594 lltljﬂs-

1828 3610 1968 3664 modi
1994 3611 2241 3664 arborum
2269 3626 2451 3665 eorum
2482 3611 2769 3681 potentiam
2799 3612 3151 3681 metaphorice
3187 3616 3385 3684 signiti-

1827 3714 1993 3753 cans:
2022 3715 2085 3754 ac
2112 3715 2231 3753 cum
2263 3700 2522 3767 navigium
2552 3712 2604 3753 et
2638 3710 2905 3768 aSpectum
2947 3703 3380 3770 pulchritttdinis‘

1828 3790 2034 3843 navium
2063 3789 2208 3856 dicit,
2234 3804 2327 3844 eos
2356 3790 2668 3853 subindieat,
2696 3791 2782 3858 qui
2805 3800 2926 3843 sunt
2952 3792 3325 3861 opulentiores.

1897 3881 1950 3937 9.
1994 3881 2101 3935 Hoc
2121 3894 2297 3935 autem
2319 3882 2429 3934 vult
2448 3882 2761 3950 significare,
2789 3896 2973 3950 nempe
2996 3881 3182 3936 fortem
3200 3898 3383 3952 quem-

1828 3973 1973 4037 libet,
2015 3983 2304 4041 poteutem,
2345 3971 2531 4025 ducem
2570 3972 2849 4035 exercitus,
2890 3987 3150 4040 quemque
3191 3973 3385 4029 divitiis

1828 4064 2297 4127 circumﬂuentem,
2345 4072 2635 4130 totumque,
2681 4072 2735 4115 ut
2780 4066 2846 4115 ita
2886 4062 3077 4129 dicam,
3112 4062 3381 4119 hominum

1829 4154 2071 4207 decorem
2111 4167 2173 4206 ac
2224 4161 2384 4205 lotam
2432 4151 2825 4217 fortitudinem,
2871 4161 2992 4205 tunc
3031 4152 3287 4207 abituram
3331 4166 3382 4209 et

1828 4242 2130 4296 solvendam
2159 4257 2311 4305 esse;
2343 4241 2576 4309 nihilque
2610 4242 2882 4308 patrocinii
2913 4242 3233 4309 profuturum
3263 4258 3381 4298 esse

1829 4333 1893 4387 ad
1925 4332 2268 4402 elfugiendam
2297 4332 2425 4385 iram
2454 4332 2565 4397 Dei,
2596 4347 2697 4383 non
2730 4332 2968 4383 virtutem
2998 4335 3251 4400 corporis,
3278 4348 3380 4388 non

1830 4424 2204 4492 experientiam
2236 4423 2380 4485 belli,
2415 4438 2515 4476 non
2546 4422 2880 4491 pecuniarum
2905 4423 3128 4490 copiam,
3159 4439 3260 4478 non
3292 4440 3382 4493 po-

1830 4516 2005 4571 tentiae
2030 4516 2344 4579 clientelam,
2372 4529 2475 4567 non
2516 4513 2779 4565 exercitus
2818 4513 3246 4582 magnitudinem,
3276 4532 3379 4570 non

1830 4607 1969 4660 aliud
1991 4605 2255 4674 quidpiam
2296 4605 2483 4657 simile.
2522 4603 2721 4657 Cedros
2754 4616 2931 4659 autem
2970 4604 3152 4658 Libani
3186 4621 3383 4660 memo-

1831 4710 1931 4763 rat,
1962 4699 2081 4766 quia
2118 4698 2185 4750 ibi
2231 4698 2455 4749 maxime
2502 4698 2732 4748 nascitur
2780 4699 2890 4749 bare
2930 4696 3104 4759 arbor,
3152 4698 3232 4751 vel
3264 4700 3381 4766 quia

1833 4804 1917 4841 res
1937 4788 2041 4856 jam
2066 4788 2320 4856 proxima:
2349 4795 2470 4839 sunt
2497 4787 2604 4854 (i2);
2633 4797 2897 4854 aspectum
2921 4802 3042 4839 vero
3067 4789 3137 4840 ait
3160 4788 3383 4854 pulchri-

1835 4879 2026 4932 tudinis
2065 4879 2292 4942 navium,
2321 4877 2563 4930 decorem
2595 4876 2783 4928 ducmn
2812 4876 3088 4936 exercitus,
3127 4877 3213 4944 qui
3244 4877 3383 4929 divi-

1836 4970 1940 5034 tiis,
1957 4969 2117 5022 armis
2134 4977 2186 5023 et
2204 4967 2513 5021 satellitibus
2531 4966 2754 5033 stipandi
2774 4965 2958 5018 forent.
2982 4965 3192 5020 Videtur
3209 4976 3385 5022 autem

1897 5103 1911 5133 ι
1939 5108 2085 5164 .tuxta
2108 5100 2321 5164 sat-il._et
2346 5099 2515 5164 M0rcl._
2549 5099 2809 5164 legendum
2823 5107 2970 5164 esset
3101 5112 3264 5149 eorum
3304 5116 3388 5164 po-

1834 5162 2026 5212 tentiam
2049 5168 2092 5210 et
2132 5160 2319 5210 divitias
2342 5158 2655 5221 metaphoricc
2686 5158 2992 5221 signiﬁcans;
3035 5167 3078 5210 et
3110 5174 3218 5211 cum
3257 5158 3386 5219 aspe-

1834 5231 1959 5271 ctum
1982 5221 2363 5284 pulchritudinis,
2391 5230 2508 5280 etc.;
2536 5224 2688 5295 minus
2711 5229 2860 5269 recte.

1898 5303 1969 5365 (α)
1984 5305 2239 5351 ltebraicus
2258 5310 2421 5350 textus
2440 5305 2587 5381 pum
2610 5301 2765 5354 73178.

1899 5392 1969 5501 (b3
1985 5401 2078 5442 Non
2102 5394 2217 5441 satis
2240 5392 2472 5453 perspicio
2496 5390 2605 5452 quid
2630 5392 2717 5437 sibi
2745 5389 2859 5439 velit
2882 5390 3257 5454 Chrysostomus,
3284 5405 3388 5440 eum

1923 5457 1933 5501 i
1972 5467 2031 5501 eo
2054 5454 2225 5501 cedros
2245 5452 2401 5499 Libani
2425 5452 2503 5498 hic
2526 5452 2797 5501 memorari.
2823 5455 2930 5501 uuia
2954 5466 3051 5501 res.
3086 5466 3260 5501 nempe
3283 5466 3388 5501 una:

1835 5452 2031 5503 ait'ideo
2054 5454 2225 5501 cedros
2242 5452 2401 5499 Libani
2425 5452 2503 5513 hic
2526 5452 2797 5506 memorari,
2814 5455 2930 5513 quia
2954 5452 3051 5511 res,
3086 5466 3260 5513 nempe
3283 5466 3388 5512 qua:

1836 5516 2233 5576 praedicebantur,
2254 5512 2349 5573 jam
2374 5512 2600 5576 proxima:
2617 5521 2772 5576 erant.
2799 5512 2869 5576 An
2888 5516 2996 5574 quia
3016 5512 3253 5573 proximus
3289 5520 3390 5563 erat

1834 5573 2009 5623 Judaeze
2031 5576 2246 5627 Libauus,
2274 5586 2360 5633 per
2383 5573 2553 5619 cedros
2583 5573 2737 5619 Libani
2764 5573 2948 5621 excisas
2986 5586 3129 5633 prope.
3154 5585 3276 5633 esse
3310 5584 3391 5620 res

1836 5640 2173 5700 praenuntiatas
2209 5632 2418 5681 diierit?
2453 5640 2517 5682 Ne
2564 5634 2632 5681 sic
2668 5634 2861 5695 quidem
2898 5632 3001 5682 me
3043 5632 3278 5697 quadrare
3319 5644 3383 5680 νι-

1842 5705 2032 5747 dentur.
