4156 6312
798 345 872 400 39
1571 323 1629 380 S.
1665 322 1940 380 JOANNIS
1975 320 2440 378 CIIBY‘EOSTOMI
2485 319 2794 377 ARCIIIEP.
2835 323 3362 383 CONSTANTINOP.
3960 356 4025 410 40

799 440 930 498 mihi
955 437 1287 494 subindicaro
1322 436 1657 506 longinquam
1690 433 2031 489 barbarorum
2065 433 2353 503 expeditio.

800 546 938 585 nem.
968 529 1033 584 18
1080 526 1145 581 Et
1164 530 1453 596 manufacta
1481 525 1648 579 omnia
1667 525 1987 588 abscondent,
2016 526 2101 579 l9.
2130 526 2361 586 Infcren-

798 632 868 675 tes
892 637 949 674 ea
981 621 1036 674 in
1076 635 1313 673 cavernas
1354 634 1415 670 ac
1452 617 1697 669 scissuras
1726 627 2009 686 petrarum,
2040 624 2086 668 et
2111 614 2165 667 in
2193 617 2359 682 foveas

798 724 962 776 terraz,
993 730 1023 764 a
1053 712 1181 782 facie
1206 710 1394 763 timoris
1425 706 1648 771 Domini,
1691 716 1740 758 et
1787 722 1818 757 a
1860 705 2021 775 gloria
2049 703 2358 771 fortitudinis

794 807 920 872 ejus,
949 820 1061 855 cum
1100 800 1366 853 surrexerit
1391 798 1457 851 ad
1484 796 1853 867 percutiendum
1878 804 2077 848 terram.
2111 793 2355 859 Tantum,

796 893 983 961 inquit,
1012 890 1199 956 aberit,
1227 900 1283 943 ut
1309 902 1493 942 eorum
1519 885 1591 939 dii
1618 885 1811 953 aliquid
1850 882 1967 951 opis
2001 882 2189 935 afferre
2231 895 2355 950 pos-

794 986 917 1045 sint,
949 992 1002 1035 ut
1035 981 1104 1034 illi
1138 981 1404 1035 hominum
1430 976 1625 1030 auxilio
1649 989 1781 1045 opus
1807 973 2034 1027 habituri
2072 972 2195 1034 sint.
2226 986 2353 1026 nec-

796 1088 898 1126 non
926 1072 1160 1125 locorum
1182 1071 1363 1135 tutela,
1392 1077 1451 1122 ut
1480 1081 1545 1120 ne
1583 1065 1873 1133 capiantur,
1918 1062 1962 1115 Α
1994 1062 2121 1132 [acie
2164 1061 2356 1115 timoris

794 1163 1017 1223 Domini,
1049 1172 1094 1214 et
1133 1177 1165 1215 a
1202 1160 1367 1230 gloria
1408 1156 1715 1230 fortitudinis
1757 1156 1885 1225 ejus,
1933 1171 2045 1206 cum
2087 1152 2355 1205 surrexerit

792 1264 1050 1322 percutere
1073 1262 1272 1304 terram.
1301 1248 1376 1303 Ne
1404 1248 1521 1316 quis
1543 1246 1684 1300 enim
1709 1245 2046 1298 barbarorum
2075 1240 2351 1309 irruptioni

792 1344 904 1398 lucc
934 1346 1169 1411 imputet.
1202 1354 1333 1394 neve
1361 1339 1625 1393 existimet
1671 1336 1913 1389 timorem
1950 1348 2015 1387 ex
2045 1347 2229 1387 eorum
2254 1346 2352 1400 po-

793 1438 952 1491 tentia
985 1435 1279 1505 provenire,
1330 1444 1631 1487 sermonem
1680 1424 1841 1481 refvrt
1877 1424 1942 1479 ad
1990 1425 2352 1477 universorum

792 1530 977 1593 Deiun,
1008 1528 1211 1590 dit-ens,
1236 1539 1355 1578 eum
1387 1521 1505 1576 belli
1550 1520 1769 1587 hujusce
1795 1516 1981 1570 ducem
2016 1514 2269 1574 futtirum,
2298 1519 2353 1566 et

790 1620 858 1672 ab
900 1634 964 1672 eo
1004 1626 1310 1686 potestatem
1342 1628 1461 1669 esse
1504 1614 1553 1665 in
1593 1619 1739 1664 tanto
1786 1608 2016 1676 periculo
2053 1603 2352 1659 vindicandi

789 1711 986 1764 scelera
1012 1710 1121 1776 jam
1160 1705 1406 1760 admissa.
1435 1703 1524 1757 ΞΟ.
1568 1700 1665 1755 Die
1698 1701 1829 1752 enim
1870 1698 1959 1751 illa
2005 1696 2164 1766 cjiciet
2205 1694 2351 1746 homo

789 1798 1179 1854 abominationes
1202 1812 1316 1849 suas
1356 1802 1613 1863 argenteas
1651 1802 1699 1843 et
1736 1803 1934 1849 aureas,
1978 1802 2102 1855 quas
2132 1788 2351 1854 fecerunt

789 1893 877 1945 sibi
903 1891 1025 1960 ipsis
1054 1898 1105 1941 ut
1130 1889 1396 1940 adorarent
1433 1884 1604 1937 inania
1635 1898 1729 1934 sua
1768 1891 1813 1934 et
1842 1878 2229 1948 vespertiliones,
2256 1875 2346 1929 Ἢ.

790 1982 859 2034 ad
882 1979 1256 2051 ingrediendum
1285 1978 1337 2029 in
1364 1976 1551 2030 solidas
1572 1983 1756 2043 petras,
1788 1980 1834 2026 et
1853 1972 1904 2024 in
1926 1971 2167 2024 scissuras
2188 1977 2352 2035 petra-

786 2089 899 2126 rum
925 2090 955 2124 a
986 2072 1113 2141 facie
1134 2071 1322 2123 timoris
1354 2068 1571 2125 Domini.
1600 2076 1644 2119 et
1664 2082 1695 2117 a
1712 2064 1871 2135 gloria
1892 2059 2201 2131 fortitudinis
2221 2060 2346 2127 ejus,

786 2179 898 2215 cum
926 2163 1245 2214 resurreccrit
1289 2159 1357 2212 atl
1401 2157 1767 2226 percutiendum
1815 2164 2016 2207 terram.
2064 2151 2201 2205 Satis
2245 2161 2352 2203 tra-

788 2257 937 2309 duxit
961 2269 1073 2318 eos,
1103 2254 1387 2307 ostendens
1410 2250 1552 2319 ipsos
1579 2264 1697 2301 cum
1728 2247 1827 2299 diis
1852 2247 1961 2300 suis
1985 2244 2274 2307 delituisse,
2296 2251 2351 2297 et

789 2350 839 2402 in
872 2357 1063 2401 terram
1107 2360 1164 2399 se
1192 2344 1474 2405 abdidisse,
1526 2356 1693 2410 neque
1733 2338 1968 2392 materia!
1998 2337 2220 2408 pretium
2248 2336 2349 2390 ali-

788 2436 909 2506 quid
956 2435 1071 2504 opis
1116 2436 1356 2489 conferre
1401 2433 1632 2501 potuisse
1682 2429 1985 2482 imminente
2028 2426 2344 2480 calamitate.

790 2530 926 2584 ldola
957 2544 1112 2598 porro
1137 2526 1535 2596 vespertiliOues
1565 2523 1787 2585 vocavit,
1816 2520 1927 2574 sive
1964 2519 2031 2572 ob
2075 2516 2351 2572 imbecilli-

789 2629 972 2684 tatem,
1002 2619 1113 2672 sive
1142 2618 1210 2671 ob
1234 2615 1432 2670 erroris
1458 2613 1720 2673 tenebras.
1749 2620 1802 2664 et
1826 2610 1945 2680 quia
1974 2609 2147 2663 omnia
2177 2623 2205 2659 a
2235 2606 2345 2660 da:-

786 2711 1027 2765 nmuibus
1071 2709 1207 2762 clam
1251 2714 1523 2776 geruntur.
1571 2698 2023 2772 Quemadmodum
2068 2698 2209 2753 enim
2251 2711 2345 2750 ve.

784 2799 1174 2869 spei-tiliouihns
1197 2796 1276 2850 sol
1303 2797 1542 2849 inimicus
1567 2801 1645 2846 est
1673 2798 1727 2845 et
1753 2791 1839 2843 lux
1867 2802 2093 2858 quoque,
2122 2801 2223 2840 nox
2249 2800 2346 2839 au-

787 2900 890 2943 tum
917 2899 970 2943 et
993 2888 1222 2942 tenehrm
1243 2886 1422 2938 amica:
1443 2892 1564 2937 sunt
1592 2900 1604 2935 :
1635 2882 1708 2935 sic
1746 2888 1799 2934 et
1830 2878 2177 2941 dmmonibus,
2206 2885 2255 2930 et
2282 2876 2347 2931 iis

785 2998 917 3051 quos
942 2982 992 3035 in
1017 2993 1249 3034 errorem
1270 2974 1616 3035 deduxerunt,
1644 2970 1871 3040 nequitia
1897 2978 1952 3024 et
1978 2970 2147 3037 iniqua
2169 2966 2344 3019 omnia

786 3072 1057 3129 ﬁainiliaria
1086 3078 1207 3124 sunt
1230 3078 1283 3121 et
1306 3068 1495 3131 amica,
1527 3064 1691 3119 virtus
1720 3071 1895 3115 autem
1936 3070 1988 3114 et
2025 3073 2184 3127 Opera
2215 3056 2345 3110 lucis

787 3166 993 3220 inimica
1021 3172 1163 3227 sunt,
1198 3162 1361 3230 iisque
1382 3156 1800 3228 splendentibus,
1829 3154 2003 3208 statim
2033 3153 2103 3207 illi
2129 3152 2343 3206 obtenev

788 3258 1025 3318 hrantur,
1043 3268 1162 3307 cum
1183 3260 1366 3307 contra
1394 3250 1437 3304 is
1458 3249 1546 3318 qui
1568 3249 1759 3302 virtute
1778 3246 2031 3316 praeditus
2056 3245 2182 3297 vivit
2203 3244 2344 3297 nullo

786 3349 964 3406 labore
1006 3346 1088 3400 vel
1128 3344 1318 3399 sudore
1345 3349 1515 3410 egeat.
1550 3338 1757 3394 Sufﬁcit
1790 3338 1930 3390 enim
1967 3346 2026 3390 ut
2069 3336 2153 3388 ille
2182 3349 2343 3402 appa-

785 3448 917 3499 reat,
949 3438 1225 3503 omniaque
1264 3434 1351 3487 illa
1388 3431 1763 3486 dissolvuntur.
1802 3427 1892 3481 22.
1928 3426 2174 3491 Quiescite
2210 3426 2343 3478 vobis

783 3530 845 3582 ob
872 3530 1086 3588 homine,
1113 3528 1257 3597 cujus
1282 3536 1352 3579 est
1380 3523 1643 3593 respiratio
1668 3522 1719 3574 in
1744 3520 1945 3573 naribus
1968 3520 2075 3589 eius
2106 3535 2125 3571 :
2152 3518 2267 3585 quia
2292 3518 2343 3570 iu

787 3637 883 3688 quo
909 3620 1029 3687 ipsis
1052 3626 1306 3685 reputatus
1332 3624 1400 3668 est
1423 3614 1501 3665 hic
1518 3614 1543 3666 ?
1571 3612 1664 3665 llic
1685 3612 1811 3665 mihi
1841 3610 2044 3665 videtur
2066 3609 2343 3665 Ezechiam

784 3708 1132 3768 subindicare,
1162 3706 1247 3774 qui
1281 3705 1601 3772 praetimere
1631 3712 1684 3755 et
1723 3715 1921 3770 angore
1958 3709 2221 3754 extremos
2248 3700 2341 3753 ha-

784 3802 908 3859 litus
934 3796 1161 3849 afﬂabat.
1199 3794 1327 3863 Quia
1358 3794 1512 3861 igitur
1552 3791 1756 3846 barbari
1793 3806 1912 3845 cum
1958 3790 2105 3859 quasi
2148 3791 2344 3844 retibus

784 3890 1127 3956 interceptum
1174 3886 1444 3949 habentes,
1496 3892 1729 3952 [auratam
1758 3881 1857 3936 sibi
1889 3880 2117 3950 prmdam
2165 3888 2344 3934 tenere

785 3981 1053 4050 putabant,
1081 3993 1248 4046 neque
1273 3976 1370 4029 sibi
1405 3976 1580 4029 labore
1610 3988 1743 4042 Opus
1772 3987 1889 4025 esse
1918 3972 1984 4025 ad
2029 3971 2209 4025 urbem
2250 3985 2342 4023 ca-

786 4072 1048 4143 piendam,
1088 4080 1141 4122 et
1164 4084 1281 4122 eum
1308 4069 1568 4135 captivum
1603 4064 1987 4127 abducendum,
2019 4063 2339 4115 contrarium

786 4162 1020 4216 barbaris
1044 4159 1249 4213 acridit.
1285 4158 1403 4211 Ideo
1431 4156 1523 4217 ait,
1566 4156 1811 4221 Quiescite
1846 4155 1906 4205 ab
1942 4154 2159 4217 homine,
2200 4155 2342 4222 cujus

783 4264 852 4311 est
877 4252 1140 4321 respiratio
1163 4251 1212 4303 in
1240 4247 1443 4301 naribus
1472 4247 1578 4315 ejus
1605 4261 1623 4299 :
1647 4247 1764 4314 quia
1790 4245 1838 4297 in
1863 4260 1960 4314 quo
1986 4245 2105 4313 ipsis
2144 4254 2344 4313 reputa-

784 4355 862 4397 tus
911 4354 981 4397 est
1021 4342 1139 4395 hic?
1175 4340 1227 4394 ld
1262 4348 1362 4403 est,
1392 4338 1442 4391 in
1490 4336 1641 4391 nullo
1686 4343 1951 4403 reputatus
1998 4343 2096 4387 est.
2136 4334 2343 4387 Etenim

787 4437 934 4507 quasi
965 4450 1057 4503 per
1082 4433 1445 4487 excursionem
1474 4442 1532 4482 Se
1559 4427 1732 4480 omnia
1758 4426 2057 4479 sublaturos
2078 4439 2196 4479 esse
2221 4440 2350 4493 spe;

791 4524 1010 4588 rahant;
1041 4522 1131 4574 sed
1158 4521 1478 4573 contrarium
1510 4532 1723 4586 prorsus
1752 4515 1979 4579 accidit;
2012 4522 2063 4566 et
2093 4513 2179 4580 qui
2207 4528 2236 4566 a
2259 4528 2347 4566 vo-

750 4646 753 4647 ν
794 4618 873 4671 bis
903 4629 995 4684 pro
1036 4613 1197 4667 nihilo
1227 4612 1560 4681 repntahalur
1587 4617 1995 4678 expugnatuque
2026 4606 2212 4669 facilis,
2254 4607 2345 4660 Dei

791 4707 987 4763 auxilio
1014 4708 1193 4770 frctus,
1224 4703 1457 4757 Omnium
1480 4700 1937 4769 splendidissimus
1962 4698 2253 4769 apparebit.

1401 4833 1623 4889 CAPUT
1660 4833 1747 4887 ΙΙΙ.

794 4958 840 5007 l.
876 4952 1002 5006 Ecce
1030 4949 1321 5002 Dominator
1352 4947 1594 4999 Dominus
1624 4945 1845 4999 Sabaoth
1867 4949 2057 5015 auferet
2087 4946 2347 4999 deludam

1069 5051 1114 5092 et
1140 5040 1199 5091 de
1223 5036 1501 5091 Jerusalem
1522 5036 1737 5089 validum
1764 5045 1809 5087 et
1829 5036 2065 5087 validam.

833 5154 835 5156 ’
866 5152 915 5205 ι.
959 5148 1402 5215 Quemadmodum
1429 5148 1657 5215 optimus
1702 5147 1954 5211 medicus,
1986 5146 2144 5200 modo
2167 5160 2344 5211 urens,

800 5242 955 5295 modo
980 5254 1182 5304 secans,
1212 5239 1366 5292 modo
1394 5253 1567 5289 amara
1612 5235 1837 5290 al'ferens
1859 5236 2109 5296 remedia,
2134 5243 2349 5303 εῖδει-οω-

798 5347 912 5387 rum
964 5331 1169 5383 sanitati
1217 5338 1327 5384 arte
1358 5328 1739 5398 prosliicit;sic
1784 5338 1835 5379 et
1886 5327 2138 5396 benignus
2186 5327 2346 5392 Deus,

800 5423 959 5479 variis
989 5428 1041 5474 et
1064 5419 1282 5473 diversis
1302 5419 1587 5487 suppliciis,
1618 5419 1756 5488 quod
1780 5417 2051 5472 diffluebat
2071 5428 2123 5471 et
2145 5417 2345 5484 lapsum

796 5519 909 5563 erat
931 5510 1067 5577 apud
1115 5510 1322 5565 Judzeos
1358 5512 1741 5580 censu-ingens,
1802 5509 1958 5563 modo
2008 5510 2349 5564 barbarorum

800 5599 1093 5656 incursione
1141 5603 1370 5670 ingratos
1430 5603 1712 5667 terrefacit,
1761 5602 1918 5657 modo
1967 5612 2088 5654 ante
2143 5601 2349 5655 illorum

806 5692 1121 5749 invasiouem
1144 5694 1257 5751 aliis
1287 5692 1404 5751 illos
1431 5696 1938 5751 interminationilms
1967 5695 2222 5761 reprimit.
2248 5696 2349 5748 mi-

2468 447 2655 487 narttm
2681 434 2934 491 varietate
2964 438 3257 494 imminenti
3306 440 3585 498 formidine
3609 444 3861 501 continuo
3908 462 4021 518 per-

2466 526 2689 582 ccllens.
2716 528 2863 584 Nunc
2893 530 3071 600 itaque
3099 533 3457 589 inﬁrmitatem
3485 535 3612 604 ipsis
3634 538 4019 610 inter-minatur,

2464 626 2519 670 et
2544 616 2733 672 famem
2755 628 2808 674 et
2829 620 3142 685 siccitatem,
3176 638 3282 677 non
3325 625 3537 693 quidem
3555 641 3733 682 rerum
3779 646 4015 685 necessa-

2464 709 2682 773 riarum,
2716 710 2809 765 sed
2835 726 3014 765 earum
3044 726 3163 781 qua:
3201 728 3305 768 non
3336 714 3507 769 minus
3530 726 3666 787 aptae
3687 727 3811 774 sunt
3844 720 3907 774 ad
3952 723 4018 774 vi-

2465 809 2569 853 tam
2620 801 3060 857 conservandam.
3091 802 3207 856 Non
3240 805 3380 858 enim
3429 804 3592 861 fames
3633 808 3803 862 solum
3857 812 4020 879 gravis

2460 897 2563 969 est,
2586 890 2679 944 sed
2698 906 2857 961 grave
2882 893 3037 947 etiam
3064 902 3147 947 est
3172 908 3293 948 cum
3312 894 3486 949 nullus
3512 895 3662 951 adest
3679 899 3769 967 qui
3816 914 4019 965 rempu.

2460 977 2650 1034 blicam
2674 981 3032 1046 administret;
3064 983 3113 1037 id
3140 983 3277 1053 quod
3308 1000 3485 1039 rerum
3502 986 3707 1054 capiam
3737 986 3871 1041 fame
3911 1004 4017 1041 mo.

2460 1071 2728 1126 lestiorem
2756 1074 2978 1129 reddere
3003 1075 3158 1128 solet.
3189 1075 3324 1141 Quid
3354 1078 3494 1131 enim
3522 1078 3760 1132 utilitatis
3780 1088 3858 1133 est
3904 1095 4014 1135 cum

2458 1180 2555 1219 ceu
2576 1181 2640 1219 ex
2666 1165 2894 1219 fontibus
2912 1168 3088 1220 omnia
3116 1167 3287 1222 fluunt
3307 1210 3322 1233 ,
3343 1169 3388 1223 si
3415 1170 3585 1223 civilia
3608 1169 3744 1224 bella
3763 1173 4017 1235 oriantur,

2458 1264 2509 1309 et
2537 1270 2681 1309 mare
2707 1256 3037 1319 intumescat,
3072 1258 3557 1326 insanientibusque
3584 1259 3827 1314 ﬂuetibus
3851 1277 4018 1329 neque

2456 1347 2792 1415 gubernator,
2824 1363 2995 1417 neque
3055 1348 3120 1402 ad
3164 1365 3372 1418 proram
3411 1352 3621 1417 sedens,
3676 1368 3846 1421 neque
3886 1354 4017 1407 alius

2456 1438 2716 1507 quispiam
2764 1438 2901 1492 adsit
2945 1438 3032 1507 qui
3076 1439 3243 1508 possit
3286 1441 3612 1509 negotiorum
3658 1452 4020 1510 tempestatem

2456 1526 2704 1596 dirigere,
2725 1536 2778 1581 et
2832 1529 3259 1596 tranquillitatem
3290 1529 3616 1585 conciliare?
3650 1530 3869 1598 Quando
3921 1546 4016 1585 au-

2458 1626 2560 1671 tem
2590 1632 2710 1671 eum
2742 1616 2823 1671 his
2863 1618 3025 1671 fames
3071 1620 3231 1672 etiam
3278 1620 3465 1684 adest,
3509 1621 3677 1689 cogita
3724 1632 3914 1690 quanta
3959 1622 4022 1675 sit

2455 1709 2711 1762 malorum
2732 1706 2919 1762 moles.
2960 1709 3081 1762 Haec
3103 1710 3275 1778 itaque
3288 1713 3460 1764 omnia
3483 1711 3833 1764 comminatur
3852 1711 4016 1765 Deus:

2455 1800 2786 1868 primumque
2810 1807 2893 1853 est
2910 1798 3143 1852 omnium
3171 1800 3562 1867 gravissimum.
3589 1798 3721 1854 Ecce
3746 1803 3909 1867 enim,
3944 1803 4021 1855 in-

2453 1891 2584 1959 quit,
2639 1888 2934 1941 Dominator
2963 1888 3204 1942 Dominus
3251 1890 3493 1943 Sabaoth.
3527 1889 3633 1943 Hac
3678 1905 3824 1956 voce,
3873 1890 4019 1956 Ecce,

2453 1995 2593 2049 saepe
2619 1981 2885 2049 pmpllctu:
2909 1989 3141 2037 utuntur.
3174 1980 3386 2049 quando
3414 1980 3707 2034 auditorem
3738 1982 3804 2034 de
3856 1982 4013 2034 rebus

2453 2086 2569 2141 qua:
2594 2072 2795 2133 dicunt,
2826 2072 3107 2124 certiorem
3129 2069 3299 2125 facere
3314 2070 3516 2123 volunt.
3545 2069 3657 2123 Non
3685 2070 3771 2124 hic
3792 2078 4016 2132 tantum,

2452 2166 2542 2218 sed
2570 2166 2725 2217 etiam
2767 2163 3008 2232 superius
3034 2173 3087 2214 et
3111 2177 3139 2214 a
3172 2162 3425 2231 principio
3454 2162 3630 2215 videre
3660 2170 3761 2226 est,
3804 2174 4015 2231 peccata

2453 2270 2761 2324 corpoream
2816 2255 3169 2309 infirmitatem
3225 2269 3367 2322 saepe
3429 2254 3783 2323 prazcessisse.
3857 2262 3912 2308 ut
3970 2254 4017 2307 in

2454 2347 2582 2400 Cain
2616 2364 2630 2400 :
2659 2346 2780 2415 quia
2805 2345 2943 2399 enim
2968 2345 3158 2398 robore
3184 2344 3419 2410 corporis
3448 2358 3551 2397 non
3577 2353 3724 2397 recte
3751 2358 3877 2398 usus
3918 2352 4018 2407 est,

2446 2435 2563 2503 jure
2588 2436 2638 2488 in
2671 2435 2951 2505 paralysim
3005 2432 3205 2487 incidit.
3235 2433 3324 2489 Sic
3345 2434 3502 2487 etiam
3527 2435 3576 2487 ei
3610 2434 3701 2501 qui
3745 2434 3812 2486 ad
3863 2435 4016 2504 pisci-

2450 2542 2571 2579 nam
2598 2526 2852 2580 sedebat:
2877 2526 2997 2594 quia
3038 2524 3292 2595 paralysis
3320 2525 3469 2593 origo
3500 2534 3708 2590 peccata
3739 2534 3909 2587 erant,
3951 2525 4020 2578 ait

2449 2620 2689 2673 Christus
2716 2638 2729 2672 :
2760 2617 2891 2671 Ecce
2913 2633 3064 2671 sanus
3089 2621 3253 2687 factus
3293 2632 3364 2679 es,
3416 2617 3522 2669 noli
3565 2617 3782 2685 amplius
3812 2633 4017 2684 pet-eme

2450 2709 2639 2778 (Joan.
2666 2710 2718 2763 5.
2748 2710 2811 2762 14
2834 2707 2871 2779 ).
2900 2708 3090 2762 Paulus
3110 2722 3316 2777 quoque
3341 2708 3449 2763 ait:
3478 2706 3603 2760 Ideo
3618 2707 3756 2776 apud
3776 2721 3858 2759 vos
3880 2708 4016 2760 mul-

2450 2802 2485 2853 ti
2506 2802 2691 2867 inﬁrmi
2713 2800 2799 2869 (1.
2833 2800 2950 2854 Cor.
2983 2800 3065 2854 11.
3093 2800 3164 2853 '50
3188 2799 3230 2869 );
3249 2800 3369 2867 quia
3400 2798 3707 2868 peccabant,
3728 2799 3866 2866 quod
3906 2815 4010 2850 non

2449 2907 2575 2961 pura
2606 2891 2926 2945 conscientia
2957 2890 3325 2962 mysteriorum
3354 2888 3634 2956 participes
3656 2896 3850 2940 essent.
3883 2886 4017 2940 For-

2447 2983 2704 3037 nicarium
2733 2996 2941 3051 quoque
2986 2980 3275 3035 inﬁrmitati
3324 2979 3562 3049 corporis
3591 2980 3750 3033 tradit
3771 3020 3787 3045 ,
3814 2979 3908 3031 has
3954 2980 4019 3033 de

2447 3076 2678 3143 peccatis
2724 3088 2904 3142 pinnas
2950 3080 3216 3141 repetens.
3244 3068 3423 3140 Neque
3442 3078 3613 3124 tamen
3639 3084 3846 3138 semper
3866 3068 4019 3122 inﬁr-

2447 3166 2602 3219 mitas
2636 3174 2717 3219 est
2762 3173 3090 3234 peccatorum
3139 3163 3303 3227 ultio,
3344 3161 3439 3217 sed
3487 3161 3768 3232 aliquando
3804 3176 4019 3215 corona:

2449 3257 2665 3310 materia
2684 3265 2784 3319 est,
2820 3264 2876 3309 ut
2919 3256 2969 3308 in
3001 3255 3201 3308 Lazaro
3250 3253 3382 3307 etin
3415 3251 3567 3306 Jobo.
3639 3251 3746 3305 Nec
3790 3251 4017 3305 inﬁrmi-

2447 3357 2581 3401 tates
2609 3355 2829 3410 tautum,
2861 3344 2953 3399 sed
2979 3356 3033 3399 et
3059 3345 3161 3399 alia
3189 3344 3428 3411 corporis
3472 3341 3800 3396 incommoda
3828 3355 3857 3394 a
3890 3356 4019 3409 pec-

2446 3440 2577 3491 catis
2625 3444 2743 3490 orta
2791 3448 2934 3499 sunt,
2960 3444 3018 3489 ut
3045 3433 3185 3489 Olim
3233 3434 3397 3502 lepra,
3446 3432 3515 3486 ob
3550 3432 3712 3486 animi
3739 3430 4014 3501 impuden-

2449 3530 2572 3583 tiam
2594 3569 2609 3594 ,
2644 3536 2701 3581 ut
2728 3525 3026 3582 Jeroboami
3057 3526 3195 3593 regis
3222 3538 3406 3577 manus
3431 3522 3726 3576 ariditatem
3766 3531 4014 3591 perpessa

2446 3632 2566 3690 est,
2620 3621 2713 3677 ob-
2756 3621 3105 3688 arrogantiam
3154 3626 3207 3671 et
3267 3614 3569 3684 superbiam
3626 3613 3763 3681 ejus.
3815 3611 4030 3681 Linguis

2446 3729 2656 3785 quoque
2707 3711 2975 3767 Zacharias
3021 3723 3125 3762 non
3176 3705 3387 3759 aliunde
3414 3705 3570 3774 ligata
3594 3713 3677 3759 est
3693 3704 3731 3769 ί,
3759 3717 3919 3773 quam
3950 3702 4017 3758 ob

2445 3809 2634 3862 anima:
2682 3813 2972 3875 peccatum.
3016 3801 3272 3867 Quoniam
3305 3798 3457 3867 igitur
3490 3795 3686 3850 Judteis
3713 3795 3846 3849 bona
3869 3794 4015 3848 vale-

2447 3897 2574 3951 tudo
2625 3905 2679 3950 et
2721 3895 2885 3949 robur
2937 3891 3195 3960 corporis,
3250 3902 3440 3957 resque
3493 3900 3799 3955 prosperae,
3865 3898 4018 3937 arro-

2446 3989 2634 4059 gantia:
2684 3987 2892 4040 occasio
2938 3983 3166 4046 fuerant,
3211 3979 3521 4049 arrogantia:
3545 3976 3775 4031 radicem
3807 3976 4018 4029 subtra-

2448 4086 2521 4135 xit
2574 4082 2746 4143 Deus,
2796 4073 3273 4131 commonefaeiens
3334 4071 3450 4125 illos
3501 4079 3556 4123 et
3602 4068 3667 4123 ad
3735 4068 4012 4122 meliorem

2447 4173 2645 4239 frugem
2673 4168 2949 4231 reducens,
2970 4166 3277 4234 majoraque
3302 4162 3452 4226 dans,
3482 4173 3637 4228 quam
3688 4157 3816 4227 ipsis
3860 4155 4015 4211 aufe‘

2446 4263 2611 4315 rebat.
2636 4259 2769 4325 Quid
2805 4259 2945 4311 enim
2990 4252 3296 4310 detrimenti
3325 4258 3439 4305 erat
3464 4262 3685 4318 corpore
3726 4257 4008 4316 aegretare,

2447 4352 2491 4403 si
2520 4349 2641 4401 hinc
2670 4347 3030 4400 institueretur
3082 4341 3298 4395 anima?
3332 4340 3524 4393 Deinde
3553 4352 3619 4391 ne
3664 4342 3909 4405 putarent
3955 4333 4007 4387 id

2447 4457 2511 4495 ex
2534 4448 2738 4493 naturae
2766 4434 3070 4489 inﬁrmitate
3099 4431 3408 4501 procedere,
3437 4429 3485 4483 id
3526 4437 3834 4482 eventurum
3885 4439 4015 4493 pro-

2450 4532 2603 4601 pheta
2636 4526 2897 4597 praadixit,
2940 4538 3112 4591 neque
3162 4523 3302 4576 viros
3342 4530 3540 4576 tantum
3590 4518 3747 4573 minis
3798 4517 4013 4581 terruit,

2450 4622 2539 4675 sed
2569 4634 2773 4688 pinnam
2804 4615 3115 4670 mulieribus
3144 4626 3350 4681 quoque
3377 4609 3681 4672 transmisit,
3712 4608 3831 4678 quia
3870 4616 4015 4661 uter-

2446 4725 2550 4780 que
2581 4723 2736 4762 sexus
2763 4714 3039 4775 corruptus
3076 4710 3207 4768 erat,
3239 4710 3293 4756 et
3322 4701 3371 4753 in
3426 4713 3701 4767 progressu
3751 4697 3816 4750 ad
3869 4696 4015 4765 ipsas

2450 4802 2697 4855 mulieres
2724 4812 3018 4854 sermonem
3046 4795 3241 4864 dirigit,
3269 4801 3341 4857 et,
3368 4793 3434 4844 ob
3459 4791 3681 4845 absurda
3723 4788 4011 4842 admodum

2449 4901 2611 4962 gesta,
2643 4890 2860 4944 crimina
2889 4888 3016 4957 ipsis
3038 4886 3207 4950 oll’ert,
3237 4899 3353 4954 quas
3380 4882 3558 4937 urbem
3582 4885 3746 4954 ipsam
3766 4894 3794 4935 a
3815 4877 4014 4935 funda-

2453 4983 2641 5037 mentis
2688 4980 2981 5033 diruerunt.
3018 4975 3137 5029 Ideo
3166 4974 3281 5028 illas
3323 4972 3613 5041 pestilentia
3648 4968 3871 5037 affligit:
3925 4982 4011 5037 pe-

2453 5073 2734 5127 stilentiam
2762 5069 2901 5123 enim
2943 5065 3072 5119 mihi
3101 5062 3432 5119 subindicare
3460 5061 3661 5114 videtur
3684 5072 3803 5112 cum
3843 5057 4012 5114 dicit:

2452 5164 2688 5231 Auferant
2712 5159 2964 5212 robustum
2988 5154 3337 5216 ctrobustam;
3364 5152 3445 5206 vel
3492 5150 3649 5203 alium
3696 5162 4012 5216 corporeum

2455 5252 2693 5305 morbum
2721 5248 3042 5301 medicorum
3067 5245 3164 5297 arti
3207 5258 3311 5297 non
3339 5240 3631 5295 cedentem.
3664 5237 3819 5291 Tales
3866 5239 4015 5291 enim

2454 5352 2575 5397 sunt
2626 5340 2713 5393 Dei
2746 5339 2926 5407 plagur.
2962 5335 3131 5387 Robur
3158 5335 3301 5401 panis
3336 5340 3382 5384 et
3417 5330 3567 5383 robur
3588 5342 3750 5396 aqua.
3794 5327 4014 5379 Gravis-

2456 5435 2585 5487 sima
2629 5432 2741 5483 lucc
2780 5427 3007 5481 vindicta
3035 5434 3135 5490 est,
3162 5423 3373 5493 quando
3404 5436 3507 5474 non
3539 5420 3700 5488 ipsam
3728 5417 3857 5471 tollit
3885 5416 4015 5469 sub.

2455 5526 2719 5586 stantiam,
2750 5519 2841 5575 sed
2864 5518 2965 5572 vim
2995 5532 3058 5571 ex
3084 5532 3143 5571 ea
3176 5516 3345 5569 aufert
3375 5515 3622 5575 innatam,
3652 5510 3720 5563 ita
3752 5518 3808 5565 ut
3832 5507 3917 5563 vel
3944 5521 4009 5558 ex

2512 5703 2527 5731 ¹
2553 5698 2699 5747 Juxta
2723 5695 2847 5757 Reg.
2873 5698 2923 5742 et
2944 5694 3052 5741 Sav.
3081 5688 3278 5753 legitur,
3305 5686 3469 5737 edosta
3503 5688 3589 5737 est.
3617 5694 3721 5746 pro,
3745 5678 3890 5740 ligula
3911 5682 4000 5724 est.
