4130 6312
517 301 588 356 41
1351 294 1407 350 5.
1445 291 1729 348 JOANNIS
1764 289 2174 349 CIIRYSOSTO

2291 289 2604 348 ARCIIIEP.
2645 291 3184 348 CONSTANTINUP.
3871 278 3959 333 42⁷

531 408 816 481 ἰσχύοντα
874 406 971 459 καί
1008 406 1371 474 ἰσχύουσαν·
1405 407 1438 476 ἢ
1473 406 1637 476 ἀλλην
1700 407 1819 459 τινὰ
1876 405 2192 477 σωματικὴν

528 492 826 556 ἀσθένειαν,
855 492 971 545 οὐδὲ
1008 492 1203 562 ἰατρῶν
1240 492 1489 546 εἴκουσαν
1516 492 1751 562 τέχναις.
1792 492 2050 545 Τοιαῦται
2084 491 2190 560 γάρ

528 583 585 632 αἰ
613 580 706 633 τοῦ
735 578 867 633 Θεοῦ
908 579 1130 649 πληγαί.
1149 579 1346 649 Ἰσχὺν
1378 579 1560 647 ἄρτου
1598 580 1697 634 καί
1738 578 1922 647 ἰσχὺν
1948 578 2186 643 ὕδατος.

529 664 899 736 Χαλεπωτάτη
924 666 956 734 ἡ
998 664 1253 734 τιμωρία,
1291 666 1415 717 ὅταν
1452 662 1526 733 μὴ
1555 665 1722 732 αὐτὴν
1746 663 1943 733 ἀναιρῇ
1972 663 2072 733 τὴν
2102 663 2191 714 00-

532 752 671 817 σίαν,
701 751 832 805 ἀλλά
857 752 953 822 τὴν
978 752 1038 816 ἐξ
1062 751 1230 820 αὐτῆς
1262 751 1614 821 ἐγγινομένην
1645 749 1893 819 δύναμιν,
1923 751 2065 804 ὥστε
2097 750 2190 802 καὶ

530 840 594 906 τῇ
623 837 740 905 ὄψει
771 836 1091 900 κολάζεσθαι
1137 836 1403 906 μηδέποτε
1444 834 1910 905 ἐμπιπλαμένους,
1949 835 2043 886 καὶ
2091 834 2189 886 αύ-

530 925 681 976 τόθεν
728 925 977 994 συνορᾷν,
1023 924 1103 976 ὅτι
1156 923 1409 993 θεήλατος
1452 916 1519 991 ἦν
1570 920 1729 990 ὀργή.
1784 919 2046 990 Γίγαντα
2090 920 2187 971 καί

528 1011 835 1078 ἰσχύοντα.
885 1010 1121 1077 Γίγαντα
1163 1010 1248 1061 ἀεὶ
1290 1010 1324 1077 ἡ
1363 1007 1551 1077 Γραφή
1592 1008 1684 1060 τὸν
1740 1006 1960 1077 ἰσχυρὸν
2006 1006 2185 1074 λέγειν

530 1096 734 1161 εῖωθεν,
774 1097 927 1167 ἢτὸν
972 1097 1299 1166 ὑπερέχοντα
1340 1095 1447 1147 τῶν
1486 1092 1694 1146 πολλῶν
1741 1095 1808 1163 τῇ
1857 1092 1964 1146 τῶν
2007 1091 2187 1161 μελῶν

528 1184 806 1253 ἀναλογίᾳ.
832 1184 939 1237 Καὶ
965 1183 1072 1252 γὰρ
1101 1184 1157 1234 ἐν
1186 1185 1251 1251 τῇ
1282 1181 1455 1234 κτίσει
1481 1180 1609 1233 ὅταν
1636 1179 1790 1251 λέγῃ.
1822 1175 1996 1235 Οὗτοι
2027 1175 2188 1248 ἦσαν

527 1273 581 1324 ol
618 1270 907 1339 γίγαντες,
937 1271 989 1321 οὶ
1028 1268 1321 1335 ἅνθρωποι
1355 1269 1407 1320 οἰ
1441 1265 1791 1335 ὀνομαστοί,
1827 1266 1928 1318 οὐκ
1964 1266 2091 1319 ἀλλο
2133 1282 2185 1315 τι

528 1358 680 1424 γένος
730 1354 1052 1425 γεγενῆσθαι
1105 1353 1434 1423 διηγουμένη
1482 1352 1653 1406 ταῦτά
1701 1369 1884 1421 φησιν,
1917 1350 2052 1405 ἀλλά
2093 1351 2187 1403 καὶ

526 1446 651 1504 τοὺς
692 1440 948 1511 ἰσχυροὺς·
995 1440 1087 1491 καὶ
1137 1437 1490 1508 εὐρώστουςιι
1530 1437 1623 1490 καί⁵
1672 1432 2021 1507 σφριγῶντας
2056 1435 2187 1504 ἡμῖν

526 1530 834 1583 αἰνίττεται.
867 1527 975 1581 Καὶ
1003 1526 1314 1593 ἄνθρωπον
1342 1522 1713 1590 πολεμιστὴν
1744 1522 1843 1576 καί
1869 1519 2182 1586 δικαστήν.

540 1615 833 1685 ’Λφόρητος
864 1614 896 1682 ή
930 1611 1187 1682 τιμωρία,
1225 1612 1319 1662 καί⁵
1352 1610 1582 1678 ἐσχάτης
1613 1606 1885 1669 ἀπωλείας
1915 1604 2185 1668 ἀπόδειξις

526 1702 595 1753 τὰ
624 1699 907 1770 εἰρημένα,
941 1698 1053 1761 καὶ,
1079 1696 1185 1749 τῶν
1216 1694 1407 1764 τειχῶν
1431 1694 1674 1746 ἑστώτων
1695 1693 1788 1747 καὶ
1807 1692 1912 1745 τῶν
1938 1692 2183 1761 πύργων,

524 1782 813 1852 αὔτανδρον
847 1784 956 1843 τοῖς
990 1778 1265 1848 πολεμίοις
1296 1776 1411 1855 τὴν.
1433 1774 1581 1828 πόλιν
1619 1773 1965 1844 παραδιδόναι
1984 1772 2184 1824 δύναιτ’

525 1870 612 1924 ἄν.
652 1868 941 1936 ’Λσφάλεια
983 1866 1090 1935 γὰρ
1134 1864 1341 1916 πόλεων
1371 1863 1471 1915 οὑκ
1498 1862 1555 1914 ἐν
1584 1861 1749 1923 λίθοις
1777 1860 1869 1912 καὶ
1889 1858 2063 1925 ξύλοις
2094 1858 2186 1909 καὶ

526 1955 851 2027 περιϐόλοις,
884 1952 996 2006 ἀλλ’
1039 1953 1096 2004 ἐν
1129 1952 1195 2019 τῇ
1233 1948 1445 2002 συνέσει
1484 1946 1595 1999 τῶν
1637 1947 1736 2015 τὴν
1778 1945 1929 1997 πόλιν
1971 1944 2181 1997 οἰκούν-

526 2061 651 2106 των,
680 2042 728 2096 οῖ
756 2043 918 2112 ἡνίκα
955 2039 1051 2109 μὲν
1080 2037 1146 2091 ἀν
1176 2032 1298 2099 ὦσι,
1332 2036 1427 2087 καὶ
1472 2033 1744 2102 πολεμίων
1783 2031 1972 2093 ὄντων,
2006 2032 2183 2099 ἀσφα-

524 2129 771 2197 λέστερον
793 2126 1044 2179 ἁπάντων
1070 2123 1237 2192 αὐτὴν
1258 2120 1605 2190 τειχίζουσιν·
1631 2118 1791 2197 ήνίκα
1810 2116 1866 2169 δὲ
1892 2116 2180 2197 ἂν-ἀπῶσι,

524 2206 618 2261 καὶ
661 2193 883 2275 μηδενὸς
911 2200 1271 2279 ἐνοχλοῦντος,
1298 2201 1395 2267 τῆς
1425 2194 1881 2265 πολιορκουμένης
1921 2193 2179 2246 ἀθλιωτέ-

527 2309 625 2364 ραν
652 2292 819 2361 αὐτὴν
845 2289 1250 2357 ἀποφαίνουσιν.

594 2380 657 2449 β’.
696 2379 855 2429 Ὥστε
902 2373 1180 2435 κάκείνους
1218 2371 1313 2423 καὶ
1341 2368 1464 2430 τοὺς
1506 2366 1797 2428 ἀκούοντας
1844 2366 2087 2426 ἅπαντας
2116 2366 2177 2417 ού

526 2448 717 2531 μικρὸν
747 2456 1057 2527 φιλοσοφίας
1094 2454 1268 2522 δόγμα
1296 2451 1381 2504 διά
1413 2449 1614 2503 τούτων
1644 2451 1673 2503 6
1703 2448 1987 2517 προφήτης
2020 2448 2178 2499 ἐπαί-

519 2546 694 2611 δευσε,
729 2544 929 2597 πείθων
966 2540 1233 2611 μηδέποτε
1274 2536 1491 2607 μεγέθει
1518 2534 1724 2597 πόλεως
1762 2533 2005 2604 θαρρεῖν,
2044 2532 2177 2603 μηδέ

522 2633 743 2701 τάφροις
772 2630 866 2683 καὶ
898 2628 1301 2698 μηχανήμασιν,
1328 2623 1439 2675 ἀλλ’
1466 2622 1674 2691 ἀνδρῶν
1696 2619 1954 2673 ἐπιεικῶν
1984 2620 2175 2688 ἀρετῇ.

519 2717 700 2770 Φοϐῶν
737 2716 909 2769 τοίνυν
936 2710 1129 2773 αὐτούς
1155 2727 1336 2778 φησιν,
1360 2710 1439 2761 ὅτι
1467 2706 1742 2777 ἐρημώσει
1764 2705 1861 2774 τῆς
1884 2704 2179 2773 ἀσφαλείας

520 2805 704 2874 αὐτὴν.
732 2803 790 2855 οὐ
818 2801 940 2862 τοὺς
968 2798 1220 2866 πολεμεῖν
1249 2795 1451 2857 εἰδότας
1478 2792 1805 2863 ἀναρπάζων
1833 2790 2012 2859 μόνον,
2042 2790 2179 2843 ἀλλά

521 2890 615 2945 καὶ
645 2890 769 2951 τοὺς
816 2885 1050 2949 δικάζειν
1085 2880 1509 2950 ἐπισταμένους,
1552 2880 1601 2930 οἳ
1648 2877 1756 2929 τῶν
1799 2875 2178 2946 πολεμούντων

518 2977 617 3029 οὐκ
648 2974 864 3026 ἔλαττον
894 2968 1200 3023 συντελοῦσι
1228 2970 1347 3028 ταῖς
1374 2965 1611 3026 πόλεσιν,
1643 2964 1865 3033 εἰρήνην
1891 2979 1952 3015 τε
1985 2957 2045 3015 εὖ
2074 2962 2180 3015 δια-

521 3061 778 3124 τιθέντες,
818 3058 912 3111 καὶ
951 3056 1215 3125 πολέμους
1242 3053 1270 3092 ἰν
1299 3051 1552 3113 πολλάκις
1598 3049 1844 3112 ἐπιόντας
1879 3049 2179 3119 ἀποκρουόο

524 3165 693 3218 μενοι.
729 3143 944 3213 Ἐπειδὴ
988 3141 1095 3212 γάρ
1136 3132 1279 3192 οὗτοι
1309 3136 1544 3206 συνεχῶς
1573 3135 1681 3189 ἀπὸ
1725 3136 1821 3205 τῆς
1860 3133 1967 3187 τῶν
2000 3136 2180 3206 ἀμαρ-

519 3234 776 3304 τημάτων
816 3229 1036 3300 φύονται
1072 3226 1127 3298 [5
1142 3226 1186 3297 ἰ]
1228 3226 1404 3297 ῥίζης,
1444 3224 1663 3275 δυνατὸν
1698 3224 1824 3285 τοὺς
1860 3223 1967 3276 τῶν
2001 3222 2179 3290 νόμων

522 3322 795 3389 φύλακας,
842 3317 934 3369 καὶ
976 3314 1069 3367 τοῦ
1101 3313 1304 3394 δικαίου
1343 3311 1479 3379 μετά
1511 3308 1796 3377 ἀκριϐείας
1844 3307 2177 3377 προϊσταμέ-

523 3425 665 3469 νους,
692 3408 758 3457 τὰ
784 3403 999 3455 πλείονα
1022 3398 1127 3451 τῶν
1152 3392 1557 3467 ἁμαρτημάτων
1584 3392 1996 3455 ἀναστέλλοντας
2027 3394 2179 3445 ἀναι-

525 3495 637 3565 ρεῖν
668 3491 758 3544 καὶ
788 3487 881 3541 τοῦ
912 3486 1147 3553 πολέμου
1181 3483 1279 3552 τὴν
1320 3481 1593 3535 ὑπόθεσιν.
1626 3480 1781 3540 Τίνος
1812 3472 1904 3530 οὖν
1936 3477 2120 3530 ἕνεκεν
2150 3480 2179 3529 6

521 3564 651 3641 Θεὸς
685 3576 878 3637 αὐτοὺς
917 3573 1170 3641 ἀνασπᾷς
1206 3568 1419 3638 Ἐπειδὴ
1451 3566 1710 3636 παροῦσιν
1742 3565 1924 3625 αὐτοῖς
1955 3564 2055 3615 οὐκ
2100 3565 2178 3628 είς

520 3666 638 3719 δέον
686 3661 1000 3731 ἐκέχρηντο.
1029 3658 1237 3725 Ὠσπερ
1284 3655 1390 3725 γὰρ
1436 3654 1505 3705 τά
1542 3653 1781 3721 σωτήρια
1834 3649 1997 3702 αὐτοῦ
2031 3647 2177 3703 διδά-

522 3766 707 3819 γματα
736 3745 934 3815 πολλὴν
963 3744 1154 3814 ἔφερον
1203 3744 1313 3804 τοῖς
1352 3738 1718 3807 ἀκροωμένοις
1764 3736 1861 3805 τὴν
1890 3737 2175 3803 ὠφέλειαν,

521 3838 612 3891 ἐπὶ
647 3836 704 3887 δέ
740 3833 846 3886 τῶν
884 3829 1145 3883 Ἰουδαίων
1192 3826 1535 3897 δημηγορῶν,
1578 3823 1864 3892 ἀσαφείᾳο
1911 3822 1981 3874 τὰ
2019 3822 2177 3889 λεγό-

525 3938 659 3991 μενα
692 3919 978 3987 ἔκρυπτεν,
1022 3912 1208 3981 ἐπειδὴ
1256 3913 1329 3981 μὴ
1363 3911 1645 3980 προσεῖχον
1682 3907 2136 3991 τοίςλλεγομένοις
2158 3923 2172 3937 ο

520 3989 661 4060 οὕτω
685 4006 747 4074 δὴ
782 4005 875 4057 καὶ
902 4001 971 4052 τά
1002 4000 1147 4068 δῶρα
1188 3996 1349 4049 αὐτοῦ
1389 3995 1457 4047 τά
1490 3993 1699 4065 μεγάλα
1722 3989 1915 4055 ταῦτα,
1946 3992 2040 4044 καί⁵
2074 4008 2177 4043 σω-

520 4093 710 4164 τηρίαν
738 4090 867 4158 ἡμῖν
897 4085 1093 4153 πολλὴν
1121 4082 1431 4153 κομίζοντα,
1462 4081 1525 4131 ἐκ
1558 4079 1721 4148 μέσου
1757 4078 2010 4164 πολλάκις
2037 4078 2181 4130 ἀναι-

523 4163 633 4250 ρεί,
674 4179 799 4229 ὅταν
830 4175 877 4227 οί
918 4170 1283 4241 λαμϐάνοντες
1326 4166 1488 4237 μηδὲν
1530 4165 1623 4217 ἀπ’
1657 4164 1836 4217 αὐτῶν
1877 4163 2177 4233 βουληθῶσι

520 4260 933 4336 καρπώσασθαι.
973 4256 1081 4311 Καὶ
1109 4253 1421 4322 προφήτην
1447 4252 1546 4304 καί
1577 4250 1944 4318 στοχαστήν.
1979 4251 2053 4303 Οὐ
2086 4267 2174 4319 μι-

521 4351 649 4421 κρὸν
686 4350 742 4402 δὲ
772 4348 938 4417 ὀργῆς
975 4339 1114 4404 εἶδος
1154 4342 1248 4393 καὶ
1288 4340 1347 4392 τὸ
1381 4338 1478 4401 τὰς
1518 4336 1847 4407 προφητείας
1889 4336 2173 4389 ἐπιλιπεῖν.

522 4439 652 4488 Ὅτε
686 4433 815 4501 γοῦν
844 4433 933 4484 τὸν
963 4430 1069 4482 τῶν
1102 4426 1369 4480 Ἰουδαίων
1393 4424 1563 4493 δῆμον
1590 4422 1679 4475 διὰ
1705 4421 1772 4473 τά
1806 4421 2177 4490 ἁμαρτήματα

518 4523 625 4574 τῶν
652 4520 744 4571 τοῦ
782 4516 895 4570 Ἦλί
923 4516 1126 4567 παίδων
1147 4516 1173 4567 6
1197 4512 1327 4574 Θεὸς
1353 4509 1695 4577 ἀπεστράφη,
1726 4508 1815 4559 καὶ
1845 4509 1941 4577 τὴν
1972 4506 2171 4576 πολλὴν

518 4607 612 4659 τοῦ
641 4604 873 4674 πλήθους
899 4602 1116 4664 κακίαν,
1144 4598 1396 4651 ἐπέλιπεν
1427 4598 1459 4665 ή
1493 4594 1796 4665 προφητεία
1814 4610 1826 4624 ·
1862 4593 2039 4661 ’νῆμα
2068 4594 2174 4662 γάρ

521 4696 731 4763 τιξμιον,
764 4692 945 4759 φησιν,
974 4684 1069 4755 ἦν,
1097 4686 1191 4737 καί
1219 4686 1329 4737 οὐκ
1355 4678 1433 4751 ἦν
1463 4679 1926 4732 διαστέλλουσα.
1954 4678 2174 4747 Timor,

518 4780 781 4843 τουτέστι,
814 4776 1052 4830 σπάνιον.
1082 4772 1187 4824 Καὶ
1217 4771 1309 4823 ἐπὶ
1336 4768 1429 4821 τοῦ
1469 4767 1615 4830 Ὀζία
1642 4767 1703 4818 τὸ
1740 4766 1869 4818 αὐτὸ
1898 4764 2052 4818 τοῦτο
2084 4766 2175 4831 γέ-

522 4882 704 4932 γονεν·
747 4865 806 4917 οὐ
850 4862 957 4931 γὰρ
998 4859 1167 4931 μικρὰ
1214 4857 1307 4907 καὶ
1348 4852 1592 4907 ἐντεῦθεν
1634 4852 1985 4921 ἐκαρποῦντο,
2021 4853 2073 4903 εῖ
2110 4869 2173 4918 γε

520 4952 818 5004 ἐϐούλοντο.
853 4951 923 5002 Τὸ
972 4949 1081 5017 γὰρ
1133 4942 1421 5015 μανθάνειν
1455 4940 1522 4993 τά
1556 4940 1706 5008 παρά
1752 4938 1846 4990 τοῦ
1895 4937 2050 5003 Θεοῦ,
2082 4940 2174 4991 καὶ

521 5039 655 5107 πρὸς
697 5037 763 5087 τὰ
811 5036 1070 5104 μέλλοντα
1124 5027 1630 5101 παρασκευάζεσθαι
1676 5025 1852 5088 δεινά,
1901 5025 1995 5077 καὶ
2036 5026 2173 5095 ὑπὲρ

518 5126 624 5177 τῶν
676 5124 881 5191 ἀδήλων
920 5120 1309 5180 πυνθάνεσθαι,
1350 5118 1443 5167 καί⁵
1478 5114 1604 5166 πότε
1640 5112 1735 5182 μὲν
1786 5112 2065 5164 ἐπιθέσθαι
2095 5112 2175 5163 δεῖ

519 5211 813 5279 πολεμίοις,
851 5208 979 5259 πότε
1018 5207 1073 5258 δὲ
1114 5204 1422 5276 ἡσυχάζειν,
1458 5203 1548 5254 καὶ⁴
1587 5200 1700 5261 πῶς
1732 5200 1943 5251 ἅπαντα
1972 5198 2039 5249 τὰ
2086 5198 2175 5250 λυ-

518 5299 667 5367 πηρὰ
714 5293 1091 5363 διακρούεσθαι
1138 5293 1273 5355 δέοι,
1309 5290 1506 5357 πολλὴν
1546 5288 1737 5356 ἔφερεν
1779 5287 1958 5347 αὐτοῖς
1998 5301 2171 5355 σωτη-

579 5450 926 5519 {59601009
945 5445 1060 5519 Ijaac
1081 5458 1173 5493 vox
1204 5445 1377 5491 deerat
1401 5445 1451 5492 in
1500 5440 1668 5489 Morel.
1694 5440 1811 5489 Sed.
1837 5452 1900 5488 ex
1949 5439 2071 5498 Reg.
2119 5444 2172 5485 et

518 5513 667 5560 Savil.
700 5506 882 5559 inserta
905 5506 1009 5563 fuit.

578 5574 602 5610 b
630 5570 905 5630 Πολεμίους.
936 5559 1054 5627 Βθῖε.
1080 5573 1133 5614 ει
1156 5566 1267 5630 Sag.
1312 5570 1363 5612 et
1395 5570 1461 5611 ita
1487 5564 1609 5623 legit
1652 5562 1950 5630 :l‘illpannug.
1997 5559 2167 5606 Morel.

516 5646 634 5681 vero
656 5641 704 5678 el
734 5622 903 5678 Bavar.
926 5622 1175 5688 ποὶῖμους.
1218 5627 1335 5685 Qua:
1374 5622 1617 5685 postrema
1652 5624 1800 5671 lectio
1828 5622 2005 5667 melius
2048 5634 2170 5681 qua-

632 5706 658 5737 ιι
684 5699 890 5737 γιαυιυῐ.

632 5706 658 5737 ιι
684 5694 890 5737 videtur.

517 5694 742 5811 uerno;
772 5751 1089 5811 60';a1;ia,el
1109 5752 1174 5795 ita
1194 5746 1593 5811 videturrlcgissc
1617 5738 2026 5811 'I'ilman-nushquj
2059 5752 2168 5811 γυνη

512 5817 586 5867 tit.
634 5802 779 5859 ηιιὶξιιι
820 5802 1036 5857 εὲιμιίοὶιο
1087 5820 1242 5871 quam
1282 5820 1329 5857 se
1369 5806 1641 5871 αίιθοίιωιιιιν
1682 5804 1883 5871 _lc_qcbu_t.
1915 5803 2013 5869 80d
2048 5802 2167 5847 ἀσα-

508 5864 629 5935 φείᾳ,
659 5884 708 5920 ιιι
731 5872 911 5919 thcuL
933 5864 1108 5918 Morel:
1128 5877 1178 5918 cl
1204 5872 1334 5927 Sam,
1362 5869 1536 5915 melius
1570 5864 1771 5925 quadrat
1795 5864 1850 5910 ad
1875 5864 2074 5911 serium.

2302 403 2420 471 ρίας
2450 405 2713 457 εὐκολίαν.
2763 406 2896 458 ’Λλλ“
2941 406 3126 479 ἐπειδὴ
3180 404 3534 475 μανθάνοντες
3566 407 3663 459 οὐκ
3713 407 3957 464 ἐποίουν,

2299 491 2383 543 διὰ
2430 491 2585 543 τοῦτο
2631 492 2813 545 καὶτὸ
2847 492 3132 561 μανθάνειν
3165 492 3341 546 αὐτῶν
3392 493 3645 561 ἀφεῖλεν·
3684 494 3712 545 6
3751 494 3957 563 πολλῆς

2300 574 2392 627 τοῦ
2429 575 2564 629 Θεοῦ
2609 577 3011 649 φιλανθρωπίας
3060 578 3255 647 δεῖγμα
3289 572 3379 648 ἦν,
3426 578 3487 631 τὸ
3532 579 3625 631 καὶ
3667 580 3960 648 προειδότα

2298 664 2363 716 τὰ
2398 663 2689 732 μέλλοντα,
2724 666 2815 717 καὶ
2846 666 2920 728 ὠς
2957 666 3015 717 οὑ
3065 666 3353 735 χρήσονται
3395 665 3473 727 εἰς
3520 665 3639 718 δέον
3669 668 3775 729 τοῖς
3819 667 3960 736 παρ’

2296 749 2458 801 αὑτοῦ
2487 750 2697 821 δώροις,
2731 750 2797 803 τά
2834 750 2963 818 γοῦν
3001 751 3130 820 παρ’
3166 750 3327 804 αὑτοῦ
3373 751 3584 805 ἅπαντα
3625 756 3957 823 παρασχεῖν.

2296 836 2447 889 Μετά
2473 837 2528 889 δὲ
2555 837 2647 889 τοῦ
2678 840 2952 908 προφήτου
2980 840 3073 891 καὶ
3100 840 3396 908 στοχαστήν
3426 856 3588 907 φησιν
3615 840 3875 908 ἀναιρεῖν.

2379 924 2640 977 Ἐνταῦθά
2684 942 2773 993 μοι
2820 925 2967 978 δοκεῖ
2996 925 3178 992 λέγειν
3210 925 3504 994 στοχαστὴν
3550 924 3640 976 τὸν
3673 925 3777 977 ἀπὸ
3821 942 3956 977 συν-

2296 1003 2463 1065 έσεως
2497 1005 2695 1074 πολλῆς
2744 1005 2850 1058 τῶν
2901 1004 3198 1075 μελλόντων
3252 1005 3600 1075 στοχάζεσθαι
3626 1002 3675 1069 ἀ,
3714 1006 3804 1058 καὶ
3854 1007 3957 1059 ἀπ’

2294 1091 2462 1159 αὐτῆς
2509 1093 2617 1145 τῶν
2668 1092 3005 1163 πραγμάτων
3048 1093 3145 1161 τῆς
3192 1092 3403 1162 πείρας.
3435 1094 3656 1162 Ἕτερον
3690 1093 3786 1160 μὲν
3839 1093 3956 1164 γάρ

2296 1176 2615 1244 στοχασμὸς,
2660 1176 2755 1229 καὶ
2786 1176 3086 1246 προφητεία
3132 1177 3287 1231 ἀλλο·
3321 1179 3350 1228 6
3390 1176 3489 1247 μέν
3516 1176 3625 1247 γὰρ
3672 1177 3955 1247 Πνεύματι

2293 1262 2420 1330 θείῳ
2468 1263 2795 1329 φθέγγεται,
2832 1264 2980 1317 ούδέν
3045 1263 3251 1317 οίκοθεν
3308 1264 3614 1333 εἰσφέρωνο
3664 1264 3692 1316 6
3738 1263 3795 1315 δὲ
3845 1263 3953 1327 τὰς

2292 1348 2543 1419 ἀφορμὰς
2586 1349 2694 1402 ἀπὸ
2745 1350 2852 1403 τῶν
2901 1351 3000 1421 ήδη
3052 1350 3425 1419 γεγενημένων
3477 1350 3795 1420 λαμϐάνων,
3851 1352 3953 1404 καὶ

2291 1433 2388 1503 τὴν
2433 1435 2639 1488 οἰκείαν
2679 1435 2889 1489 σύνεσιν
2932 1436 3231 1505 διεγείρων,
3275 1435 3442 1488 πολλά
3487 1435 3595 1489 τῶν
3647 1435 3955 1506 μελλόντων

2293 1523 2531 1592 προορᾷ,
2582 1523 2657 1587 ὡς
2712 1524 2858 1586 εἰκὸς
2908 1522 3190 1593 ἄνθρωπον
3240 1523 3366 1576 ὅντα
3418 1521 3633 1575 συνετὸν
3684 1523 3946 1593 προϊδεῖν.

2306 1608 2463 1661 ’Λλλά
2500 1609 2632 1662 πολὺ
2671 1610 2732 1661 τὸ
2778 1609 2941 1679 μέσον
2974 1609 3161 1662 τούτου
3214 1610 3497 1671 κάκείνου,
3537 1611 3630 1662 καὶ
3670 1610 3948 1673 τοσοῦτον,

2290 1695 2411 1747 ὅσον
2455 1696 2719 1758 συνέσεως
2763 1695 3105 1766 ἀνθρωπίνης
3144 1697 3236 1749 καὶ
3275 1695 3423 1758 θείας
3468 1696 3689 1766 χάριτος
3724 1695 3785 1748 τὸ
3825 1696 3947 1750 διάο

2292 1799 2474 1851 φορον.
2508 1783 2623 1835 Ἶνα
2660 1782 2715 1834 δέ
2752 1782 2844 1834 καὶ
2882 1782 2974 1833 ἐπί¹
3011 1781 3398 1851 ὑποδείγματος
3425 1783 3514 1835 τὸν
3548 1783 3702 1850 λόγον
3732 1782 3951 1853 ποιήσω

2292 1870 2553 1938 φανερὸν,
2606 1871 2943 1938 ἐννοήσωμεν
2993 1868 3083 1920 τὸν
3136 1867 3450 1936 Σολομῶντα
3490 1869 3583 1922 καὶ
3631 1868 3723 1921 τὸν
3766 1868 3949 1921 Ἐλισ-

2292 1957 2472 2007 σαῖον·
2512 1955 2807 2025 ἀμφότεροι
2848 1954 2956 2023 γὰρ
2994 1954 3343 2023 κεκρυμμένα
3396 1954 3690 2024 πράγματα
3726 1955 3805 2015 εἰς
3844 1955 3947 2024 μέ-

2292 2057 2381 2093 σον
2420 2042 2656 2112 ἥγαγον,
2696 2040 2792 2093 καὶ
2829 2038 3183 2109 κεκρυμμένα
3231 2038 3606 2108 ἀνεκάλυψαν·
3646 2040 3946 2109 ἀμφότεροι

2288 2126 2345 2181 δὲ
2377 2128 2436 2179 οὐ
2476 2130 2540 2196 τῇ
2580 2129 2715 2196 αὐτῇ
2757 2127 3017 2195 δυνάμειο
3058 2124 3171 2177 ἀλλ’
3200 2125 3228 2175 6
3267 2126 3364 2193 μὲν
3400 2124 3509 2178 ἀπὸ
3545 2126 3808 2189 συνέσεως
3843 2128 3946 2180 ἀν-

2291 2212 2565 2281 θρωπίνης
2602 2211 2753 2280 παρά
2787 2211 2884 2280 τῆς
2924 2210 3136 2278 φύσεως
3190 2210 3363 2264 λαϐὼν
3414 2211 3664 2282 ἀφορμὰς
3698 2213 3790 2265 ἐπὶ
3829 2212 3943 2266 τῶν

2287 2298 2503 2367 πόρνων
2554 2296 2825 2363 γυναικῶν
2877 2297 3097 2349 ἐκείνων
3120 2312 3133 2326 ⁶
3176 2299 3203 2350 6
3237 2297 3295 2349 δέ
3332 2296 3571 2366 λογισμῷ
3627 2296 3726 2367 μὲν
3762 2297 3943 2352 οὐδενὶ

2286 2382 2620 2452 χρησάμενος
2661 2383 2842 2451 (ποῖος
2886 2382 2991 2452 γὰρ
3030 2382 3284 2453 λογισμὸς
3333 2382 3669 2451 ἀνακαλύψαι
3713 2385 3942 2449 δυνατὸς

2284 2463 2352 2537 ἦν
2384 2468 2477 2520 τοῦ
2514 2468 2552 2519 Γ
2559 2468 2672 2537 ιεξῆ
2699 2468 2799 2537 τῆν
2825 2468 3047 2537 κλοπήν;
3070 2468 3088 2537 )
3134 2468 3251 2538 θείᾳ
3268 2468 3325 2521 δέ
3355 2468 3531 2539 χάριτι
3560 2468 3627 2521 τὰ
3652 2470 3939 2539 πόρρωθεν

2286 2554 2620 2623 γεγενημένα
2648 2553 2927 2624 προειδώς.
2955 2553 3063 2605 Καὶ
3088 2555 3486 2621 πρεσϐύτερον
3519 2552 3633 2625 [55]
3665 2555 3760 2607 καί
3790 2568 3939 2608 πεν-

2284 2642 2710 2708 τηκόνταρχον.
2757 2639 2911 2692 Μετά
2945 2639 3002 2692 δὲ
3043 2640 3243 2692 τούτων
3282 2641 3372 2691 καὶ
3420 2640 3782 2711 πρεσϐύτερον
3842 2642 3940 2694 καί

2286 2725 2748 2794 πεντηκόνταρχόν
2770 2742 2930 2794 φησιν
2947 2725 3183 2794 ἀναιρεῖν
3206 2742 3220 2756 ·
3255 2724 3615 2795 πρεσϐύτερον
3630 2726 3725 2794 οὐχ
3749 2726 3939 2791 ἀπλῶς

2284 2810 2627 2881 γεγηρακότα
2686 2810 2877 2877 λέγων,
2932 2810 3062 2863 ἀλλά
3117 2809 3206 2861 τὸν
3252 2810 3387 2878 μετὰ
3434 2810 3533 2878 τῆς
3590 2812 3778 2874 πολιᾶς
3834 2812 3939 2883 τὴν

2285 2898 2663 2967 προσήκουσαν
2698 2898 2765 2966 τῇ
2796 2895 2953 2963 πολιᾷ
2979 2894 3330 2965 διατηροῦντα
3372 2894 3601 2949 σύνεσιν.
3655 2897 3762 2949 Καὶ
3802 2915 3939 2950 πεν-

2283 2982 2646 3053 τηκόνταρχον
2670 2982 2728 3034 δέ
2755 2983 2880 3035 ὅταν
2904 2980 3057 3052 λέγῃ,
3079 2982 3176 3049 οὐχ
3202 2981 3297 3033 Eva
3324 2980 3441 3032 τινὰ
3472 2982 3940 3053 πεντηκόνταρχόν

2284 3085 2467 3138 φησιν,
2500 3067 2637 3121 ἀλλὰ
2668 3066 2746 3137 τῷ
2782 3067 3005 3135 ὀνόματι
3042 3066 3215 3136 τούτῳ
3256 3068 3378 3129 τοὺς
3423 3068 3687 3136 ἄρχοντας
3726 3069 3938 3132 πάντας

2284 3156 2595 3209 αἰνίττεται.
2650 3154 2812 3208 υύδέν
2847 3153 2973 3223 γὰρ,
3014 3152 3162 3205 οὐδὲν
3224 3152 3482 3222 ἀναρχίας
3539 3153 3936 3225 χαλεπώτερον,

2284 3242 2470 3312 ῶσπερ
2495 3241 2615 3294 ούδέ
2644 3240 2827 3294 πλοίου
2866 3256 2921 3291 τι
2963 3237 3364 3308 σφαλερώτερον
3412 3240 3607 3306 γένοιτ’
3636 3239 3700 3294 ἂν
3736 3240 3941 3311 κυϐερ-

2285 3332 2450 3399 νήτην
2481 3328 2578 3381 ούκ
2598 3328 2829 3397 ἔχοντος.
2864 3327 2973 3380 Καὶ
3000 3326 3120 3378 ούδέ
3148 3326 3375 3378 ἐνταῦθα
3406 3326 3635 3391 ἵσταται,
3668 3326 3802 3381 ἀλλά
3840 3331 3942 3383 καὶ

2285 3416 2473 3482 ἑτέραν
2510 3414 2749 3483 μεγάλην
2780 3413 3075 3482 ἀσφάλειαν
3110 3413 3421 3481 ἀναιρήσειν
3454 3412 3679 3478 ἀπειλεῖ,
3714 3415 3839 3477 τοὺς
3865 3416 3942 3470 τά

2284 3501 2480 3569 ἄριστα
2526 3498 2795 3569 βουλεύειν
2837 3499 3062 3560 εἰδότας,
3103 3499 3152 3549 οἳ
3194 3497 3300 3550 τῶν
3353 3499 3528 3551 ὅπλων
3562 3499 3659 3550 οὐκ
3681 3498 3943 3555 ἐλάττονα

2284 3588 2623 3656 εἰσφέρουσιν
2643 3586 2957 3654 εὐεργεσίαν
2984 3587 3101 3646 ταῖς
3124 3583 3358 3636 πόλεσιν.
3390 3583 3601 3651 Ἀφελῶ
3624 3584 3749 3655 γάρ,
3778 3589 3941 3657 φησὶ,

2284 3674 2381 3727 καί
2414 3675 2758 3740 θαυμαστὸν
2784 3672 3147 3739 σύμϐουλον,
3177 3670 3273 3722 καί
3304 3670 3497 3738 σοφὸν
3520 3670 3941 3739 ἀρχιτέκτονα·

2283 3761 2403 3829 οὐχὶ
2429 3760 2521 3813 τὸν
2545 3758 2819 3827 οἰκοδόμον
2844 3757 3036 3824 λέγων,
3072 3756 3205 3809 ἀλλὰ
3236 3755 3343 3808 τῶν
3380 3756 3715 3826 πραγμάτων
3742 3758 3944 3829 ἐμπει..

2286 3864 2397 3915 ρον,
2426 3847 2518 3899 καὶ
2549 3845 2714 3897 πολλά
2739 3844 3115 3913 ἐπιστάμενον,
3148 3844 3240 3896 καὶ
3268 3842 3403 3911 μετά
3435 3844 3697 3907 συνέσεως
3718 3845 3942 3901 ἅπαντα

2283 3934 2351 3987 τά
2376 3934 2471 4003 τῆς
2496 3933 2703 3995 πόλεως
2726 3931 3016 3984 διατιθέναι
3048 3931 3343 4000 πράγματα
3370 3930 3564 3983 είδότα.

2353 4027 2422 4088 γ’.
2462 4020 2570 4073 Καὶ
2609 4018 2746 4088 μετά
2779 4017 3003 4077 τούτων,
3040 4015 3146 4069 Καὶ
3174 4016 3431 4068 συνετὸν
3458 4016 3776 4083 ἀκροατήν.
3837 4019 3943 4073 ’Ἂν

2283 4108 2392 4178 γὰρ
2419 4106 2574 4160 τοῦτο
2599 4106 2733 4175 ἀπῇ,
2778 4104 2880 4157 κᾶν
2907 4103 3071 4157 τάλλα
3115 4104 3324 4156 ἅπαντα
3360 4104 3530 4173 παρῇ,
3582 4102 3740 4157 πλέον
3784 4106 3943 4163 οὐδέν

2284 4197 2398 4248 ἐστι
2443 4196 2563 4256 ταῖς
2607 4193 2811 4252 πόλεσι,
2847 4190 2951 4243 κᾶν
2998 4190 3267 4259 προφῆται
3303 4182 3423 4253 ὦσι,
3469 4190 3573 4242 κάν
3623 4189 3940 4261 σύμϐουλοι,

2285 4281 2387 4334 κᾶν
2412 4281 2687 4342 δυνάσται,
2736 4279 2764 4330 6
2794 4276 2849 4330 δέ
2880 4277 3238 4346 ἀκουσόμενος
3283 4274 3466 4345 μηδεὶς
3507 4273 3563 4349 ᾖ,
3602 4277 3775 4330 πάντα
3812 4282 3939 4351 είκῆ

2284 4366 2375 4418 καί
2404 4365 2597 4433 μάτην.
2645 4363 2799 4433 Ἐμοὶ
2836 4362 2983 4414 δοκεῖ
3012 4360 3241 4413 ἐνταῦθα
3274 4360 3335 4412 τὸ
3378 4358 3603 4428 Ἀφελῶ
3636 4361 3830 4428 λέγειν,
3875 4366 3943 4417 τὸ

2282 4458 2427 4510 ἐάσω
2458 4457 2549 4508 καὶ
2594 4457 2808 4522 ἀφήσω,
2846 4452 3033 4522 ῶσπερ
3076 4452 3104 4503 6
3150 4450 3357 4512 Παῦλος
3388 4466 3547 4518 φησι·
3588 4450 3944 4517 Παρέδωκεν

2280 4542 2499 4608 αὐτοὺς
2527 4544 2612 4606 εις
2637 4539 2920 4607 ἀδόκιμον
2942 4537 3094 4591 νοῦν
3118 4551 3131 4565 ·
3168 4536 3228 4588 οὐ
3258 4534 3414 4587 τοῦτο
3442 4535 3671 4599 δεικνὺς,
3716 4537 3797 4589 ὅτι
3844 4539 3941 4592 ἐν-

2281 4625 2470 4684 έϐαλεν
2509 4629 2588 4691 εἰς
2634 4626 2839 4689 ἄνοιαν,
2879 4623 2991 4677 ἀλλ’
3022 4623 3102 4675 ὅτι
3130 4622 3306 4692 ἀφῆκε
3340 4621 3432 4673 καὶ
3468 4620 3646 4674 εἴασεν
3678 4622 3941 4694 ἀνοήτους

2280 4717 2459 4779 ὄντας.

2351 4802 2460 4855 Καὶ
2490 4799 2794 4865 ἐπιστήσω
2825 4797 3180 4861 νεανίσκους
3202 4794 3493 4863 ἄρχοντας
3523 4794 3735 4850 αὐτῶν.
3764 4796 3937 4851 Τοῦτο

2280 4890 2539 4958 ἀναρχίας
2586 4890 2762 4957 χεῖρον
2808 4885 2903 4937 καὶ
2943 4883 3123 4952 πολλῷ
3159 4881 3548 4952 χαλεπώτερον.
3603 4883 3660 4936 '0
3690 4884 3789 4953 μὲν
3822 4885 3937 4956 γάρ

2280 4976 2378 5027 οὐκ
2440 4974 2575 5042 ἔχων
2633 4973 2904 5041 ἄρχοντα,
2959 4969 3325 5036 ἀπεστέρηται
3381 4967 3474 5020 τοῦ
3536 4970 3937 5038 χειραγωγοῦν-

2278 5076 2399 5121 τος⁸
2439 5060 2467 5110 6
2504 5058 2561 5111 δέ
2596 5057 2825 5127 πονηρὸν
2861 5055 3017 5124 έχων,
3052 5055 3141 5107 τὸν
3181 5054 3510 5123 ἐμϐάλλοντα
3553 5056 3629 5116 εἰς
3655 5059 3934 5124 κρημνοὺς

2280 5146 2409 5214 ἔχει.
2451 5144 2781 5204 Νεανίσκους
2822 5143 2877 5194 δὲ
2916 5140 3145 5193 ἐνταῦθα
3186 5141 3304 5210 οὐχί
3352 5141 3534 5203 ἀπλῶς
3578 5140 3674 5210 τὴν
3714 5141 3934 5211 ήλικίαν

2278 5232 2573 5285 διαϐάλλων
2639 5230 2858 5297 έφησεν,
2922 5228 3035 5278 ἀλλ’
3102 5228 3207 5279 ἀπὸ
3261 5227 3353 5279 τοῦ
3407 5227 3785 5291 πλεονάζοντος
3826 5230 3930 5300 τὴν

2279 5318 2460 5370 ἄνοιαν
2492 5316 2669 5369 αὐτῶν
2700 5314 3079 5368 ἐπιδείκνυται.
3126 5314 3279 5367 Ἔστι
3310 5313 3416 5383 γὰρ
3462 5314 3555 5367 καὶ
3594 5314 3743 5377 νέους
3788 5312 3931 5370 εἷναι

2280 5404 2546 5466 συνετοὺς,
2592 5402 2683 5453 καὶ
2726 5399 3099 5468 γεγηρακότας
3136 5400 3289 5468 ἀνοία
3333 5399 3533 5468 συζῇνο
3582 5399 3695 5452 ἀλλ’
3738 5402 3929 5473 ἐπειδὴ

2278 5489 2431 5542 τοῦτο
2456 5489 2549 5558 μὲν
2574 5487 2864 5547 σπανιάκις
2904 5486 3218 5553 συμϐαίνειν
3248 5484 3421 5550 εἴωθε,
3463 5486 3522 5538 τὸ
3547 5486 3603 5537 δέ
3636 5486 3929 5548 πλεονάζον

2276 5575 2574 5629 τούναντίον
2601 5572 2767 5637 ἐστὶν,
2795 5570 2854 5633 ἐξ
2880 5572 3087 5623 ἐκείνου
3131 5572 3383 5637 ἀνοήτους
3423 5572 3721 5642 ὠνόμασεν.
3773 5573 3926 5625 Ἐπεὶ

2337 5736 2363 5773 ἀ
2389 5734 2479 5784 Τὸν
2498 5735 2590 5782 ἀπὸ
2620 5732 2850 5786 συνέσεως
2870 5731 3043 5784 πολλῆς
3083 5731 3175 5775 τῶν
3198 5730 3453 5788 μελλόντων
3472 5730 3799 5791 στοχάζεσθαι,

2278 5800 2416 5845 ulius
2434 5803 2565 5855 pulal
2592 5794 2849 5856 legendum
2875 5805 2983 5840 CSsc
3007 5792 3343 5851 στοχαζόμενον
3366 5793 3437 5839 vel
3465 5789 3765 5851 στοχάζεσθαι
3788 5789 3897 5835 δυνά

2278 5878 2301 5922 μ
2312 5876 2426 5906 suav.
