4156 6312
214 379 278 432 41
1459 345 1519 399 IN
1558 344 1797 411 nsum,
1837 342 1981 399 CAP.
2024 343 2107 400 lll.
3354 365 3427 418 42

218 485 326 550 ipso
355 486 570 545 aspectu
592 473 889 529 crucientur
914 480 1194 533 numquam
1220 464 1410 524 satiati,
1456 470 1508 512 ot
1532 461 1651 512 hinc
1677 461 1726 511 in

218 570 448 637 telligant
470 583 499 619 a
531 567 635 618 Deo
667 564 947 617 immissam
977 559 1133 611 fuisse
1162 558 1308 609 iram.
1337 555 1391 606 2.
1424 553 1681 620 Gigantem
1719 560 1762 602 et

216 670 483 728 potentem.
520 657 791 725 Gigantem
840 666 1045 719 semper
1095 650 1361 717 Scriptum
1411 646 1594 698 fortem
1632 643 1764 696 solet

216 762 424 809 vocare,
452 746 535 799 vel
566 759 683 798 eum
712 743 797 809 qui
824 739 1157 809 proportione
1198 736 1546 789 membrorum
1590 731 1765 785 multis

218 835 517 890 antecellat.
552 830 756 887 Etenim
784 831 834 882 in
876 827 1157 889 creatione,
1184 840 1301 879 cum
1326 823 1471 886 dicit,
1521 820 1588 873 Ili
1629 829 1766 872 erant

219 930 463 998 gigantes,
517 925 735 977 homines
797 919 1031 973 nominati
1073 914 1235 987 (Gen.
1267 916 1316 967 6.
1341 912 1431 983 4),
1486 927 1588 965 non
1628 910 1765 962 aliud

219 1033 387 1087 genus
426 1016 585 1070 fuisse
632 1014 775 1076 dicit,
805 1010 896 1065 sed
939 1008 1117 1071 fortes,
1149 1007 1409 1067 robustos,
1453 1011 1509 1057 et
1556 1012 1767 1061 vegetos

223 1106 374 1161 nobis
398 1104 710 1159 subindicat.
740 1100 803 1153 Et
830 1098 1071 1152 hominem
1110 1095 1396 1149 bellatorem
1436 1101 1481 1144 ct
1524 1091 1764 1161 judiccm.

224 1195 557 1252 intolerabile
581 1190 908 1260 supplicium,
940 1198 991 1242 et
1017 1186 1101 1240 illa
1130 1200 1245 1255 qua:
1269 1183 1403 1237 dicta
1439 1190 1559 1234 sunt
1598 1190 1770 1233 extre-

225 1303 324 1341 ma:
355 1284 600 1354 perniciei
621 1292 740 1336 sunt
772 1286 1128 1348 argumentum
1150 1316 1164 1341 ,
1192 1289 1326 1344 quae,
1357 1271 1611 1327 stantibus
1661 1286 1772 1322 mu-

227 1379 300 1431 ris
326 1387 382 1431 et
408 1374 655 1434 turribus,
690 1371 870 1425 urbem
920 1369 1120 1438 possint
1147 1381 1262 1419 cum
1305 1364 1499 1418 civibus
1548 1362 1771 1415 inimicis

228 1462 707 1519 dedere.Tutamen
722 1458 915 1527 quippe
930 1456 1132 1511 urbium
1152 1471 1252 1510 non
1270 1455 1319 1508 in
1336 1451 1611 1525 lapidibus,
1623 1448 1772 1519 lignis

230 1565 282 1607 ct
299 1553 463 1620 septis
497 1552 651 1604 situm
684 1559 785 1613 est,
807 1548 897 1602 sed
927 1546 976 1599 in
1017 1544 1288 1613 prudentia
1314 1541 1521 1605 civium,
1546 1539 1633 1608 qui
1657 1554 1773 1593 cum

232 1645 361 1698 tales
383 1643 592 1705 adsunt,
623 1640 778 1693 etiam
801 1644 1055 1706 przesente
1080 1635 1248 1699 hoste,
1296 1633 1455 1686 tutius
1494 1646 1647 1700 quam
1674 1645 1774 1683 Cn:-

235 1745 341 1787 tera
393 1732 567 1785 omnia
623 1730 787 1797 ipsam
838 1727 1115 1779 muniunt:
1146 1740 1263 1779 cum
1289 1733 1461 1776 autem
1498 1724 1529 1775 ii
1568 1724 1773 1785 absunt,

233 1825 387 1876 etiam
424 1820 630 1874 nemine
676 1826 911 1885 urgente,
952 1815 1274 1869 miseriorem
1320 1813 1458 1866 illam
1522 1814 1771 1869 exhibent

235 1926 387 1978 quam
418 1911 460 1961 si
487 1908 831 1961 obsideretur.

299 1999 354 2049 9..
398 1999 575 2065 itaque
612 2005 665 2051 et
706 1996 820 2049 illos
866 2004 919 2049 et
958 1994 1220 2047 auditores
1257 2007 1439 2047 omnes
1480 2008 1583 2045 non
1621 2006 1779 2059 parvo

238 2091 582 2159 philosophia:
622 2089 933 2141 documento
970 2086 1151 2139 imbuit
1179 2086 1447 2154 propheta,
1475 2084 1699 2139 suadens
1726 2095 1781 2137 ut

239 2195 298 2232 ne
337 2192 583 2246 umquam
631 2179 681 2229 in
730 2175 1083 2244 magnitudine
1152 2174 1297 2231 urbis
1368 2188 1511 2243 Spem
1558 2183 1772 2242 ponant,

240 2283 330 2320 nec
373 2268 423 2319 in
473 2265 623 2318 vallis
650 2272 702 2317 et
725 2264 977 2317 machinis
999 2304 1013 2327 ,
1056 2262 1149 2316 sed
1176 2263 1225 2314 in
1252 2262 1382 2331 frugi
1412 2265 1641 2316 virorum
1680 2265 1782 2317 vir-

240 2364 363 2407 tute.
392 2354 513 2407 lllos
556 2354 709 2421 igitur
741 2354 982 2405 territans
1004 2352 1092 2414 ait,
1126 2352 1292 2418 ipsqu
1318 2365 1434 2404 eam
1466 2352 1623 2405 tutela
1640 2353 1782 2405 omni

238 2443 605 2495 destitutorum
650 2454 785 2502 esse,
829 2455 930 2493 non
957 2438 1111 2493 modo
1138 2439 1341 2492 bellica:
1366 2440 1440 2493 rei
1470 2440 1664 2507 peritos
1687 2455 1780 2493 att-

240 2533 473 2596 ferendo,
505 2531 594 2585 sed
620 2532 776 2584 etiam
802 2530 1001 2598 judices
1019 2569 1033 2592 ,
1062 2530 1148 2597 qui
1180 2543 1281 2582 non
1309 2528 1476 2581 minus
1496 2529 1680 2597 juvant
1706 2531 1783 2582 ci-

246 2624 424 2675 \iL‘llCS
467 2636 621 2688 quam
663 2619 974 2682 bellatores,
1021 2618 1143 2672 dum
1188 2632 1368 2687 pacem
1420 2628 1635 2685 curant,
1681 2620 1785 2673 imo

240 2726 377 2778 smpe
428 2708 747 2761 imminentia
792 2707 925 2761 bella
958 2709 972 2737 ‘
1002 2707 1319 2774 propulsant.
1373 2706 1434 2759 lli
1482 2708 1619 2761 enim
1668 2722 1784 2761 cum

241 2798 538 2867 frequenter
568 2813 597 2851 a
627 2798 803 2851 radice
830 2807 1157 2866 peccatorum
1185 2797 1440 2862 oriantur,
1484 2798 1590 2851 iieri
1619 2807 1788 2866 potest

243 2902 298 2947 ut
321 2893 493 2958 legum
506 2889 768 2952 custodes,
795 2902 990 2956 eosque
1012 2889 1099 2956 qui
1117 2888 1220 2956 juri
1246 2888 1469 2941 dicundo
1488 2903 1606 2941 cum
1628 2890 1786 2957 tequiv

242 2994 346 3039 tate
389 2979 693 3048 praesident,
733 2980 951 3047 plurima
993 2989 1203 3046 peccata
1242 2979 1618 3045 reprimentes,
1664 2978 1781 3031 belli

245 3084 452 3125 musam
497 3068 752 3121 auferant.
798 3068 902 3121 Cur
940 3081 1065 3136 ergo
1104 3067 1240 3120 Deus
1275 3081 1368 3121 eos
1395 3070 1635 3120 amovet?
1659 3067 1787 3132 Quia

244 3160 341 3212 illis
384 3155 728 3226 przescntibus
771 3168 876 3208 non
920 3163 979 3209 ut
1019 3154 1289 3223 oportebat
1317 3156 1394 3208 usi
1424 3164 1562 3209 sunt.
1594 3157 1789 3222 Quem-

243 3248 525 3301 admodum
564 3247 705 3299 enim
744 3245 986 3298 salutaria
1013 3245 1124 3313 ejus
1152 3245 1393 3313 dogmata
1429 3246 1642 3298 multam
1668 3246 1790 3300 alle-

244 3338 427 3392 rebant
455 3336 781 3391 audientibus
808 3336 1109 3399 utilitatem,
1154 3334 1346 3389 tudinis
1374 3344 1544 3389 autem
1576 3336 1786 3388 concio-

246 3446 395 3495 nans,
426 3431 565 3483 dicta
592 3444 682 3483 sua
706 3428 1018 3483 obscuritate
1040 3427 1197 3481 multa
1226 3426 1537 3491 involvebat,
1569 3426 1685 3495 quia
1718 3427 1785 3479 illi

244 3522 394 3574 dictis
415 3536 521 3573 non
545 3518 879 3573 attendebant
906 3533 920 3570 :
950 3516 1016 3569 ita
1042 3516 1155 3571 haec
1177 3516 1311 3569 dona
1335 3532 1426 3570 sua
1456 3531 1789 3585 magna,qu:e

246 3610 462 3663 multam
490 3609 636 3663 nobis
666 3609 883 3663 salutem
908 3605 1201 3668 conferunt,
1229 3606 1294 3660 de
1321 3606 1493 3659 medio
1519 3620 1657 3673 srepe
1688 3606 1787 3660 tol-

246 3701 337 3763 lit,
380 3714 505 3753 cum
534 3698 566 3751 ii
596 3698 683 3766 qui
712 3697 970 3764 accipiunt
994 3695 1121 3748 nihil
1152 3695 1275 3748 hinc
1302 3694 1497 3748 fructus
1522 3695 1789 3762 percipere

246 3790 443 3843 volunt.
478 3787 543 3841 Et
574 3786 857 3856 prophetam
881 3793 926 3838 et
950 3785 1289 3854 conjectorem.
1322 3783 1434 3837 Non
1460 3799 1672 3852 parvum
1698 3798 1791 3836 au-

247 3888 349 3931 tem
380 3879 472 3930 ira:
498 3891 663 3944 genus
687 3884 768 3930 est
792 3889 909 3930 cum
940 3874 1223 3944 prophetize
1261 3873 1525 3928 deficiunt.
1572 3874 1790 3940 Quando

248 3968 401 4036 igitur
445 3966 718 4019 Iudaicum
758 3964 999 4034 populum
1048 3965 1185 4019 Deus
1219 3964 1286 4018 ob
1328 3973 1535 4032 peccata
1566 3965 1787 4018 liliorum

250 4057 360 4109 lleli
416 4063 688 4110 aversatus
735 4064 835 4120 est,
877 4054 1045 4123 obque
1098 4052 1440 4107 multitudinis
1482 4055 1786 4122 nequitiam,

246 4147 435 4201 defecit
483 4145 748 4214 prophetia
780 4163 794 4200 :
832 4145 1043 4198 Verbum
1066 4145 1206 4199 enim
1233 4185 1247 4208 ,
1287 4144 1468 4211 inquit,
1526 4145 1789 4213 pretiosum

245 4248 364 4303 crat,
407 4249 455 4290 et
484 4253 584 4290 non
611 4245 711 4290 erat
738 4237 858 4290 visio
883 4236 1181 4305 distinguens
1218 4236 1294 4304 (i.
1327 4233 1447 4303 Reg.
1472 4235 1523 4288 3.
1550 4235 1623 4304 l).
1665 4234 1789 4289 Pre-

247 4330 448 4391 tiosum,
499 4327 549 4380 id
594 4335 705 4389 est,
754 4339 927 4378 rarum
968 4334 1100 4378 erat.
1152 4324 1219 4377 Et
1262 4323 1358 4377 sub
1393 4322 1514 4377 Ozia
1567 4324 1787 4391 idipsutn

246 4416 431 4469 accidit
462 4432 478 4469 :
505 4428 673 4482 neque
701 4414 837 4468 enim
864 4414 981 4467 hinc
1000 4417 1239 4483 exiguum
1267 4412 1486 4466 fruetutn
1508 4413 1785 4480 cepissent,

246 4506 287 4558 si
317 4505 625 4558 voluissent.
656 4503 784 4557 Nam
812 4502 988 4557 divina
1012 4502 1263 4567 ediscere,
1288 4511 1342 4556 et
1362 4502 1427 4557 ad
1458 4501 1626 4556 futura
1655 4505 1786 4557 mala

248 4596 549 4664 preparari,
577 4595 643 4650 de
670 4594 879 4649 incertis
902 4594 1058 4650 rebus
1084 4608 1328 4662 responsa
1353 4596 1607 4663 accipere,
1625 4610 1789 4663 quan-

245 4686 435 4737 donam
462 4684 698 4736 inimicos
714 4684 955 4736 invadere
981 4692 1237 4750 oporteat,
1266 4683 1471 4751 quando
1499 4683 1785 4751 quiescere,

246 4771 511 4843 quomodo
558 4772 721 4824 tristia
766 4770 940 4824 omnia
986 4771 1266 4840 depellere,
1308 4772 1521 4825 multam
1564 4773 1690 4841 ipsis
1722 4771 1786 4825 ad

245 4868 468 4919 salutem
500 4863 747 4918 afferebat
774 4862 1098 4918 facilitatem.
1145 4863 1337 4917 Verum
1370 4864 1487 4931 quia
1516 4878 1631 4932 qua:
1652 4862 1787 4915 didi-

244 4965 424 5010 cerant
464 4969 568 5007 non
604 4953 914 5021 explebant,
956 4953 1075 5007 ideo
1114 4952 1439 5021 disciplinam
1482 4953 1614 5007 hanc
1662 4954 1789 5021 ipsis

242 5049 437 5100 ademit
469 5063 483 5097 :
514 5044 653 5113 quod
681 5054 791 5097 erat
820 5043 1040 5111 ingentis
1070 5043 1161 5097 Dei
1188 5044 1475 5097 clementiae
1508 5058 1785 5112 argumen-

246 5146 375 5199 tum,
404 5133 545 5203 quod
572 5147 689 5185 cum
719 5129 884 5184 futura
916 5130 1240 5199 pmvideret,
1286 5132 1543 5198 sciretque
1568 5144 1658 5183 cos
1684 5146 1786 5184 non

246 5233 383 5275 recte
420 5220 577 5277 donis
602 5234 786 5274 usuros
806 5260 821 5284 ,
870 5228 1044 5272 tamen
1069 5235 1183 5287 qua:
1209 5233 1299 5271 sua
1328 5228 1476 5272 erant
1500 5220 1669 5272 omnia
1696 5234 1788 5273 ex-

246 5311 468 5363 hiberet.
538 5308 667 5363 Cum
715 5308 963 5377 propheta
1004 5321 1129 5361 vero
1178 5308 1522 5375 conjectorem
1564 5322 1621 5362 se
1663 5307 1789 5361 dicit

245 5403 536 5453 ablaturum
584 5414 722 5454 esse.

312 5491 577 5559 Conjector
596 5490 703 5559 quis
730 5490 811 5542 sit.
838 5517 907 5527 —
933 5487 1289 5556 Conjectorem
1320 5488 1403 5542 hic
1427 5490 1550 5542 mihi
1580 5489 1787 5543 videtur

308 5627 324 5656 ι
364 5632 478 5682 Reg.
506 5630 557 5673 et
599 5622 733 5669 Savil.
764 5609 957 5679 habent,
995 5621 1143 5670 hostes
1181 5622 1485 5683 imminentes,
1524 5637 1623 5683 pro,
1665 5623 1784 5671 bella

247 5686 294 5733 in
316 5684 558 5734 mitwutia.
582 5690 691 5742 Quae
715 5694 950 5745 postrema
974 5682 1114 5732 lectio
1137 5682 1307 5731 melius
1328 5682 1557 5744 quadrare
1581 5684 1782 5733 videtur.

1871 456 2044 512 dicere
2067 472 2206 523 eum,
2234 458 2319 528 qui
2346 473 2407 512 ex
2440 457 2600 512 multa
2628 458 2962 527 intelligentia
2983 500 2995 521 ,
3034 464 3087 510 et
3116 472 3177 511 ex
3206 456 3314 525 ipsa
3337 473 3419 511 το-

1867 563 1979 600 rum
2008 547 2329 616 experientia
2360 549 2525 601 futura
2554 550 2814 616 conjicere
2843 556 3060 616 poterat.
3079 546 3232 600 Aliud
3271 546 3410 599 enim

1868 645 1947 690 est
1982 635 2302 703 conjectura,
2333 636 2473 689 aliud
2515 635 2787 705 prophetia
2837 655 2850 690 :
2897 635 3148 703 propheta
3176 635 3314 689 enim
3351 650 3416 687 ex

1869 727 2043 781 divino
2061 727 2251 795 Spiritu
2281 727 2526 794 loquitur,
2559 742 2621 780 ev
2645 740 2701 779 se
2730 726 2854 779 nihil
2884 725 3144 789 ail‘erens;
3178 724 3263 779 illo
3292 739 3419 780 vero

1869 818 2140 872 occasione
2167 827 2315 886 capta
2344 833 2405 871 ex
2437 818 2498 871 iis
2520 833 2643 887 quas
2673 818 2778 886 jam
2821 820 3171 887 contigerunt,
3224 817 3415 871 intelli-

1869 908 2095 975 gentiam
2121 922 2373 961 exercens
2401 922 2545 960 suam
2565 946 2580 971 ,
2628 911 2912 961 futurorum
2944 908 3105 961 multa
3133 906 3414 975 prospicit,

1873 1007 1925 1049 ut
1957 1012 2049 1065 par
2072 1007 2151 1051 est
2185 998 2347 1051 virum
2376 999 2679 1067 prudentem
2716 999 3035 1067 prospicere.
3094 1000 3160 1052 At
3200 998 3417 1051 multum

1875 1088 2009 1141 hunc
2035 1088 2169 1141 inter
2195 1099 2247 1142 et
2272 1089 2415 1142 illum
2446 1090 2722 1143 discrimen
2749 1106 2763 1154 ;
2816 1098 3138 1157 tantumque,
3167 1098 3413 1158 quantum

1873 1189 1951 1234 est
1979 1180 2304 1234 intervallum
2336 1182 2473 1234 inter
2501 1181 2826 1248 prudentiam
2870 1181 3147 1233 humanam
3191 1188 3243 1234 et
3287 1180 3422 1234 divi-

1874 1284 1991 1321 nam
2018 1271 2251 1337 gratiam.
2287 1269 2353 1323 Ut
2372 1279 2541 1322 autem
2571 1269 2809 1337 exemplo
2832 1282 3125 1323 sermonem
3152 1268 3425 1322 dilucidio-

1874 1375 1983 1412 rem
2029 1359 2261 1421 reddam,
2310 1360 2594 1429 cogitemus
2654 1358 2985 1414 Salomonetn
3029 1368 3084 1413 et
3126 1357 3367 1412 Elismum
3402 1374 3415 1410 :

1876 1451 2028 1504 ambo
2065 1452 2202 1504 enim
2230 1464 2313 1504 res
2342 1451 2572 1504 occultas
2614 1451 2664 1504 in
2707 1451 2932 1504 medium
2973 1450 3317 1515 adducebant,
3364 1458 3415 1504 et

1876 1540 2175 1593 abscondita
2208 1540 2506 1593 revelabant
2535 1559 2548 1594 :
2580 1541 2669 1593 sed
2696 1557 2797 1593 non
2820 1543 2973 1595 ambo
2998 1541 3177 1595 eadem
3200 1542 3421 1605 virtute;

1877 1630 1966 1683 sed
1995 1630 2079 1683 ille
2108 1629 2314 1698 quidem
2339 1645 2401 1683 ex
2432 1629 2697 1698 prudentia
2726 1630 2946 1683 humana
2968 1671 2981 1693 ,
3033 1645 3061 1683 a
3112 1640 3291 1685 natura
3338 1645 3427 1684 se.

1880 1732 2026 1772 mens
2054 1719 2380 1773 occasionem
2409 1719 2545 1773 circa
2571 1721 2874 1774 meretrices
2901 1720 3018 1774 illas
3039 1721 3282 1775 mulieres
3311 1720 3420 1787 (a);

1882 1807 1963 1861 hic
1990 1822 2111 1859 vero
2132 1807 2404 1861 ratiocinio
2425 1808 2569 1861 nullo
2586 1823 2729 1873 usus,
2750 1810 2905 1877 (quod
2936 1810 3075 1863 enim
3098 1810 3422 1863 ratiocinium

1882 1900 2021 1953 Giczi
2051 1900 2241 1954 furtum
2267 1903 2496 1956 revelare
2526 1902 2849 1975 potuisset?)
2900 1904 2989 1957 sed
3016 1919 3078 1959 ex
3109 1904 3279 1957 divina
3308 1918 3424 1973 gra-

1882 1990 1951 2042 tia
1978 2005 2037 2043 ea
2065 2006 2179 2059 quae
2208 1993 2383 2061 procul
2417 1992 2545 2045 facta
2572 2004 2720 2047 erant
2748 1995 2997 2063 providit.
3045 1994 3109 2048 Et
3138 2011 3327 2060 senem,
3370 1998 3422 2050 3.

1882 2089 1926 2131 et
1952 2080 2220 2149 principem
2243 2098 2389 2149 super
2416 2083 2789 2153 quinquaginta.
2818 2081 2946 2137 Cum
2976 2085 3036 2137 iis
3064 2087 3217 2138 etiam
3248 2100 3425 2140 senem

1883 2177 1935 2221 et
1965 2171 2247 2239 principem
2274 2185 2428 2240 super
2453 2173 2817 2242 quinquaginta
2847 2189 2903 2228 se
2944 2174 3267 2229 sublaturum
3312 2191 3429 2230 esse

1885 2258 2009 2311 dicit
2057 2275 2069 2313 :
2119 2276 2295 2313 senem
2327 2277 2428 2315 non
2456 2263 2763 2331 simpliciter
2800 2280 2917 2317 eum
2960 2265 3045 2333 qui
3095 2267 3430 2320 consenuerit

1885 2348 2030 2411 dicit,
2061 2351 2151 2403 sed
2190 2365 2309 2403 eum
2348 2353 2435 2418 qui
2473 2369 2589 2407 cum
2635 2354 2827 2409 canitie
2867 2356 3193 2423 prudentiam
3222 2356 3429 2411 canitiei

1885 2445 2286 2491 consentaneam
2310 2450 2499 2493 servat.
2530 2439 2655 2494 Cum
2678 2458 2801 2495 vero
2826 2442 2950 2497 dicit
2972 2444 3253 2511 principem
3276 2459 3433 2512 super

1886 2527 2287 2596 quinquaginta,
2332 2546 2433 2585 non
2480 2535 2771 2601 quempiam
2808 2536 3100 2603 lmjusmodi
3148 2538 3431 2606 principem

1890 2628 2163 2682 memorat,
2210 2620 2303 2675 sed
2344 2620 2443 2674 hoc
2470 2624 2680 2678 nomine
2707 2626 2965 2693 principes
2995 2641 3177 2681 omnes
3197 2627 3432 2682 subiudi-

1888 2715 1991 2758 cat.
2036 2706 2172 2760 Nihil
2198 2710 2357 2774 enim,
2388 2711 2514 2764 nihil
2540 2721 2685 2767 certe
2716 2714 3082 2782 miserabilius,
3108 2731 3260 2785 quam
3292 2717 3435 2771 nullo

1891 2796 2191 2864 magistratu
2221 2798 2359 2867 regi,
2406 2808 2460 2853 ut
2487 2801 2612 2854 nihil
2640 2802 2984 2868 periculosius
3009 2806 3123 2858 navi
3150 2820 3245 2861 suo
3272 2805 3434 2861 desti-

1893 2894 1998 2937 tuta
2045 2888 2414 2955 gubernatore.
2466 2889 2645 2957 Neque
2689 2892 2774 2945 hic
2810 2894 3024 2961 gradum
3065 2895 3219 2961 sistit,
3250 2895 3340 2949 sed
3381 2904 3437 2949 et

1892 2974 2044 3027 aliam
2075 2990 2313 3044 magnam
2338 2979 2545 3032 tutelam
2568 2994 2625 3034 se
2644 2981 2936 3036 ablaturum
2958 2986 3320 3051 comminatur,
3344 3000 3439 3040 eos

1893 3063 1979 3129 qui
2006 3062 2140 3115 bona
2164 3063 2290 3118 dare
2314 3067 2528 3119 consilia
2558 3069 2778 3135 possint,
2819 3070 2908 3138 qui
2948 3086 3050 3125 non
3082 3073 3252 3126 minus
3277 3089 3433 3141 quam

1892 3167 2034 3206 arma
2056 3154 2349 3208 civitatibus
2373 3155 2593 3210 all’eruut
2620 3159 2886 3213 auxilium.
2915 3161 3042 3215 Nam
3073 3163 3178 3215 ait:
3201 3164 3438 3231 Auferam

1893 3246 2231 3297 admirabilem
2265 3246 2637 3313 consiliarium,
2682 3258 2727 3302 et
2768 3252 3038 3315 sapientem
3077 3254 3436 3317 architectum;

1895 3350 1994 3385 non
2054 3344 2361 3389 Structorem
2416 3337 2621 3403 dicens,
2677 3338 2767 3393 sed
2812 3339 2862 3393 in
2915 3342 3135 3409 negotiis
3177 3343 3435 3410 peritum,

1895 3423 2051 3476 multa
2104 3425 2349 3490 doctum,
2393 3436 2447 3480 et
2488 3442 2606 3481 cum
2653 3430 2923 3497 prudentia
2988 3432 3161 3485 omnia
3212 3432 3439 3487 civitatis

1895 3514 2096 3579 negotia
2133 3514 2497 3570 administrare
2539 3518 2807 3572 scientem.

1962 3603 2013 3654 5.
2052 3603 2179 3656 Cum
2228 3603 2309 3657 his
2354 3606 2543 3671 etiam,
2592 3607 2657 3661 Et
2701 3608 2988 3675 prudentem
3038 3614 3329 3668 auditorem.
3382 3617 3439 3671 Si

1893 3694 2029 3746 enim
2074 3693 2171 3746 hoc
2216 3694 2473 3760 abfuerit,
2509 3697 2606 3750 etsi
2648 3698 2748 3752 alia
2787 3700 2960 3754 omnia
3008 3701 3219 3769 adsint,
3272 3705 3438 3759 nihilo

1896 3784 2010 3851 plus
2052 3783 2251 3841 accedit
2294 3786 2618 3850 civitatibus,
2671 3790 2767 3843 etsi
2816 3791 3103 3858 prophctm,
3136 3794 3231 3847 etsi
3261 3795 3436 3849 consi-

1895 3873 2047 3935 liarii,
2080 3877 2176 3925 etsi
2206 3875 2536 3942 magistratus
2562 3874 2753 3941 adsint,
2776 3878 2817 3929 si
2845 3880 3015 3931 nullus
3041 3882 3107 3932 sit
3132 3883 3219 3950 qui
3240 3884 3433 3949 audiat,

1893 3962 2064 4015 omnia
2107 3962 2295 4015 frustra
2336 3973 2388 4017 et
2418 3965 2466 4016 in
2498 3964 2713 4018 nihilum
2754 3966 2963 4023 abeunti
3008 3969 3221 4024 Videtur
3261 3984 3432 4029 autem

1894 4051 2016 4103 mihi
2040 4051 2122 4106 hic
2146 4054 2379 4122 Auferam
2400 4054 2518 4118 diei,
2536 4056 2679 4124 quasi
2699 4056 2894 4121 Sinam,
2918 4059 3237 4128 Permittam,
3257 4080 3436 4134 quem-

1893 4140 2169 4194 admodum
2197 4141 2385 4195 Paulus
2410 4144 2484 4196 ait
2529 4161 2543 4197 :
2588 4143 2811 4199 Tradidit
2842 4164 2925 4201 eos
2952 4150 3002 4201 in
3032 4153 3292 4219 reprobum
3321 4170 3437 4207 sen-

1892 4247 1999 4283 sum
2043 4230 2209 4301 (Rom.
2247 4232 2297 4284 i.
2326 4230 2451 4301 28);
2501 4247 2601 4287 non
2650 4234 2747 4289 hoc
2790 4250 2965 4301 sensu,
2997 4240 3144 4306 quasi
3175 4242 3226 4294 in
3256 4256 3435 4297 amen-

1894 4323 2015 4374 tiam
2044 4324 2183 4392 ipsos
2205 4322 2507 4391 conjeeerit,
2530 4324 2620 4378 sed
2640 4326 2759 4394 quia
2777 4326 3080 4394 insipientes
3096 4342 3212 4383 cum
3233 4342 3433 4399 essent,

1896 4414 2034 4481 ipsos
2058 4416 2252 4468 dimisit
2278 4425 2332 4468 et
2359 4416 2587 4484 reliquit.

1965 4504 2178 4557 Prwstat
2207 4506 2397 4557 nullum
2425 4521 2571 4573 quam
2599 4508 2780 4559 malum
2806 4510 2974 4562 ducem
3000 4511 3192 4567 haben.
3212 4516 3343 4570 -4.
3377 4516 3445 4570 Et

1892 4594 2143 4646 instituant
2168 4593 2551 4646 adolescentulos
2577 4597 2819 4664 principes
2842 4614 3028 4651 eorum.
3086 4600 3195 4657 Hoc
3230 4602 3435 4659 defectu

1894 4684 2049 4736 etiam
2076 4681 2463 4753 magistratuum
2494 4684 2639 4751 pejus
2678 4693 2730 4738 et
2758 4686 2920 4739 multo
2944 4690 3149 4756 gravius
3173 4700 3271 4745 est.
3303 4692 3431 4746 Nam
3470 4684 3473 4687 ⁷

1893 4774 1979 4841 qui
2013 4772 2294 4840 principem
2330 4787 2432 4826 non
2474 4773 2648 4839 habet,
2688 4775 2818 4829 duce
2866 4779 3126 4844 privatur;
3179 4783 3265 4850 qui
3309 4798 3433 4838 vero

1894 4866 2085 4917 malum
2112 4872 2292 4918 nactus
2321 4876 2403 4918 est
2426 4864 2611 4919 ducem
2631 4906 2644 4927 ,
2688 4866 2843 4921 habet
2868 4870 2955 4935 qui
2986 4883 3042 4923 se
3070 4872 3119 4923 in
3150 4873 3432 4942 praecipitia

1894 4953 2156 5020 conjiciat.
2188 4955 2617 5008 Adolescentulos
2642 4967 2813 5009 autent
2846 4956 2930 5011 hic
2956 4971 3211 5015 memorat
3236 4979 3340 5017 non
3380 4976 3432 5020 ut

1954 5134 2023 5204 (α)
2056 5141 2163 5204 "tce
2200 5132 2459 5204 respiciunt
2494 5133 2890 5204 eaiput_quin‘tum
2922 5132 3027 5203 libri
3059 5138 3432 5204 Proverbiorum.

1893 5192 1972 5241 ubi
1997 5192 2158 5243 contra
2181 5193 2484 5241 meretricum
2510 5192 2761 5240 illecebras
2784 5192 3082 5254 fallaciasque
3103 5192 3437 5248 adolescentes

1892 5258 2161 5303 communit.
2182 5254 2307 5311 Quod
2331 5260 2489 5300 autem
2513 5254 2588 5302 hic
2608 5255 2672 5301 ait
2695 5254 3001 5312 comparando
3023 5255 3313 5307 Salomonem
3332 5273 3437 5306 cum

1894 5316 2073 5373 Elisseo,
2098 5315 2227 5363 illum
2254 5328 2314 5362 ex
2340 5314 2587 5373 prudentia
2630 5315 2830 5361 humana
2870 5316 3111 5374 loquutum
3150 5330 3275 5373 esse,
3310 5318 3433 5367 bttnc

1895 5391 2010 5425 vero
2035 5392 2093 5425 ex
2141 5378 2288 5436 gratia
2323 5375 2494 5437 divina,
2531 5376 2597 5422 sic
2622 5374 2875 5435 intelligas,
2903 5390 2995 5422 non
3032 5379 3165 5437 quasi
3204 5378 3432 5433 Salomon,

1894 5438 2002 5485 dmn
2027 5435 2383 5486 Proverbiorum
2406 5435 2576 5483 librum
2606 5437 2857 5491 scriberet,
2884 5440 3031 5495 gratia
3052 5435 3206 5485 divina
3233 5439 3436 5485 destitu-

1895 5505 1969 5545 ttts
1994 5507 2151 5556 esset;
2177 5498 2261 5543 sed
2288 5496 2407 5557 quod
2436 5508 2508 5553 ea,
2541 5508 2646 5556 quae
2672 5500 2971 5555 experientia
3006 5505 3055 5546 et
3076 5500 3329 5557 sagacitate
3352 5512 3437 5547 sua

1896 5568 2107 5613 noverat,
2146 5559 2385 5618 dirigeutc
2419 5558 2585 5616 Spiritu
2625 5566 2802 5613 sancto,
2830 5559 2980 5605 literis
3025 5558 3291 5617 mandaret;
3332 5574 3436 5607 cum

1895 5633 2055 5726 ('lttntl‘il)
2078 5622 2263 5667 eliswus
2294 5618 2369 5667 illa
2403 5625 2581 5666 tantum
2616 5620 2866 5678 scriberet,
2892 5634 2997 5681 ιιιιω
3037 5620 3221 5667 aﬂlaute
3246 5623 3438 5669 Numine

1895 5697 1906 5725 (
1930 5695 2023 5726 lSCC
2059 5691 2120 5726 at.

1895 5683 2120 5731 discebat.
