4156 6312
718 318 791 373 43
1368 317 1418 369 S.
1463 313 1730 367 JOANNIS
1764 312 2221 373 CHRYSOSTOMI
2262 312 2566 369 ARCHIEP.
2607 316 3122 377 CONSTANTINOP.
3861 345 3926 397 4-1

699 444 903 490 aetatem
949 434 1152 501 culpet,
1199 433 1290 487 sed
1338 442 1393 485 tit
1433 432 1638 485 illorum
1683 431 2028 499 insipientiam
2084 433 2252 499 aptius

698 524 960 580 ostendat.
992 524 1254 591 Contingit
1273 523 1411 576 enim
1447 521 1668 588 juvenes
1697 536 1815 575 esse
1843 521 2123 589 prudentes
2142 562 2156 585 ,
2204 530 2255 573 et

697 629 853 668 senes
894 614 944 667 in
993 613 1288 683 insipientia
1338 613 1530 666 vixisse
1580 629 1592 664 :
1637 627 1818 666 verum
1849 612 1969 680 quia
2009 611 2059 667 id
2089 613 2254 665 rarius

695 704 934 758 accidere
964 703 1118 766 solet,
1166 704 1256 756 sed
1282 702 1600 755 contrarium
1630 703 1939 770 plerumque
1965 702 2250 769 contingit;

694 794 813 846 ideo
857 794 972 847 illos
1003 793 1307 860 insipientes
1337 793 1638 844 nominavit.
1673 792 1800 844 Nam
1851 803 1902 845 et
1948 792 2251 845 Tinmtlteus

687 885 896 953 juvenis
923 893 1036 939 erat
1066 903 1078 937 :
1112 885 1154 936 is
1200 893 1368 936 tamen
1417 883 1702 949 sapientius
1727 925 1740 943 ,
1793 898 1947 950 quim
1997 882 2251 934 innumeri

689 989 877 1038 senes,
919 973 1182 1028 Ecclesias
1231 973 1642 1037 administravit;
1693 981 1745 1026 et
1788 973 2036 1026 Salomon
2087 987 2252 1024 annos

691 1075 843 1119 natus
869 1065 1140 1119 duodecim
1174 1064 1280 1133 (a),
1330 1079 1447 1116 cum
1486 1065 1591 1117 Deo
1621 1063 1945 1132 loquebatur,
1987 1065 2254 1130 multaque

691 1165 804 1210 erat
827 1154 1035 1210 dicendi
1061 1153 1242 1208 ﬁducia
1278 1154 1583 1217 instructus,
1630 1168 1691 1206 ac
1723 1169 1810 1206 rex
1840 1153 2134 1206 declaratus
2159 1168 2248 1207 Coc

688 1256 1006 1314 ronatusquc
1053 1254 1167 1308 ρει,
1215 1243 1572 1312 barbarosque
1618 1241 1797 1296 habuit
1835 1243 2101 1310 sapientia:
2143 1257 2251 1296 sate

688 1345 1049 1404 spectatores;
1100 1349 1269 1402 neque
1310 1333 1407 1386 viri
1456 1333 1660 1394 solum,
1716 1332 1806 1385 sed
1836 1342 1887 1385 et
1913 1332 2158 1385 mulieres
2185 1347 2247 1385 ex

693 1427 986 1496 longinquis
1012 1424 1312 1494 regionibus
1339 1423 1628 1485 venientes,
1665 1421 1798 1474 hanc
1826 1421 1988 1474 solam
2019 1422 2249 1488 peregri-

690 1516 912 1570 nationis
952 1530 1160 1568 causam
1215 1513 1498 1572 liabebant,
1550 1527 1739 1579 nempe
1781 1519 1837 1564 ut
1877 1525 1940 1564 ex
1971 1511 2084 1578 ejus
2122 1525 2250 1563 voce

686 1607 951 1677 quidpiam
981 1605 1275 1659 ediscerent
1302 1611 1355 1657 et
1379 1602 1616 1664 audirent
1644 1619 1658 1655 :
1689 1601 1780 1655 sed
1829 1609 1884 1653 ut
1931 1599 1993 1652 ad
2042 1600 2246 1652 senium

688 1696 960 1763 pervenit,
1005 1694 1225 1748 multum
1274 1692 1340 1746 de
1387 1693 1577 1745 virtute
1612 1691 1860 1744 detraxit.
1913 1689 2079 1758 Hujus
2124 1705 2248 1742 vero

685 1797 836 1857 pater
877 1786 1058 1840 beatus
1096 1783 1259 1837 David
1307 1797 1468 1852 grave
1506 1781 1632 1834 illud
1679 1791 1947 1849 peccatum
1985 1795 2089 1832 non
2128 1794 2245 1832 cum

684 1878 890 1946 juvenis
916 1887 968 1932 et
997 1891 1123 1945 puer
1151 1884 1325 1940 esset,
1349 1874 1440 1928 sed
1481 1888 1600 1927 cum
1631 1873 1772 1926 illam
1795 1881 2006 1926 nitatem
2029 1880 2246 1940 praeter-

685 1984 898 2040 gressus
947 1977 1110 2026 csset.
1139 1974 1259 2019 tunc
1303 1965 1553 2034 peccavit.
1612 1963 1742 2017 Cum
1786 1972 1960 2015 autem
2001 1963 2247 2030 puerulus

686 2070 859 2126 esset,
885 2057 1122 2112 mirabile
1152 2064 1401 2125 tropaeum
1430 2056 1616 2118 erexit,
1646 2055 1918 2108 barbarum
1946 2054 2241 2122 prostravit,

685 2164 998 2218 omnemque
1042 2148 1278 2202 exhibuit
1314 2146 1740 2216 philosophiam,
1798 2160 1966 2214 neque
2019 2144 2244 2212 impedi-

686 2251 863 2294 mento
908 2239 1156 2308 juventus
1206 2238 1320 2302 fuit,
1375 2237 1653 2305 quominus
1679 2235 1790 2289 huic
1816 2235 2066 2303 praeclara
2098 2245 2244 2302 gesta

682 2331 882 2386 ederet.
925 2328 1206 2384 Jeremiam
1236 2341 1443 2397 quoque
1469 2327 1555 2395 qui
1594 2326 1760 2378 :etatis
1786 2325 1987 2378 obicem
2027 2323 2242 2391 objicie-

684 2424 776 2477 bat
823 2432 878 2477 ut
925 2429 1213 2486 recusaret,
1264 2434 1366 2473 non
1402 2419 1612 2472 admisit
1653 2417 1810 2482 Deus,
1857 2419 1948 2471 sed
1974 2415 2155 2470 eduxit
2177 2416 2243 2469 ad

683 2514 932 2584 populum
960 2512 1257 2575 Judaicum,
1279 2511 1447 2578 ipsum
1474 2510 1600 2562 nihil
1623 2508 1742 2564 inde
1773 2507 2009 2575 impediri
2038 2506 2239 2570 dicens,

681 2606 726 2661 si
754 2613 929 2660 mente
958 2602 1105 2656 ﬁrma
1136 2601 1382 2670 praeditus
1407 2610 1565 2653 esset.
1620 2599 1747 2662 llae,
1795 2600 1899 2650 imo
1945 2597 2110 2649 multo
2142 2597 2240 2647 mi-

684 2709 813 2748 nore
838 2701 1012 2753 actate,
1039 2705 1192 2745 senes
1219 2689 1400 2743 Daniel
1426 2688 1699 2757 judicavit.
1748 2688 1812 2740 Et
1839 2686 2012 2740 .losias
2049 2701 2115 2738 ne
2145 2685 2240 2737 de-

681 2799 797 2839 cem
827 2782 1034 2852 quidem
1077 2795 1244 2834 annos
1294 2788 1470 2840 natus,
1505 2779 1554 2830 in
1581 2777 1768 2831 solium
1802 2776 1944 2844 regni
1973 2773 2239 2836 ascendit,

680 2882 908 2941 tuncque
934 2870 1187 2932 ﬂorebat;
1240 2867 1334 2921 sed
1379 2878 1559 2935 postea
1589 2866 1848 2920 tantillum
1896 2865 2139 2932 delapsus
2192 2865 2247 2918 in

679 2964 964 3034 ignaviam,
999 2961 1246 3015 virtutem
1275 2959 1432 3011 animi
1464 2956 1814 3011 labefactavit.
1845 2954 1978 3021 Quid
2003 2968 2129 3007 vero
2149 2951 2240 3007 Jo-

680 3054 850 3124 sepht
898 3053 1088 3107 Annon
1127 3050 1356 3120 juvenis,
1406 3046 2036 3115 etadmodumjuvenis,
2082 3057 2241 3113 grave

679 3147 805 3201 illud
832 3145 1024 3199 bellum
1052 3143 1299 3210 suscepit,
1324 3156 1426 3194 nou
1450 3139 1704 3193 adversus
1732 3136 1993 3201 homines,
2025 3135 2116 3190 sed
2142 3134 2240 3187 ad-

679 3253 860 3294 versus
902 3238 1066 3306 ipsam
1111 3244 1310 3289 natura:
1355 3231 1680 3302 tyrannidem
1721 3229 2036 3291 decertans,
2081 3235 2136 3280 et
2175 3241 2239 3280 ex

679 3329 848 3384 media
893 3327 1103 3382 fornace
1150 3325 1465 3392 ﬂammaque
1511 3322 1714 3384 multo,
1770 3334 1926 3389 quam
1977 3319 2062 3371 illa
2116 3317 2242 3370 Per-

677 3422 782 3475 sica
815 3419 909 3490 (b),
938 3417 1201 3486 graviore,
1245 3415 1438 3467 illmsus
1467 3412 1678 3475 cxsiliit,
1725 3426 1827 3462 non
1861 3409 2053 3472 minus,
2087 3423 2240 3476 quam

679 3523 784 3565 tres
813 3510 882 3565 illi
915 3507 1081 3578 pueri,
1119 3508 1231 3560 sine
1275 3504 1467 3558 damno
1504 3517 1720 3555 manens
1742 3500 1764 3552 ἱ)
1790 3499 2239 3566 Quemadmodum

677 3602 814 3655 enim
843 3599 920 3653 illi
944 3612 1164 3665 corpora
1195 3611 1312 3649 cum
1333 3595 1459 3662 ipsis
1479 3592 1682 3660 capillis
1713 3591 1873 3644 illaesa
1900 3599 2025 3643 tunc
2043 3589 2239 3658 egressi

679 3689 1039 3750 ostenderunt,
1085 3702 1150 3740 ex
1201 3685 1340 3738 fonte
1373 3684 1546 3751 potius
1581 3696 1736 3750 quam
1775 3695 1840 3732 ex
1886 3678 2102 3733 fornace
2144 3695 2238 3732 ex-

680 3795 865 3836 euntes
896 3797 910 3832 :
941 3778 1016 3833 sic
1046 3787 1096 3831 et
1126 3776 1224 3829 iste
1255 3775 1304 3827 in
1334 3771 1641 3832 certamine,
1679 3784 1742 3823 ex
1770 3768 2029 3838 Egyptiac
2072 3768 2246 3820 mani-

680 3875 777 3926 bus
819 3870 1029 3937 elapsus
1060 3867 1076 3897 ¹
1101 3908 1115 3932 ,
1157 3864 1303 3927 exiit,
1333 3876 1504 3931 neque
1529 3876 1559 3914 a
1586 3870 1746 3926 laetu,
1781 3874 1951 3925 neque
1981 3875 2009 3911 a
2044 3858 2240 3920 verbis,

680 3975 851 4030 neque
875 3959 940 4013 ab
969 3964 1202 4026 aspectu,
1234 3969 1404 4022 neque
1431 3968 1460 4005 a
1487 3952 1828 4012 vestimentis,
1856 3965 2023 4017 neque
2049 3949 2113 4002 ab
2143 3964 2240 4001 uu-

679 4050 906 4120 guentis,
938 4061 1054 4116 quae
1097 4045 1378 4099 sarmentis
1401 4052 1452 4096 et
1478 4043 1593 4110 pice
1617 4041 1970 4094 ardentiorem
1997 4040 2246 4107 concupi-

680 4143 892 4198 scentiae
912 4139 1176 4193 ﬂammam
1203 4134 1595 4197 accendebant;
1638 4146 1807 4201 neque
1832 4133 1896 4185 ab
1917 4139 2069 4184 :etate
2099 4132 2244 4199 ejus-

682 4233 823 4289 modi
845 4231 1111 4302 quidpiam
1147 4242 1334 4298 passus
1364 4236 1462 4290 est,
1508 4225 1664 4294 quale
1694 4233 1751 4277 ut
1778 4225 1934 4276 homo
1965 4225 2064 4291 pati
2089 4239 2243 4290 posse

684 4322 975 4378 videbatur.
1023 4321 1098 4374 Ac
1127 4327 1234 4373 tres
1271 4318 1342 4371 illi
1375 4317 1542 4385 pueri,
1584 4317 1635 4368 in
1662 4316 1776 4383 ipso
1798 4315 2086 4382 juventutis
2115 4316 2245 4368 flore

685 4425 740 4468 et
765 4421 998 4467 ventrem
1028 4415 1375 4477 superarunt,
1421 4416 1474 4460 et
1505 4405 1690 4459 mortis
1717 4403 2052 4458 formidinem
2078 4405 2245 4457 calca-

684 4512 835 4567 runt,
887 4509 1190 4569 tantumque
1237 4499 1526 4552 exercitum
1570 4497 1906 4565 furoremque
1953 4497 2092 4564 regis
2137 4496 2244 4563 ipsa

685 4593 898 4648 fornace
941 4589 1292 4643 ardentiorem
1343 4588 1601 4647 vicerunt,
1656 4586 1887 4654 nihilque
1918 4587 2035 4639 illos
2073 4594 2248 4639 exter-

686 4690 811 4748 ruit,
856 4680 950 4736 sed
994 4687 1301 4734 constanter
1329 4685 1640 4730 manserunt
1665 4676 1842 4729 animo
1881 4676 2096 4729 minime
2130 4689 2244 4728 scr-

685 4774 777 4827 vili
807 4770 1065 4827 instructi.
1083 4769 1199 4824 Non
1229 4769 1386 4838 igitur
1411 4775 1620 4821 aetatem
1648 4767 1927 4821 traducens
1954 4767 2066 4820 haec
2091 4766 2242 4821 dicit:

755 4975 772 5002 ι
809 4970 985 5017 Boisius
1007 4965 1147 5027 legit,
1169 4963 1369 5027 impuris
1387 4962 1616 5027 {Egi/ptio:
1639 4960 1853 5011 manibus
1876 4961 2079 5027 elapsus.

748 5033 819 5093 (a)
854 5037 932 5093 Ea_
952 5035 1028 5093 est
1058 5017 1379 5088 ‘iju'orut'ndam
1411 5017 1806 5093 cbionologorum
1838 5017 2100 5093 sententia,
2127 5024 2251 5071 Salo-

693 5086 883 5143 tnonem
905 5086 1210 5138 duodennem
1232 5098 1440 5147 regnare
1469 5088 1693 5147 «spisse,
1721 5097 1878 5146 eaque
1902 5086 2148 5144 sapientiae
2172 5098 2248 5132 ar-

693 5153 918 5215 gumenta
943 5150 1240 5215 exhibuisse,
1267 5160 1389 5215 quae
1422 5147 1470 5194 in
1501 5150 1745 5215 Scriptura
1763 5152 2008 5192 narrantur
2035 5158 2045 5192 :
2082 5159 2250 5215 verum

689 5205 946 5276 peritiores
968 5208 1244 5276 clnonologi
1261 5205 1357 5270 jam
1382 5215 1482 5256 tum
1499 5209 1656 5258 virum
1685 5208 1829 5276 fuisse
1861 5213 2079 5276 censent.
2106 5205 2251 5275 certe

687 5268 727 5324 'si
746 5272 1011 5323 duodenuis
1032 5270 1182 5318 solum
1199 5268 1310 5320 erat
1331 5283 1437 5332 cum
1462 5283 1665 5332 regnare
1687 5269 1846 5328 Cu‘lill,
1873 5275 1922 5314 et
1941 5268 2251 5332 quadraginta

690 5337 826 5384 annis
849 5332 1142 5394 regnaverit,
1161 5339 1213 5379 ut
1236 5333 1300 5379 ait
1316 5330 1581 5394 Scriptura,
1595 5341 1840 5394 saniesque
1863 5336 2001 5394 natus
2020 5330 2251 5387 quinqua-

690 5395 819 5454 ginta
843 5388 963 5443 duos
997 5393 1186 5454 obierit,
1209 5388 1443 5453 quomodo
1466 5392 1608 5438 stabit
1632 5388 1745 5436 illud
1779 5391 2047 5454 Scripturze,
2076 5397 2250 5448 tiegum

693 5405 819 5454 ginta
843 5405 963 5443 duos
997 5405 1186 5450 ument,
1209 5405 1443 5453 quomouo
1466 5405 1608 5438 Stabit
1632 5405 1745 5436 tuuu
1779 5405 1873 5437 δεῐῚ
1896 5405 2047 5444 ηιιιηυ,
2077 5405 2250 5448 uegum

693 5460 772 5504 lib.
797 5457 844 5520 3,
865 5469 908 5504 c.
936 5455 1009 5513 11,
1029 5468 1074 5502 γ.
1091 5452 1154 5520 4”:
1178 5461 1383 5520 Cumque
1397 5454 1505 5512 jam
1527 5464 1670 5501 senex
1695 5457 1830 5509 esset,
1856 5405 2164 5511 depravatum
2187 5455 2253 5498 est

696 5531 778 5567 cor
800 5519 902 5575 ejus
925 5527 1009 5577 per
1033 5514 1291 5562 mulieres?

755 5572 832 5638 (ιη’
858 5572 1111 5625 Fornacem
1134 5583 1270 5623 vocat
1293 5575 1523 5622 Persicam
1547 5574 1672 5622 illam
1697 5572 2018 5638 Babylonicam
2039 5574 2085 5638 in
2109 5584 2252 5634 quam

690 5636 954 5698 tres—pueri
977 5638 1179 5700 conjecti
1203 5643 1473 5700 sumptam
1518 5648 1649 5695 saepe
1691 5637 1906 5700 vidimus,
1935 5636 2165 5695 assyrium
2204 5640 2254 5682 et

690 5700 989 5762 Babyloniam
1011 5698 1250 5748 Persidem
1273 5713 1298 5747 a
1322 5698 1651 5759 Chrysostnmo
1676 5699 1846 5744 vocari.

2363 433 2779 503 quandoquidem
2807 448 2856 491 et
2881 439 3071 495 Paulus
3099 456 3217 495 cum
3248 444 3319 495 ait
3372 462 3382 496 :
3429 443 3547 498 Non
3589 446 3907 515 ne0pbytum,

2361 540 2421 575 ne
2470 525 2520 577 in
2569 529 2846 596 superbiam
2883 531 3060 593 elatus,
3114 533 3165 584 in
3199 535 3447 602 judicium
3496 536 3681 589 incidat
3727 537 3910 590 diaboli

2361 614 2434 680 (1.
2464 614 2597 670 Tim.
2630 618 2682 671 5.
2710 618 2788 686 6),
2831 636 2934 675 non
2965 632 3117 677 aetate
3139 624 3383 692 juvenem
3415 625 3560 691 dicit,
3612 628 3701 679 sed
3728 643 3911 680 recens

2359 706 2667 774 plautatum,
2697 711 2747 763 id
2777 723 2877 777 est,
2918 714 3209 768 institutum
3243 732 3257 779 ;
3289 717 3524 785 plantare
3547 719 3743 788 quippe
3786 718 3913 771 dicit

2359 802 2619 855 catechesi
2669 804 2956 869 instituere,
3017 817 3069 861 et
3115 809 3338 873 (locere;
3391 819 3444 863 ut
3484 825 3599 863 cnm
3633 812 3704 862 ait
3744 829 3756 862 :
3800 809 3911 878 Ego

2361 892 2602 958 plantavi,
2638 894 2818 963 Apollo
2846 897 3018 966 rigavit
3058 899 3129 966 (1.
3161 896 3275 951 Cor.
3305 900 3357 953 5.
3386 898 3465 967 6).
3505 897 3742 954 Christus
3779 915 3909 967 quo-

2355 994 2457 1048 quc
2488 981 2538 1034 id
2571 983 2940 1049 plantationem
2967 996 3114 1049 vocat
3143 987 3321 1042 dicens
3373 1006 3385 1040 :
3430 986 3603 1041 Omnis
3642 989 3904 1056 plantatie,

2355 1084 2501 1136 quam
2540 1087 2636 1123 non
2672 1073 2911 1139 plantavit
2950 1074 3107 1128 Pater
3130 1093 3266 1130 meus
3291 1076 3531 1141 celestis,
3573 1077 3909 1128 eradicabitur

2357 1159 2564 1226 (liutth.
2600 1162 2965 1230 15.15).Nam
2992 1166 3033 1218 si
3066 1166 3382 1236 ne0pbytum
3405 1166 3904 1234 dixissetjuvenem,

2356 1249 2686 1305 Timotheum
2722 1262 2886 1320 certe,
2938 1255 3026 1323 qui
3051 1255 3256 1324 juvenis
3288 1264 3422 1320 erat,
3467 1263 3521 1310 et
3564 1257 3632 1309 ita
3671 1256 3902 1325 juvenis,

2357 1351 2410 1394 ut
2464 1342 2551 1394 ille
2593 1342 2830 1411 diceret,
2880 1344 3042 1399 Nemo
3079 1348 3383 1414 juventntem
3438 1357 3573 1400 tuam
3629 1356 3905 1400 contemnat

2355 1432 2433 1498 (l.
2478 1431 2608 1485 Tim.
2638 1435 2691 1488 4.
2725 1434 2811 1499 12)
2835 1476 2848 1498 ,
2898 1437 2961 1490 ad
3003 1446 3199 1490 tantum
3243 1438 3456 1492 culmen
3495 1438 3761 1506 dignitatis
3799 1454 3903 1491 non

2353 1525 2632 1587 evexisset,
2663 1540 2760 1579 nec
2791 1535 2864 1580 tot
2890 1527 3236 1581 Ecelesiarum
3267 1527 3406 1582 ferre
3434 1543 3610 1582 curam
3635 1529 3906 1598 permisis—

2353 1624 2451 1668 set.
2497 1615 2560 1668 Ε(
2587 1617 2815 1671 illusores
2841 1619 3220 1672 dominabuntur
3244 1619 3333 1672 eis.
3385 1618 3540 1672 Vides
3583 1618 3750 1685 ipsum
3801 1634 3902 1670 non

2352 1706 2657 1773 simpliciter
2702 1719 2910 1763 aetatem
2960 1710 3265 1776 traducere,
3309 1710 3398 1763 sed
3442 1720 3742 1778 corruptum
3789 1711 3903 1762 ani-

2353 1799 2533 1850 mum?
2577 1799 2680 1852 llac
2707 1801 2842 1853 enim
2870 1801 3133 1855 additione
3159 1801 3206 1853 id
3233 1801 3420 1855 clarius
3445 1801 3623 1855 efficit.
3661 1802 3906 1856 lllusores

2351 1889 2489 1941 enim
2517 1888 2598 1942 hic
2626 1901 2773 1944 vocat
2797 1890 3124 1958 deceptores,
3169 1891 3516 1956 cavillatores,
3565 1891 3862 1944 adulatores
3888 1934 3904 1956 ,

2350 1991 2441 2030 eos
2481 1979 2566 2046 qui
2597 1980 2768 2033 verbis
2817 1982 3035 2047 gratiam
3066 1991 3331 2049 captantes
3363 1983 3504 2050 ipsos
3531 1982 3739 2034 diabolo
3785 1998 3904 2049 pro-

2349 2070 2611 2136 pinarent.
2661 2073 2712 2125 5.
2764 2071 2826 2123 Et
2863 2082 3056 2124 corruet
3087 2073 3316 2140 papulas,
3351 2076 3496 2124 homo
3524 2073 3590 2123 ad
3618 2073 3902 2135 hominem,

2347 2167 2393 2210 et
2439 2160 2583 2212 homo
2638 2161 2704 2212 ad
2756 2163 3032 2229 proximum
3077 2178 3242 2215 suum.
3290 2161 3735 2228 Quemadmodum
3763 2165 3905 2217 enim

2347 2250 2497 2317 lignis
2530 2266 2646 2319 qua:
2686 2251 2904 2305 aedificia
2939 2253 3274 2306 continebant
3301 2253 3581 2320 corruptis,
3614 2261 3702 2305 aut
3730 2254 3906 2305 subla-

2348 2341 2431 2406 tis,
2482 2357 2700 2396 necesse
2727 2351 2806 2397 est
2832 2343 2989 2396 etiam
3017 2358 3194 2396 muros
3239 2345 3524 2412 perrumpi,
3573 2344 3718 2396 nullo
3770 2344 3902 2395 nltra

2346 2432 2604 2486 retinente
2655 2450 2669 2485 :
2720 2432 2797 2486 sic
2842 2432 2943 2486 illis
2994 2433 3231 2497 sublatis,
3257 2434 3344 2501 qui
3386 2447 3541 2502 supra
3589 2433 3713 2485 dicti
3758 2444 3900 2494 sunt,

2345 2523 2684 2592 principibus,
2737 2523 3069 2587 consiliariis,
3109 2523 3389 2591 judicibus,
3438 2522 3725 2591 prophetis,
3775 2523 3903 2575 nihil

2345 2617 2675 2684 prohibebat,
2719 2617 2841 2684 quin
2890 2616 3114 2684 populus
3141 2618 3191 2668 in
3223 2615 3474 2669 factiones
3503 2629 3560 2668 se
3598 2614 3902 2678 scinderet,

2345 2718 2398 2763 ct
2426 2721 2609 2774 magna
2645 2706 2968 2774 perturbatio
2996 2707 3242 2760 oriretur.

2413 2799 2469 2852 4.
2500 2796 2664 2850 Irruet
2704 2798 2938 2866 puerulus
2982 2797 3216 2848 adversus
3251 2812 3441 2858 senati,
3463 2807 3508 2849 et
3544 2796 3772 2863 ignobilis
3812 2797 3906 2847 ad-

2341 2903 2511 2941 versus
2548 2885 2780 2939 nobilem.
2828 2884 3235 2950 Adversabitur,
3272 2885 3477 2953 inquit,
3501 2885 3706 2952 juvenis
3751 2885 3902 2947 seni,

2340 2975 2633 3043 despiciet,
2681 2981 2977 3028 contemnet
3029 2974 3194 3026 illum.
3246 2973 3368 3026 Haec
3419 2974 3571 3026 etiam
3621 2984 3904 3040 antequam

2343 3063 2535 3118 bellum
2580 3064 2797 3116 instaret
2833 3061 3017 3131 quovis
3046 3062 3186 3116 bello
3223 3061 3456 3130 graviora
3487 3071 3651 3115 erant.
3683 3063 3906 3128 Quando

2342 3157 2482 3210 enim
2517 3163 2759 3209 senectus
2801 3169 2829 3206 a
2870 3153 3142 3222 juventute
3182 3153 3521 3206 inhonoratur
3545 3193 3559 3216 ,
3587 3153 3821 3220 vilesque
3851 3162 3906 3206 et

2341 3245 2530 3312 abiecti
2560 3244 2797 3297 homines
2824 3242 3153 3297 honorabiles
3181 3242 3322 3309 prius
3355 3242 3494 3294 viros
3523 3243 3726 3294 calcant
3750 3282 3762 3304 ,
3794 3256 3904 3295 non

2344 3335 2544 3388 meliori
2576 3334 2626 3387 in
2655 3342 2790 3386 statu
2823 3341 3060 3386 versatur
3088 3330 3383 3398 hujusmodi
3423 3330 3606 3384 civitas
3631 3370 3645 3394 ,
3673 3345 3828 3398 quam
3859 3331 3905 3384 si

2345 3426 2576 3480 hariolos
2619 3424 2855 3477 haberet.
2896 3424 2947 3477 6.
2978 3424 3107 3488 Quia
3135 3423 3466 3491 appro/tendet
3507 3423 3652 3473 homo
3696 3425 3906 3490 fratrem

2343 3532 2487 3568 suum
2525 3525 2612 3567 aut
2643 3515 2960 3566 domesticum
2990 3513 3143 3580 patris
3187 3513 3266 3563 sui
3303 3512 3470 3562 dicens
3497 3526 3515 3561 :
3553 3509 3906 3562 Vestimenta»:

2345 3603 2514 3668 habes,
2549 3604 2776 3671 princeps
2801 3611 2962 3653 noster
2988 3610 3107 3662 esto,
3139 3610 3186 3654 et
3213 3599 3347 3652 cibus
3375 3615 3509 3652 meus
3537 3601 3628 3651 sub
3657 3608 3702 3651 te
3725 3600 3809 3652 sit.
3847 3599 3901 3650 7.

2346 3694 2411 3748 Et
2440 3695 2739 3763 respondens
2760 3695 2811 3745 in
2837 3694 2916 3744 die
2939 3693 3027 3745 illa
3062 3692 3187 3744 dicet
3211 3707 3229 3743 :
3251 3690 3367 3743 Non
3395 3706 3477 3743 ero
3507 3690 3733 3758 princeps
3757 3705 3776 3740 :
3800 3705 3904 3741 non

2345 3787 2474 3840 enim
2500 3796 2572 3838 est
2609 3787 2662 3837 in
2701 3787 2845 3836 domo
2875 3800 2982 3836 mea
3019 3783 3160 3851 panis
3191 3798 3346 3849 neque
3380 3783 3738 3833 vestimentum.
3781 3778 3904 3831 Non

2347 3892 2430 3928 ero
2475 3875 2699 3942 princeps
2725 3873 2894 3942 populi
2924 3873 3090 3940 hujus.
3119 3871 3210 3924 llic
3251 3871 3375 3923 mihi
3405 3871 3609 3922 videtur
3643 3879 3732 3921 aut
3760 3869 3906 3920 0ὺεὶ-

2347 3967 2555 4020 dioucm
2586 3965 2809 4033 aliquam
2850 3964 3204 4031 gravissimam
3234 3961 3583 4024 subindicare,
3612 3975 3728 4028 qua:
3758 3959 3904 4026 ipsos

2348 4058 2398 4111 in
2429 4067 2717 4111 extremam
2761 4055 3122 4107 necessitatem
3171 4050 3573 4118 redegerit;aut
3602 4049 3715 4101 sine
3756 4049 3906 4101 obsi-

2347 4147 2503 4200 dione
2531 4147 2718 4198 famem
2748 4145 3020 4212 quamdam
3047 4142 3445 4204 intolerabilem,
3470 4140 3786 4207 multamque
3815 4154 3906 4192 re-

2347 4253 2461 4290 rum
2477 4236 2887 4290 necessariarum
2907 4233 3194 4301 penuriam.
3220 4230 3348 4285 Usus
3363 4239 3443 4284 est
3460 4239 3629 4282 autem
3641 4228 3912 4282 communi

2350 4326 2594 4394 loquendi
2642 4322 3014 4376 consuetudine
3058 4339 3068 4372 :
3111 4330 3161 4373 et
3207 4320 3341 4373 sicut
3388 4320 3532 4371 multi
3581 4319 3804 4371 dicunt:
3852 4318 3914 4370 Si

2348 4417 2674 4484 contingeret
2702 4413 2881 4466 urbem
2915 4421 3070 4464 totam
3099 4409 3254 4464 obolo
3291 4407 3590 4462 venumdari
3615 4446 3628 4468 ,
3659 4421 3760 4460 non
3790 4420 3919 4474 pos-

2350 4522 2460 4561 sem
2491 4507 2627 4559 illam
2665 4518 2841 4558 emere
2861 4543 2874 4565 ,
2903 4512 3190 4555 extremam
3220 4501 3296 4553 sic
3326 4507 3681 4567 paupertatem
3724 4507 3915 4550 osten-

2351 4597 2484 4650 dens
2514 4613 2524 4647 :
2554 4596 2629 4648 sic
2670 4603 2720 4647 et
2770 4592 3019 4662 propheta
3057 4590 3183 4642 dicit
3213 4608 3225 4642 :
3252 4588 3308 4642 Si
3354 4588 3673 4656 principatus
3721 4595 3915 4640 veneat

2351 4686 2663 4740 vestimento
2690 4699 2791 4737 uno
2816 4723 2830 4746 ,
2856 4693 2941 4734 aut
2970 4695 3100 4750 pane
3122 4680 3268 4741 solo,
3295 4693 3449 4731 nemo
3488 4678 3585 4730 erit
3614 4677 3698 4744 qui
3727 4686 3873 4730 emat
3900 4694 3914 4731 :

2353 4787 2490 4833 tanta
2513 4792 2688 4831 rerum
2707 4773 3115 4829 necessariarum
3143 4770 3355 4840 penuria
3381 4769 3498 4823 erit.
3520 4767 3570 4822 8.
3597 4768 3726 4833 Quia
3748 4767 3921 4820 disso-

2353 4874 2459 4927 luta
2495 4881 2565 4924 est
2593 4868 2872 4922 Jerusalem
2897 4881 2915 4918 :
2937 4867 3036 4918 hoc
3063 4873 3164 4927 est,
3196 4861 3441 4915 derelicta
3470 4869 3523 4914 et
3551 4861 3754 4913 deserta
3787 4867 3875 4911 est
3899 4898 3918 4922 ,

2356 4964 2446 5017 Dei
2472 4959 2796 5032 providentia
2829 4955 3110 5010 denudata.
3141 4951 3208 5004 Et
3233 4951 3415 5004 Judaza
3438 4951 3653 5003 concidit
3675 4964 3692 5001 :
3713 4957 3924 5015 pertur-

2356 5054 2584 5113 batione,
2613 5049 2777 5118 inquit
2801 5089 2814 5112 ,
2838 5054 2891 5100 et
2917 5044 3136 5097 tumultu
3165 5042 3358 5109 repleta
3384 5051 3464 5094 est
3487 5081 3498 5104 ,
3533 5039 3840 5092 confusione
3866 5047 3924 5091 et

2356 5142 2630 5197 seditione.
2661 5139 2725 5191 Et
2756 5138 2938 5204 lingua:
2963 5149 3131 5186 eorum
3160 5147 3270 5183 cum
3296 5131 3557 5200 iniquitate
3583 5129 3658 5179 his
3683 5141 3793 5194 qua:
3813 5125 3924 5178 Do-

2357 5232 2478 5284 mini
2519 5240 2630 5282 sunt
2679 5244 2776 5280 non
2818 5226 3173 5289 obtemperant.
3217 5221 3412 5274 Deinde
3456 5232 3612 5271 causa
3657 5216 3923 5269 malorum

2358 5321 2701 5383 subnectitur,
2723 5318 2910 5384 lingua:
2932 5313 3348 5382 intemperantia.
3374 5310 3427 5363 Id
3455 5308 3594 5377 quod
3616 5308 3748 5360 Osee
3769 5321 3930 5360 enar-

2356 5415 2466 5484 guit
2507 5413 2721 5465 dicens:
2749 5407 2991 5476 Ephraim
3023 5407 3074 5457 in
3111 5404 3361 5456 interitum
3396 5401 3622 5452 abierunt
3660 5399 3709 5450 in
3748 5399 3929 5453 diebus

2358 5502 2760 5571 rcdnrgutionis;
2795 5501 2846 5552 in
2911 5498 3130 5549 tribubus
3177 5493 3338 5548 Israel
3386 5491 3578 5545 ostendi
3625 5490 3724 5556 [ide
3767 5491 3929 5559 digna

2360 5596 2511 5666 (Osee
2536 5595 2586 5648 5.
2620 5593 2672 5662 9)
2702 5609 2716 5653 ;
2748 5597 2801 5643 et
2829 5586 3106 5640 Malachias
3144 5584 3327 5640 eadem
3366 5583 3555 5635 iterum
3594 5582 3719 5636 dicit
3748 5597 3759 5631 :
3788 5577 3925 5629 Pro-

2365 5694 2522 5757 pheta)
2539 5685 2887 5750 (’J‘pt‘OiNttltlfs
2913 5677 2970 5729 iis
2987 5678 3068 5745 qui
3088 5682 3466 5745 prouocauerunt
3487 5669 3641 5722 Deum
3665 5670 3713 5720 in
3736 5687 3936 5724 sermo-
