4130 6312
495 355 569 412 45
1199 345 1258 401 8.
1292 341 1574 399 JOANNIS
1609 340 2086 400 CIIRYSOS'I'OMI
2120 340 2436 400 ARCHIEP.
2472 340 3010 400 CONSTANTINOP.
3810 367 3887 423 46

498 464 689 535 νόμονο
746 459 1045 531 ὀφείλοντες
1097 457 1224 526 γοῦν
1281 457 1624 527 αἰσχύνεσθαι
1689 456 1782 510 ἐπὶ
1836 456 2006 526 τούτῳ
2049 457 2144 508 καὶ
2249 457 2368 526 ρίας
2405 455 2541 528 [39],
2578 457 2705 510 ὅταν
2736 457 2998 527 μὴμόνον
3030 454 3397 526 ἁμαρτάνωσι,
3445 456 3576 528 μηδέ
3616 458 3690 529 μὴ
3727 462 3881 530 μόνον

495 551 772 624 ἐρυθριᾷν,
813 545 1240 617 ἐγκαλύπτεσθαι
1289 546 1382 596 καὶ
1415 544 1562 597 κάτω
1588 543 1833 604 κύπτειν,
1873 543 1921 594 οἰ
1965 542 2018 594 δέ
2049 543 2142 595 καὶ

492 635 915 706 ἐπαγωνίζονται
949 636 1061 696 τοῖς
1102 632 1402 702 προτέροις,
1445 631 1585 700 μετά
1609 629 1702 683 τοῦ
1749 631 1824 699 μὴ
1862 631 2031 681 ποιεῖν
2068 628 2137 680 τά

493 725 888 794 ἐπιτεταγμένα
929 721 1024 775 καὶ
1060 719 1290 790 φορτικά
1483 717 1841 786 φθεγγόμενοι
1881 716 2098 785 ῥήματα
2122 729 2135 742 ·

489 809 688 866 ὡσανεὶ
746 809 960 879 οἰκέτης
1019 824 1102 870 τις
1181 804 1468 874 ἀγνώμων,
1524 803 2008 872 ἐγκαταλιμπάνων
2073 801 2141 853 τὰ

492 897 838 967 ἐπιτάγματα
867 894 958 947 τοῦ
985 892 1267 956 δεσπότου,
1291 891 1371 943 ἐτι
1401 891 1495 943 καὶ
1522 889 1856 961 θρασύνοιτο.
1903 886 1999 940 Διὸ
2026 886 2140 940 νῦν

489 980 900 1048 ἐταπεινώθηή
920 978 1069 1043 δόξα
1097 977 1303 1044 αὐτοῦ,
1335 975 1433 1030 καί
1461 975 1500 1042 ἠ
1528 975 1788 1043 αἰσχύνη
1821 973 1925 1027 τοῦ
1951 987 2138 1040 προσ-

491 1068 655 1123 ώπου
699 1065 882 1121 αὐτοῦ
921 1063 1178 1131 ἀντέστη
1207 1061 1428 1128 αὐτοῖς.
1475 1060 1644 1114 Πάλιν
1683 1061 1750 1115 τὰ
1782 1058 2040 1128 μέλλοντα
2065 1057 2140 1121 ὡς

492 1152 896 1228 παρεληλυθότα
931 1151 1096 1220 λέγει,
1133 1149 1211 1220 τῷ
1243 1147 1463 1219 συνήθει
1495 1147 1829 1218 κεχρημένος
1862 1145 2011 1214 νόμῳ
2038 1143 2138 1213 τῆς

491 1240 842 1315 προφητείας.
911 1237 1248 1293 Ταπείνωσιν
1299 1236 1356 1289 δὲ
1403 1234 1560 1306 δόξης
1610 1235 1708 1304 τὴν
1769 1232 2140 1302 αἰχμαλωσίαν

491 1330 663 1385 καλεῖ.
693 1328 767 1384 Οὐ
795 1327 904 1398 7&9
928 1326 1024 1396 τῆς
1048 1323 1314 1395 τυχούσης
1345 1322 1600 1392 αἰσχύνης
1632 1316 1721 1391 ἦν,
1752 1321 1877 1382 τοὺς
1904 1321 1962 1373 ἐν
1990 1317 2138 1382 τάξει

488 1417 597 1471 τῶν
621 1415 1006 1486 βασιλευόντων
1032 1413 1128 1483 τῆς
1147 1412 1469 1481 οἰκουμένης
1491 1411 1668 1471 ὄντας,
1687 1405 1904 1470 τούτους
1931 1405 2028 1460 ἀνθ
2036 1405 2137 1475 ρώ-

489 1521 612 1568 ποις
647 1501 890 1573 βεϐήλοις
931 1500 1026 1554 καὶ
1057 1498 1350 1571 βαρϐάροις
1380 1495 1757 1565 ὑποτετάχθαι.
1786 1493 2051 1562 Αἰσχύνην
2080 1491 2137 1543 δέ

490 1590 780 1663 ⁴ι’·ροσιίιπου
817 1585 1046 1641 ἐνταῦθα
1072 1587 1168 1657 τήν
1199 1585 1305 1640 ἀπὸ
1336 1586 1434 1655 τῆς
1471 1584 1741 1653 ἁμαρτίας
1787 1580 2137 1663 ἐγγινομένην

490 1661 643 1747 φθσί·
672 1674 922 1738 Τοιοῦτος
949 1673 1056 1744 γὰρ
1085 1668 1152 1742 ἦν
1175 1671 1350 1726 αὐτῶν
1381 1671 1410 1722 6
1439 1669 1568 1738 βίος.
1623 1666 1774 1720 Ἐπεὶ¹
1811 1661 1903 1720 οὖν
1935 1664 2135 1734 προλα-

489 1766 672 1828 ϐόντες
707 1764 927 1827 ἐαυτοὺς
984 1761 1343 1831 κατῄσχυναν,
1379 1757 1444 1810 δι’
1490 1751 1564 1810 ὧν
1609 1756 1892 1826 ἔπραττον,
1937 1755 2023 1807 διὰ
2074 1753 2137 1824 δὴ

487 1851 643 1906 τοῦτο
668 1849 841 1914 όΘεδς
862 1849 958 1919 τῆς
981 1847 1138 1916 δόξης
1174 1847 1366 1908 αὐτοὺς
1394 1843 1664 1911 ἐξέϐαλεν,
1694 1842 1932 1896 ἐλάττονι
1960 1858 2136 1910 παρα-

487 1940 660 2002 διδοὺς
685 1937 924 2008 τιμωρίᾳ
945 1935 1042 2006 τῆς
1070 1935 1160 1987 ὑπ’
1195 1933 1370 1987 αὑτῶν
1404 1931 1780 2001 ἐπενεχθείσης
1825 1930 2025 1991 αὐτοῖς.
2061 1928 2134 1981 Οὐ

487 2028 596 2098 7&9
617 2027 788 2090 οὑτως
827 2021 965 2096 ἦσαν
1004 2022 1345 2076 ἐπονείδιστοι
1374 2021 1473 2091 τὴν
1503 2019 1783 2090 ἀλλοτρίαν
1824 2017 2094 2080 οἰκοῦντες
2119 2058 2135 2082 ,

487 2117 561 2179 ὡς
598 2115 686 2168 ὅτε
713 2113 810 2181 τὴν
836 2109 1160 2181 μητρόπολιν
1192 2108 1403 2178 ἔχοντες
1447 2107 1813 2177 παρηνόμουν.
1857 2105 1989 2157 Τότε
2037 2103 2135 2172 μὲν

487 2203 594 2273 γὰρ
612 2201 706 2254 καὶ
733 2198 1047 2252 ἐνεκόπτετο
1079 2198 1258 2258 αὐτοῖς
1294 2194 1363 2247 τά
1403 2193 1500 2263 τῆς
1536 2193 1764 2255 κακίαςο
1802 2191 1892 2243 ἐπὶ
1933 2190 1991 2243 δὲ
2037 2189 2136 2258 τῆς

486 2287 740 2360 πατρίδος
769 2287 863 2340 καὶ
890 2285 1024 2355 πρὸς
1047 2284 1107 2337 τὸ
1137 2284 1317 2354 μεῖζον
1344 2282 1522 2352 ᾔρετο.
1556 2280 1712 2346 Μέγα
1741 2279 1919 2331 τοίνυν
1942 2277 2135 2338 αὐτοὺς

485 2380 512 2431 ὁ
537 2376 818 2446 προφήτης
845 2371 1091 2425 ἐπαίδευε
1132 2370 1327 2439 δόγμα,
1359 2364 1630 2435 πανταχοῦ
1669 2364 1865 2417 πείθων
1895 2363 1998 2432 πρὸ
2039 2362 2136 2430 τῆς

487 2463 754 2524 κολάσεως
781 2459 876 2528 τὴν
908 2455 1167 2526 πονηρίαν
1195 2455 1432 2523 φεύγειν,
1465 2453 1558 2506 καὶ
1587 2450 2015 2520 ἐγκαλύπτεσθαι
2043 2449 2135 2502 καὶ

484 2545 833 2617 αἰσχύνεσθαι
859 2560 871 2572 '
898 2544 996 2613 οὑχ
1022 2544 1148 2595 ὅταν
1179 2539 1440 2611 βάρϐαροι
1471 2538 1724 2600 λαϐόντες
1771 2536 1985 2599 δούλους
2026 2536 2134 2589 ἀπ-

489 2633 834 2705 άγωσιν,ἀλλ“
855 2633 984 2686 ὅταν
1006 2631 1040 2699 ή
1073 2632 1172 2699 τῆς
1205 2627 1473 2697 ἁμαρτίας
1493 2625 1737 2695 τυραννὶς
1762 2621 2134 2694 αἰχμαλώτους

482 2724 602 2794 ἔχῃ.
641 2721 764 2787 Τὴν
788 2719 855 2773 δὲ
874 2716 1161 2787 ἁμαρτίαν
1181 2714 1396 2777 αὐτῶν,
1430 2717 1510 2778 ὠς
1537 2712 1830 2779 Σοδόμων,
1860 2709 2133 2779 ἀνήγγει-

481 2813 603 2863 λαν
625 2807 723 2861 καί
750 2803 1110 2874 ἐνεφάνισαν
1150 2814 1200 2856 ο.
1246 2802 1311 2854 Ὀ
1355 2799 1610 2862 πολλάκις
1645 2795 1816 2863 εἶπον,
1860 2798 2001 2865 λέγω
2041 2798 2134 2849 καὶ

482 2897 601 2950 νῦν*
623 2897 705 2949 ὃτι
725 2894 936 2956 δεικνὺς
959 2889 1050 2946 τοῦ
1073 2889 1204 2943 Θεοῦ
1228 2888 1322 2960 τὴν
1346 2890 1535 2960 φιλανθ
1545 2889 1751 2959 ρωπίαν
1775 2891 1803 2941 6
1831 2889 2130 2958 προφήτης,

479 2985 578 3054 οὑχ
622 2982 659 3037 δι
704 2981 951 3051 μέλλουσι
990 2980 1214 3047 πάσχειν
1262 2977 1532 3047 προλέγει,
1566 2975 1699 3028 ἀλλά
1728 2975 1822 3028 καὶ
1859 2976 1896 3030 ἀ
1943 2975 2133 3029 παθεῖν

479 3069 618 3142 ἦσαν
642 3069 801 3136 ἄξιοι.
831 3068 912 3121 Τά
937 3067 1033 3136 μὲν
1060 3066 1168 3135 7&9
1189 3064 1545 3135 ἡμαρτημένα
1569 3064 1746 3126 αὑτοῖς
1776 3063 1864 3116 ῐσα
1886 3062 2134 3132 Σοδόμοις

477 3156 566 3230 ἦν,
598 3160 664 3212 τὰ
699 3157 756 3211 δὲ
789 3156 888 3226 τῆς
913 3154 1176 3225 τιμωρίας
1203 3151 1614 3220 καταδεέστερα.
1662 3151 1735 3203 υὺ
1767 3150 1876 3221 7&9
1901 3150 2126 3219 προρρί-

479 3248 606 3311 ζους
665 3245 859 3305 αὐτοὺς
906 3241 1238 3312 ἀνήρπασεν,
1297 3239 1415 3291 οὐδὲ
1458 3240 1520 3290 ἐκ
1574 3238 1785 3308 βάθρων
1835 3237 1932 3308 τὴν
1982 3237 2134 3289 πόλιν

480 3335 786 3389 ἀνέσπασεν
812 3330 863 3395 δ,
889 3329 1008 3382 οὑδὲ
1040 3328 1265 3395 λείψανα
1304 3325 1395 3379 τοῦ
1435 3326 1619 3393 γένους
1647 3326 1894 3394 ἠφάνισε.
1943 3325 2016 3376 Τὸ
2054 3323 2131 3386 δὲ,

492 3419 878 3489 Ἀνήγγειλαν
910 3415 1004 3469 καί
1041 3413 1422 3482 ἐνεφάνισαν,
1466 3411 1942 3482 ἀνθρωπινώτερον
1985 3409 2136 3482 εἴρη-

479 3525 585 3562 ται.
609 3507 683 3560 υὺ
717 3502 824 3576 γὰρ
853 3504 972 3557 τότε
1003 3502 1300 3572 μανθάνειό
1333 3499 1463 3563 Θεὸς
1503 3500 1572 3552 τά
1613 3499 1968 3568 γεγενημένα,
2007 3499 2134 3552 ὅταν

480 3595 698 3664 γένηται
716 3592 854 3662 (πῶς
867 3590 995 3660 7&9.
1018 3592 1045 3642 6
1062 3589 1234 3641 πάντα
1261 3587 1413 3650 εἰδὼς
1444 3586 1571 3655 πρὶν
1591 3588 1852 3654 γενέσεως
1875 3585 2051 3639 αὐτῶν
2070 3590 2129 3653 ;),

477 3681 592 3737 ἀλλ’
619 3681 705 3732 ἵνα
733 3679 882 3749 δείξῃ
925 3678 983 3729 τὸ
1025 3675 1249 3744 μέγεθος
1277 3676 1372 3742 τῆς
1427 3676 1706 3744 συμφορᾶς
1742 3673 1912 3736 οῦτως
1958 3671 2129 3729 εἶπεν.

548 3773 611 3823 ε’.
653 3766 862 3833 Ὠσπερ
905 3765 1013 3832 γὰρ
1052 3761 1281 3830 ἀλλαχοῦ
1323 3778 1504 3830 φησιν,
1577 3762 1781 3826 Ἀνέϐη
1826 3761 1859 3828 ἡ
1905 3761 2130 3829 κραυγὴ

478 3853 586 3924 τῆς
617 3853 826 3918 κακίας
854 3849 1047 3905 αὐτῶν
1076 3850 1223 3918 πρός
1248 3865 1342 3917 με,
1390 3849 1508 3916 οὑχ).
1539 3848 1626 3900 τὸν
1666 3847 1796 3899 Θεὸν
1839 3848 2134 3909 ἀποικίζων

480 3961 582 3996 που
616 3943 821 4011 πόρρω,
874 3940 966 3991 καὶ
1017 3939 1095 3999 εἰς
1143 3936 1233 3988 τὸν
1280 3934 1504 4005 οὐρανὸν
1571 3933 1912 4002 περικλείων,
1965 3935 2134 3987 ταῦτά

481 4046 664 4097 φησιν,
689 4025 822 4080 ἀλλά
852 4026 913 4077 τὸ
947 4023 1171 4094 μέγεθος
1195 4027 1291 4089 τῆς
1334 4022 1606 4091 ἁμαρτίας
1637 4021 1810 4089 δηλῶν
1837 4037 1850 4051 ο
1891 4020 2030 4073 οὕτω
2069 4021 2131 4090 δὴ

482 4116 576 4168 καὶ
597 4112 846 4173 ἐνταῦθα,
879 4109 1276 4177 ’Λνήγῃ-ειλαιι,
1299 4108 1395 4177 τὴν
1425 4106 1726 4176 ὑπερϐολὴν
1751 4106 1846 4174 τῆς
1876 4107 2134 4175 πονηρίας

478 4200 824 4269 δεικνύμενος
892 4197 1056 4264 λέγει.
1115 4195 1195 4246 Τὰ
1245 4196 1340 4264 μὲν
1393 4195 1498 4263 γὰρ
1546 4209 1562 4228 ιτ
1605 4193 1996 4262 καταδεέστερα
2026 4193 2130 4244 τῶν

481 4287 887 4358 ἁμαρτημάτων
925 4286 1018 4336 καί
1065 4284 1243 4335 λαθεῖν
1280 4282 1478 4334 δύναιτ’
1523 4283 1584 4334 ἄν
1610 4297 1622 4309 ·
1676 4281 1742 4332 τὰ
1782 4280 1836 4331 δὲ
1868 4280 2133 4347 ὑπερϐάλ-

483 4378 641 4430 λοντα
687 4375 782 4429 καὶ
832 4374 1038 4444 μεγάλα
1083 4373 1246 4425 πᾶσίν
1285 4375 1399 4423 ἐστι
1429 4369 1676 4439 γνώριμα
1712 4370 1802 4420 καὶ
1831 4370 2132 4437 καταφανῆ,

483 4461 585 4514 κᾶν
620 4461 805 4530 μηδεὶς
832 4461 861 4514 6
897 4457 1213 4529 κατηγορῶν
1257 4452 1313 4527 ᾗ,
1361 4455 1494 4524 μηδέ
1539 4454 1790 4522 ἐλέγχων.
1841 4454 1985 4505 Λύτά
2027 4455 2134 4523 γὰρ

484 4549 650 4602 ἑαυτὰ
679 4547 1026 4615 καταγγέλλει
1055 4548 1146 4598 καὶ
1175 4545 1308 4612 δῆλα
1338 4545 1498 4595 ποιεῖ.
1535 4541 1856 4611 Βουλόμενος
1888 4541 1914 4579 ιι
1948 4543 1976 4593 6
2003 4559 2134 4610 προ-

483 4639 656 4705 φήτης
689 4634 918 4686 ἐνταῦθα
947 4632 1290 4695 δείξασθαιτὸ
1322 4628 1544 4698 μέγεθος
1573 4629 1679 4681 τῶν
1712 4628 1914 4691 κακῶν,
1950 4627 2131 4697 φησὶν,

495 4721 880 4790 Ἀνήγγειλαν
903 4717 1405 4785 καίὲνεφάνισαν,
1450 4717 1710 4777 τουτέστι,
1756 4717 1890 4783 μετὰ
1937 4716 2132 4783 πολλῆς

480 4808 576 4877 τῆς
598 4807 916 4877 ὑπερϐολῆς,
951 4804 1086 4875 μετὰ
1110 4802 1306 4871 πολλῆς
1342 4802 1438 4870 τῆς
1472 4802 1839 4870 ὑπερηφανίας
1885 4801 1950 4853 τὰ
1995 4801 2134 4853 κακὰ

481 4895 763 4962 ἔπραττον,
786 4894 905 4947 οὐδὲ
932 4893 1326 4960 αἰσχυνόμενοι,
1353 4889 1470 4941 οὑδέ
1498 4890 1976 4958 ἐγκαλυπτόμενοι,
2001 4890 2133 4941 ἀλλὰ

483 4978 710 5048 μελέτην
737 4979 834 5048 τὴν
864 4978 1125 5047 πονηρίαν
1165 4973 1488 5044 ποιούμενοι.

553 5066 696 5118 Οὐαί
729 5064 801 5132 τῇ
829 5063 998 5132 ψυχῇ
1022 5061 1238 5126 αὐτῶν,
1269 5061 1416 5114 διότι
1440 5061 1866 5124 βεϐυύλευιται
1894 5062 2135 5127 ,ϐουλὴν

480 5154 752 5220 πονηρὰν
802 5151 930 5204 καθ’
1002 5149 1249 5213 ἑαυτῶν,
1321 5151 1624 5212 εἰπόντες·
1691 5148 1970 5216 Δήσωμεν
2031 5153 2135 5202 τὸν

479 5239 730 5303 δίκαιον,
757 5239 844 5292 ὅτι
872 5238 1257 5306 δύσχρηστος
1286 5235 1426 5303 ἡμῖν
1453 5235 1632 5286 ἐστίν.
1679 5235 1952 5298 Ἑπίτασις
1983 5255 2136 5305 πονη-

540 5444 712 5504 aReg.
759 5441 1042 5503 ἐνεφάνησαν
1082 5439 1161 5489 hic
1201 5444 1249 5488 el
1273 5439 1416 5496 infra,
1443 5438 1590 5486 Savil.
1617 5447 1669 5486 et
1715 5439 1882 5488 Morel.
1930 5441 2133 5502 ἐνεφάνι-

477 5523 583 5605 cur
607 5565 737 5622 Hec,
759 5564 867 5612 οὐδὲ
884 5565 939 5611 ἐκ
960 5563 1139 5624 βάθρων
1158 5563 1242 5616 τήν
1272 5562 1406 5608 πόλιν
1425 5561 1706 5619 ἀνέσπασεν,
1731 5562 1909 5610 desunt
1932 5564 1980 5608 in
2011 5563 2129 5624 Reg.

478 5633 529 5675 et
542 5628 784 5746 εςῆίιίίρε.
809 5685 894 5747 γάρ
919 5688 1028 5745 post
1051 5684 1133 5744 μέν
1152 5683 1312 5730 deest.
1338 5681 1456 5728 Ibid.
1483 5684 1589 5729 δον.
1617 5683 1769 5729 λαθεῖν
1793 5682 1983 5731 δύναιτ’.
2013 5684 2131 5732 Mor.

663 5746 833 5812 δύναιτ’
841 5783 861 5812 ,ι
876 5746 1038 5793 minus
1057 5758 1140 5812 Διᾬίὶ
1149 5752 1196 5790 lc
1205 5779 1215 5790 .
1250 5804 1258 5812 _
1465 5800 1480 5812 ν

537 5809 564 5846 ἀ
592 5810 706 5856 Ροςί
727 5808 1000 5867 βουλόμενος
1024 5806 1213 5855 \‘jdt’lur
1232 5804 1404 5851 'JCCSLC
1435 5804 1533 5860 οὖν,

1579 5810 1652 5850 a'I!
1681 5806 1794 5864 quid
1839 5808 1996 5855 Lilllili,‘
2032 5823 2038 5852 .'
2071 5811 2134 5871 il;

478 5876 648 5919 censet
669 5869 894 5917 Samius.

2249 543 2383 611 μετά
2410 546 2716 615 παρρησίας
2745 544 3144 614 ἁμαρτάνωσιν,
3181 542 3294 595 ἀλλ’
3326 545 3453 596 ὅταν
3480 547 3712 609 καὶτοὺς
3731 547 3884 601 δυνα-

2245 629 2436 698 μένους
2463 631 2530 684 τά
2553 631 2775 684 τοιαῦτα
2795 629 3035 700 διορθοῦν
3052 630 3438 684 ἀπελαύνωσιν.
3474 632 3680 704 Ὥσπερ
3705 634 3810 704 7&9
3835 634 3883 686 οἰ

2239 720 2498 789 φρενίτιδι
2528 719 2876 791 κατεχόμενοι
2920 719 3011 772 τὸν
3056 719 3237 789 ἰατρὸν
3266 718 3522 784 πολλάκις
3566 721 3882 790 συνέκοψαν,

2235 804 2380 858 οὑτω
2406 805 2470 875 δὴ
2495 806 2588 859 καὶ
2627 799 2771 860 οὑτοι
2806 805 2901 859 τοῦ
2951 807 3123 859 νοσεῖν
3162 806 3354 860 ἀνίατα
3398 806 3651 876 μέγιστον
3689 808 3886 877 δεῖγμα

2234 891 2392 945 τοῦτο
2415 894 2688 965 ἐξέφερον,
2705 894 2766 948 τὸ
2777 894 2902 957 τοὺς
2924 894 3160 956 δικαίους
3180 893 3476 948 ἐκϐάλλειν.
3505 893 3752 948 Τοιοῦτον
3776 898 3888 966 γὰρ

2236 979 2272 1048 ἡ
2301 982 2468 1050 ἀρετή
2493 996 2508 1011 ·
2553 983 2648 1034 καὶ
2683 981 2977 1054 φαινομένη
3023 981 3202 1051 μόνον,
3247 983 3410 1050 ἀρκεῖ
3452 981 3682 1050 λυπῆσαι
3710 982 3800 1034 τὸν
3829 985 3880 1034 ἐν

2236 1069 2403 1137 κακίᾳ
2426 1067 2621 1130 ζῶντα.
2659 1067 2909 1122 Τοιοῦτον
2937 1069 2971 1138 ὴ
3000 1068 3166 1122 κακία
3187 1084 3203 1099 °
3243 1067 3363 1122 οὑδέ
3392 1067 3717 1140 ἐλεγχομένη
3753 1069 3885 1151 πολε

2235 1151 2410 1216 λάκις,
2463 1155 2558 1208 καὶ
2597 1156 2695 1226 τὴν
2747 1155 3044 1225 παρουσίαν
3099 1155 3267 1226 αὐτὴν
3333 1155 3620 1227 βαρύνεται
3675 1157 3780 1210 τῶν
3828 1159 3885 1209 ἐν

2235 1239 2501 1311 ἐπιεικείᾳ
2525 1243 2944 1312 προαιρουμένη.
2975 1242 3144 1313 Διπλῆ
3169 1242 3224 1296 δὲ
3257 1241 3486 1296 ἐνταῦθα
3513 1245 3544 1314 ή
3565 1245 3882 1313 κατηγορία,

2235 1328 2328 1379 καὶ
2387 1328 2445 1381 τὸ
2501 1329 2716 1397 δεσμεῖν
2768 1329 2857 1383 τὸν
2893 1329 3118 1395 δίκαιον,
3183 1331 3276 1384 καὶ
3325 1331 3387 1384 τὸ
3441 1331 3516 1394 ὡς
3562 1331 3828 1402 ἄχρηστον
3859 1343 3882 1371 θ

2233 1411 2468 1481 δεσμεῖν.
2501 1414 2664 1468 Ὅταν
2685 1411 2776 1469 οὖν
2797 1433 2881 1480 τις
2901 1416 2968 1470 τὰ
2995 1417 3302 1486 ὠφελοῦντα
3334 1417 3410 1488 μὴ
3434 1417 3590 1487 μόνον
3614 1419 3674 1470 οὑ
3716 1435 3884 1489 προσ-

2237 1496 2394 1562 ίεται,
2444 1499 2580 1553 ἀλλά
2632 1501 2728 1554 καὶ
2761 1500 2999 1574 βλαϐερὰ
3028 1502 3166 1556 αὐτά
3197 1503 3388 1574 νομίζῃ
3418 1498 3576 1562 εἶναι,
3609 1504 3736 1556 ποία
3775 1503 3886 1556 λεί-

2235 1599 2394 1637 πεται
2419 1585 2600 1638 λοιπὸν
2626 1587 2957 1658 διορθώσεως
2989 1590 3257 1660 πρόφασις
3278 1607 3292 1655 ;
3321 1589 3409 1642 Διὸ
3434 1591 3526 1643 καὶ
3551 1592 3580 1643 6
3604 1592 3884 1660 προφήτης

2237 1671 2361 1725 ίδὼν
2404 1674 2484 1735 εἰς
2531 1673 2752 1744 ἔσχατον
2795 1675 3192 1741 ἐξοκείλαντας,
3241 1676 3346 1729 ἀπὸ
3388 1675 3598 1748 θρήνων
3661 1676 3884 1747 ἀρχεται

2235 1757 2418 1821 πάλιν,
2455 1759 2551 1812 οὑκ
2600 1759 2706 1812 ἀπὸ
2749 1763 3075 1833 κατηγορίας
3103 1764 3196 1817 καὶ
3239 1763 3615 1834 ἐγκλημάτων,
3676 1764 3880 1831 λέγων’

2237 1846 2380 1897 Οὐαὶ
2412 1844 2487 1913 τῇ
2517 1847 2684 1916 ψυχῇ
2707 1849 2934 1902 αὐτῶνο
2980 1849 3072 1902 καὶ
3098 1851 3158 1903 τὸ
3187 1850 3314 1920 ἑξῆς
3345 1850 3479 1920 μετά
3521 1851 3719 1922 πολλῆς
3764 1869 3859 1904 συν

2234 1931 2401 1994 έσεως
2428 1950 2441 1962 ·
2514 1934 2633 1987 Ὅτι
2693 1936 3121 1998 ,βεϐούλευνται
3164 1938 3406 2007 ,βουλὴν
3444 1939 3709 2006 πονηρὰν
3753 1941 3885 1995 καθ’

2231 2016 2479 2072 ἑαυτῶν.
2527 2020 2716 2073 Καίτοι
2770 2021 2836 2075 τὰ
2867 2023 3128 2093 γενόμενα
3170 2023 3314 2076 δοκεῖ
3350 2024 3488 2077 κατά
3525 2024 3619 2076 τοῦ
3674 2024 3884 2077 δικαίου

2231 2104 2526 2172 τολμᾶσθαι
2546 2122 2560 2134 ·
2586 2107 2701 2159 ἀλλ’
2728 2109 2780 2161 εῖ
2806 2126 2890 2172 τις
2912 2109 3150 2177 ἀκριϐῶς
3175 2108 3498 2174 ἐξετάσειεν,
3542 2110 3605 2164 οὑ
3631 2111 3770 2163 κατά
3790 2109 3884 2164 τοῦ

2233 2189 2549 2260 πάσχοντος,
2603 2193 2738 2248 ἀλλά
2791 2196 2897 2248 τῶν
2949 2196 3240 2249 ποιούντων
3294 2199 3326 2268 ὴ
3385 2197 3548 2269 βουλὴ
3602 2199 3879 2268 τρέπεται.

2245 2275 2504 2332 Ἐνταῦθα
2571 2281 2930 2350 μανθάνομεν,
2986 2283 3066 2336 ὅτι
3107 2286 3136 2336 6
3183 2285 3282 2353 μὲν
3323 2285 3506 2348 καλὸς,
3558 2285 3658 2338 κᾶν
3715 2288 3884 2356 μυρία

2233 2364 2414 2436 πάσχῃ
2438 2367 2604 2429 δεινά,
2637 2368 2788 2421 οὐδὲν
2834 2369 3155 2439 βεϐλάψεται
3200 2372 3349 2443 παρά
3396 2373 3503 2425 τῶν
3548 2374 3840 2427 ποιούντων
3867 2391 3879 2404 ·

2231 2452 2280 2504 οἰ
2307 2451 2362 2503 δὲ
2395 2452 2847 2520 ἐπιϐουλεύοντες,
2869 2451 3012 2510 οὑτοι
3043 2457 3244 2526 μᾶλλόν
3279 2463 3413 2512 εἰσιν
3439 2460 3488 2511 οἰ
3523 2460 3642 2513 καθ’
3675 2461 3884 2513 ἑαυτῶν

2232 2541 2294 2592 τὸ
2341 2540 2490 2610 ξίφος
2535 2542 2820 2606 ὠθοῦντες,
2867 2545 3113 2615 καθάπερ
3143 2547 3236 2598 καὶ
3268 2540 3434 2599 οῦτοι.
3484 2548 3585 2601 Τὸν
3633 2549 3731 2616 μὲν
3772 2550 3884 2619 γάρ

2230 2627 2436 2681 δίκαιον
2484 2629 2632 2682 οὐδὲν
2692 2629 2952 2684 ἔϐλαπτον
3013 2633 3352 2702 δεσμοῦντες,
3417 2636 3639 2696 ἐαυτοὺς
3701 2637 3758 2689 δὲ
3825 2639 3884 2688 ἐν

2233 2714 2435 2768 πλείονι
2460 2716 2608 2785 ζόφῳ
2634 2717 2728 2769 καὶ
2753 2719 2957 2788 ἐρημίᾳ
2987 2718 3277 2785 καθίστων,
3307 2721 3395 2774 τὸν
3427 2721 3616 2791 λύχνον
3639 2723 3885 2776 ἐκποδὼν

2231 2801 2584 2871 ἁρπάζοντες.
2625 2805 2834 2858 Τοίνυν
2869 2806 2938 2858 τὰ
2976 2806 3312 2874 γεννήματα
3340 2808 3458 2862 τῶν
3481 2811 3666 2878 ἔργων
3685 2812 3886 2865 αὐτῶν

2231 2885 2536 2956 φάγονται.
2580 2888 2830 2943 Τοιοῦτον
2869 2892 2976 2961 γὰρ
3006 2893 3039 2962 ή
3076 2893 3270 2946 κακίαο
3305 2895 3440 2966 αὑτὴ
3487 2898 3544 2948 ἐν
3585 2898 3747 2968 ἑαυτῇ
3784 2899 3886 2969 τὴν

2229 2973 2497 3044 τιμωρίαν
2523 2974 2654 3044 ἐχει.
2684 2977 2793 3030 Καὶ
2828 2977 2858 3029 6
2886 2977 3117 3030 ἐνταῦθά
3148 2996 3300 3049 φησι,
3333 2981 3475 3034 τοῦτ’
3500 2983 3643 3036 ἐστιν
3669 3002 3682 3012 ·
3721 2986 3884 3038 Ἀπο-

2231 3059 2516 3114 λαύσονται
2553 3062 2662 3116 τῶν
2689 3063 2916 3135 καρπῶν
2942 3065 3140 3132 αὐτῶν,
3194 3067 3252 3119 ἐν
3291 3067 3493 3123 πλείονι
3523 3071 3885 3134 καθιστῶντες

2230 3148 2425 3213 αὑτοὺς
2452 3151 2674 3220 ἐρημίᾳ,
2703 3152 2796 3204 καὶ
2820 3151 3043 3216 πολλοὺς
3069 3157 3559 3221 κατασκευάζοντες
3585 3160 3706 3221 τοὺς
3748 3177 3885 3228 κρη-

2234 3235 2418 3305 μνούς.
2475 3238 2618 3290 Οὐαί
2665 3237 2746 3302 τῷ
2785 3238 3014 3307 ἀνόμῳ·
3081 3242 3310 3308 πονηρὰ
3358 3243 3467 3310 τὰρ
3511 3244 3885 3310 συμϐήσεται

2229 3321 2390 3386 αὐτῷ
2409 3324 2556 3376 κατὰ
2586 3324 2657 3377 τὰ
2692 3324 2834 3394 ἔργα
2861 3323 2979 3377 τῶν
3015 3325 3226 3394 χειρῶν
3267 3328 3468 3384 αὑτοῦ.
3538 3329 3697 3400 Ὁρᾷς
3752 3334 3884 3400 παρ’

2230 3411 2384 3480 ἡμῶν
2410 3409 2480 3462 τὰ
2512 3411 2682 3481 μέτρα
2719 3413 2819 3481 τῆς
2854 3413 3118 3482 τιμωρίας
3161 3414 3246 3467 ἀεὶ
3290 3416 3381 3467 καὶ
3416 3415 3510 3478 τὰς
3541 3416 3712 3484 ἀρχὰς
3738 3433 3884 3482 γινο-

2234 3497 2430 3567 μένας;
2461 3498 2558 3552 Διά
2592 3499 2655 3570 δὴ
2681 3498 2835 3552 τοῦτο
2865 3500 3023 3553 πάλιν
3052 3503 3079 3553 6
3107 3503 3385 3571 προφήτης
3413 3501 3598 3572 θρηνεῖ
3643 3504 3732 3554 καὶ
3763 3503 3886 3555 666-

2235 3602 2382 3654 ρεται
2411 3586 2504 3639 καὶ
2551 3586 2920 3650 διακόπτεται,
2954 3589 3036 3639 ὅτι
3078 3589 3229 3641 αὑτοὶ¹
3266 3589 3488 3651 ἑαυτοὺς
3531 3589 3884 3644 ἐπεϐούλευον

2229 3674 2278 3723 οἰ
2337 3673 2594 3736 Ἰουδαῖοι,
2646 3673 2741 3726 καὶ
2803 3673 3060 3742 πολεμίου
3113 3675 3310 3737 παντὸς
3365 3675 3737 3744 χαλεπώτερον
3781 3677 3884 3745 τὴν

2230 3759 2435 3810 ἑαυτῶν
2468 3758 2797 3829 ἐλυμήναντο
2827 3761 3096 3831 σωτηρίαν
3118 3777 3132 3790 ·
3175 3757 3236 3813 οῦ
3269 3762 3321 3812 τί
3353 3762 3546 3829 γένοιτ’
3585 3763 3650 3814 ἂν
3686 3762 3884 3815 ἀθλιὼ-

2229 3861 2422 3914 τερον;
2485 3848 2640 3913 Λαός
2668 3865 2805 3915 μου,
2842 3849 2896 3900 οί
2933 3848 3254 3916 πράκτορες
3295 3848 3460 3916 ὑμῶν
3506 3848 3883 3917 καλαμῶνται

2233 3932 2402 3998 ὑμᾶς.
2447 3932 2613 3985 Τοῦτο
2646 3934 2865 4003 ἀρίστου
2905 3934 3240 4000 διδασκάλου,
3274 3935 3566 3988 ποικίλλειν
3589 3937 3678 3987 τὸν
3705 3937 3882 4004 λόγον,

2231 4020 2324 4070 καὶ
2354 4021 2488 4089 μήτε
2516 4020 2799 4090 τραχύνειν
2830 4023 3008 4091 μόνον,
3057 4024 3191 4092 μήτε
3238 4025 3478 4092 προσηνῆ
3520 4027 3711 4086 ποιεῖν,
3748 4025 3885 4078 ἀλλὰ

2231 4105 2324 4158 νῦν
2367 4105 2466 4174 μὲν
2507 4105 2678 4170 τοῦτο,
2734 4106 2828 4159 νῦν
2873 4108 2929 4160 δὲ
2968 4110 3141 4162 ἐκεῖνο
3179 4109 3569 4179 μεταχειρίζειν
3619 4109 3678 4161 τὸ
3723 4108 3882 4173 είδος,

2231 4189 2369 4243 ὥστε
2393 4193 2588 4262 πολλὴν
2618 4196 2680 4245 ἐκ
2705 4195 2802 4263 τῆς
2841 4195 3035 4264 μίξεως
3068 4195 3315 4262 γενέσθαι
3345 4196 3441 4266 τὴν
3467 4196 3749 4264 ὠφέλειαν.
3786 4199 3885 4250 Διά

2229 4280 2293 4349 δὴ
2323 4280 2477 4332 τοῦτο
2511 4284 2599 4333 καὶ
2625 4284 2653 4334 6
2705 4286 2986 4353 προφήτης
3015 4285 3112 4336 οὑκ
3143 4286 3362 4352 ἐγκαλεῖ
3391 4288 3568 4354 μόνον,
3615 4286 3749 4338 ἀλλά
3787 4289 3886 4339 καὶ

2231 4366 2433 4435 θρηνεῖ,
2469 4368 2496 4419 6
2538 4368 2832 4438 βαρύτερον
2868 4372 2965 4438 μέν
3003 4372 3118 4422 ἐστι
3155 4371 3262 4424 τῶν
3300 4371 3675 4440 ἐγκλημάτων,
3723 4373 3886 4425 ἐλάτ-

2232 4469 2357 4504 τονα
2381 4453 2437 4504 δὲ
2470 4455 2694 4523 παρέχει
2727 4455 2824 4524 τὴν
2857 4456 3074 4526 ὀδύνην·
3117 4459 3211 4510 καὶ
3260 4458 3318 4510 τὸ
3367 4459 3675 4528 θαυμαστὸν
3702 4459 3886 4524 τοῦτο,

2231 4541 2309 4592 ὅτι
2364 4542 2422 4592 ἐν
2460 4541 2726 4612 βαθυτέρᾳ.
2773 4546 2838 4613 τῇ
2895 4547 3030 4613 τομῇ
3084 4545 3486 4614 προσηνεστέρα
3615 4546 3883 4615 ἀλγηδών.

2233 4627 2342 4679 Καὶ
2385 4628 2445 4679 οὑ
2481 4627 2665 4698 θρηνεῖ
2689 4629 2868 4697 μόνον,
2907 4630 3042 4682 ἀλλὰ
3089 4632 3176 4683 καὶ
3223 4631 3531 4701 θεραπεύει,
3573 4633 3662 4684 καὶ
3699 4633 3890 4702 ἕτερον

2233 4713 2394 4766 πάλιν
2431 4714 2736 4784 θαυμαστὸν
2762 4717 3102 4780 διδασκαλίας
3130 4719 3372 4770 ἀνακινεῖ
3393 4719 3606 4788 τρόπον.
3642 4721 3798 4771 Ποῖον
3821 4720 3890 4790 δὴ

2233 4795 2452 4864 τοῦτον;
2489 4801 2560 4852 Τὸ
2595 4801 2667 4870 μὴ
2701 4804 2864 4855 πᾶσιν
2901 4803 2988 4871 ὑφ’
3022 4803 3079 4855 ἒν
3109 4806 3381 4873 ἐπιτιμᾷν,
3431 4804 3565 4857 ἀλλά
3593 4805 3891 4872 ἁποσχίσαι

2232 4883 2322 4935 τὸν
2346 4886 2513 4955 δῆμον
2540 4887 2645 4939 τῶν
2679 4890 2969 4959 ἀρχόντων,
3004 4890 3096 4942 καί
3127 4891 3205 4952 εἰς
3235 4891 3330 4960 τὴν
3353 4891 3570 4943 ἐκείνων
3595 4891 3890 4958 ἐπιτρέψαι

2235 4973 2471 5044 κεφαλὴν
2541 4976 2609 5029 τὰ
2673 4978 3006 5047 ἐγκλήματα.
3074 4978 3335 5031 Τοσοῦτον
3397 4979 3504 5047 γάρ
3575 4980 3687 5028 ἐστι
3767 4977 3889 5050 [40]

2233 5061 2421 5114 τούτου
2444 5064 2533 5116 τοῦ
2559 5066 2729 5128 εἴδους
2755 5066 2814 5119 τὸ
2837 5067 3045 5136 κέρδος,
3091 5067 3166 5129 ὡς
3203 5067 3292 5120 τὸν
3334 5066 3567 5120 Μωῦσέα
3608 5067 3696 5118 καὶ
3745 5069 3891 5135 μετὰ

2236 5148 2474 5212 πλείονος
2506 5153 2635 5203 αὐτὸ
2675 5154 2892 5221 ποιῆσαι
2937 5155 3034 5222 τῆς
3067 5154 3390 5224 ὑπερϐολῆς.
3421 5145 3585 5213 Οὗτος
3625 5155 3720 5221 μὲν
3753 5155 3886 5225 γὰρ,

2237 5236 2450 5289 πάντων
2497 5240 2663 5291 ὄντων
2716 5241 3025 5293 ὑπευθύνων
3077 5247 3186 5304 τοῖς
3235 5243 3589 5309 ἐγκλήμασιν,
3623 5243 3712 5293 ἐπὶ
3757 5247 3891 5310 τοὺς

2234 5321 2496 5391 ἄρχοντας
2541 5327 2727 5395 τρέπει
2769 5328 2857 5380 τὸν
2909 5328 3092 5397 λόγον·
3142 5333 3169 5382 6
3212 5330 3268 5382 δέ
3299 5326 3536 5395 Μωῦσῆς
3580 5328 3753 5396 εὑρὼν
3791 5333 3892 5386 τὸν

2301 5641 2322 5700 ς
2360 5630 2439 5686 Ὡς
2460 5632 2711 5700 ἄχρηστον,
2733 5634 2780 5680 id
2805 5639 2896 5691 est,
2915 5635 3058 5700 quasi
3080 5635 3326 5697 inutilem;
3371 5639 3455 5687 sed
3481 5643 3590 5700 quia
3615 5641 3716 5689 ἣτις
3737 5642 3895 5692 veth

2236 5693 2514 5764 τοῖοι-μυίαις
2528 5693 2586 5740 ού
2613 5696 2694 5742 illa
2716 5709 2858 5761 ξυμ-ο
2884 5693 3023 5762 σηοω
3042 5701 3264 5764 vgrsicmi
3308 5693 3338 5746 9
3368 5693 3515 5764 Ιευίῖο,
3565 5704 3635 5749 ὅτι
3680 5703 3896 5764 δύσχρη-

2236 5769 2343 5806 στος
2365 5755 2474 5822 ἡμῖν
2497 5755 2614 5822 ἐστι,
2642 5755 2755 5814 quia
2782 5756 2952 5805 noxius
2995 5757 3127 5822 nobis
3153 5767 3236 5814 est,
3263 5766 3314 5807 (-l
3334 5763 3441 5819 quia
3488 5755 3676 5822 Ijmium
3705 5755 3896 5822 poli-ui,

2234 5817 2925 5883 qnqm“iugulem,iwuvumt
2952 5820 3175 5883 A:Il|i5;ll'i,
3218 5817 3361 5883 quasi
3388 5820 3580 5870 nmium
3619 5817 3872 5882 pushlmus

2240 5877 2359 5922 tum
2389 5877 2568 5925 ﬂuuius
2593 5882 2705 5938 lv-C'i!
2745 5881 2795 5926 οὐ
2821 5897 2867 5942 π,
2888 5877 3083 5926 χήτει.
