4156 6312
198 384 264 439 45
1449 374 1512 429 ΙΝ
1554 370 1802 435 ιδΑιΑδι,
1845 368 1991 425 CAP.
2036 368 2124 424 ΙΙΙ.
3381 367 3455 423 46

184 500 322 553 uibus
351 498 445 571 (a).
480 507 547 552 et
590 497 787 551 dixistis
813 512 829 549 :
853 494 915 547 In
946 511 1041 563 quo
1086 490 1459 560 provocavimus
1507 486 1662 540 eum?
1693 483 1758 537 In

183 608 229 642 eo
270 592 407 659 quod
449 589 651 642 dicitis:
677 587 852 641 Omnis
890 587 974 656 qui
1003 584 1122 655 facit
1153 582 1375 646 malum,
1405 580 1561 633 bonus
1596 586 1670 631 est
1707 578 1759 628 in

183 690 444 750 conspectu
471 680 697 745 Domini,
726 688 773 733 et
809 680 860 731 in
887 679 956 731 eis
999 678 1105 744 ipse
1142 674 1234 727 sibi
1268 674 1386 725 bene
1434 668 1754 739 complacuit.

188 774 239 825 lit
282 773 367 826 ubi
396 782 466 827 est
493 771 631 825 Deus
657 770 871 841 justitice
895 769 913 838 (
938 766 1066 821 Μαι.
1097 765 1150 818 2.
1185 766 1248 819 l7
1272 764 1331 833 )?
1360 763 1435 816 De
1470 763 1571 815 hoc
1616 769 1761 814 certe

185 878 232 923 et
294 867 414 936 ipse
460 873 718 929 accusat,
768 862 960 931 duplex
1011 857 1285 929 proferens
1326 857 1527 910 crimen
1557 893 1573 920 ,
1618 851 1759 921 quod

188 976 283 1014 non
334 960 507 1015 solum
550 973 655 1012 non
699 956 1068 1024 obtemperent
1097 991 1113 1017 ,
1141 966 1239 1006 nec
1283 950 1455 1005 solum
1499 956 1764 1016 transgre-

188 1052 394 1106 diautur
421 1051 588 1119 legem
613 1066 627 1111 ;
656 1063 773 1103 cum
803 1045 1030 1101 debeant
1067 1044 1163 1098 hac
1211 1041 1277 1096 de
1319 1056 1377 1096 re
1421 1040 1619 1109 pudore
1648 1037 1759 1092 suf-

188 1145 328 1201 fundi
374 1154 531 1214 atque
577 1142 923 1206 erubescere,
957 1153 1074 1193 sese
1118 1136 1314 1191 abdere
1343 1141 1397 1188 et
1431 1140 1587 1199 caput
1614 1128 1766 1184 ineli-

190 1252 345 1301 nare;
386 1235 460 1289 illi
499 1234 675 1304 priora
720 1230 1055 1287 accumulare
1102 1224 1464 1286 contendunt,
1499 1235 1599 1276 nec
1635 1219 1762 1273 satis

188 1328 441 1383 habentes
466 1333 725 1396 pnecepta
756 1322 1092 1391 transgredi,
1125 1333 1351 1375 onerosa
1391 1331 1600 1386 quoque
1641 1329 1762 1383 pro-

188 1419 357 1473 ferunt
384 1418 541 1474 verba
567 1433 580 1472 :
604 1416 748 1472 velut
784 1415 1009 1470 famulus
1046 1413 1303 1483 quispiam
1346 1409 1650 1478 improbus,
1674 1408 1761 1475 qui

190 1508 294 1563 heri
332 1506 579 1566 mandata
609 1506 1018 1575 praztermittens
1039 1544 1053 1568 ,
1089 1502 1153 1556 ad
1193 1502 1305 1555 tunc
1331 1500 1491 1554 etiam
1526 1498 1762 1552 insolen-

190 1612 261 1657 ter
305 1601 433 1671 agit.
463 1599 515 1655 9.
549 1598 750 1652 Idcirco
792 1612 925 1650 nunc
954 1596 1219 1649 humiliata
1244 1604 1313 1647 est
1353 1591 1515 1662 gloria
1538 1592 1648 1661 ejus
1671 1631 1686 1655 ,
1717 1598 1763 1642 et

189 1696 414 1765 confusio
451 1693 599 1764 faciei
640 1692 747 1763 ejus
793 1690 975 1745 resistit
1021 1689 1112 1742 eis.
1146 1687 1345 1741 Rursus
1394 1684 1567 1738 futura
1614 1682 1761 1752 quasi

192 1790 451 1860 prazterita
476 1789 627 1854 dixit,
655 1794 905 1841 consueta
933 1799 1057 1839 usus
1088 1780 1378 1853 prophetia:
1410 1780 1549 1849 lege.
1580 1776 1761 1831 l|umi~

193 1880 451 1934 liatiouem
482 1885 657 1932 autem
682 1875 865 1945 gloria:
891 1873 1246 1943 captivitatem
1274 1880 1446 1925 vocat.
1478 1868 1592 1923 Non
1623 1868 1763 1922 enim

194 1972 413 2042 vulgaris
448 1969 677 2023 infamia:
705 1978 817 2022 erat
842 2008 857 2031 ,
887 1979 980 2020 eos
1006 1966 1093 2034 qui
1138 1979 1316 2032 regum
1347 1962 1491 2015 orbis
1521 1961 1763 2015 ordinem

195 2073 446 2125 tenerent,
473 2060 775 2115 hominibus
801 2056 1034 2126 profanis
1060 2066 1111 2111 et
1139 2054 1374 2109 barbaris
1404 2051 1612 2121 subjici.
1636 2050 1765 2105 Con-

196 2152 447 2207 fusionem
476 2166 603 2206 vero
637 2150 813 2203 vultus
841 2147 924 2201 hic
958 2156 1113 2201 vocat
1144 2160 1260 2199 eam
1286 2186 1301 2210 ,
1331 2160 1449 2213 qua:
1477 2160 1505 2197 a
1538 2144 1765 2211 peccatis

196 2245 373 2299 oritur.
406 2242 549 2296 Talis
588 2240 780 2311 quippe
819 2246 934 2294 erat
971 2252 1153 2291 eorum
1192 2237 1318 2289 vita.
1346 2234 1477 2289 Cum
1524 2235 1664 2288 enim
1707 2246 1767 2286 se

196 2337 333 2404 prius
354 2334 767 2391 dedecorassent
794 2345 888 2400 per
913 2338 1058 2399 gesta
1085 2344 1200 2394 sua,
1234 2327 1352 2383 ideo
1381 2328 1516 2381 Deus
1547 2341 1572 2378 a
1599 2325 1765 2395 gloria

196 2441 281 2481 sua
320 2426 440 2480 illos
469 2424 660 2493 dejecit
684 2463 699 2485 ,
728 2419 915 2477 leviori
944 2420 1157 2475 tradens
1183 2418 1440 2488 supplicio
1464 2459 1478 2481 ,
1512 2432 1667 2486 quam
1716 2416 1765 2469 id

196 2517 329 2587 quod
364 2518 463 2585 ipsi
492 2516 591 2570 sibi
628 2512 945 2568 indixerant.
974 2510 1087 2566 Non
1116 2510 1255 2564 enim
1289 2510 1358 2563 ita
1391 2507 1766 2576 vituperabiles

198 2618 341 2663 erant
366 2624 487 2663 cum
517 2607 739 2660 alienam
772 2613 965 2659 terram
987 2603 1297 2665 incolerent,
1324 2616 1481 2670 quam
1509 2614 1627 2653 eum
1658 2614 1769 2653 me-

199 2700 437 2768 tropolim
465 2712 614 2752 suam
646 2696 898 2751 habentes
930 2694 1420 2763 prmvaricarentur.
1448 2691 1597 2745 Tunc
1623 2691 1764 2744 enim

198 2807 376 2847 eorum
404 2790 634 2860 nequitia
662 2786 1109 2856 eomprimcbatur
1131 2801 1144 2837 :
1170 2785 1221 2838 in
1250 2784 1416 2854 patria
1446 2799 1571 2836 vero
1603 2783 1769 2851 magis

198 2900 257 2940 ac
280 2884 446 2953 magis
474 2881 780 2951 augebatur.
810 2880 1049 2948 Magnum
1072 2878 1229 2948 igitur
1259 2877 1358 2931 illis
1386 2877 1641 2946 propheta
1667 2875 1760 2928 do-

199 2986 497 3033 cumentum
530 2974 709 3034 tradit,
743 2973 932 3042 ubique
959 2971 1186 3026 suadens
1212 2979 1268 3024 ut
1295 2978 1417 3024 ante
1455 2969 1767 3038 supplicium

200 3068 482 3136 nequitiam
524 3067 754 3133 fugiant,
784 3079 845 3117 ac
870 3064 1073 3133 pudore
1099 3061 1398 3129 ruboreque
1441 3067 1723 3114 coerceant
1752 3076 1765 3112 :

200 3177 297 3215 non
329 3170 603 3229 postquam
628 3157 832 3211 barbari
866 3157 981 3210 illos
1010 3163 1191 3223 captos
1215 3153 1496 3218 abducent,
1526 3153 1616 3207 sed
1648 3168 1765 3205 cum

199 3250 392 3317 peccati
417 3247 653 3317 tyrannis
676 3247 792 3300 illos
808 3246 1044 3315 captivos
1069 3244 1282 3299 tenebit.
1310 3242 1580 3297 Peccatum
1604 3254 1768 3294 autem

198 3357 355 3403 urunt,
381 3349 433 3392 ut
458 3340 509 3391 in
534 3338 789 3402 Sodomis,
812 3336 1169 3389 annuntiarunt
1189 3344 1233 3388 ct
1254 3335 1594 3387 ostenderunt.
1619 3334 1767 3401 Quod

197 3447 333 3501 sa'pc
373 3432 481 3486 dixi
508 3473 522 3496 ,
556 3446 693 3485 nunc
736 3430 892 3485 etiam
922 3429 1041 3483 dico
1071 3445 1083 3481 :
1110 3428 1249 3498 quod
1296 3427 1552 3498 propheta
1580 3443 1767 3495 nempe

196 3524 283 3577 Dei
322 3523 657 3577 clementiam
689 3520 1004 3585 ostendens,
1036 3535 1140 3575 non
1169 3534 1230 3575 ea
1262 3535 1377 3589 quae
1408 3521 1610 3588 passuri
1649 3530 1769 3572 sunt

196 3616 463 3681 praedicat,
508 3614 602 3669 sed
646 3628 707 3669 ea
758 3628 875 3683 quae
905 3611 1045 3681 digni
1086 3613 1292 3665 fuerant
1338 3620 1392 3664 ut
1442 3620 1764 3678 paterentur.

196 3704 409 3759 Peecata
457 3705 650 3774 quippe
691 3705 926 3773 ipsorum
964 3702 1352 3756 Sodomitarum
1385 3701 1594 3770 llagitiis
1625 3703 1766 3769 paria

193 3807 359 3861 erant,
392 3797 705 3866 supplicium
729 3807 903 3849 autem
932 3796 1115 3849 levius.
1138 3794 1252 3847 Non
1283 3794 1421 3848 enim
1455 3795 1596 3863 ipsos
1630 3794 1770 3846 radi-

195 3890 325 3943 citus
368 3889 598 3953 evulsit,
629 3903 799 3957 neque
842 3902 869 3939 a
915 3886 1269 3940 fundamentis
1314 3887 1496 3941 urbem
1525 3888 1761 3951 diruit‘,

195 3993 361 4047 neque
385 3978 635 4047 reliquias
661 3978 869 4047 generis
895 3977 1107 4031 delevit.
1144 3976 1274 4030 illud
1310 3987 1483 4031 autem
1508 4018 1521 4042 ,
1556 3978 1766 4031 Annuu-

192 4070 375 4121 tiurunt
403 4077 453 4121 et
493 4068 848 4133 ostenderunt,
880 4068 1173 4120 humaniori
1218 4082 1365 4121 more
1407 4068 1607 4123 dictum
1650 4070 1762 4124 fuit.

192 4156 367 4225 Neque
395 4156 539 4211 enim
572 4157 707 4210 Deus
732 4172 849 4225 quze
881 4157 1011 4209 facta
1039 4165 1163 4209 sunt
1190 4166 1311 4211 tunc
1331 4156 1505 4219 discit,
1530 4174 1648 4211 eum
1681 4160 1763 4211 illa

194 4246 341 4310 ﬁunt,
383 4247 691 4317 (quomodo
733 4247 895 4313 enim,
933 4262 1051 4301 cum
1098 4247 1274 4300 omnia
1317 4248 1448 4302 sciat
1485 4259 1764 4317 antequam

192 4342 399 4412 ﬁant?)
448 4342 543 4397 sed
588 4352 643 4397 ut
680 4343 993 4398 calamitatis
1024 4346 1437 4414 magnitudinem
1484 4346 1763 4408 ostendat,

192 4432 255 4485 ita
288 4433 535 4501 loquutus
558 4442 657 4488 est.

256 4524 309 4577 5.
341 4523 793 4591 Quemadmodum
816 4525 954 4580 enim
982 4526 1106 4579 alibi
1134 4525 1287 4580 dicit:
1320 4528 1553 4580 Ascendit
1580 4529 1767 4581 clamor

192 4618 395 4671 malitia:
419 4633 591 4672 eorum
616 4618 683 4671 ad
710 4635 787 4672 me
809 4618 955 4689 (Gen.
985 4619 1071 4673 18.
1100 4619 1219 4688 ΞΟ),
1249 4635 1352 4673 non
1385 4621 1548 4674 Deum
1581 4623 1764 4690 procul

192 4706 511 4762 habitantem
543 4710 901 4772 constituens,
930 4719 982 4763 et
1027 4712 1076 4763 in
1121 4711 1251 4764 caelo
1282 4711 1723 4767 circumseribens
1750 4755 1762 4777 ,

188 4801 298 4853 ha:c
332 4798 459 4854 dicit
486 4840 501 4864 ,
534 4800 627 4854 sed
659 4800 860 4868 peccati
891 4802 1302 4871 magnitudinem
1343 4803 1621 4857 declarans
1650 4822 1660 4857 :
1690 4807 1766 4859 sic

180 4901 232 4943 et
265 4890 368 4945 hoc
396 4891 515 4945 loco
541 4932 555 4953 ,
588 4892 957 4945 Annuntiarunt
982 4932 995 4955 ,
1031 4894 1277 4963 nequitia:
1320 4895 1630 4965 gravitatem
1675 4912 1763 4951 os-

184 4982 409 5043 lcndens
440 4982 588 5037 dicit.
624 4982 843 5038 Leviora
876 4984 1016 5037 enim
1060 4997 1269 5054 peccata
1303 4987 1465 5040 latere
1503 4998 1763 5054 possunt;

178 5075 495 5146 gravissima
537 5083 715 5129 autem
760 5086 812 5128 et
855 5077 1081 5129 maxima
1112 5078 1356 5132 omnibus
1392 5089 1514 5132 sunt
1546 5090 1667 5133 nota
1712 5090 1764 5134 et

179 5168 470 5235 conspicua
499 5207 515 5233 ,
546 5168 643 5221 etsi
691 5181 845 5221 nemo
888 5178 1095 5222 accuset
1122 5169 1200 5222 vel
1240 5180 1439 5239 arguat.
1468 5169 1583 5238 lpsa
1623 5172 1762 5225 enim

186 5271 305 5311 sese
334 5257 651 5311 annuntiaut
693 5267 745 5310 et
788 5256 1078 5312 declarant.
1111 5258 1311 5313 Volens
1340 5275 1466 5330 ergo
1508 5262 1762 5330 propheta

186 5346 607 5416 magnitudinem
653 5347 909 5402 malorum
940 5350 1220 5404 ostendere
1244 5390 1257 5413 ,
1282 5350 1411 5405 dixit
1437 5392 1450 5417 ,
1484 5352 1765 5406 Annuntia-

188 5448 301 5491 runt
327 5448 377 5493 et
403 5440 742 5505 declararunt,
774 5440 823 5494 id
847 5449 927 5495 est
946 5483 961 5507 ,
990 5443 1120 5497 Cum
1150 5442 1365 5497 audacia
1386 5485 1399 5510 ,
1432 5459 1551 5498 cum
1582 5460 1766 5513 super-

256 5592 392 5662 ιηιῐω
415 5590 1339 5662 voces,neque_a_fu_udantentisurbem
1371 5592 1526 5662 diruit
1546 5631 1558 5643 .
1584 5598 1759 5644 desunt

195 5656 242 5701 iu
271 5657 395 5713 Ileg.
423 5662 474 5703 et
500 5653 783 5711 Savil.,‘sed
812 5653 1053 5701 habentur
1078 5654 1123 5701 in
1157 5656 1325 5703 Morel.
1353 5663 1403 5703 et
1436 5657 1602 5703 llavar.

259 5719 331 5775 (tt)
367 5717 414 5762 In
442 5716 668 5763 Malachia
690 5715 870 5775 legitur
892 5730 903 5775 7:
930 5719 971 5775 oi
999 5717 1327 5775 napoidvuwe;
1350 5718 1428 5764 τὸν
1454 5720 1569 5763 (θεὸν
1594 5719 1639 5764 ,ἓν
1664 5720 1755 5771 rei;

197 5778 348 5835 ὶὺγοις
371 5778 515 5836 ὑμῶν,
541 5775 622 5839 qui
645 5774 981 5837 νι·υι·υ.αι·ἑ;›τίο
1012 5774 1152 5827 Deum
1184 5777 1228 5826 in
1253 5777 1540 5828 sermonibus
1568 5786 1735 5828 vestr-ts

1869 483 1951 537 bia
1998 496 2183 552 magna
2210 524 2224 549 ,
2257 483 2393 537 mala
2425 484 2800 554 perpetrabant
2846 484 2960 539 sine
2989 481 3097 538 ullo
3127 480 3329 552 pudore
3374 483 3454 534 vel

1869 574 2079 638 rubore;
2111 574 2203 629 sed
2236 574 2303 630 de
2333 575 2589 629 industria
2621 575 2908 646 nequitiam
2941 574 3319 643 operabantur.

1935 664 2163 736 [mprobi
2191 668 2361 720 virtuti
2379 676 2496 720 sunt
2520 667 2723 735 infensi,
2753 669 3005 737 ipsiusque
3031 666 3107 721 vel
3135 665 3454 736 prteseutium

1866 773 1997 828 aegre
2028 763 2228 829 ferunt;
2251 759 2468 827 nequitia
2496 758 2549 812 in
2564 760 2728 829 seipse
2762 758 3068 828 supplicium
3090 758 3257 810 habet.
3276 785 3338 795 —-
3366 754 3455 807 Vw

1868 852 2049 905 animte
2078 866 2268 915 eorum,
2291 851 2409 920 quia
2436 851 2655 905 inierunt
2688 850 2953 903 consilium
2980 850 3255 920 malignum
3283 856 3456 901 contra

1868 942 2175 1011 semetipsos,
2209 941 2427 996 dicentes
2454 957 2473 995 :
2501 942 2586 995 10.
2614 941 2890 1010 Alligemus
2907 941 3108 1010 justum
3135 939 3253 1009 quia
3271 938 3453 990 noxius

1868 1042 1940 1089 est
1970 1033 2127 1088 nobis.
2150 1033 2532 1103 Exsuperantia
2551 1033 2820 1103 nequitim,
2843 1046 2961 1087 cum
2992 1048 3095 1085 non
3126 1029 3300 1086 solum
3324 1042 3453 1097 pec-

1868 1137 1991 1182 cant
2012 1168 2027 1192 ,
2064 1140 2234 1195 neque
2260 1126 2431 1181 solum
2471 1140 2591 1180 cum
2633 1125 2849 1179 audacia
2878 1134 3098 1194 peccant
3125 1163 3137 1186 .
3169 1122 3265 1178 sed
3292 1123 3452 1176 etiam

1868 1232 1961 1273 eos
1986 1217 2075 1286 qui
2098 1217 2219 1271 talia
2242 1216 2527 1271 emendare
2556 1225 2795 1285 possunt,
2813 1214 3081 1283 rejiciunt.
3107 1212 3454 1281 Quemadmo-

1868 1308 1992 1362 dum
2022 1308 2163 1363 enim
2191 1307 2490 1378 phrenitide
2519 1308 2746 1377 correpti
2774 1320 2917 1376 saepe
2958 1305 3219 1361 medicum
3259 1303 3452 1359 verbe-

1869 1409 2073 1466 rarunt,
2103 1400 2181 1455 sic
2209 1409 2263 1454 et
2294 1399 2348 1454 hi
2377 1399 2681 1455 incurabilis
2710 1398 2879 1452 morbi
2911 1397 3201 1451 maximum
3234 1394 3337 1450 hoc
3363 1408 3453 1448 ar—

1867 1502 2176 1565 gumentum
2217 1492 2577 1555 exhibebant,
2608 1490 2747 1561 quod
2790 1490 2960 1560 justos
3001 1491 3276 1559 cjicerent.
3311 1487 3453 1542 Talis

1870 1584 2064 1652 quippe
2085 1584 2251 1637 virtus
2276 1591 2358 1637 est
2381 1600 2395 1637 :
2418 1581 2500 1636 vel
2527 1581 2697 1635 solum
2719 1594 2777 1634 se
2798 1588 3123 1643 monstrans,
3148 1579 3199 1632 in
3223 1576 3452 1647 nequitia

1871 1675 2134 1729 viventem
2164 1673 2348 1728 dolore
2376 1670 2564 1727 afﬁcit.
2590 1670 2733 1724 Talis
2763 1679 2845 1724 est
2875 1668 3109 1737 nequitia
3133 1684 3147 1720 :
3172 1681 3239 1722 ne
3266 1681 3452 1735 repre-

1871 1765 2033 1821 hensa
2080 1764 2293 1835 quidem
2341 1778 2519 1833 saepe,
2546 1761 2630 1817 vel
2672 1761 3009 1831 praesentiam
3034 1774 3218 1815 eorum
3262 1758 3350 1828 qui
3401 1758 3452 1810 in

1870 1856 2118 1927 (equitate
2162 1855 2345 1909 vivunt
2385 1854 2607 1908 moleste
2647 1852 2769 1907 fert.
2799 1850 3001 1921 Duplex
3027 1858 3205 1905 autem
3245 1848 3333 1903 hic
3372 1860 3455 1903 esr

1870 1953 2155 2012 accusatio,
2178 1956 2235 2003 et
2258 1947 2398 2018 quod
2422 1946 2624 2015 justum
2650 1945 2887 2014 alligent,
2916 1953 2970 1999 et
2990 1942 3131 2012 quod
3158 1956 3278 1997 eum
3305 1940 3453 2010 quasi

1872 2043 2084 2097 noxium
2114 2039 2350 2108 alligent.
2381 2036 2605 2105 Quando
2646 2035 2804 2104 igitur
2832 2034 2949 2104 quis
2989 2033 3132 2087 utilia
3160 2048 3264 2086 non
3297 2031 3455 2084 modo

1873 2149 1979 2188 non
2017 2132 2285 2198 admittit,
2315 2130 2407 2185 sed
2439 2129 2595 2183 noxia
2620 2128 2719 2183 sibi
2756 2136 2937 2197 putat,
2967 2140 3210 2194 quaenam
3238 2125 3453 2178 demum

1871 2227 2183 2296 relinquitur
2229 2222 2613 2279 emendationis
2648 2219 2902 2275 occasio?
2933 2216 3288 2285 Quamobrem
3335 2231 3456 2285 pro—

1874 2321 2031 2388 pheta
2062 2316 2246 2371 videns
2272 2331 2364 2370 eos
2394 2314 2460 2368 ad
2490 2323 2726 2367 extrema
2754 2311 3064 2381 prorupisse
3091 2350 3104 2373 ,
3136 2323 3163 2361 a
3197 2308 3454 2362 lamenta-

1873 2408 2016 2463 tione
2051 2407 2240 2460 iterum
2270 2404 2451 2473 ineipit
2473 2444 2487 2468 ,
2516 2418 2619 2458 nou
2651 2403 2716 2456 ab
2747 2402 3082 2455 occursatione
3122 2408 3175 2452 et
3216 2398 3456 2465 inerepa-

1874 2500 2015 2552 tione
2040 2539 2054 2563 ,
2083 2496 2266 2550 dicens
2295 2515 2306 2548 :
2342 2495 2427 2549 Vte
2452 2495 2633 2548 anima:
2659 2510 2829 2547 eorum
2854 2508 2871 2553 ;
2900 2492 3038 2561 quod
3068 2491 3304 2559 sequitur
3334 2506 3452 2541 (:uttt

1873 2589 2037 2645 multa
2069 2588 2343 2658 prudentia
2371 2586 2581 2641 additur
2601 2626 2615 2649 ,
2651 2585 2781 2652 Quia
2804 2585 3020 2638 inierunt
3048 2583 3310 2635 consilium
3348 2598 3454 2632 ma-

1874 2683 2065 2753 lignum
2108 2690 2284 2734 contra
2330 2680 2641 2748 semetipsos.
2672 2676 2832 2744 Atqui
2872 2691 2933 2730 ea
2966 2690 3082 2744 qua:
3127 2673 3258 2726 facta
3292 2682 3412 2725 sunt
3438 2712 3453 2736 ,

1874 2772 2119 2827 videntur
2143 2781 2326 2825 contra
2352 2770 2553 2838 justum
2579 2776 2821 2836 suscepta
2849 2780 2968 2820 esse
2993 2782 3004 2817 :
3030 2763 3122 2819 sed
3155 2765 3198 2819 si
3230 2764 3346 2833 quis
3368 2778 3454 2815 ae—

1874 2874 2055 2919 eurate
2082 2863 2453 2932 exploraverit,
2474 2876 2581 2914 non
2604 2868 2785 2915 contra
2814 2859 3123 2926 patientem,
3148 2856 3240 2908 sed
3270 2863 3451 2907 contra

1874 2971 1967 3012 eos
2018 2955 2106 3023 qui
2156 2955 2206 3008 id
2248 2952 2687 3023 aggrediebantur
2732 2950 3009 3005 consilium
3059 2949 3301 3001 vertitur.
3361 2945 3454 2997 "lC

1874 3046 2126 3101 discimus
2148 3045 2317 3098 virum
2348 3043 2590 3112 probum,
2619 3042 2718 3095 etsi
2747 3048 2992 3094 sexcenta
3022 3038 3156 3091 mala
3188 3038 3412 3106 patiatur
3438 3077 3451 3099 ,

1876 3138 1926 3191 in
1956 3137 2098 3191 nullo
2124 3137 2190 3190 ab
2217 3135 2279 3189 iis
2305 3135 2392 3204 qui
2419 3150 2477 3189 se
2505 3134 2814 3188 adoriuntur
2842 3130 3138 3184 lmdendum
3168 3143 3286 3182 esse
3310 3144 3324 3191 ;
3359 3128 3453 3181 sed

1876 3243 1967 3282 eos
1997 3228 2083 3296 qui
2115 3227 2212 3295 ipsi
2240 3226 2553 3280 insidiantur
2582 3225 2756 3294 potius
2788 3224 2835 3276 in
2864 3222 3068 3286 seipsos
3096 3219 3326 3289 gladium
3356 3219 3454 3271 im-

1876 3321 2120 3390 pulsuros
2145 3331 2297 3379 sese;
2326 3324 2383 3371 ut
2421 3326 2474 3371 et
2512 3315 2565 3369 hi
2609 3314 2887 3368 faciebant.
2916 3311 3122 3365 iustum
3152 3310 3293 3364 enim
3324 3308 3457 3362 nihil

1876 3413 2154 3474 laedebaut,
2175 3426 2292 3465 eum
2310 3410 2602 3479 alligarent,
2617 3407 2709 3463 sed
2727 3408 2929 3473 seipsos
2951 3405 3001 3457 in
3026 3404 3211 3473 majori
3232 3402 3457 3472 caligine

1874 3514 1930 3559 et
1953 3503 2235 3558 Solitudine
2260 3500 2666 3558 constituebant.
2683 3498 2806 3551 dum
2836 3497 3103 3550 lucernam
3123 3496 3188 3548 ab
3205 3509 3263 3549 se
3284 3509 3458 3546 remo-

1875 3604 2079 3649 verent.
2128 3592 2291 3661 Igitur
2321 3595 2512 3660 fructus
2540 3605 2746 3659 aperum
2774 3603 2979 3643 suorum
3004 3586 3280 3640 comedent.
3312 3584 3457 3637 Talis

1874 3684 2067 3754 quippe
2087 3692 2168 3737 est
2189 3681 2416 3750 nequitia
2443 3699 2453 3733 :
2482 3683 2531 3733 in
2558 3679 2729 3748 seipsa
2758 3678 3069 3746 supplicium
3098 3676 3275 3730 habet.
3305 3674 3455 3739 Quod

1874 3784 2051 3830 autem
2078 3773 2163 3828 hic
2180 3772 2327 3837 dicit,
2351 3771 2453 3825 hoc
2473 3770 2570 3825 sibi
2594 3770 2731 3822 vult:
2752 3767 3027 3821 Fructibus
3049 3767 3156 3820 suis
3180 3765 3452 3819 donabun-

1876 3874 1981 3929 tur,
2003 3864 2052 3917 in
2073 3862 2257 3931 majori
2278 3876 2335 3916 se
2348 3859 2629 3915 solitudine
2645 3858 3051 3922 constituentes,
3070 3856 3335 3923 multaque
3355 3853 3451 3907 sibi

1878 3957 2164 4026 prmeipitia
2192 3955 2529 4009 adornantes.
2562 3953 2645 4005 ll.
2683 3950 2766 4003 Va:
2794 3951 2963 4017 iniquo
2990 3965 3006 4002 :
3029 3949 3165 4002 mala
3185 3949 3313 4000 enim
3335 3964 3452 4001 con-

1876 4048 2063 4117 tingent
2082 4048 2127 4100 ei
2152 4046 2427 4099 secundum
2452 4060 2604 4111 opera
2632 4058 2869 4095 manuum
2899 4042 3024 4109 ejus.
3053 4040 3235 4094 Viden‘
3255 4054 3282 4092 a
3303 4039 3453 4092 nobis

1876 4153 2086 4206 semper
2115 4150 2417 4190 mensuram
2454 4144 2505 4188 et
2534 4135 2680 4188 initia
2708 4134 2950 4203 supplicii
2982 4133 3151 4187 oriri?
3179 4133 3301 4187 ldeo
3332 4148 3453 4201 pro—

1877 4228 2030 4297 pheta
2057 4244 2265 4283 rursum
2291 4228 2449 4297 luget,
2472 4227 2787 4282 lamentatur
2807 4241 3031 4296 seseque
3056 4235 3305 4291 macerat,
3332 4226 3451 4292 quia

1874 4320 2040 4375 Judaei
2085 4319 2427 4389 sibimetipsis
2467 4320 2850 4375 insidiabantur
2874 4357 2889 4383 ,
2916 4327 2969 4371 et
3006 4317 3239 4371 atrocius
3291 4332 3449 4386 quam

1874 4412 2093 4482 quilibet
2122 4410 2288 4464 hostis
2314 4410 2533 4464 salutem
2560 4424 2708 4463 suam
2741 4407 3170 4477 pessumdabant,
3194 4423 3299 4477 quo
3329 4407 3452 4477 quid

1875 4500 2227 4555 miserabilius
2274 4499 2465 4553 fuerit?
2498 4497 2583 4553 12.
2616 4498 2812 4566 Popule
2860 4498 2928 4552 mi
2955 4538 2970 4563 ,
3002 4507 3259 4553 exactores
3304 4500 3451 4552 vestri

1875 4594 2124 4647 demetunt
2153 4607 2257 4645 vos.
2290 4591 2483 4659 Optimi
2520 4590 2755 4644 doctoris
2792 4598 2906 4655 est,
2936 4591 3199 4645 sermonis
3231 4592 3452 4646 varieta-

1874 4695 1977 4739 tem
2020 4684 2209 4739 all‘erre
2232 4725 2245 4747 ,
2280 4699 2451 4752 neque
2490 4698 2807 4754 exasperare
2835 4693 3071 4749 tantum,
3101 4699 3269 4753 neque
3292 4684 3454 4737 etiam

1875 4793 2084 4847 semper
2126 4788 2458 4832 mansuetum
2506 4777 2760 4844 reddere;
2789 4776 2881 4831 sed
2933 4792 3070 4832 nunc
3115 4776 3239 4830 illud
3267 4815 3280 4837 ,
3314 4791 3460 4830 nunc

1873 4868 2012 4921 aliud
2064 4877 2290 4921 tractare
2330 4868 2573 4936 loquendi
2616 4881 2817 4936 genus,
2852 4877 2907 4921 ut
2943 4882 3006 4919 ex
3054 4865 3152 4921 hac
3197 4866 3454 4919 mixtione

1874 4960 2032 5013 multa
2064 4970 2310 5027 exsurgat
2351 4960 2569 5012 utilitas.
2603 4958 2801 5012 Idcirco
2847 4958 3100 5027 propheta
3148 4972 3252 5011 non
3292 4959 3454 5014 modo

1873 5051 2093 5112 incusat,
2126 5050 2217 5104 sed
2246 5050 2398 5103 etiam
2432 5051 2592 5118 luget,
2617 5050 2753 5115 quod
2775 5050 2986 5118 gravius
3014 5058 3093 5103 est
3124 5050 3234 5117 ipsa
3265 5050 3441 5102 crimi-

1874 5141 2102 5201 natione,
2132 5139 2222 5192 sed
2255 5139 2512 5190 minorem
2544 5140 2678 5206 parit
2708 5138 2943 5190 dolorem
2972 5155 2983 5189 :
3008 5138 3255 5209 quodque
3287 5140 3445 5191 ntiraw

1873 5232 1976 5285 bile
2003 5241 2082 5285 est
2107 5272 2119 5294 ,
2149 5232 2200 5284 in
2240 5230 2479 5299 graviore
2524 5232 2778 5285 incisione
2815 5231 3137 5287 moderatior
3166 5244 3246 5287 est
3271 5233 3438 5285 dolor.

1871 5321 2050 5392 Neque
2081 5323 2247 5376 solum
2282 5323 2438 5389 luget,
2460 5323 2551 5374 sed
2574 5322 2729 5375 etiam
2758 5332 2926 5387 sanat,
2950 5324 3215 5393 aliumque
3238 5339 3439 5377 rursum

1872 5414 2166 5467 mirabilem
2215 5412 2467 5467 doctrinae
2514 5411 2703 5481 ingerit
2747 5412 2982 5467 modum.
3023 5414 3149 5481 Quis
3193 5415 3279 5466 ille
3324 5414 3447 5467 est?

1871 5504 2018 5570 Quod
2050 5519 2153 5557 non
2182 5503 2337 5559 simul
2366 5518 2550 5557 omnes
2578 5504 2829 5571 increpet,
2859 5506 2950 5560 sed
2982 5506 3225 5573 p0pulum
3249 5520 3276 5558 a
3304 5507 3447 5574 prin-

1872 5596 2075 5663 cipibus
2100 5593 2327 5658 dividat,
2360 5603 2410 5648 et
2442 5593 2490 5646 in
2537 5595 2745 5648 illorum
2780 5606 2935 5663 caput
2966 5597 3183 5649 erimina
3221 5612 3443 5651 conver-

1871 5696 1962 5743 tat.
1995 5686 2217 5739 Tnntum
2247 5686 2386 5739 enim
2413 5697 2491 5741 est
2524 5688 2572 5740 in
2604 5687 2698 5739 hac
2730 5688 2979 5755 arguendi
3012 5688 3189 5749 specie
3219 5690 3441 5752 lucrum,

1880 5788 1936 5829 ut
1964 5776 2011 5830 id
2045 5774 2249 5843 Moyses
2291 5781 2516 5838 maxime
2538 5782 2887 5859 frequentarit
2935 5781 2981 5839 ls
3007 5781 3145 5835 enim
3171 5799 3297 5835 cum
3319 5796 3407 5835 om
