4156 6312
682 357 754 411 47

673 467 767 508 nes
792 459 970 509 essent
989 449 1298 505 criminibus
1322 451 1554 516 obnoxii,
1578 451 1642 506 ad
1669 453 1932 523 principes
1954 467 2252 508 sermonem

671 545 865 598 vortit:
893 543 1004 612 ipse
1035 557 1161 596 vero
1192 540 1399 612 Moyses
1428 555 1546 595 eum
1577 541 1700 596 vidit
1734 544 1984 612 populum
2020 546 2256 597 maxime

671 633 1124 702 prmvaricationis
1164 631 1326 686 fuisse
1353 641 1622 686 auctorem
1648 673 1663 698 ,
1693 634 1958 688 Aaronem
1988 648 2114 686 vero
2151 648 2253 687 non

667 737 814 781 tanta
861 726 1221 794 increpatione
1248 725 1463 795 dignum
1492 739 1610 780 esse
1635 767 1650 790 ,
1678 723 1910 779 dimissis
1955 726 2018 779 iis
2047 727 2134 795 qui
2163 726 2253 779 ad-

671 817 884 871 modum
925 815 1004 869 rci
1032 823 1204 882 erant,
1235 814 1300 868 ad
1330 815 1507 868 minus
1536 830 1685 868 reum
1717 817 2108 869 accusationem
2139 831 2255 870 ver-

669 910 764 976 tit,
792 924 886 978 per
909 908 1130 962 crimina
1161 907 1257 976 ipsi
1287 905 1493 976 objecta
1522 907 1859 962 conscientias
1900 908 2133 976 ipsorum
2165 924 2254 963 re-

667 1001 913 1070 linquens
937 1039 958 1065 ,
983 1008 1037 1053 ut
1075 1012 1133 1052 se
1161 998 1362 1066 majore
1390 997 1651 1067 supplicio
1691 997 1880 1068 dignos
1913 999 2248 1068 judicarent:

665 1092 807 1163 quod
833 1093 988 1148 etiam
1015 1091 1209 1144 evenit.
1239 1089 1418 1158 Neque
1447 1090 1587 1145 enim
1609 1104 1742 1160 opus
1764 1090 2078 1145 habuitaliis
2101 1090 2258 1145 dein-

665 1198 792 1252 ceps
827 1183 1161 1237 sermonibus
1201 1181 1454 1250 populum
1488 1181 1716 1251 alloqui;
1743 1181 1836 1234 sed
1867 1181 1996 1235 satis
2038 1180 2254 1236 fuerunt

665 1290 833 1346 pauca
882 1276 972 1328 illa
1015 1274 1173 1328 verba
1220 1273 1414 1327 Aaroni
1458 1272 1635 1338 dicta,
1665 1281 1722 1326 ut
1770 1281 1848 1327 tot
1874 1273 2068 1340 millia,
2100 1273 2251 1342 quasi

665 1383 826 1423 unum
869 1367 1136 1420 hominem
1183 1365 1637 1433 comprimerent;
1670 1372 1724 1419 et
1761 1379 1790 1418 a
1839 1364 1925 1418 tali
1975 1361 2252 1418 ferocitate

661 1461 988 1532 audaciaque
1019 1462 1071 1516 in
1095 1473 1388 1517 extremum
1420 1463 1666 1518 timorem
1697 1476 2055 1532 angoremque
2085 1459 2250 1514 dedu-

665 1563 868 1609 cerent.
896 1555 1044 1620 Quod
1069 1571 1187 1610 eum
1217 1554 1534 1624 przevideret
1555 1553 1782 1624 Moyses,
1816 1555 1994 1607 statim
2025 1552 2250 1607 desceno

667 1649 798 1702 dtns
821 1648 1022 1701 tabulas
1049 1647 1298 1717 proiecit,
1325 1657 1379 1701 et
1413 1647 1609 1701 Aaroni
1637 1646 1804 1701 dixit:
1834 1645 1969 1710 Quid
1999 1644 2115 1713 fecit
2162 1643 2252 1696 tibi

651 1711 882 1807 ipopulus
909 1740 989 1791 hie
1018 1711 1180 1807 {quia
1210 1739 1371 1809 fecisti
1398 1754 1509 1790 eum
1537 1737 1780 1807 gaudium
1806 1711 2024 1789 inimicis
2053 1734 2248 1805 (Exod.

666 1831 752 1884 5-2.
784 1829 912 1903 ειη

736 1921 789 1975 6.
821 1921 930 1976 lloc
955 1931 1008 1976 et
1034 1921 1118 1976 hic
1141 1921 1395 1991 propheta
1425 1919 1569 1985 facit,
1599 1928 1949 1989 sanctumque
1977 1917 2126 1974 illum
2154 1917 2252 1973 du-

668 2011 788 2080 plici
817 2013 974 2066 modo
999 2013 1251 2066 imitatur.
1282 2011 1398 2066 Non
1428 2012 1572 2067 extim
1612 2011 1784 2065 solum
1829 2019 1960 2064 tunc
1983 2009 2252 2064 accusavit

667 2105 894 2177 Moyses,
923 2105 1028 2158 imo
1049 2106 1208 2160 etiam
1230 2104 1458 2158 dolentis
1486 2116 1768 2172 personam
1794 2101 2117 2171 assumpsit,
2143 2101 2251 2156 sic—

666 2213 768 2266 que
794 2197 1180 2250 accuSnIionem
1211 2195 1453 2248 instituit.
1485 2194 1557 2248 Ita
1587 2201 1638 2248 et
1663 2193 1746 2247 hic
1769 2203 2052 2262 utrumque
2079 2192 2225 2246 imita

667 2297 750 2339 tus
781 2295 862 2339 est
888 2285 1070 2339 dit-ens
1102 2303 1114 2336 :
1151 2283 1349 2352 I’opule
1378 2285 1446 2335 nti
1471 2324 1487 2348 ,
1529 2293 1784 2336 exactores
1813 2282 1960 2334 vestri
2003 2282 2253 2334 demetunt

663 2393 769 2430 ros.
807 2374 938 2428 Nam
968 2386 1020 2427 et
1054 2375 1172 2428 illos
1202 2373 1462 2428 incusavit
1486 2413 1504 2439 ,
1531 2381 1584 2427 et
1607 2373 1756 2443 quasi
1783 2387 1904 2425 cum
1934 2371 2129 2440 populo
2152 2371 2250 2425 do-

665 2466 779 2520 lens
813 2465 926 2520 haec
960 2465 1112 2518 dixit.
1161 2465 1447 2518 Exactores
1471 2471 1650 2518 autem
1691 2463 1776 2517 hic
1804 2476 1996 2516 vocare
2025 2461 2250 2527 videtur,

665 2571 758 2612 eos
805 2557 893 2627 qui
939 2565 1229 2627 repetunt:
1261 2570 1361 2626 ego
1399 2569 1523 2610 vero
1564 2563 1692 2624 puto
1732 2552 1905 2623 ipsum
1934 2563 2172 2623 raptores
2202 2561 2256 2606 ct

665 2666 858 2706 avaros
884 2666 1066 2706 eorum
1093 2647 1466 2711 snbindicare;
1514 2647 1596 2701 sin
1625 2646 1800 2700 minus
1830 2646 1953 2712 hoc,
1983 2655 2129 2700 certe
2156 2643 2253 2698 tri-

668 2747 917 2800 butorum
949 2745 1282 2799 collectores.
1321 2741 1419 2795 llic
1455 2739 1572 2810 ejus
1599 2738 1721 2792 vide
1752 2737 2104 2808 prudentiam.
2137 2734 2252 2790 Non

670 2838 816 2893 enim
840 2853 952 2892 rem
978 2837 1259 2906 improbat,
1282 2833 1374 2889 sed
1403 2831 1800 2887 immoderatam
1829 2831 2113 2886 rationem.
2138 2829 2253 2884 Non

671 2929 866 2997 quippe
893 2927 1060 2992 dixit,
1086 2925 1342 2994 Exigunt,
1371 2922 1464 2977 sed
1485 2963 1500 2989 ,
1535 2921 1798 2975 Demetunt
1822 2938 1836 2985 ;
1884 2921 1936 2974 id
1966 2928 2067 2986 est,
2095 2917 2201 2973 Vos
2225 2934 2258 2973 a

675 3018 1009 3074 facultatibus
1041 3017 1334 3078 denudent,
1374 3009 1662 3070 exactiouis
1698 3011 1918 3064 obtentu
1959 3025 2060 3065 vos
2085 3006 2257 3061 omni-

676 3111 775 3165 bus
817 3109 1065 3180 spoliant.
1118 3106 1230 3161 lloe
1259 3113 1434 3158 autem
1473 3103 1691 3170 protulit
1727 3101 1943 3156 verbum
1975 3116 2039 3154 ex
2082 3108 2255 3154 meta-

676 3204 841 3273 phora
862 3198 1259 3255 demeteutium.
1290 3197 1565 3251 Demetere
1589 3193 1730 3249 enim
1757 3193 1948 3247 dicitur
1974 3201 2092 3260 post
2118 3204 2259 3245 mes-

677 3310 792 3350 sem
822 3295 994 3363 lapsas
1019 3307 1048 3347 e
1075 3291 1317 3345 manibus
1346 3289 1657 3342 metentium
1685 3285 1858 3354 spicas
1882 3283 2156 3353 colligere,
2203 3290 2258 3337 et

679 3386 809 3441 nihil
838 3384 1056 3441 omnino
1086 3382 1138 3436 in
1169 3395 1296 3435 arvo
1325 3379 1622 3448 relinquere
1650 3392 1666 3432 :
1695 3375 1835 3446 quod
1861 3375 1912 3428 hi
1945 3386 2069 3428 tunc
2089 3373 2251 3428 facie-

680 3480 825 3542 bant,
853 3477 1128 3532 universas
1155 3472 1427 3527 facultates
1450 3469 1794 3539 abripientes,
1829 3482 1892 3521 ac
1919 3465 2087 3519 nudos
2114 3465 2258 3533 ipsos

681 3570 1057 3638 relinquentes.
1090 3565 1157 3620 Et
1182 3573 1434 3618 exactores
1464 3560 1786 3614 dominantur
1807 3558 1977 3611 vestri.
2003 3555 2261 3625 Quodque

682 3659 891 3730 gravius
919 3666 1050 3723 erat,
1099 3670 1272 3724 neque
1298 3653 1384 3707 hic
1421 3651 1656 3705 avaritia:
1695 3648 1904 3704 termini
1944 3656 2114 3730 erant,
2166 3645 2260 3698 sed

682 3750 1017 3822 tyrannidem
1037 3749 1171 3802 ultra
1198 3745 1615 3818 promovebant,
1644 3741 1882 3796 servituti
1920 3712 2260 3809 subjicientes

684 3858 777 3901 eos
797 3842 884 3912 qui
914 3841 1064 3896 liberi
1094 3848 1261 3894 eram.
1297 3836 1494 3906 Papule
1520 3834 1589 3887 mi
1610 3875 1623 3896 ,
1651 3833 1735 3903 qui
1765 3848 1850 3885 vos
1875 3831 2048 3883 dicunt
2073 3830 2259 3891 beatos,

686 3933 935 4002 decipiunt
969 3946 1074 3984 vos.
1118 3929 1212 3983 llic
1242 3926 1368 3981 mihi
1395 3925 1600 3980 videtur
1629 3919 2117 3993 pseudoprophetas
2142 3917 2262 3971 sub-

687 4023 950 4085 indicare,
997 4019 1080 4073 vel
1106 4033 1198 4074 eos
1237 4017 1324 4086 qui
1365 4015 1432 4070 ad
1474 4013 1696 4084 gratiam
1728 4011 1856 4080 ipsis
1891 4009 2264 4078 loquebantur,

687 4112 825 4180 quod
839 4119 1091 4166 extrema:
1111 4107 1426 4175 corruptela:
1452 4105 1644 4173 ubique
1662 4116 1819 4156 causa
1848 4109 1948 4156 est.
1971 4099 2267 4153 Nocumen-

691 4221 799 4263 tum
827 4206 987 4277 igitur
1023 4203 1152 4258 inde
1184 4200 1502 4270 proveniens
1540 4208 1596 4251 ut
1624 4195 1920 4250 declararet
1949 4191 2221 4260 subjunxit
2250 4207 2263 4242 :

691 4297 758 4351 Et
783 4296 1012 4350 semitam
1054 4291 1241 4363 pedum
1281 4300 1554 4344 vestrorum
1595 4284 1794 4337 turbant
1828 4298 1850 4335 :
1879 4283 1978 4335 hoc
2006 4291 2120 4345 est,
2151 4279 2265 4333 Non

689 4390 868 4443 sinunt
894 4393 1036 4440 recte
1063 4380 1332 4453 progredi,
1355 4379 1723 4435 subvertentes
1742 4415 1758 4442 ,
1788 4373 2155 4434 dissolvente..,
2186 4383 2269 4422 se-

690 4479 900 4550 gniores
925 4490 1019 4529 vos
1047 4473 1349 4528 reddentes.

761 4567 900 4622 Deus
911 4569 998 4638 jus
1027 4565 1195 4618 dicens
1218 4563 1278 4615 ab
1307 4559 1446 4615 Isaia
1470 4556 1746 4611 inducitur.
1778 4551 2010 4623 Stupidis
2043 4549 2272 4602 accusari

691 4676 791 4714 non
813 4673 994 4729 grave,
1027 4654 1176 4721 plecti
1206 4651 1437 4708 terribile.
1481 4649 1699 4703 Peccata
1730 4645 2009 4715 principum
2037 4651 2082 4693 et
2110 4641 2274 4692 senio-

693 4767 804 4803 rum
847 4750 1044 4820 majora
1083 4747 1394 4817 priuatorum
1425 4741 1732 4810 peccatis.—
1761 4737 1847 4792 15.
1873 4734 1978 4789 Sed
2002 4749 2134 4786 nunc
2154 4748 2273 4785 con-

695 4841 926 4894 stituetur
952 4839 1005 4892 in
1024 4837 1276 4910 judicium
1300 4833 1546 4886 Dominus
1566 4870 1584 4891 .
1609 4839 1655 4883 et
1677 4838 1852 4882 statuet
1874 4826 2276 4897 populumsnum

697 4933 762 4985 ad
783 4930 1034 5003 judicium
1065 4944 1084 4983 :
1112 4928 1198 4982 14.
1224 4928 1329 4996 ipse
1356 4923 1601 4977 Dominus
1621 4921 1686 4974 ad
1713 4919 1960 4988 iudicium
1983 4915 2138 4968 veniet
2164 4930 2276 4967 cum

696 5021 973 5078 senioribus
1017 5019 1222 5090 populi,
1263 5028 1309 5071 et
1333 5032 1448 5069 cum
1471 5011 1779 5083 principibus
1810 5010 2056 5080 ipsorum.
2090 5005 2278 5060 Adhuc

699 5116 750 5169 in
798 5111 984 5169 eadem
1036 5120 1234 5181 perstat
1279 5107 1624 5164 correctionis
1665 5103 1878 5174 Specie,
1919 5117 1949 5155 a
1975 5100 2170 5171 populo
2210 5098 2276 5152 ad

699 5204 939 5258 seniores
965 5211 1019 5258 et
1060 5200 1126 5255 ad
1172 5199 1436 5269 principes
1484 5194 1897 5264 increpationem
1944 5200 2177 5252 vertens,
2216 5202 2279 5240 ac

705 5309 1006 5350 sermonem
1037 5291 1264 5347 reddens
1293 5287 1701 5351 terribiliorem;
1750 5285 1928 5354 ipsum
1959 5296 2084 5337 vero
2112 5281 2283 5334 Deum

707 5387 905 5443 inducit
922 5385 1011 5454 jus
1027 5385 1292 5441 dicentem
1312 5393 1368 5438 et
1384 5381 1829 5436 condenmantcm
1859 5390 1950 5429 :ac
1968 5373 2032 5428 de
2048 5372 2281 5443 peccatis

704 5489 887 5534 contra
916 5476 1165 5546 populum
1188 5471 1504 5544 perpetratis
1529 5475 1864 5524 accusantem
1887 5478 1980 5520 eos
1999 5463 2088 5533 qui
2121 5476 2286 5531 popu-

706 5573 815 5627 lum
851 5570 1116 5626 lmdebant
1137 5568 1177 5621 ¹.
1229 5565 1583 5632 Quamobrem
1623 5562 1834 5618 dicebat
1861 5576 1875 5613 :
1907 5558 1974 5616 Et
2002 5572 2133 5611 nunc
2160 5573 2283 5610 con.-

775 5730 793 5762 ι
829 5736 916 5778 Pro
939 5726 1108 5783 verbo,
1132 5719 1388 5783 tradebant,
1413 5716 1628 5783 Savii._i_n
1652 5723 1793 5783 textu
1813 5710 2284 5783 etrert,gaﬂligebtmt,

713 5796 760 5844 in
787 5777 896 5842 nota
937 5777 1106 5837 autem
1135 5777 1386 5850 proﬁtetur
1406 5793 1463 5832 se
1486 5778 1650 5841 malle,
1672 5777 2015 5842 gubernabant.

1416 337 1470 392 S.
1512 334 1787 391 JOANNIS
1811 336 2286 398 CHRYSOSTOMI
2310 341 2623 399 ARCl‘ilEP.
2673 348 3196 412 CONSTANTINOP.

3861 392 3896 444 4

2367 391 2585 399 ._-_--__
2613 391 2623 395 -
2677 391 2843 407 “me.
2860 391 2875 406 .
2893 391 2979 408 ..υ
2999 391 3164 412 mw.
3181 395 3196 411 .
3861 391 3940 446 48

2367 458 2597 512 stituetur
2623 461 2690 513 ad
2710 464 2960 532 judicium
3000 466 3266 523 Dominus.
3317 471 3446 540 Quia
3473 477 3612 532 enim
3641 492 3942 538 accusando

2365 563 2664 604 sermonem
2689 559 3016 625 consumpsit
3040 600 3052 623 ,
3097 561 3159 614 iis
3188 577 3314 616 vero
3347 565 3437 633 qui
3467 567 3645 623 animo
3672 580 3794 626 sunt
3820 584 3942 628 stu-

2365 642 2486 710 pido
2512 647 2742 699 accusari
2785 663 2889 701 non
2930 650 3213 707 admodum
3251 669 3411 723 grave
3450 667 3566 724 est,
3609 663 3778 728 puniri
3808 680 3940 720 vero

2364 735 2595 790 terribile
2619 779 2632 801 ,
2661 738 2766 802 ait,
2803 739 2908 793 [les
2933 756 3037 794 non
3067 744 3118 796 in
3157 749 3494 803 accusatione
3522 758 3726 805 tantum
3754 757 3940 808 consi-

2360 838 2496 894 stet,
2529 830 2621 883 sed
2665 831 2792 884 ultio
2822 844 3027 900 peccata
3061 846 3330 905 sequetur,
3363 838 3451 892 illo
3479 840 3566 909 qui
3593 842 3942 901 damnaturus

2360 928 2440 972 est
2468 935 2652 988 ptenas
2681 923 2892 977 denmm
2919 926 3192 994 exigente,
3225 940 3278 981 et
3318 931 3569 986 adversus
3615 938 3940 1002 prmvarica-

2361 1019 2502 1066 tores
2540 1013 2625 1082 jus
2667 1014 2894 1072 dicente.
2944 1018 3091 1084 Quod
3129 1032 3273 1075 certe
3315 1027 3798 1092 attemperationem
3839 1029 3940 1082 Dei

2358 1103 2576 1158 multam
2599 1107 2863 1173 ostendit,
2893 1110 2981 1178 qui
3013 1111 3136 1164 velit
3164 1113 3322 1166 etiam
3350 1129 3470 1168 cum
3504 1116 3564 1169 iis
3593 1118 3768 1173 subire
3793 1119 3941 1187 judi-

2357 1196 2494 1249 cium
2521 1237 2534 1260 ,
2568 1212 2629 1251 ac
2659 1213 2958 1252 sermonem
2998 1202 3156 1256 vertit
3181 1203 3243 1257 ad
3272 1205 3608 1260 excitandum
3653 1209 3940 1277 pudorem,

2359 1284 2409 1339 id
2449 1287 2588 1355 quod
2627 1299 2773 1343 certe
2821 1290 3165 1361 intelligentia
3196 1293 3445 1362 praeditos
3473 1296 3523 1349 in
3549 1311 3810 1352 summum
3833 1315 3936 1352 an-

2355 1391 2539 1444 gorem
2567 1379 2833 1448 conjicerc
2863 1382 3014 1436 solet.
3073 1382 3254 1452 Neque
3283 1385 3454 1438 solum
3493 1385 3562 1440 ob
3591 1401 3706 1441 eam
3729 1428 3743 1454 ,
3774 1403 3940 1457 quam

2355 1479 2514 1536 supra
2540 1468 2666 1531 dixi,
2691 1485 2901 1524 causam
2923 1472 2986 1524 ad
3011 1471 3274 1542 principes
3299 1482 3352 1528 et
3374 1476 3611 1530 seniores
3629 1492 3941 1534 sermonem

2355 1564 2658 1617 convertit:
2691 1564 2784 1618 sed
2835 1573 2891 1617 ut
2917 1579 3102 1619 omnes
3137 1564 3353 1630 doceat,
3404 1567 3672 1636 graviores
3714 1569 3943 1623 daturos

2356 1666 2474 1705 esse
2502 1667 2685 1720 poenas
2712 1654 2975 1723 principes
2993 1695 3008 1721 ,
3037 1671 3194 1725 quam
3228 1657 3483 1712 subditos.
3514 1657 3762 1713 Snbditus
3787 1659 3939 1714 enim

2357 1755 2456 1810 pro
2483 1757 2540 1797 se
2576 1753 2775 1798 tantum
2799 1786 2814 1810 ,
2858 1747 3102 1815 princeps
3140 1762 3264 1801 vero
3303 1762 3396 1816 pro
3426 1748 3600 1818 seipso
3630 1758 3682 1803 et
3709 1766 3804 1820 pro
3831 1766 3941 1820 po-

2334 1835 2502 1904 -pulo,
2533 1836 2582 1890 in
2610 1851 2766 1906 quem
2799 1838 2894 1906 ipsi
2921 1838 3196 1907 imperium
3227 1841 3472 1893 traditum
3503 1852 3618 1908 est,
3647 1842 3736 1895 dat
3765 1844 3942 1897 ratio-

2357 1942 2478 1981 nem
2517 1945 2531 1981 :
2569 1938 2622 1982 et
2663 1942 2691 1980 a
2737 1928 3034 1982 senioribus
3078 1945 3286 1999 quoque
3329 1945 3432 1984 non
3480 1931 3742 1985 immerito
3791 1941 3938 1985 tanta

2359 2018 2645 2087 requiritur
2670 2018 2958 2089 diligentia.
3014 2021 3164 2085 Quod
3208 2022 3346 2074 enim
3380 2021 3483 2076 illis
3509 2031 3592 2075 est
3630 2022 3937 2090 imperium,

2356 2108 2582 2177 ldipsum
2610 2109 2723 2162 istis
2749 2118 2896 2163 astas.
2934 2111 3128 2179 Dignus
3152 2110 3292 2164 enim
3324 2118 3405 2164 est
3433 2112 3588 2165 etiam
3606 2111 3785 2181 junior
3810 2126 3938 2166 cor-

2356 2199 2594 2269 reptione
2623 2200 2666 2253 si
2693 2200 2923 2268 graviter
2956 2209 3171 2269 peccet;
3223 2201 3314 2254 sed
3361 2201 3452 2256 ille
3485 2203 3574 2271 qui
3607 2217 3702 2272 per
3722 2211 3940 2256 (etatem

2358 2291 2742 2345 immunitatem
2765 2300 2847 2344 est
2871 2290 3124 2361 adeptus,
3153 2306 3323 2359 neque
3355 2300 3430 2344 tot
3455 2291 3734 2345 affectuum
3759 2291 3939 2345 ﬂucti-

2359 2381 2456 2434 bus
2481 2381 2772 2444 obsidetur,
2801 2381 2884 2433 cui
2916 2388 3206 2448 temperate
3226 2380 3404 2434 vivere
3427 2379 3629 2435 facilius
3657 2391 3757 2443 est,
3790 2390 3843 2434 ct
3869 2380 3942 2435 ab

2359 2472 2473 2526 aliis
2512 2471 2854 2526 smcularibus
2903 2471 3062 2524 rebus
3103 2470 3245 2524 nullo
3285 2470 3500 2539 negotio
3547 2469 3810 2524 abstinere
3838 2485 3940 2538 po-

2360 2574 2481 2630 test,
2511 2572 2564 2618 et
2607 2578 2783 2617 rerum
2823 2561 3142 2630 experientia
3171 2561 3427 2630 majorem
3458 2561 3682 2629 adeptus
3705 2559 3942 2628 pruden-

2361 2660 2483 2712 tiam
2506 2676 2518 2724 ;
2542 2658 2662 2726 jure
2686 2659 2883 2725 majore
2907 2671 3062 2726 quam
3082 2655 3165 2708 alii
3189 2668 3374 2709 omnes
3389 2651 3724 2708 damnatione
3744 2651 3942 2721 dignus

2360 2759 2460 2812 est,
2489 2757 2671 2816 utpote
2699 2747 2787 2816 qui
2825 2747 3088 2814 juvcnum
3117 2744 3382 2798 lasciviam
3410 2730 3462 2796 in
3490 2751 3734 2810 provecta
3776 2751 3938 2795 aetate

2360 2839 2677 2894 exhibuerit.
2716 2837 2813 2890 Vas
2841 2847 3008 2889 autent
3033 2852 3122 2888 cur
3159 2835 3446 2887 incendistis
3467 2834 3655 2886 vineam
3679 2848 3854 2895 meam,
3889 2840 3938 2885 et

2359 2931 2540 2998 rapina
2579 2929 2815 2999 pauperis
2855 2938 2926 2980 est
2968 2927 3021 2978 in
3060 2925 3288 2977 domibus
3331 2922 3545 2976 vestris?
3594 2921 3797 2991 Ubique
3824 2921 3939 2976 Deo

2361 3036 2548 3091 magna
2573 3019 2896 3088 providentia
2920 3027 3000 3072 est
3024 3031 3145 3086 erga
3167 3031 3261 3070 eos
3283 3015 3369 3084 qui
3395 3013 3581 3083 injuria
3601 3012 3936 3069 afficiuntur:

2361 3127 2423 3167 ac
2449 3127 2551 3166 non
2579 3112 2751 3165 minus
2772 3151 2786 3174 ,
2816 3110 2922 3163 imo
2947 3107 3229 3177 aliquando
3270 3106 3387 3175 plus
3412 3103 3707 3175 indignatur
3727 3103 3792 3158 de
3811 3119 3944 3174 pee-

2361 3207 2493 3262 calis
2531 3219 2654 3275 erga
2701 3215 2985 3258 conservos
3010 3241 3024 3265 ,
3070 3214 3229 3269 quam
3270 3196 3337 3252 de
3379 3196 3608 3275 peccatis
3637 3197 3690 3250 in
3737 3196 3938 3263 ipsum.

2365 3295 2569 3350 Etenim
2599 3293 2834 3363 permisit
2857 3301 2910 3345 ut
2936 3291 2980 3345 is
3001 3291 3088 3358 qui
3109 3287 3441 3342 fornicariam
3461 3269 3675 3340 haberet
3693 3300 3939 3348 uxorem,

2365 3387 2505 3439 illam
2536 3384 2825 3452 expelleret
2846 3380 3056 3451 (Matth.
3079 3381 3130 3434 5.
3156 3379 3265 3447 5'2),
3297 3377 3542 3447 gentilem
3559 3391 3685 3431 vero
3710 3389 3947 3429 uxorem

2364 3491 2552 3537 secus;
2591 3477 2712 3532 licet
2745 3475 2844 3527 hoc
2871 3479 3145 3542 peccatum
3177 3480 3358 3523 contra
3388 3469 3556 3536 ipsum
3588 3473 3764 3530 esset,
3794 3465 3943 3518 aliud

2366 3573 2438 3640 (Ι.
2470 3569 2584 3623 Cor.
2615 3569 2666 3621 7.
2699 3567 2787 3634 ιε)
2817 3579 2943 3618 vero
2966 3573 3146 3617 contra
3179 3561 3466 3616 hominem.
3511 3558 3577 3612 Et
3605 3557 3772 3611 hostia
3800 3571 3948 3623 pne-

2365 3671 2535 3726 sente,
2562 3659 2718 3728 jussit
2742 3656 3036 3724 relinquere
3066 3667 3276 3717 munus,
3308 3665 3404 3704 nec
3431 3658 3552 3702 ante
3577 3646 3702 3701 illud
3721 3645 3944 3711 oll‘erre,

2367 3765 2671 3823 quamcum
2719 3747 2877 3802 fratre
2927 3744 3355 3799 reconciliaretur
3395 3741 3472 3803 is,
3523 3740 3612 3810 qui
3639 3737 3949 3807 proximum

2368 3846 2657 3902 offenderat
2688 3841 2894 3908 (Matth.
2926 3841 2980 3894 5.
3007 3838 3095 3892 23.
3123 3836 3238 3906 24).
3288 3835 3494 3888 Etcum
3519 3831 3586 3887 de
3626 3831 3716 3884 illo
3737 3827 3950 3899 judiCa-

2367 3940 2442 3992 vit
2468 3936 2560 4006 qui
2584 3934 2761 3989 decies
2787 3931 2932 3984 mille
2959 3929 3148 3982 talenta
3178 3925 3552 3989 devoraverat,
3571 3935 3693 3976 cum
3720 3919 3784 3974 de
3813 3933 3948 3987 pec-

2369 4030 2500 4083 catis
2525 4033 2707 4080 contra
2735 4037 2792 4075 se
2821 4018 3115 4074 commissis
3150 4015 3294 4068 illum
3324 4020 3616 4076 accusaret,
3648 4026 3748 4064 non
3767 4009 3950 4077 ipsum

2372 4131 2596 4187 nequam
2632 4111 2943 4183 appellavit,
2991 4107 3082 4161 sed
3125 4107 3228 4159 cito
3269 4119 3386 4158 cum
3435 4102 3523 4156 illo
3571 4098 3948 4155 reconciliatus

2370 4223 2471 4277 est,
2504 4221 2775 4276 totumque
2799 4203 3036 4258 debitum
3071 4198 3270 4253 dimisit
3299 4197 3378 4261 ei;
3413 4203 3466 4248 at
3494 4208 3610 4248 cum
3640 4191 3705 4246 de
3725 4201 3948 4245 centum

2372 4302 2603 4360 denariis
2631 4305 2894 4368 ageretur,
2922 4302 2976 4347 et
2996 4305 3203 4345 servum
3235 4303 3454 4356 nequam
3483 4291 3653 4346 vocat,
3688 4290 3740 4336 ct
3771 4291 3944 4336 torto-

2373 4397 2520 4451 ribus
2541 4390 2697 4445 tradit
2713 4407 2727 4441 ;
2745 4401 2841 4439 nec
2868 4387 3009 4453 prius
3030 4397 3148 4436 eum
3172 4394 3228 4433 se
3250 4377 3586 4432 dimiSslll‘llm
3609 4373 3760 4438 dixit,
3786 4386 3950 4440 quam

2377 4494 2541 4539 totum
2565 4479 2810 4535 redderet
2835 4475 3074 4528 debitum
3102 4469 3304 4540 (Matth.
3339 4467 3454 4534 25);

2447 4575 2499 4627 7.
2535 4571 2650 4640 Ipse
2679 4579 2887 4635 quoque
2913 4561 3156 4615 Christus
3197 4573 3315 4611 cum
3355 4553 3590 4624 colaphis
3631 4550 3958 4615 caederetur,

2378 4664 2507 4722 nihil
2535 4674 2689 4717 servo
2715 4652 3027 4727 percutienti
3050 4651 3243 4704 malum
3272 4647 3467 4710 retulit,
3499 4644 3590 4698 sed
3617 4643 3774 4696 etiam
3806 4656 3962 4694 man-

2377 4771 2526 4813 suete
2562 4753 2832 4825 respondit
2864 4770 2877 4806 :
2905 4748 2963 4805 Si
2992 4748 3120 4800 male
3161 4745 3393 4813 loquutus
3431 4756 3568 4802 smn,
3614 4736 3959 4790 testimonium

2380 4850 2579 4920 perhibe
2604 4847 2665 4900 de
2694 4845 2826 4898 malo
2849 4858 2867 4907 ;
2908 4842 2950 4894 si
2977 4848 3142 4892 autem
3166 4836 3314 4898 bene,
3341 4831 3460 4902 quid
3488 4847 3564 4883 me
3589 4829 3737 4882 caedis
3769 4825 3956 4894 (Joan.

2382 4914 2469 4995 λε.
2508 4938 2639 5008 25)?
2692 4937 2823 4989 Cum
2863 4941 3038 4986 autem
3080 4926 3359 4982 Jeroboam
3401 4933 3613 4974 manum
3656 4914 3964 4972 extendens

2381 5031 2692 5104 prephetam
2723 5026 2810 5096 qui
2843 5039 2902 5079 se
2940 5032 3063 5076 tunc
3090 5017 3341 5088 arguebat
3369 5009 3767 5083 apprehendere
3792 5021 3963 5060 cona-

2385 5097 2572 5186 batur,
2614 5132 2827 5172 manum
2855 5114 2969 5184 ejus
2996 5109 3198 5164 aridam
3236 5104 3465 5160 reddidit
3491 5103 3564 5174 (5.
3592 5099 3719 5168 Reg.
3755 5097 3839 5151 ts.
3871 5097 3961 5164 ι),

2386 5225 2437 5270 te
2466 5213 2713 5269 erudiens
2737 5249 2752 5272 ,
2803 5217 2861 5262 ut
2903 5203 3120 5273 injurias
3151 5199 3242 5253 tibi
3271 5198 3444 5251 illatas
3486 5199 3756 5247 mansuete
3789 5186 3960 5251 feras,

2387 5320 2478 5360 eas
2525 5316 2650 5356 vero
2705 5313 2822 5368 qua:
2873 5294 3096 5349 Domino
3146 5289 3441 5343 inferuntur
3487 5278 3966 5335 vehementissimo

2388 5393 2678 5451 ulciscaris.
2726 5389 2849 5444 ldeo
2874 5386 2971 5441 etsi
2997 5398 3117 5438 eum
3144 5381 3311 5450 legem
3342 5376 3538 5439 ferret,
3568 5369 3799 5426 secundo
3841 5368 3969 5423 loco

2389 5486 2625 5557 posuerit
2672 5493 2908 5534 amorem
2953 5488 3076 5543 erga
3121 5471 3414 5541 proximum
3441 5506 3456 5531 ,
3507 5472 3678 5517 tamen
3728 5459 3968 5514 similem

2389 5549 2522 5632 dixit
2548 5571 2709 5644 priori
2738 5587 2751 5622 :
2781 5584 2841 5622 ac
2880 5567 3016 5621 sicut
3043 5562 3187 5616 illum
3219 5554 3611 5614 accuratissime
3653 5549 3850 5617 exigit,
3880 5549 3966 5602 sic

2393 5680 2441 5724 et
2475 5639 2612 5722 hunc
2639 5675 2866 5732 quoque.
2916 5657 2990 5710 De
3016 5655 3105 5708 illo
3135 5651 3275 5706 enim
3301 5648 3398 5711 ait,
3449 5643 3530 5697 Ex
3549 5651 3647 5695 toto
3673 5639 3820 5692 corde
3852 5649 3970 5700 tuo,

2389 5769 2435 5812 et
2466 5774 2526 5811 ca:
2554 5731 2669 5810 tota,
2696 5752 2863 5805 anima
2904 5758 3024 5810 tua;
3069 5743 3138 5799 de
3176 5739 3278 5796 hoc
3316 5744 3527 5794 autem.
3577 5733 3717 5789 Sicut
3749 5731 3972 5798 teipsum
