4130 6312
191 351 256 405 47
1553 347 1621 402 ΙΝ
1663 345 1828 402 ISAIA

1953 342 2103 399 CAP.
2143 343 2231 402 ιιι.
3509 379 3582 434 48

183 466 332 536 δῆμον
374 465 498 518 τότε
544 463 778 534 μάλιστα
822 464 950 518 ὄντα
991 464 1082 517 τὸν
1126 461 1226 530 τὴν
1273 463 1608 532 παρανομίαν
1662 463 1828 531 ἐργα-

181 553 399 621 σάμενον
467 551 702 620 ἐκείνην,
757 553 848 604 16v
895 551 952 604 δὲ
1005 548 1210 618 Ἀαρὼν
1263 549 1323 600 ού
1364 547 1630 617 τοσαύτης
1701 546 1829 600 ὄντα

175 637 502 706 κατηγορίας
553 637 722 699 ἀξιον,
764 638 920 705 ἀφεὶς
946 637 1071 697 τοὺς
1113 634 1313 704 σφόδρα
1341 633 1699 696 ὑπευθύνους,
1739 633 1831 687 ἐπὶ

173 726 258 776 τὸν
279 725 376 793 ούχ
407 725 578 789 οὕτως
613 724 908 776 ὑπεύθυνον
953 723 1144 793 τρέπει
1188 724 1286 792 τὴν
1319 721 1671 791 κατηγορίαν,
1722 722 1834 781 τοῖς

173 812 478 880 ἐγκλήμασι
521 815 630 874 τοῖς
675 812 793 863 κατ’
827 811 1035 863 ἐκείνου
1077 809 1249 870 διδοὺς
1281 808 1356 876 τῷ
1404 809 1660 859 συνειδότι
1715 809 1834 858 τού-

170 915 277 950 των
311 897 532 966 μείζονα
570 898 775 949 ἑαυτῶν
817 895 1294 965 καταψηφίσασθαι
1335 893 1635 962 τιμωρίαν·
1696 893 1722 944 6
1769 892 1831 962 δὴ

171 985 263 1034 καὶ
303 984 537 1050 ἐγένετο.
585 983 661 1036 Οὐ
712 983 820 1052 γὰρ
874 982 1066 1053 ἐδεήθη
1131 981 1312 1033 λοιπὸν
1354 980 1524 1047 λόγων
1575 978 1710 1048 πρὸς
1743 978 1832 1030 16v

169 1067 338 1136 δῆμον
367 1069 589 1139 ἐτέρων,
634 1069 747 1122 ἀλλ’
793 1069 992 1139 ήρκεσε
1030 1066 1097 1120 τά
1123 1066 1249 1136 ψιλά
1293 1068 1472 1118 ἐκεῖνα
1520 1066 1737 1134 ῥήματα
1765 1063 1830 1116 τὰ

170 1156 306 1224 πρὸς
343 1156 433 1209 τὸν
472 1157 676 1226 Ἀαρὼν
723 1156 985 1227 εἰρημένα
1026 1153 1267 1223 χιλιάδας
1297 1152 1579 1214 τοσαύτας,
1622 1151 1694 1212 ὡς
1740 1151 1832 1201 ’ένα

169 1244 478 1312 ἀνθρωπον,
512 1245 877 1305 καταστεῖλαι,
921 1243 1016 1296 καὶ
1054 1241 1161 1294 ἀπὸ
1197 1239 1464 1307 τοσαύτης
1498 1237 1830 1308 θρασύτητος

168 1334 247 1391 εἰς
278 1330 483 1382 δειλίαν
511 1332 602 1382 καὶ
631 1331 864 1396 ἀγωνίαν
893 1331 1240 1397 κατενεγκεῖν
1264 1326 1361 1395 τὴν
1392 1326 1641 1394 ἐσχάτην.
1680 1325 1744 1375 "A
1767 1324 1828 1393 δὴ

168 1416 422 1486 προορῶν
455 1418 484 1468 6
529 1419 783 1486 Μωῡσῆς,
827 1415 1071 1477 καταϐάς
1113 1414 1333 1474 εὐθέως,
1381 1413 1477 1474 τάς
1523 1429 1579 1462 τε
1619 1409 1829 1472 πλάκας

167 1503 384 1572 ἔρριψε,
420 1504 515 1554 καὶ
545 1503 680 1572 πρὸς
712 1503 803 1554 16v
845 1501 1054 1571 Ἀαρὼν
1075 1501 1226 1567 ἔλεγε
1247 1518 1259 1530 ·
1300 1499 1359 1551 Τί
1387 1497 1634 1563 ἐποίησέ
1667 1513 1762 1553 σοι
1798 1500 1830 1549 ὁ

165 1588 322 1653 λαὸς
370 1583 578 1652 οὗτος,
626 1587 714 1639 ὅτι
762 1587 1057 1653 ἐποίησας
1098 1585 1284 1640 αὐτὸν
1349 1585 1644 1652 ἐπίχαρμιι
1708 1583 1824 1647 τοῖς

165 1674 405 1741 ἐχθροῖς
427 1692 444 1737 ;

237 1767 295 1824 ς’
304 1802 318 1813 .
350 1761 518 1812 Τοῦτο
534 1762 627 1814 καὶ
652 1763 678 1812 6
697 1761 978 1829 προφήτης
993 1753 1142 1822 οὗτος
1168 1761 1326 1822 ποιεῖ,
1346 1758 1434 1810 τὸν
1455 1757 1605 1824 ἅγιον
1627 1757 1828 1808 ἐκεῖνον

170 1848 508 1918 μιμούμενος
537 1849 705 1918 διπλῷ
725 1847 802 1918 τῷ
821 1849 1024 1918 τρόπῳ.
1045 1849 1116 1900 Ού
1142 1847 1249 1917 γὰρ
1276 1846 1339 1916 δὴ
1367 1847 1521 1914 μόνον
1547 1844 1823 1896 ἐνεκάλεσε

168 1936 294 1987 τότε
321 1937 348 1986 6
379 1935 632 2005 Μωῦσῆς,
665 1935 800 1987 ἀλλά
827 1936 918 1987 καὶ
955 1933 1346 2001 συναλγοῦντος
1375 1933 1713 2001 προσωπεῖον
1736 1930 1827 1982 λα-

167 2020 306 2081 ϐὼν,
339 2020 508 2083 οὕτως
541 2022 769 2073 ἐποιεῖτο
798 2021 896 2091 τὴν
927 2021 1258 2090 κατηγορίαν
1286 2020 1525 2086 ἐκείνην.
1558 2017 1712 2070 Οῦτω
1738 2018 1828 2069 καὶ

170 2103 331 2168 οὗτος
360 2109 643 2177 ἀμφότερα
672 2109 985 2176 ἐμιμήσατο
1019 2106 1212 2174 λέγων’
1243 2106 1401 2171 Λαός
1433 2123 1572 2174 μου,
1605 2109 1655 2157 οἱ
1680 2103 1820 2173 πρά-

167 2210 386 2259 κτορες
411 2193 575 2261 ὑμῶν
598 2192 976 2261 καλαμῶνται
1001 2189 1176 2261 ὑμᾶς.
1199 2193 1310 2245 Καὶ
1330 2191 1436 2261 γάρ
1460 2191 1828 2259 κατηγόρησεν

168 2275 422 2337 ἐκείνων,
455 2275 546 2328 καὶ
569 2275 642 2338 ὡς
674 2275 952 2342 συναλγῶν
980 2276 1059 2345 τῷ
1086 2276 1241 2346 δήμῳ
1265 2273 1437 2328 ταῦτα
1467 2274 1638 2341 ἔλεγε.
1679 2273 1826 2346 Πρά-

167 2377 377 2428 κτορας
405 2361 460 2412 δέ
502 2361 731 2413 ἐνταῦθα
771 2361 918 2414 δοκεί
945 2362 1046 2432 μὲν
1080 2363 1203 2423 τοὺς
1233 2359 1590 2422 ἀπαιτοῦντας
1621 2359 1825 2426 λέγειν·

167 2446 288 2513 ἐγὼ
336 2447 390 2499 δέ
435 2445 586 2516 οἶμαι
617 2449 744 2511 τοὺς
793 2450 1068 2518 ἅρπαγας,
1119 2449 1242 2511 τοὺς
1277 2447 1602 2509 πλεονέκτας
1650 2447 1828 2498 αὐτῶν

168 2534 540 2586 αίνίττεσθαι·
577 2538 626 2586 εί
653 2535 709 2587 δὲ
745 2535 818 2606 μὴ
854 2535 1032 2600 τοῦτο,
1061 2535 1198 2588 ἀλλά
1220 2536 1342 2598 τοὺς
1385 2533 1826 2602 φορολογοῦντας.

169 2619 326 2690 Ὅρα
353 2620 512 2672 αὐτοῦ
551 2621 825 2673 κάνταῦθα
852 2623 948 2690 τήν
978 2621 1208 2674 σύνεσιν.
1246 2620 1320 2673 Οὐ
1364 2620 1471 2688 γάρ
1508 2620 1567 2672 16
1600 2621 1829 2689 πρᾶγμα

168 2705 452 2770 ἐκϐάλλει,
482 2706 615 2759 ἀλλά
642 2707 739 2776 τήν
762 2706 1048 2777 ἀμετρίαν.
1071 2707 1144 2760 Ού
1167 2707 1272 2776 γὰρ
1295 2701 1466 2768 εἶπεν,
1488 2705 1828 2770 ἀπαιτοῦσιν,

167 2792 348 2856 ἀλλὰ,
394 2791 810 2860 Καλαμῶνται,
847 2795 1111 2856 τουτέστι,
1160 2791 1422 2862 γυμνοῦσι
1473 2792 1580 2844 τῶν
1636 2792 1826 2856 ὄντων,

168 2877 571 2948 ἀποστεροῦσιν
618 2879 872 2932 ἀπάντων
925 2881 1272 2949 προσχήματι
1314 2882 1412 2948 τῆς
1462 2880 1826 2948 ἀπαιτήσεως.

170 2965 398 3033 Ταύτην
426 2966 482 3017 δὲ
514 2965 702 3036 εἴρηκε
730 2966 826 3036 τὴν
853 2967 995 3030 λέξιν
1028 2967 1136 3020 ἀπὸ
1177 2968 1484 3036 μεταφορᾶς
1516 2967 1623 3018 τῶν
1670 2966 1832 3019 καλα-

173 3051 427 3120 μὼντων.
467 3053 827 3121 Καλαμᾶωθαι
856 3053 964 3122 γάρ
994 3052 1210 3121 λέγεται
1246 3054 1306 3104 τὸ
1341 3058 1476 3122 μετά
1506 3053 1594 3104 τὸν
1625 3053 1828 3121 ἀμητὺν

167 3139 303 3200 τοὺς
341 3139 669 3201 ἐκπεσόντας
716 3141 779 3191 ἐκ
820 3139 926 3190 τῶν
971 3139 1289 3209 θεριζόντων
1336 3141 1604 3208 ἀστάχυας
1643 3140 1829 3191 ἀναλέ-

170 3225 391 3289 γεσθαι,
428 3226 518 3276 καὶ
566 3225 730 3294 μηδὲν
761 3225 894 3287 ὅλως
925 3236 952 3264 ι
987 3226 1080 3277 ἐπὶ
1117 3226 1216 3294 τῆς
1262 3227 1497 3296 ἀρούρας
1525 3227 1773 3293 ἀφιέναι·
1802 3226 1830 3278 6

172 3312 239 3381 δὴ
273 3313 368 3362 καὶ
388 3310 510 3363 τότε
533 3309 676 3364 οὗτοι
704 3311 938 3372 ἐποίουν,
953 3310 1221 3382 ὁλόκληρα
1236 3312 1302 3363 τὰ
1324 3313 1448 3364 δντα
1473 3313 1825 3381 ἁρπάζοντες,

173 3400 272 3450 καὶ
306 3399 546 3468 γυμνοὺς
575 3399 818 3466 ἀφιέντες
851 3398 1064 3460 αὐτούς.
1101 3399 1210 3452 Καὶ
1232 3402 1284 3451 οί
1315 3398 1703 3465 ἀπαιτοῦντες
1736 3418 1832 3453 κυ-

161 3490 487 3556 ριεύουσιν
529 3487 712 3556 ὑμῶν.
747 3489 854 3540 Καὶ
881 3487 942 3538 16
970 3486 1035 3558 δὴ
1066 3487 1193 3557 χαλε
1207 3487 1458 3557 νεώτερον,
1492 3489 1572 3539 ὅτι
1599 3488 1716 3540 ούδέ
1748 3491 1831 3541 ἐν·

167 3574 345 3628 ταῦθα
371 3577 471 3644 τῆς
499 3573 803 3635 πλεονεξίας
829 3573 1062 3636 ἵσταντο,
1088 3573 1220 3626 ἀλλά
1249 3574 1341 3626 καὶ
1372 3575 1678 3643 περαιτέρω
1709 3591 1830 3643 προ-

170 3662 306 3730 ῆγον
327 3661 430 3726 τὴν
461 3659 770 3730 τυραννίδα,
799 3659 1015 3721 δούλους
1035 3660 1160 3721 τοὺς
1188 3659 1499 3728 ἐλευθέρους
1533 3660 1826 3721 ποιοῦντες.

170 3748 330 3810 Λαός
367 3764 514 3814 μου,
549 3749 604 3798 vl
632 3746 1053 3813 μακαρίζοντες
1085 3744 1260 3813 ὑμᾶς,
1299 3746 1610 3798 alar-(Law
1653 3744 1826 3813 ὑμᾶς.

182 3832 451 3886 Ἐνταῦθά
487 3849 576 3901 μοι
611 3832 732 3893 τοὺς
760 3831 1205 3900 ψευδοπροφήτας
1237 3831 1561 3883 αἰνίττεσθαι
1586 3832 1751 3894 δοκεῖ,
1795 3833 1827 3901 ἢ

169 3920 297 3980 τοὺς
329 3917 470 3988 πρὸς
505 3915 661 3986 χάριν
710 3918 890 3980 αὐτοῖς
930 3917 1363 3986 διαλεγομένους,
1400 3916 1427 3968 6
1457 3917 1554 3986 τῆς
1598 3918 1830 3986 ἐσχάτης

169 4005 475 4073 διαφθοράς
507 4004 674 4056 αἴτιον
704 4003 910 4070 γίνεται
942 4004 1236 4073 πανταχοῦ.
1269 4005 1378 4072 Τὴν
1403 4004 1529 4070 γοῦν
1554 4005 1618 4056 ἐκ
1643 4005 1828 4056 τούτου

172 4092 383 4163 βλάϐην
415 4091 592 4160 δηλῶν
641 4092 907 4160 ἐπήγαγε,
951 4091 1060 4144 Καὶ
1092 4091 1206 4158 τὴν
1235 4093 1432 4158 τρίϐον
1471 4090 1584 4142 τῶν
1632 4091 1832 4143 ποδῶν

169 4179 340 4244 ὑμῶν
360 4179 738 4246 ταράσσουσι
755 4193 767 4205 ·
796 4177 1083 4234 τουτέστιν.
1116 4179 1215 4228 ούκ
1238 4177 1395 4227 ἐῶσιν
1418 4177 1550 4246 ὀρθά
1578 4176 1828 4244 βαδίζειν,

169 4265 623 4334 διαστρέφοντες,
677 4263 998 4325 ἐκλύοντες,
1062 4261 1459 4333 ῥᾳθυμοτέρως
1531 4260 1826 4322 ποιοῦντες.

253 4351 434 4404 Ἀλλὰ
463 4349 580 4402 νῦν
610 4349 1048 4417 καταστήσεται
1095 4352 1182 4415 εὶς
1214 4349 1417 4416 κρίσιν
1463 4349 1694 4415 Κύριος,
1734 4349 1831 4400 καί

168 4440 393 4507 στήσει
419 4442 510 4502 εις
536 4439 736 4505 κρίσιν
765 4439 868 4491 τὸν
899 4439 1054 4492 λαὸν
1076 4439 1260 4492 αὑτοῦ
1282 4455 1294 4467 ⁸
1325 4439 1504 4502 αὐτὸς
1520 4440 1730 4505 Κύριος
1745 4442 1831 4504 εὶς

170 4531 383 4594 κρίσιν
416 4526 552 4594 ἡξει
593 4525 882 4594 μετὰτῶν
921 4527 1335 4595 πρεσϐυτέρων
1372 4525 1477 4578 τοῦ
1520 4527 1693 4588 λαοῦ,
1735 4527 1830 4578 καί

162 4615 318 4682 μετὰ
346 4612 469 4666 τῶν
494 4615 800 4682 ἀρχόντων
825 4613 1041 4666 αὐτῶν.
1078 4615 1197 4666 Ἔτι
1219 4614 1296 4682 τῷ
1326 4613 1470 4682 αύτῷ
1493 4613 1620 4665 εῖδει
1638 4613 1829 4681 ἐπιμέ-

167 4712 253 4746 νει
280 4695 383 4763 τῆς
411 4693 768 4764 διορθώσεως,
814 4695 920 4745 ἀπὸ
964 4694 1056 4746 τοῦ
1086 4694 1254 4764 δήμου
1287 4694 1422 4762 πρὸς
1453 4694 1576 4755 τοὺς
1601 4710 1831 4764 γεγηραο

167 4780 340 4842 κότας
389 4781 487 4832 καὶ
522 4781 648 4842 τοὺς
680 4779 946 4848 ἄρχοντας
993 4781 1209 4850 τρέπων
1238 4779 1334 4847 τὴν
1365 4779 1698 4847 ἐπιτίμησιν,
1739 4781 1831 4831 καὶ

167 4866 550 4938 φοϐερώτερον
583 4864 970 4934 μεταχειρίζων
997 4867 1087 4918 16v
1111 4865 1265 4932 λόγον
1285 4882 1298 4894 ·
1323 4864 1436 4936 [41]
1467 4865 1625 4917 αὑτὸν
1645 4866 1701 4918 δέ
1729 4867 1829 4918 είσο

161 4955 293 5017 άγει
326 4952 418 5004 τὸν
444 4951 576 5004 Θεὸν
601 4951 947 5020 δικαζόμενον
983 4953 1078 5005 καὶ
1107 4950 1547 5013 καταδικάζοντα,
1578 4954 1668 5003 καὶ
1695 4953 1830 5022 ὑπὲρ

161 5035 278 5086 τῶν
319 5033 403 5094 εἰς
438 5033 530 5084 τὸν
577 5032 744 5102 δῆμον
777 5033 1185 5103 ἁμαρτημάτων
1220 5033 1550 5100 ἐγκαλοῦντα
1587 5037 1698 5096 τοῖς
1740 5035 1830 5086 16v

160 5118 346 5186 δῆμον
373 5116 617 5168 ἀδικοῦσι
645 5115 694 5167 ιι.
726 5116 815 5167 Διὸ
834 5117 925 5169 καὶ
950 5116 1132 5182 ἔλεγεν
1151 5132 1164 5145 °
1204 5117 1378 5168 Ἀλλὰ
1399 5115 1514 5168 νῦν
1537 5115 1831 5183 καταστή-

160 5219 343 5255 σεται
367 5205 455 5268 είς
485 5202 688 5270 κρίσιν
721 5203 952 5268 Κύριος.
996 5203 1214 5270 Ἐπειδὴ
1256 5203 1364 5270 γὰρ
1389 5203 1468 5263 είς
1515 5201 1831 5270 ἐγκλήματα

161 5290 260 5340 τὸν
272 5288 433 5354 λόγον
450 5289 714 5358 ἀνήλωσε,
732 5292 843 5350 τοῖς
855 5288 913 5340 δέ
930 5287 1264 5357 ἀναισθήτως
1280 5286 1638 5356 διακειμένοις
1655 5287 1714 5339 16
1733 5289 1829 5356 μέν

160 5375 524 5445 ἐγκαλεῖσθαι
549 5378 611 5429 οὐ
648 5376 850 5447 σφόδρα
877 5375 1036 5446 βαρὺ,
1066 5375 1128 5428 τὸ
1153 5376 1209 5429 δὲ
1231 5373 1548 5438 κολάζεσθαι
1581 5374 1706 5444 φοϐε
1717 5378 1825 5444 ρον,

232 5561 263 5622 ἒ
285 5561 411 5622 Reg.
436 5565 490 5609 et
509 5560 660 5610 Savil.
683 5560 765 5608 καὶ
784 5560 925 5622 μηδὲν
942 5560 1106 5622 οὕτως.

230 5621 482 5688 [Ιώ-81..-
493 5623 592 5688 τοῖς
611 5622 702 5688 τὸν.
719 5623 866 5682 δῆμον
883 5621 1118 5688 ἀδικοῦσι,
1145 5627 1298 5671 recte.
1330 5625 1450 5688 Reg.
1476 5633 1528 5676 et
1563 5627 1708 5676 Savﬂ.
1733 5626 1831 5683 τοῖς

160 5683 250 5730 τὸν
269 5683 419 5741 δῆμον
435 5682 661 5743 ἀλγοῦσιο
689 5683 739 5729 In
761 5696 870 5741 qum
909 5683 1049 5731 verba
1068 5683 1192 5743 dhzec
1216 5693 1350 5734 notat
1391 5682 1598 5736 Sumus
1623 5702 1634 5734 :
1664 5708 1687 5730 «
1715 5682 1829 5736 Boi;

159 5746 274 5792 sius
295 5744 416 5808 legjl
437 5741 712 5808 ἀλγύνουσι,
733 5744 825 5808 μοις
847 5749 917 5808 εει
943 5741 1160 5808 λυποῦσι.
1188 5745 1310 5793 Malo
1334 5748 1520 5808 ἄγουσι,
1545 5750 1632 5796 hoc
1652 5757 1726 5795 est
1745 5751 1829 5805 δη-

161 5803 464 5914 ῗὶγωγοῦσι.
484 5803 781 5852 »Βιιιιιιιαιο
803 5805 1058 5854 lectionem
1091 5804 1298 5867 Morelli,
1339 5803 1480 5868 qinum
1507 5803 1656 5858 habet
1679 5803 1826 5860 etiam

243 5879 427 5915 uncus
459 5867 635 5915 cudcx.

243 5879 427 5915 uncus
459 5879 635 5915 00.0!-

1937 462 2118 530 φησὶν,
2148 463 2228 514 ὅτι
2256 461 2316 513 οὐ
2351 460 2510 530 μέχρι
2541 463 2867 532 κατηγορίας
2887 465 2953 518 τά
2985 468 3280 542 πράγματα
3307 476 3576 544 στήσεται,

1937 550 2071 633 ἀλλὰ
2103 551 2196 601 καὶ
2225 549 2345 633 δίκη
2371 553 2484 633 τοῖς
2509 550 2894 633 ἁμαρτήμασιν
2915 553 3119 623 ἕψεται,
3144 559 3309 613 αὐτοῦ
3339 561 3433 615 τοῦ
3459 565 3578 633 μέλ·

1939 632 2120 692 λοντος
2153 631 2534 693 καταδικάζειν
2567 632 2792 696 εὐθύνας
2836 634 3017 689 λοιπὸν
3061 639 3434 710 ἀπαιτοῦντος,
3461 631 3580 700 καὶ

1933 718 2250 804 κρινομένου
2296 717 3187 804 πρὸςᾲτοὺςῨπεπλημμεληκότας.
3228 729 3293 780 '0
3338 733 3431 783 καὶ
3483 733 3580 804 τήν

1937 803 2338 870 συγκατάϐασιν
2370 801 2462 854 τοῦ
2507 803 2640 855 Θεοῦ
2690 805 2888 875 πολλὴν
2915 807 3199 877 δείκνυσιν,
3253 801 3578 887 ἀνεχομένου

1933 889 2246 950 δικάζεσθαι
2285 890 2398 957 μετ’
2430 888 2669 952 ἐκείνων,
2706 892 2798 943 καὶ
2831 895 3175 963 ἐντρεπτικὸν
3203 903 3348 953 ποιεῖ
3381 903 3471 955 τὸν
3495 905 3582 958 λό-

1934 993 2046 1059 γον,
2072 977 2218 1059 ὃμκαὶ
2243 978 2365 1037 τοὺς
2394 975 2516 1027 νοῦν
2535 976 2752 1045 ἔχοντας
2774 979 2854 1040 είς
2881 979 3118 1052 μεγάλην
3141 984 3376 1051 ἀγωνίαν
3411 989 3580 1059 ἐμϐα-

1932 1058 2040 1109 λεῖν
2062 1057 2267 1145 εἴωθεν.
2294 1060 2406 1110 υύκ
2425 1059 2638 1128 ἐκείνης
2657 1061 2711 1112 δὲ
2736 1061 2917 1115 ἕνεκεν
2939 1065 3033 1133 τῆς
3061 1067 3257 1132 αίτίας,
3279 1066 3347 1140 ἧς
3375 1057 3579 1145 ἐμπρο-

1936 1144 2058 1196 σθεν
2087 1141 2259 1205 εἷπον,
2295 1145 2430 1214 πρὸς
2459 1146 2584 1208 τοὺς
2612 1146 2875 1215 ἄρχοντας
2916 1151 3010 1202 καὶ
3049 1151 3172 1215 τοὺς
3204 1141 3580 1226 γεγηρακότας

1932 1233 2122 1300 τρέπει
2159 1231 2249 1283 τὸν
2280 1231 2455 1298 λόγον,
2493 1233 2628 1285 ἀλλά
2661 1235 2750 1285 καὶ
2779 1233 3040 1288 διδάσκων
3074 1239 3333 1306 ἅπαντας,
3368 1244 3449 1297 ὅτι
3483 1246 3580 1315 βα-

1933 1321 2154 1389 ρύτεραι
2187 1317 2294 1370 τῶν
2326 1319 2644 1388 ἀρχομένων
2690 1323 2802 1383 τοῖς
2839 1321 3092 1391 ἄρχουσιν
3142 1328 3195 1379 αί
3241 1328 3476 1386 εὐθῦναι.
3521 1333 3578 1386 '0

1935 1404 2032 1472 μὲν
2062 1404 2169 1474 γάρ
2218 1403 2356 1472 ὑπὲρ
2382 1405 2573 1456 ἐαυτοῦ
2611 1407 2788 1473 μόνον,
2818 1410 2846 1458 6
2877 1409 2932 1460 δέ
2959 1412 3097 1479 ὑπὲρ
3129 1411 3320 1466 ἐαυτοῦ
3349 1418 3441 1470 καὶ
3485 1420 3579 1472 τοῦ

1931 1490 1990 1558 δή
2002 1507 2123 1559 μου,
2148 1484 2207 1542 οὖ
2227 1491 2325 1560 τὴν
2346 1491 2518 1562 ἀρχὴν
2552 1492 3021 1562 ἐγκεχειρισμένος
3045 1500 3320 1567 τυγχάνει,
3353 1506 3577 1576 παρέχει

1930 1577 2019 1629 τὸν
2041 1577 2196 1666 λόγον
2216 1594 2228 1607 ·
2251 1579 2353 1666 καὶ.
2368 1581 2415 1630 οί
2433 1580 2786 1650 πρεσϐύτεροι
2805 1582 2860 1634 δὲ
2882 1585 2980 1636 οὐκ
3001 1587 3298 1653 ἀπεικότως
3318 1594 3580 1666 τοσαύτην

1930 1665 2285 1751 ἀπαιτοῦνται
2306 1664 2404 1735 τήν
2436 1666 2737 1736 ἀκρίϐειαν.
2765 1668 2942 1738 Ὅπερ
2969 1671 3075 1742 γὰρ
3101 1674 3325 1739 ἐκείνοις
3356 1681 3390 1748 ή
3414 1664 3576 1751 ἀρχή,

1929 1750 2084 1802 τοῦτο
2109 1751 2314 1814 τούτοις
2343 1754 2374 1820 ή
2417 1752 2619 1822 ήλικία.
2654 1753 2832 1817 Ἀξιος
2867 1756 2963 1822 μὲν
2996 1760 3104 1828 γὰρ
3137 1763 3228 1813 καὶ
3252 1765 3279 1814 6
3321 1765 3435 1828 νέος
3460 1750 3578 1819 ἐπέ.

1929 1839 2198 1907 τιμήσεως
2238 1839 2385 1890 δεινά
2411 1840 2765 1909 ἁμαρτάνων·
2799 1843 2828 1893 6
2871 1843 3046 1914 δὲτὴν
3095 1847 3199 1898 ἀπὸ
3231 1849 3326 1918 τῆς
3366 1852 3578 1921 ἡλικίας

1930 1925 2172 1976 ἀτέλειαν
2202 1925 2359 1994 έχων,
2391 1931 2482 1978 καὶ
2506 1927 2776 1991 τοσούτοις
2807 1930 2993 1982 παθῶν
3031 1933 3089 1984 ού
3130 1934 3577 2008 πολιορκούμενος

1931 2007 2186 2078 κύμασιν,
2222 2009 2355 2061 ἀλλὰ
2379 2011 2472 2062 καὶ
2497 2016 2789 2081 σωφρονεῖν
2817 2015 3193 2089 εὐκολώτερον,
3226 2023 3317 2073 καὶ
3343 2007 3450 2077 τῶν
3481 2027 3574 2078 άλ-

1930 2094 2035 2146 λων
2055 2095 2339 2164 ἀνέχεσθαι
2353 2097 2460 2150 τῶν
2477 2097 2740 2166 βιωτικῶν
2764 2103 2892 2171 ῥᾷον
2910 2101 3220 2173 δυνάμενος,
3249 2109 3340 2160 καὶ
3359 2111 3577 2166 πλείονα

1932 2182 2262 2251 κεκτημένος
2282 2182 2492 2236 σύνεσιν
2519 2184 2626 2237 ἀπὸ
2649 2185 2746 2254 τῆς
2769 2187 2874 2238 τῶν
2899 2191 3233 2259 πραγμάτων
3266 2196 3574 2266 ἐμπειρίας,

1928 2268 2149 2331 δικαίως
2177 2269 2242 2321 ἂν
2269 2270 2467 2338 μᾶλλον
2495 2272 2746 2326 ἁπάντων
2775 2275 3202 2342 καταδικάζοιτο,
3219 2281 3286 2334 τά
3314 2282 3421 2335 τῶν
3449 2286 3579 2339 ἀκο-

1930 2356 2136 2411 λάστων
2169 2358 2302 2410 νέων
2333 2359 2391 2410 ἐν
2422 2359 2569 2429 γήρα
2600 2360 3056 2432 ἐπιδεικνύμενοςτ
3089 2366 3268 2434 Ὑμεῖς
3306 2368 3374 2422 δὲ
3405 2372 3462 2423 τί
3485 2371 3580 2424 ἐν-

1927 2443 2248 2509 επυρίσατε
2275 2443 2380 2495 τὸν
2422 2444 2743 2512 ἀμπελῶνά
2795 2463 2934 2514 μου,
2965 2451 3064 2501 καί
3106 2453 3138 2518 η
3184 2453 3418 2523 ἁρπαγὴ
3471 2456 3581 2511 τοῦ

1928 2527 2166 2597 πτωχοῦ
2189 2530 2258 2582 ἐν
2287 2529 2408 2594 τοῖς
2429 2532 2615 2596 οἴκοις
2635 2531 2799 2599 ὑμῶν
2813 2550 2832 2596 ;
2863 2535 3142 2606 Πανταχοῦ
3169 2538 3246 2608 τῷ
3266 2539 3382 2610 Θεῷ
3411 2543 3580 2615 πολλὴ

1927 2615 2036 2666 τῶν
2063 2616 2430 2686 ἀδικουμένων
2459 2621 2491 2686 ή
2520 2620 2741 2688 πρόνοια
2761 2636 2772 2649 ·
2804 2623 2895 2674 καὶ
2920 2624 3028 2676 τῶν
3048 2626 3127 2687 είς
3155 2626 3314 2679 αὑτὸν
3337 2629 3579 2700 ἀμαρτηο

1932 2703 2114 2790 μάτων
2147 2704 2245 2790 οὐκ
2276 2703 2535 2790 έλαττον,
2582 2705 2694 2758 ἀλλ’
2742 2706 2888 2761 ἐστιν
2923 2709 3056 2761 ὅπου
3095 2713 3186 2765 καὶ
3241 2713 3397 2768 πλέον
3435 2733 3576 2790 παρ-

1930 2786 2175 2851 οξύνεται
2196 2789 2334 2858 ὑπὲρ
2351 2789 2459 2842 τῶν
2482 2791 2563 2854 είς
2590 2793 2715 2854 τοὺς
2733 2793 3052 2863 ὁμοδούλους
3077 2786 3575 2870 πλημμελημάτων.

1931 2875 2039 2926 Καὶ
2063 2875 2172 2946 γάρ
2199 2875 2291 2928 16v
2319 2875 2418 2944 μὲν
2454 2876 2658 2947 πόρνην
2684 2877 2874 2949 ἔχοντα
2902 2884 3133 2949 γυναῖκα
3171 2885 3449 2940 ἐκϐάλλειν
3481 2890 3578 2942 ἐπ-

1930 2959 2142 3031 έτρεψε,
2176 2961 2266 3014 τὸν
2289 2961 2344 3015 δὲ
2375 2963 2650 3033 Ἑλληνίδα
2678 2967 2858 3020 οὐκέτι
2883 2978 2905 3007 ο
2931 2984 2944 2996 ·
2964 2970 3138 3022 καίτοι
3165 2972 3226 3023 16
3261 2973 3358 3041 μὲν
3386 2977 3463 3038 είς
3484 2977 3581 3028 αύ-

1929 3047 2036 3111 τὸν,
2051 3048 2108 3099 16
2131 3048 2187 3100 δὲ
2208 3050 2286 3112 είς
2307 3050 2587 3120 ἄνθρωπον
2599 3054 2658 3105 16
2677 3055 2995 3126 ἁμάρτημα.
3011 3059 3118 3111 Καὶ
3131 3062 3226 3130 τῆς
3243 3061 3427 3127 θυσίας
3449 3084 3581 3134 προσ

1930 3135 2645 3223 κειμένης,καταλιμπάνειν
2668 3143 2727 3193 16
2745 3143 2911 3212 δῶρον
2932 3145 3201 3210 ἐκέλευσε,
3233 3150 3324 3201 καὶ
3352 3151 3424 3220 μὴ
3448 3155 3580 3223 πρό-

1928 3237 1984 3271 τε
1994 3238 2082 3288 ρον
2112 3222 2239 3275 αὐτὸ
2258 3226 2570 3293 προσάγειν,
2584 3228 2686 3291 ἕως
2702 3227 2766 3280 ἂν
2797 3231 2862 3283 τὰ
2891 3231 3024 3300 πρὸς
3038 3233 3128 3285 τὸν
3149 3234 3370 3304 ἀδελφὸν
3392 3233 3450 3291 εὖ
3469 3222 3578 3291 δια-

1931 3307 2088 3396 θῆναι
2116 3313 2143 3360 6
2167 3310 2257 3362 16v
2287 3311 2510 3378 πλησίον
2534 3314 2867 3386 λελυπηκὼς.
2895 3319 3004 3371 Καὶ
3031 3320 3188 3389 ήνίκα
3213 3323 3304 3374 τὸν
3327 3324 3395 3377 τά
3416 3326 3580 3396 μύρια

1928 3395 2160 3447 τάλαντα
2196 3398 2585 3466 κατεδηδοκότα
2617 3401 2848 3470 ἔκρινεν,
2889 3404 3026 3474 ὑπὲρ
3065 3407 3161 3474 μὲν
3185 3409 3290 3461 τῶν
3319 3412 3396 3472 εἰς
3419 3395 3580 3466 αὐτὸν

1930 3480 2174 3547 ἐγκαλῶν
2196 3484 2630 3553 ἁμαρτημάτων,
2655 3486 2774 3538 οὔτε
2792 3489 3024 3558 πονηρὸν
3041 3491 3314 3557 ἐκάλεσεν,
3335 3494 3467 3548 ἀλλά
3489 3500 3579 3551 καὶ

1930 3569 2243 3656 κατηλλάγη
2274 3573 2502 3640 ταχέως,
2533 3575 2625 3624 καὶ
2655 3574 2714 3624 τὸ
2747 3574 2952 3626 δάνειον
2995 3576 3138 3629 ἀπαν
3169 3579 3377 3649 ἀφῆκεν
3401 3599 3415 3612 ·
3441 3585 3578 3656 ὑπὲρ

1930 3652 1986 3704 δέ
2014 3654 2120 3704 τῶν
2154 3655 2345 3707 ἑκατὸν
2374 3657 2660 3727 δηναρίων,
2692 3660 2785 3710 καὶ
2810 3663 3042 3730 πονηρὸν
3071 3663 3250 3717 δοῦλον
3280 3671 3452 3730 καλεῖ,
3484 3652 3578 3723 καὶ

1929 3743 2041 3801 τοῖς
2091 3740 2442 3809 βασανισταῖς
2475 3745 2824 3814 παραδίδωσι,
2868 3747 3048 3800 καὶού
3077 3751 3336 3822 πρότερον
3380 3753 3579 3826 ἔφησεν

1931 3827 2173 3896 ἀνήσειν,
2201 3827 2306 3890 ἕως
2330 3829 2473 3882 ἆπαν
2505 3831 2686 3900 ἀποδῷ
2719 3832 2780 3884 τὸ
2810 3833 2985 3903 χρέος.

2000 3915 2062 3977 ζ’.
2101 3915 2209 3966 Καὶ
2244 3916 2401 3984 ήνίκα
2449 3916 2548 3986 μὲν
2574 3918 2730 3978 αὐτὸς
2755 3919 3075 3988 ἐῤῥαπίζετο
3098 3924 3126 3975 6
3149 3923 3396 3992 Χριστὸς,
3427 3928 3576 3983 οὐδὲν

1930 3999 2018 4050 τὸν
2053 4000 2232 4053 δοῦλον
2267 4002 2559 4070 εἰργάσατο
2583 4003 2671 4054 τὸν
2693 4005 2788 4074 τὴν
2817 4004 3026 4077 πληγὴν
3051 4010 3410 4079 ἐπαγαγόντα,
3441 4015 3574 4070 ἀλλά

1934 4087 2026 4138 καὶ
2054 4087 2242 4156 πράως
2272 4089 2602 4157 ἀπεκρίνατο
2631 4088 2801 4157 λέγων
2824 4107 2837 4120 ·
2857 4095 2926 4144 Εί
2942 4092 3059 4160 μὲν
3081 4096 3272 4162 κακῶς
3288 4097 3407 4172 [42]
3435 4103 3574 4156 ἐλά-

1928 4175 2109 4237 λησα,
2139 4175 2526 4241 μαρτύρησον
2561 4176 2692 4242 περί
2719 4177 2824 4230 τοῦ
2848 4180 3063 4232 κακοῦ·
3095 4185 3146 4235 εί
3168 4182 3235 4235 δὲ
3273 4185 3489 4252 καλῶς,
3520 4190 3575 4242 τι

1924 4275 2000 4325 με
2026 4259 2247 4326 δέρεις;
2278 4261 2406 4313 Ὅτε
2433 4261 2490 4314 δὲ
2519 4264 2546 4315 6
2585 4262 2862 4333 Ἰεροϐοάμ
2889 4266 2986 4336 τὴν
3011 4271 3164 4338 χεῖρα
3194 4271 3432 4336 ἐκτείνας
3453 4277 3572 4328 ἐπι-

1930 4344 2182 4398 λαϐέσθαι
2209 4345 2301 4398 τοῦ
2333 4349 2609 4418 προφήτου
2647 4349 2740 4402 τοῦ
2779 4352 2898 4402 τότε
2931 4353 3241 4420 ἐλέγξαντος
3291 4359 3450 4413 αὐτὸν
3478 4363 3575 4413 ἐπ-

1932 4432 2206 4502 εχείρησε,
2237 4432 2406 4503 ξηρὰν
2434 4434 2533 4503 τὴν
2576 4438 2728 4505 χεῖρα
2757 4438 3065 4505 εἰργάσατο,
3097 4441 3361 4495 παιδεύων
3393 4449 3485 4499 καὶ
3513 4447 3574 4500 σὲ

1928 4517 1996 4570 τά
2032 4519 2128 4588 μὲν
2157 4518 2346 4571 ἐαυτοῦ
2388 4521 2578 4590 πράως
2606 4521 2809 4590 φέρειν.
2848 4523 2914 4576 τά
2954 4524 3010 4576 δέ
3052 4527 3132 4589 είς
3181 4527 3270 4582 τὸν
3300 4533 3573 4604 Δεσπότην

1933 4605 2068 4674 μετὰ
2108 4605 2303 4673 πολλῆς
2344 4605 2577 4658 ἐκδικεῖν
2619 4608 2714 4676 τῆς
2745 4609 3115 4680 σφοδρότητος.
3164 4616 3260 4667 Διά
3293 4617 3449 4670 τοῦτο
3481 4621 3576 4673 καὶ

1931 4689 2252 4773 νομοθετῶν,
2282 4692 2330 4741 εί
2367 4692 2461 4743 καὶ
2487 4693 2742 4762 δευτέραν
2771 4695 2968 4763 ἔφησεν
2993 4697 3090 4766 τὴν
3119 4701 3197 4762 εἰς
3233 4701 3323 4754 τὸν
3350 4703 3574 4773 πλησίον

1930 4771 2148 4840 ἀγάπην
2173 4769 2336 4835 εἶναι,
2363 4774 2477 4826 ἀλλ’
2500 4775 2690 4844 ὁμοίαν
2717 4779 2782 4846 τῇ
2808 4778 3046 4848 προτέρᾳ
3064 4795 3080 4811 ·
3108 4781 3200 4833 καὶ
3227 4783 3411 4853 ὥσπερ
3433 4769 3574 4839 ἐκεί-

1931 4869 2026 4921 νην
2063 4855 2198 4922 μετὰ
2228 4855 2407 4926 πάσης
2437 4855 2656 4908 ἀπαιτεῖ
2676 4857 2775 4926 τῆς
2805 4859 3128 4927 ὑπερϐολῆς,
3159 4860 3298 4914 οὕτω
3327 4866 3419 4916 καὶ
3447 4867 3576 4920 ταύ-

1929 4952 2047 5004 την.
2087 4937 2202 4988 Ἐπ’
2219 4938 2425 4990 ἐκείνου
2443 4938 2548 5007 μέρ
2578 4939 2682 5008 γάρ
2701 4956 2884 5008 φησιν,
2920 4942 3020 5004 Ἐξ
3040 4942 3189 5010 ὅλης
3208 4945 3315 5012 τῆς
3329 4949 3577 5017 καρδίας

1929 5021 2196 5106 σουηκαὶ
2228 5022 2301 5106 ,ἐξ
2353 5023 2498 5089 ὅλης
2530 5023 2641 5090 τῆς
2682 5024 2888 5093 ψυχῆς
2933 5043 3082 5080 σου·
3128 5029 3220 5082 ἐπὶ
3249 5031 3303 5084 δὲ
3352 5034 3571 5106 ταύτης,

1943 5103 2036 5168 Ὠς
2057 5102 2291 5158 ἑαυτόν.
2327 5106 2436 5158 Καὶ
2468 5106 2729 5175 ἑτέρωθεν
2767 5109 2864 5176 μὲν
2889 5108 3209 5178 πολλαχόθεν
3239 5113 3334 5165 ίδοι
3370 5133 3450 5180 τις
3483 5102 3572 5183 ἀν,

1929 5187 2057 5257 ὅσην
2100 5189 2381 5259 ἀκρίϐειαν
2421 5192 2564 5260 ὑπὲρ
2595 5191 2704 5243 τῶν
2731 5194 2866 5263 πρὸς
2894 5194 3148 5266 ἀλλήλους
3184 5199 3328 5268 ήμάς
3356 5201 3576 5258 ἀπαιτεῖ

1927 5273 2146 5328 δικαίων
2183 5279 2212 5329 6
2253 5276 2404 5338 Θεός.
2427 5277 2569 5348 Ὀρα
2600 5280 2729 5346 γοῦν
2754 5281 2914 5333 αὐτὸν
2950 5283 3042 5334 καὶ
3071 5284 3299 5338 ἐνταῦθα
3334 5289 3574 5358 σφοδρῶς

1930 5362 2274 5432 ἐπικείμενον
2299 5364 2391 5415 καὶ
2410 5363 2636 5427 αὔξοντα
2663 5367 2759 5437 τὴν
2783 5369 3108 5439 κατηγορίαν
3141 5369 3450 5441 βαρυτάτοις
3478 5377 3573 5446 ρή-

1933 5465 2093 5518 μασιν
2115 5466 2128 5480 ·
2182 5449 2361 5520 Ὑμεῖς
2397 5451 2485 5519 δὲ,
2517 5453 2670 5523 φησὶ,
2706 5455 2763 5508 τί
2808 5455 3198 5525 ὲνεπυρίσατε
3242 5457 3349 5513 τὸν
3387 5461 3574 5529 ἀμπε-

1989 5752 2203 5827 θΙξΓήνιδέ
2231 5750 2478 5827 Ἑλληνίδα
2499 5755 2913 5827 06111;,gen'ilenz
2938 5771 3047 5810 vero
3065 5773 3215 5827 sequ.
3241 5763 3329 5812 Hic
3352 5779 3440 5827 per
3464 5760 3574 5827 Ἦλις

1927 5812 2365 5890 ληνίὲξαηὶιιιοηέξι
2393 5830 2497 5890 eam
2530 5812 3091 5881 ιιιιω’ίῖ1υιοιυιιιιύἱιυι
3131 5825 3291 5875 dedita
3332 5812 3578 5890 ⁵ἐκιιιιιξνὶιι

1931 5875 2055 5930 ρυειά
2080 5888 2135 5922 cx
2171 5875 2500 5938 scric'liquol.
2549 5875 2562 5881 “
3332 5887 3338 5893 -
