  <div class='ocr_page' id='page_1' title='image "/cluster/home/n/w/nwhite01/storage/ocr_20150623/56/pst.000005712557/055.png"; bbox 0 0 4156 6312; ppageno 0'>
   <div class='ocr_carea' id='block_1_1' title="bbox 769 334 2343 402">
    <p class='ocr_par' dir='ltr' id='par_1_1' title="bbox 769 336 2343 402">
     <span class='ocr_line' id='line_1_1' title="bbox 769 336 2343 402; baseline -0.008 -1"><span class='ocrx_word' id='word_1_1' title='bbox 769 349 836 402; x_wconf 83' lang='grc'><strong>51</strong></span> <span class='ocrx_word' id='word_1_2' title='bbox 1504 340 1558 394; x_wconf 83' lang='grc'><strong>8.</strong></span> <span class='ocrx_word' id='word_1_3' title='bbox 1599 340 1872 394; x_wconf 70' lang='grc' dir='ltr'><strong>,ΙΟᾹΝΝΙΞ</strong></span> <span class='ocrx_word' id='word_1_4' title='bbox 1909 336 2343 394; x_wconf 73' lang='lat' dir='ltr'><strong>CHRYSOSTOM</strong></span> 
     </span>
    </p>
   </div>
   <div class='ocr_carea' id='block_1_2' title="bbox 2449 334 3980 402">
    <p class='ocr_par' dir='ltr' id='par_1_2' title="bbox 2449 334 3980 391">
     <span class='ocr_line' id='line_1_2' title="bbox 2449 334 3980 391; baseline 0.002 -3"><span class='ocrx_word' id='word_1_5' title='bbox 2449 334 2723 388; x_wconf 60' lang='lat' dir='ltr'><strong>iRCIIIEP.</strong></span> <span class='ocrx_word' id='word_1_6' title='bbox 2765 334 3289 391; x_wconf 69' lang='lat' dir='ltr'><strong>CONS’I‘ANTINOP.</strong></span> <span class='ocrx_word' id='word_1_7' title='bbox 3918 337 3980 391; x_wconf 86' lang='lat'><strong>52</strong></span> 
     </span>
    </p>
   </div>
   <div class='ocr_carea' id='block_1_3' title="bbox 775 449 2321 518">
    <p class='ocr_par' dir='ltr' id='par_1_3' title="bbox 775 449 2321 518">
     <span class='ocr_line' id='line_1_3' title="bbox 775 449 2321 518; baseline 0 -13"><span class='ocrx_word' id='word_1_8' title='bbox 775 459 836 505; x_wconf 75' lang='grc' dir='ltr'><strong>Ιιί</strong></span> <span class='ocrx_word' id='word_1_9' title='bbox 869 451 1160 505; x_wconf 82' lang='lat' dir='ltr'><strong>hunn&#39;liabit</strong></span> <span class='ocrx_word' id='word_1_10' title='bbox 1183 451 1317 504; x_wconf 88' lang='lat' dir='ltr'><strong>Deus</strong></span> <span class='ocrx_word' id='word_1_11' title='bbox 1343 451 1706 504; x_wconf 79' lang='lat' dir='ltr'><strong>dominatrices</strong></span> <span class='ocrx_word' id='word_1_12' title='bbox 1748 450 1885 518; x_wconf 81' lang='lat' dir='ltr'><strong>ﬁlias</strong></span> <span class='ocrx_word' id='word_1_13' title='bbox 1920 449 2088 503; x_wconf 87' lang='lat' dir='ltr'><strong>Sion:</strong></span> <span class='ocrx_word' id='word_1_14' title='bbox 2118 460 2166 504; x_wconf 88' lang='lat' dir='ltr'><strong>et</strong></span> <span class='ocrx_word' id='word_1_15' title='bbox 2212 451 2321 505; x_wconf 86' lang='lat' dir='ltr'><strong>Do-</strong></span> 
     </span>
    </p>
   </div>
   <div class='ocr_carea' id='block_1_4' title="bbox 773 542 2321 613">
    <p class='ocr_par' dir='ltr' id='par_1_4' title="bbox 773 542 2321 613">
     <span class='ocr_line' id='line_1_4' title="bbox 773 542 2321 613; baseline 0.001 -17"><span class='ocrx_word' id='word_1_16' title='bbox 773 545 944 596; x_wconf 87' lang='lat' dir='ltr'><strong>minus</strong></span> <span class='ocrx_word' id='word_1_17' title='bbox 974 543 1212 596; x_wconf 77' lang='lat' dir='ltr'><strong>reuelabit</strong></span> <span class='ocrx_word' id='word_1_18' title='bbox 1243 542 1470 594; x_wconf 70' lang='lat' dir='ltr'><strong>habitum</strong></span> <span class='ocrx_word' id='word_1_19' title='bbox 1504 559 1682 597; x_wconf 89' lang='lat' dir='ltr'><strong>earum</strong></span> <span class='ocrx_word' id='word_1_20' title='bbox 1703 544 1758 595; x_wconf 85' lang='lat' dir='ltr'><strong>in</strong></span> <span class='ocrx_word' id='word_1_21' title='bbox 1792 544 1874 596; x_wconf 89' lang='lat' dir='ltr'><strong>die</strong></span> <span class='ocrx_word' id='word_1_22' title='bbox 1895 543 2007 595; x_wconf 87' lang='lat' dir='ltr'><strong>illa.</strong></span> <span class='ocrx_word' id='word_1_23' title='bbox 2031 543 2095 596; x_wconf 87' lang='lat' dir='ltr'><strong>Et</strong></span> <span class='ocrx_word' id='word_1_24' title='bbox 2123 546 2321 613; x_wconf 81' lang='lat' dir='ltr'><strong>auferet</strong></span> 
     </span>
    </p>
   </div>
   <div class='ocr_carea' id='block_1_5' title="bbox 773 633 2326 704">
    <p class='ocr_par' dir='ltr' id='par_1_5' title="bbox 773 633 2326 704">
     <span class='ocr_line' id='line_1_5' title="bbox 773 633 2326 704; baseline 0.001 -19"><span class='ocrx_word' id='word_1_25' title='bbox 773 635 1025 687; x_wconf 82' lang='lat' dir='ltr'><strong>Dominus</strong></span> <span class='ocrx_word' id='word_1_26' title='bbox 1041 634 1261 704; x_wconf 80' lang='lat' dir='ltr'><strong>gloriam</strong></span> <span class='ocrx_word' id='word_1_27' title='bbox 1276 634 1562 687; x_wconf 73' lang='lat' dir='ltr'><strong>vestimenti</strong></span> <span class='ocrx_word' id='word_1_28' title='bbox 1579 650 1780 687; x_wconf 86' lang='lat' dir='ltr'><strong>earum.</strong></span> <span class='ocrx_word' id='word_1_29' title='bbox 1796 633 2010 688; x_wconf 89' lang='lat' dir='ltr'><strong>Duobus</strong></span> <span class='ocrx_word' id='word_1_30' title='bbox 2025 633 2212 702; x_wconf 79' lang='lat' dir='ltr'><strong>positis</strong></span> <span class='ocrx_word' id='word_1_31' title='bbox 2227 633 2326 688; x_wconf 85' lang='lat' dir='ltr'><strong>cri-</strong></span> 
     </span>
    </p>
   </div>
   <div class='ocr_carea' id='block_1_6' title="bbox 775 725 2330 793">
    <p class='ocr_par' dir='ltr' id='par_1_6' title="bbox 775 725 2330 793">
     <span class='ocr_line' id='line_1_6' title="bbox 775 725 2330 793; baseline -0.004 -17"><span class='ocrx_word' id='word_1_32' title='bbox 775 726 1022 788; x_wconf 83' lang='lat' dir='ltr'><strong>minibus,</strong></span> <span class='ocrx_word' id='word_1_33' title='bbox 1062 726 1357 793; x_wconf 85' lang='lat' dir='ltr'><strong>arrogantia</strong></span> <span class='ocrx_word' id='word_1_34' title='bbox 1380 734 1432 778; x_wconf 91' lang='lat' dir='ltr'><strong>et</strong></span> <span class='ocrx_word' id='word_1_35' title='bbox 1459 726 1690 787; x_wconf 81' lang='lat' dir='ltr'><strong>lascivia,</strong></span> <span class='ocrx_word' id='word_1_36' title='bbox 1723 725 1937 792; x_wconf 78' lang='lat' dir='ltr'><strong>singulis</strong></span> <span class='ocrx_word' id='word_1_37' title='bbox 1959 727 2330 789; x_wconf 88' lang='lat' dir='ltr'><strong>congruentem</strong></span> 
     </span>
    </p>
   </div>
   <div class='ocr_carea' id='block_1_7' title="bbox 775 809 2331 882">
    <p class='ocr_par' dir='ltr' id='par_1_7' title="bbox 775 809 2331 882">
     <span class='ocr_line' id='line_1_7' title="bbox 775 809 2331 882; baseline -0.003 -17"><span class='ocrx_word' id='word_1_38' title='bbox 775 816 990 867; x_wconf 87' lang='lat' dir='ltr'><strong>adhibet</strong></span> <span class='ocrx_word' id='word_1_39' title='bbox 1012 815 1320 868; x_wconf 82' lang='lat' dir='ltr'><strong>medicinam</strong></span> <span class='ocrx_word' id='word_1_40' title='bbox 1339 856 1351 877; x_wconf 93' lang='lat'><strong>,</strong></span> <span class='ocrx_word' id='word_1_41' title='bbox 1383 814 1552 882; x_wconf 90' lang='lat' dir='ltr'><strong>primo</strong></span> <span class='ocrx_word' id='word_1_42' title='bbox 1577 814 1821 881; x_wconf 87' lang='lat' dir='ltr'><strong>primam,</strong></span> <span class='ocrx_word' id='word_1_43' title='bbox 1851 809 2083 865; x_wconf 91' lang='lat' dir='ltr'><strong>secundo</strong></span> <span class='ocrx_word' id='word_1_44' title='bbox 2105 822 2331 876; x_wconf 88' lang='lat' dir='ltr'><strong>sequen-</strong></span> 
     </span>
    </p>
   </div>
   <div class='ocr_carea' id='block_1_8' title="bbox 777 899 2330 972">
    <p class='ocr_par' dir='ltr' id='par_1_8' title="bbox 777 899 2330 972">
     <span class='ocr_line' id='line_1_8' title="bbox 777 899 2330 972; baseline -0.003 -16"><span class='ocrx_word' id='word_1_45' title='bbox 777 912 926 957; x_wconf 90' lang='lat' dir='ltr'><strong>tem:</strong></span> <span class='ocrx_word' id='word_1_46' title='bbox 963 906 1306 972; x_wconf 69' lang='lat' dir='ltr'><strong>arrogantiae,</strong></span> <span class='ocrx_word' id='word_1_47' title='bbox 1349 903 1798 966; x_wconf 86' lang='lat' dir='ltr'><strong>humiliationem;</strong></span> <span class='ocrx_word' id='word_1_48' title='bbox 1849 900 2061 954; x_wconf 89' lang='lat' dir='ltr'><strong>ornatui</strong></span> <span class='ocrx_word' id='word_1_49' title='bbox 2102 899 2330 960; x_wconf 83' lang='lat' dir='ltr'><strong>habitus,</strong></span> 
     </span>
    </p>
   </div>
   <div class='ocr_carea' id='block_1_9' title="bbox 777 989 2335 1062">
    <p class='ocr_par' dir='ltr' id='par_1_9' title="bbox 777 989 2335 1062">
     <span class='ocr_line' id='line_1_9' title="bbox 777 989 2335 1062; baseline -0.005 -14"><span class='ocrx_word' id='word_1_50' title='bbox 777 992 938 1062; x_wconf 86' lang='lat' dir='ltr'><strong>ipsius</strong></span> <span class='ocrx_word' id='word_1_51' title='bbox 958 995 1336 1062; x_wconf 87' lang='lat' dir='ltr'><strong>ahreptionem.</strong></span> <span class='ocrx_word' id='word_1_52' title='bbox 1363 994 1528 1057; x_wconf 87' lang='lat' dir='ltr'><strong>Bello,</strong></span> <span class='ocrx_word' id='word_1_53' title='bbox 1555 993 1738 1062; x_wconf 88' lang='lat' dir='ltr'><strong>inquit,</strong></span> <span class='ocrx_word' id='word_1_54' title='bbox 1765 1003 1885 1045; x_wconf 92' lang='lat' dir='ltr'><strong>tunc</strong></span> <span class='ocrx_word' id='word_1_55' title='bbox 1901 999 2138 1059; x_wconf 78' lang='lat' dir='ltr'><strong>urgente,</strong></span> <span class='ocrx_word' id='word_1_56' title='bbox 2162 989 2335 1042; x_wconf 85' lang='lat' dir='ltr'><strong>omnia</strong></span> 
     </span>
    </p>
   </div>
   <div class='ocr_carea' id='block_1_10' title="bbox 778 1080 2329 1150">
    <p class='ocr_par' dir='ltr' id='par_1_10' title="bbox 778 1080 2329 1150">
     <span class='ocr_line' id='line_1_10' title="bbox 778 1080 2329 1150; baseline -0.002 -14"><span class='ocrx_word' id='word_1_57' title='bbox 778 1083 1098 1138; x_wconf 76' lang='lat' dir='ltr'><strong>auferentur.</strong></span> <span class='ocrx_word' id='word_1_58' title='bbox 1157 1085 1285 1150; x_wconf 60' lang='lat' dir='ltr'><strong>Quae</strong></span> <span class='ocrx_word' id='word_1_59' title='bbox 1336 1086 1476 1138; x_wconf 91' lang='lat' dir='ltr'><strong>enim</strong></span> <span class='ocrx_word' id='word_1_60' title='bbox 1526 1084 1794 1136; x_wconf 92' lang='lat' dir='ltr'><strong>tumebant</strong></span> <span class='ocrx_word' id='word_1_61' title='bbox 1840 1090 1893 1136; x_wconf 91' lang='lat' dir='ltr'><strong>et</strong></span> <span class='ocrx_word' id='word_1_62' title='bbox 1937 1080 2329 1148; x_wconf 90' lang='lat' dir='ltr'><strong>superbiebant,</strong></span> 
     </span>
    </p>
   </div>
   <div class='ocr_carea' id='block_1_11' title="bbox 777 1172 2337 1243">
    <p class='ocr_par' dir='ltr' id='par_1_11' title="bbox 777 1172 2337 1243">
     <span class='ocr_line' id='line_1_11' title="bbox 777 1172 2337 1243; baseline -0.002 -17"><span class='ocrx_word' id='word_1_63' title='bbox 777 1185 920 1227; x_wconf 89' lang='lat' dir='ltr'><strong>metu</strong></span> <span class='ocrx_word' id='word_1_64' title='bbox 958 1189 1308 1243; x_wconf 58' lang='lat' dir='ltr'><strong>compressae,</strong></span> <span class='ocrx_word' id='word_1_65' title='bbox 1348 1175 1412 1229; x_wconf 89' lang='lat' dir='ltr'><strong>ab</strong></span> <span class='ocrx_word' id='word_1_66' title='bbox 1452 1175 1549 1228; x_wconf 82' lang='lat' dir='ltr'><strong>hoc</strong></span> <span class='ocrx_word' id='word_1_67' title='bbox 1575 1175 1758 1228; x_wconf 92' lang='lat' dir='ltr'><strong>morbo</strong></span> <span class='ocrx_word' id='word_1_68' title='bbox 1787 1172 2144 1227; x_wconf 88' lang='lat' dir='ltr'><strong>liberabuntur</strong></span> <span class='ocrx_word' id='word_1_69' title='bbox 2176 1187 2188 1224; x_wconf 91' lang='lat'>:</span> <span class='ocrx_word' id='word_1_70' title='bbox 2221 1185 2337 1241; x_wconf 61' lang='lat' dir='ltr'><strong>quae</strong></span> 
     </span>
    </p>
   </div>
   <div class='ocr_carea' id='block_1_12' title="bbox 777 1264 2335 1332">
    <p class='ocr_par' dir='ltr' id='par_1_12' title="bbox 777 1264 2335 1332">
     <span class='ocr_line' id='line_1_12' title="bbox 777 1264 2335 1332; baseline 0 -16"><span class='ocrx_word' id='word_1_71' title='bbox 777 1265 995 1318; x_wconf 90' lang='lat' dir='ltr'><strong>tuollitie</strong></span> <span class='ocrx_word' id='word_1_72' title='bbox 1025 1277 1073 1318; x_wconf 86' lang='lat' dir='ltr'><strong>et</strong></span> <span class='ocrx_word' id='word_1_73' title='bbox 1103 1267 1223 1318; x_wconf 75' lang='lat' dir='ltr'><strong>luxu</strong></span> <span class='ocrx_word' id='word_1_74' title='bbox 1254 1267 1465 1318; x_wconf 84' lang='lat' dir='ltr'><strong>omnino</strong></span> <span class='ocrx_word' id='word_1_75' title='bbox 1485 1265 1808 1330; x_wconf 77' lang='lat' dir='ltr'><strong>diﬂluebant,</strong></span> <span class='ocrx_word' id='word_1_76' title='bbox 1837 1265 1887 1318; x_wconf 89' lang='lat' dir='ltr'><strong>in</strong></span> <span class='ocrx_word' id='word_1_77' title='bbox 1915 1264 2226 1332; x_wconf 83' lang='lat' dir='ltr'><strong>captivitatis</strong></span> <span class='ocrx_word' id='word_1_78' title='bbox 2250 1264 2335 1332; x_wconf 85' lang='lat' dir='ltr'><strong>ju-</strong></span> 
     </span>
    </p>
   </div>
   <div class='ocr_carea' id='block_1_13' title="bbox 777 1356 2139 1423">
    <p class='ocr_par' dir='ltr' id='par_1_13' title="bbox 777 1356 2139 1423">
     <span class='ocr_line' id='line_1_13' title="bbox 777 1356 2139 1423; baseline -0.001 -16"><span class='ocrx_word' id='word_1_79' title='bbox 777 1370 898 1423; x_wconf 87' lang='lat' dir='ltr'><strong>gum</strong></span> <span class='ocrx_word' id='word_1_80' title='bbox 933 1357 1241 1420; x_wconf 80' lang='lat' dir='ltr'><strong>incidentes,</strong></span> <span class='ocrx_word' id='word_1_81' title='bbox 1267 1357 1331 1410; x_wconf 90' lang='lat' dir='ltr'><strong>ab</strong></span> <span class='ocrx_word' id='word_1_82' title='bbox 1353 1357 1492 1409; x_wconf 83' lang='lat' dir='ltr'><strong>omni</strong></span> <span class='ocrx_word' id='word_1_83' title='bbox 1516 1357 1599 1409; x_wconf 91' lang='lat' dir='ltr'><strong>illa</strong></span> <span class='ocrx_word' id='word_1_84' title='bbox 1632 1356 1847 1410; x_wconf 87' lang='lat' dir='ltr'><strong>mollitie</strong></span> <span class='ocrx_word' id='word_1_85' title='bbox 1867 1364 2139 1409; x_wconf 89' lang='lat' dir='ltr'><strong>eruentur.</strong></span> 
     </span>
    </p>
   </div>
   <div class='ocr_carea' id='block_1_14' title="bbox 850 1441 2339 1509">
    <p class='ocr_par' dir='ltr' id='par_1_14' title="bbox 850 1441 2339 1509">
     <span class='ocr_line' id='line_1_14' title="bbox 850 1441 2339 1509; baseline -0.002 -13"><span class='ocrx_word' id='word_1_86' title='bbox 850 1443 1121 1498; x_wconf 76' lang='lat' dir='ltr'><strong>Mulierum</strong></span> <span class='ocrx_word' id='word_1_87' title='bbox 1175 1444 1338 1498; x_wconf 76' lang='lat' dir='ltr'><strong>luxus.</strong></span> <span class='ocrx_word' id='word_1_88' title='bbox 1365 1476 1432 1485; x_wconf 96' lang='lat'><strong>—</strong></span> <span class='ocrx_word' id='word_1_89' title='bbox 1468 1445 1536 1500; x_wconf 90' lang='lat' dir='ltr'><strong>Ut</strong></span> <span class='ocrx_word' id='word_1_90' title='bbox 1582 1454 1756 1499; x_wconf 89' lang='lat' dir='ltr'><strong>autem</strong></span> <span class='ocrx_word' id='word_1_91' title='bbox 1806 1444 2164 1498; x_wconf 90' lang='lat' dir='ltr'><strong>onerosiorem</strong></span> <span class='ocrx_word' id='word_1_92' title='bbox 2211 1441 2339 1509; x_wconf 87' lang='lat' dir='ltr'><strong>ipsis</strong></span> 
     </span>
    </p>
   </div>
   <div class='ocr_carea' id='block_1_15' title="bbox 779 1531 2342 1602">
    <p class='ocr_par' dir='ltr' id='par_1_15' title="bbox 779 1531 2342 1602">
     <span class='ocr_line' id='line_1_15' title="bbox 779 1531 2342 1602; baseline -0.002 -15"><span class='ocrx_word' id='word_1_93' title='bbox 779 1543 982 1588; x_wconf 76' lang='lat' dir='ltr'><strong>texeret</strong></span> <span class='ocrx_word' id='word_1_94' title='bbox 1011 1549 1329 1598; x_wconf 88' lang='lat' dir='ltr'><strong>sermonem,</strong></span> <span class='ocrx_word' id='word_1_95' title='bbox 1363 1544 1414 1588; x_wconf 91' lang='lat' dir='ltr'><strong>et</strong></span> <span class='ocrx_word' id='word_1_96' title='bbox 1443 1534 1738 1588; x_wconf 87' lang='lat' dir='ltr'><strong>auditorum</strong></span> <span class='ocrx_word' id='word_1_97' title='bbox 1770 1543 1994 1586; x_wconf 88' lang='lat' dir='ltr'><strong>mentem</strong></span> <span class='ocrx_word' id='word_1_98' title='bbox 2025 1531 2342 1602; x_wconf 80' lang='lat' dir='ltr'><strong>perstringe-</strong></span> 
     </span>
    </p>
   </div>
   <div class='ocr_carea' id='block_1_16' title="bbox 779 1621 2338 1687">
    <p class='ocr_par' dir='ltr' id='par_1_16' title="bbox 779 1621 2338 1687">
     <span class='ocr_line' id='line_1_16' title="bbox 779 1621 2338 1687; baseline -0.003 -11"><span class='ocrx_word' id='word_1_99' title='bbox 779 1633 1254 1687; x_wconf 81' lang='lat' dir='ltr'><strong>ret,oruatnentum</strong></span> <span class='ocrx_word' id='word_1_100' title='bbox 1279 1625 1496 1677; x_wconf 86' lang='lat' dir='ltr'><strong>vestium</strong></span> <span class='ocrx_word' id='word_1_101' title='bbox 1521 1624 1790 1676; x_wconf 87' lang='lat' dir='ltr'><strong>mulierum</strong></span> <span class='ocrx_word' id='word_1_102' title='bbox 1815 1622 2020 1675; x_wconf 88' lang='lat' dir='ltr'><strong>illarum</strong></span> <span class='ocrx_word' id='word_1_103' title='bbox 2046 1621 2338 1673; x_wconf 84' lang='lat' dir='ltr'><strong>minutatim</strong></span> 
     </span>
    </p>
   </div>
   <div class='ocr_carea' id='block_1_17' title="bbox 778 1709 2340 1780">
    <p class='ocr_par' dir='ltr' id='par_1_17' title="bbox 778 1709 2340 1780">
     <span class='ocr_line' id='line_1_17' title="bbox 778 1709 2340 1780; baseline 0 -16"><span class='ocrx_word' id='word_1_104' title='bbox 778 1721 1052 1776; x_wconf 79' lang='lat' dir='ltr'><strong>recenset,</strong></span> <span class='ocrx_word' id='word_1_105' title='bbox 1082 1719 1202 1780; x_wconf 90' lang='lat' dir='ltr'><strong>puta</strong></span> <span class='ocrx_word' id='word_1_106' title='bbox 1229 1726 1506 1766; x_wconf 78' lang='lat' dir='ltr'><strong>aurcoi-um</strong></span> <span class='ocrx_word' id='word_1_107' title='bbox 1527 1726 1542 1776; x_wconf 90' lang='lat'><strong>;</strong></span> <span class='ocrx_word' id='word_1_108' title='bbox 1567 1711 1688 1780; x_wconf 84' lang='lat' dir='ltr'><strong>quid</strong></span> <span class='ocrx_word' id='word_1_109' title='bbox 1717 1713 1766 1764; x_wconf 92' lang='lat' dir='ltr'><strong>in</strong></span> <span class='ocrx_word' id='word_1_110' title='bbox 1794 1711 1979 1774; x_wconf 88' lang='lat' dir='ltr'><strong>oculis,</strong></span> <span class='ocrx_word' id='word_1_111' title='bbox 2009 1709 2130 1780; x_wconf 87' lang='lat' dir='ltr'><strong>quid</strong></span> <span class='ocrx_word' id='word_1_112' title='bbox 2172 1711 2222 1763; x_wconf 91' lang='lat' dir='ltr'><strong>in</strong></span> <span class='ocrx_word' id='word_1_113' title='bbox 2253 1725 2340 1764; x_wconf 85' lang='lat' dir='ltr'><strong>re-</strong></span> 
     </span>
    </p>
   </div>
   <div class='ocr_carea' id='block_1_18' title="bbox 782 1801 2337 1872">
    <p class='ocr_par' dir='ltr' id='par_1_18' title="bbox 782 1801 2337 1872">
     <span class='ocr_line' id='line_1_18' title="bbox 782 1801 2337 1872; baseline -0.001 -18"><span class='ocrx_word' id='word_1_114' title='bbox 782 1803 925 1870; x_wconf 91' lang='lat' dir='ltr'><strong>liquo</strong></span> <span class='ocrx_word' id='word_1_115' title='bbox 945 1817 1167 1871; x_wconf 84' lang='lat' dir='ltr'><strong>corpore</strong></span> <span class='ocrx_word' id='word_1_116' title='bbox 1195 1818 1208 1855; x_wconf 94' lang='lat'><strong>:</strong></span> <span class='ocrx_word' id='word_1_117' title='bbox 1239 1803 1360 1856; x_wconf 88' lang='lat' dir='ltr'><strong>hinc</strong></span> <span class='ocrx_word' id='word_1_118' title='bbox 1384 1805 1619 1872; x_wconf 78' lang='lat' dir='ltr'><strong>procedit</strong></span> <span class='ocrx_word' id='word_1_119' title='bbox 1641 1803 1704 1856; x_wconf 89' lang='lat' dir='ltr'><strong>ad</strong></span> <span class='ocrx_word' id='word_1_120' title='bbox 1728 1803 1914 1857; x_wconf 88' lang='lat' dir='ltr'><strong>domus</strong></span> <span class='ocrx_word' id='word_1_121' title='bbox 1936 1811 2198 1856; x_wconf 89' lang='lat' dir='ltr'><strong>ornatum.</strong></span> <span class='ocrx_word' id='word_1_122' title='bbox 2225 1801 2337 1854; x_wconf 86' lang='lat' dir='ltr'><strong>Non</strong></span> 
     </span>
    </p>
   </div>
   <div class='ocr_carea' id='block_1_19' title="bbox 780 1893 2341 1962">
    <p class='ocr_par' dir='ltr' id='par_1_19' title="bbox 780 1893 2341 1962">
     <span class='ocr_line' id='line_1_19' title="bbox 780 1893 2341 1962; baseline -0.001 -14"><span class='ocrx_word' id='word_1_123' title='bbox 780 1895 950 1948; x_wconf 87' lang='lat' dir='ltr'><strong>solum</strong></span> <span class='ocrx_word' id='word_1_124' title='bbox 972 1894 1111 1948; x_wconf 89' lang='lat' dir='ltr'><strong>enim</strong></span> <span class='ocrx_word' id='word_1_125' title='bbox 1142 1908 1360 1962; x_wconf 87' lang='lat' dir='ltr'><strong>corpora</strong></span> <span class='ocrx_word' id='word_1_126' title='bbox 1386 1895 1708 1948; x_wconf 88' lang='lat' dir='ltr'><strong>ornamentis</strong></span> <span class='ocrx_word' id='word_1_127' title='bbox 1735 1895 2070 1959; x_wconf 78' lang='lat' dir='ltr'><strong>decorabant,</strong></span> <span class='ocrx_word' id='word_1_128' title='bbox 2092 1893 2183 1948; x_wconf 92' lang='lat' dir='ltr'><strong>sed</strong></span> <span class='ocrx_word' id='word_1_129' title='bbox 2209 1896 2341 1946; x_wconf 89' lang='lat' dir='ltr'><strong>hanc</strong></span> 
     </span>
    </p>
   </div>
   <div class='ocr_carea' id='block_1_20' title="bbox 781 1985 2338 2055">
    <p class='ocr_par' dir='ltr' id='par_1_20' title="bbox 781 1985 2338 2055">
     <span class='ocr_line' id='line_1_20' title="bbox 781 1985 2338 2055; baseline -0.002 -15"><span class='ocrx_word' id='word_1_130' title='bbox 781 1987 1151 2040; x_wconf 77' lang='lat' dir='ltr'><strong>Contumeliam</strong></span> <span class='ocrx_word' id='word_1_131' title='bbox 1182 2001 1345 2054; x_wconf 92' lang='lat' dir='ltr'><strong>usque</strong></span> <span class='ocrx_word' id='word_1_132' title='bbox 1374 1987 1438 2039; x_wconf 92' lang='lat' dir='ltr'><strong>ad</strong></span> <span class='ocrx_word' id='word_1_133' title='bbox 1477 1987 1702 2055; x_wconf 82' lang='lat' dir='ltr'><strong>parietes</strong></span> <span class='ocrx_word' id='word_1_134' title='bbox 1727 1985 2112 2047; x_wconf 82' lang='lat' dir='ltr'><strong>extendebant,</strong></span> <span class='ocrx_word' id='word_1_135' title='bbox 2154 1999 2338 2052; x_wconf 91' lang='lat' dir='ltr'><strong>super-</strong></span> 
     </span>
    </p>
   </div>
   <div class='ocr_carea' id='block_1_21' title="bbox 784 2077 2338 2146">
    <p class='ocr_par' dir='ltr' id='par_1_21' title="bbox 784 2077 2338 2146">
     <span class='ocr_line' id='line_1_21' title="bbox 784 2077 2338 2146; baseline -0.002 -15"><span class='ocrx_word' id='word_1_136' title='bbox 784 2079 901 2133; x_wconf 87' lang='lat' dir='ltr'><strong>lluis</strong></span> <span class='ocrx_word' id='word_1_137' title='bbox 936 2080 1263 2146; x_wconf 89' lang='lat' dir='ltr'><strong>sumptibus;</strong></span> <span class='ocrx_word' id='word_1_138' title='bbox 1303 2087 1357 2132; x_wconf 89' lang='lat' dir='ltr'><strong>et</strong></span> <span class='ocrx_word' id='word_1_139' title='bbox 1394 2078 1695 2132; x_wconf 83' lang='lat' dir='ltr'><strong>calamistro</strong></span> <span class='ocrx_word' id='word_1_140' title='bbox 1740 2077 1956 2145; x_wconf 81' lang='lat' dir='ltr'><strong>capillos</strong></span> <span class='ocrx_word' id='word_1_141' title='bbox 2001 2086 2299 2145; x_wconf 85' lang='lat' dir='ltr'><strong>torquentes</strong></span> <span class='ocrx_word' id='word_1_142' title='bbox 2325 2116 2338 2139; x_wconf 94' lang='lat'><strong>,</strong></span> 
     </span>
    </p>
   </div>
   <div class='ocr_carea' id='block_1_22' title="bbox 783 2166 2342 2236">
    <p class='ocr_par' dir='ltr' id='par_1_22' title="bbox 783 2166 2342 2236">
     <span class='ocr_line' id='line_1_22' title="bbox 783 2166 2342 2236; baseline -0.001 -16"><span class='ocrx_word' id='word_1_143' title='bbox 783 2168 895 2221; x_wconf 84' lang='lat' dir='ltr'><strong>alas</strong></span> <span class='ocrx_word' id='word_1_144' title='bbox 921 2168 938 2198; x_wconf 77' lang='grc' dir='ltr'>ί</span> <span class='ocrx_word' id='word_1_145' title='bbox 979 2167 1279 2235; x_wconf 89' lang='lat' dir='ltr'><strong>hujusmodi</strong></span> <span class='ocrx_word' id='word_1_146' title='bbox 1324 2167 1541 2220; x_wconf 70' lang='lat' dir='ltr'><strong>fallacia:</strong></span> <span class='ocrx_word' id='word_1_147' title='bbox 1572 2168 1762 2236; x_wconf 89' lang='lat' dir='ltr'><strong>ubique</strong></span> <span class='ocrx_word' id='word_1_148' title='bbox 1781 2166 2153 2221; x_wconf 82' lang='lat' dir='ltr'><strong>extendebant.</strong></span> <span class='ocrx_word' id='word_1_149' title='bbox 2198 2167 2342 2219; x_wconf 91' lang='lat' dir='ltr'><strong>llanc</strong></span> 
     </span>
    </p>
   </div>
   <div class='ocr_carea' id='block_1_23' title="bbox 784 2255 2339 2324">
    <p class='ocr_par' dir='ltr' id='par_1_23' title="bbox 784 2255 2339 2324">
     <span class='ocr_line' id='line_1_23' title="bbox 784 2255 2339 2324; baseline -0.001 -15"><span class='ocrx_word' id='word_1_150' title='bbox 784 2257 958 2324; x_wconf 83' lang='lat' dir='ltr'><strong>itaque</strong></span> <span class='ocrx_word' id='word_1_151' title='bbox 987 2257 1209 2309; x_wconf 88' lang='lat' dir='ltr'><strong>intentat</strong></span> <span class='ocrx_word' id='word_1_152' title='bbox 1241 2256 1624 2309; x_wconf 88' lang='lat' dir='ltr'><strong>accusationem</strong></span> <span class='ocrx_word' id='word_1_153' title='bbox 1655 2270 1772 2310; x_wconf 91' lang='lat' dir='ltr'><strong>cum</strong></span> <span class='ocrx_word' id='word_1_154' title='bbox 1802 2256 1928 2314; x_wconf 87' lang='lat' dir='ltr'><strong>dicit</strong></span> <span class='ocrx_word' id='word_1_155' title='bbox 1955 2273 1968 2308; x_wconf 91' lang='lat'><strong>:</strong></span> <span class='ocrx_word' id='word_1_156' title='bbox 2001 2255 2201 2322; x_wconf 76' lang='lat' dir='ltr'><strong>Auferet</strong></span> <span class='ocrx_word' id='word_1_157' title='bbox 2230 2255 2339 2322; x_wconf 88' lang='lat' dir='ltr'><strong>glo-</strong></span> 
     </span>
    </p>
   </div>
   <div class='ocr_carea' id='block_1_24' title="bbox 779 2345 2343 2411">
    <p class='ocr_par' dir='ltr' id='par_1_24' title="bbox 779 2345 2343 2411">
     <span class='ocr_line' id='line_1_24' title="bbox 779 2345 2343 2411; baseline -0.001 -13"><span class='ocrx_word' id='word_1_158' title='bbox 779 2347 908 2399; x_wconf 83' lang='lat' dir='ltr'><strong>riam</strong></span> <span class='ocrx_word' id='word_1_159' title='bbox 929 2347 1203 2400; x_wconf 85' lang='lat' dir='ltr'><strong>uestimenti</strong></span> <span class='ocrx_word' id='word_1_160' title='bbox 1228 2362 1395 2399; x_wconf 88' lang='lat' dir='ltr'><strong>earum</strong></span> <span class='ocrx_word' id='word_1_161' title='bbox 1416 2386 1430 2410; x_wconf 91' lang='lat'><strong>,</strong></span> <span class='ocrx_word' id='word_1_162' title='bbox 1457 2356 1500 2398; x_wconf 89' lang='lat' dir='ltr'><strong>et</strong></span> <span class='ocrx_word' id='word_1_163' title='bbox 1530 2356 1759 2400; x_wconf 86' lang='lat' dir='ltr'><strong>ornatum</strong></span> <span class='ocrx_word' id='word_1_164' title='bbox 1786 2362 1953 2399; x_wconf 89' lang='lat' dir='ltr'><strong>earum</strong></span> <span class='ocrx_word' id='word_1_165' title='bbox 1978 2386 1992 2411; x_wconf 89' lang='lat'><strong>,</strong></span> <span class='ocrx_word' id='word_1_166' title='bbox 2021 2354 2064 2398; x_wconf 90' lang='lat' dir='ltr'><strong>et</strong></span> <span class='ocrx_word' id='word_1_167' title='bbox 2092 2345 2343 2397; x_wconf 76' lang='lat' dir='ltr'><strong>cincinnos</strong></span> 
     </span>
    </p>
   </div>
   <div class='ocr_carea' id='block_1_25' title="bbox 783 2436 2342 2507">
    <p class='ocr_par' dir='ltr' id='par_1_25' title="bbox 783 2436 2342 2507">
     <span class='ocr_line' id='line_1_25' title="bbox 783 2436 2342 2507; baseline -0.002 -16"><span class='ocrx_word' id='word_1_168' title='bbox 783 2453 974 2502; x_wconf 86' lang='lat' dir='ltr'><strong>earum,</strong></span> <span class='ocrx_word' id='word_1_169' title='bbox 1004 2448 1052 2490; x_wconf 89' lang='lat' dir='ltr'><strong>et</strong></span> <span class='ocrx_word' id='word_1_170' title='bbox 1078 2436 1354 2507; x_wconf 72' lang='lat' dir='ltr'><strong>corymbos.</strong></span> <span class='ocrx_word' id='word_1_171' title='bbox 1388 2437 1678 2507; x_wconf 85' lang='lat' dir='ltr'><strong>Corymbos</strong></span> <span class='ocrx_word' id='word_1_172' title='bbox 1701 2447 1876 2491; x_wconf 90' lang='lat' dir='ltr'><strong>autem</strong></span> <span class='ocrx_word' id='word_1_173' title='bbox 1901 2437 2046 2501; x_wconf 92' lang='lat' dir='ltr'><strong>dicit,</strong></span> <span class='ocrx_word' id='word_1_174' title='bbox 2076 2437 2156 2489; x_wconf 88' lang='lat' dir='ltr'><strong>vel</strong></span> <span class='ocrx_word' id='word_1_175' title='bbox 2185 2451 2342 2489; x_wconf 79' lang='lat' dir='ltr'><strong>orna-</strong></span> 
     </span>
    </p>
   </div>
   <div class='ocr_carea' id='block_1_26' title="bbox 782 2526 2342 2599">
    <p class='ocr_par' dir='ltr' id='par_1_26' title="bbox 782 2526 2342 2599">
     <span class='ocr_line' id='line_1_26' title="bbox 782 2526 2342 2599; baseline 0 -19"><span class='ocrx_word' id='word_1_176' title='bbox 782 2538 891 2582; x_wconf 91' lang='lat' dir='ltr'><strong>tum</strong></span> <span class='ocrx_word' id='word_1_177' title='bbox 915 2529 1214 2599; x_wconf 87' lang='lat' dir='ltr'><strong>quempiam</strong></span> <span class='ocrx_word' id='word_1_178' title='bbox 1237 2528 1440 2598; x_wconf 86' lang='lat' dir='ltr'><strong>capitis,</strong></span> <span class='ocrx_word' id='word_1_179' title='bbox 1470 2529 1548 2582; x_wconf 81' lang='lat' dir='ltr'><strong>vel</strong></span> <span class='ocrx_word' id='word_1_180' title='bbox 1575 2529 1714 2582; x_wconf 67' lang='lat' dir='ltr'><strong>vittas</strong></span> <span class='ocrx_word' id='word_1_181' title='bbox 1734 2537 1889 2597; x_wconf 92' lang='lat' dir='ltr'><strong>caput</strong></span> <span class='ocrx_word' id='word_1_182' title='bbox 1911 2528 2211 2596; x_wconf 85' lang='lat' dir='ltr'><strong>stringentis</strong></span> <span class='ocrx_word' id='word_1_183' title='bbox 2240 2526 2342 2581; x_wconf 83' lang='lat' dir='ltr'><strong>lor-</strong></span> 
     </span>
    </p>
   </div>
   <div class='ocr_carea' id='block_1_27' title="bbox 782 2618 2342 2672">
    <p class='ocr_par' dir='ltr' id='par_1_27' title="bbox 782 2618 2342 2672">
     <span class='ocr_line' id='line_1_27' title="bbox 782 2618 2342 2672; baseline 0 -2"><span class='ocrx_word' id='word_1_184' title='bbox 782 2633 942 2671; x_wconf 89' lang='lat' dir='ltr'><strong>tnam.</strong></span> <span class='ocrx_word' id='word_1_185' title='bbox 979 2618 1043 2670; x_wconf 87' lang='lat' dir='ltr'><strong>Et</strong></span> <span class='ocrx_word' id='word_1_186' title='bbox 1083 2618 1285 2671; x_wconf 88' lang='lat' dir='ltr'><strong>lunulas</strong></span> <span class='ocrx_word' id='word_1_187' title='bbox 1317 2633 1334 2670; x_wconf 92' lang='lat'><strong><em>:</em></strong></span> <span class='ocrx_word' id='word_1_188' title='bbox 1362 2627 1724 2671; x_wconf 86' lang='lat' dir='ltr'><strong>ornamentum</strong></span> <span class='ocrx_word' id='word_1_189' title='bbox 1763 2618 1964 2671; x_wconf 88' lang='lat' dir='ltr'><strong>scilicet</strong></span> <span class='ocrx_word' id='word_1_190' title='bbox 1986 2618 2124 2672; x_wconf 90' lang='lat' dir='ltr'><strong>circa</strong></span> <span class='ocrx_word' id='word_1_191' title='bbox 2151 2619 2342 2672; x_wconf 91' lang='lat' dir='ltr'><strong>collum</strong></span> 
     </span>
    </p>
   </div>
   <div class='ocr_carea' id='block_1_28' title="bbox 780 2706 2342 2764">
    <p class='ocr_par' dir='ltr' id='par_1_28' title="bbox 780 2706 2342 2764">
     <span class='ocr_line' id='line_1_28' title="bbox 780 2706 2342 2764; baseline 0.001 -3"><span class='ocrx_word' id='word_1_192' title='bbox 780 2706 949 2762; x_wconf 87' lang='lat' dir='ltr'><strong>lunari</strong></span> <span class='ocrx_word' id='word_1_193' title='bbox 991 2708 1180 2762; x_wconf 79' lang='lat' dir='ltr'><strong>forma.</strong></span> <span class='ocrx_word' id='word_1_194' title='bbox 1234 2707 1301 2760; x_wconf 86' lang='lat' dir='ltr'><strong>Et</strong></span> <span class='ocrx_word' id='word_1_195' title='bbox 1349 2710 1594 2762; x_wconf 86' lang='lat' dir='ltr'><strong>cathema.</strong></span> <span class='ocrx_word' id='word_1_196' title='bbox 1643 2709 1798 2764; x_wconf 88' lang='lat' dir='ltr'><strong>Forte</strong></span> <span class='ocrx_word' id='word_1_197' title='bbox 1844 2709 2144 2764; x_wconf 85' lang='lat' dir='ltr'><strong>theristrum</strong></span> <span class='ocrx_word' id='word_1_198' title='bbox 2197 2709 2342 2763; x_wconf 90' lang='lat' dir='ltr'><strong>dicit.</strong></span> 
     </span>
    </p>
   </div>
   <div class='ocr_carea' id='block_1_29' title="bbox 781 2799 2342 2868">
    <p class='ocr_par' dir='ltr' id='par_1_29' title="bbox 781 2799 2342 2868">
     <span class='ocr_line' id='line_1_29' title="bbox 781 2799 2342 2868; baseline -0.001 -15"><span class='ocrx_word' id='word_1_199' title='bbox 781 2799 848 2853; x_wconf 85' lang='lat' dir='ltr'><strong>Et</strong></span> <span class='ocrx_word' id='word_1_200' title='bbox 890 2811 1120 2853; x_wconf 89' lang='lat' dir='ltr'><strong>ornatum</strong></span> <span class='ocrx_word' id='word_1_201' title='bbox 1170 2801 1316 2868; x_wconf 78' lang='lat' dir='ltr'><strong>faciei</strong></span> <span class='ocrx_word' id='word_1_202' title='bbox 1361 2817 1548 2854; x_wconf 88' lang='lat' dir='ltr'><strong>earum.</strong></span> <span class='ocrx_word' id='word_1_203' title='bbox 1598 2800 1693 2856; x_wconf 83' lang='lat' dir='ltr'><strong>Hic</strong></span> <span class='ocrx_word' id='word_1_204' title='bbox 1743 2801 1869 2860; x_wconf 89' lang='lat' dir='ltr'><strong>mibi</strong></span> <span class='ocrx_word' id='word_1_205' title='bbox 1911 2801 2118 2855; x_wconf 87' lang='lat' dir='ltr'><strong>videtur</strong></span> <span class='ocrx_word' id='word_1_206' title='bbox 2171 2799 2342 2854; x_wconf 80' lang='lat' dir='ltr'><strong>fucum</strong></span> 
     </span>
    </p>
   </div>
   <div class='ocr_carea' id='block_1_30' title="bbox 781 2890 2344 2960">
    <p class='ocr_par' dir='ltr' id='par_1_30' title="bbox 781 2890 2344 2960">
     <span class='ocr_line' id='line_1_30' title="bbox 781 2890 2344 2960; baseline 0 -18"><span class='ocrx_word' id='word_1_207' title='bbox 781 2899 835 2943; x_wconf 80' lang='lat' dir='ltr'><strong>et</strong></span> <span class='ocrx_word' id='word_1_208' title='bbox 867 2891 1126 2958; x_wconf 89' lang='lat' dir='ltr'><strong>pigmenta</strong></span> <span class='ocrx_word' id='word_1_209' title='bbox 1152 2890 1502 2944; x_wconf 87' lang='lat' dir='ltr'><strong>subindicare.</strong></span> <span class='ocrx_word' id='word_1_210' title='bbox 1532 2890 1596 2943; x_wconf 86' lang='lat' dir='ltr'><strong>Et</strong></span> <span class='ocrx_word' id='word_1_211' title='bbox 1625 2890 2031 2960; x_wconf 75' lang='lat' dir='ltr'><strong>compositionem</strong></span> <span class='ocrx_word' id='word_1_212' title='bbox 2067 2891 2344 2943; x_wconf 83' lang='lat' dir='ltr'><strong>ornamenti</strong></span> 
     </span>
    </p>
   </div>
   <div class='ocr_carea' id='block_1_31' title="bbox 782 2979 2345 3050">
    <p class='ocr_par' dir='ltr' id='par_1_31' title="bbox 782 2979 2345 3050">
     <span class='ocr_line' id='line_1_31' title="bbox 782 2979 2345 3050; baseline 0.003 -18"><span class='ocrx_word' id='word_1_213' title='bbox 782 2980 976 3050; x_wconf 64' lang='lat' dir='ltr'><strong>glorise.</strong></span> <span class='ocrx_word' id='word_1_214' title='bbox 1027 2979 1135 3033; x_wconf 84' lang='lat' dir='ltr'><strong>lloc</strong></span> <span class='ocrx_word' id='word_1_215' title='bbox 1172 2994 1302 3033; x_wconf 91' lang='lat' dir='ltr'><strong>auro</strong></span> <span class='ocrx_word' id='word_1_216' title='bbox 1348 2981 1730 3034; x_wconf 88' lang='lat' dir='ltr'><strong>circumdatum</strong></span> <span class='ocrx_word' id='word_1_217' title='bbox 1782 2981 1926 3035; x_wconf 90' lang='lat' dir='ltr'><strong>dicit.</strong></span> <span class='ocrx_word' id='word_1_218' title='bbox 1974 2981 2038 3034; x_wconf 85' lang='lat' dir='ltr'><strong>Et</strong></span> <span class='ocrx_word' id='word_1_219' title='bbox 2084 2981 2345 3036; x_wconf 89' lang='lat' dir='ltr'><strong>armillas:</strong></span> 
     </span>
    </p>
   </div>
   <div class='ocr_carea' id='block_1_32' title="bbox 783 3070 2346 3138">
    <p class='ocr_par' dir='ltr' id='par_1_32' title="bbox 783 3070 2346 3138">
     <span class='ocr_line' id='line_1_32' title="bbox 783 3070 2346 3138; baseline 0.003 -16"><span class='ocrx_word' id='word_1_220' title='bbox 783 3070 931 3124; x_wconf 89' lang='lat' dir='ltr'><strong>aurei</strong></span> <span class='ocrx_word' id='word_1_221' title='bbox 959 3086 1146 3138; x_wconf 89' lang='lat' dir='ltr'><strong>nempe</strong></span> <span class='ocrx_word' id='word_1_222' title='bbox 1184 3081 1399 3125; x_wconf 91' lang='lat' dir='ltr'><strong>ornatus</strong></span> <span class='ocrx_word' id='word_1_223' title='bbox 1433 3072 1569 3125; x_wconf 88' lang='lat' dir='ltr'><strong>circa</strong></span> <span class='ocrx_word' id='word_1_224' title='bbox 1598 3072 1826 3125; x_wconf 88' lang='lat' dir='ltr'><strong>brachia.</strong></span> <span class='ocrx_word' id='word_1_225' title='bbox 1863 3071 1926 3124; x_wconf 85' lang='lat' dir='ltr'><strong>Et</strong></span> <span class='ocrx_word' id='word_1_226' title='bbox 1965 3072 2346 3126; x_wconf 78' lang='lat' dir='ltr'><strong>dextrocheria:</strong></span> 
     </span>
    </p>
   </div>
   <div class='ocr_carea' id='block_1_33' title="bbox 784 3163 2344 3232">
    <p class='ocr_par' dir='ltr' id='par_1_33' title="bbox 784 3163 2344 3232">
     <span class='ocr_line' id='line_1_33' title="bbox 784 3163 2344 3232; baseline 0 -16"><span class='ocrx_word' id='word_1_227' title='bbox 784 3165 922 3217; x_wconf 91' lang='lat' dir='ltr'><strong>circa</strong></span> <span class='ocrx_word' id='word_1_228' title='bbox 959 3178 1205 3217; x_wconf 90' lang='lat' dir='ltr'><strong>manuum</strong></span> <span class='ocrx_word' id='word_1_229' title='bbox 1228 3163 1518 3232; x_wconf 91' lang='lat' dir='ltr'><strong>juncturas.</strong></span> <span class='ocrx_word' id='word_1_230' title='bbox 1561 3163 1625 3216; x_wconf 86' lang='lat' dir='ltr'><strong>Et</strong></span> <span class='ocrx_word' id='word_1_231' title='bbox 1655 3165 1912 3216; x_wconf 81' lang='lat' dir='ltr'><strong>reticulum</strong></span> <span class='ocrx_word' id='word_1_232' title='bbox 1935 3177 1953 3214; x_wconf 90' lang='lat'><strong><em>:</em></strong></span> <span class='ocrx_word' id='word_1_233' title='bbox 1982 3171 2344 3217; x_wconf 88' lang='lat' dir='ltr'><strong>ornamentum</strong></span> 
     </span>
    </p>
   </div>
   <div class='ocr_carea' id='block_1_34' title="bbox 785 3252 2346 3322">
    <p class='ocr_par' dir='ltr' id='par_1_34' title="bbox 785 3252 2346 3322">
     <span class='ocr_line' id='line_1_34' title="bbox 785 3252 2346 3322; baseline 0.001 -16"><span class='ocrx_word' id='word_1_234' title='bbox 785 3268 1002 3307; x_wconf 85' lang='lat' dir='ltr'><strong>aureum</strong></span> <span class='ocrx_word' id='word_1_235' title='bbox 1029 3255 1166 3308; x_wconf 85' lang='lat' dir='ltr'><strong>circa</strong></span> <span class='ocrx_word' id='word_1_236' title='bbox 1197 3261 1371 3322; x_wconf 85' lang='lat' dir='ltr'><strong>caput.</strong></span> <span class='ocrx_word' id='word_1_237' title='bbox 1403 3252 1469 3306; x_wconf 87' lang='lat' dir='ltr'><strong>Et</strong></span> <span class='ocrx_word' id='word_1_238' title='bbox 1492 3255 1723 3316; x_wconf 88' lang='lat' dir='ltr'><strong>annulos,</strong></span> <span class='ocrx_word' id='word_1_239' title='bbox 1756 3254 2117 3320; x_wconf 71' lang='lat' dir='ltr'><strong>duxtrocheria,</strong></span> <span class='ocrx_word' id='word_1_240' title='bbox 2148 3264 2192 3306; x_wconf 91' lang='lat' dir='ltr'><strong>et</strong></span> <span class='ocrx_word' id='word_1_241' title='bbox 2219 3270 2346 3322; x_wconf 77' lang='lat' dir='ltr'><strong>pra:-</strong></span> 
     </span>
    </p>
   </div>
   <div class='ocr_carea' id='block_1_35' title="bbox 784 3345 2343 3416">
    <p class='ocr_par' dir='ltr' id='par_1_35' title="bbox 784 3345 2343 3416">
     <span class='ocr_line' id='line_1_35' title="bbox 784 3345 2343 3416; baseline 0.001 -21"><span class='ocrx_word' id='word_1_242' title='bbox 784 3354 919 3396; x_wconf 68' lang='lat' dir='ltr'><strong>texta</strong></span> <span class='ocrx_word' id='word_1_243' title='bbox 940 3361 1183 3412; x_wconf 81' lang='lat' dir='ltr'><strong>purpura,</strong></span> <span class='ocrx_word' id='word_1_244' title='bbox 1203 3356 1246 3396; x_wconf 87' lang='lat' dir='ltr'><strong>et</strong></span> <span class='ocrx_word' id='word_1_245' title='bbox 1264 3345 1456 3397; x_wconf 83' lang='lat' dir='ltr'><strong>clavala</strong></span> <span class='ocrx_word' id='word_1_246' title='bbox 1478 3362 1717 3414; x_wconf 86' lang='lat' dir='ltr'><strong>purpura,</strong></span> <span class='ocrx_word' id='word_1_247' title='bbox 1742 3355 1785 3398; x_wconf 87' lang='lat' dir='ltr'><strong>cl</strong></span> <span class='ocrx_word' id='word_1_248' title='bbox 1811 3362 2000 3414; x_wconf 85' lang='lat' dir='ltr'><strong>pannos</strong></span> <span class='ocrx_word' id='word_1_249' title='bbox 2022 3362 2108 3416; x_wconf 85' lang='lat' dir='ltr'><strong>per</strong></span> <span class='ocrx_word' id='word_1_250' title='bbox 2123 3348 2343 3411; x_wconf 85' lang='lat' dir='ltr'><strong>domum,</strong></span> 
     </span>
    </p>
   </div>
   <div class='ocr_carea' id='block_1_36' title="bbox 784 3431 2347 3502">
    <p class='ocr_par' dir='ltr' id='par_1_36' title="bbox 784 3431 2347 3502">
     <span class='ocr_line' id='line_1_36' title="bbox 784 3431 2347 3502; baseline 0.003 -18"><span class='ocrx_word' id='word_1_251' title='bbox 784 3445 830 3484; x_wconf 87' lang='lat' dir='ltr'><strong>et</strong></span> <span class='ocrx_word' id='word_1_252' title='bbox 871 3432 1119 3501; x_wconf 75' lang='lat' dir='ltr'><strong>pellucida</strong></span> <span class='ocrx_word' id='word_1_253' title='bbox 1161 3431 1428 3485; x_wconf 88' lang='lat' dir='ltr'><strong>Laconica.</strong></span> <span class='ocrx_word' id='word_1_254' title='bbox 1461 3433 1681 3487; x_wconf 87' lang='lat' dir='ltr'><strong>Tantum</strong></span> <span class='ocrx_word' id='word_1_255' title='bbox 1727 3435 1864 3488; x_wconf 87' lang='lat' dir='ltr'><strong>enim</strong></span> <span class='ocrx_word' id='word_1_256' title='bbox 1898 3435 2024 3502; x_wconf 87' lang='lat' dir='ltr'><strong>ipsis</strong></span> <span class='ocrx_word' id='word_1_257' title='bbox 2066 3435 2232 3488; x_wconf 88' lang='lat' dir='ltr'><strong>inerat</strong></span> <span class='ocrx_word' id='word_1_258' title='bbox 2268 3436 2347 3488; x_wconf 83' lang='lat' dir='ltr'><strong>la-</strong></span> 
     </span>
    </p>
   </div>
   <div class='ocr_carea' id='block_1_37' title="bbox 781 3524 2349 3594">
    <p class='ocr_par' dir='ltr' id='par_1_37' title="bbox 781 3524 2349 3594">
     <span class='ocr_line' id='line_1_37' title="bbox 781 3524 2349 3594; baseline 0.001 -18"><span class='ocrx_word' id='word_1_259' title='bbox 781 3524 958 3577; x_wconf 71' lang='lat' dir='ltr'><strong>sciviae</strong></span> <span class='ocrx_word' id='word_1_260' title='bbox 988 3524 1218 3576; x_wconf 89' lang='lat' dir='ltr'><strong>studium</strong></span> <span class='ocrx_word' id='word_1_261' title='bbox 1242 3564 1257 3589; x_wconf 97' lang='lat'><strong>,</strong></span> <span class='ocrx_word' id='word_1_262' title='bbox 1311 3533 1365 3576; x_wconf 91' lang='lat' dir='ltr'><strong>ut</strong></span> <span class='ocrx_word' id='word_1_263' title='bbox 1395 3538 1497 3576; x_wconf 92' lang='lat' dir='ltr'><strong>non</strong></span> <span class='ocrx_word' id='word_1_264' title='bbox 1539 3525 1693 3578; x_wconf 86' lang='lat' dir='ltr'><strong>modo</strong></span> <span class='ocrx_word' id='word_1_265' title='bbox 1721 3524 1783 3576; x_wconf 92' lang='lat' dir='ltr'><strong>iis</strong></span> <span class='ocrx_word' id='word_1_266' title='bbox 1822 3534 2090 3578; x_wconf 91' lang='lat' dir='ltr'><strong>uterentur</strong></span> <span class='ocrx_word' id='word_1_267' title='bbox 2113 3565 2126 3589; x_wconf 94' lang='lat'><strong>,</strong></span> <span class='ocrx_word' id='word_1_268' title='bbox 2154 3541 2269 3594; x_wconf 76' lang='lat' dir='ltr'><strong>qua:</strong></span> <span class='ocrx_word' id='word_1_269' title='bbox 2297 3525 2349 3578; x_wconf 89' lang='lat' dir='ltr'><strong>in</strong></span> 
     </span>
    </p>
   </div>
   <div class='ocr_carea' id='block_1_38' title="bbox 780 3612 2344 3684">
    <p class='ocr_par' dir='ltr' id='par_1_38' title="bbox 780 3612 2344 3684">
     <span class='ocr_line' id='line_1_38' title="bbox 780 3612 2344 3684; baseline 0.002 -20"><span class='ocrx_word' id='word_1_270' title='bbox 780 3629 874 3664; x_wconf 86' lang='lat' dir='ltr'><strong>sua</strong></span> <span class='ocrx_word' id='word_1_271' title='bbox 904 3612 1118 3680; x_wconf 80' lang='lat' dir='ltr'><strong>regione</strong></span> <span class='ocrx_word' id='word_1_272' title='bbox 1157 3621 1340 3676; x_wconf 88' lang='lat' dir='ltr'><strong>erant,</strong></span> <span class='ocrx_word' id='word_1_273' title='bbox 1375 3613 1467 3666; x_wconf 90' lang='lat' dir='ltr'><strong>sed</strong></span> <span class='ocrx_word' id='word_1_274' title='bbox 1498 3614 1655 3666; x_wconf 89' lang='lat' dir='ltr'><strong>etiam</strong></span> <span class='ocrx_word' id='word_1_275' title='bbox 1687 3629 1751 3667; x_wconf 79' lang='lat' dir='ltr'><strong>ex</strong></span> <span class='ocrx_word' id='word_1_276' title='bbox 1780 3614 1950 3668; x_wconf 90' lang='lat' dir='ltr'><strong>aliena</strong></span> <span class='ocrx_word' id='word_1_277' title='bbox 1983 3623 2120 3668; x_wconf 90' lang='lat' dir='ltr'><strong>terra</strong></span> <span class='ocrx_word' id='word_1_278' title='bbox 2167 3614 2344 3684; x_wconf 91' lang='lat' dir='ltr'><strong>procul</strong></span> 
     </span>
    </p>
   </div>
   <div class='ocr_carea' id='block_1_39' title="bbox 783 3702 2344 3771">
    <p class='ocr_par' dir='ltr' id='par_1_39' title="bbox 783 3702 2344 3771">
     <span class='ocr_line' id='line_1_39' title="bbox 783 3702 2344 3771; baseline 0.004 -17"><span class='ocrx_word' id='word_1_279' title='bbox 783 3702 898 3754; x_wconf 87' lang='lat' dir='ltr'><strong>illas</strong></span> <span class='ocrx_word' id='word_1_280' title='bbox 941 3702 1128 3756; x_wconf 86' lang='lat' dir='ltr'><strong>advehi</strong></span> <span class='ocrx_word' id='word_1_281' title='bbox 1184 3714 1428 3756; x_wconf 88' lang='lat' dir='ltr'><strong>curarent</strong></span> <span class='ocrx_word' id='word_1_282' title='bbox 1472 3719 1564 3771; x_wconf 89' lang='lat' dir='ltr'><strong>per</strong></span> <span class='ocrx_word' id='word_1_283' title='bbox 1594 3706 1972 3758; x_wconf 86' lang='lat' dir='ltr'><strong>transmarinos</strong></span> <span class='ocrx_word' id='word_1_284' title='bbox 2001 3715 2344 3761; x_wconf 87' lang='lat' dir='ltr'><strong>commeatus.</strong></span> 
     </span>
    </p>
   </div>
   <div class='ocr_carea' id='block_1_40' title="bbox 783 3793 2349 3864">
    <p class='ocr_par' dir='ltr' id='par_1_40' title="bbox 783 3793 2349 3864">
     <span class='ocr_line' id='line_1_40' title="bbox 783 3793 2349 3864; baseline 0.004 -18"><span class='ocrx_word' id='word_1_285' title='bbox 783 3793 1000 3846; x_wconf 81' lang='lat' dir='ltr'><strong>Multum</strong></span> <span class='ocrx_word' id='word_1_286' title='bbox 1032 3794 1172 3847; x_wconf 90' lang='lat' dir='ltr'><strong>enim</strong></span> <span class='ocrx_word' id='word_1_287' title='bbox 1203 3794 1426 3861; x_wconf 90' lang='lat' dir='ltr'><strong>spatium</strong></span> <span class='ocrx_word' id='word_1_288' title='bbox 1468 3804 1522 3848; x_wconf 92' lang='lat' dir='ltr'><strong>et</strong></span> <span class='ocrx_word' id='word_1_289' title='bbox 1551 3796 1763 3864; x_wconf 81' lang='lat' dir='ltr'><strong>pelagus</strong></span> <span class='ocrx_word' id='word_1_290' title='bbox 1793 3797 2103 3851; x_wconf 90' lang='lat' dir='ltr'><strong>immensum</strong></span> <span class='ocrx_word' id='word_1_291' title='bbox 2144 3807 2226 3852; x_wconf 90' lang='lat' dir='ltr'><strong>est</strong></span> <span class='ocrx_word' id='word_1_292' title='bbox 2252 3798 2349 3852; x_wconf 78' lang='lat' dir='ltr'><strong>Pa-</strong></span> 
     </span>
    </p>
   </div>
   <div class='ocr_carea' id='block_1_41' title="bbox 781 3871 1758 3938">
    <p class='ocr_par' dir='ltr' id='par_1_41' title="bbox 781 3871 1758 3938">
     <span class='ocr_line' id='line_1_41' title="bbox 781 3871 1758 3938; baseline 0.001 -2"><span class='ocrx_word' id='word_1_293' title='bbox 781 3883 1038 3936; x_wconf 67' lang='lat' dir='ltr'><strong>laestinam</strong></span> <span class='ocrx_word' id='word_1_294' title='bbox 1067 3883 1203 3936; x_wconf 90' lang='lat' dir='ltr'><strong>inter</strong></span> <span class='ocrx_word' id='word_1_295' title='bbox 1226 3893 1279 3936; x_wconf 90' lang='lat' dir='ltr'><strong>et</strong></span> <span class='ocrx_word' id='word_1_296' title='bbox 1309 3871 1758 3938; x_wconf 62' lang='lat' dir='ltr'><strong>Lacedaemonem.</strong></span> 
     </span>
    </p>
   </div>
   <div class='ocr_carea' id='block_1_42' title="bbox 854 3973 2347 4045">
    <p class='ocr_par' dir='ltr' id='par_1_42' title="bbox 854 3973 2347 4045">
     <span class='ocr_line' id='line_1_42' title="bbox 854 3973 2347 4045; baseline 0.001 -16"><span class='ocrx_word' id='word_1_297' title='bbox 854 3975 908 4029; x_wconf 90' lang='lat'><strong>9.</strong></span> <span class='ocrx_word' id='word_1_298' title='bbox 949 3973 1064 4028; x_wconf 87' lang='lat' dir='ltr'><strong>Non</strong></span> <span class='ocrx_word' id='word_1_299' title='bbox 1102 3976 1218 4029; x_wconf 88' lang='lat' dir='ltr'><strong>sine</strong></span> <span class='ocrx_word' id='word_1_300' title='bbox 1260 3989 1416 4029; x_wconf 89' lang='lat' dir='ltr'><strong>causa</strong></span> <span class='ocrx_word' id='word_1_301' title='bbox 1445 3975 1598 4044; x_wconf 83' lang='lat' dir='ltr'><strong>igitur</strong></span> <span class='ocrx_word' id='word_1_302' title='bbox 1631 3977 1896 4044; x_wconf 90' lang='lat' dir='ltr'><strong>regionem</strong></span> <span class='ocrx_word' id='word_1_303' title='bbox 1933 3975 2140 4045; x_wconf 81' lang='lat' dir='ltr'><strong>posuit,</strong></span> <span class='ocrx_word' id='word_1_304' title='bbox 2185 3977 2347 4031; x_wconf 91' lang='lat' dir='ltr'><strong>misso</strong></span> 
     </span>
    </p>
   </div>
   <div class='ocr_carea' id='block_1_43' title="bbox 781 4064 2344 4134">
    <p class='ocr_par' dir='ltr' id='par_1_43' title="bbox 781 4064 2344 4134">
     <span class='ocr_line' id='line_1_43' title="bbox 781 4064 2344 4134; baseline 0.003 -19"><span class='ocrx_word' id='word_1_305' title='bbox 781 4064 1212 4117; x_wconf 84' lang='lat' dir='ltr'><strong>vestimentorum</strong></span> <span class='ocrx_word' id='word_1_306' title='bbox 1252 4065 1495 4127; x_wconf 88' lang='lat' dir='ltr'><strong>nomine,</strong></span> <span class='ocrx_word' id='word_1_307' title='bbox 1533 4065 1626 4119; x_wconf 90' lang='lat' dir='ltr'><strong>sed</strong></span> <span class='ocrx_word' id='word_1_308' title='bbox 1659 4073 1714 4118; x_wconf 93' lang='lat' dir='ltr'><strong>ut</strong></span> <span class='ocrx_word' id='word_1_309' title='bbox 1753 4065 2013 4134; x_wconf 87' lang='lat' dir='ltr'><strong>ingentem</strong></span> <span class='ocrx_word' id='word_1_310' title='bbox 2053 4080 2232 4120; x_wconf 86' lang='lat' dir='ltr'><strong>earum</strong></span> <span class='ocrx_word' id='word_1_311' title='bbox 2263 4066 2344 4119; x_wconf 91' lang='lat' dir='ltr'><strong>lu-</strong></span> 
     </span>
    </p>
   </div>
   <div class='ocr_carea' id='block_1_44' title="bbox 779 4153 2346 4224">
    <p class='ocr_par' dir='ltr' id='par_1_44' title="bbox 779 4153 2346 4224">
     <span class='ocr_line' id='line_1_44' title="bbox 779 4153 2346 4224; baseline 0.003 -18"><span class='ocrx_word' id='word_1_312' title='bbox 779 4169 903 4207; x_wconf 75' lang='lat' dir='ltr'><strong>xum</strong></span> <span class='ocrx_word' id='word_1_313' title='bbox 930 4153 1338 4208; x_wconf 87' lang='lat' dir='ltr'><strong>demonstraret.</strong></span> <span class='ocrx_word' id='word_1_314' title='bbox 1373 4153 1434 4206; x_wconf 80' lang='lat' dir='ltr'><strong>Et</strong></span> <span class='ocrx_word' id='word_1_315' title='bbox 1460 4156 1657 4224; x_wconf 83' lang='lat' dir='ltr'><strong>byssina</strong></span> <span class='ocrx_word' id='word_1_316' title='bbox 1681 4166 1725 4208; x_wconf 90' lang='lat' dir='ltr'><strong>et</strong></span> <span class='ocrx_word' id='word_1_317' title='bbox 1753 4156 2092 4224; x_wconf 81' lang='lat' dir='ltr'><strong>hyacinthina,</strong></span> <span class='ocrx_word' id='word_1_318' title='bbox 2120 4169 2166 4210; x_wconf 91' lang='lat' dir='ltr'><strong>et</strong></span> <span class='ocrx_word' id='word_1_319' title='bbox 2189 4158 2346 4210; x_wconf 81' lang='lat' dir='ltr'><strong>cocci-</strong></span> 
     </span>
    </p>
   </div>
   <div class='ocr_carea' id='block_1_45' title="bbox 780 4243 2347 4314">
    <p class='ocr_par' dir='ltr' id='par_1_45' title="bbox 780 4243 2347 4314">
     <span class='ocr_line' id='line_1_45' title="bbox 780 4243 2347 4314; baseline 0.004 -19"><span class='ocrx_word' id='word_1_320' title='bbox 780 4261 904 4308; x_wconf 88' lang='lat' dir='ltr'><strong>nea,</strong></span> <span class='ocrx_word' id='word_1_321' title='bbox 941 4251 984 4296; x_wconf 90' lang='lat' dir='ltr'><strong>et</strong></span> <span class='ocrx_word' id='word_1_322' title='bbox 1009 4243 1212 4314; x_wconf 86' lang='lat' dir='ltr'><strong>byssum</strong></span> <span class='ocrx_word' id='word_1_323' title='bbox 1251 4260 1363 4296; x_wconf 88' lang='lat' dir='ltr'><strong>cum</strong></span> <span class='ocrx_word' id='word_1_324' title='bbox 1398 4261 1522 4298; x_wconf 86' lang='lat' dir='ltr'><strong>auro</strong></span> <span class='ocrx_word' id='word_1_325' title='bbox 1556 4254 1600 4296; x_wconf 90' lang='lat' dir='ltr'><strong>et</strong></span> <span class='ocrx_word' id='word_1_326' title='bbox 1634 4246 1901 4314; x_wconf 82' lang='lat' dir='ltr'><strong>hyacintho</strong></span> <span class='ocrx_word' id='word_1_327' title='bbox 1940 4257 2220 4300; x_wconf 73' lang='lat' dir='ltr'><strong>contextam</strong></span> <span class='ocrx_word' id='word_1_328' title='bbox 2244 4288 2258 4310; x_wconf 86' lang='lat'><strong>,</strong></span> <span class='ocrx_word' id='word_1_329' title='bbox 2299 4259 2347 4301; x_wconf 91' lang='lat' dir='ltr'><strong>et</strong></span> 
     </span>
    </p>
   </div>
   <div class='ocr_carea' id='block_1_46' title="bbox 781 4333 2346 4403">
    <p class='ocr_par' dir='ltr' id='par_1_46' title="bbox 781 4333 2346 4403">
     <span class='ocr_line' id='line_1_46' title="bbox 781 4333 2346 4403; baseline 0.004 -20"><span class='ocrx_word' id='word_1_330' title='bbox 781 4333 1012 4384; x_wconf 87' lang='lat' dir='ltr'><strong>theristra</strong></span> <span class='ocrx_word' id='word_1_331' title='bbox 1046 4349 1172 4386; x_wconf 90' lang='lat' dir='ltr'><strong>auro</strong></span> <span class='ocrx_word' id='word_1_332' title='bbox 1218 4335 1475 4386; x_wconf 88' lang='lat' dir='ltr'><strong>adstricta.</strong></span> <span class='ocrx_word' id='word_1_333' title='bbox 1515 4333 1723 4387; x_wconf 87' lang='lat' dir='ltr'><strong>Nullam</strong></span> <span class='ocrx_word' id='word_1_334' title='bbox 1751 4336 1890 4388; x_wconf 90' lang='lat' dir='ltr'><strong>enim</strong></span> <span class='ocrx_word' id='word_1_335' title='bbox 1915 4337 2142 4403; x_wconf 85' lang='lat' dir='ltr'><strong>speciem</strong></span> <span class='ocrx_word' id='word_1_336' title='bbox 2182 4337 2264 4390; x_wconf 91' lang='lat' dir='ltr'><strong>vel</strong></span> <span class='ocrx_word' id='word_1_337' title='bbox 2293 4338 2346 4390; x_wconf 92' lang='lat' dir='ltr'><strong>in</strong></span> 
     </span>
    </p>
   </div>
   <div class='ocr_carea' id='block_1_47' title="bbox 779 4422 2346 4493">
    <p class='ocr_par' dir='ltr' id='par_1_47' title="bbox 779 4422 2346 4493">
     <span class='ocr_line' id='line_1_47' title="bbox 779 4422 2346 4493; baseline 0.004 -22"><span class='ocrx_word' id='word_1_338' title='bbox 779 4422 1109 4475; x_wconf 83' lang='lat' dir='ltr'><strong>vestimentis</strong></span> <span class='ocrx_word' id='word_1_339' title='bbox 1131 4422 1209 4475; x_wconf 91' lang='lat' dir='ltr'><strong>vel</strong></span> <span class='ocrx_word' id='word_1_340' title='bbox 1233 4424 1283 4475; x_wconf 90' lang='lat' dir='ltr'><strong>in</strong></span> <span class='ocrx_word' id='word_1_341' title='bbox 1303 4422 1407 4475; x_wconf 90' lang='lat' dir='ltr'><strong>alio</strong></span> <span class='ocrx_word' id='word_1_342' title='bbox 1431 4432 1617 4476; x_wconf 89' lang='lat' dir='ltr'><strong>ornatu</strong></span> <span class='ocrx_word' id='word_1_343' title='bbox 1641 4423 1994 4493; x_wconf 89' lang='lat' dir='ltr'><strong>reliquerunt;</strong></span> <span class='ocrx_word' id='word_1_344' title='bbox 2025 4425 2115 4479; x_wconf 89' lang='lat' dir='ltr'><strong>sed</strong></span> <span class='ocrx_word' id='word_1_345' title='bbox 2137 4439 2346 4479; x_wconf 91' lang='lat' dir='ltr'><strong>omnem</strong></span> 
     </span>
    </p>
   </div>
   <div class='ocr_carea' id='block_1_48' title="bbox 779 4512 2348 4586">
    <p class='ocr_par' dir='ltr' id='par_1_48' title="bbox 779 4512 2348 4586">
     <span class='ocr_line' id='line_1_48' title="bbox 779 4512 2348 4586; baseline 0.003 -21"><span class='ocrx_word' id='word_1_346' title='bbox 779 4512 933 4565; x_wconf 84' lang='lat' dir='ltr'><strong>luxus</strong></span> <span class='ocrx_word' id='word_1_347' title='bbox 953 4513 1092 4566; x_wconf 92' lang='lat' dir='ltr'><strong>viam</strong></span> <span class='ocrx_word' id='word_1_348' title='bbox 1119 4521 1406 4578; x_wconf 87' lang='lat' dir='ltr'><strong>tentarunt,</strong></span> <span class='ocrx_word' id='word_1_349' title='bbox 1432 4528 1498 4567; x_wconf 82' lang='lat' dir='ltr'><strong>ex</strong></span> <span class='ocrx_word' id='word_1_350' title='bbox 1522 4514 1749 4568; x_wconf 71' lang='lat' dir='ltr'><strong>lascivire</strong></span> <span class='ocrx_word' id='word_1_351' title='bbox 1776 4514 2046 4585; x_wconf 81' lang='lat' dir='ltr'><strong>tyrannide</strong></span> <span class='ocrx_word' id='word_1_352' title='bbox 2067 4515 2348 4586; x_wconf 87' lang='lat' dir='ltr'><strong>lymphatis</strong></span> 
     </span>
    </p>
   </div>
   <div class='ocr_carea' id='block_1_49' title="bbox 777 4603 997 4656">
    <p class='ocr_par' dir='ltr' id='par_1_49' title="bbox 777 4603 997 4656">
     <span class='ocr_line' id='line_1_49' title="bbox 777 4603 997 4656; baseline -0.005 -1"><span class='ocrx_word' id='word_1_353' title='bbox 777 4603 997 4656; x_wconf 88' lang='lat' dir='ltr'><strong>similes.</strong></span> 
     </span>
    </p>
   </div>
   <div class='ocr_carea' id='block_1_50' title="bbox 857 4691 2345 4762">
    <p class='ocr_par' dir='ltr' id='par_1_50' title="bbox 857 4691 2345 4762">
     <span class='ocr_line' id='line_1_50' title="bbox 857 4691 2345 4762; baseline 0.003 -17"><span class='ocrx_word' id='word_1_354' title='bbox 857 4691 1133 4746; x_wconf 74' lang='lat' dir='ltr'><strong>Mulierum</strong></span> <span class='ocrx_word' id='word_1_355' title='bbox 1157 4693 1360 4746; x_wconf 85' lang='lat' dir='ltr'><strong>lascivia</strong></span> <span class='ocrx_word' id='word_1_356' title='bbox 1392 4702 1608 4762; x_wconf 88' lang='lat' dir='ltr'><strong>tempore</strong></span> <span class='ocrx_word' id='word_1_357' title='bbox 1639 4693 1994 4762; x_wconf 87' lang='lat' dir='ltr'><strong>Chrysostomi.</strong></span> <span class='ocrx_word' id='word_1_358' title='bbox 2023 4723 2092 4733; x_wconf 88' lang='lat'><strong><em>—</em></strong></span> <span class='ocrx_word' id='word_1_359' title='bbox 2109 4693 2274 4748; x_wconf 84' lang='lat' dir='ltr'><strong>Porro</strong></span> <span class='ocrx_word' id='word_1_360' title='bbox 2300 4695 2345 4749; x_wconf 88' lang='lat' dir='ltr'><strong>si</strong></span> 
     </span>
    </p>
   </div>
   <div class='ocr_carea' id='block_1_51' title="bbox 781 4783 2347 4854">
    <p class='ocr_par' dir='ltr' id='par_1_51' title="bbox 781 4783 2347 4854">
     <span class='ocr_line' id='line_1_51' title="bbox 781 4783 2347 4854; baseline 0 -15"><span class='ocrx_word' id='word_1_361' title='bbox 781 4785 865 4839; x_wconf 75' lang='lat' dir='ltr'><strong>lue</strong></span> <span class='ocrx_word' id='word_1_362' title='bbox 905 4793 1029 4838; x_wconf 93' lang='lat' dir='ltr'><strong>tunc</strong></span> <span class='ocrx_word' id='word_1_363' title='bbox 1052 4784 1446 4838; x_wconf 89' lang='lat' dir='ltr'><strong>criminationes</strong></span> <span class='ocrx_word' id='word_1_364' title='bbox 1473 4783 1826 4838; x_wconf 84' lang='lat' dir='ltr'><strong>oll&#39;erebantur</strong></span> <span class='ocrx_word' id='word_1_365' title='bbox 1856 4795 1975 4838; x_wconf 90' lang='lat' dir='ltr'><strong>ante</strong></span> <span class='ocrx_word' id='word_1_366' title='bbox 2008 4785 2226 4854; x_wconf 88' lang='lat' dir='ltr'><strong>gratiam</strong></span> <span class='ocrx_word' id='word_1_367' title='bbox 2247 4825 2261 4848; x_wconf 88' lang='lat'><strong>,</strong></span> <span class='ocrx_word' id='word_1_368' title='bbox 2293 4795 2347 4840; x_wconf 89' lang='lat' dir='ltr'><strong>et</strong></span> 
     </span>
    </p>
   </div>
   <div class='ocr_carea' id='block_1_52' title="bbox 778 4873 2344 4943">
    <p class='ocr_par' dir='ltr' id='par_1_52' title="bbox 778 4873 2344 4943">
     <span class='ocr_line' id='line_1_52' title="bbox 778 4873 2344 4943; baseline -0.003 -13"><span class='ocrx_word' id='word_1_369' title='bbox 778 4883 903 4930; x_wconf 87' lang='lat' dir='ltr'><strong>ante</strong></span> <span class='ocrx_word' id='word_1_370' title='bbox 933 4883 1128 4927; x_wconf 88' lang='lat' dir='ltr'><strong>tantam</strong></span> <span class='ocrx_word' id='word_1_371' title='bbox 1153 4873 1536 4943; x_wconf 82' lang='lat' dir='ltr'><strong>phiIOSOphiam</strong></span> <span class='ocrx_word' id='word_1_372' title='bbox 1558 4915 1571 4938; x_wconf 89' lang='lat'><strong>,</strong></span> <span class='ocrx_word' id='word_1_373' title='bbox 1598 4889 1750 4942; x_wconf 88' lang='lat' dir='ltr'><strong>quam</strong></span> <span class='ocrx_word' id='word_1_374' title='bbox 1781 4874 1982 4927; x_wconf 89' lang='lat' dir='ltr'><strong>veniam</strong></span> <span class='ocrx_word' id='word_1_375' title='bbox 2013 4889 2344 4943; x_wconf 86' lang='lat' dir='ltr'><strong>consequan-</strong></span> 
     </span>
    </p>
   </div>
   <div class='ocr_carea' id='block_1_53' title="bbox 779 4946 2344 5033">
    <p class='ocr_par' dir='ltr' id='par_1_53' title="bbox 779 4946 2344 5033">
     <span class='ocr_line' id='line_1_53' title="bbox 779 4946 2344 5033; baseline 0 -16"><span class='ocrx_word' id='word_1_376' title='bbox 779 4974 864 5018; x_wconf 90' lang='lat' dir='ltr'><strong>tur</strong></span> <span class='ocrx_word' id='word_1_377' title='bbox 894 4964 1014 5026; x_wconf 71' lang='lat' dir='ltr'><strong>illm,</strong></span> <span class='ocrx_word' id='word_1_378' title='bbox 1045 4979 1162 5033; x_wconf 75' lang='lat' dir='ltr'><strong>qure</strong></span> <span class='ocrx_word' id='word_1_379' title='bbox 1190 4946 1330 5018; x_wconf 68' lang='lat' dir='ltr'><strong>nunc</strong></span> <span class='ocrx_word' id='word_1_380' title='bbox 1359 4964 1410 5017; x_wconf 90' lang='lat' dir='ltr'><strong>in</strong></span> <span class='ocrx_word' id='word_1_381' title='bbox 1434 4964 1618 5017; x_wconf 70' lang='lat' dir='ltr'><strong>cazlum</strong></span> <span class='ocrx_word' id='word_1_382' title='bbox 1651 4972 1919 5025; x_wconf 87' lang='lat' dir='ltr'><strong>vocantur,</strong></span> <span class='ocrx_word' id='word_1_383' title='bbox 1940 4971 1992 5016; x_wconf 89' lang='lat' dir='ltr'><strong>et</strong></span> <span class='ocrx_word' id='word_1_384' title='bbox 2019 4963 2083 5016; x_wconf 93' lang='lat' dir='ltr'><strong>ad</strong></span> <span class='ocrx_word' id='word_1_385' title='bbox 2115 4964 2344 5032; x_wconf 84' lang='lat' dir='ltr'><strong>longiora</strong></span> 
     </span>
    </p>
   </div>
   <div class='ocr_carea' id='block_1_54' title="bbox 777 5051 2346 5121">
    <p class='ocr_par' dir='ltr' id='par_1_54' title="bbox 777 5051 2346 5121">
     <span class='ocr_line' id='line_1_54' title="bbox 777 5051 2346 5121; baseline 0.001 -15"><span class='ocrx_word' id='word_1_386' title='bbox 777 5052 1088 5115; x_wconf 82' lang='lat' dir='ltr'><strong>certamina,</strong></span> <span class='ocrx_word' id='word_1_387' title='bbox 1116 5067 1335 5121; x_wconf 66' lang='lat' dir='ltr'><strong>quinque</strong></span> <span class='ocrx_word' id='word_1_388' title='bbox 1354 5053 1417 5106; x_wconf 89' lang='lat' dir='ltr'><strong>ad</strong></span> <span class='ocrx_word' id='word_1_389' title='bbox 1438 5052 1740 5121; x_wconf 86' lang='lat' dir='ltr'><strong>angelorum</strong></span> <span class='ocrx_word' id='word_1_390' title='bbox 1767 5051 2108 5106; x_wconf 88' lang='lat' dir='ltr'><strong>imitationem</strong></span> <span class='ocrx_word' id='word_1_391' title='bbox 2134 5053 2346 5108; x_wconf 90' lang='lat' dir='ltr'><strong>trahun-</strong></span> 
     </span>
    </p>
   </div>
   <div class='ocr_carea' id='block_1_55' title="bbox 781 5141 2343 5211">
    <p class='ocr_par' dir='ltr' id='par_1_55' title="bbox 781 5141 2343 5211">
     <span class='ocr_line' id='line_1_55' title="bbox 781 5141 2343 5211; baseline 0.002 -17"><span class='ocrx_word' id='word_1_392' title='bbox 781 5151 893 5208; x_wconf 78' lang='lat' dir='ltr'><strong>tur,</strong></span> <span class='ocrx_word' id='word_1_393' title='bbox 914 5150 968 5196; x_wconf 90' lang='lat' dir='ltr'><strong>et</strong></span> <span class='ocrx_word' id='word_1_394' title='bbox 994 5141 1150 5210; x_wconf 90' lang='lat' dir='ltr'><strong>longe</strong></span> <span class='ocrx_word' id='word_1_395' title='bbox 1180 5142 1344 5210; x_wconf 91' lang='lat' dir='ltr'><strong>magis</strong></span> <span class='ocrx_word' id='word_1_396' title='bbox 1369 5141 1504 5194; x_wconf 87' lang='lat' dir='ltr'><strong>hanc</strong></span> <span class='ocrx_word' id='word_1_397' title='bbox 1533 5157 1780 5208; x_wconf 86' lang='lat' dir='ltr'><strong>superare</strong></span> <span class='ocrx_word' id='word_1_398' title='bbox 1812 5154 2029 5210; x_wconf 88' lang='lat' dir='ltr'><strong>possunt</strong></span> <span class='ocrx_word' id='word_1_399' title='bbox 2056 5143 2343 5211; x_wconf 86' lang='lat' dir='ltr'><strong>lasciviam,</strong></span> 
     </span>
    </p>
   </div>
   <div class='ocr_carea' id='block_1_56' title="bbox 779 5232 2344 5300">
    <p class='ocr_par' dir='ltr' id='par_1_56' title="bbox 779 5232 2344 5300">
     <span class='ocr_line' id='line_1_56' title="bbox 779 5232 2344 5300; baseline 0.001 -14"><span class='ocrx_word' id='word_1_400' title='bbox 779 5241 836 5287; x_wconf 91' lang='lat' dir='ltr'><strong>et</strong></span> <span class='ocrx_word' id='word_1_401' title='bbox 871 5241 1047 5286; x_wconf 87' lang='lat' dir='ltr'><strong>tamen</strong></span> <span class='ocrx_word' id='word_1_402' title='bbox 1079 5246 1169 5286; x_wconf 91' lang='lat' dir='ltr'><strong>eas</strong></span> <span class='ocrx_word' id='word_1_403' title='bbox 1196 5247 1314 5300; x_wconf 69' lang='lat' dir='ltr'><strong>qua:</strong></span> <span class='ocrx_word' id='word_1_404' title='bbox 1340 5232 1390 5285; x_wconf 91' lang='lat' dir='ltr'><strong>in</strong></span> <span class='ocrx_word' id='word_1_405' title='bbox 1419 5234 1589 5286; x_wconf 90' lang='lat' dir='ltr'><strong>scenis</strong></span> <span class='ocrx_word' id='word_1_406' title='bbox 1614 5242 1666 5286; x_wconf 92' lang='lat' dir='ltr'><strong>et</strong></span> <span class='ocrx_word' id='word_1_407' title='bbox 1707 5233 1924 5287; x_wconf 84' lang='lat' dir='ltr'><strong>theatris</strong></span> <span class='ocrx_word' id='word_1_408' title='bbox 1952 5245 2227 5288; x_wconf 89' lang='lat' dir='ltr'><strong>versantur</strong></span> <span class='ocrx_word' id='word_1_409' title='bbox 2269 5236 2344 5288; x_wconf 84' lang='lat' dir='ltr'><strong>la-</strong></span> 
     </span>
    </p>
   </div>
   <div class='ocr_carea' id='block_1_57' title="bbox 780 5323 2345 5397">
    <p class='ocr_par' dir='ltr' id='par_1_57' title="bbox 780 5323 2345 5397">
     <span class='ocr_line' id='line_1_57' title="bbox 780 5323 2345 5397; baseline 0.003 -19"><span class='ocrx_word' id='word_1_410' title='bbox 780 5324 946 5378; x_wconf 86' lang='lat' dir='ltr'><strong>scivia</strong></span> <span class='ocrx_word' id='word_1_411' title='bbox 976 5324 1231 5378; x_wconf 84' lang='lat' dir='ltr'><strong>vincunt?</strong></span> <span class='ocrx_word' id='word_1_412' title='bbox 1256 5323 1511 5393; x_wconf 88' lang='lat' dir='ltr'><strong>Quodque</strong></span> <span class='ocrx_word' id='word_1_413' title='bbox 1530 5326 1740 5393; x_wconf 84' lang='lat' dir='ltr'><strong>gravius</strong></span> <span class='ocrx_word' id='word_1_414' title='bbox 1769 5338 1865 5391; x_wconf 92' lang='lat' dir='ltr'><strong>est,</strong></span> <span class='ocrx_word' id='word_1_415' title='bbox 1901 5343 1965 5381; x_wconf 88' lang='lat' dir='ltr'><strong>ne</strong></span> <span class='ocrx_word' id='word_1_416' title='bbox 1989 5342 2207 5395; x_wconf 83' lang='lat' dir='ltr'><strong>peccare</strong></span> <span class='ocrx_word' id='word_1_417' title='bbox 2231 5330 2345 5397; x_wconf 87' lang='lat' dir='ltr'><strong>qui-</strong></span> 
     </span>
    </p>
   </div>
   <div class='ocr_carea' id='block_1_58' title="bbox 839 5446 2322 5499">
    <p class='ocr_par' dir='ltr' id='par_1_58' title="bbox 839 5446 2322 5499">
     <span class='ocr_line' id='line_1_58' title="bbox 839 5446 2322 5499; baseline 0.002 -3"><span class='ocrx_word' id='word_1_418' title='bbox 839 5448 856 5478; x_wconf 74' lang='grc' dir='ltr'>ί</span> <span class='ocrx_word' id='word_1_419' title='bbox 891 5447 1042 5496; x_wconf 81' lang='lat' dir='ltr'><strong>Juxta</strong></span> <span class='ocrx_word' id='word_1_420' title='bbox 1065 5451 1228 5496; x_wconf 87' lang='lat' dir='ltr'><strong>notam</strong></span> <span class='ocrx_word' id='word_1_421' title='bbox 1251 5448 1308 5497; x_wconf 88' lang='lat' dir='ltr'><strong>ad</strong></span> <span class='ocrx_word' id='word_1_422' title='bbox 1341 5460 1470 5496; x_wconf 87' lang='lat' dir='ltr'><strong>oram</strong></span> <span class='ocrx_word' id='word_1_423' title='bbox 1493 5446 1605 5496; x_wconf 87' lang='lat' dir='ltr'><strong>libri</strong></span> <span class='ocrx_word' id='word_1_424' title='bbox 1627 5447 1836 5496; x_wconf 64' lang='lat' dir='ltr'><strong>Lutetia)</strong></span> <span class='ocrx_word' id='word_1_425' title='bbox 1857 5461 1980 5496; x_wconf 88' lang='lat' dir='ltr'><strong>anno</strong></span> <span class='ocrx_word' id='word_1_426' title='bbox 2012 5447 2127 5495; x_wconf 78' lang='lat'><strong>1588</strong></span> <span class='ocrx_word' id='word_1_427' title='bbox 2156 5449 2322 5499; x_wconf 86' lang='lat' dir='ltr'><strong>excusi</strong></span> 
     </span>
    </p>
   </div>
   <div class='ocr_carea' id='block_1_59' title="bbox 779 5507 2322 5570">
    <p class='ocr_par' dir='ltr' id='par_1_59' title="bbox 779 5507 2322 5570">
     <span class='ocr_line' id='line_1_59' title="bbox 779 5507 2322 5570; baseline 0.003 -16"><span class='ocrx_word' id='word_1_428' title='bbox 779 5509 1003 5570; x_wconf 75' lang='lat' dir='ltr'><strong>positam,</strong></span> <span class='ocrx_word' id='word_1_429' title='bbox 1034 5509 1299 5570; x_wconf 85' lang='lat' dir='ltr'><strong>legendum</strong></span> <span class='ocrx_word' id='word_1_430' title='bbox 1333 5514 1426 5567; x_wconf 88' lang='lat' dir='ltr'><strong>est,</strong></span> <span class='ocrx_word' id='word_1_431' title='bbox 1462 5507 1709 5569; x_wconf 79' lang='lat' dir='ltr'><strong>indagines</strong></span> <span class='ocrx_word' id='word_1_432' title='bbox 1735 5507 2174 5570; x_wconf 67' lang='lat' dir='ltr'><strong>(nsptnerdanara),</strong></span> <span class='ocrx_word' id='word_1_433' title='bbox 2218 5524 2322 5569; x_wconf 89' lang='lat' dir='ltr'><strong>pro,</strong></span> 
     </span>
    </p>
   </div>
   <div class='ocr_carea' id='block_1_60' title="bbox 777 5567 2323 5639">
    <p class='ocr_par' dir='ltr' id='par_1_60' title="bbox 777 5567 2323 5639">
     <span class='ocr_line' id='line_1_60' title="bbox 777 5567 2323 5639; baseline 0.003 -24"><span class='ocrx_word' id='word_1_434' title='bbox 777 5571 881 5639; x_wconf 75' lang='lat' dir='ltr'><strong>alas</strong></span> <span class='ocrx_word' id='word_1_435' title='bbox 917 5568 1004 5630; x_wconf 84' lang='grc' dir='ltr'><strong>(τὰ</strong></span> <span class='ocrx_word' id='word_1_436' title='bbox 1021 5567 1233 5639; x_wconf 38' lang='lat' dir='ltr'><strong>prima).</strong></span> <span class='ocrx_word' id='word_1_437' title='bbox 1279 5569 1376 5617; x_wconf 87' lang='lat' dir='ltr'><strong>Sed</strong></span> <span class='ocrx_word' id='word_1_438' title='bbox 1430 5570 1530 5616; x_wconf 83' lang='lat' dir='ltr'><strong>haec</strong></span> <span class='ocrx_word' id='word_1_439' title='bbox 1569 5567 2007 5639; x_wconf 74' lang='lat' dir='ltr'><strong>mutatiomiuime</strong></span> <span class='ocrx_word' id='word_1_440' title='bbox 2044 5567 2323 5638; x_wconf 74' lang='lat' dir='ltr'><strong>necessaria</strong></span> 
     </span>
    </p>
   </div>
   <div class='ocr_carea' id='block_1_61' title="bbox 783 5629 2324 5692">
    <p class='ocr_par' dir='ltr' id='par_1_61' title="bbox 783 5629 2324 5692">
     <span class='ocr_line' id='line_1_61' title="bbox 783 5629 2324 5692; baseline 0.006 -21"><span class='ocrx_word' id='word_1_441' title='bbox 783 5630 991 5678; x_wconf 69' lang='lat' dir='ltr'><strong>videtur.</strong></span> <span class='ocrx_word' id='word_1_442' title='bbox 1021 5629 1211 5678; x_wconf 83' lang='lat' dir='ltr'><strong>Boisius</strong></span> <span class='ocrx_word' id='word_1_443' title='bbox 1240 5643 1402 5692; x_wconf 82' lang='lat' dir='ltr'><strong>vocem</strong></span> <span class='ocrx_word' id='word_1_444' title='bbox 1444 5631 1588 5691; x_wconf 83' lang='grc' dir='ltr'>πτερά</span> <span class='ocrx_word' id='word_1_445' title='bbox 1621 5635 1835 5678; x_wconf 86' lang='lat' dir='ltr'><strong>retinet:</strong></span> <span class='ocrx_word' id='word_1_446' title='bbox 1862 5638 1938 5678; x_wconf 85' lang='lat' dir='ltr'><strong>est</strong></span> <span class='ocrx_word' id='word_1_447' title='bbox 1976 5629 2122 5686; x_wconf 88' lang='lat' dir='ltr'><strong>enim,</strong></span> <span class='ocrx_word' id='word_1_448' title='bbox 2167 5629 2324 5692; x_wconf 89' lang='lat' dir='ltr'><strong>inquit</strong></span> 
     </span>
    </p>
   </div>
   <div class='ocr_carea' id='block_1_62' title="bbox 779 5690 2320 5754">
    <p class='ocr_par' dir='ltr' id='par_1_62' title="bbox 779 5690 2320 5754">
     <span class='ocr_line' id='line_1_62' title="bbox 779 5690 2320 5754; baseline 0.003 -16"><span class='ocrx_word' id='word_1_449' title='bbox 779 5693 886 5751; x_wconf 82' lang='lat' dir='ltr'><strong>ille,</strong></span> <span class='ocrx_word' id='word_1_450' title='bbox 901 5691 1102 5753; x_wconf 88' lang='lat' dir='ltr'><strong>elegans</strong></span> <span class='ocrx_word' id='word_1_451' title='bbox 1121 5692 1296 5742; x_wconf 85' lang='lat' dir='ltr'><strong>allusio</strong></span> <span class='ocrx_word' id='word_1_452' title='bbox 1307 5690 1364 5741; x_wconf 85' lang='lat' dir='ltr'><strong>ad</strong></span> <span class='ocrx_word' id='word_1_453' title='bbox 1381 5690 1562 5752; x_wconf 85' lang='lat' dir='ltr'><strong>pennas</strong></span> <span class='ocrx_word' id='word_1_454' title='bbox 1585 5694 1982 5751; x_wconf 83' lang='lat' dir='ltr'><strong>pavoniscrcctas</strong></span> <span class='ocrx_word' id='word_1_455' title='bbox 2002 5690 2320 5754; x_wconf 65' lang='lat' dir='ltr'><strong>ctexpauéas.</strong></span> 
     </span>
    </p>
   </div>
   <div class='ocr_carea' id='block_1_63' title="bbox 2441 445 3987 518">
    <p class='ocr_par' dir='ltr' id='par_1_63' title="bbox 2441 445 3987 518">
     <span class='ocr_line' id='line_1_63' title="bbox 2441 445 3987 518; baseline 0.002 -19"><span class='ocrx_word' id='word_1_456' title='bbox 2441 445 2558 499; x_wconf 90' lang='lat' dir='ltr'><strong>dem</strong></span> <span class='ocrx_word' id='word_1_457' title='bbox 2587 461 2644 499; x_wconf 90' lang='lat' dir='ltr'><strong>se</strong></span> <span class='ocrx_word' id='word_1_458' title='bbox 2672 457 2871 515; x_wconf 80' lang='lat' dir='ltr'><strong>putant.</strong></span> <span class='ocrx_word' id='word_1_459' title='bbox 2906 447 3025 500; x_wconf 86' lang='lat' dir='ltr'><strong>Ideo</strong></span> <span class='ocrx_word' id='word_1_460' title='bbox 3063 447 3313 500; x_wconf 82' lang='lat' dir='ltr'><strong>adversus</strong></span> <span class='ocrx_word' id='word_1_461' title='bbox 3348 448 3459 500; x_wconf 82' lang='lat' dir='ltr'><strong>illas</strong></span> <span class='ocrx_word' id='word_1_462' title='bbox 3487 462 3581 499; x_wconf 73' lang='lat' dir='ltr'><strong>vox</strong></span> <span class='ocrx_word' id='word_1_463' title='bbox 3613 454 3879 516; x_wconf 68' lang='lat' dir='ltr'><strong>pr0pltcta2</strong></span> <span class='ocrx_word' id='word_1_464' title='bbox 3905 463 3987 518; x_wconf 81' lang='lat' dir='ltr'><strong>0p-</strong></span> 
     </span>
    </p>
   </div>
   <div class='ocr_carea' id='block_1_64' title="bbox 2441 539 3982 606">
    <p class='ocr_par' dir='ltr' id='par_1_64' title="bbox 2441 539 3982 606">
     <span class='ocr_line' id='line_1_64' title="bbox 2441 539 3982 606; baseline 0.003 -16"><span class='ocrx_word' id='word_1_465' title='bbox 2441 539 2678 606; x_wconf 88' lang='lat' dir='ltr'><strong>ponenda</strong></span> <span class='ocrx_word' id='word_1_466' title='bbox 2718 548 2816 592; x_wconf 75' lang='lat' dir='ltr'><strong>est.</strong></span> <span class='ocrx_word' id='word_1_467' title='bbox 2851 539 2962 592; x_wconf 81' lang='lat' dir='ltr'><strong>Non</strong></span> <span class='ocrx_word' id='word_1_468' title='bbox 3009 540 3176 593; x_wconf 76' lang='lat' dir='ltr'><strong>Solum</strong></span> <span class='ocrx_word' id='word_1_469' title='bbox 3208 540 3347 592; x_wconf 89' lang='lat' dir='ltr'><strong>enim</strong></span> <span class='ocrx_word' id='word_1_470' title='bbox 3386 541 3638 593; x_wconf 88' lang='lat' dir='ltr'><strong>adversus</strong></span> <span class='ocrx_word' id='word_1_471' title='bbox 3685 541 3801 593; x_wconf 92' lang='lat' dir='ltr'><strong>illas</strong></span> <span class='ocrx_word' id='word_1_472' title='bbox 3828 542 3982 595; x_wconf 91' lang='lat' dir='ltr'><strong>olim.</strong></span> 
     </span>
    </p>
   </div>
   <div class='ocr_carea' id='block_1_65' title="bbox 2440 627 3987 698">
    <p class='ocr_par' dir='ltr' id='par_1_65' title="bbox 2440 627 3987 698">
     <span class='ocr_line' id='line_1_65' title="bbox 2440 627 3987 698; baseline 0.003 -19"><span class='ocrx_word' id='word_1_473' title='bbox 2440 629 2530 680; x_wconf 89' lang='lat' dir='ltr'><strong>sed</strong></span> <span class='ocrx_word' id='word_1_474' title='bbox 2571 628 2726 681; x_wconf 90' lang='lat' dir='ltr'><strong>etiam</strong></span> <span class='ocrx_word' id='word_1_475' title='bbox 2767 627 3016 682; x_wconf 89' lang='lat' dir='ltr'><strong>adversus</strong></span> <span class='ocrx_word' id='word_1_476' title='bbox 3056 633 3147 681; x_wconf 90' lang='lat' dir='ltr'><strong>has</strong></span> <span class='ocrx_word' id='word_1_477' title='bbox 3192 629 3609 698; x_wconf 82' lang='lat' dir='ltr'><strong>pronuntiabitur</strong></span> <span class='ocrx_word' id='word_1_478' title='bbox 3641 629 3689 682; x_wconf 89' lang='lat' dir='ltr'><strong>id</strong></span> <span class='ocrx_word' id='word_1_479' title='bbox 3733 628 3868 698; x_wconf 87' lang='lat' dir='ltr'><strong>quod</strong></span> <span class='ocrx_word' id='word_1_480' title='bbox 3915 645 3987 683; x_wconf 85' lang='lat' dir='ltr'><strong>se-</strong></span> 
     </span>
    </p>
   </div>
   <div class='ocr_carea' id='block_1_66' title="bbox 2441 717 3991 789">
    <p class='ocr_par' dir='ltr' id='par_1_66' title="bbox 2441 717 3991 789">
     <span class='ocr_line' id='line_1_66' title="bbox 2441 717 3991 789; baseline 0.003 -22"><span class='ocrx_word' id='word_1_481' title='bbox 2441 719 2618 784; x_wconf 88' lang='lat' dir='ltr'><strong>quitur</strong></span> <span class='ocrx_word' id='word_1_482' title='bbox 2649 734 2661 770; x_wconf 70' lang='grc' dir='ltr'><strong>ι</strong></span> <span class='ocrx_word' id='word_1_483' title='bbox 2694 717 2805 770; x_wconf 87' lang='lat' dir='ltr'><strong>Erit</strong></span> <span class='ocrx_word' id='word_1_484' title='bbox 2850 736 2938 785; x_wconf 85' lang='lat' dir='ltr'><strong>pro</strong></span> <span class='ocrx_word' id='word_1_485' title='bbox 2968 721 3106 772; x_wconf 87' lang='lat' dir='ltr'><strong>suavi</strong></span> <span class='ocrx_word' id='word_1_486' title='bbox 3142 720 3292 772; x_wconf 86' lang='lat' dir='ltr'><strong>odore</strong></span> <span class='ocrx_word' id='word_1_487' title='bbox 3325 719 3504 789; x_wconf 68' lang='lat' dir='ltr'><strong>pulvis.</strong></span> <span class='ocrx_word' id='word_1_488' title='bbox 3542 719 3720 774; x_wconf 72' lang='lat' dir='ltr'><strong>Videu‘</strong></span> <span class='ocrx_word' id='word_1_489' title='bbox 3740 721 3991 788; x_wconf 90' lang='lat' dir='ltr'><strong>quomodo</strong></span> 
     </span>
    </p>
   </div>
   <div class='ocr_carea' id='block_1_67' title="bbox 2443 807 3991 879">
    <p class='ocr_par' dir='ltr' id='par_1_67' title="bbox 2443 807 3991 879">
     <span class='ocr_line' id='line_1_67' title="bbox 2443 807 3991 879; baseline 0.004 -21"><span class='ocrx_word' id='word_1_490' title='bbox 2443 807 2714 862; x_wconf 87' lang='lat' dir='ltr'><strong>unctiones</strong></span> <span class='ocrx_word' id='word_1_491' title='bbox 2745 811 2899 862; x_wconf 89' lang='lat' dir='ltr'><strong>etiam</strong></span> <span class='ocrx_word' id='word_1_492' title='bbox 2930 820 3306 876; x_wconf 82' lang='lat' dir='ltr'><strong>unguentorum</strong></span> <span class='ocrx_word' id='word_1_493' title='bbox 3339 809 3615 879; x_wconf 87' lang='lat' dir='ltr'><strong>reprobet,</strong></span> <span class='ocrx_word' id='word_1_494' title='bbox 3651 826 3991 878; x_wconf 84' lang='lat' dir='ltr'><strong>magnumque</strong></span> 
     </span>
    </p>
   </div>
   <div class='ocr_carea' id='block_1_68' title="bbox 2445 896 3996 968">
    <p class='ocr_par' dir='ltr' id='par_1_68' title="bbox 2445 896 3996 968">
     <span class='ocr_line' id='line_1_68' title="bbox 2445 896 3996 968; baseline 0.002 -20"><span class='ocrx_word' id='word_1_495' title='bbox 2445 896 2539 962; x_wconf 89' lang='lat' dir='ltr'><strong>ipsi</strong></span> <span class='ocrx_word' id='word_1_496' title='bbox 2569 897 2832 951; x_wconf 78' lang='lat' dir='ltr'><strong>adscribat</strong></span> <span class='ocrx_word' id='word_1_497' title='bbox 2871 900 3221 968; x_wconf 85' lang='lat' dir='ltr'><strong>supplicium?</strong></span> <span class='ocrx_word' id='word_1_498' title='bbox 3257 901 3530 954; x_wconf 89' lang='lat' dir='ltr'><strong>Pulverem</strong></span> <span class='ocrx_word' id='word_1_499' title='bbox 3571 901 3710 953; x_wconf 88' lang='lat' dir='ltr'><strong>enim</strong></span> <span class='ocrx_word' id='word_1_500' title='bbox 3753 901 3834 952; x_wconf 87' lang='lat' dir='ltr'><strong>hic</strong></span> <span class='ocrx_word' id='word_1_501' title='bbox 3877 899 3996 952; x_wconf 88' lang='lat' dir='ltr'><strong>dicit</strong></span> 
     </span>
    </p>
   </div>
   <div class='ocr_carea' id='block_1_69' title="bbox 2441 989 3994 1059">
    <p class='ocr_par' dir='ltr' id='par_1_69' title="bbox 2441 989 3994 1059">
     <span class='ocr_line' id='line_1_69' title="bbox 2441 989 3994 1059; baseline 0.002 -21"><span class='ocrx_word' id='word_1_502' title='bbox 2441 1003 2558 1039; x_wconf 89' lang='lat' dir='ltr'><strong>eum</strong></span> <span class='ocrx_word' id='word_1_503' title='bbox 2584 989 2670 1056; x_wconf 93' lang='lat' dir='ltr'><strong>qui</strong></span> <span class='ocrx_word' id='word_1_504' title='bbox 2697 990 2954 1043; x_wconf 83' lang='lat' dir='ltr'><strong>excitatur</strong></span> <span class='ocrx_word' id='word_1_505' title='bbox 2979 1000 3095 1059; x_wconf 93' lang='lat' dir='ltr'><strong>post</strong></span> <span class='ocrx_word' id='word_1_506' title='bbox 3123 991 3304 1046; x_wconf 89' lang='lat' dir='ltr'><strong>urbem</strong></span> <span class='ocrx_word' id='word_1_507' title='bbox 3325 1005 3566 1046; x_wconf 89' lang='lat' dir='ltr'><strong>eversam</strong></span> <span class='ocrx_word' id='word_1_508' title='bbox 3586 1000 3638 1046; x_wconf 92' lang='lat' dir='ltr'><strong>et</strong></span> <span class='ocrx_word' id='word_1_509' title='bbox 3660 991 3994 1045; x_wconf 76' lang='lat' dir='ltr'><strong>barbarorum</strong></span> 
     </span>
    </p>
   </div>
   <div class='ocr_carea' id='block_1_70' title="bbox 2444 1078 3994 1154">
    <p class='ocr_par' dir='ltr' id='par_1_70' title="bbox 2444 1078 3994 1154">
     <span class='ocr_line' id='line_1_70' title="bbox 2444 1078 3994 1154; baseline 0.003 -24"><span class='ocrx_word' id='word_1_510' title='bbox 2444 1078 2815 1135; x_wconf 88' lang='lat' dir='ltr'><strong>incursionem.</strong></span> <span class='ocrx_word' id='word_1_511' title='bbox 2849 1082 2976 1135; x_wconf 87' lang='lat' dir='ltr'><strong>Nam</strong></span> <span class='ocrx_word' id='word_1_512' title='bbox 3006 1084 3145 1136; x_wconf 87' lang='lat' dir='ltr'><strong>illam</strong></span> <span class='ocrx_word' id='word_1_513' title='bbox 3176 1083 3278 1154; x_wconf 90' lang='lat' dir='ltr'><strong>igni</strong></span> <span class='ocrx_word' id='word_1_514' title='bbox 3315 1093 3366 1138; x_wconf 90' lang='lat' dir='ltr'><strong>et</strong></span> <span class='ocrx_word' id='word_1_515' title='bbox 3394 1082 3532 1138; x_wconf 82' lang='lat' dir='ltr'><strong>ferro</strong></span> <span class='ocrx_word' id='word_1_516' title='bbox 3559 1093 3680 1137; x_wconf 92' lang='lat' dir='ltr'><strong>tunc</strong></span> <span class='ocrx_word' id='word_1_517' title='bbox 3705 1083 3994 1143; x_wconf 87' lang='lat' dir='ltr'><strong>diruerunt,</strong></span> 
     </span>
    </p>
   </div>
   <div class='ocr_carea' id='block_1_71' title="bbox 2443 1170 3996 1242">
    <p class='ocr_par' dir='ltr' id='par_1_71' title="bbox 2443 1170 3996 1242">
     <span class='ocr_line' id='line_1_71' title="bbox 2443 1170 3996 1242; baseline 0.003 -22"><span class='ocrx_word' id='word_1_518' title='bbox 2443 1170 2586 1223; x_wconf 85' lang='lat' dir='ltr'><strong>aliud</strong></span> <span class='ocrx_word' id='word_1_519' title='bbox 2635 1171 2942 1236; x_wconf 85' lang='lat' dir='ltr'><strong>diruentes,</strong></span> <span class='ocrx_word' id='word_1_520' title='bbox 2983 1173 3123 1226; x_wconf 87' lang='lat' dir='ltr'><strong>aliud</strong></span> <span class='ocrx_word' id='word_1_521' title='bbox 3169 1173 3274 1242; x_wconf 89' lang='lat' dir='ltr'><strong>igni</strong></span> <span class='ocrx_word' id='word_1_522' title='bbox 3331 1173 3615 1228; x_wconf 87' lang='lat' dir='ltr'><strong>tradentes.</strong></span> <span class='ocrx_word' id='word_1_523' title='bbox 3659 1173 3782 1227; x_wconf 63' lang='lat' dir='ltr'><strong>Haec</strong></span> <span class='ocrx_word' id='word_1_524' title='bbox 3827 1174 3996 1241; x_wconf 88' lang='lat' dir='ltr'><strong>itaque</strong></span> 
     </span>
    </p>
   </div>
   <div class='ocr_carea' id='block_1_72' title="bbox 2446 1263 3998 1335">
    <p class='ocr_par' dir='ltr' id='par_1_72' title="bbox 2446 1263 3998 1335">
     <span class='ocr_line' id='line_1_72' title="bbox 2446 1263 3998 1335; baseline 0.005 -27"><span class='ocrx_word' id='word_1_525' title='bbox 2446 1264 2797 1327; x_wconf 70' lang='lat' dir='ltr'><strong>praenuntians</strong></span> <span class='ocrx_word' id='word_1_526' title='bbox 2815 1264 3020 1317; x_wconf 86' lang='lat' dir='ltr'><strong>dicebat</strong></span> <span class='ocrx_word' id='word_1_527' title='bbox 3045 1284 3055 1318; x_wconf 91' lang='lat'>:</span> <span class='ocrx_word' id='word_1_528' title='bbox 3083 1263 3182 1317; x_wconf 89' lang='lat' dir='ltr'><strong>Pro</strong></span> <span class='ocrx_word' id='word_1_529' title='bbox 3206 1266 3347 1318; x_wconf 84' lang='lat' dir='ltr'><strong>suavi</strong></span> <span class='ocrx_word' id='word_1_530' title='bbox 3367 1266 3516 1319; x_wconf 86' lang='lat' dir='ltr'><strong>odore</strong></span> <span class='ocrx_word' id='word_1_531' title='bbox 3532 1266 3690 1335; x_wconf 86' lang='lat' dir='ltr'><strong>pulvis</strong></span> <span class='ocrx_word' id='word_1_532' title='bbox 3713 1266 3822 1326; x_wconf 87' lang='lat' dir='ltr'><strong>erit,</strong></span> <span class='ocrx_word' id='word_1_533' title='bbox 3845 1273 3894 1316; x_wconf 88' lang='lat' dir='ltr'><strong>et</strong></span> <span class='ocrx_word' id='word_1_534' title='bbox 3917 1281 3998 1330; x_wconf 87' lang='lat' dir='ltr'><strong>pro</strong></span> 
     </span>
    </p>
   </div>
   <div class='ocr_carea' id='block_1_73' title="bbox 2444 1353 3998 1426">
    <p class='ocr_par' dir='ltr' id='par_1_73' title="bbox 2444 1353 3998 1426">
     <span class='ocr_line' id='line_1_73' title="bbox 2444 1353 3998 1426; baseline 0.003 -24"><span class='ocrx_word' id='word_1_535' title='bbox 2444 1366 2570 1403; x_wconf 78' lang='lat' dir='ltr'><strong>zona</strong></span> <span class='ocrx_word' id='word_1_536' title='bbox 2599 1353 2820 1422; x_wconf 80' lang='lat' dir='ltr'><strong>funiculo</strong></span> <span class='ocrx_word' id='word_1_537' title='bbox 2848 1356 3057 1424; x_wconf 85' lang='lat' dir='ltr'><strong>cingcris</strong></span> <span class='ocrx_word' id='word_1_538' title='bbox 3074 1373 3093 1419; x_wconf 91' lang='lat'><strong><em>;</em></strong></span> <span class='ocrx_word' id='word_1_539' title='bbox 3122 1357 3221 1409; x_wconf 89' lang='lat' dir='ltr'><strong>sub</strong></span> <span class='ocrx_word' id='word_1_540' title='bbox 3253 1357 3431 1410; x_wconf 88' lang='lat' dir='ltr'><strong>oculos</strong></span> <span class='ocrx_word' id='word_1_541' title='bbox 3462 1370 3660 1426; x_wconf 90' lang='lat' dir='ltr'><strong>ponens</strong></span> <span class='ocrx_word' id='word_1_542' title='bbox 3688 1355 3998 1424; x_wconf 87' lang='lat' dir='ltr'><strong>captivitatis</strong></span> 
     </span>
    </p>
   </div>
   <div class='ocr_carea' id='block_1_74' title="bbox 2446 1441 3999 1507">
    <p class='ocr_par' dir='ltr' id='par_1_74' title="bbox 2446 1441 3999 1507">
     <span class='ocr_line' id='line_1_74' title="bbox 2446 1441 3999 1507; baseline 0.003 -15"><span class='ocrx_word' id='word_1_543' title='bbox 2446 1441 2666 1494; x_wconf 80' lang='lat' dir='ltr'><strong>formam</strong></span> <span class='ocrx_word' id='word_1_544' title='bbox 2691 1484 2704 1507; x_wconf 91' lang='lat'><strong>,</strong></span> <span class='ocrx_word' id='word_1_545' title='bbox 2737 1453 2789 1497; x_wconf 93' lang='lat' dir='ltr'><strong>et</strong></span> <span class='ocrx_word' id='word_1_546' title='bbox 2825 1444 3189 1500; x_wconf 85' lang='lat' dir='ltr'><strong>abductionem</strong></span> <span class='ocrx_word' id='word_1_547' title='bbox 3219 1448 3268 1500; x_wconf 92' lang='lat' dir='ltr'><strong>in</strong></span> <span class='ocrx_word' id='word_1_548' title='bbox 3302 1446 3642 1500; x_wconf 90' lang='lat' dir='ltr'><strong>barbarorum</strong></span> <span class='ocrx_word' id='word_1_549' title='bbox 3683 1456 3898 1500; x_wconf 88' lang='lat' dir='ltr'><strong>terram.</strong></span> <span class='ocrx_word' id='word_1_550' title='bbox 3939 1444 3999 1498; x_wconf 86' lang='lat' dir='ltr'><strong>Et</strong></span> 
     </span>
    </p>
   </div>
   <div class='ocr_carea' id='block_1_75' title="bbox 2445 1534 4000 1604">
    <p class='ocr_par' dir='ltr' id='par_1_75' title="bbox 2445 1534 4000 1604">
     <span class='ocr_line' id='line_1_75' title="bbox 2445 1534 4000 1604; baseline 0.006 -24"><span class='ocrx_word' id='word_1_551' title='bbox 2445 1549 2534 1599; x_wconf 86' lang='lat' dir='ltr'><strong>pro</strong></span> <span class='ocrx_word' id='word_1_552' title='bbox 2555 1544 2842 1587; x_wconf 90' lang='lat' dir='ltr'><strong>ornamento</strong></span> <span class='ocrx_word' id='word_1_553' title='bbox 2861 1534 3036 1603; x_wconf 85' lang='lat' dir='ltr'><strong>capitis</strong></span> <span class='ocrx_word' id='word_1_554' title='bbox 3059 1537 3129 1588; x_wconf 88' lang='lat' dir='ltr'><strong>tui</strong></span> <span class='ocrx_word' id='word_1_555' title='bbox 3152 1537 3391 1590; x_wconf 84' lang='lat' dir='ltr'><strong>calvitient</strong></span> <span class='ocrx_word' id='word_1_556' title='bbox 3415 1537 3646 1599; x_wconf 84' lang='lat' dir='ltr'><strong>habebis;</strong></span> <span class='ocrx_word' id='word_1_557' title='bbox 3674 1537 3782 1589; x_wconf 82' lang='lat' dir='ltr'><strong>sive</strong></span> <span class='ocrx_word' id='word_1_558' title='bbox 3801 1535 4000 1604; x_wconf 81' lang='lat' dir='ltr'><strong>capillis</strong></span> 
     </span>
    </p>
   </div>
   <div class='ocr_carea' id='block_1_76' title="bbox 2445 1624 3999 1696">
    <p class='ocr_par' dir='ltr' id='par_1_76' title="bbox 2445 1624 3999 1696">
     <span class='ocr_line' id='line_1_76' title="bbox 2445 1624 3999 1696; baseline 0.003 -21"><span class='ocrx_word' id='word_1_559' title='bbox 2445 1624 2512 1676; x_wconf 94' lang='lat' dir='ltr'><strong>ob</strong></span> <span class='ocrx_word' id='word_1_560' title='bbox 2538 1625 2802 1678; x_wconf 90' lang='lat' dir='ltr'><strong>miseriam</strong></span> <span class='ocrx_word' id='word_1_561' title='bbox 2829 1625 3200 1691; x_wconf 85' lang='lat' dir='ltr'><strong>deﬂuentibus,</strong></span> <span class='ocrx_word' id='word_1_562' title='bbox 3233 1627 3344 1681; x_wconf 88' lang='lat' dir='ltr'><strong>sive</strong></span> <span class='ocrx_word' id='word_1_563' title='bbox 3371 1627 3418 1680; x_wconf 91' lang='lat' dir='ltr'><strong>id</strong></span> <span class='ocrx_word' id='word_1_564' title='bbox 3447 1627 3720 1696; x_wconf 88' lang='lat' dir='ltr'><strong>agentibus</strong></span> <span class='ocrx_word' id='word_1_565' title='bbox 3745 1627 3999 1688; x_wconf 85' lang='lat' dir='ltr'><strong>hostibus,</strong></span> 
     </span>
    </p>
   </div>
   <div class='ocr_carea' id='block_1_77' title="bbox 2445 1713 4001 1784">
    <p class='ocr_par' dir='ltr' id='par_1_77' title="bbox 2445 1713 4001 1784">
     <span class='ocr_line' id='line_1_77' title="bbox 2445 1713 4001 1784; baseline 0.003 -20"><span class='ocrx_word' id='word_1_566' title='bbox 2445 1713 2556 1766; x_wconf 88' lang='lat' dir='ltr'><strong>sive</strong></span> <span class='ocrx_word' id='word_1_567' title='bbox 2586 1713 2710 1780; x_wconf 79' lang='lat' dir='ltr'><strong>ipsis</strong></span> <span class='ocrx_word' id='word_1_568' title='bbox 2741 1715 2938 1784; x_wconf 78' lang='lat' dir='ltr'><strong>seipsas</strong></span> <span class='ocrx_word' id='word_1_569' title='bbox 2964 1716 3318 1770; x_wconf 79' lang='lat' dir='ltr'><strong>tondentibus.</strong></span> <span class='ocrx_word' id='word_1_570' title='bbox 3344 1717 3454 1772; x_wconf 82' lang='lat' dir='ltr'><strong>Mos</strong></span> <span class='ocrx_word' id='word_1_571' title='bbox 3478 1717 3616 1770; x_wconf 91' lang='lat' dir='ltr'><strong>enim</strong></span> <span class='ocrx_word' id='word_1_572' title='bbox 3657 1725 3770 1771; x_wconf 90' lang='lat' dir='ltr'><strong>erat</strong></span> <span class='ocrx_word' id='word_1_573' title='bbox 3798 1716 3928 1770; x_wconf 90' lang='lat' dir='ltr'><strong>olim</strong></span> <span class='ocrx_word' id='word_1_574' title='bbox 3956 1717 4001 1769; x_wconf 93' lang='lat' dir='ltr'><strong>in</strong></span> 
     </span>
    </p>
   </div>
   <div class='ocr_carea' id='block_1_78' title="bbox 2449 1801 3994 1862">
    <p class='ocr_par' dir='ltr' id='par_1_78' title="bbox 2449 1801 3994 1862">
     <span class='ocr_line' id='line_1_78' title="bbox 2449 1801 3994 1862; baseline 0.003 -9"><span class='ocrx_word' id='word_1_575' title='bbox 2449 1801 2590 1855; x_wconf 90' lang='lat' dir='ltr'><strong>luctu</strong></span> <span class='ocrx_word' id='word_1_576' title='bbox 2625 1813 2676 1855; x_wconf 87' lang='lat' dir='ltr'><strong>et</strong></span> <span class='ocrx_word' id='word_1_577' title='bbox 2713 1806 3008 1858; x_wconf 87' lang='lat' dir='ltr'><strong>calamitate</strong></span> <span class='ocrx_word' id='word_1_578' title='bbox 3052 1821 3168 1860; x_wconf 90' lang='lat' dir='ltr'><strong>sese</strong></span> <span class='ocrx_word' id='word_1_579' title='bbox 3208 1806 3424 1860; x_wconf 87' lang='lat' dir='ltr'><strong>tondere</strong></span> <span class='ocrx_word' id='word_1_580' title='bbox 3451 1816 3502 1860; x_wconf 93' lang='lat' dir='ltr'><strong>et</strong></span> <span class='ocrx_word' id='word_1_581' title='bbox 3533 1807 3739 1862; x_wconf 89' lang='lat' dir='ltr'><strong>radere.</strong></span> <span class='ocrx_word' id='word_1_582' title='bbox 3785 1806 3994 1860; x_wconf 87' lang='lat' dir='ltr'><strong>Etenim</strong></span> 
     </span>
    </p>
   </div>
   <div class='ocr_carea' id='block_1_79' title="bbox 2445 1891 4003 1966">
    <p class='ocr_par' dir='ltr' id='par_1_79' title="bbox 2445 1891 4003 1966">
     <span class='ocr_line' id='line_1_79' title="bbox 2445 1891 4003 1966; baseline 0.002 -23"><span class='ocrx_word' id='word_1_583' title='bbox 2445 1891 2571 1955; x_wconf 84' lang='lat' dir='ltr'><strong>Job,</strong></span> <span class='ocrx_word' id='word_1_584' title='bbox 2601 1893 2772 1946; x_wconf 86' lang='lat' dir='ltr'><strong>audita</strong></span> <span class='ocrx_word' id='word_1_585' title='bbox 2808 1894 3091 1948; x_wconf 89' lang='lat' dir='ltr'><strong>liberorum</strong></span> <span class='ocrx_word' id='word_1_586' title='bbox 3114 1895 3424 1958; x_wconf 84' lang='lat' dir='ltr'><strong>calamitate,</strong></span> <span class='ocrx_word' id='word_1_587' title='bbox 3451 1905 3606 1966; x_wconf 89' lang='lat' dir='ltr'><strong>caput</strong></span> <span class='ocrx_word' id='word_1_588' title='bbox 3629 1895 3852 1949; x_wconf 90' lang='lat' dir='ltr'><strong>totondit</strong></span> <span class='ocrx_word' id='word_1_589' title='bbox 3877 1895 4003 1961; x_wconf 82' lang='lat' dir='ltr'><strong>(Job</strong></span> 
     </span>
    </p>
   </div>
   <div class='ocr_carea' id='block_1_80' title="bbox 2447 1981 4004 2055">
    <p class='ocr_par' dir='ltr' id='par_1_80' title="bbox 2447 1981 4004 2055">
     <span class='ocr_line' id='line_1_80' title="bbox 2447 1981 4004 2055; baseline 0.003 -22"><span class='ocrx_word' id='word_1_590' title='bbox 2447 1983 2496 2034; x_wconf 88' lang='lat' dir='ltr'><strong>l.</strong></span> <span class='ocrx_word' id='word_1_591' title='bbox 2524 1982 2592 2036; x_wconf 75' lang='lat'><strong>20</strong></span> <span class='ocrx_word' id='word_1_592' title='bbox 2614 1981 2651 2052; x_wconf 88' lang='lat'><strong>).</strong></span> <span class='ocrx_word' id='word_1_593' title='bbox 2684 1984 2746 2036; x_wconf 86' lang='lat' dir='ltr'><strong>Et</strong></span> <span class='ocrx_word' id='word_1_594' title='bbox 2779 1985 2830 2037; x_wconf 90' lang='lat' dir='ltr'><strong>in</strong></span> <span class='ocrx_word' id='word_1_595' title='bbox 2861 1985 3197 2054; x_wconf 85' lang='lat' dir='ltr'><strong>sequentibus</strong></span> <span class='ocrx_word' id='word_1_596' title='bbox 3223 1986 3294 2040; x_wconf 89' lang='lat' dir='ltr'><strong>ait</strong></span> <span class='ocrx_word' id='word_1_597' title='bbox 3325 1987 3593 2055; x_wconf 85' lang='lat' dir='ltr'><strong>propheta,</strong></span> <span class='ocrx_word' id='word_1_598' title='bbox 3627 2000 3746 2040; x_wconf 90' lang='lat' dir='ltr'><strong>eum</strong></span> <span class='ocrx_word' id='word_1_599' title='bbox 3773 2000 3928 2039; x_wconf 90' lang='lat' dir='ltr'><strong>sacco</strong></span> <span class='ocrx_word' id='word_1_600' title='bbox 3957 1994 4004 2039; x_wconf 91' lang='lat' dir='ltr'><strong>et</strong></span> 
     </span>
    </p>
   </div>
   <div class='ocr_carea' id='block_1_81' title="bbox 2447 2070 4004 2146">
    <p class='ocr_par' dir='ltr' id='par_1_81' title="bbox 2447 2070 4004 2146">
     <span class='ocr_line' id='line_1_81' title="bbox 2447 2070 4004 2146; baseline 0.004 -24"><span class='ocrx_word' id='word_1_601' title='bbox 2447 2070 2584 2125; x_wconf 91' lang='lat' dir='ltr'><strong>luctu</strong></span> <span class='ocrx_word' id='word_1_602' title='bbox 2603 2076 2759 2127; x_wconf 86' lang='lat' dir='ltr'><strong>etiam</strong></span> <span class='ocrx_word' id='word_1_603' title='bbox 2784 2074 3072 2129; x_wconf 81' lang='lat' dir='ltr'><strong>tonsiouetu</strong></span> <span class='ocrx_word' id='word_1_604' title='bbox 3097 2075 3318 2129; x_wconf 84' lang='lat' dir='ltr'><strong>futuram</strong></span> <span class='ocrx_word' id='word_1_605' title='bbox 3339 2075 3488 2145; x_wconf 90' lang='lat' dir='ltr'><strong>(Isai.</strong></span> <span class='ocrx_word' id='word_1_606' title='bbox 3511 2077 3596 2130; x_wconf 77' lang='grc'><strong>22.</strong></span> <span class='ocrx_word' id='word_1_607' title='bbox 3623 2077 3732 2146; x_wconf 75' lang='grc'><strong>12).</strong></span> <span class='ocrx_word' id='word_1_608' title='bbox 3757 2076 4004 2145; x_wconf 87' lang='lat' dir='ltr'><strong>Aliusque</strong></span> 
     </span>
    </p>
   </div>
   <div class='ocr_carea' id='block_1_82' title="bbox 2447 2164 4003 2236">
    <p class='ocr_par' dir='ltr' id='par_1_82' title="bbox 2447 2164 4003 2236">
     <span class='ocr_line' id='line_1_82' title="bbox 2447 2164 4003 2236; baseline 0.002 -21"><span class='ocrx_word' id='word_1_609' title='bbox 2447 2178 2656 2216; x_wconf 90' lang='lat' dir='ltr'><strong>rursum</strong></span> <span class='ocrx_word' id='word_1_610' title='bbox 2685 2164 2755 2217; x_wconf 90' lang='lat' dir='ltr'><strong>ait</strong></span> <span class='ocrx_word' id='word_1_611' title='bbox 2787 2181 2799 2218; x_wconf 92' lang='lat'><strong>:</strong></span> <span class='ocrx_word' id='word_1_612' title='bbox 2829 2164 2897 2217; x_wconf 89' lang='lat' dir='ltr'><strong>Et</strong></span> <span class='ocrx_word' id='word_1_613' title='bbox 2926 2165 3100 2219; x_wconf 82' lang='lat' dir='ltr'><strong>radere</strong></span> <span class='ocrx_word' id='word_1_614' title='bbox 3125 2177 3170 2220; x_wconf 87' lang='lat' dir='ltr'><strong>et</strong></span> <span class='ocrx_word' id='word_1_615' title='bbox 3192 2167 3394 2221; x_wconf 88' lang='lat' dir='ltr'><strong>tondere</strong></span> <span class='ocrx_word' id='word_1_616' title='bbox 3419 2184 3566 2236; x_wconf 83' lang='lat' dir='ltr'><strong>super</strong></span> <span class='ocrx_word' id='word_1_617' title='bbox 3591 2167 3724 2235; x_wconf 82' lang='lat' dir='ltr'><strong>ﬁlios</strong></span> <span class='ocrx_word' id='word_1_618' title='bbox 3753 2177 3861 2220; x_wconf 89' lang='lat' dir='ltr'><strong>tuos</strong></span> <span class='ocrx_word' id='word_1_619' title='bbox 3891 2169 4003 2221; x_wconf 87' lang='lat' dir='ltr'><strong>deli-</strong></span> 
     </span>
    </p>
   </div>
   <div class='ocr_carea' id='block_1_83' title="bbox 2446 2252 4004 2326">
    <p class='ocr_par' dir='ltr' id='par_1_83' title="bbox 2446 2252 4004 2326">
     <span class='ocr_line' id='line_1_83' title="bbox 2446 2252 4004 2326; baseline 0.003 -21"><span class='ocrx_word' id='word_1_620' title='bbox 2446 2263 2598 2306; x_wconf 90' lang='lat' dir='ltr'><strong>catos.</strong></span> <span class='ocrx_word' id='word_1_621' title='bbox 2622 2252 2690 2306; x_wconf 87' lang='lat' dir='ltr'><strong>Et</strong></span> <span class='ocrx_word' id='word_1_622' title='bbox 2711 2271 2801 2323; x_wconf 87' lang='lat' dir='ltr'><strong>pro</strong></span> <span class='ocrx_word' id='word_1_623' title='bbox 2827 2256 2994 2307; x_wconf 89' lang='lat' dir='ltr'><strong>tunica</strong></span> <span class='ocrx_word' id='word_1_624' title='bbox 3028 2271 3253 2324; x_wconf 87' lang='lat' dir='ltr'><strong>purpura</strong></span> <span class='ocrx_word' id='word_1_625' title='bbox 3295 2257 3490 2310; x_wconf 86' lang='lat' dir='ltr'><strong>clavata</strong></span> <span class='ocrx_word' id='word_1_626' title='bbox 3520 2259 3836 2326; x_wconf 78' lang='lat' dir='ltr'><strong>prtecingeris</strong></span> <span class='ocrx_word' id='word_1_627' title='bbox 3863 2274 4004 2310; x_wconf 85' lang='lat' dir='ltr'><strong>sacco</strong></span> 
     </span>
    </p>
   </div>
   <div class='ocr_carea' id='block_1_84' title="bbox 2447 2346 4000 2416">
    <p class='ocr_par' dir='ltr' id='par_1_84' title="bbox 2447 2346 4000 2416">
     <span class='ocr_line' id='line_1_84' title="bbox 2447 2346 4000 2416; baseline 0.002 -18"><span class='ocrx_word' id='word_1_628' title='bbox 2447 2346 2646 2416; x_wconf 83' lang='lat' dir='ltr'><strong>(Mich.</strong></span> <span class='ocrx_word' id='word_1_629' title='bbox 2689 2349 2738 2400; x_wconf 90' lang='lat' dir='ltr'><strong>l.</strong></span> <span class='ocrx_word' id='word_1_630' title='bbox 2772 2347 2894 2416; x_wconf 78' lang='grc'><strong>16).</strong></span> <span class='ocrx_word' id='word_1_631' title='bbox 2926 2349 3112 2400; x_wconf 85' lang='lat' dir='ltr'><strong>Annon</strong></span> <span class='ocrx_word' id='word_1_632' title='bbox 3157 2348 3268 2402; x_wconf 71' lang='lat' dir='ltr'><strong>hare</strong></span> <span class='ocrx_word' id='word_1_633' title='bbox 3300 2350 3550 2403; x_wconf 82' lang='lat' dir='ltr'><strong>terribilia</strong></span> <span class='ocrx_word' id='word_1_634' title='bbox 3580 2360 3632 2404; x_wconf 91' lang='lat' dir='ltr'><strong>et</strong></span> <span class='ocrx_word' id='word_1_635' title='bbox 3673 2350 4000 2407; x_wconf 85' lang='lat' dir='ltr'><strong>intoleranda</strong></span> 
     </span>
    </p>
   </div>
   <div class='ocr_carea' id='block_1_85' title="bbox 2445 2437 4006 2510">
    <p class='ocr_par' dir='ltr' id='par_1_85' title="bbox 2445 2437 4006 2510">
     <span class='ocr_line' id='line_1_85' title="bbox 2445 2437 4006 2510; baseline 0.002 -19"><span class='ocrx_word' id='word_1_636' title='bbox 2445 2452 2564 2492; x_wconf 88' lang='lat' dir='ltr'><strong>esse</strong></span> <span class='ocrx_word' id='word_1_637' title='bbox 2587 2437 2862 2492; x_wconf 87' lang='lat' dir='ltr'><strong>videntur?</strong></span> <span class='ocrx_word' id='word_1_638' title='bbox 2885 2438 3074 2493; x_wconf 84' lang='lat' dir='ltr'><strong>Verum</strong></span> <span class='ocrx_word' id='word_1_639' title='bbox 3101 2440 3233 2506; x_wconf 89' lang='lat' dir='ltr'><strong>apud</strong></span> <span class='ocrx_word' id='word_1_640' title='bbox 3257 2454 3354 2498; x_wconf 91' lang='lat' dir='ltr'><strong>nos</strong></span> <span class='ocrx_word' id='word_1_641' title='bbox 3380 2456 3481 2494; x_wconf 86' lang='lat' dir='ltr'><strong>non</strong></span> <span class='ocrx_word' id='word_1_642' title='bbox 3509 2440 3595 2495; x_wconf 92' lang='lat' dir='ltr'><strong>hic</strong></span> <span class='ocrx_word' id='word_1_643' title='bbox 3620 2440 3840 2510; x_wconf 87' lang='lat' dir='ltr'><strong>gradum</strong></span> <span class='ocrx_word' id='word_1_644' title='bbox 3862 2441 4006 2494; x_wconf 78' lang='lat' dir='ltr'><strong>sistet</strong></span> 
     </span>
    </p>
   </div>
   <div class='ocr_carea' id='block_1_86' title="bbox 2449 2528 4009 2596">
    <p class='ocr_par' dir='ltr' id='par_1_86' title="bbox 2449 2528 4009 2596">
     <span class='ocr_line' id='line_1_86' title="bbox 2449 2528 4009 2596; baseline 0.002 -17"><span class='ocrx_word' id='word_1_645' title='bbox 2449 2528 2575 2583; x_wconf 89' lang='lat' dir='ltr'><strong>ultio</strong></span> <span class='ocrx_word' id='word_1_646' title='bbox 2597 2570 2610 2593; x_wconf 92' lang='lat'><strong>,</strong></span> <span class='ocrx_word' id='word_1_647' title='bbox 2645 2530 2735 2583; x_wconf 90' lang='lat' dir='ltr'><strong>sed</strong></span> <span class='ocrx_word' id='word_1_648' title='bbox 2765 2531 2956 2582; x_wconf 85' lang='lat' dir='ltr'><strong>vermis</strong></span> <span class='ocrx_word' id='word_1_649' title='bbox 2982 2542 3288 2596; x_wconf 89' lang='lat' dir='ltr'><strong>venenatus,</strong></span> <span class='ocrx_word' id='word_1_650' title='bbox 3321 2530 3414 2585; x_wconf 91' lang='lat' dir='ltr'><strong>sed</strong></span> <span class='ocrx_word' id='word_1_651' title='bbox 3441 2531 3668 2584; x_wconf 72' lang='lat' dir='ltr'><strong>tenebra:</strong></span> <span class='ocrx_word' id='word_1_652' title='bbox 3705 2530 4009 2584; x_wconf 78' lang='lat' dir='ltr'><strong>intermina-</strong></span> 
     </span>
    </p>
   </div>
   <div class='ocr_carea' id='block_1_87' title="bbox 2449 2619 4008 2689">
    <p class='ocr_par' dir='ltr' id='par_1_87' title="bbox 2449 2619 4008 2689">
     <span class='ocr_line' id='line_1_87' title="bbox 2449 2619 4008 2689; baseline 0.001 -17"><span class='ocrx_word' id='word_1_653' title='bbox 2449 2619 2577 2673; x_wconf 90' lang='lat' dir='ltr'><strong>biles</strong></span> <span class='ocrx_word' id='word_1_654' title='bbox 2602 2620 2880 2689; x_wconf 81' lang='lat' dir='ltr'><strong>excipient.</strong></span> <span class='ocrx_word' id='word_1_655' title='bbox 2906 2620 2960 2675; x_wconf 91' lang='lat' dir='ltr'><strong>Si</strong></span> <span class='ocrx_word' id='word_1_656' title='bbox 2984 2621 3121 2674; x_wconf 89' lang='lat' dir='ltr'><strong>enim</strong></span> <span class='ocrx_word' id='word_1_657' title='bbox 3167 2621 3285 2674; x_wconf 89' lang='lat' dir='ltr'><strong>illos</strong></span> <span class='ocrx_word' id='word_1_658' title='bbox 3314 2621 3586 2689; x_wconf 82' lang='lat' dir='ltr'><strong>captivitas</strong></span> <span class='ocrx_word' id='word_1_659' title='bbox 3607 2661 3621 2685; x_wconf 89' lang='lat'><strong>,</strong></span> <span class='ocrx_word' id='word_1_660' title='bbox 3664 2621 3893 2675; x_wconf 87' lang='lat' dir='ltr'><strong>servitus</strong></span> <span class='ocrx_word' id='word_1_661' title='bbox 3917 2663 3931 2685; x_wconf 91' lang='lat'><strong>,</strong></span> <span class='ocrx_word' id='word_1_662' title='bbox 3959 2632 4008 2674; x_wconf 92' lang='lat' dir='ltr'><strong>et</strong></span> 
     </span>
    </p>
   </div>
   <div class='ocr_carea' id='block_1_88' title="bbox 2449 2711 4007 2781">
    <p class='ocr_par' dir='ltr' id='par_1_88' title="bbox 2449 2711 4007 2781">
     <span class='ocr_line' id='line_1_88' title="bbox 2449 2711 4007 2781; baseline -0.001 -18"><span class='ocrx_word' id='word_1_663' title='bbox 2449 2721 2682 2763; x_wconf 80' lang='lat' dir='ltr'><strong>extrema</strong></span> <span class='ocrx_word' id='word_1_664' title='bbox 2724 2713 2857 2762; x_wconf 87' lang='lat' dir='ltr'><strong>mala</strong></span> <span class='ocrx_word' id='word_1_665' title='bbox 2888 2720 3243 2778; x_wconf 81' lang='lat' dir='ltr'><strong>exceperunt,</strong></span> <span class='ocrx_word' id='word_1_666' title='bbox 3277 2711 3433 2781; x_wconf 88' lang='lat' dir='ltr'><strong>idque</strong></span> <span class='ocrx_word' id='word_1_667' title='bbox 3474 2726 3568 2779; x_wconf 89' lang='lat' dir='ltr'><strong>pro</strong></span> <span class='ocrx_word' id='word_1_668' title='bbox 3608 2719 3797 2764; x_wconf 89' lang='lat' dir='ltr'><strong>ornatu</strong></span> <span class='ocrx_word' id='word_1_669' title='bbox 3829 2729 3843 2764; x_wconf 95' lang='lat'>:</span> <span class='ocrx_word' id='word_1_670' title='bbox 3870 2711 4007 2780; x_wconf 91' lang='lat' dir='ltr'><strong>quod</strong></span> 
     </span>
    </p>
   </div>
   <div class='ocr_carea' id='block_1_89' title="bbox 2447 2799 4010 2868">
    <p class='ocr_par' dir='ltr' id='par_1_89' title="bbox 2447 2799 4010 2868">
     <span class='ocr_line' id='line_1_89' title="bbox 2447 2799 4010 2868; baseline 0.001 -16"><span class='ocrx_word' id='word_1_671' title='bbox 2447 2802 2588 2853; x_wconf 83' lang='lat' dir='ltr'><strong>enim</strong></span> <span class='ocrx_word' id='word_1_672' title='bbox 2616 2799 2769 2867; x_wconf 86' lang='lat' dir='ltr'><strong>hujus</strong></span> <span class='ocrx_word' id='word_1_673' title='bbox 2800 2813 2981 2867; x_wconf 74' lang='lat' dir='ltr'><strong>poenas</strong></span> <span class='ocrx_word' id='word_1_674' title='bbox 3006 2799 3260 2868; x_wconf 83' lang='lat' dir='ltr'><strong>exigeret,</strong></span> <span class='ocrx_word' id='word_1_675' title='bbox 3293 2809 3345 2852; x_wconf 90' lang='lat' dir='ltr'><strong>et</strong></span> <span class='ocrx_word' id='word_1_676' title='bbox 3375 2801 3474 2853; x_wconf 86' lang='lat' dir='ltr'><strong>hoc</strong></span> <span class='ocrx_word' id='word_1_677' title='bbox 3502 2800 3710 2868; x_wconf 89' lang='lat' dir='ltr'><strong>proprie</strong></span> <span class='ocrx_word' id='word_1_678' title='bbox 3737 2808 4010 2867; x_wconf 87' lang='lat' dir='ltr'><strong>peccatum</strong></span> 
     </span>
    </p>
   </div>
   <div class='ocr_carea' id='block_1_90' title="bbox 2449 2888 4009 2958">
    <p class='ocr_par' dir='ltr' id='par_1_90' title="bbox 2449 2888 4009 2958">
     <span class='ocr_line' id='line_1_90' title="bbox 2449 2888 4009 2958; baseline -0.001 -16"><span class='ocrx_word' id='word_1_679' title='bbox 2449 2891 2656 2958; x_wconf 89' lang='lat' dir='ltr'><strong>puniret</strong></span> <span class='ocrx_word' id='word_1_680' title='bbox 2675 2929 2689 2954; x_wconf 94' lang='lat'><strong>,</strong></span> <span class='ocrx_word' id='word_1_681' title='bbox 2719 2889 2839 2942; x_wconf 89' lang='lat' dir='ltr'><strong>audi</strong></span> <span class='ocrx_word' id='word_1_682' title='bbox 2868 2888 3130 2956; x_wconf 88' lang='lat' dir='ltr'><strong>quomodo</strong></span> <span class='ocrx_word' id='word_1_683' title='bbox 3156 2888 3237 2942; x_wconf 89' lang='lat' dir='ltr'><strong>his</strong></span> <span class='ocrx_word' id='word_1_684' title='bbox 3263 2889 3584 2944; x_wconf 89' lang='lat' dir='ltr'><strong>enumeratis</strong></span> <span class='ocrx_word' id='word_1_685' title='bbox 3603 2927 3616 2952; x_wconf 89' lang='lat'><strong>,</strong></span> <span class='ocrx_word' id='word_1_686' title='bbox 3643 2903 3856 2943; x_wconf 89' lang='lat' dir='ltr'><strong>causam</strong></span> <span class='ocrx_word' id='word_1_687' title='bbox 3886 2889 4009 2942; x_wconf 87' lang='lat' dir='ltr'><strong>sub-</strong></span> 
     </span>
    </p>
   </div>
   <div class='ocr_carea' id='block_1_91' title="bbox 2443 2977 4011 3050">
    <p class='ocr_par' dir='ltr' id='par_1_91' title="bbox 2443 2977 4011 3050">
     <span class='ocr_line' id='line_1_91' title="bbox 2443 2977 4011 3050; baseline -0.003 -17"><span class='ocrx_word' id='word_1_688' title='bbox 2443 2980 2617 3050; x_wconf 82' lang='lat' dir='ltr'><strong>junxit</strong></span> <span class='ocrx_word' id='word_1_689' title='bbox 2640 2999 2652 3034; x_wconf 85' lang='lat'><strong>:</strong></span> <span class='ocrx_word' id='word_1_690' title='bbox 2686 2978 2810 3032; x_wconf 67' lang='lat' dir='ltr'><strong>Haec</strong></span> <span class='ocrx_word' id='word_1_691' title='bbox 2846 2979 2934 3032; x_wconf 87' lang='lat' dir='ltr'><strong>tibi</strong></span> <span class='ocrx_word' id='word_1_692' title='bbox 2960 2995 3049 3047; x_wconf 83' lang='lat' dir='ltr'><strong>pro</strong></span> <span class='ocrx_word' id='word_1_693' title='bbox 3075 2988 3254 3032; x_wconf 86' lang='lat' dir='ltr'><strong>ornatu</strong></span> <span class='ocrx_word' id='word_1_694' title='bbox 3279 2979 3354 3047; x_wconf 92' lang='lat' dir='ltr'><strong>(a)</strong></span> <span class='ocrx_word' id='word_1_695' title='bbox 3381 2995 3394 3030; x_wconf 90' lang='lat'><strong>:</strong></span> <span class='ocrx_word' id='word_1_696' title='bbox 3420 2979 3464 3031; x_wconf 86' lang='lat' dir='ltr'><strong>si</strong></span> <span class='ocrx_word' id='word_1_697' title='bbox 3494 2977 3649 3047; x_wconf 85' lang='lat' dir='ltr'><strong>igitur</strong></span> <span class='ocrx_word' id='word_1_698' title='bbox 3663 2977 3862 3031; x_wconf 71' lang='lat' dir='ltr'><strong>Judzea:</strong></span> <span class='ocrx_word' id='word_1_699' title='bbox 3891 2993 4011 3030; x_wconf 87' lang='lat' dir='ltr'><strong>ntu-</strong></span> 
     </span>
    </p>
   </div>
   <div class='ocr_carea' id='block_1_92' title="bbox 2451 3068 4011 3136">
    <p class='ocr_par' dir='ltr' id='par_1_92' title="bbox 2451 3068 4011 3136">
     <span class='ocr_line' id='line_1_92' title="bbox 2451 3068 4011 3136; baseline -0.001 -14"><span class='ocrx_word' id='word_1_700' title='bbox 2451 3071 2604 3123; x_wconf 90' lang='lat' dir='ltr'><strong>Iieres</strong></span> <span class='ocrx_word' id='word_1_701' title='bbox 2629 3069 2696 3122; x_wconf 94' lang='lat' dir='ltr'><strong>ob</strong></span> <span class='ocrx_word' id='word_1_702' title='bbox 2723 3069 2878 3123; x_wconf 89' lang='lat' dir='ltr'><strong>talem</strong></span> <span class='ocrx_word' id='word_1_703' title='bbox 2909 3079 3152 3122; x_wconf 91' lang='lat' dir='ltr'><strong>ornatum</strong></span> <span class='ocrx_word' id='word_1_704' title='bbox 3178 3077 3349 3122; x_wconf 88' lang='lat' dir='ltr'><strong>tantas</strong></span> <span class='ocrx_word' id='word_1_705' title='bbox 3375 3068 3584 3123; x_wconf 87' lang='lat' dir='ltr'><strong>subiere</strong></span> <span class='ocrx_word' id='word_1_706' title='bbox 3611 3082 3813 3136; x_wconf 67' lang='lat' dir='ltr'><strong>poenas,</strong></span> <span class='ocrx_word' id='word_1_707' title='bbox 3842 3068 4011 3136; x_wconf 85' lang='lat' dir='ltr'><strong>patria</strong></span> 
     </span>
    </p>
   </div>
   <div class='ocr_carea' id='block_1_93' title="bbox 2446 3161 4012 3230">
    <p class='ocr_par' dir='ltr' id='par_1_93' title="bbox 2446 3161 4012 3230">
     <span class='ocr_line' id='line_1_93' title="bbox 2446 3161 4012 3230; baseline -0.003 -15"><span class='ocrx_word' id='word_1_708' title='bbox 2446 3177 2476 3215; x_wconf 84' lang='lat' dir='ltr'><strong>a</strong></span> <span class='ocrx_word' id='word_1_709' title='bbox 2500 3161 2848 3216; x_wconf 82' lang='lat' dir='ltr'><strong>fundamentis</strong></span> <span class='ocrx_word' id='word_1_710' title='bbox 2863 3162 3056 3225; x_wconf 81' lang='lat' dir='ltr'><strong>excisa,</strong></span> <span class='ocrx_word' id='word_1_711' title='bbox 3076 3171 3126 3216; x_wconf 90' lang='lat' dir='ltr'><strong>et</strong></span> <span class='ocrx_word' id='word_1_712' title='bbox 3144 3171 3261 3230; x_wconf 90' lang='lat' dir='ltr'><strong>post</strong></span> <span class='ocrx_word' id='word_1_713' title='bbox 3277 3169 3472 3214; x_wconf 88' lang='lat' dir='ltr'><strong>tantam</strong></span> <span class='ocrx_word' id='word_1_714' title='bbox 3489 3161 3802 3230; x_wconf 87' lang='lat' dir='ltr'><strong>voluptatem</strong></span> <span class='ocrx_word' id='word_1_715' title='bbox 3819 3175 4012 3224; x_wconf 62' lang='lat' dir='ltr'><strong>servae,</strong></span> 
     </span>
    </p>
   </div>
   <div class='ocr_carea' id='block_1_94' title="bbox 2449 3251 4014 3324">
    <p class='ocr_par' dir='ltr' id='par_1_94' title="bbox 2449 3251 4014 3324">
     <span class='ocr_line' id='line_1_94' title="bbox 2449 3251 4014 3324; baseline -0.003 -16"><span class='ocrx_word' id='word_1_716' title='bbox 2449 3256 2667 3324; x_wconf 68' lang='lat' dir='ltr'><strong>captiva:</strong></span> <span class='ocrx_word' id='word_1_717' title='bbox 2695 3263 2749 3308; x_wconf 89' lang='lat' dir='ltr'><strong>et</strong></span> <span class='ocrx_word' id='word_1_718' title='bbox 2775 3263 3048 3319; x_wconf 81' lang='lat' dir='ltr'><strong>extorres,</strong></span> <span class='ocrx_word' id='word_1_719' title='bbox 3096 3254 3148 3308; x_wconf 91' lang='lat' dir='ltr'><strong>in</strong></span> <span class='ocrx_word' id='word_1_720' title='bbox 3194 3254 3420 3307; x_wconf 89' lang='lat' dir='ltr'><strong>alienam</strong></span> <span class='ocrx_word' id='word_1_721' title='bbox 3462 3254 3728 3322; x_wconf 88' lang='lat' dir='ltr'><strong>regionem</strong></span> <span class='ocrx_word' id='word_1_722' title='bbox 3769 3251 4014 3305; x_wconf 70' lang='lat' dir='ltr'><strong>abducta:</strong></span> 
     </span>
    </p>
   </div>
   <div class='ocr_carea' id='block_1_95' title="bbox 2448 3341 4012 3412">
    <p class='ocr_par' dir='ltr' id='par_1_95' title="bbox 2448 3341 4012 3412">
     <span class='ocr_line' id='line_1_95' title="bbox 2448 3341 4012 3412; baseline -0.004 -15"><span class='ocrx_word' id='word_1_723' title='bbox 2448 3353 2590 3404; x_wconf 88' lang='lat' dir='ltr'><strong>sunt.</strong></span> <span class='ocrx_word' id='word_1_724' title='bbox 2621 3359 2682 3396; x_wconf 92' lang='lat' dir='ltr'><strong>ac</strong></span> <span class='ocrx_word' id='word_1_725' title='bbox 2707 3343 2848 3406; x_wconf 82' lang='lat' dir='ltr'><strong>fami,</strong></span> <span class='ocrx_word' id='word_1_726' title='bbox 2871 3344 3000 3410; x_wconf 90' lang='lat' dir='ltr'><strong>pesti</strong></span> <span class='ocrx_word' id='word_1_727' title='bbox 3023 3343 3266 3412; x_wconf 88' lang='lat' dir='ltr'><strong>milleque</strong></span> <span class='ocrx_word' id='word_1_728' title='bbox 3294 3341 3550 3396; x_wconf 89' lang='lat' dir='ltr'><strong>mortibus</strong></span> <span class='ocrx_word' id='word_1_729' title='bbox 3576 3341 3811 3405; x_wconf 69' lang='lat' dir='ltr'><strong>traditze;</strong></span> <span class='ocrx_word' id='word_1_730' title='bbox 3833 3354 4012 3392; x_wconf 87' lang='lat' dir='ltr'><strong>annon</strong></span> 
     </span>
    </p>
   </div>
   <div class='ocr_carea' id='block_1_96' title="bbox 2451 3429 4014 3504">
    <p class='ocr_par' dir='ltr' id='par_1_96' title="bbox 2451 3429 4014 3504">
     <span class='ocr_line' id='line_1_96' title="bbox 2451 3429 4014 3504; baseline -0.005 -16"><span class='ocrx_word' id='word_1_731' title='bbox 2451 3434 2785 3504; x_wconf 89' lang='lat' dir='ltr'><strong>perspicuum</strong></span> <span class='ocrx_word' id='word_1_732' title='bbox 2828 3443 2908 3487; x_wconf 89' lang='lat' dir='ltr'><strong>est</strong></span> <span class='ocrx_word' id='word_1_733' title='bbox 2931 3473 2945 3497; x_wconf 89' lang='lat'><strong>,</strong></span> <span class='ocrx_word' id='word_1_734' title='bbox 2979 3449 3075 3486; x_wconf 91' lang='lat' dir='ltr'><strong>nos</strong></span> <span class='ocrx_word' id='word_1_735' title='bbox 3104 3434 3342 3501; x_wconf 90' lang='lat' dir='ltr'><strong>graviora</strong></span> <span class='ocrx_word' id='word_1_736' title='bbox 3382 3445 3626 3502; x_wconf 87' lang='lat' dir='ltr'><strong>passuros</strong></span> <span class='ocrx_word' id='word_1_737' title='bbox 3667 3443 3784 3484; x_wconf 87' lang='lat' dir='ltr'><strong>esse</strong></span> <span class='ocrx_word' id='word_1_738' title='bbox 3806 3469 3822 3494; x_wconf 93' lang='lat'><strong>,</strong></span> <span class='ocrx_word' id='word_1_739' title='bbox 3847 3429 3937 3498; x_wconf 91' lang='lat' dir='ltr'><strong>qui</strong></span> <span class='ocrx_word' id='word_1_740' title='bbox 3964 3430 4014 3481; x_wconf 88' lang='lat' dir='ltr'><strong>in</strong></span> 
     </span>
    </p>
   </div>
   <div class='ocr_carea' id='block_1_97' title="bbox 2449 3521 4011 3594">
    <p class='ocr_par' dir='ltr' id='par_1_97' title="bbox 2449 3521 4011 3594">
     <span class='ocr_line' id='line_1_97' title="bbox 2449 3521 4011 3594; baseline -0.003 -14"><span class='ocrx_word' id='word_1_741' title='bbox 2449 3526 2633 3580; x_wconf 87' lang='lat' dir='ltr'><strong>eadem</strong></span> <span class='ocrx_word' id='word_1_742' title='bbox 2670 3534 2882 3594; x_wconf 89' lang='lat' dir='ltr'><strong>peccata</strong></span> <span class='ocrx_word' id='word_1_743' title='bbox 2915 3524 3220 3578; x_wconf 84' lang='lat' dir='ltr'><strong>incidimus?</strong></span> <span class='ocrx_word' id='word_1_744' title='bbox 3248 3522 3698 3591; x_wconf 89' lang='lat' dir='ltr'><strong>Quemadmodum</strong></span> <span class='ocrx_word' id='word_1_745' title='bbox 3736 3522 3879 3577; x_wconf 90' lang='lat' dir='ltr'><strong>enim</strong></span> <span class='ocrx_word' id='word_1_746' title='bbox 3910 3521 4011 3576; x_wconf 85' lang='lat' dir='ltr'><strong>ho-</strong></span> 
     </span>
    </p>
   </div>
   <div class='ocr_carea' id='block_1_98' title="bbox 2450 3614 3554 3683">
    <p class='ocr_par' dir='ltr' id='par_1_98' title="bbox 2450 3614 3554 3683">
     <span class='ocr_line' id='line_1_98' title="bbox 2450 3614 3554 3683; baseline -0.002 -15"><span class='ocrx_word' id='word_1_747' title='bbox 2450 3629 2608 3669; x_wconf 88' lang='lat' dir='ltr'><strong>nores</strong></span> <span class='ocrx_word' id='word_1_748' title='bbox 2632 3616 2880 3682; x_wconf 87' lang='lat' dir='ltr'><strong>majores,</strong></span> <span class='ocrx_word' id='word_1_749' title='bbox 2913 3615 2981 3668; x_wconf 91' lang='lat' dir='ltr'><strong>ita</strong></span> <span class='ocrx_word' id='word_1_750' title='bbox 3009 3614 3248 3683; x_wconf 88' lang='lat' dir='ltr'><strong>graviora</strong></span> <span class='ocrx_word' id='word_1_751' title='bbox 3276 3614 3554 3682; x_wconf 87' lang='lat' dir='ltr'><strong>supplicia.</strong></span> 
     </span>
    </p>
   </div>
   <div class='ocr_carea' id='block_1_99' title="bbox 2519 3701 4014 3772">
    <p class='ocr_par' dir='ltr' id='par_1_99' title="bbox 2519 3701 4014 3772">
     <span class='ocr_line' id='line_1_99' title="bbox 2519 3701 4014 3772; baseline -0.002 -15"><span class='ocrx_word' id='word_1_752' title='bbox 2519 3704 2655 3758; x_wconf 84' lang='lat' dir='ltr'><strong>Deus</strong></span> <span class='ocrx_word' id='word_1_753' title='bbox 2684 3721 2783 3757; x_wconf 91' lang='lat' dir='ltr'><strong>non</strong></span> <span class='ocrx_word' id='word_1_754' title='bbox 2809 3720 2998 3772; x_wconf 86' lang='lat' dir='ltr'><strong>semper</strong></span> <span class='ocrx_word' id='word_1_755' title='bbox 3026 3704 3209 3758; x_wconf 85' lang='lat' dir='ltr'><strong>similia</strong></span> <span class='ocrx_word' id='word_1_756' title='bbox 3240 3713 3494 3772; x_wconf 81' lang='lat' dir='ltr'><strong>peccantes</strong></span> <span class='ocrx_word' id='word_1_757' title='bbox 3522 3701 3749 3756; x_wconf 86' lang='lat' dir='ltr'><strong>similiter</strong></span> <span class='ocrx_word' id='word_1_758' title='bbox 3775 3701 4014 3770; x_wconf 86' lang='lat' dir='ltr'><strong>castigat.</strong></span> 
     </span>
    </p>
   </div>
   <div class='ocr_carea' id='block_1_100' title="bbox 2449 3792 4016 3862">
    <p class='ocr_par' dir='ltr' id='par_1_100' title="bbox 2449 3792 4016 3862">
     <span class='ocr_line' id='line_1_100' title="bbox 2449 3792 4016 3862; baseline -0.003 -13"><span class='ocrx_word' id='word_1_759' title='bbox 2449 3825 2519 3834; x_wconf 95' lang='lat'><strong><em>—</em></strong></span> <span class='ocrx_word' id='word_1_760' title='bbox 2537 3795 2684 3862; x_wconf 87' lang='lat' dir='ltr'><strong>Quod</strong></span> <span class='ocrx_word' id='word_1_761' title='bbox 2712 3795 2755 3848; x_wconf 92' lang='lat' dir='ltr'><strong>si</strong></span> <span class='ocrx_word' id='word_1_762' title='bbox 2777 3796 2914 3849; x_wconf 93' lang='lat' dir='ltr'><strong>nulla</strong></span> <span class='ocrx_word' id='word_1_763' title='bbox 2941 3796 3130 3849; x_wconf 90' lang='lat' dir='ltr'><strong>mulier</strong></span> <span class='ocrx_word' id='word_1_764' title='bbox 3161 3794 3314 3849; x_wconf 90' lang='lat' dir='ltr'><strong>talem</strong></span> <span class='ocrx_word' id='word_1_765' title='bbox 3339 3803 3579 3847; x_wconf 88' lang='lat' dir='ltr'><strong>ornatum</strong></span> <span class='ocrx_word' id='word_1_766' title='bbox 3602 3792 3852 3846; x_wconf 79' lang='lat' dir='ltr'><strong>affectans</strong></span> <span class='ocrx_word' id='word_1_767' title='bbox 3883 3793 4016 3844; x_wconf 86' lang='lat' dir='ltr'><strong>hac-</strong></span> 
     </span>
    </p>
   </div>
   <div class='ocr_carea' id='block_1_101' title="bbox 2453 3882 4017 3953">
    <p class='ocr_par' dir='ltr' id='par_1_101' title="bbox 2453 3882 4017 3953">
     <span class='ocr_line' id='line_1_101' title="bbox 2453 3882 4017 3953; baseline -0.003 -15"><span class='ocrx_word' id='word_1_768' title='bbox 2453 3895 2604 3939; x_wconf 88' lang='lat' dir='ltr'><strong>tenus</strong></span> <span class='ocrx_word' id='word_1_769' title='bbox 2646 3885 2838 3953; x_wconf 91' lang='lat' dir='ltr'><strong>aliquid</strong></span> <span class='ocrx_word' id='word_1_770' title='bbox 2868 3885 2967 3938; x_wconf 90' lang='lat' dir='ltr'><strong>tale</strong></span> <span class='ocrx_word' id='word_1_771' title='bbox 3011 3900 3160 3953; x_wconf 89' lang='lat' dir='ltr'><strong>passa</strong></span> <span class='ocrx_word' id='word_1_772' title='bbox 3192 3894 3309 3948; x_wconf 91' lang='lat' dir='ltr'><strong>est,</strong></span> <span class='ocrx_word' id='word_1_773' title='bbox 3353 3899 3419 3937; x_wconf 90' lang='lat' dir='ltr'><strong>ne</strong></span> <span class='ocrx_word' id='word_1_774' title='bbox 3460 3883 3578 3936; x_wconf 90' lang='lat' dir='ltr'><strong>ideo</strong></span> <span class='ocrx_word' id='word_1_775' title='bbox 3607 3882 3853 3936; x_wconf 79' lang='lat' dir='ltr'><strong>conﬁdat.</strong></span> <span class='ocrx_word' id='word_1_776' title='bbox 3901 3883 4017 3934; x_wconf 81' lang='lat' dir='ltr'><strong>Mos</strong></span> 
     </span>
    </p>
   </div>
   <div class='ocr_carea' id='block_1_102' title="bbox 2449 3972 4018 4044">
    <p class='ocr_par' dir='ltr' id='par_1_102' title="bbox 2449 3972 4018 4044">
     <span class='ocr_line' id='line_1_102' title="bbox 2449 3972 4018 4044; baseline -0.002 -15"><span class='ocrx_word' id='word_1_777' title='bbox 2449 3975 2592 4029; x_wconf 90' lang='lat' dir='ltr'><strong>enim</strong></span> <span class='ocrx_word' id='word_1_778' title='bbox 2620 3985 2702 4030; x_wconf 90' lang='lat' dir='ltr'><strong>est</strong></span> <span class='ocrx_word' id='word_1_779' title='bbox 2727 3977 2833 4029; x_wconf 88' lang='lat' dir='ltr'><strong>Deo</strong></span> <span class='ocrx_word' id='word_1_780' title='bbox 2863 3990 3042 4044; x_wconf 66' lang='lat' dir='ltr'><strong>poenas</strong></span> <span class='ocrx_word' id='word_1_781' title='bbox 3069 3975 3291 4028; x_wconf 89' lang='lat' dir='ltr'><strong>delinire</strong></span> <span class='ocrx_word' id='word_1_782' title='bbox 3317 3975 3403 4026; x_wconf 90' lang='lat' dir='ltr'><strong>uni</strong></span> <span class='ocrx_word' id='word_1_783' title='bbox 3429 3973 3670 4035; x_wconf 89' lang='lat' dir='ltr'><strong>etalteri,</strong></span> <span class='ocrx_word' id='word_1_784' title='bbox 3695 3981 3748 4026; x_wconf 89' lang='lat' dir='ltr'><strong>et</strong></span> <span class='ocrx_word' id='word_1_785' title='bbox 3773 3987 3867 4040; x_wconf 90' lang='lat' dir='ltr'><strong>per</strong></span> <span class='ocrx_word' id='word_1_786' title='bbox 3897 3972 4018 4026; x_wconf 91' lang='lat' dir='ltr'><strong>illos</strong></span> 
     </span>
    </p>
   </div>
   <div class='ocr_carea' id='block_1_103' title="bbox 2449 4062 4021 4132">
    <p class='ocr_par' dir='ltr' id='par_1_103' title="bbox 2449 4062 4021 4132">
     <span class='ocr_line' id='line_1_103' title="bbox 2449 4062 4021 4132; baseline -0.002 -13"><span class='ocrx_word' id='word_1_787' title='bbox 2449 4063 2896 4119; x_wconf 82' lang='lat' dir='ltr'><strong>commonefacere</strong></span> <span class='ocrx_word' id='word_1_788' title='bbox 2923 4075 3144 4118; x_wconf 80' lang='lat' dir='ltr'><strong>caeteros</strong></span> <span class='ocrx_word' id='word_1_789' title='bbox 3185 4079 3368 4118; x_wconf 88' lang='lat' dir='ltr'><strong>omnes</strong></span> <span class='ocrx_word' id='word_1_790' title='bbox 3397 4063 3463 4117; x_wconf 87' lang='lat' dir='ltr'><strong>de</strong></span> <span class='ocrx_word' id='word_1_791' title='bbox 3497 4063 3665 4132; x_wconf 70' lang='lat' dir='ltr'><strong>pretiis</strong></span> <span class='ocrx_word' id='word_1_792' title='bbox 3713 4076 3830 4130; x_wconf 65' lang='lat' dir='ltr'><strong>qua:</strong></span> <span class='ocrx_word' id='word_1_793' title='bbox 3871 4062 4021 4130; x_wconf 91' lang='lat' dir='ltr'><strong>ipsos</strong></span> 
     </span>
    </p>
   </div>
   <div class='ocr_carea' id='block_1_104' title="bbox 2449 4150 4019 4224">
    <p class='ocr_par' dir='ltr' id='par_1_104' title="bbox 2449 4150 4019 4224">
     <span class='ocr_line' id='line_1_104' title="bbox 2449 4150 4019 4224; baseline -0.005 -14"><span class='ocrx_word' id='word_1_794' title='bbox 2449 4164 2744 4224; x_wconf 65' lang='lat' dir='ltr'><strong>exceptura:</strong></span> <span class='ocrx_word' id='word_1_795' title='bbox 2769 4153 2908 4208; x_wconf 78' lang='lat' dir='ltr'><strong>sunt.</strong></span> <span class='ocrx_word' id='word_1_796' title='bbox 2935 4153 2999 4208; x_wconf 90' lang='lat' dir='ltr'><strong>Ut</strong></span> <span class='ocrx_word' id='word_1_797' title='bbox 3021 4165 3194 4208; x_wconf 89' lang='lat' dir='ltr'><strong>autem</strong></span> <span class='ocrx_word' id='word_1_798' title='bbox 3220 4153 3270 4206; x_wconf 91' lang='lat' dir='ltr'><strong>id</strong></span> <span class='ocrx_word' id='word_1_799' title='bbox 3300 4153 3489 4207; x_wconf 90' lang='lat' dir='ltr'><strong>clarius</strong></span> <span class='ocrx_word' id='word_1_800' title='bbox 3514 4150 3717 4216; x_wconf 87' lang='lat' dir='ltr'><strong>evadat,</strong></span> <span class='ocrx_word' id='word_1_801' title='bbox 3741 4161 4019 4219; x_wconf 87' lang='lat' dir='ltr'><strong>peccatum</strong></span> 
     </span>
    </p>
   </div>
   <div class='ocr_carea' id='block_1_105' title="bbox 2449 4242 4023 4316">
    <p class='ocr_par' dir='ltr' id='par_1_105' title="bbox 2449 4242 4023 4316">
     <span class='ocr_line' id='line_1_105' title="bbox 2449 4242 4023 4316; baseline -0.005 -16"><span class='ocrx_word' id='word_1_802' title='bbox 2449 4261 2607 4316; x_wconf 87' lang='lat' dir='ltr'><strong>grave</strong></span> <span class='ocrx_word' id='word_1_803' title='bbox 2631 4247 2952 4300; x_wconf 75' lang='lat' dir='ltr'><strong>admiserunt</strong></span> <span class='ocrx_word' id='word_1_804' title='bbox 2979 4246 3102 4298; x_wconf 90' lang='lat' dir='ltr'><strong>olim</strong></span> <span class='ocrx_word' id='word_1_805' title='bbox 3132 4245 3162 4298; x_wconf 91' lang='lat' dir='ltr'><strong>ii</strong></span> <span class='ocrx_word' id='word_1_806' title='bbox 3189 4247 3273 4313; x_wconf 91' lang='lat' dir='ltr'><strong>qui</strong></span> <span class='ocrx_word' id='word_1_807' title='bbox 3302 4243 3527 4297; x_wconf 85' lang='lat' dir='ltr'><strong>Sodoma</strong></span> <span class='ocrx_word' id='word_1_808' title='bbox 3556 4242 3883 4304; x_wconf 87' lang='lat' dir='ltr'><strong>incolebant,</strong></span> <span class='ocrx_word' id='word_1_809' title='bbox 3920 4256 4023 4294; x_wconf 82' lang='lat' dir='ltr'><strong>ex-</strong></span> 
     </span>
    </p>
   </div>
   <div class='ocr_carea' id='block_1_106' title="bbox 2452 4333 4021 4404">
    <p class='ocr_par' dir='ltr' id='par_1_106' title="bbox 2452 4333 4021 4404">
     <span class='ocr_line' id='line_1_106' title="bbox 2452 4333 4021 4404; baseline -0.005 -12"><span class='ocrx_word' id='word_1_810' title='bbox 2452 4347 2644 4392; x_wconf 83' lang='lat' dir='ltr'><strong>tremas</strong></span> <span class='ocrx_word' id='word_1_811' title='bbox 2681 4338 2940 4392; x_wconf 90' lang='lat' dir='ltr'><strong>dederunt</strong></span> <span class='ocrx_word' id='word_1_812' title='bbox 2970 4351 3149 4404; x_wconf 69' lang='lat' dir='ltr'><strong>pinnas</strong></span> <span class='ocrx_word' id='word_1_813' title='bbox 3170 4377 3184 4400; x_wconf 93' lang='lat'><strong>,</strong></span> <span class='ocrx_word' id='word_1_814' title='bbox 3220 4338 3281 4389; x_wconf 91' lang='lat' dir='ltr'><strong>iis</strong></span> <span class='ocrx_word' id='word_1_815' title='bbox 3308 4335 3556 4388; x_wconf 90' lang='lat' dir='ltr'><strong>immissis</strong></span> <span class='ocrx_word' id='word_1_816' title='bbox 3593 4333 3894 4396; x_wconf 74' lang='lat' dir='ltr'><strong>fulminibus</strong></span> <span class='ocrx_word' id='word_1_817' title='bbox 3920 4373 3934 4396; x_wconf 93' lang='lat'><strong>,</strong></span> <span class='ocrx_word' id='word_1_818' title='bbox 3968 4341 4021 4385; x_wconf 91' lang='lat' dir='ltr'><strong>et</strong></span> 
     </span>
    </p>
   </div>
   <div class='ocr_carea' id='block_1_107' title="bbox 2453 4424 4022 4497">
    <p class='ocr_par' dir='ltr' id='par_1_107' title="bbox 2453 4424 4022 4497">
     <span class='ocr_line' id='line_1_107' title="bbox 2453 4424 4022 4497; baseline -0.004 -13"><span class='ocrx_word' id='word_1_819' title='bbox 2453 4428 2670 4484; x_wconf 90' lang='lat' dir='ltr'><strong>urbibus</strong></span> <span class='ocrx_word' id='word_1_820' title='bbox 2691 4470 2704 4492; x_wconf 91' lang='lat'><strong>,</strong></span> <span class='ocrx_word' id='word_1_821' title='bbox 2731 4429 2938 4497; x_wconf 88' lang='lat' dir='ltr'><strong>populis</strong></span> <span class='ocrx_word' id='word_1_822' title='bbox 2969 4439 3210 4495; x_wconf 89' lang='lat' dir='ltr'><strong>terraque</strong></span> <span class='ocrx_word' id='word_1_823' title='bbox 3234 4428 3344 4494; x_wconf 85' lang='lat' dir='ltr'><strong>ipsa</strong></span> <span class='ocrx_word' id='word_1_824' title='bbox 3375 4442 3493 4480; x_wconf 85' lang='lat' dir='ltr'><strong>cum</strong></span> <span class='ocrx_word' id='word_1_825' title='bbox 3523 4425 3831 4493; x_wconf 91' lang='lat' dir='ltr'><strong>corporibus</strong></span> <span class='ocrx_word' id='word_1_826' title='bbox 3859 4424 4022 4478; x_wconf 90' lang='lat' dir='ltr'><strong>simul</strong></span> 
     </span>
    </p>
   </div>
   <div class='ocr_carea' id='block_1_108' title="bbox 2451 4516 4020 4600">
    <p class='ocr_par' dir='ltr' id='par_1_108' title="bbox 2451 4516 4020 4600">
     <span class='ocr_line' id='line_1_108' title="bbox 2451 4516 4020 4600; baseline -0.006 -23"><span class='ocrx_word' id='word_1_827' title='bbox 2451 4521 2754 4600; x_wconf 78' lang='lat' dir='ltr'><strong>combustis.</strong></span> <span class='ocrx_word' id='word_1_828' title='bbox 2802 4521 2933 4586; x_wconf 89' lang='lat' dir='ltr'><strong>Quid</strong></span> <span class='ocrx_word' id='word_1_829' title='bbox 2975 4520 3166 4589; x_wconf 85' lang='lat' dir='ltr'><strong>igitur?</strong></span> <span class='ocrx_word' id='word_1_830' title='bbox 3208 4519 3448 4572; x_wconf 90' lang='lat' dir='ltr'><strong>nullusne</strong></span> <span class='ocrx_word' id='word_1_831' title='bbox 3503 4530 3618 4586; x_wconf 89' lang='lat' dir='ltr'><strong>post</strong></span> <span class='ocrx_word' id='word_1_832' title='bbox 3664 4517 3784 4570; x_wconf 90' lang='lat' dir='ltr'><strong>illos</strong></span> <span class='ocrx_word' id='word_1_833' title='bbox 3823 4516 4020 4568; x_wconf 75' lang='lat' dir='ltr'><strong>similia</strong></span> 
     </span>
    </p>
   </div>
   <div class='ocr_carea' id='block_1_109' title="bbox 2451 4605 4017 4675">
    <p class='ocr_par' dir='ltr' id='par_1_109' title="bbox 2451 4605 4017 4675">
     <span class='ocr_line' id='line_1_109' title="bbox 2451 4605 4017 4675; baseline -0.006 -9"><span class='ocrx_word' id='word_1_834' title='bbox 2451 4628 2609 4667; x_wconf 91' lang='lat' dir='ltr'><strong>ausus</strong></span> <span class='ocrx_word' id='word_1_835' title='bbox 2635 4611 2753 4665; x_wconf 82' lang='lat' dir='ltr'><strong>est?</strong></span> <span class='ocrx_word' id='word_1_836' title='bbox 2782 4611 2925 4664; x_wconf 82' lang='lat' dir='ltr'><strong>Multi</strong></span> <span class='ocrx_word' id='word_1_837' title='bbox 2954 4619 3098 4664; x_wconf 91' lang='lat' dir='ltr'><strong>certe</strong></span> <span class='ocrx_word' id='word_1_838' title='bbox 3119 4649 3133 4674; x_wconf 88' lang='lat'><strong>,</strong></span> <span class='ocrx_word' id='word_1_839' title='bbox 3161 4619 3212 4662; x_wconf 91' lang='lat' dir='ltr'><strong>et</strong></span> <span class='ocrx_word' id='word_1_840' title='bbox 3241 4609 3290 4661; x_wconf 92' lang='lat' dir='ltr'><strong>in</strong></span> <span class='ocrx_word' id='word_1_841' title='bbox 3323 4608 3501 4662; x_wconf 90' lang='lat' dir='ltr'><strong>multis</strong></span> <span class='ocrx_word' id='word_1_842' title='bbox 3532 4623 3624 4675; x_wconf 86' lang='lat' dir='ltr'><strong>per</strong></span> <span class='ocrx_word' id='word_1_843' title='bbox 3646 4606 3829 4660; x_wconf 87' lang='lat' dir='ltr'><strong>orbem</strong></span> <span class='ocrx_word' id='word_1_844' title='bbox 3863 4605 4017 4658; x_wconf 90' lang='lat' dir='ltr'><strong>locis.</strong></span> 
     </span>
    </p>
   </div>
   <div class='ocr_carea' id='block_1_110' title="bbox 2449 4686 4024 4770">
    <p class='ocr_par' dir='ltr' id='par_1_110' title="bbox 2449 4686 4024 4770">
     <span class='ocr_line' id='line_1_110' title="bbox 2449 4686 4024 4770; baseline -0.006 -13"><span class='ocrx_word' id='word_1_845' title='bbox 2449 4701 2555 4757; x_wconf 90' lang='lat' dir='ltr'><strong>Cur</strong></span> <span class='ocrx_word' id='word_1_846' title='bbox 2588 4715 2715 4770; x_wconf 88' lang='lat' dir='ltr'><strong>ergo</strong></span> <span class='ocrx_word' id='word_1_847' title='bbox 2756 4699 2887 4754; x_wconf 88' lang='lat' dir='ltr'><strong>nihil</strong></span> <span class='ocrx_word' id='word_1_848' title='bbox 2917 4686 3274 4768; x_wconf 87' lang='lat' dir='ltr'><strong>hujuscemodi</strong></span> <span class='ocrx_word' id='word_1_849' title='bbox 3319 4697 3458 4766; x_wconf 65' lang='lat' dir='ltr'><strong>passi</strong></span> <span class='ocrx_word' id='word_1_850' title='bbox 3489 4696 3646 4750; x_wconf 88' lang='lat' dir='ltr'><strong>sunt?</strong></span> <span class='ocrx_word' id='word_1_851' title='bbox 3689 4695 3820 4760; x_wconf 87' lang='lat' dir='ltr'><strong>Quia</strong></span> <span class='ocrx_word' id='word_1_852' title='bbox 3861 4695 4024 4763; x_wconf 85' lang='lat' dir='ltr'><strong>longe</strong></span> 
     </span>
    </p>
   </div>
   <div class='ocr_carea' id='block_1_111' title="bbox 2449 4786 4025 4863">
    <p class='ocr_par' dir='ltr' id='par_1_111' title="bbox 2449 4786 4025 4863">
     <span class='ocr_line' id='line_1_111' title="bbox 2449 4786 4025 4863; baseline -0.004 -17"><span class='ocrx_word' id='word_1_853' title='bbox 2449 4792 2676 4863; x_wconf 88' lang='lat' dir='ltr'><strong>graviori</strong></span> <span class='ocrx_word' id='word_1_854' title='bbox 2719 4803 3053 4846; x_wconf 87' lang='lat' dir='ltr'><strong>reservantur</strong></span> <span class='ocrx_word' id='word_1_855' title='bbox 3107 4790 3384 4857; x_wconf 82' lang='lat' dir='ltr'><strong>SllppiiClO.</strong></span> <span class='ocrx_word' id='word_1_856' title='bbox 3440 4787 3562 4841; x_wconf 87' lang='lat' dir='ltr'><strong>Ideo</strong></span> <span class='ocrx_word' id='word_1_857' title='bbox 3604 4801 3830 4855; x_wconf 88' lang='lat' dir='ltr'><strong>namque</strong></span> <span class='ocrx_word' id='word_1_858' title='bbox 3877 4786 4025 4839; x_wconf 84' lang='lat' dir='ltr'><strong>Deus</strong></span> 
     </span>
    </p>
   </div>
   <div class='ocr_carea' id='block_1_112' title="bbox 2449 4876 4020 4954">
    <p class='ocr_par' dir='ltr' id='par_1_112' title="bbox 2449 4876 4020 4954">
     <span class='ocr_line' id='line_1_112' title="bbox 2449 4876 4020 4954; baseline -0.006 -17"><span class='ocrx_word' id='word_1_859' title='bbox 2449 4893 2721 4954; x_wconf 87' lang='lat' dir='ltr'><strong>postquam</strong></span> <span class='ocrx_word' id='word_1_860' title='bbox 2743 4882 2792 4936; x_wconf 93' lang='lat' dir='ltr'><strong>id</strong></span> <span class='ocrx_word' id='word_1_861' title='bbox 2816 4883 2978 4935; x_wconf 86' lang='lat' dir='ltr'><strong>semel</strong></span> <span class='ocrx_word' id='word_1_862' title='bbox 3006 4880 3144 4943; x_wconf 80' lang='lat' dir='ltr'><strong>feeit,</strong></span> <span class='ocrx_word' id='word_1_863' title='bbox 3172 4878 3389 4944; x_wconf 86' lang='lat' dir='ltr'><strong>destitit,</strong></span> <span class='ocrx_word' id='word_1_864' title='bbox 3415 4887 3467 4931; x_wconf 91' lang='lat' dir='ltr'><strong>ut</strong></span> <span class='ocrx_word' id='word_1_865' title='bbox 3487 4878 3573 4946; x_wconf 85' lang='lat' dir='ltr'><strong>qui</strong></span> <span class='ocrx_word' id='word_1_866' title='bbox 3602 4877 3718 4931; x_wconf 86' lang='lat' dir='ltr'><strong>talia</strong></span> <span class='ocrx_word' id='word_1_867' title='bbox 3739 4876 4020 4936; x_wconf 85' lang='lat' dir='ltr'><strong>auderent,</strong></span> 
     </span>
    </p>
   </div>
   <div class='ocr_carea' id='block_1_113' title="bbox 2450 4970 4020 5041">
    <p class='ocr_par' dir='ltr' id='par_1_113' title="bbox 2450 4970 4020 5041">
     <span class='ocr_line' id='line_1_113' title="bbox 2450 4970 4020 5041; baseline -0.005 -13"><span class='ocrx_word' id='word_1_868' title='bbox 2450 4975 2656 5028; x_wconf 88' lang='lat' dir='ltr'><strong>etiamsi</strong></span> <span class='ocrx_word' id='word_1_869' title='bbox 2684 4974 2768 5026; x_wconf 91' lang='lat' dir='ltr'><strong>hic</strong></span> <span class='ocrx_word' id='word_1_870' title='bbox 2795 4987 2976 5041; x_wconf 87' lang='lat' dir='ltr'><strong>poenas</strong></span> <span class='ocrx_word' id='word_1_871' title='bbox 3002 4987 3104 5024; x_wconf 91' lang='lat' dir='ltr'><strong>non</strong></span> <span class='ocrx_word' id='word_1_872' title='bbox 3135 4971 3319 5024; x_wconf 88' lang='lat' dir='ltr'><strong>darent</strong></span> <span class='ocrx_word' id='word_1_873' title='bbox 3338 5009 3353 5033; x_wconf 86' lang='lat'><strong>,</strong></span> <span class='ocrx_word' id='word_1_874' title='bbox 3384 4979 3527 5023; x_wconf 88' lang='lat' dir='ltr'><strong>certo</strong></span> <span class='ocrx_word' id='word_1_875' title='bbox 3556 4970 3749 5023; x_wconf 88' lang='lat' dir='ltr'><strong>scirent</strong></span> <span class='ocrx_word' id='word_1_876' title='bbox 3777 4982 3835 5020; x_wconf 92' lang='lat' dir='ltr'><strong>se</strong></span> <span class='ocrx_word' id='word_1_877' title='bbox 3865 4984 4020 5020; x_wconf 88' lang='lat' dir='ltr'><strong>num-</strong></span> 
     </span>
    </p>
   </div>
   <div class='ocr_carea' id='block_1_114' title="bbox 2449 5060 4019 5134">
    <p class='ocr_par' dir='ltr' id='par_1_114' title="bbox 2449 5060 4019 5134">
     <span class='ocr_line' id='line_1_114' title="bbox 2449 5060 4019 5134; baseline 0 -19"><span class='ocrx_word' id='word_1_878' title='bbox 2449 5080 2606 5134; x_wconf 91' lang='lat' dir='ltr'><strong>quam</strong></span> <span class='ocrx_word' id='word_1_879' title='bbox 2634 5063 2936 5132; x_wconf 75' lang='lat' dir='ltr'><strong>ell‘ugituros</strong></span> <span class='ocrx_word' id='word_1_880' title='bbox 2957 5076 3093 5116; x_wconf 91' lang='lat' dir='ltr'><strong>esse.</strong></span> <span class='ocrx_word' id='word_1_881' title='bbox 3121 5060 3394 5127; x_wconf 89' lang='lat' dir='ltr'><strong>Quomodo</strong></span> <span class='ocrx_word' id='word_1_882' title='bbox 3432 5060 3572 5113; x_wconf 88' lang='lat' dir='ltr'><strong>enim</strong></span> <span class='ocrx_word' id='word_1_883' title='bbox 3601 5065 4019 5115; x_wconf 83' lang='lat' dir='ltr'><strong>consentaneum</strong></span> 
     </span>
    </p>
   </div>
   <div class='ocr_carea' id='block_1_115' title="bbox 2450 5149 4021 5222">
    <p class='ocr_par' dir='ltr' id='par_1_115' title="bbox 2450 5149 4021 5222">
     <span class='ocr_line' id='line_1_115' title="bbox 2450 5149 4021 5222; baseline -0.002 -13"><span class='ocrx_word' id='word_1_884' title='bbox 2450 5156 2636 5211; x_wconf 89' lang='lat' dir='ltr'><strong>rationi</strong></span> <span class='ocrx_word' id='word_1_885' title='bbox 2653 5155 2829 5221; x_wconf 81' lang='lat' dir='ltr'><strong>fuerit,</strong></span> <span class='ocrx_word' id='word_1_886' title='bbox 2847 5165 2966 5208; x_wconf 89' lang='lat' dir='ltr'><strong>ante</strong></span> <span class='ocrx_word' id='word_1_887' title='bbox 2981 5154 3199 5222; x_wconf 88' lang='lat' dir='ltr'><strong>gratiam</strong></span> <span class='ocrx_word' id='word_1_888' title='bbox 3217 5162 3268 5206; x_wconf 89' lang='lat' dir='ltr'><strong>et</strong></span> <span class='ocrx_word' id='word_1_889' title='bbox 3285 5159 3404 5205; x_wconf 90' lang='lat' dir='ltr'><strong>ante</strong></span> <span class='ocrx_word' id='word_1_890' title='bbox 3423 5152 3612 5220; x_wconf 89' lang='lat' dir='ltr'><strong>legem,</strong></span> <span class='ocrx_word' id='word_1_891' title='bbox 3630 5164 3722 5204; x_wconf 89' lang='lat' dir='ltr'><strong>eos</strong></span> <span class='ocrx_word' id='word_1_892' title='bbox 3741 5149 3828 5218; x_wconf 89' lang='lat' dir='ltr'><strong>qui</strong></span> <span class='ocrx_word' id='word_1_893' title='bbox 3847 5164 4021 5218; x_wconf 86' lang='lat' dir='ltr'><strong>neque</strong></span> 
     </span>
    </p>
   </div>
   <div class='ocr_carea' id='block_1_116' title="bbox 2450 5241 4023 5316">
    <p class='ocr_par' dir='ltr' id='par_1_116' title="bbox 2450 5241 4023 5316">
     <span class='ocr_line' id='line_1_116' title="bbox 2450 5241 4023 5316; baseline -0.001 -18"><span class='ocrx_word' id='word_1_894' title='bbox 2450 5249 2730 5316; x_wconf 80' lang='lat' dir='ltr'><strong>prophetas</strong></span> <span class='ocrx_word' id='word_1_895' title='bbox 2750 5287 2764 5312; x_wconf 92' lang='lat'><strong>,</strong></span> <span class='ocrx_word' id='word_1_896' title='bbox 2795 5262 2963 5314; x_wconf 90' lang='lat' dir='ltr'><strong>neque</strong></span> <span class='ocrx_word' id='word_1_897' title='bbox 3001 5245 3160 5297; x_wconf 89' lang='lat' dir='ltr'><strong>alium</strong></span> <span class='ocrx_word' id='word_1_898' title='bbox 3194 5244 3490 5314; x_wconf 89' lang='lat' dir='ltr'><strong>quempiam</strong></span> <span class='ocrx_word' id='word_1_899' title='bbox 3517 5241 3875 5304; x_wconf 89' lang='lat' dir='ltr'><strong>audivissent,</strong></span> <span class='ocrx_word' id='word_1_900' title='bbox 3923 5256 4023 5309; x_wconf 86' lang='lat' dir='ltr'><strong>pro</strong></span> 
     </span>
    </p>
   </div>
   <div class='ocr_carea' id='block_1_117' title="bbox 2449 5331 4026 5406">
    <p class='ocr_par' dir='ltr' id='par_1_117' title="bbox 2449 5331 4026 5406">
     <span class='ocr_line' id='line_1_117' title="bbox 2449 5331 4026 5406; baseline -0.004 -14"><span class='ocrx_word' id='word_1_901' title='bbox 2449 5339 2692 5392; x_wconf 91' lang='lat' dir='ltr'><strong>admissis</strong></span> <span class='ocrx_word' id='word_1_902' title='bbox 2714 5338 2941 5406; x_wconf 88' lang='lat' dir='ltr'><strong>peccatis</strong></span> <span class='ocrx_word' id='word_1_903' title='bbox 2969 5335 3090 5389; x_wconf 87' lang='lat' dir='ltr'><strong>talia</strong></span> <span class='ocrx_word' id='word_1_904' title='bbox 3114 5350 3293 5403; x_wconf 88' lang='lat' dir='ltr'><strong>passos</strong></span> <span class='ocrx_word' id='word_1_905' title='bbox 3310 5349 3427 5388; x_wconf 90' lang='lat' dir='ltr'><strong>esse</strong></span> <span class='ocrx_word' id='word_1_906' title='bbox 3445 5351 3460 5398; x_wconf 89' lang='lat'><strong>;</strong></span> <span class='ocrx_word' id='word_1_907' title='bbox 3478 5346 3571 5386; x_wconf 92' lang='lat' dir='ltr'><strong>eos</strong></span> <span class='ocrx_word' id='word_1_908' title='bbox 3590 5340 3765 5386; x_wconf 90' lang='lat' dir='ltr'><strong>autem</strong></span> <span class='ocrx_word' id='word_1_909' title='bbox 3785 5331 3875 5400; x_wconf 89' lang='lat' dir='ltr'><strong>qui</strong></span> <span class='ocrx_word' id='word_1_910' title='bbox 3901 5343 4026 5399; x_wconf 89' lang='lat' dir='ltr'><strong>post</strong></span> 
     </span>
    </p>
   </div>
   <div class='ocr_carea' id='block_1_118' title="bbox 2514 5444 4024 5513">
    <p class='ocr_par' dir='ltr' id='par_1_118' title="bbox 2514 5444 4024 5513">
     <span class='ocr_line' id='line_1_118' title="bbox 2514 5444 4024 5513; baseline -0.004 -14"><span class='ocrx_word' id='word_1_911' title='bbox 2514 5452 2585 5513; x_wconf 90' lang='lat' dir='ltr'><strong>(a)</strong></span> <span class='ocrx_word' id='word_1_912' title='bbox 2621 5450 2700 5499; x_wconf 82' lang='lat' dir='ltr'><strong>Ait</strong></span> <span class='ocrx_word' id='word_1_913' title='bbox 2723 5450 3082 5511; x_wconf 82' lang='lat' dir='ltr'><strong>Chrysostomus</strong></span> <span class='ocrx_word' id='word_1_914' title='bbox 3111 5449 3279 5513; x_wconf 84' lang='lat' dir='ltr'><strong>Isaiam</strong></span> <span class='ocrx_word' id='word_1_915' title='bbox 3303 5456 3409 5513; x_wconf 83' lang='lat' dir='ltr'><strong>post</strong></span> <span class='ocrx_word' id='word_1_916' title='bbox 3435 5445 3850 5513; x_wconf 79' lang='lat' dir='ltr'><strong>enumerationem</strong></span> <span class='ocrx_word' id='word_1_917' title='bbox 3890 5444 4024 5493; x_wconf 84' lang='lat' dir='ltr'><strong>illam</strong></span> 
     </span>
    </p>
   </div>
   <div class='ocr_carea' id='block_1_119' title="bbox 2450 5509 4024 5562">
    <p class='ocr_par' dir='ltr' id='par_1_119' title="bbox 2450 5509 4024 5562">
     <span class='ocr_line' id='line_1_119' title="bbox 2450 5509 4024 5562; baseline -0.006 -1"><span class='ocrx_word' id='word_1_918' title='bbox 2450 5509 2756 5562; x_wconf 82' lang='lat' dir='ltr'><strong>muliebrium</strong></span> <span class='ocrx_word' id='word_1_919' title='bbox 2796 5509 3180 5558; x_wconf 83' lang='lat' dir='ltr'><strong>ornamentorum</strong></span> <span class='ocrx_word' id='word_1_920' title='bbox 3211 5511 3287 5559; x_wconf 84' lang='lat' dir='ltr'><strong>bis</strong></span> <span class='ocrx_word' id='word_1_921' title='bbox 3309 5510 3473 5558; x_wconf 87' lang='lat' dir='ltr'><strong>verbis</strong></span> <span class='ocrx_word' id='word_1_922' title='bbox 3510 5509 3847 5555; x_wconf 85' lang='lat' dir='ltr'><strong>recensionem</strong></span> <span class='ocrx_word' id='word_1_923' title='bbox 3883 5520 4024 5553; x_wconf 86' lang='lat' dir='ltr'><strong>suam</strong></span> 
     </span>
    </p>
   </div>
   <div class='ocr_carea' id='block_1_120' title="bbox 2450 5567 4024 5632">
    <p class='ocr_par' dir='ltr' id='par_1_120' title="bbox 2450 5567 4024 5632">
     <span class='ocr_line' id='line_1_120' title="bbox 2450 5567 4024 5632; baseline -0.006 -9"><span class='ocrx_word' id='word_1_924' title='bbox 2450 5576 2692 5624; x_wconf 82' lang='lat' dir='ltr'><strong>claudere.</strong></span> <span class='ocrx_word' id='word_1_925' title='bbox 2709 5571 2886 5618; x_wconf 77' lang='lat' dir='ltr'><strong>Verum</strong></span> <span class='ocrx_word' id='word_1_926' title='bbox 2908 5573 3006 5618; x_wconf 53' lang='lat' dir='ltr'><strong>haec</strong></span> <span class='ocrx_word' id='word_1_927' title='bbox 3026 5585 3115 5618; x_wconf 90' lang='lat' dir='ltr'><strong>non</strong></span> <span class='ocrx_word' id='word_1_928' title='bbox 3135 5573 3327 5632; x_wconf 64' lang='lat' dir='ltr'><strong>reiserio</strong></span> <span class='ocrx_word' id='word_1_929' title='bbox 3352 5573 3395 5618; x_wconf 90' lang='lat' dir='ltr'><strong>in</strong></span> <span class='ocrx_word' id='word_1_930' title='bbox 3423 5569 3578 5617; x_wconf 78' lang='lat' dir='ltr'><strong>uibliis</strong></span> <span class='ocrx_word' id='word_1_931' title='bbox 3596 5575 3720 5632; x_wconf 50' lang='lat' dir='ltr'><strong>axx.</strong></span> <span class='ocrx_word' id='word_1_932' title='bbox 3737 5567 3830 5632; x_wconf 74' lang='lat' dir='ltr'><strong>sed</strong></span> <span class='ocrx_word' id='word_1_933' title='bbox 3848 5581 4024 5632; x_wconf 74' lang='lat' dir='ltr'><strong>magna</strong></span> 
     </span>
    </p>
   </div>
   <div class='ocr_carea' id='block_1_121' title="bbox 2449 5629 4025 5693">
    <p class='ocr_par' dir='ltr' id='par_1_121' title="bbox 2449 5629 4025 5693">
     <span class='ocr_line' id='line_1_121' title="bbox 2449 5629 4025 5693; baseline -0.005 -8"><span class='ocrx_word' id='word_1_934' title='bbox 2449 5639 2560 5686; x_wconf 86' lang='lat' dir='ltr'><strong>olim</strong></span> <span class='ocrx_word' id='word_1_935' title='bbox 2586 5642 2690 5682; x_wconf 85' lang='lat' dir='ltr'><strong>erat</strong></span> <span class='ocrx_word' id='word_1_936' title='bbox 2723 5633 3066 5693; x_wconf 75' lang='lat' dir='ltr'><strong>exeinplat&#39;ium</strong></span> <span class='ocrx_word' id='word_1_937' title='bbox 3093 5629 3313 5693; x_wconf 69' lang='lat' dir='ltr'><strong>varicus,</strong></span> <span class='ocrx_word' id='word_1_938' title='bbox 3356 5640 3408 5680; x_wconf 89' lang='lat' dir='ltr'><strong>ut</strong></span> <span class='ocrx_word' id='word_1_939' title='bbox 3448 5634 3494 5680; x_wconf 88' lang='lat' dir='ltr'><strong>iu</strong></span> <span class='ocrx_word' id='word_1_940' title='bbox 3518 5629 3913 5679; x_wconf 64' lang='lat' dir='ltr'><strong>I’rwlitttiuaribus</strong></span> <span class='ocrx_word' id='word_1_941' title='bbox 3960 5631 4025 5677; x_wconf 79' lang='lat' dir='ltr'><strong>ad</strong></span> 
     </span>
    </p>
   </div>
   <div class='ocr_carea' id='block_1_122' title="bbox 2451 5695 3135 5759">
    <p class='ocr_par' dir='ltr' id='par_1_122' title="bbox 2451 5695 3135 5759">
     <span class='ocr_line' id='line_1_122' title="bbox 2451 5695 3135 5759; baseline -0.007 -12"><span class='ocrx_word' id='word_1_942' title='bbox 2451 5699 2659 5759; x_wconf 65' lang='lat' dir='ltr'><strong>tteaapla</strong></span> <span class='ocrx_word' id='word_1_943' title='bbox 2683 5695 2894 5756; x_wconf 80' lang='lat' dir='ltr'><strong>alibique</strong></span> <span class='ocrx_word' id='word_1_944' title='bbox 2917 5695 3135 5742; x_wconf 75' lang='lat' dir='ltr'><strong>diximus.</strong></span> 
     </span>
    </p>
   </div>
  </div>
